4058 6414
511 334 574 400 11
1982 335 2320 398 NOTITIA.
3716 339 3784 405 12

682 444 916 512 Epistola
949 446 1018 502 de
1070 445 1411 516 professione
1446 446 1567 500 ﬂllci
1627 445 1694 500 ad
1749 424 2012 500 tenuem
2033 443 2176 506 XXI,
2211 459 2429 514 papam.
2476 442 2666 498 Latine
2698 445 2840 515 apud
2875 444 3133 502 Allatium
3177 443 3254 501 De
3277 461 3552 514 consensu,
3592 449 3688 504 lib.
3718 465 3782 508 ιι.

501 549 624 606 cap.
669 535 755 597 15,
795 535 822 605 §
867 537 919 598 5,
955 551 1075 606 pag.
1106 534 1360 590 716-752.
1392 535 1586 604 Incipit
1615 552 1629 590 :
1674 533 1938 604 Principis
1990 532 2113 588 boni
2159 531 2412 599 optimum
2441 547 2552 587 esse
2591 531 2769 601 ﬁnem.
2797 532 2958 606 [Add.
2989 533 3150 599 infra,
3185 537 3296 589 vol.
3323 536 3416 600 XI,
3452 551 3504 606 p.
3537 536 3664 602 613,
3691 539 3781 593 ω.

503 633 616 678 vet.
652 622 852 693 "AKLI

573 738 628 792 5.
658 739 960 806 qutelwtm
991 740 1105 793 sive
1135 737 1420 809 Synodalis
1445 738 1700 792 sententia
1721 752 1773 791 a.
1809 733 1970 797 1280,
2000 734 2068 790 de
2095 735 2231 799 loco
2254 733 2506 805 Gregorii
2531 734 2764 806 Nysseni
2789 735 2911 801 (pro
2951 735 3192 806 Spiritus
3221 737 3398 792 sancti
3430 751 3789 807 processtone

501 840 563 877 ex
594 825 752 878 Patre
777 837 827 878 et
862 825 1038 895 Filio).
1071 829 1233 895 petita
1265 842 1331 880 ex
1360 827 1478 890 ejus
1513 827 1734 880 homilia
1771 826 1824 879 in
1857 823 2021 877 Pater
2058 839 2103 877 nt

2179 843 2256 888 er,
2279 841 2402 894 qua:
2455 825 2647 894 incipit
2678 841 2693 878 :
2728 825 2860 878 Ὅτε
2886 828 3166 897 προσῆγεν
3233 830 3261 881 6
3316 827 3496 896 μέγας
3550 827 3781 896 Μωσῆς·

502 911 760 966 Grtecert
788 912 978 966 Latine
1028 926 1163 968 tom.
1193 914 1209 968 Ι
1237 913 1460 968 Gracia:
1483 913 1811 975 orthodoxa,
1850 928 1972 983 pag.
2021 913 2104 966 561

2201 913 2287 967 74.
2371 911 2548 983 Hujus
2583 913 2972 983 σημειώματος
3026 915 3242 969 initium
3276 931 3290 969 :
3318 915 3428 968 Καὶ
3458 913 3582 984 θρὶξ
3612 914 3801 987 ὲμπεοπ

422 1060 429 1066 _
502 1000 670 1050 σοῦσα
704 999 780 1070 τῷ
818 1000 1103 1070 ὀφθαλμῷ.
1143 1000 1356 1072 (Fabr.)
1399 1001 1603 1064 Paris.,
1633 1003 1686 1054 in
1744 1001 1878 1056 bibl.
1903 1001 2054 1069 publ.
2113 1002 2236 1057 cod.
2269 1000 2452 1069 1258,"
2492 1018 2550 1056 n.
2580 1003 2635 1057 3.
2672 1002 2827 1058 Becci
2863 1003 3068 1059 scholia
3103 1006 3210 1058 tria
3240 1005 3296 1058 in
3343 1004 3563 1058 totidem
3593 996 3790 1056 Basilii

500 1085 580 1142 Μ.
617 1086 856 1158 Gregorii
888 1085 1115 1158 Νέμεεηὶ
1149 1099 1198 1144 et
1239 1087 1825 1158 CyrilliAletcandrini.
1861 1086 2083 1160 (ΗΑιιι.)

502 1247 520 1262 ,
570 1202 624 1254 6.
655 1202 926 1270 Ameriam.
989 1204 1375 1256 Testamentum
1409 1203 1477 1256 ab
1510 1201 1698 1257 exsule
1729 1202 2021 1272 scriptum.
2071 1200 2259 1256 Graece
2305 1209 2362 1257 et
2407 1201 2600 1260 Latine
2630 1203 2806 1259 tom.I
2835 1203 3056 1262 Graecia:
3081 1204 3422 1260 .orthodoste
3445 1219 3498 1275 p.
3527 1202 3792 1272 575-578.

498 1299 552 1342 et
583 1290 676 1341 lib.
707 1289 751 1342 ll
797 1289 876 1342 De
905 1305 1185 1356 consensu,
1222 1305 1343 1358 cap.
1374 1291 1461 1354 15,
1495 1289 1522 1361 §
1551 1289 1604 1353 8,
1633 1306 1684 1357 p.
1721 1289 1848 1344 763.
1905 1289 2100 1359 Incipit

2187 1289 2369 1344 Πολλοὶ
2403 1291 2514 1344 τῶν
2572 1291 2880 1364 ἀνθρώπων
2928 1294 2986 1346 ὲν
3041 1292 3283 1364 ιξορίαις
3337 1293 3433 1347 καὶ
3492 1291 3789 1361 φυλακαῖς.

499 1375 688 1430 Exstat
723 1377 889 1430 etiam
949 1378 1000 1430 in
1065 1380 1206 1431 notis
1241 1377 1618 1434 PetriPossini
1651 1379 1713 1432 ad
1749 1377 2138 1448 Pachymerem
2176 1387 2308 1434 tom.
2349 1377 2391 1444 I,
2417 1396 2470 1450 p.
2503 1379 2601 1434 5H
2644 1395 2727 1451 sq.
2763 1378 2976 1452 (Fam)
3041 1380 3155 1436 MS.
3197 1381 3488 1438 Florentiae
3550 1382 3603 1436 in
3654 1380 3790 1436 bibl-

500 1461 764 1517 Laurent.
797 1465 918 1517 cod.
953 1465 1044 1528 5|,
1081 1481 1134 1518 ιι.
1181 1465 1232 1531 4,
1265 1465 1401 1531 plut.
1437 1466 1486 1519 7.
1524 1464 1578 1519 V.
1615 1458 2039 1520 Bandin.C:ital.
2084 1467 2244 1524 codd.
2277 1467 2374 1523 Gr.
2410 1469 2578 1524 Laur.
2608 1468 2650 1534 I,
2679 1485 2734 1539 p.
2771 1469 2898 1526 292.
2930 1470 3156 1541 (ΗΑιιι.)

571 1573 624 1625 7.
685 1573 768 1624 Ad
823 1571 1068 1625 Alexium
1125 1573 1489 1640 Agallianum,
1527 1573 1732 1643 Magnae
1790 1573 2038 1629 ecclesiae
2099 1575 2264 1630 CPol.
2326 1577 2642 1642 diaconum,
2701 1578 2780 1632 De
2807 1581 3138 1647 processiane
3178 1578 3411 1648 Spiritus
3449 1579 3510 1636 S.
3543 1581 3789 1649 epistola.

497 1660 726 1728 Incipit:
781 1660 922 1728 Ἐγὼ
953 1662 1051 1729 μὲν
1085 1661 1186 1712 οὐκ
1218 1660 1282 1713 ἄν
1316 1677 1446 1712 ποτε
1483 1660 1716 1714 ἀκοῦσαι
1747 1660 1934 1730 ᾠήθην
1987 1677 2099 1713 tota

1813 1661 1934 1730 ῖθην
1987 1661 2234 1716 τοιαῦτα.
2271 1663 2429 1718 Tom.
2473 1666 2491 1720 I
2545 1663 2766 1720 Grtecite
2819 1667 3028 1722 orthod.
3052 1683 3108 1737 p.
3136 1668 3262 1733 560,
3287 1667 3415 1725 365.

570 1772 622 1826 8.
669 1772 1096 1841 Ἐπισημείωσις
1122 1773 1231 1824 τῶν
1255 1772 1419 1825 αὑτοῦ
1450 1773 1680 1826 ἁπασῶν
1730 1772 1930 1844 βίϐλων
1964 1773 2059 1824 καὶ
2088 1789 2172 1841 γρε

2191 1771 2320 1840 ιφῶν
2359 1775 2704 1843 συμφωνίας,
2741 1773 2818 1828 De
2841 1776 3088 1828 omnibus
3117 1777 3229 1830 suis
3255 1777 3406 1831 libris
3453 1787 3502 1832 et
3542 1779 3793 1848 scriptio-

499 1877 624 1912 num
649 1876 868 1912 suarum
909 1863 1269 1924 consensione,
1313 1861 1704 1914 animadversio
1745 1861 1812 1914 ad
1863 1859 2214 1914 Tneudorum
2254 1860 2499 1932 Sugdane
2544 1865 2884 1932 episcopum.
2947 1864 3106 1917 Hunc
3131 1865 3279 1917 enim
3311 1865 3455 1918 malo
3482 1866 3790 1935 intelligere

499 1965 663 2018 quam
693 1949 1043 2002 Tilcodnllllll
1070 1948 1435 2017 Xipliilinum,
1469 1964 1726 2018 magnum
1768 1949 2014 2002 ecclesiae
2039 1962 2412 2012 moonomuni,
2435 1949 2523 2002 cui
2558 1949 2907 2018 promiserat,
2945 1963 3004 2003 se
3037 1950 3104 2004 de
3127 1951 3480 2019 dogmatibus
3513 1968 3620 2005 non
3651 1952 3795 2006 scri-

501 2048 725 2107 pturum
761 2053 939 2106 neque
1005 2038 1498 2103 contradicturum,
1557 2036 1820 2105 quidquid
1847 2036 1938 2088 alii
1968 2035 2103 2090 dicen

2186 2047 2236 2101 lt,
2305 2035 2381 2098 ὡς
2428 2035 2489 2088 οὑ
2512 2036 2736 2105 γράφοι,
2764 2036 2839 2099 ὡς
2873 2037 2976 2090 οὐκ
3013 2037 3257 2108 ἀντείποι
3291 2040 3420 2108 περὶ
3475 2037 3788 2107 δογμάτων,

499 2125 603 2178 κᾶν
633 2129 659 2180 ὅ
689 2144 741 2178 τι
778 2126 990 2193 λέγοιεν
1016 2125 1187 2189 ἄλλοι,
1214 2126 1357 2194 quod
1393 2125 1584 2178 deinde
1610 2140 1826 2178 servare
1856 2140 1963 2178 non
1994 2134 2101 2194 poti

2182 2132 2269 2188 ,ut
2299 2124 2460 2179 refert
2482 2123 2869 2195 Pacliymeres,
2896 2123 2990 2179 lib.
3021 2139 3095 2178 v1.
3122 2105 3318 2194 Incipit
3353 2105 3499 2179 {Kal
3521 2105 3619 2194 τήν
3651 2143 3784 2194 παρ

504 2215 673 2268 οὖσαν
715 2215 863 2278 δέξαι
898 2214 998 2282 τὴν
1029 2214 1231 2282 βίϐλον,
1287 2212 1441 2282 φίλον
1488 2229 1578 2284 μοι
1608 2212 1790 2284 ψυχῆς
1822 2212 2106 2284 ὲνδιαίτημ

2201 2211 2359 2281 κύριε
2411 2209 2676 2281 Θεόδωρε.
2711 2210 2870 2266 Tom.
2921 2211 2965 2266 II
3010 2210 3229 2267 Crescite
3280 2213 3609 2279 orthodoxae,
3662 2230 3789 2283 pag.

501 2303 651 2365 1-10,
685 2302 843 2356 ﬂuuii.
874 2303 1030 2356 16’39.
1064 2301 1118 2356 4.

569 2417 622 2471 9.
654 2417 787 2484 Περὶ
813 2413 1027 2475 ἀδικίας
1055 2407 1120 2484 ἧς
1146 2412 1376 2480 ὑπέστη,
1401 2410 1495 2463 τοῦ
1521 2410 1726 2464 οἰκείου
1764 2411 1957 2480 θρόνου
1985 2411 2171 2465 ἁπελα1

2184 2410 2298 2473 θείς.
2346 2409 2424 2464 De
2459 2409 2746 2477 iniustitia,
2780 2425 2886 2480 qua
2915 2409 3138 2478 aﬂ'ectus
3162 2418 3262 2477 est,
3294 2426 3327 2464 a
3351 2411 3568 2480 proprio
3592 2409 3786 2464 throno

497 2509 716 2576 cjectus.
752 2503 807 2558 Id
846 2519 966 2573 pag.
999 2502 1184 2555 11-56.
1235 2497 1404 2568 Incip.
1475 2500 1818 2571 Ἐσιώπησα,
1855 2501 1932 2570 μὴ
1963 2501 2057 2552 καί
2087 2517 2099 2552 ε

1095 2502 1184 2555 56.
1235 2497 1404 2568 Incip.
1475 2500 1818 2571 Ἐσιώπησα,
1855 2501 1932 2570 μὴ
1963 2501 2057 2552 καί
2087 2500 2256 2552 είσέτι
2302 2501 2692 2575 σιωπῇσωμαι.

573 2617 660 2670 10.
690 2616 860 2682 Λόγος
893 2611 1292 2681 ἁπολογητικὸς
1324 2613 1418 2662 καὶ
1452 2612 1862 2682 ἀντιρῤητικός,
1906 2610 2094 2664 Oratio
2134 2626 2175 2678 pl

2187 2609 2333 2662 trtim
2360 2607 2696 2678 apalogetica
2721 2607 2789 2662 de
2822 2607 3114 2676 injustitia,
3152 2623 3256 2676 qua
3287 2607 3512 2676 affectus
3538 2615 3636 2669 est,
3655 2623 3789 2675 par-

500 2709 593 2760 tim
625 2703 969 2757 antirrhetica
994 2703 1060 2752 ad
1088 2717 1279 2772 pravas
1307 2699 1659 2767 expositiones
1700 2698 2077 2751 nonnullarum
2118 2698 2315 2763 scripto
2351 2697 2678 2748 traditarum
2732 2695 3136 2750 auctariiatiim.
3184 2693 3262 2749 Id.
3285 2710 3411 2764 pag.
3463 2690 3654 2748 56-85.
3703 2694 3792 2747 In-

499 2797 668 2864 cipit:
707 2793 788 2844 Τὰ
822 2792 920 2860 μὲν
947 2788 1039 2842 οὖν
1073 2787 1157 2856 ἐφ’
1189 2784 1269 2850 οἷς
1305 2789 1508 2848 ἀδίκως
1543 2786 1637 2838 τοῦ
1695 2785 1899 2838 οίκείου
1938 2787 2098 2856 ἡμεῖς
2145 2786 2511 2856 ἁπηλὰῡημεν
2567 2785 2781 2855 θρόνου.

573 2906 661 2958 11.
733 2901 1048 2967 ’Λπολογία.
1085 2898 1372 2968 Apologia,
1406 2897 1555 2951 nulla
1590 2897 1744 2950 modo
1793 2905 2005 2950 nostras
2055 2897 2458 2951 consuetudines
2511 2898 2733 2963 destrui,
2768 2898 2818 2951 si
2860 2895 3222 2953 Ecclesiarum
3280 2898 3527 2951 unionem
3547 2908 3795 2965 accepta-

501 3011 642 3058 mus,
669 2991 760 3044 sed
791 2992 859 3042 ad
882 2985 1272 3040 conciliandam
1301 2988 1356 3039 in
1376 2986 1587 3041 Christo
1611 3000 1792 3055 pacem
1826 2983 2050 3037 multum
2066 2985 2374 3048 conducere,
2403 2985 2543 3056 quod
2567 2987 2701 3039 inter
2717 3003 2772 3040 se
2789 2987 2845 3039 in
2872 2989 3152 3041 asserenda
3183 2991 3432 3058 dogmate
3447 2985 3784 3040 conveniunt.

502 3085 721 3154 ld.pag.
757 3080 936 3135 81-94.
977 3077 1172 3146 Incipit
1199 3095 1213 3132 :
1246 3080 1510 3148 Πρόσεχε,
1541 3073 1762 3146 οὐρανὲ,
1801 3075 1895 3127 καὶ
1929 3073 2102 3145 λαλήσ

2095 3091 2170 3128 τω.
2213 3072 2294 3146 [In
2315 3075 2445 3128 bibl.
2472 3075 2680 3129 Bodlei.
2713 3075 2878 3130 codd.
2909 3073 3132 3130 Borocc.
3171 3074 3231 3128 71
3263 3083 3321 3128 et
3347 3073 3471 3128 111.
3500 3071 3697 3145 Hann]

578 3197 666 3252 12.
703 3195 822 3248 Τῶν
844 3193 980 3260 πρὸς
1017 3192 1108 3245 τὸν
1139 3189 1440 3257 Σουγδαίας
1473 3189 1748 3260 Θεόδωρον
1787 3189 1861 3253 α’,
1907 3187 1974 3259 β’,
2011 3193 2081 3256 γ’,
2140 3187 2180 3242 Α

2193 3187 2222 3240 d
2262 3186 2617 3252 Theodorum,
2657 3205 2809 3257 quem
2840 3190 2952 3257 ipse
2991 3187 3238 3260 Sugdazw
3285 3189 3590 3257 episcopum
3646 3189 3795 3242 ordi-

504 3295 744 3349 naverat,
779 3283 902 3336 libri
939 3279 1058 3344 III,
1091 3281 1168 3335 De
1217 3281 1550 3348 pracessione
1580 3277 1815 3348 Spiritus
1841 3278 2012 3332 sancti
2041 3291 2108 3331 ea:
2135 3273 2301 3330 Patre
2341 3285 2389 3330 et
2423 3273 2590 3331 Filia.
2639 3275 2806 3328 Primi
2843 3277 3062 3330 initium
3105 3294 3118 3330 :
3164 3275 3385 3346 Ἐπειδὴ
3425 3279 3518 3330 τὸν
3547 3279 3789 3344 εὐαγγε-

501 3377 654 3432 sum
681 3373 865 3441 ζυγόν,
900 3372 972 3425 id.
1004 3386 1056 3440 p.
1083 3370 1172 3424 95.
1205 3367 1441 3423 Secundi
1472 3384 1487 3422 :
1525 3367 1596 3420 Σὺ
1633 3372 1754 3438 μὲν,
1782 3365 2037 3436 ἁγαπητὲ
2067 3366 2101 3418 ἁ

2185 3363 2286 3430 .φέ,
2318 3378 2442 3432 pag~
2483 3363 2609 3416 117.
2649 3363 2839 3429 Tertii,
2878 3381 2988 3433 quo
3020 3362 3248 3418 Pbotius
3278 3363 3559 3433 speciatim
3605 3379 3787 3432 oppu-

503 3475 704 3537 gnatur
741 3484 754 3518 :
823 3460 992 3514 Πάλιν
1025 3475 1118 3512 σου
1145 3457 1214 3510 τὰ
1243 3457 1550 3526 γράμματα
1581 3457 1717 3524 πρὸς
1761 3457 1931 3526 ἡμᾶς,
1969 3468 2094 3524 pag.

2189 3451 2388 3506 5-148.
2443 3451 2554 3506 IIos
2587 3451 2759 3506 libros
2788 3467 2855 3507 ex
2893 3451 3081 3506 Allatii
3137 3452 3393 3506 versiOue
3453 3449 3791 3508 Bartlioldus

504 3554 769 3608 Niliusius
819 3547 1102 3616 Subjunxit
1128 3543 1320 3598 Latine
1342 3543 1594 3612 epistola;
1630 3542 1876 3610 ejusdem
1909 3540 2091 3594 Allatii
2117 3539 2185 3594 ad
2227 3539 2655 3611 Baineburgium
2681 3540 2750 3594 de
2775 3542 3145 3596 consensione
3187 3542 3475 3607 utriusque
3509 3540 3789 3607 Ecclesiae,

499 3644 746 3712 Mogunt.
779 3636 938 3700 1655,
958 3635 1011 3688 8.
1045 3633 1288 3689 Tertium
1313 3629 1504 3686 Graece
1526 3638 1582 3687 et
1609 3630 1804 3688 Latine
1839 3630 2066 3687 dederat
2102 3629 2336 3683 Allatius
2385 3627 2503 3697 ipse
2562 3627 2630 3681 ad
2678 3627 2884 3682 calcem
2923 3629 3048 3684 libri
3083 3628 3159 3686 De
3211 3628 3534 3699 purgatorio
3572 3643 3626 3698 p.
3658 3627 3790 3682 827--

501 3734 626 3786 85‘5.
656 3729 814 3784 Ιὶυιιι.
843 3725 1000 3793 1652,
1035 3724 1090 3780 8.

579 3849 663 3902 15.
717 3843 838 3896 Τῶν
873 3840 1010 3908 πρὸς
1041 3837 1457 3890 Κωνσταντῖνον
1489 3833 1558 3900 α’,
1601 3833 1669 3906 β’,
1704 3841 1777 3905 γ’,
1803 3833 1867 3888 δ’.
1924 3832 2010 3888 Ad
2037 3831 2181 3887 Cons.

2189 3828 2444 3884 tantinum
2491 3829 2926 3901 (Meliteniotam,
2973 3831 3041 3886 de
3077 3848 3187 3902 quo
3213 3834 3324 3889 dixi
3357 3837 3564 3892 volum.
3612 3833 3703 3899 IX,
3733 3851 3791 3904 p.

505 3938 628 3991 198.
659 3962 725 3975 --
753 3932 871 3985 Vol.
908 3928 975 3989 Χ,
1003 3943 1055 3996 ρ.
1085 3926 1210 3987 490.
1238 3935 1354 3978 ιιοι.
1385 3941 1438 3980 n.
1473 3941 1596 3979 nov.
1640 3923 1799 3995 edit.)
1829 3923 1954 3976 libri
1988 3921 2071 3975 IV

2207 3920 2396 3973 eodem
2432 3928 2777 3988 argumento.
2826 3918 2996 3974 Primi
3031 3920 3248 3976 initium
3289 3942 3304 3978 :
3339 3925 3532 3979 Φθὰνω
3565 3925 3668 3993 μὲν
3696 3927 3790 3976 τό.-

507 4023 602 4086 ξας
633 4020 728 4074 καὶ
759 4013 871 4071 οἷον
917 4012 1326 4083 διορισάμενος,
1364 4025 1416 4077 ρ.
1463 4009 1579 4064 149.
1638 4007 1876 4064 Secundi
1933 4023 1946 4058 :
1991 4004 2127 4059 Οὐδὲ
2177 4007 2279 4077 τὴν
2335 4007 2597 4080 δευτέραν
2636 4010 2736 4078 σὴν
2791 4009 3197 4081 ἀποπέμπομεν
3226 4011 3467 4081 αἴτησιν,
3498 4027 3621 4081 pag.
3659 4009 3787 4064 169.

507 4109 726 4165 'I‘crlti:
778 4107 906 4166 Ναὶ,
962 4100 1073 4163 ναὶ,
1107 4099 1178 4150 τὰ
1233 4097 1623 4168 ἐπηγγελμένα
1703 4111 1811 4160 σοι,
1850 4109 1918 4164 ip.
1967 4093 2095 4148 287.

2188 4099 2341 4156 [uarii
2388 4115 2402 4151 :
2451 4098 2677 4166 ’Δπορεϊ
2739 4099 2835 4150 καὶ
2908 4097 3092 4162 πάλιν,
3176 4099 3271 4152 καὶ
3318 4103 3420 4154 οὐκ
3473 4099 3790 4170 ἀποροῦμεν

510 4202 696 4271 ἡμεῖς,
735 4213 787 4267 ρ.
821 4195 990 4250 202-2
1007 4191 1090 4245 I1.

579 4311 666 4364 14.
705 4308 794 4370 Εἰς
825 4306 915 4358 τὸν
943 4305 1110 4375 τόμον
1144 4301 1240 4354 τοῦ
1289 4297 1540 4367 Κυπρίου
1578 4295 1722 4349 κατὰ
1763 4293 1875 4347 τῶν
1925 4293 2205 4362 νεοφανῶν
2253 4294 2522 4365 αἱρέσεων
2577 4293 3079 4364 αὑτοσχεδιασθεὶς,
3109 4294 3266 4366 λόγος
3288 4303 3359 4365 α’,
3405 4295 3472 4368 β’.
3499 4296 3564 4351 1η
3585 4307 3788 4351 tantum

509 4400 726 4469 Georgii
758 4394 936 4465 Cyprii
959 4393 1293 4447 Patriarcbze
1343 4387 1507 4443 CPol.
1549 4386 1818 4455 Spiritum
1857 4391 2034 4438 sanet.
2058 4398 2088 4436 e
2110 4381 2272 4437 Patre
2305 4399 2402 4453 per
2435 4383 2629 4436 Filium
2662 4385 2958 4452 procedere
2978 4385 3250 4452 negantis,
3281 4397 3329 4439 et
3363 4402 3522 4440 novas
3553 4387 3792 4454 ejusdem

506 4491 751 4550 harreses,
801 4484 925 4537 libri
995 4483 1101 4535 duo
1159 4477 1540 4544 extemporales
1586 4474 1655 4528 ad
1695 4472 2048 4527 Theodorum
2095 4471 2341 4542 Sugdzetn
2389 4474 2732 4542 episcopum,
2773 4487 2935 4542 quem
2983 4473 3281 4543 alloquitur
3313 4491 3366 4544 p.
3407 4476 3559 4529 252:
3611 4478 3683 4528 Σὺ
3706 4477 3787 4540 δὲ,

507 4582 701 4650 γνήσιε
736 4561 837 4639 ut},
865 4573 1087 4642 φίλτατέ
1115 4589 1206 4642 μοι
1233 4570 1500 4637 Θεόδωρε.
1533 4566 1704 4620 Primi
1753 4566 1970 4619 initium
2005 4584 2017 4619 :
2055 4565 2109 4615 Ἐ

2183 4560 2322 4613 ελλεν
2351 4559 2458 4628 ἄρα
2502 4558 2703 4622 πολλὰς
2751 4559 2894 4612 κατὰ
2929 4562 3146 4629 καιρόν,
3195 4577 3318 4631 pag.
3343 4561 3468 4618 2I5.
3507 4563 3785 4617 Secundi:

509 4647 774 4738 Δεῦτερο,
806 4666 940 4734 ἡμῖν
969 4659 1124 4725 οὗτος
1154 4663 1182 4713 ὀ
1212 4662 1353 4713 κατὰ
1383 4657 1476 4710 τοῦ
1501 4656 1759 4724 Κυπρίου
1804 4653 1978 4723 ἀγών,
2008 4669 2108 4722 pag

2246 4647 2432 4702 2-286.
2467 4647 2642 4713 Λόγον
2681 4652 2899 4701 tertium
2927 4659 3116 4702 eontra
3145 4647 3407 4719 Cyprium
3443 4651 3581 4704 citat
3617 4650 3793 4704 Nico-
3845 4695 3848 4699 .

511 4761 630 4811 laus
661 4736 991 4817 Comnenus,
1017 4767 1070 4821 p.
1100 4749 1204 4804 556
1227 4746 1469 4801 Prwnot.
1498 4743 1844 4812 mystagogic.
1871 4754 1926 4795 et
1957 4743 2113 4794 tertiu

2211 4740 2378 4793 suum’
2437 4738 2547 4789 τῶν
2582 4736 2676 4789 τοῦ
2713 4737 2966 4806 Κυπρίου
2998 4737 3263 4808 αἱρέσεων
3318 4738 3542 4808 ἔλεγχον
3577 4755 3794 4794 memo-

509 4855 596 4899 rat
618 4843 828 4898 Veccus
853 4841 968 4910 ipse
1009 4841 1061 4892 in
1093 4832 1580 4890 Animadversione
1599 4831 1667 4884 de
1701 4829 1854 4883 libris
1873 4828 2011 4892 suis,
2052 4837 2182 4881 tum.
2219 4828 2264 4882 Il
2297 4825 2518 4880 ereite
2557 4824 2769 4878 orthod.
2801 4842 2924 4895 pag.
2956 4825 3007 4880 7.

585 4954 672 5009 15.
719 4951 1126 5023 Ἀντιρῤητικά.
1160 4947 1524 5016 Ilefutationes
1547 4945 1800 4997 adversus
1839 4940 1904 4996 υ.
1929 4942 2187 4995 Andram’t

2193 4942 2224 4994 :i
2265 4939 2543 4996 Comateri
2569 4939 2672 4994 sub
2713 4939 2963 4994 Manuele
3004 4940 3288 4997 Comneno
3351 4942 3562 5011 pridem
3615 4941 3795 4997 Drnn-

513 5044 650 5116 garii
681 5040 844 5113 ligla:
880 5041 993 5095 sive
1017 5039 1254 5108 praefecti
1277 5036 1502 5105 vigilum
1541 5033 1628 5102 (de
1656 5046 1767 5100 quo
1792 5045 1957 5099 supra
1986 5031 2038 5082 in
2073 5045 2194 5100 cap.
2227 5030 2469 5084 anteeed.
2509 5027 2536 5099 ᾗ
2579 5030 2630 5097 7)
2678 5045 2836 5098 super
2860 5032 3072 5098 {scripto
3111 5031 3327 5084 traditis
3374 5031 3692 5084 testimoniis
3727 5033 3794 5087 de

513 5131 722 5201 Spiritu
754 5139 935 5184 sancto
961 5127 1464 5181 animadversiones.
1496 5119 1690 5189 Incipit
1723 5137 1736 5174 :
1769 5119 2102 5189 Βουλόμενος

2193 5121 2294 5191 μᾶς
2346 5119 2444 5190 τὴν
2492 5117 2953 5188 ὲκκλησιαστικὴν
3001 5119 3228 5189 εἰρήνην
3275 5121 3362 5174 ἀεὶ
3389 5122 3654 5190 προάγειν
3695 5125 3795 5177 ἐπὶ

511 5224 573 5276 τὸ
597 5219 963 5293 βεὸαιότερον,
986 5233 1055 5288 μς
1071 5213 1332 5270 287-521.

586 5331 676 5385 16.
718 5325 1074 5398 Ἐπιγραφαί.
1106 5318 1429 5391 Epigrapha:
1457 5319 1572 5374 sive
1617 5320 2043 5390 prescriptiones
2091 5318 2261 5382 XIII,
2297 5321 2352 5373 in
2389 5319 2536 5372 dicta
2571 5335 2632 5371 ac
2679 5318 2964 5372 sententias
3031 5330 3340 5376 sanctorum
3396 5320 3623 5376 Patrum
3667 5339 3698 5376 a
3736 5341 3794 5377 se

513 5422 759 5476 collectas
782 5418 844 5471 de
873 5414 1198 5486 processione
1231 5409 1465 5477 Spiritus
1490 5411 1682 5462 sancti.
1720 5411 1890 5478 Incip.
1939 5409 2115 5482 Ῥήσει

2203 5410 2450 5477 διάφοροι
2485 5410 2762 5478 γραφικαὶ
2808 5407 3156 5475 συλλεγεῖσαι
3205 5413 3286 5475 είς
3343 5411 3622 5475 ἀπόδειξιν
3687 5411 3788 5466 τοῦ

514 5510 653 5566 εἶναι
683 5509 745 5562 τὸ
781 5505 1007 5574 Πνεῦμα
1031 5505 1123 5553 καὶ
1150 5503 1214 5552 ἐκ
1244 5497 1338 5550 τοῦ
1366 5497 1516 5563 Υίοῦ,
1553 5514 1674 5568 pag.
1723 5498 1982 5553 522-611.
2029 5497 2109 5552 Ila

2188 5498 2515 5566 epigraphas
2551 5495 2739 5550 Grtece
2776 5506 2830 5549 et
2877 5495 3070 5550 Latine
3094 5500 3339 5553 ediderat
3362 5499 3558 5554 Petrus
3612 5500 3789 5555 Arcu-

513 5603 660 5661 dius,
687 5593 1032 5664 Corcyra-us,
1062 5591 1114 5642 in
1149 5587 1436 5656 Opusmlis
1470 5591 1676 5649 aureis,
1725 5587 1885 5641 Itoni.
1928 5587 2087 5649 1650,
2116 5588 2189 5653 4;
2228 5585 2383 5647 1671,
2408 5586 2442 5639 4
2485 5586 2581 5656 [aL
2616 5584 2805 5655 1670],
2835 5601 2941 5638 una
2995 5602 3120 5639 cum
3188 5588 3409 5657 scriptis
3458 5589 3791 5657 quibusdam

514 5686 764 5756 (li-egeri
787 5683 1022 5736 Palatini:
1045 5688 1097 5731 et
1127 5680 1390 5730 adversus
1433 5676 1707 5730 l’alamam
1739 5677 2103 5741 llessarionis,
2138 5690 2237 5729 nec
2284 5691 2388 5727 non
2431 5673 2689 5726 Demetrii
2722 5673 2980 5742 Cydonii,
3003 5686 3057 5729 et
3086 5676 3305 5729 Maximi
3356 5676 3635 5732 Planudaa.
3674 5677 3790 5732 Ila-

517 5782 712 5833 bentur
736 5783 790 5826 et.
822 5783 950 5822 n.ss.
982 5767 1035 5819 in
1055 5765 1184 5818 bibl.
1211 5765 1476 5819 Caesarea.
1512 5763 1640 5819 Vide
1674 5764 2026 5819 Lambeciutn
2075 5765 2134 5829 V,
2176 5780 2300 5835 pag.
2340 5764 2462 5818 186.
2494 5765 2695 5835 (nam)
2730 5762 2855 5817 Sive
2899 5778 2950 5823 ρ.
3011 5763 3114 5818 517
3171 5780 3291 5824 sou.
3325 5767 3414 5821 ed.
3465 5767 3674 5823 Kollar.
3731 5769 3790 5823 in
