  <div class='ocr_page' id='page_1' title='image "/cluster/home/n/w/nwhite01/storage/ocr_20150623/141/coo.31924054870468/014.png"; bbox 0 0 2029 3209; ppageno 0'>
   <div class='ocr_carea' id='block_1_1' title="bbox 133 140 934 199">
    <p class='ocr_par' dir='ltr' id='par_1_1' title="bbox 133 140 934 196">
     <span class='ocr_line' id='line_1_1' title="bbox 133 140 934 196; baseline 0 0"><span class='ocrx_word' id='word_1_1' title='bbox 133 164 185 196; x_wconf 75' lang='lat'><strong>.13</strong></span> <span class='ocrx_word' id='word_1_2' title='bbox 728 140 732 143; x_wconf 57' lang='grc'><em>’</em></span> <span class='ocrx_word' id='word_1_3' title='bbox 876 164 934 196; x_wconf 87' lang='lat' dir='ltr'><strong>NO’</strong></span> 
     </span>
    </p>
   </div>
   <div class='ocr_carea' id='block_1_2' title="bbox 986 140 1787 199">
    <p class='ocr_par' dir='ltr' id='par_1_2' title="bbox 986 164 1787 199">
     <span class='ocr_line' id='line_1_2' title="bbox 986 164 1787 199; baseline 0.004 -3"><span class='ocrx_word' id='word_1_4' title='bbox 986 164 1044 197; x_wconf 82' lang='lat' dir='ltr'><strong>‘IA.</strong></span> <span class='ocrx_word' id='word_1_5' title='bbox 1754 164 1787 199; x_wconf 71' lang='grc'><strong>11</strong></span> 
     </span>
    </p>
   </div>
   <div class='ocr_carea' id='block_1_3' title="bbox 149 215 950 259">
    <p class='ocr_par' dir='ltr' id='par_1_3' title="bbox 149 215 950 254">
     <span class='ocr_line' id='line_1_3' title="bbox 149 215 950 254; baseline 0 -7"><span class='ocrx_word' id='word_1_6' title='bbox 149 220 212 248; x_wconf 81' lang='lat' dir='ltr'><strong>cod.</strong></span> <span class='ocrx_word' id='word_1_7' title='bbox 228 219 290 251; x_wconf 80' lang='grc'><strong>150,</strong></span> <span class='ocrx_word' id='word_1_8' title='bbox 305 226 334 246; x_wconf 87' lang='grc' dir='ltr'>ιι.</span> <span class='ocrx_word' id='word_1_9' title='bbox 351 216 394 246; x_wconf 66' lang='grc'><strong>14.</strong></span> <span class='ocrx_word' id='word_1_10' title='bbox 406 233 440 239; x_wconf 95' lang='grc'><strong>-</strong></span> <span class='ocrx_word' id='word_1_11' title='bbox 454 215 485 246; x_wconf 90' lang='lat' dir='ltr'><strong>lt.</strong></span> <span class='ocrx_word' id='word_1_12' title='bbox 506 217 571 246; x_wconf 92' lang='lat' dir='ltr'><strong>ibid.</strong></span> <span class='ocrx_word' id='word_1_13' title='bbox 584 226 610 252; x_wconf 92' lang='lat' dir='ltr'><strong>p.</strong></span> <span class='ocrx_word' id='word_1_14' title='bbox 628 218 680 246; x_wconf 78' lang='lat'><strong>590</strong></span> <span class='ocrx_word' id='word_1_15' title='bbox 690 227 749 254; x_wconf 87' lang='lat' dir='ltr'><strong>sqq.</strong></span> <span class='ocrx_word' id='word_1_16' title='bbox 766 219 793 246; x_wconf 88' lang='lat' dir='ltr'><strong>in</strong></span> <span class='ocrx_word' id='word_1_17' title='bbox 814 220 875 247; x_wconf 89' lang='lat' dir='ltr'><strong>cod.</strong></span> <span class='ocrx_word' id='word_1_18' title='bbox 891 220 950 247; x_wconf 65' lang='grc'>262</span> 
     </span>
    </p>
   </div>
   <div class='ocr_carea' id='block_1_4' title="bbox 985 215 1786 259">
    <p class='ocr_par' dir='ltr' id='par_1_4' title="bbox 985 223 1786 259">
     <span class='ocr_line' id='line_1_4' title="bbox 985 223 1786 259; baseline 0.002 -9"><span class='ocrx_word' id='word_1_19' title='bbox 985 237 1002 242; x_wconf 90' lang='grc'><strong><em>-</em></strong></span> <span class='ocrx_word' id='word_1_20' title='bbox 1015 223 1136 251; x_wconf 86' lang='lat' dir='ltr'><strong>Vcnctiis</strong></span> <span class='ocrx_word' id='word_1_21' title='bbox 1157 223 1183 251; x_wconf 87' lang='lat' dir='ltr'><strong>in</strong></span> <span class='ocrx_word' id='word_1_22' title='bbox 1202 224 1263 252; x_wconf 93' lang='lat' dir='ltr'><strong>cod.</strong></span> <span class='ocrx_word' id='word_1_23' title='bbox 1284 223 1410 252; x_wconf 85' lang='lat' dir='ltr'><strong>Naniano</strong></span> <span class='ocrx_word' id='word_1_24' title='bbox 1436 223 1499 254; x_wconf 74' lang='lat'><strong>503.</strong></span> <span class='ocrx_word' id='word_1_25' title='bbox 1514 232 1542 251; x_wconf 90' lang='grc' dir='ltr'>ιι.</span> <span class='ocrx_word' id='word_1_26' title='bbox 1562 224 1597 251; x_wconf 76' lang='grc'><strong>13</strong></span> <span class='ocrx_word' id='word_1_27' title='bbox 1621 223 1786 259; x_wconf 75' lang='grc' dir='ltr'><strong>Κεφάλαια·</strong></span> 
     </span>
    </p>
   </div>
   <div class='ocr_carea' id='block_1_5' title="bbox 149 261 1788 303">
    <p class='ocr_par' dir='ltr' id='par_1_5' title="bbox 149 261 1788 303">
     <span class='ocr_line' id='line_1_5' title="bbox 149 261 1788 303; baseline 0.002 -11"><span class='ocrx_word' id='word_1_28' title='bbox 149 262 181 292; x_wconf 74' lang='grc' dir='ltr'><strong>οὖ</strong></span> <span class='ocrx_word' id='word_1_29' title='bbox 194 265 211 299; x_wconf 80' lang='grc' dir='ltr'><strong>ἡ</strong></span> <span class='ocrx_word' id='word_1_30' title='bbox 224 263 378 299; x_wconf 67' lang='grc' dir='ltr'><strong>ὶπιγραφή,</strong></span> <span class='ocrx_word' id='word_1_31' title='bbox 389 267 445 290; x_wconf 89' lang='lat' dir='ltr'><strong>etc.</strong></span> <span class='ocrx_word' id='word_1_32' title='bbox 461 264 552 297; x_wconf 77' lang='lat' dir='ltr'><strong>Atque</strong></span> <span class='ocrx_word' id='word_1_33' title='bbox 568 261 776 297; x_wconf 75' lang='lat' dir='ltr'><strong>(Mitigarellius)</strong></span> <span class='ocrx_word' id='word_1_34' title='bbox 789 263 816 289; x_wconf 88' lang='lat' dir='ltr'><strong>iIt</strong></span> <span class='ocrx_word' id='word_1_35' title='bbox 829 264 888 290; x_wconf 84' lang='lat' dir='ltr'><strong>Cat.</strong></span> <span class='ocrx_word' id='word_1_36' title='bbox 902 265 983 291; x_wconf 80' lang='lat' dir='ltr'><strong>codd.</strong></span> <span class='ocrx_word' id='word_1_37' title='bbox 999 265 1048 293; x_wconf 88' lang='lat' dir='ltr'><strong>Gr.</strong></span> <span class='ocrx_word' id='word_1_38' title='bbox 1069 266 1189 293; x_wconf 85' lang='lat' dir='ltr'><strong>Nanian.</strong></span> <span class='ocrx_word' id='word_1_39' title='bbox 1208 275 1270 301; x_wconf 76' lang='lat' dir='ltr'><strong>pag.</strong></span> <span class='ocrx_word' id='word_1_40' title='bbox 1288 267 1351 300; x_wconf 83' lang='lat'><strong>508,</strong></span> <span class='ocrx_word' id='word_1_41' title='bbox 1376 267 1529 297; x_wconf 86' lang='lat' dir='ltr'><strong>contendit.</strong></span> <span class='ocrx_word' id='word_1_42' title='bbox 1558 267 1584 294; x_wconf 96' lang='lat' dir='ltr'><strong>id</strong></span> <span class='ocrx_word' id='word_1_43' title='bbox 1613 275 1691 302; x_wconf 84' lang='lat' dir='ltr'><strong>opus,</strong></span> <span class='ocrx_word' id='word_1_44' title='bbox 1713 271 1788 303; x_wconf 84' lang='lat' dir='ltr'><strong>quod</strong></span> 
     </span>
    </p>
   </div>
   <div class='ocr_carea' id='block_1_6' title="bbox 148 307 1789 346">
    <p class='ocr_par' dir='ltr' id='par_1_6' title="bbox 148 307 1789 346">
     <span class='ocr_line' id='line_1_6' title="bbox 148 307 1789 346; baseline 0.002 -10"><span class='ocrx_word' id='word_1_45' title='bbox 148 310 184 336; x_wconf 85' lang='lat' dir='ltr'><strong>ah</strong></span> <span class='ocrx_word' id='word_1_46' title='bbox 204 309 303 335; x_wconf 81' lang='lat' dir='ltr'><strong>Allatio</strong></span> <span class='ocrx_word' id='word_1_47' title='bbox 318 307 450 334; x_wconf 87' lang='lat' dir='ltr'><strong>dividitur</strong></span> <span class='ocrx_word' id='word_1_48' title='bbox 464 308 490 334; x_wconf 93' lang='lat' dir='ltr'><strong>in</strong></span> <span class='ocrx_word' id='word_1_49' title='bbox 508 307 679 341; x_wconf 82' lang='lat' dir='ltr'><strong>epigraphas.</strong></span> <span class='ocrx_word' id='word_1_50' title='bbox 700 307 877 334; x_wconf 72' lang='lat' dir='ltr'><strong>dividendum</strong></span> <span class='ocrx_word' id='word_1_51' title='bbox 897 316 959 335; x_wconf 78' lang='lat' dir='ltr'><strong>esse</strong></span> <span class='ocrx_word' id='word_1_52' title='bbox 983 308 1008 334; x_wconf 92' lang='lat' dir='ltr'><strong>in</strong></span> <span class='ocrx_word' id='word_1_53' title='bbox 1025 310 1127 343; x_wconf 86' lang='lat' dir='ltr'><strong>capita,</strong></span> <span class='ocrx_word' id='word_1_54' title='bbox 1145 315 1172 337; x_wconf 77' lang='lat' dir='ltr'><strong>et</strong></span> <span class='ocrx_word' id='word_1_55' title='bbox 1192 311 1397 338; x_wconf 73' lang='lat' dir='ltr'><strong>inscribendum</strong></span> <span class='ocrx_word' id='word_1_56' title='bbox 1412 321 1418 338; x_wconf 84' lang='lat'><strong>:</strong></span> <span class='ocrx_word' id='word_1_57' title='bbox 1433 311 1557 345; x_wconf 78' lang='lat' dir='ltr'><strong>Capitula</strong></span> <span class='ocrx_word' id='word_1_58' title='bbox 1575 311 1607 337; x_wconf 88' lang='lat' dir='ltr'><strong>de</strong></span> <span class='ocrx_word' id='word_1_59' title='bbox 1622 313 1789 346; x_wconf 74' lang='lat' dir='ltr'><strong>processione</strong></span> 
     </span>
    </p>
   </div>
   <div class='ocr_carea' id='block_1_7' title="bbox 148 350 1788 389">
    <p class='ocr_par' dir='ltr' id='par_1_7' title="bbox 148 350 1788 389">
     <span class='ocr_line' id='line_1_7' title="bbox 148 350 1788 389; baseline 0.001 -10"><span class='ocrx_word' id='word_1_60' title='bbox 148 351 267 386; x_wconf 72' lang='lat' dir='ltr'><strong>Spiritus</strong></span> <span class='ocrx_word' id='word_1_61' title='bbox 281 351 379 383; x_wconf 64' lang='lat' dir='ltr'><strong>sancti.</strong></span> <span class='ocrx_word' id='word_1_62' title='bbox 397 351 470 378; x_wconf 86' lang='lat' dir='ltr'><strong>Idem</strong></span> <span class='ocrx_word' id='word_1_63' title='bbox 482 350 573 382; x_wconf 81' lang='lat' dir='ltr'><strong>docet,</strong></span> <span class='ocrx_word' id='word_1_64' title='bbox 589 351 661 377; x_wconf 84' lang='lat' dir='ltr'><strong>illaut</strong></span> <span class='ocrx_word' id='word_1_65' title='bbox 675 350 870 378; x_wconf 89' lang='lat' dir='ltr'><strong>Collectionem</strong></span> <span class='ocrx_word' id='word_1_66' title='bbox 886 358 948 379; x_wconf 87' lang='lat' dir='ltr'><strong>esse</strong></span> <span class='ocrx_word' id='word_1_67' title='bbox 964 353 1034 387; x_wconf 85' lang='lat' dir='ltr'><strong>apud</strong></span> <span class='ocrx_word' id='word_1_68' title='bbox 1062 353 1192 380; x_wconf 82' lang='lat' dir='ltr'><strong>Allatlum</strong></span> <span class='ocrx_word' id='word_1_69' title='bbox 1210 355 1237 381; x_wconf 92' lang='lat' dir='ltr'><strong>in</strong></span> <span class='ocrx_word' id='word_1_70' title='bbox 1254 354 1306 381; x_wconf 84' lang='lat' dir='ltr'><strong>line</strong></span> <span class='ocrx_word' id='word_1_71' title='bbox 1328 355 1465 386; x_wconf 81' lang='lat' dir='ltr'><strong>mutilam,</strong></span> <span class='ocrx_word' id='word_1_72' title='bbox 1480 360 1506 381; x_wconf 92' lang='lat' dir='ltr'><strong>et</strong></span> <span class='ocrx_word' id='word_1_73' title='bbox 1529 362 1590 387; x_wconf 63' lang='lat' dir='ltr'><strong>qua:</strong></span> <span class='ocrx_word' id='word_1_74' title='bbox 1606 355 1677 389; x_wconf 83' lang='lat' dir='ltr'><strong>apud</strong></span> <span class='ocrx_word' id='word_1_75' title='bbox 1698 355 1788 388; x_wconf 83' lang='lat' dir='ltr'><strong>ipsum</strong></span> 
     </span>
    </p>
   </div>
   <div class='ocr_carea' id='block_1_8' title="bbox 148 394 1789 434">
    <p class='ocr_par' dir='ltr' id='par_1_8' title="bbox 148 394 1789 434">
     <span class='ocr_line' id='line_1_8' title="bbox 148 394 1789 434; baseline 0.003 -13"><span class='ocrx_word' id='word_1_76' title='bbox 148 400 289 430; x_wconf 83' lang='lat' dir='ltr'><strong>postrema</strong></span> <span class='ocrx_word' id='word_1_77' title='bbox 312 395 369 422; x_wconf 87' lang='lat' dir='ltr'><strong>sint</strong></span> <span class='ocrx_word' id='word_1_78' title='bbox 403 396 497 426; x_wconf 86' lang='lat' dir='ltr'><strong>verba,</strong></span> <span class='ocrx_word' id='word_1_79' title='bbox 515 402 547 421; x_wconf 79' lang='lat' dir='ltr'><strong>ea</strong></span> <span class='ocrx_word' id='word_1_80' title='bbox 577 394 604 421; x_wconf 92' lang='lat' dir='ltr'><strong>in</strong></span> <span class='ocrx_word' id='word_1_81' title='bbox 624 394 674 421; x_wconf 92' lang='lat' dir='ltr'><strong>hoc</strong></span> <span class='ocrx_word' id='word_1_82' title='bbox 698 395 792 422; x_wconf 80' lang='lat' dir='ltr'><strong>codice</strong></span> <span class='ocrx_word' id='word_1_83' title='bbox 814 395 864 429; x_wconf 75' lang='lat' dir='ltr'><strong>legi</strong></span> <span class='ocrx_word' id='word_1_84' title='bbox 878 403 939 429; x_wconf 79' lang='lat' dir='ltr'><strong>pag.</strong></span> <span class='ocrx_word' id='word_1_85' title='bbox 960 395 1025 428; x_wconf 75' lang='lat'><strong>557,</strong></span> <span class='ocrx_word' id='word_1_86' title='bbox 1039 404 1110 431; x_wconf 89' lang='lat' dir='ltr'><strong>opus</strong></span> <span class='ocrx_word' id='word_1_87' title='bbox 1132 405 1197 425; x_wconf 82' lang='lat' dir='ltr'><strong>vero</strong></span> <span class='ocrx_word' id='word_1_88' title='bbox 1216 402 1302 425; x_wconf 90' lang='lat' dir='ltr'><strong>totum</strong></span> <span class='ocrx_word' id='word_1_89' title='bbox 1324 398 1441 429; x_wconf 82' lang='lat' dir='ltr'><strong>absolvi.</strong></span> <span class='ocrx_word' id='word_1_90' title='bbox 1465 407 1490 433; x_wconf 90' lang='lat' dir='ltr'><strong>p.</strong></span> <span class='ocrx_word' id='word_1_91' title='bbox 1506 398 1638 429; x_wconf 81' lang='lat' dir='ltr'><strong>559,tnm</strong></span> <span class='ocrx_word' id='word_1_92' title='bbox 1655 404 1717 434; x_wconf 84' lang='lat' dir='ltr'><strong>post</strong></span> <span class='ocrx_word' id='word_1_93' title='bbox 1743 399 1789 426; x_wconf 88' lang='lat' dir='ltr'><strong>illa</strong></span> 
     </span>
    </p>
   </div>
   <div class='ocr_carea' id='block_1_9' title="bbox 146 438 1789 475">
    <p class='ocr_par' dir='ltr' id='par_1_9' title="bbox 146 438 1789 475">
     <span class='ocr_line' id='line_1_9' title="bbox 146 438 1789 475; baseline 0.003 -10"><span class='ocrx_word' id='word_1_94' title='bbox 146 440 231 466; x_wconf 84' lang='lat' dir='ltr'><strong>verba</strong></span> <span class='ocrx_word' id='word_1_95' title='bbox 242 440 319 474; x_wconf 84' lang='lat' dir='ltr'><strong>sequi</strong></span> <span class='ocrx_word' id='word_1_96' title='bbox 332 439 358 465; x_wconf 87' lang='lat' dir='ltr'><strong>in</strong></span> <span class='ocrx_word' id='word_1_97' title='bbox 371 439 466 465; x_wconf 83' lang='lat' dir='ltr'><strong>codice</strong></span> <span class='ocrx_word' id='word_1_98' title='bbox 483 439 640 465; x_wconf 86' lang='lat' dir='ltr'><strong>testimonia</strong></span> <span class='ocrx_word' id='word_1_99' title='bbox 655 438 800 472; x_wconf 83' lang='lat' dir='ltr'><strong>desumpta</strong></span> <span class='ocrx_word' id='word_1_100' title='bbox 816 445 848 465; x_wconf 86' lang='lat' dir='ltr'><strong>ex</strong></span> <span class='ocrx_word' id='word_1_101' title='bbox 863 438 1005 466; x_wconf 82' lang='lat' dir='ltr'><strong>Clemente</strong></span> <span class='ocrx_word' id='word_1_102' title='bbox 1026 440 1223 473; x_wconf 71' lang='lat' dir='ltr'><strong>Alexandrino,</strong></span> <span class='ocrx_word' id='word_1_103' title='bbox 1245 448 1269 468; x_wconf 89' lang='lat' dir='ltr'><strong>et</strong></span> <span class='ocrx_word' id='word_1_104' title='bbox 1288 442 1361 469; x_wconf 86' lang='lat' dir='ltr'><strong>aliud</strong></span> <span class='ocrx_word' id='word_1_105' title='bbox 1375 443 1462 469; x_wconf 82' lang='lat' dir='ltr'><strong>sancti</strong></span> <span class='ocrx_word' id='word_1_106' title='bbox 1480 442 1590 469; x_wconf 81' lang='lat' dir='ltr'><strong>Maximi</strong></span> <span class='ocrx_word' id='word_1_107' title='bbox 1613 442 1732 475; x_wconf 72' lang='lat' dir='ltr'><strong>Epistula</strong></span> <span class='ocrx_word' id='word_1_108' title='bbox 1754 443 1789 470; x_wconf 88' lang='lat' dir='ltr'><strong>ad</strong></span> 
     </span>
    </p>
   </div>
   <div class='ocr_carea' id='block_1_10' title="bbox 147 481 1787 518">
    <p class='ocr_par' dir='ltr' id='par_1_10' title="bbox 147 481 1787 518">
     <span class='ocr_line' id='line_1_10' title="bbox 147 481 1787 518; baseline 0.002 -9"><span class='ocrx_word' id='word_1_109' title='bbox 147 482 295 509; x_wconf 81' lang='lat' dir='ltr'><strong>Marinum.</strong></span> <span class='ocrx_word' id='word_1_110' title='bbox 309 484 381 509; x_wconf 89' lang='lat' dir='ltr'><strong>—ln</strong></span> <span class='ocrx_word' id='word_1_111' title='bbox 397 481 459 509; x_wconf 83' lang='lat' dir='ltr'><strong>eod.</strong></span> <span class='ocrx_word' id='word_1_112' title='bbox 478 481 539 509; x_wconf 89' lang='lat' dir='ltr'><strong>cod.</strong></span> <span class='ocrx_word' id='word_1_113' title='bbox 553 490 582 508; x_wconf 85' lang='grc' dir='ltr'>ιι.</span> <span class='ocrx_word' id='word_1_114' title='bbox 598 481 641 512; x_wconf 74' lang='grc'><strong>14,</strong></span> <span class='ocrx_word' id='word_1_115' title='bbox 658 483 839 518; x_wconf 71' lang='lat' dir='ltr'><strong>Auctoritates</strong></span> <span class='ocrx_word' id='word_1_116' title='bbox 862 481 986 515; x_wconf 80' lang='lat' dir='ltr'><strong>Patrum,</strong></span> <span class='ocrx_word' id='word_1_117' title='bbox 1003 483 1103 518; x_wconf 84' lang='lat' dir='ltr'><strong>quibus</strong></span> <span class='ocrx_word' id='word_1_118' title='bbox 1134 485 1323 518; x_wconf 80' lang='lat' dir='ltr'><strong>Purgatorium</strong></span> <span class='ocrx_word' id='word_1_119' title='bbox 1351 494 1411 514; x_wconf 83' lang='lat' dir='ltr'><strong>esse</strong></span> <span class='ocrx_word' id='word_1_120' title='bbox 1434 487 1623 513; x_wconf 86' lang='lat' dir='ltr'><strong>conlirmatur.</strong></span> <span class='ocrx_word' id='word_1_121' title='bbox 1639 486 1708 513; x_wconf 86' lang='lat' dir='ltr'><strong>Tum</strong></span> <span class='ocrx_word' id='word_1_122' title='bbox 1734 486 1787 513; x_wconf 83' lang='lat' dir='ltr'><strong>alia</strong></span> 
     </span>
    </p>
   </div>
   <div class='ocr_carea' id='block_1_11' title="bbox 147 512 1789 564">
    <p class='ocr_par' dir='ltr' id='par_1_11' title="bbox 147 512 1789 564">
     <span class='ocr_line' id='line_1_11' title="bbox 147 512 1789 564; baseline 0.002 -11"><span class='ocrx_word' id='word_1_123' title='bbox 147 526 226 561; x_wconf 85' lang='lat' dir='ltr'><strong>plura</strong></span> <span class='ocrx_word' id='word_1_124' title='bbox 241 527 273 552; x_wconf 87' lang='lat' dir='ltr'><strong>ad</strong></span> <span class='ocrx_word' id='word_1_125' title='bbox 288 526 504 553; x_wconf 83' lang='lat' dir='ltr'><strong>conﬁrmandam</strong></span> <span class='ocrx_word' id='word_1_126' title='bbox 521 525 723 559; x_wconf 81' lang='lat' dir='ltr'><strong>processionem</strong></span> <span class='ocrx_word' id='word_1_127' title='bbox 739 512 858 559; x_wconf 63' lang='lat' dir='ltr'><strong>Spiritus</strong></span> <span class='ocrx_word' id='word_1_128' title='bbox 873 527 961 553; x_wconf 88' lang='lat' dir='ltr'><strong>sancti</strong></span> <span class='ocrx_word' id='word_1_129' title='bbox 977 534 1008 553; x_wconf 75' lang='lat' dir='ltr'><strong>ex</strong></span> <span class='ocrx_word' id='word_1_130' title='bbox 1023 527 1102 555; x_wconf 83' lang='lat' dir='ltr'><strong>Filio.</strong></span> <span class='ocrx_word' id='word_1_131' title='bbox 1126 530 1162 555; x_wconf 87' lang='lat' dir='ltr'><strong>Ac</strong></span> <span class='ocrx_word' id='word_1_132' title='bbox 1174 530 1282 556; x_wconf 88' lang='lat' dir='ltr'><strong>demutn</strong></span> <span class='ocrx_word' id='word_1_133' title='bbox 1297 530 1369 556; x_wconf 86' lang='lat' dir='ltr'><strong>aliud</strong></span> <span class='ocrx_word' id='word_1_134' title='bbox 1389 535 1470 564; x_wconf 84' lang='lat' dir='ltr'><strong>caput</strong></span> <span class='ocrx_word' id='word_1_135' title='bbox 1488 531 1608 562; x_wconf 84' lang='lat' dir='ltr'><strong>additur,</strong></span> <span class='ocrx_word' id='word_1_136' title='bbox 1624 532 1701 564; x_wconf 84' lang='lat' dir='ltr'><strong>qua-i</strong></span> <span class='ocrx_word' id='word_1_137' title='bbox 1724 539 1789 563; x_wconf 86' lang='lat' dir='ltr'><strong>sup-</strong></span> 
     </span>
    </p>
   </div>
   <div class='ocr_carea' id='block_1_12' title="bbox 145 569 946 608">
    <p class='ocr_par' dir='ltr' id='par_1_12' title="bbox 145 569 946 606">
     <span class='ocr_line' id='line_1_12' title="bbox 145 569 946 606; baseline 0 -9"><span class='ocrx_word' id='word_1_138' title='bbox 145 572 316 606; x_wconf 81' lang='lat' dir='ltr'><strong>plementum</strong></span> <span class='ocrx_word' id='word_1_139' title='bbox 346 571 435 605; x_wconf 80' lang='lat' dir='ltr'><strong>operis</strong></span> <span class='ocrx_word' id='word_1_140' title='bbox 457 570 546 601; x_wconf 85' lang='lat' dir='ltr'><strong>Becci.</strong></span> <span class='ocrx_word' id='word_1_141' title='bbox 575 575 601 597; x_wconf 86' lang='lat' dir='ltr'><strong>et</strong></span> <span class='ocrx_word' id='word_1_142' title='bbox 633 570 803 601; x_wconf 68' lang='lat' dir='ltr'><strong>inSr&#39;ribitur,</strong></span> <span class='ocrx_word' id='word_1_143' title='bbox 832 578 858 604; x_wconf 92' lang='lat' dir='ltr'><strong>p.</strong></span> <span class='ocrx_word' id='word_1_144' title='bbox 897 569 946 597; x_wconf 73' lang='lat'><strong>567</strong></span> 
     </span>
    </p>
   </div>
   <div class='ocr_carea' id='block_1_13' title="bbox 988 569 1789 608">
    <p class='ocr_par' dir='ltr' id='par_1_13' title="bbox 992 572 1789 608">
     <span class='ocr_line' id='line_1_13' title="bbox 992 572 1789 608; baseline 0.005 -11"><span class='ocrx_word' id='word_1_145' title='bbox 992 572 1160 606; x_wconf 67' lang='grc' dir='ltr'><strong>’Λπηδεὶξεις</strong></span> <span class='ocrx_word' id='word_1_146' title='bbox 1183 575 1229 600; x_wconf 69' lang='grc' dir='ltr'><strong>καὶ</strong></span> <span class='ocrx_word' id='word_1_147' title='bbox 1258 575 1289 600; x_wconf 80' lang='grc' dir='ltr'><strong>ὲκ</strong></span> <span class='ocrx_word' id='word_1_148' title='bbox 1314 574 1368 600; x_wconf 82' lang='grc' dir='ltr'><strong>τῶν</strong></span> <span class='ocrx_word' id='word_1_149' title='bbox 1395 575 1592 608; x_wconf 60' lang='grc' dir='ltr'><strong>οἰκηυμενικῶν</strong></span> <span class='ocrx_word' id='word_1_150' title='bbox 1622 575 1709 608; x_wconf 75' lang='grc' dir='ltr'>ἀγῖων</span> <span class='ocrx_word' id='word_1_151' title='bbox 1739 584 1789 601; x_wconf 82' lang='grc' dir='ltr'><strong>συ-</strong></span> 
     </span>
    </p>
   </div>
   <div class='ocr_carea' id='block_1_14' title="bbox 146 614 1786 653">
    <p class='ocr_par' dir='ltr' id='par_1_14' title="bbox 146 614 1786 653">
     <span class='ocr_line' id='line_1_14' title="bbox 146 614 1786 653; baseline 0.002 -12"><span class='ocrx_word' id='word_1_152' title='bbox 146 615 253 647; x_wconf 58' lang='lat' dir='ltr'><strong>mw;</strong></span> <span class='ocrx_word' id='word_1_153' title='bbox 272 615 349 649; x_wconf 85' lang='lat' dir='ltr'><strong>plura</strong></span> <span class='ocrx_word' id='word_1_154' title='bbox 363 615 440 641; x_wconf 85' lang='lat' dir='ltr'><strong>dedit</strong></span> <span class='ocrx_word' id='word_1_155' title='bbox 461 623 493 641; x_wconf 76' lang='lat' dir='ltr'><strong>ex</strong></span> <span class='ocrx_word' id='word_1_156' title='bbox 506 622 539 641; x_wconf 85' lang='lat' dir='ltr'><strong>co</strong></span> <span class='ocrx_word' id='word_1_157' title='bbox 557 614 706 649; x_wconf 79' lang='lat' dir='ltr'><strong>Mingarrll.</strong></span> <span class='ocrx_word' id='word_1_158' title='bbox 724 614 882 641; x_wconf 77' lang='lat' dir='ltr'><strong>Ali‘cruntur</strong></span> <span class='ocrx_word' id='word_1_159' title='bbox 898 619 990 648; x_wconf 77' lang='lat' dir='ltr'><strong>postea</strong></span> <span class='ocrx_word' id='word_1_160' title='bbox 1008 617 1186 643; x_wconf 73' lang='lat' dir='ltr'><strong>auctoritates</strong></span> <span class='ocrx_word' id='word_1_161' title='bbox 1206 617 1322 644; x_wconf 83' lang='lat' dir='ltr'><strong>aliarum</strong></span> <span class='ocrx_word' id='word_1_162' title='bbox 1336 619 1680 653; x_wconf 55' lang='lat' dir='ltr'><strong>syno&#39;lorumgeneralium</strong></span> <span class='ocrx_word' id='word_1_163' title='bbox 1702 627 1732 650; x_wconf 83' lang='grc' dir='ltr'>ιι,</span> <span class='ocrx_word' id='word_1_164' title='bbox 1746 627 1786 650; x_wconf 86' lang='grc' dir='ltr'>ιιι,</span> 
     </span>
    </p>
   </div>
   <div class='ocr_carea' id='block_1_15' title="bbox 146 657 1788 697">
    <p class='ocr_par' dir='ltr' id='par_1_15' title="bbox 146 657 1788 697">
     <span class='ocr_line' id='line_1_15' title="bbox 146 657 1788 697; baseline 0.002 -13"><span class='ocrx_word' id='word_1_165' title='bbox 146 665 184 689; x_wconf 81' lang='lat' dir='ltr'><strong>tv,</strong></span> <span class='ocrx_word' id='word_1_166' title='bbox 201 667 228 688; x_wconf 73' lang='grc' dir='ltr'><strong>ι’.</strong></span> <span class='ocrx_word' id='word_1_167' title='bbox 245 667 270 685; x_wconf 89' lang='grc' dir='ltr'><strong>ιί</strong></span> <span class='ocrx_word' id='word_1_168' title='bbox 287 663 314 684; x_wconf 90' lang='lat' dir='ltr'><strong>et</strong></span> <span class='ocrx_word' id='word_1_169' title='bbox 330 665 377 684; x_wconf 78' lang='lat' dir='ltr'><strong>vn.</strong></span> <span class='ocrx_word' id='word_1_170' title='bbox 392 673 425 678; x_wconf 90' lang='lat'><strong>——</strong></span> <span class='ocrx_word' id='word_1_171' title='bbox 444 658 549 684; x_wconf 61' lang='lat' dir='ltr'><strong>Iliid.in</strong></span> <span class='ocrx_word' id='word_1_172' title='bbox 560 658 624 684; x_wconf 83' lang='lat' dir='ltr'><strong>bibl.</strong></span> <span class='ocrx_word' id='word_1_173' title='bbox 641 657 724 684; x_wconf 84' lang='lat' dir='ltr'><strong>Marc.</strong></span> <span class='ocrx_word' id='word_1_174' title='bbox 748 659 827 685; x_wconf 90' lang='lat' dir='ltr'><strong>codd.</strong></span> <span class='ocrx_word' id='word_1_175' title='bbox 846 659 894 685; x_wconf 88' lang='grc'><strong>160</strong></span> <span class='ocrx_word' id='word_1_176' title='bbox 906 664 933 685; x_wconf 86' lang='lat' dir='ltr'><strong>et</strong></span> <span class='ocrx_word' id='word_1_177' title='bbox 947 660 1007 690; x_wconf 82' lang='grc'>161,</span> <span class='ocrx_word' id='word_1_178' title='bbox 1024 661 1204 688; x_wconf 72' lang='lat' dir='ltr'><strong>Auctaritutrs</strong></span> <span class='ocrx_word' id='word_1_179' title='bbox 1232 662 1343 689; x_wconf 78' lang='lat' dir='ltr'><strong>Patrum</strong></span> <span class='ocrx_word' id='word_1_180' title='bbox 1360 663 1392 689; x_wconf 82' lang='lat' dir='ltr'><strong>de</strong></span> <span class='ocrx_word' id='word_1_181' title='bbox 1411 664 1577 697; x_wconf 73' lang='lat' dir='ltr'><strong>processimie</strong></span> <span class='ocrx_word' id='word_1_182' title='bbox 1596 664 1712 697; x_wconf 76' lang='lat' dir='ltr'><strong>Spiritus</strong></span> <span class='ocrx_word' id='word_1_183' title='bbox 1723 672 1788 690; x_wconf 80' lang='lat' dir='ltr'><strong>san-</strong></span> 
     </span>
    </p>
   </div>
   <div class='ocr_carea' id='block_1_16' title="bbox 146 703 1786 741">
    <p class='ocr_par' dir='ltr' id='par_1_16' title="bbox 146 703 1786 741">
     <span class='ocr_line' id='line_1_16' title="bbox 146 703 1786 741; baseline 0.003 -12"><span class='ocrx_word' id='word_1_184' title='bbox 146 704 201 735; x_wconf 79' lang='lat' dir='ltr'><strong>cti,-</strong></span> <span class='ocrx_word' id='word_1_185' title='bbox 222 703 312 737; x_wconf 87' lang='lat' dir='ltr'><strong>capita</strong></span> <span class='ocrx_word' id='word_1_186' title='bbox 330 703 547 729; x_wconf 85' lang='lat' dir='ltr'><strong>nnmcranturin</strong></span> <span class='ocrx_word' id='word_1_187' title='bbox 561 704 682 737; x_wconf 78' lang='lat' dir='ltr'><strong>margine</strong></span> <span class='ocrx_word' id='word_1_188' title='bbox 696 711 752 733; x_wconf 74' lang='grc' dir='ltr'>χιιι,</span> <span class='ocrx_word' id='word_1_189' title='bbox 767 704 949 730; x_wconf 83' lang='lat' dir='ltr'><strong>sinenomine</strong></span> <span class='ocrx_word' id='word_1_190' title='bbox 963 705 1072 739; x_wconf 79' lang='lat' dir='ltr'><strong>quidem</strong></span> <span class='ocrx_word' id='word_1_191' title='bbox 1089 706 1222 737; x_wconf 76' lang='lat' dir='ltr'><strong>aucturis,</strong></span> <span class='ocrx_word' id='word_1_192' title='bbox 1237 707 1283 740; x_wconf 90' lang='lat' dir='ltr'><strong>qui</strong></span> <span class='ocrx_word' id='word_1_193' title='bbox 1301 711 1390 734; x_wconf 90' lang='lat' dir='ltr'><strong>tamen</strong></span> <span class='ocrx_word' id='word_1_194' title='bbox 1415 707 1441 733; x_wconf 93' lang='lat' dir='ltr'><strong>in</strong></span> <span class='ocrx_word' id='word_1_195' title='bbox 1474 707 1625 741; x_wconf 73' lang='lat' dir='ltr'><strong>posteriore</strong></span> <span class='ocrx_word' id='word_1_196' title='bbox 1648 709 1710 734; x_wconf 84' lang='lat' dir='ltr'><strong>col.</strong></span> <span class='ocrx_word' id='word_1_197' title='bbox 1738 716 1786 741; x_wconf 86' lang='lat' dir='ltr'><strong>per</strong></span> 
     </span>
    </p>
   </div>
   <div class='ocr_carea' id='block_1_17' title="bbox 147 742 1786 784">
    <p class='ocr_par' dir='ltr' id='par_1_17' title="bbox 147 742 1786 784">
     <span class='ocr_line' id='line_1_17' title="bbox 147 742 1786 784; baseline 0.004 -11"><span class='ocrx_word' id='word_1_198' title='bbox 147 752 241 773; x_wconf 88' lang='lat' dir='ltr'><strong>notam</strong></span> <span class='ocrx_word' id='word_1_199' title='bbox 261 742 431 773; x_wconf 74' lang='lat' dir='ltr'><strong>Bcssarionis</strong></span> <span class='ocrx_word' id='word_1_200' title='bbox 444 746 578 773; x_wconf 86' lang='lat' dir='ltr'><strong>indicatur</strong></span> <span class='ocrx_word' id='word_1_201' title='bbox 595 746 706 773; x_wconf 84' lang='lat' dir='ltr'><strong>Vcccus.</strong></span> <span class='ocrx_word' id='word_1_202' title='bbox 722 746 753 773; x_wconf 90' lang='lat' dir='ltr'><strong>V.</strong></span> <span class='ocrx_word' id='word_1_203' title='bbox 772 748 831 773; x_wconf 79' lang='lat' dir='ltr'><strong>Cat.</strong></span> <span class='ocrx_word' id='word_1_204' title='bbox 848 749 929 774; x_wconf 90' lang='lat' dir='ltr'><strong>codd.</strong></span> <span class='ocrx_word' id='word_1_205' title='bbox 944 747 992 775; x_wconf 92' lang='lat' dir='ltr'><strong>Gr.</strong></span> <span class='ocrx_word' id='word_1_206' title='bbox 1008 748 1091 777; x_wconf 78' lang='lat' dir='ltr'><strong>Marc.</strong></span> <span class='ocrx_word' id='word_1_207' title='bbox 1111 757 1173 784; x_wconf 81' lang='lat' dir='ltr'><strong>pag.</strong></span> <span class='ocrx_word' id='word_1_208' title='bbox 1189 750 1236 777; x_wconf 84' lang='grc'>90.</span> <span class='ocrx_word' id='word_1_209' title='bbox 1253 765 1287 770; x_wconf 90' lang='grc'><strong>-</strong></span> <span class='ocrx_word' id='word_1_210' title='bbox 1300 750 1420 778; x_wconf 77' lang='lat' dir='ltr'><strong>Floreat.</strong></span> <span class='ocrx_word' id='word_1_211' title='bbox 1438 751 1464 778; x_wconf 92' lang='lat' dir='ltr'><strong>in</strong></span> <span class='ocrx_word' id='word_1_212' title='bbox 1495 751 1559 778; x_wconf 84' lang='lat' dir='ltr'><strong>bibl.</strong></span> <span class='ocrx_word' id='word_1_213' title='bbox 1589 751 1685 778; x_wconf 87' lang='lat' dir='ltr'><strong>Medic.</strong></span> <span class='ocrx_word' id='word_1_214' title='bbox 1713 751 1786 779; x_wconf 86' lang='lat' dir='ltr'><strong>Lau-</strong></span> 
     </span>
    </p>
   </div>
   <div class='ocr_carea' id='block_1_18' title="bbox 147 791 948 828">
    <p class='ocr_par' dir='ltr' id='par_1_18' title="bbox 147 791 948 825">
     <span class='ocr_line' id='line_1_18' title="bbox 147 791 948 825; baseline 0.004 -9"><span class='ocrx_word' id='word_1_215' title='bbox 147 796 216 817; x_wconf 86' lang='lat' dir='ltr'><strong>rent.</strong></span> <span class='ocrx_word' id='word_1_216' title='bbox 235 791 297 818; x_wconf 90' lang='lat' dir='ltr'><strong>cod.</strong></span> <span class='ocrx_word' id='word_1_217' title='bbox 312 791 356 820; x_wconf 77' lang='grc'><strong>14.</strong></span> <span class='ocrx_word' id='word_1_218' title='bbox 373 791 400 823; x_wconf 72' lang='grc'><strong>4,</strong></span> <span class='ocrx_word' id='word_1_219' title='bbox 422 792 489 825; x_wconf 91' lang='lat' dir='ltr'><strong>plut.</strong></span> <span class='ocrx_word' id='word_1_220' title='bbox 504 791 547 822; x_wconf 89' lang='grc'><strong>10,</strong></span> <span class='ocrx_word' id='word_1_221' title='bbox 560 795 624 817; x_wconf 64' lang='lat' dir='ltr'><strong>sunt</strong></span> <span class='ocrx_word' id='word_1_222' title='bbox 638 799 675 817; x_wconf 82' lang='lat' dir='ltr'><strong>xu</strong></span> <span class='ocrx_word' id='word_1_223' title='bbox 687 799 766 825; x_wconf 75' lang='lat' dir='ltr'><strong>capp.</strong></span> <span class='ocrx_word' id='word_1_224' title='bbox 782 791 807 818; x_wconf 81' lang='lat' dir='ltr'><strong>J.</strong></span> <span class='ocrx_word' id='word_1_225' title='bbox 825 791 904 819; x_wconf 69' lang='lat' dir='ltr'><strong>Bccci</strong></span> <span class='ocrx_word' id='word_1_226' title='bbox 930 793 948 818; x_wconf 47' lang='grc' dir='ltr'><strong>ὲ⁴</strong></span> 
     </span>
    </p>
   </div>
   <div class='ocr_carea' id='block_1_19' title="bbox 984 791 1785 828">
    <p class='ocr_par' dir='ltr' id='par_1_19' title="bbox 984 793 1785 828">
     <span class='ocr_line' id='line_1_19' title="bbox 984 793 1785 828; baseline 0.005 -10"><span class='ocrx_word' id='word_1_227' title='bbox 984 793 1102 827; x_wconf 60' lang='grc' dir='ltr'><strong>γραφῶν,</strong></span> <span class='ocrx_word' id='word_1_228' title='bbox 1116 801 1178 819; x_wconf 76' lang='lat' dir='ltr'><strong>cuin</strong></span> <span class='ocrx_word' id='word_1_229' title='bbox 1197 795 1310 821; x_wconf 86' lang='lat' dir='ltr'><strong>totidem</strong></span> <span class='ocrx_word' id='word_1_230' title='bbox 1330 794 1454 828; x_wconf 77' lang='lat' dir='ltr'><strong>Gregorii</strong></span> <span class='ocrx_word' id='word_1_231' title='bbox 1475 795 1604 825; x_wconf 73' lang='lat' dir='ltr'><strong>Palatina.</strong></span> <span class='ocrx_word' id='word_1_232' title='bbox 1617 796 1785 822; x_wconf 74' lang='lat' dir='ltr'><strong>ronl&#39;ntatio-</strong></span> 
     </span>
    </p>
   </div>
   <div class='ocr_carea' id='block_1_20' title="bbox 148 832 949 873">
    <p class='ocr_par' dir='ltr' id='par_1_20' title="bbox 148 835 947 873">
     <span class='ocr_line' id='line_1_20' title="bbox 148 835 947 873; baseline 0.001 -12"><span class='ocrx_word' id='word_1_233' title='bbox 148 838 240 865; x_wconf 83' lang='lat' dir='ltr'><strong>nibus,</strong></span> <span class='ocrx_word' id='word_1_234' title='bbox 257 840 283 861; x_wconf 82' lang='lat' dir='ltr'><strong>ct</strong></span> <span class='ocrx_word' id='word_1_235' title='bbox 311 836 387 862; x_wconf 83' lang='lat' dir='ltr'><strong>card.</strong></span> <span class='ocrx_word' id='word_1_236' title='bbox 412 835 583 873; x_wconf 79' lang='lat' dir='ltr'><strong>Bessarionis</strong></span> <span class='ocrx_word' id='word_1_237' title='bbox 611 836 760 870; x_wconf 83' lang='lat' dir='ltr'><strong>Apologiis.</strong></span> <span class='ocrx_word' id='word_1_238' title='bbox 788 836 868 863; x_wconf 88' lang='lat' dir='ltr'><strong>—ln</strong></span> <span class='ocrx_word' id='word_1_239' title='bbox 897 836 947 863; x_wconf 93' lang='lat' dir='ltr'><strong>cod</strong></span> 
     </span>
    </p>
   </div>
   <div class='ocr_carea' id='block_1_21' title="bbox 983 832 1784 873">
    <p class='ocr_par' dir='ltr' id='par_1_21' title="bbox 983 832 1784 871">
     <span class='ocr_line' id='line_1_21' title="bbox 983 832 1784 871; baseline 0.005 -9"><span class='ocrx_word' id='word_1_240' title='bbox 983 837 1025 867; x_wconf 70' lang='lat' dir='ltr'><strong>l2,</strong></span> <span class='ocrx_word' id='word_1_241' title='bbox 1038 844 1065 862; x_wconf 87' lang='grc' dir='ltr'><strong>ιι.</strong></span> <span class='ocrx_word' id='word_1_242' title='bbox 1094 836 1139 868; x_wconf 77' lang='grc'><strong>20,</strong></span> <span class='ocrx_word' id='word_1_243' title='bbox 1153 838 1220 871; x_wconf 92' lang='lat' dir='ltr'><strong>plut.</strong></span> <span class='ocrx_word' id='word_1_244' title='bbox 1236 839 1262 864; x_wconf 74' lang='grc'><strong>4.</strong></span> <span class='ocrx_word' id='word_1_245' title='bbox 1290 837 1417 865; x_wconf 79' lang='lat' dir='ltr'><strong>Collectio</strong></span> <span class='ocrx_word' id='word_1_246' title='bbox 1444 838 1586 868; x_wconf 73' lang='lat' dir='ltr'><strong>mirabilis,</strong></span> <span class='ocrx_word' id='word_1_247' title='bbox 1606 847 1629 866; x_wconf 91' lang='lat' dir='ltr'><strong>s.</strong></span> <span class='ocrx_word' id='word_1_248' title='bbox 1646 838 1689 865; x_wconf 86' lang='lat' dir='ltr'><strong>.lo.</strong></span> <span class='ocrx_word' id='word_1_249' title='bbox 1709 832 1784 866; x_wconf 66' lang='grc' dir='ltr'><strong>νει-εί</strong></span> 
     </span>
    </p>
   </div>
   <div class='ocr_carea' id='block_1_22' title="bbox 152 878 1787 916">
    <p class='ocr_par' dir='ltr' id='par_1_22' title="bbox 152 878 1787 916">
     <span class='ocr_line' id='line_1_22' title="bbox 152 878 1787 916; baseline 0.002 -11"><span class='ocrx_word' id='word_1_250' title='bbox 152 878 317 914; x_wconf 71' lang='lat' dir='ltr'><strong>Epigraphw,</strong></span> <span class='ocrx_word' id='word_1_251' title='bbox 330 884 383 906; x_wconf 87' lang='lat' dir='ltr'><strong>etc.</strong></span> <span class='ocrx_word' id='word_1_252' title='bbox 403 879 429 905; x_wconf 89' lang='lat' dir='ltr'><strong>in</strong></span> <span class='ocrx_word' id='word_1_253' title='bbox 447 880 498 906; x_wconf 87' lang='lat' dir='ltr'><strong>hoc</strong></span> <span class='ocrx_word' id='word_1_254' title='bbox 513 880 592 906; x_wconf 89' lang='lat' dir='ltr'><strong>etiam</strong></span> <span class='ocrx_word' id='word_1_255' title='bbox 607 881 667 906; x_wconf 89' lang='lat' dir='ltr'><strong>cod.</strong></span> <span class='ocrx_word' id='word_1_256' title='bbox 685 879 711 906; x_wconf 94' lang='lat' dir='ltr'><strong>in</strong></span> <span class='ocrx_word' id='word_1_257' title='bbox 726 880 779 907; x_wconf 84' lang='lat' dir='ltr'><strong>line</strong></span> <span class='ocrx_word' id='word_1_258' title='bbox 796 880 946 914; x_wconf 74' lang='lat' dir='ltr'><strong>opeiisalia</strong></span> <span class='ocrx_word' id='word_1_259' title='bbox 961 880 1112 907; x_wconf 70' lang='lat' dir='ltr'><strong>clIcruntut&#39;</strong></span> <span class='ocrx_word' id='word_1_260' title='bbox 1133 887 1272 916; x_wconf 78' lang='lat' dir='ltr'><strong>excerpta,</strong></span> <span class='ocrx_word' id='word_1_261' title='bbox 1302 890 1361 915; x_wconf 68' lang='lat' dir='ltr'><strong>quae</strong></span> <span class='ocrx_word' id='word_1_262' title='bbox 1386 885 1486 909; x_wconf 84' lang='lat' dir='ltr'><strong>desunt</strong></span> <span class='ocrx_word' id='word_1_263' title='bbox 1514 883 1541 910; x_wconf 92' lang='lat' dir='ltr'><strong>in</strong></span> <span class='ocrx_word' id='word_1_264' title='bbox 1564 883 1656 909; x_wconf 87' lang='lat' dir='ltr'><strong>Allatii</strong></span> <span class='ocrx_word' id='word_1_265' title='bbox 1683 883 1787 911; x_wconf 72' lang='lat' dir='ltr'><strong>ercia</strong></span> 
     </span>
    </p>
   </div>
   <div class='ocr_carea' id='block_1_23' title="bbox 152 923 1784 959">
    <p class='ocr_par' dir='ltr' id='par_1_23' title="bbox 152 923 1784 959">
     <span class='ocr_line' id='line_1_23' title="bbox 152 923 1784 959; baseline 0.003 -11"><span class='ocrx_word' id='word_1_266' title='bbox 152 924 308 955; x_wconf 64' lang='lat' dir='ltr'><strong>orthodoxa,</strong></span> <span class='ocrx_word' id='word_1_267' title='bbox 326 928 394 950; x_wconf 89' lang='lat' dir='ltr'><strong>tom.</strong></span> <span class='ocrx_word' id='word_1_268' title='bbox 410 923 443 955; x_wconf 83' lang='lat' dir='ltr'><strong>ll,</strong></span> <span class='ocrx_word' id='word_1_269' title='bbox 463 927 525 957; x_wconf 81' lang='lat' dir='ltr'><strong>post</strong></span> <span class='ocrx_word' id='word_1_270' title='bbox 538 931 596 958; x_wconf 76' lang='lat' dir='ltr'><strong>pag.</strong></span> <span class='ocrx_word' id='word_1_271' title='bbox 612 923 674 950; x_wconf 80' lang='grc'>611.</span> <span class='ocrx_word' id='word_1_272' title='bbox 693 923 755 950; x_wconf 83' lang='lat' dir='ltr'><strong>Vid.</strong></span> <span class='ocrx_word' id='word_1_273' title='bbox 772 924 886 951; x_wconf 85' lang='lat' dir='ltr'><strong>Bandin.</strong></span> <span class='ocrx_word' id='word_1_274' title='bbox 898 925 956 951; x_wconf 70' lang='lat' dir='ltr'><strong>(lat.</strong></span> <span class='ocrx_word' id='word_1_275' title='bbox 970 924 1049 951; x_wconf 87' lang='lat' dir='ltr'><strong>codd.</strong></span> <span class='ocrx_word' id='word_1_276' title='bbox 1061 924 1108 951; x_wconf 85' lang='lat' dir='ltr'><strong>Gr.</strong></span> <span class='ocrx_word' id='word_1_277' title='bbox 1132 924 1262 953; x_wconf 80' lang='lat' dir='ltr'><strong>Laurent.</strong></span> <span class='ocrx_word' id='word_1_278' title='bbox 1285 926 1304 957; x_wconf 86' lang='grc' dir='ltr'><strong>Ι,</strong></span> <span class='ocrx_word' id='word_1_279' title='bbox 1322 934 1348 959; x_wconf 92' lang='lat' dir='ltr'><strong>p.</strong></span> <span class='ocrx_word' id='word_1_280' title='bbox 1371 926 1422 952; x_wconf 72' lang='grc'><strong>185</strong></span> <span class='ocrx_word' id='word_1_281' title='bbox 1435 932 1462 953; x_wconf 87' lang='lat' dir='ltr'><strong>et</strong></span> <span class='ocrx_word' id='word_1_282' title='bbox 1473 926 1537 953; x_wconf 74' lang='grc'><strong>555.</strong></span> <span class='ocrx_word' id='word_1_283' title='bbox 1565 926 1684 954; x_wconf 73' lang='lat' dir='ltr'><strong>-—IJem</strong></span> <span class='ocrx_word' id='word_1_284' title='bbox 1717 927 1784 954; x_wconf 87' lang='lat' dir='ltr'><strong>ibid.</strong></span> 
     </span>
    </p>
   </div>
   <div class='ocr_carea' id='block_1_24' title="bbox 150 966 951 1005">
    <p class='ocr_par' dir='ltr' id='par_1_24' title="bbox 150 966 951 1002">
     <span class='ocr_line' id='line_1_24' title="bbox 150 966 951 1002; baseline 0.001 -9"><span class='ocrx_word' id='word_1_285' title='bbox 150 976 174 1001; x_wconf 92' lang='lat' dir='ltr'><strong>p.</strong></span> <span class='ocrx_word' id='word_1_286' title='bbox 190 968 251 997; x_wconf 68' lang='lat'><strong>546.</strong></span> <span class='ocrx_word' id='word_1_287' title='bbox 265 966 385 1001; x_wconf 80' lang='lat' dir='ltr'><strong>(-onjicit,</strong></span> <span class='ocrx_word' id='word_1_288' title='bbox 404 975 436 994; x_wconf 84' lang='lat' dir='ltr'><strong>ea</strong></span> <span class='ocrx_word' id='word_1_289' title='bbox 451 975 511 1002; x_wconf 80' lang='lat' dir='ltr'><strong>que</strong></span> <span class='ocrx_word' id='word_1_290' title='bbox 522 972 630 994; x_wconf 75' lang='lat' dir='ltr'><strong>exstant</strong></span> <span class='ocrx_word' id='word_1_291' title='bbox 646 968 672 994; x_wconf 91' lang='lat' dir='ltr'><strong>in</strong></span> <span class='ocrx_word' id='word_1_292' title='bbox 685 969 747 994; x_wconf 92' lang='lat' dir='ltr'><strong>cod.</strong></span> <span class='ocrx_word' id='word_1_293' title='bbox 761 968 806 999; x_wconf 66' lang='lat'><strong>22,</strong></span> <span class='ocrx_word' id='word_1_294' title='bbox 825 977 851 995; x_wconf 87' lang='grc' dir='ltr'>ιι.</span> <span class='ocrx_word' id='word_1_295' title='bbox 869 968 897 999; x_wconf 74' lang='grc'>4,</span> <span class='ocrx_word' id='word_1_296' title='bbox 910 969 951 1002; x_wconf 88' lang='lat' dir='ltr'><strong>pltl</strong></span> 
     </span>
    </p>
   </div>
   <div class='ocr_carea' id='block_1_25' title="bbox 984 966 1785 1005">
    <p class='ocr_par' dir='ltr' id='par_1_25' title="bbox 990 968 1785 1005">
     <span class='ocr_line' id='line_1_25' title="bbox 990 968 1785 1005; baseline 0.006 -12"><span class='ocrx_word' id='word_1_297' title='bbox 990 968 1018 997; x_wconf 71' lang='grc'><strong>4,</strong></span> <span class='ocrx_word' id='word_1_298' title='bbox 1037 969 1104 1002; x_wconf 73' lang='grc' dir='ltr'>Περὶ</span> <span class='ocrx_word' id='word_1_299' title='bbox 1114 969 1267 1003; x_wconf 73' lang='grc' dir='ltr'><strong>Τριαδικῆς</strong></span> <span class='ocrx_word' id='word_1_300' title='bbox 1282 970 1329 995; x_wconf 71' lang='grc' dir='ltr'><strong>καὶ</strong></span> <span class='ocrx_word' id='word_1_301' title='bbox 1347 970 1502 1005; x_wconf 80' lang='grc' dir='ltr'><strong>ἁσυγχύτου</strong></span> <span class='ocrx_word' id='word_1_302' title='bbox 1517 971 1631 1005; x_wconf 76' lang='grc' dir='ltr'><strong>τάξεως.</strong></span> <span class='ocrx_word' id='word_1_303' title='bbox 1645 971 1683 998; x_wconf 81' lang='lat' dir='ltr'><strong>De</strong></span> <span class='ocrx_word' id='word_1_304' title='bbox 1694 973 1785 998; x_wconf 84' lang='lat' dir='ltr'><strong>ordine</strong></span> 
     </span>
    </p>
   </div>
   <div class='ocr_carea' id='block_1_26' title="bbox 150 1011 1786 1049">
    <p class='ocr_par' dir='ltr' id='par_1_26' title="bbox 150 1011 1786 1049">
     <span class='ocr_line' id='line_1_26' title="bbox 150 1011 1786 1049; baseline 0.002 -11"><span class='ocrx_word' id='word_1_305' title='bbox 150 1011 288 1038; x_wconf 81' lang='lat' dir='ltr'><strong>Trinitatis</strong></span> <span class='ocrx_word' id='word_1_306' title='bbox 309 1020 481 1046; x_wconf 78' lang='lat' dir='ltr'><strong>personarum</strong></span> <span class='ocrx_word' id='word_1_307' title='bbox 499 1012 635 1042; x_wconf 79' lang='lat' dir='ltr'><strong>distincto,</strong></span> <span class='ocrx_word' id='word_1_308' title='bbox 653 1021 685 1039; x_wconf 79' lang='lat' dir='ltr'><strong>ex</strong></span> <span class='ocrx_word' id='word_1_309' title='bbox 703 1011 790 1039; x_wconf 85' lang='lat' dir='ltr'><strong>Vecco</strong></span> <span class='ocrx_word' id='word_1_310' title='bbox 804 1020 865 1040; x_wconf 87' lang='lat' dir='ltr'><strong>esse</strong></span> <span class='ocrx_word' id='word_1_311' title='bbox 885 1014 1039 1046; x_wconf 79' lang='lat' dir='ltr'><strong>desumpta,</strong></span> <span class='ocrx_word' id='word_1_312' title='bbox 1057 1013 1102 1047; x_wconf 89' lang='lat' dir='ltr'><strong>qui</strong></span> <span class='ocrx_word' id='word_1_313' title='bbox 1129 1013 1217 1039; x_wconf 82' lang='lat' dir='ltr'><strong>simile</strong></span> <span class='ocrx_word' id='word_1_314' title='bbox 1249 1014 1384 1047; x_wconf 85' lang='lat' dir='ltr'><strong>quoddam</strong></span> <span class='ocrx_word' id='word_1_315' title='bbox 1416 1022 1486 1049; x_wconf 87' lang='lat' dir='ltr'><strong>opus</strong></span> <span class='ocrx_word' id='word_1_316' title='bbox 1508 1016 1636 1047; x_wconf 81' lang='lat' dir='ltr'><strong>confecit,</strong></span> <span class='ocrx_word' id='word_1_317' title='bbox 1658 1017 1786 1042; x_wconf 82' lang='lat' dir='ltr'><strong>cdituma</strong></span> 
     </span>
    </p>
   </div>
   <div class='ocr_carea' id='block_1_27' title="bbox 148 1054 1788 1092">
    <p class='ocr_par' dir='ltr' id='par_1_27' title="bbox 148 1054 1788 1092">
     <span class='ocr_line' id='line_1_27' title="bbox 148 1054 1788 1092; baseline 0.003 -10"><span class='ocrx_word' id='word_1_318' title='bbox 148 1056 228 1082; x_wconf 71' lang='lat' dir='ltr'><strong>l’ctro</strong></span> <span class='ocrx_word' id='word_1_319' title='bbox 240 1056 372 1087; x_wconf 79' lang='lat' dir='ltr'><strong>Arcudio,</strong></span> <span class='ocrx_word' id='word_1_320' title='bbox 390 1054 483 1083; x_wconf 66' lang='lat' dir='ltr'><strong>Ronan</strong></span> <span class='ocrx_word' id='word_1_321' title='bbox 499 1056 615 1083; x_wconf 78' lang='lat'><strong>1650.-—</strong></span> <span class='ocrx_word' id='word_1_322' title='bbox 631 1055 731 1082; x_wconf 85' lang='lat' dir='ltr'><strong>Eadem</strong></span> <span class='ocrx_word' id='word_1_323' title='bbox 743 1056 904 1091; x_wconf 82' lang='grc' dir='ltr'><strong>ἐπιγραφῶν</strong></span> <span class='ocrx_word' id='word_1_324' title='bbox 921 1058 1057 1087; x_wconf 84' lang='lat' dir='ltr'><strong>collectio,</strong></span> <span class='ocrx_word' id='word_1_325' title='bbox 1087 1056 1171 1084; x_wconf 88' lang='lat' dir='ltr'><strong>Paris.</strong></span> <span class='ocrx_word' id='word_1_326' title='bbox 1186 1058 1211 1084; x_wconf 88' lang='lat' dir='ltr'><strong>in</strong></span> <span class='ocrx_word' id='word_1_327' title='bbox 1228 1058 1292 1084; x_wconf 87' lang='lat' dir='ltr'><strong>bibl.</strong></span> <span class='ocrx_word' id='word_1_328' title='bbox 1306 1059 1381 1092; x_wconf 90' lang='lat' dir='ltr'><strong>publ.</strong></span> <span class='ocrx_word' id='word_1_329' title='bbox 1396 1060 1458 1086; x_wconf 89' lang='lat' dir='ltr'><strong>cod.</strong></span> <span class='ocrx_word' id='word_1_330' title='bbox 1479 1059 1566 1092; x_wconf 65' lang='lat'><strong>{1270,</strong></span> <span class='ocrx_word' id='word_1_331' title='bbox 1580 1069 1607 1086; x_wconf 85' lang='grc' dir='ltr'>ιι.</span> <span class='ocrx_word' id='word_1_332' title='bbox 1633 1060 1661 1086; x_wconf 76' lang='grc'><strong>4.</strong></span> <span class='ocrx_word' id='word_1_333' title='bbox 1679 1074 1715 1080; x_wconf 91' lang='lat'><strong>——-</strong></span> <span class='ocrx_word' id='word_1_334' title='bbox 1731 1060 1788 1086; x_wconf 85' lang='lat' dir='ltr'><strong>Ma-</strong></span> 
     </span>
    </p>
   </div>
   <div class='ocr_carea' id='block_1_28' title="bbox 147 1098 1785 1137">
    <p class='ocr_par' dir='ltr' id='par_1_28' title="bbox 147 1098 1785 1137">
     <span class='ocr_line' id='line_1_28' title="bbox 147 1098 1785 1137; baseline 0.003 -11"><span class='ocrx_word' id='word_1_335' title='bbox 147 1100 214 1130; x_wconf 81' lang='lat' dir='ltr'><strong>triti,</strong></span> <span class='ocrx_word' id='word_1_336' title='bbox 228 1100 255 1126; x_wconf 89' lang='lat' dir='ltr'><strong>in</strong></span> <span class='ocrx_word' id='word_1_337' title='bbox 275 1101 336 1126; x_wconf 83' lang='lat' dir='ltr'><strong>cod.</strong></span> <span class='ocrx_word' id='word_1_338' title='bbox 350 1099 465 1132; x_wconf 57' lang='grc' dir='ltr'><strong>τριέίοῒῖ</strong></span> <span class='ocrx_word' id='word_1_339' title='bbox 485 1098 715 1134; x_wconf 84' lang='lat' dir='ltr'><strong>insnntGregorii</strong></span> <span class='ocrx_word' id='word_1_340' title='bbox 737 1099 854 1127; x_wconf 69' lang='lat' dir='ltr'><strong>Palat-ne</strong></span> <span class='ocrx_word' id='word_1_341' title='bbox 877 1101 910 1128; x_wconf 90' lang='lat' dir='ltr'><strong>de</strong></span> <span class='ocrx_word' id='word_1_342' title='bbox 934 1101 1109 1135; x_wconf 78' lang='lat' dir='ltr'><strong>prooessione</strong></span> <span class='ocrx_word' id='word_1_343' title='bbox 1135 1100 1255 1135; x_wconf 83' lang='lat' dir='ltr'><strong>Spiritus</strong></span> <span class='ocrx_word' id='word_1_344' title='bbox 1284 1103 1372 1128; x_wconf 87' lang='lat' dir='ltr'><strong>sancti</strong></span> <span class='ocrx_word' id='word_1_345' title='bbox 1393 1103 1561 1137; x_wconf 80' lang='lat' dir='ltr'><strong>Sermones;</strong></span> <span class='ocrx_word' id='word_1_346' title='bbox 1589 1103 1669 1131; x_wconf 85' lang='lat' dir='ltr'><strong>Joan.</strong></span> <span class='ocrx_word' id='word_1_347' title='bbox 1694 1104 1785 1131; x_wconf 84' lang='lat' dir='ltr'><strong>Becci-</strong></span> 
     </span>
    </p>
   </div>
   <div class='ocr_carea' id='block_1_29' title="bbox 145 1142 1785 1179">
    <p class='ocr_par' dir='ltr' id='par_1_29' title="bbox 145 1142 1785 1179">
     <span class='ocr_line' id='line_1_29' title="bbox 145 1142 1785 1179; baseline 0.003 -8"><span class='ocrx_word' id='word_1_348' title='bbox 145 1144 319 1178; x_wconf 68' lang='lat' dir='ltr'><strong>Epigrapltat,</strong></span> <span class='ocrx_word' id='word_1_349' title='bbox 334 1148 362 1170; x_wconf 86' lang='lat' dir='ltr'><strong>et</strong></span> <span class='ocrx_word' id='word_1_350' title='bbox 373 1142 492 1170; x_wconf 67' lang='lat' dir='ltr'><strong>Palamm</strong></span> <span class='ocrx_word' id='word_1_351' title='bbox 506 1144 741 1178; x_wconf 77' lang='lat' dir='ltr'><strong>Antiepigraplue;</strong></span> <span class='ocrx_word' id='word_1_352' title='bbox 756 1144 889 1171; x_wconf 72' lang='lat' dir='ltr'><strong>Barlaami</strong></span> <span class='ocrx_word' id='word_1_353' title='bbox 906 1145 1031 1173; x_wconf 84' lang='lat' dir='ltr'><strong>monachi</strong></span> <span class='ocrx_word' id='word_1_354' title='bbox 1049 1145 1082 1172; x_wconf 92' lang='lat' dir='ltr'><strong>de</strong></span> <span class='ocrx_word' id='word_1_355' title='bbox 1098 1146 1194 1172; x_wconf 85' lang='lat' dir='ltr'><strong>eodem</strong></span> <span class='ocrx_word' id='word_1_356' title='bbox 1213 1151 1386 1179; x_wconf 81' lang='lat' dir='ltr'><strong>argumento,</strong></span> <span class='ocrx_word' id='word_1_357' title='bbox 1404 1151 1457 1174; x_wconf 85' lang='lat' dir='ltr'><strong>etc.</strong></span> <span class='ocrx_word' id='word_1_358' title='bbox 1476 1146 1508 1174; x_wconf 84' lang='lat' dir='ltr'><strong>V.</strong></span> <span class='ocrx_word' id='word_1_359' title='bbox 1522 1148 1612 1176; x_wconf 88' lang='lat' dir='ltr'><strong>lriart.</strong></span> <span class='ocrx_word' id='word_1_360' title='bbox 1634 1148 1785 1176; x_wconf 83' lang='lat' dir='ltr'><strong>Cat.c‘odd.</strong></span> 
     </span>
    </p>
   </div>
   <div class='ocr_carea' id='block_1_30' title="bbox 146 1187 1784 1227">
    <p class='ocr_par' dir='ltr' id='par_1_30' title="bbox 146 1187 1784 1227">
     <span class='ocr_line' id='line_1_30' title="bbox 146 1187 1784 1227; baseline 0.004 -13"><span class='ocrx_word' id='word_1_361' title='bbox 146 1188 194 1215; x_wconf 87' lang='lat' dir='ltr'><strong>Gr.</strong></span> <span class='ocrx_word' id='word_1_362' title='bbox 209 1187 311 1214; x_wconf 73' lang='lat' dir='ltr'><strong>Matt-it.</strong></span> <span class='ocrx_word' id='word_1_363' title='bbox 329 1196 355 1222; x_wconf 91' lang='lat' dir='ltr'><strong>p.</strong></span> <span class='ocrx_word' id='word_1_364' title='bbox 368 1187 501 1222; x_wconf 62' lang='lat'><strong>279.5111].</strong></span> <span class='ocrx_word' id='word_1_365' title='bbox 523 1188 628 1222; x_wconf 81' lang='lat' dir='ltr'><strong>singula</strong></span> <span class='ocrx_word' id='word_1_366' title='bbox 646 1188 784 1223; x_wconf 79' lang='lat' dir='ltr'><strong>copiosius</strong></span> <span class='ocrx_word' id='word_1_367' title='bbox 801 1193 984 1222; x_wconf 56' lang='lat' dir='ltr'><strong>persecutum.</strong></span> <span class='ocrx_word' id='word_1_368' title='bbox 1003 1204 1039 1210; x_wconf 84' lang='lat'><strong>--</strong></span> <span class='ocrx_word' id='word_1_369' title='bbox 1058 1189 1085 1216; x_wconf 93' lang='lat' dir='ltr'><strong>ln</strong></span> <span class='ocrx_word' id='word_1_370' title='bbox 1104 1190 1164 1217; x_wconf 89' lang='lat' dir='ltr'><strong>cod.</strong></span> <span class='ocrx_word' id='word_1_371' title='bbox 1189 1191 1302 1217; x_wconf 73' lang='lat' dir='ltr'><strong>(Ioislin.</strong></span> <span class='ocrx_word' id='word_1_372' title='bbox 1315 1189 1344 1217; x_wconf 89' lang='lat' dir='ltr'><strong>C.</strong></span> <span class='ocrx_word' id='word_1_373' title='bbox 1360 1190 1494 1225; x_wconf 77' lang='lat' dir='ltr'><strong>Gregorii,</strong></span> <span class='ocrx_word' id='word_1_374' title='bbox 1518 1194 1640 1227; x_wconf 88' lang='lat' dir='ltr'><strong>archiep.</strong></span> <span class='ocrx_word' id='word_1_375' title='bbox 1659 1193 1784 1220; x_wconf 82' lang='lat' dir='ltr'><strong>Thcssal-</strong></span> 
     </span>
    </p>
   </div>
   <div class='ocr_carea' id='block_1_31' title="bbox 146 1231 1784 1272">
    <p class='ocr_par' dir='ltr' id='par_1_31' title="bbox 146 1231 1784 1272">
     <span class='ocr_line' id='line_1_31' title="bbox 146 1231 1784 1272; baseline 0.004 -15"><span class='ocrx_word' id='word_1_376' title='bbox 146 1237 244 1259; x_wconf 69' lang='lat' dir='ltr'><strong>contra</strong></span> <span class='ocrx_word' id='word_1_377' title='bbox 262 1231 379 1258; x_wconf 82' lang='lat' dir='ltr'><strong>Bcrcum</strong></span> <span class='ocrx_word' id='word_1_378' title='bbox 392 1232 483 1259; x_wconf 88' lang='lat' dir='ltr'><strong>etalia</strong></span> <span class='ocrx_word' id='word_1_379' title='bbox 500 1232 532 1259; x_wconf 89' lang='lat' dir='ltr'><strong>de</strong></span> <span class='ocrx_word' id='word_1_380' title='bbox 545 1233 639 1258; x_wconf 75' lang='lat' dir='ltr'><strong>eodem</strong></span> <span class='ocrx_word' id='word_1_381' title='bbox 658 1237 830 1265; x_wconf 77' lang='lat' dir='ltr'><strong>argumento.</strong></span> <span class='ocrx_word' id='word_1_382' title='bbox 847 1232 879 1259; x_wconf 77' lang='grc' dir='ltr'><strong>ν.</strong></span> <span class='ocrx_word' id='word_1_383' title='bbox 895 1233 1042 1260; x_wconf 85' lang='lat' dir='ltr'><strong>lllontl‘auc.</strong></span> <span class='ocrx_word' id='word_1_384' title='bbox 1064 1233 1135 1260; x_wconf 81' lang='lat' dir='ltr'><strong>Bibl.</strong></span> <span class='ocrx_word' id='word_1_385' title='bbox 1160 1233 1244 1261; x_wconf 77' lang='lat' dir='ltr'><strong>Coisl.</strong></span> <span class='ocrx_word' id='word_1_386' title='bbox 1270 1242 1297 1268; x_wconf 92' lang='lat' dir='ltr'><strong>p.</strong></span> <span class='ocrx_word' id='word_1_387' title='bbox 1317 1234 1364 1260; x_wconf 89' lang='grc'>171</span> <span class='ocrx_word' id='word_1_388' title='bbox 1386 1243 1427 1269; x_wconf 87' lang='lat' dir='ltr'><strong>sq.</strong></span> <span class='ocrx_word' id='word_1_389' title='bbox 1441 1236 1503 1264; x_wconf 76' lang='lat' dir='ltr'><strong>add.</strong></span> <span class='ocrx_word' id='word_1_390' title='bbox 1522 1236 1587 1263; x_wconf 83' lang='lat' dir='ltr'><strong>ibid.</strong></span> <span class='ocrx_word' id='word_1_391' title='bbox 1607 1244 1633 1271; x_wconf 91' lang='lat' dir='ltr'><strong>p.</strong></span> <span class='ocrx_word' id='word_1_392' title='bbox 1664 1237 1717 1264; x_wconf 79' lang='grc'>405</span> <span class='ocrx_word' id='word_1_393' title='bbox 1741 1245 1784 1272; x_wconf 82' lang='lat' dir='ltr'><strong>sq.</strong></span> 
     </span>
    </p>
   </div>
   <div class='ocr_carea' id='block_1_32' title="bbox 144 1276 1784 1314">
    <p class='ocr_par' dir='ltr' id='par_1_32' title="bbox 144 1276 1784 1314">
     <span class='ocr_line' id='line_1_32' title="bbox 144 1276 1784 1314; baseline 0.004 -12"><span class='ocrx_word' id='word_1_394' title='bbox 144 1290 179 1297; x_wconf 86' lang='lat'><strong>-—-</strong></span> <span class='ocrx_word' id='word_1_395' title='bbox 193 1276 275 1303; x_wconf 84' lang='lat' dir='ltr'><strong>Conl.</strong></span> <span class='ocrx_word' id='word_1_396' title='bbox 290 1276 392 1303; x_wconf 90' lang='lat' dir='ltr'><strong>Oudin.</strong></span> <span class='ocrx_word' id='word_1_397' title='bbox 407 1276 432 1303; x_wconf 95' lang='lat' dir='ltr'><strong>in</strong></span> <span class='ocrx_word' id='word_1_398' title='bbox 447 1276 601 1303; x_wconf 75' lang='lat' dir='ltr'><strong>Comment.</strong></span> <span class='ocrx_word' id='word_1_399' title='bbox 618 1277 652 1303; x_wconf 90' lang='lat' dir='ltr'><strong>de</strong></span> <span class='ocrx_word' id='word_1_400' title='bbox 663 1277 807 1311; x_wconf 86' lang='lat' dir='ltr'><strong>scriptorr.</strong></span> <span class='ocrx_word' id='word_1_401' title='bbox 820 1277 918 1304; x_wconf 84' lang='lat' dir='ltr'><strong>eccles.</strong></span> <span class='ocrx_word' id='word_1_402' title='bbox 932 1277 976 1310; x_wconf 88' lang='lat' dir='ltr'><strong>ill,</strong></span> <span class='ocrx_word' id='word_1_403' title='bbox 994 1286 1056 1312; x_wconf 84' lang='lat' dir='ltr'><strong>pag.</strong></span> <span class='ocrx_word' id='word_1_404' title='bbox 1081 1277 1132 1304; x_wconf 85' lang='lat'><strong>5|0</strong></span> <span class='ocrx_word' id='word_1_405' title='bbox 1151 1285 1206 1312; x_wconf 87' lang='lat' dir='ltr'><strong>sq.,</strong></span> <span class='ocrx_word' id='word_1_406' title='bbox 1222 1278 1255 1304; x_wconf 78' lang='lat' dir='ltr'><strong>ad</strong></span> <span class='ocrx_word' id='word_1_407' title='bbox 1283 1285 1308 1304; x_wconf 91' lang='lat' dir='ltr'><strong>a.</strong></span> <span class='ocrx_word' id='word_1_408' title='bbox 1324 1278 1403 1307; x_wconf 70' lang='lat'><strong>£270.</strong></span> <span class='ocrx_word' id='word_1_409' title='bbox 1420 1280 1466 1313; x_wconf 90' lang='lat' dir='ltr'><strong>qui</strong></span> <span class='ocrx_word' id='word_1_410' title='bbox 1498 1285 1628 1312; x_wconf 69' lang='lat' dir='ltr'><strong>praeterea</strong></span> <span class='ocrx_word' id='word_1_411' title='bbox 1660 1282 1784 1314; x_wconf 87' lang='lat' dir='ltr'><strong>adnotat,</strong></span> 
     </span>
    </p>
   </div>
   <div class='ocr_carea' id='block_1_33' title="bbox 146 1319 1787 1360">
    <p class='ocr_par' dir='ltr' id='par_1_33' title="bbox 146 1319 1787 1360">
     <span class='ocr_line' id='line_1_33' title="bbox 146 1319 1787 1360; baseline 0.004 -14"><span class='ocrx_word' id='word_1_412' title='bbox 146 1321 208 1347; x_wconf 86' lang='lat' dir='ltr'><strong>illas</strong></span> <span class='ocrx_word' id='word_1_413' title='bbox 223 1320 374 1347; x_wconf 84' lang='lat' dir='ltr'><strong>sententias</strong></span> <span class='ocrx_word' id='word_1_414' title='bbox 388 1328 403 1347; x_wconf 89' lang='lat' dir='ltr'><strong>a</strong></span> <span class='ocrx_word' id='word_1_415' title='bbox 415 1319 504 1347; x_wconf 83' lang='lat' dir='ltr'><strong>Vecco</strong></span> <span class='ocrx_word' id='word_1_416' title='bbox 520 1320 659 1352; x_wconf 78' lang='lat' dir='ltr'><strong>collectas,</strong></span> <span class='ocrx_word' id='word_1_417' title='bbox 676 1322 788 1355; x_wconf 80' lang='lat' dir='ltr'><strong>reperiri</strong></span> <span class='ocrx_word' id='word_1_418' title='bbox 805 1322 875 1355; x_wconf 90' lang='lat' dir='ltr'><strong>apud</strong></span> <span class='ocrx_word' id='word_1_419' title='bbox 893 1321 1021 1348; x_wconf 80' lang='lat' dir='ltr'><strong>Bzovimn</strong></span> <span class='ocrx_word' id='word_1_420' title='bbox 1038 1322 1065 1348; x_wconf 91' lang='lat' dir='ltr'><strong>in</strong></span> <span class='ocrx_word' id='word_1_421' title='bbox 1080 1322 1239 1352; x_wconf 74' lang='lat' dir='ltr'><strong>Annalibus,</strong></span> <span class='ocrx_word' id='word_1_422' title='bbox 1259 1326 1323 1348; x_wconf 85' lang='lat' dir='ltr'><strong>tom.</strong></span> <span class='ocrx_word' id='word_1_423' title='bbox 1348 1322 1418 1353; x_wconf 81' lang='lat' dir='ltr'><strong>XIV.</strong></span> <span class='ocrx_word' id='word_1_424' title='bbox 1434 1323 1468 1350; x_wconf 91' lang='lat' dir='ltr'><strong>ad</strong></span> <span class='ocrx_word' id='word_1_425' title='bbox 1481 1332 1505 1350; x_wconf 80' lang='grc' dir='ltr'>ιι.</span> <span class='ocrx_word' id='word_1_426' title='bbox 1524 1324 1603 1356; x_wconf 79' lang='grc'>1559,</span> <span class='ocrx_word' id='word_1_427' title='bbox 1633 1325 1695 1353; x_wconf 90' lang='lat' dir='ltr'><strong>item</strong></span> <span class='ocrx_word' id='word_1_428' title='bbox 1720 1325 1787 1360; x_wconf 81' lang='lat' dir='ltr'><strong>Epi-</strong></span> 
     </span>
    </p>
   </div>
   <div class='ocr_carea' id='block_1_34' title="bbox 144 1363 1786 1398">
    <p class='ocr_par' dir='ltr' id='par_1_34' title="bbox 144 1363 1786 1398">
     <span class='ocr_line' id='line_1_34' title="bbox 144 1363 1786 1398; baseline 0.004 -8"><span class='ocrx_word' id='word_1_429' title='bbox 144 1365 242 1390; x_wconf 68' lang='lat' dir='ltr'><strong>stolum</strong></span> <span class='ocrx_word' id='word_1_430' title='bbox 257 1363 336 1391; x_wconf 82' lang='lat' dir='ltr'><strong>Juan.</strong></span> <span class='ocrx_word' id='word_1_431' title='bbox 356 1363 433 1391; x_wconf 86' lang='lat' dir='ltr'><strong>Vecei</strong></span> <span class='ocrx_word' id='word_1_432' title='bbox 455 1366 489 1389; x_wconf 83' lang='lat' dir='ltr'><strong>ad</strong></span> <span class='ocrx_word' id='word_1_433' title='bbox 498 1363 644 1390; x_wconf 78' lang='lat' dir='ltr'><strong>Romanum</strong></span> <span class='ocrx_word' id='word_1_434' title='bbox 659 1365 808 1398; x_wconf 84' lang='lat' dir='ltr'><strong>pontiﬁcem</strong></span> <span class='ocrx_word' id='word_1_435' title='bbox 822 1372 867 1391; x_wconf 86' lang='lat' dir='ltr'><strong>an.</strong></span> <span class='ocrx_word' id='word_1_436' title='bbox 893 1365 959 1392; x_wconf 69' lang='lat'><strong>1277</strong></span> <span class='ocrx_word' id='word_1_437' title='bbox 977 1366 1088 1392; x_wconf 81' lang='lat' dir='ltr'><strong>missam</strong></span> <span class='ocrx_word' id='word_1_438' title='bbox 1106 1373 1167 1393; x_wconf 80' lang='lat' dir='ltr'><strong>esse</strong></span> <span class='ocrx_word' id='word_1_439' title='bbox 1185 1365 1232 1393; x_wconf 89' lang='lat' dir='ltr'><strong>Gr.</strong></span> <span class='ocrx_word' id='word_1_440' title='bbox 1248 1372 1275 1393; x_wconf 89' lang='lat' dir='ltr'><strong>et</strong></span> <span class='ocrx_word' id='word_1_441' title='bbox 1287 1366 1345 1394; x_wconf 85' lang='lat' dir='ltr'><strong>Lat.</strong></span> <span class='ocrx_word' id='word_1_442' title='bbox 1368 1368 1394 1394; x_wconf 94' lang='lat' dir='ltr'><strong>in</strong></span> <span class='ocrx_word' id='word_1_443' title='bbox 1411 1369 1547 1398; x_wconf 78' lang='lat' dir='ltr'><strong>consiliis,</strong></span> <span class='ocrx_word' id='word_1_444' title='bbox 1569 1371 1613 1396; x_wconf 91' lang='lat' dir='ltr'><strong>ed.</strong></span> <span class='ocrx_word' id='word_1_445' title='bbox 1635 1369 1786 1398; x_wconf 65' lang='lat' dir='ltr'><strong>Labbeanaa</strong></span> 
     </span>
    </p>
   </div>
   <div class='ocr_carea' id='block_1_35' title="bbox 145 1406 1784 1445">
    <p class='ocr_par' dir='ltr' id='par_1_35' title="bbox 145 1406 1784 1445">
     <span class='ocr_line' id='line_1_35' title="bbox 145 1406 1784 1445; baseline 0.004 -10"><span class='ocrx_word' id='word_1_446' title='bbox 145 1413 214 1435; x_wconf 89' lang='grc' dir='ltr'>ιοιιι.</span> <span class='ocrx_word' id='word_1_447' title='bbox 232 1408 279 1439; x_wconf 69' lang='lat' dir='ltr'><strong>Kl,</strong></span> <span class='ocrx_word' id='word_1_448' title='bbox 294 1410 348 1435; x_wconf 83' lang='lat' dir='ltr'><strong>col.</strong></span> <span class='ocrx_word' id='word_1_449' title='bbox 368 1409 447 1436; x_wconf 78' lang='grc'>1055.</span> <span class='ocrx_word' id='word_1_450' title='bbox 464 1406 537 1435; x_wconf 80' lang='lat' dir='ltr'><strong>Idem</strong></span> <span class='ocrx_word' id='word_1_451' title='bbox 557 1417 572 1435; x_wconf 89' lang='lat' dir='ltr'><strong>a</strong></span> <span class='ocrx_word' id='word_1_452' title='bbox 591 1417 651 1444; x_wconf 79' lang='lat' dir='ltr'><strong>pag.</strong></span> <span class='ocrx_word' id='word_1_453' title='bbox 668 1410 729 1441; x_wconf 78' lang='grc'>506,</span> <span class='ocrx_word' id='word_1_454' title='bbox 749 1410 890 1436; x_wconf 78' lang='lat' dir='ltr'><strong>historiam</strong></span> <span class='ocrx_word' id='word_1_455' title='bbox 917 1410 1026 1445; x_wconf 80' lang='lat' dir='ltr'><strong>lataque</strong></span> <span class='ocrx_word' id='word_1_456' title='bbox 1039 1408 1119 1437; x_wconf 75' lang='lat' dir='ltr'><strong>Vacci</strong></span> <span class='ocrx_word' id='word_1_457' title='bbox 1138 1414 1165 1436; x_wconf 91' lang='lat' dir='ltr'><strong>et</strong></span> <span class='ocrx_word' id='word_1_458' title='bbox 1189 1412 1394 1439; x_wconf 79' lang='lat' dir='ltr'><strong>controversias</strong></span> <span class='ocrx_word' id='word_1_459' title='bbox 1406 1412 1468 1440; x_wconf 86' lang='lat' dir='ltr'><strong>inde</strong></span> <span class='ocrx_word' id='word_1_460' title='bbox 1488 1420 1583 1441; x_wconf 84' lang='lat' dir='ltr'><strong>enatas</strong></span> <span class='ocrx_word' id='word_1_461' title='bbox 1598 1414 1687 1442; x_wconf 80' lang='lat' dir='ltr'><strong>fusius</strong></span> <span class='ocrx_word' id='word_1_462' title='bbox 1700 1423 1784 1442; x_wconf 80' lang='lat' dir='ltr'><strong>enar-</strong></span> 
     </span>
    </p>
   </div>
   <div class='ocr_carea' id='block_1_36' title="bbox 145 1453 1781 1492">
    <p class='ocr_par' dir='ltr' id='par_1_36' title="bbox 145 1453 1781 1492">
     <span class='ocr_line' id='line_1_36' title="bbox 145 1453 1781 1492; baseline 0.006 -14"><span class='ocrx_word' id='word_1_463' title='bbox 145 1457 200 1484; x_wconf 84' lang='lat' dir='ltr'><strong>rat,</strong></span> <span class='ocrx_word' id='word_1_464' title='bbox 219 1459 408 1488; x_wconf 75' lang='lat' dir='ltr'><strong>provocatque</strong></span> <span class='ocrx_word' id='word_1_465' title='bbox 422 1455 454 1480; x_wconf 88' lang='lat' dir='ltr'><strong>ad</strong></span> <span class='ocrx_word' id='word_1_466' title='bbox 471 1453 553 1481; x_wconf 87' lang='lat' dir='ltr'><strong>llenr.</strong></span> <span class='ocrx_word' id='word_1_467' title='bbox 569 1455 746 1488; x_wconf 83' lang='lat' dir='ltr'><strong>Spondanum</strong></span> <span class='ocrx_word' id='word_1_468' title='bbox 761 1455 788 1481; x_wconf 85' lang='lat' dir='ltr'><strong>in</strong></span> <span class='ocrx_word' id='word_1_469' title='bbox 800 1455 1005 1482; x_wconf 88' lang='lat' dir='ltr'><strong>continttatione</strong></span> <span class='ocrx_word' id='word_1_470' title='bbox 1020 1455 1119 1482; x_wconf 78' lang='lat' dir='ltr'><strong>Annal.</strong></span> <span class='ocrx_word' id='word_1_471' title='bbox 1135 1454 1245 1481; x_wconf 86' lang='lat' dir='ltr'><strong>Baronii</strong></span> <span class='ocrx_word' id='word_1_472' title='bbox 1260 1455 1292 1482; x_wconf 87' lang='lat' dir='ltr'><strong>ad</strong></span> <span class='ocrx_word' id='word_1_473' title='bbox 1307 1463 1333 1482; x_wconf 86' lang='lat' dir='ltr'><strong>a.</strong></span> <span class='ocrx_word' id='word_1_474' title='bbox 1347 1453 1425 1489; x_wconf 78' lang='grc'><strong>1274,</strong></span> <span class='ocrx_word' id='word_1_475' title='bbox 1444 1465 1471 1484; x_wconf 88' lang='lat' dir='ltr'><strong>n.</strong></span> <span class='ocrx_word' id='word_1_476' title='bbox 1488 1457 1543 1488; x_wconf 78' lang='lat' dir='ltr'><strong>l5:</strong></span> <span class='ocrx_word' id='word_1_477' title='bbox 1559 1459 1591 1485; x_wconf 85' lang='lat' dir='ltr'><strong>ad</strong></span> <span class='ocrx_word' id='word_1_478' title='bbox 1608 1466 1634 1485; x_wconf 89' lang='lat' dir='ltr'><strong>a.</strong></span> <span class='ocrx_word' id='word_1_479' title='bbox 1648 1459 1729 1492; x_wconf 69' lang='grc'><strong>1285,</strong></span> <span class='ocrx_word' id='word_1_480' title='bbox 1754 1468 1781 1488; x_wconf 88' lang='grc' dir='ltr'>ιι.</span> 
     </span>
    </p>
   </div>
   <div class='ocr_carea' id='block_1_37' title="bbox 144 1496 1785 1536">
    <p class='ocr_par' dir='ltr' id='par_1_37' title="bbox 144 1496 1785 1536">
     <span class='ocr_line' id='line_1_37' title="bbox 144 1496 1785 1536; baseline 0.005 -13"><span class='ocrx_word' id='word_1_481' title='bbox 144 1497 163 1523; x_wconf 89' lang='lat'><strong>9</strong></span> <span class='ocrx_word' id='word_1_482' title='bbox 176 1502 203 1523; x_wconf 88' lang='lat' dir='ltr'><strong>et</strong></span> <span class='ocrx_word' id='word_1_483' title='bbox 220 1497 267 1528; x_wconf 82' lang='lat' dir='ltr'><strong>l0;</strong></span> <span class='ocrx_word' id='word_1_484' title='bbox 282 1504 365 1532; x_wconf 80' lang='lat' dir='ltr'><strong>atque</strong></span> <span class='ocrx_word' id='word_1_485' title='bbox 382 1498 415 1524; x_wconf 90' lang='lat' dir='ltr'><strong>ad</strong></span> <span class='ocrx_word' id='word_1_486' title='bbox 429 1498 529 1525; x_wconf 80' lang='lat' dir='ltr'><strong>Anton.</strong></span> <span class='ocrx_word' id='word_1_487' title='bbox 546 1498 708 1530; x_wconf 80' lang='lat' dir='ltr'><strong>Arnoldum,</strong></span> <span class='ocrx_word' id='word_1_488' title='bbox 725 1499 861 1525; x_wconf 81' lang='lat' dir='ltr'><strong>doctorem</strong></span> <span class='ocrx_word' id='word_1_489' title='bbox 879 1498 1022 1526; x_wconf 75' lang='lat' dir='ltr'><strong>Sarbonic.</strong></span> <span class='ocrx_word' id='word_1_490' title='bbox 1046 1498 1084 1525; x_wconf 83' lang='lat' dir='ltr'><strong>De</strong></span> <span class='ocrx_word' id='word_1_491' title='bbox 1095 1504 1219 1532; x_wconf 78' lang='lat' dir='ltr'><strong>perpetua</strong></span> <span class='ocrx_word' id='word_1_492' title='bbox 1239 1498 1364 1527; x_wconf 71' lang='lat' dir='ltr'><strong>Ecclesite</strong></span> <span class='ocrx_word' id='word_1_493' title='bbox 1379 1500 1518 1528; x_wconf 73' lang='lat' dir='ltr'><strong>catholica:</strong></span> <span class='ocrx_word' id='word_1_494' title='bbox 1526 1496 1578 1536; x_wconf 71' lang='lat' dir='ltr'><strong>ﬁde</strong></span> <span class='ocrx_word' id='word_1_495' title='bbox 1590 1503 1661 1530; x_wconf 78' lang='lat' dir='ltr'><strong>circa</strong></span> <span class='ocrx_word' id='word_1_496' title='bbox 1675 1503 1785 1532; x_wconf 74' lang='lat' dir='ltr'><strong>Eur/ta-</strong></span> 
     </span>
    </p>
   </div>
   <div class='ocr_carea' id='block_1_38' title="bbox 146 1541 1100 1579">
    <p class='ocr_par' dir='ltr' id='par_1_38' title="bbox 146 1541 1100 1579">
     <span class='ocr_line' id='line_1_38' title="bbox 146 1541 1100 1579; baseline 0.003 -12"><span class='ocrx_word' id='word_1_497' title='bbox 146 1542 233 1568; x_wconf 79' lang='lat' dir='ltr'><strong>ristire</strong></span> <span class='ocrx_word' id='word_1_498' title='bbox 245 1547 452 1574; x_wconf 77' lang='lat' dir='ltr'><strong>sacramentum,</strong></span> <span class='ocrx_word' id='word_1_499' title='bbox 466 1543 512 1570; x_wconf 90' lang='lat' dir='ltr'><strong>lib.</strong></span> <span class='ocrx_word' id='word_1_500' title='bbox 529 1551 569 1575; x_wconf 90' lang='lat' dir='ltr'><strong>ttt,</strong></span> <span class='ocrx_word' id='word_1_501' title='bbox 582 1550 660 1577; x_wconf 87' lang='lat' dir='ltr'><strong>capp.</strong></span> <span class='ocrx_word' id='word_1_502' title='bbox 678 1543 695 1569; x_wconf 75' lang='grc'><strong>5</strong></span> <span class='ocrx_word' id='word_1_503' title='bbox 711 1549 737 1570; x_wconf 91' lang='lat' dir='ltr'><strong>et</strong></span> <span class='ocrx_word' id='word_1_504' title='bbox 753 1543 779 1575; x_wconf 71' lang='grc'><strong>1,</strong></span> <span class='ocrx_word' id='word_1_505' title='bbox 798 1551 861 1579; x_wconf 75' lang='lat' dir='ltr'><strong>pag.</strong></span> <span class='ocrx_word' id='word_1_506' title='bbox 874 1543 927 1570; x_wconf 73' lang='lat'><strong>299</strong></span> <span class='ocrx_word' id='word_1_507' title='bbox 940 1550 1002 1577; x_wconf 86' lang='lat' dir='ltr'><strong>sqq.</strong></span> <span class='ocrx_word' id='word_1_508' title='bbox 1024 1541 1100 1570; x_wconf 78' lang='lat' dir='ltr'><strong>Harl.</strong></span> 
     </span>
    </p>
   </div>
   <div class='ocr_carea' id='block_1_39' title="bbox 183 1597 984 1640">
    <p class='ocr_par' dir='ltr' id='par_1_39' title="bbox 183 1597 984 1633">
     <span class='ocr_line' id='line_1_39' title="bbox 183 1597 984 1633; baseline 0.001 -9"><span class='ocrx_word' id='word_1_509' title='bbox 183 1597 317 1625; x_wconf 78' lang='lat' dir='ltr'><strong>Memorat</strong></span> <span class='ocrx_word' id='word_1_510' title='bbox 332 1598 413 1625; x_wconf 88' lang='lat' dir='ltr'><strong>etiam</strong></span> <span class='ocrx_word' id='word_1_511' title='bbox 426 1598 554 1632; x_wconf 89' lang='lat' dir='ltr'><strong>Allatins,</strong></span> <span class='ocrx_word' id='word_1_512' title='bbox 572 1606 598 1633; x_wconf 91' lang='lat' dir='ltr'><strong>p.</strong></span> <span class='ocrx_word' id='word_1_513' title='bbox 616 1599 677 1630; x_wconf 78' lang='lat' dir='ltr'><strong>7G7,</strong></span> <span class='ocrx_word' id='word_1_514' title='bbox 695 1598 733 1625; x_wconf 84' lang='lat' dir='ltr'><strong>De</strong></span> <span class='ocrx_word' id='word_1_515' title='bbox 751 1607 890 1631; x_wconf 70' lang='lat' dir='ltr'><strong>consensu,</strong></span> <span class='ocrx_word' id='word_1_516' title='bbox 905 1600 984 1633; x_wconf 80' lang='grc' dir='ltr'><strong>Κεφά</strong></span> 
     </span>
    </p>
   </div>
   <div class='ocr_carea' id='block_1_40' title="bbox 981 1597 1782 1640">
    <p class='ocr_par' dir='ltr' id='par_1_40' title="bbox 981 1599 1782 1640">
     <span class='ocr_line' id='line_1_40' title="bbox 981 1599 1782 1640; baseline 0.011 -15"><span class='ocrx_word' id='word_1_517' title='bbox 981 1599 1049 1626; x_wconf 72' lang='grc' dir='ltr'>ελαιὰ</span> <span class='ocrx_word' id='word_1_518' title='bbox 1060 1608 1122 1626; x_wconf 83' lang='grc' dir='ltr'><strong>τινα</strong></span> <span class='ocrx_word' id='word_1_519' title='bbox 1135 1600 1199 1635; x_wconf 76' lang='grc' dir='ltr'><strong>περὶ</strong></span> <span class='ocrx_word' id='word_1_520' title='bbox 1212 1600 1260 1627; x_wconf 81' lang='grc' dir='ltr'><strong>τοῦ</strong></span> <span class='ocrx_word' id='word_1_521' title='bbox 1273 1600 1353 1634; x_wconf 78' lang='grc' dir='ltr'>ἁγίου</span> <span class='ocrx_word' id='word_1_522' title='bbox 1374 1601 1544 1637; x_wconf 71' lang='grc' dir='ltr'><strong>Πνεύματος,</strong></span> <span class='ocrx_word' id='word_1_523' title='bbox 1561 1609 1648 1639; x_wconf 82' lang='lat' dir='ltr'><strong>captla</strong></span> <span class='ocrx_word' id='word_1_524' title='bbox 1660 1607 1782 1640; x_wconf 61' lang='lat' dir='ltr'><strong>quoniam</strong></span> 
     </span>
    </p>
   </div>
   <div class='ocr_carea' id='block_1_41' title="bbox 145 1640 946 1680">
    <p class='ocr_par' dir='ltr' id='par_1_41' title="bbox 145 1640 946 1676">
     <span class='ocr_line' id='line_1_41' title="bbox 145 1640 946 1676; baseline 0.001 -8"><span class='ocrx_word' id='word_1_525' title='bbox 145 1643 179 1668; x_wconf 81' lang='lat' dir='ltr'><strong>de</strong></span> <span class='ocrx_word' id='word_1_526' title='bbox 193 1641 298 1676; x_wconf 85' lang='lat' dir='ltr'><strong>Spiritu</strong></span> <span class='ocrx_word' id='word_1_527' title='bbox 311 1647 413 1668; x_wconf 74' lang='lat' dir='ltr'><strong>sancto.</strong></span> <span class='ocrx_word' id='word_1_528' title='bbox 427 1642 512 1676; x_wconf 90' lang='lat' dir='ltr'><strong>lncip.</strong></span> <span class='ocrx_word' id='word_1_529' title='bbox 543 1640 611 1669; x_wconf 79' lang='grc' dir='ltr'><strong>Εἶτα</strong></span> <span class='ocrx_word' id='word_1_530' title='bbox 628 1643 674 1669; x_wconf 80' lang='grc' dir='ltr'><strong>καὶ</strong></span> <span class='ocrx_word' id='word_1_531' title='bbox 697 1643 779 1670; x_wconf 76' lang='grc' dir='ltr'>πάλιν</span> <span class='ocrx_word' id='word_1_532' title='bbox 794 1644 817 1669; x_wconf 87' lang='grc' dir='ltr'><strong>οἱ</strong></span> <span class='ocrx_word' id='word_1_533' title='bbox 836 1644 913 1669; x_wconf 84' lang='grc' dir='ltr'>αὐτοὶ</span> <span class='ocrx_word' id='word_1_534' title='bbox 944 1653 946 1669; x_wconf 78' lang='lat'><em>:</em></span> 
     </span>
    </p>
   </div>
   <div class='ocr_carea' id='block_1_42' title="bbox 979 1640 1780 1680">
    <p class='ocr_par' dir='ltr' id='par_1_42' title="bbox 981 1644 1780 1680">
     <span class='ocr_line' id='line_1_42' title="bbox 981 1644 1780 1680; baseline 0.013 -11"><span class='ocrx_word' id='word_1_535' title='bbox 981 1644 1004 1669; x_wconf 84' lang='grc' dir='ltr'><strong>θ’</strong></span> <span class='ocrx_word' id='word_1_536' title='bbox 1032 1644 1106 1678; x_wconf 79' lang='grc' dir='ltr'><strong>ἑξῆς.</strong></span> <span class='ocrx_word' id='word_1_537' title='bbox 1129 1645 1240 1672; x_wconf 88' lang='lat' dir='ltr'><strong>Necnon</strong></span> <span class='ocrx_word' id='word_1_538' title='bbox 1261 1645 1365 1673; x_wconf 74' lang='lat' dir='ltr'><strong>Titulus</strong></span> <span class='ocrx_word' id='word_1_539' title='bbox 1385 1646 1416 1673; x_wconf 85' lang='lat' dir='ltr'><strong>de</strong></span> <span class='ocrx_word' id='word_1_540' title='bbox 1430 1655 1518 1675; x_wconf 74' lang='lat' dir='ltr'><strong>reum</strong></span> <span class='ocrx_word' id='word_1_541' title='bbox 1534 1650 1604 1676; x_wconf 76' lang='lat' dir='ltr'><strong>natis</strong></span> <span class='ocrx_word' id='word_1_542' title='bbox 1625 1650 1780 1680; x_wconf 66' lang='lat' dir='ltr'><strong>Iiwi&#39;eaibus.</strong></span> 
     </span>
    </p>
   </div>
   <div class='ocr_carea' id='block_1_43' title="bbox 146 1685 1166 1724">
    <p class='ocr_par' dir='ltr' id='par_1_43' title="bbox 146 1685 1166 1724">
     <span class='ocr_line' id='line_1_43' title="bbox 146 1685 1166 1724; baseline 0.002 -11"><span class='ocrx_word' id='word_1_543' title='bbox 146 1686 246 1720; x_wconf 90' lang='lat' dir='ltr'><strong>Incipit</strong></span> <span class='ocrx_word' id='word_1_544' title='bbox 261 1694 268 1713; x_wconf 92' lang='lat'><strong>:</strong></span> <span class='ocrx_word' id='word_1_545' title='bbox 289 1685 421 1720; x_wconf 85' lang='grc' dir='ltr'><strong>Ἐμελλεν</strong></span> <span class='ocrx_word' id='word_1_546' title='bbox 434 1686 478 1721; x_wconf 83' lang='grc' dir='ltr'><strong>ἄρ’</strong></span> <span class='ocrx_word' id='word_1_547' title='bbox 490 1686 546 1712; x_wconf 77' lang='grc' dir='ltr'><strong>ἀντ’</strong></span> <span class='ocrx_word' id='word_1_548' title='bbox 564 1686 714 1712; x_wconf 74' lang='grc' dir='ltr'><strong>ἐπισκόπου</strong></span> <span class='ocrx_word' id='word_1_549' title='bbox 728 1686 798 1713; x_wconf 78' lang='grc' dir='ltr'>κατὰ</span> <span class='ocrx_word' id='word_1_550' title='bbox 813 1686 895 1713; x_wconf 85' lang='grc' dir='ltr'><strong>λύκου</strong></span> <span class='ocrx_word' id='word_1_551' title='bbox 911 1689 958 1713; x_wconf 77' lang='grc' dir='ltr'><strong>καὶ</strong></span> <span class='ocrx_word' id='word_1_552' title='bbox 978 1689 1166 1724; x_wconf 77' lang='grc' dir='ltr'><strong>αἱρεσιάρχου.</strong></span> 
     </span>
    </p>
   </div>
   <div class='ocr_carea' id='block_1_44' title="bbox 182 1741 1783 1786">
    <p class='ocr_par' dir='ltr' id='par_1_44' title="bbox 182 1741 1783 1786">
     <span class='ocr_line' id='line_1_44' title="bbox 182 1741 1783 1786; baseline 0.006 -18"><span class='ocrx_word' id='word_1_553' title='bbox 182 1741 246 1768; x_wconf 74' lang='lat' dir='ltr'><strong>Nic.</strong></span> <span class='ocrx_word' id='word_1_554' title='bbox 261 1741 430 1775; x_wconf 88' lang='lat' dir='ltr'><strong>Comnenus,</strong></span> <span class='ocrx_word' id='word_1_555' title='bbox 448 1750 509 1777; x_wconf 84' lang='lat' dir='ltr'><strong>pag.</strong></span> <span class='ocrx_word' id='word_1_556' title='bbox 526 1743 560 1770; x_wconf 72' lang='grc'><strong>14</strong></span> <span class='ocrx_word' id='word_1_557' title='bbox 570 1742 689 1770; x_wconf 76' lang='grc' dir='ltr'><strong>Ρνωηοι.</strong></span> <span class='ocrx_word' id='word_1_558' title='bbox 703 1748 849 1778; x_wconf 76' lang='lat' dir='ltr'><strong>mystagog.</strong></span> <span class='ocrx_word' id='word_1_559' title='bbox 862 1743 927 1770; x_wconf 84' lang='lat' dir='ltr'><strong>citat</strong></span> <span class='ocrx_word' id='word_1_560' title='bbox 941 1742 983 1770; x_wconf 80' lang='lat' dir='ltr'><strong>Jo.</strong></span> <span class='ocrx_word' id='word_1_561' title='bbox 1001 1742 1079 1770; x_wconf 85' lang='lat' dir='ltr'><strong>Vecci</strong></span> <span class='ocrx_word' id='word_1_562' title='bbox 1098 1744 1252 1772; x_wconf 81' lang='lat' dir='ltr'><strong>Orationem</strong></span> <span class='ocrx_word' id='word_1_563' title='bbox 1275 1745 1291 1772; x_wconf 85' lang='grc'>1</span> <span class='ocrx_word' id='word_1_564' title='bbox 1305 1746 1338 1774; x_wconf 82' lang='lat' dir='ltr'><strong>de</strong></span> <span class='ocrx_word' id='word_1_565' title='bbox 1355 1747 1561 1782; x_wconf 75' lang='lat' dir='ltr'><strong>inauguratioue</strong></span> <span class='ocrx_word' id='word_1_566' title='bbox 1573 1757 1633 1783; x_wconf 75' lang='lat' dir='ltr'><strong>tua,</strong></span> <span class='ocrx_word' id='word_1_567' title='bbox 1657 1758 1718 1786; x_wconf 68' lang='lat' dir='ltr'><strong>qua:</strong></span> <span class='ocrx_word' id='word_1_568' title='bbox 1745 1752 1783 1781; x_wconf 81' lang='lat' dir='ltr'><strong>in.</strong></span> 
     </span>
    </p>
   </div>
   <div class='ocr_carea' id='block_1_45' title="bbox 146 1785 1295 1824">
    <p class='ocr_par' dir='ltr' id='par_1_45' title="bbox 146 1785 1295 1824">
     <span class='ocr_line' id='line_1_45' title="bbox 146 1785 1295 1824; baseline 0.003 -12"><span class='ocrx_word' id='word_1_569' title='bbox 146 1785 214 1821; x_wconf 88' lang='lat' dir='ltr'><strong>cipit</strong></span> <span class='ocrx_word' id='word_1_570' title='bbox 235 1794 242 1813; x_wconf 94' lang='lat'><strong>:</strong></span> <span class='ocrx_word' id='word_1_571' title='bbox 263 1786 414 1813; x_wconf 79' lang='grc' dir='ltr'><strong>Ἀκούσατε</strong></span> <span class='ocrx_word' id='word_1_572' title='bbox 434 1787 506 1822; x_wconf 77' lang='grc' dir='ltr'><strong>ἱερὸν</strong></span> <span class='ocrx_word' id='word_1_573' title='bbox 526 1787 679 1823; x_wconf 79' lang='grc' dir='ltr'><strong>συνέδριον,</strong></span> <span class='ocrx_word' id='word_1_574' title='bbox 693 1787 765 1821; x_wconf 82' lang='grc' dir='ltr'><strong>φίλοι</strong></span> <span class='ocrx_word' id='word_1_575' title='bbox 781 1788 1008 1823; x_wconf 83' lang='grc' dir='ltr'><strong>συμπράκτορες,</strong></span> <span class='ocrx_word' id='word_1_576' title='bbox 1021 1788 1161 1823; x_wconf 79' lang='grc' dir='ltr'><strong>ἀρχιερεῖς</strong></span> <span class='ocrx_word' id='word_1_577' title='bbox 1176 1789 1295 1824; x_wconf 78' lang='grc' dir='ltr'><strong>ἀδελφοί.</strong></span> 
     </span>
    </p>
   </div>
   <div class='ocr_carea' id='block_1_46' title="bbox 178 1843 1061 1879">
    <p class='ocr_par' dir='ltr' id='par_1_46' title="bbox 178 1843 1061 1879">
     <span class='ocr_line' id='line_1_46' title="bbox 178 1843 1061 1879; baseline 0.001 -10"><span class='ocrx_word' id='word_1_578' title='bbox 178 1843 338 1870; x_wconf 72' lang='lat' dir='ltr'><strong>Orationem</strong></span> <span class='ocrx_word' id='word_1_579' title='bbox 353 1848 477 1879; x_wconf 87' lang='lat' dir='ltr'><strong>quartam</strong></span> <span class='ocrx_word' id='word_1_580' title='bbox 492 1844 523 1871; x_wconf 82' lang='lat' dir='ltr'><strong>de</strong></span> <span class='ocrx_word' id='word_1_581' title='bbox 534 1844 629 1871; x_wconf 83' lang='lat' dir='ltr'><strong>unione</strong></span> <span class='ocrx_word' id='word_1_582' title='bbox 647 1844 832 1877; x_wconf 79' lang='lat' dir='ltr'><strong>ecclesiarum,</strong></span> <span class='ocrx_word' id='word_1_583' title='bbox 845 1851 906 1879; x_wconf 82' lang='lat' dir='ltr'><strong>pag.</strong></span> <span class='ocrx_word' id='word_1_584' title='bbox 922 1843 983 1874; x_wconf 68' lang='grc'>161,</span> <span class='ocrx_word' id='word_1_585' title='bbox 998 1843 1061 1871; x_wconf 74' lang='grc'>207.</span> 
     </span>
    </p>
   </div>
   <div class='ocr_carea' id='block_1_47' title="bbox 182 1895 1782 1942">
    <p class='ocr_par' dir='ltr' id='par_1_47' title="bbox 182 1895 1782 1942">
     <span class='ocr_line' id='line_1_47' title="bbox 182 1895 1782 1942; baseline 0.006 -17"><span class='ocrx_word' id='word_1_586' title='bbox 182 1899 336 1934; x_wconf 80' lang='lat' dir='ltr'><strong>Synodicon</strong></span> <span class='ocrx_word' id='word_1_587' title='bbox 351 1900 384 1927; x_wconf 84' lang='lat' dir='ltr'><strong>de</strong></span> <span class='ocrx_word' id='word_1_588' title='bbox 400 1900 555 1926; x_wconf 74' lang='lat' dir='ltr'><strong>clericorum</strong></span> <span class='ocrx_word' id='word_1_589' title='bbox 576 1900 753 1930; x_wconf 82' lang='lat' dir='ltr'><strong>ordinatione,</strong></span> <span class='ocrx_word' id='word_1_590' title='bbox 767 1900 837 1934; x_wconf 86' lang='lat' dir='ltr'><strong>apud</strong></span> <span class='ocrx_word' id='word_1_591' title='bbox 861 1900 1080 1932; x_wconf 87' lang='lat' dir='ltr'><strong>Canonarcham,</strong></span> <span class='ocrx_word' id='word_1_592' title='bbox 1100 1895 1328 1935; x_wconf 75' lang='lat' dir='ltr'><strong>Citristnphorum</strong></span> <span class='ocrx_word' id='word_1_593' title='bbox 1356 1902 1523 1937; x_wconf 85' lang='lat' dir='ltr'><strong>Campanam</strong></span> <span class='ocrx_word' id='word_1_594' title='bbox 1543 1912 1603 1939; x_wconf 85' lang='lat' dir='ltr'><strong>pag.</strong></span> <span class='ocrx_word' id='word_1_595' title='bbox 1616 1904 1678 1933; x_wconf 70' lang='grc'>292.</span> <span class='ocrx_word' id='word_1_596' title='bbox 1695 1906 1782 1942; x_wconf 61' lang='lat' dir='ltr'><strong>Syria-</strong></span> 
     </span>
    </p>
   </div>
   <div class='ocr_carea' id='block_1_48' title="bbox 144 1943 1782 1984">
    <p class='ocr_par' dir='ltr' id='par_1_48' title="bbox 144 1943 1782 1984">
     <span class='ocr_line' id='line_1_48' title="bbox 144 1943 1782 1984; baseline 0.004 -14"><span class='ocrx_word' id='word_1_597' title='bbox 144 1945 225 1971; x_wconf 76' lang='lat' dir='ltr'><strong>dicon</strong></span> <span class='ocrx_word' id='word_1_598' title='bbox 238 1944 271 1971; x_wconf 78' lang='lat' dir='ltr'><strong>de</strong></span> <span class='ocrx_word' id='word_1_599' title='bbox 285 1944 366 1979; x_wconf 73' lang='lat' dir='ltr'><strong>ofﬁcio</strong></span> <span class='ocrx_word' id='word_1_600' title='bbox 377 1944 495 1978; x_wconf 80' lang='lat' dir='ltr'><strong>parochi,</strong></span> <span class='ocrx_word' id='word_1_601' title='bbox 509 1952 569 1978; x_wconf 81' lang='lat' dir='ltr'><strong>pag.</strong></span> <span class='ocrx_word' id='word_1_602' title='bbox 587 1944 649 1971; x_wconf 75' lang='grc'>510.</span> <span class='ocrx_word' id='word_1_603' title='bbox 665 1943 827 1978; x_wconf 80' lang='lat' dir='ltr'><strong>Synodicum</strong></span> <span class='ocrx_word' id='word_1_604' title='bbox 843 1943 900 1977; x_wconf 86' lang='lat' dir='ltr'><strong>III,</strong></span> <span class='ocrx_word' id='word_1_605' title='bbox 915 1951 977 1979; x_wconf 81' lang='lat' dir='ltr'><strong>pag.</strong></span> <span class='ocrx_word' id='word_1_606' title='bbox 993 1943 1055 1971; x_wconf 74' lang='grc'><strong>115.</strong></span> <span class='ocrx_word' id='word_1_607' title='bbox 1070 1944 1220 1979; x_wconf 81' lang='lat' dir='ltr'><strong>Synodicon</strong></span> <span class='ocrx_word' id='word_1_608' title='bbox 1234 1945 1359 1973; x_wconf 61' lang='lat'><strong>{111.1275</strong></span> <span class='ocrx_word' id='word_1_609' title='bbox 1369 1947 1570 1982; x_wconf 80' lang='lat' dir='ltr'><strong>promulgatum</strong></span> <span class='ocrx_word' id='word_1_610' title='bbox 1584 1948 1615 1976; x_wconf 83' lang='lat' dir='ltr'><strong>de</strong></span> <span class='ocrx_word' id='word_1_611' title='bbox 1629 1951 1715 1984; x_wconf 76' lang='lat' dir='ltr'><strong>rapite</strong></span> <span class='ocrx_word' id='word_1_612' title='bbox 1723 1959 1782 1978; x_wconf 77' lang='lat' dir='ltr'><strong>tor-</strong></span> 
     </span>
    </p>
   </div>
   <div class='ocr_carea' id='block_1_49' title="bbox 144 1987 719 2023">
    <p class='ocr_par' dir='ltr' id='par_1_49' title="bbox 144 1987 719 2023">
     <span class='ocr_line' id='line_1_49' title="bbox 144 1987 719 2023; baseline 0.002 -10"><span class='ocrx_word' id='word_1_613' title='bbox 144 1988 207 2019; x_wconf 79' lang='lat' dir='ltr'><strong>pori</strong></span> <span class='ocrx_word' id='word_1_614' title='bbox 222 1987 255 2014; x_wconf 90' lang='lat' dir='ltr'><strong>S.</strong></span> <span class='ocrx_word' id='word_1_615' title='bbox 273 1987 420 2014; x_wconf 66' lang='lat' dir='ltr'><strong>Mamantix</strong></span> <span class='ocrx_word' id='word_1_616' title='bbox 440 1988 568 2020; x_wconf 70' lang='lat' dir='ltr'><strong>abscisso,</strong></span> <span class='ocrx_word' id='word_1_617' title='bbox 581 1996 641 2023; x_wconf 81' lang='lat' dir='ltr'><strong>pag.</strong></span> <span class='ocrx_word' id='word_1_618' title='bbox 655 1988 719 2014; x_wconf 74' lang='grc'><strong>212.</strong></span> 
     </span>
    </p>
   </div>
   <div class='ocr_carea' id='block_1_50' title="bbox 183 2041 984 2080">
    <p class='ocr_par' dir='ltr' id='par_1_50' title="bbox 183 2041 984 2077">
     <span class='ocr_line' id='line_1_50' title="bbox 183 2041 984 2077; baseline 0.002 -9"><span class='ocrx_word' id='word_1_619' title='bbox 183 2041 335 2075; x_wconf 78' lang='lat' dir='ltr'><strong>Epistolam</strong></span> <span class='ocrx_word' id='word_1_620' title='bbox 356 2043 514 2077; x_wconf 81' lang='lat' dir='ltr'><strong>encyclicam</strong></span> <span class='ocrx_word' id='word_1_621' title='bbox 531 2051 591 2077; x_wconf 82' lang='lat' dir='ltr'><strong>pag.</strong></span> <span class='ocrx_word' id='word_1_622' title='bbox 609 2043 662 2070; x_wconf 71' lang='grc'><strong>205</strong></span> <span class='ocrx_word' id='word_1_623' title='bbox 678 2045 861 2076; x_wconf 76' lang='lat' dir='ltr'><strong>paramelicant</strong></span> <span class='ocrx_word' id='word_1_624' title='bbox 878 2042 911 2069; x_wconf 81' lang='lat' dir='ltr'><strong>ad</strong></span> <span class='ocrx_word' id='word_1_625' title='bbox 928 2045 984 2070; x_wconf 80' lang='lat' dir='ltr'><strong>unic</strong></span> 
     </span>
    </p>
   </div>
   <div class='ocr_carea' id='block_1_51' title="bbox 504 2041 1305 2080">
    <p class='ocr_par' dir='ltr' id='par_1_51' title="bbox 504 2042 1305 2080">
     <span class='ocr_line' id='line_1_51' title="bbox 504 2042 1305 2080; baseline 0.004 -11"><span class='ocrx_word' id='word_1_626' title='bbox 504 2052 514 2069; x_wconf 72' lang='grc' dir='ltr'><strong><em>η</em></strong></span> <span class='ocrx_word' id='word_1_627' title='bbox 531 2051 591 2077; x_wconf 84' lang='lat' dir='ltr'><strong>pag.</strong></span> <span class='ocrx_word' id='word_1_628' title='bbox 609 2043 662 2070; x_wconf 71' lang='grc'><strong>205</strong></span> <span class='ocrx_word' id='word_1_629' title='bbox 678 2045 861 2076; x_wconf 75' lang='lat' dir='ltr'><strong>parameticant</strong></span> <span class='ocrx_word' id='word_1_630' title='bbox 878 2042 911 2069; x_wconf 80' lang='lat' dir='ltr'><strong>ad</strong></span> <span class='ocrx_word' id='word_1_631' title='bbox 928 2045 1059 2077; x_wconf 81' lang='lat' dir='ltr'><strong>unionem,</strong></span> <span class='ocrx_word' id='word_1_632' title='bbox 1075 2052 1101 2078; x_wconf 91' lang='lat' dir='ltr'><strong>p.</strong></span> <span class='ocrx_word' id='word_1_633' title='bbox 1119 2043 1182 2071; x_wconf 75' lang='grc'><strong>516.</strong></span> <span class='ocrx_word' id='word_1_634' title='bbox 1201 2044 1305 2080; x_wconf 61' lang='grc' dir='ltr'><strong>(ΕἈιιιὶ.)</strong></span> 
     </span>
    </p>
   </div>
   <div class='ocr_carea' id='block_1_52' title="bbox 184 2098 985 2142">
    <p class='ocr_par' dir='ltr' id='par_1_52' title="bbox 184 2098 985 2135">
     <span class='ocr_line' id='line_1_52' title="bbox 184 2098 985 2135; baseline 0.001 -10"><span class='ocrx_word' id='word_1_635' title='bbox 184 2098 331 2135; x_wconf 73' lang='lat' dir='ltr'><strong>[Mosquac,</strong></span> <span class='ocrx_word' id='word_1_636' title='bbox 355 2100 381 2126; x_wconf 89' lang='lat' dir='ltr'><strong>in</strong></span> <span class='ocrx_word' id='word_1_637' title='bbox 398 2100 459 2127; x_wconf 92' lang='lat' dir='ltr'><strong>cod.</strong></span> <span class='ocrx_word' id='word_1_638' title='bbox 487 2100 583 2134; x_wconf 84' lang='lat' dir='ltr'><strong>synod.</strong></span> <span class='ocrx_word' id='word_1_639' title='bbox 613 2099 675 2131; x_wconf 69' lang='lat' dir='ltr'><strong>321i,</strong></span> <span class='ocrx_word' id='word_1_640' title='bbox 695 2100 727 2125; x_wconf 85' lang='lat' dir='ltr'><strong>de</strong></span> <span class='ocrx_word' id='word_1_641' title='bbox 745 2100 847 2135; x_wconf 81' lang='lat' dir='ltr'><strong>synodo</strong></span> <span class='ocrx_word' id='word_1_642' title='bbox 866 2108 985 2127; x_wconf 73' lang='lat' dir='ltr'><strong>mcnmcn</strong></span> 
     </span>
    </p>
   </div>
   <div class='ocr_carea' id='block_1_53' title="bbox 978 2098 1779 2142">
    <p class='ocr_par' dir='ltr' id='par_1_53' title="bbox 978 2101 1779 2142">
     <span class='ocr_line' id='line_1_53' title="bbox 978 2101 1779 2142; baseline 0.011 -17"><span class='ocrx_word' id='word_1_643' title='bbox 978 2101 1044 2131; x_wconf 74' lang='lat' dir='ltr'><strong>nica,</strong></span> <span class='ocrx_word' id='word_1_644' title='bbox 1073 2101 1109 2126; x_wconf 78' lang='lat' dir='ltr'><strong>&quot;ll</strong></span> <span class='ocrx_word' id='word_1_645' title='bbox 1121 2110 1162 2132; x_wconf 82' lang='grc' dir='ltr'><strong>τις</strong></span> <span class='ocrx_word' id='word_1_646' title='bbox 1185 2103 1390 2138; x_wconf 69' lang='grc' dir='ltr'><strong>ἀποκατέστησε</strong></span> <span class='ocrx_word' id='word_1_647' title='bbox 1410 2105 1548 2132; x_wconf 77' lang='grc' dir='ltr'><strong>Φώτιον...</strong></span> <span class='ocrx_word' id='word_1_648' title='bbox 1567 2106 1606 2136; x_wconf 65' lang='grc' dir='ltr'><strong>εἰς</strong></span> <span class='ocrx_word' id='word_1_649' title='bbox 1624 2107 1669 2133; x_wconf 67' lang='grc' dir='ltr'><strong>τὶν</strong></span> <span class='ocrx_word' id='word_1_650' title='bbox 1686 2108 1779 2142; x_wconf 67' lang='grc' dir='ltr'><strong>θρόνον</strong></span> 
     </span>
    </p>
   </div>
   <div class='ocr_carea' id='block_1_54' title="bbox 144 2143 945 2181">
    <p class='ocr_par' dir='ltr' id='par_1_54' title="bbox 144 2143 945 2177">
     <span class='ocr_line' id='line_1_54' title="bbox 144 2143 945 2177; baseline 0.002 -9"><span class='ocrx_word' id='word_1_651' title='bbox 144 2143 477 2174; x_wconf 74' lang='grc' dir='ltr'><strong>Κωνσταντινουπόλεως·</strong></span> <span class='ocrx_word' id='word_1_652' title='bbox 492 2144 545 2169; x_wconf 77' lang='grc' dir='ltr'><strong>ἀπὸ</strong></span> <span class='ocrx_word' id='word_1_653' title='bbox 566 2143 613 2169; x_wconf 82' lang='grc' dir='ltr'><strong>τοῦ</strong></span> <span class='ocrx_word' id='word_1_654' title='bbox 629 2144 708 2177; x_wconf 70' lang='grc' dir='ltr'>λόγου</span> <span class='ocrx_word' id='word_1_655' title='bbox 728 2145 774 2170; x_wconf 58' lang='grc' dir='ltr'><strong>τεῦ</strong></span> <span class='ocrx_word' id='word_1_656' title='bbox 791 2143 905 2170; x_wconf 81' lang='grc' dir='ltr'><strong>Βέκκου.</strong></span> <span class='ocrx_word' id='word_1_657' title='bbox 930 2144 945 2170; x_wconf 88' lang='grc' dir='ltr'>Ιι</span> 
     </span>
    </p>
   </div>
   <div class='ocr_carea' id='block_1_55' title="bbox 975 2143 1776 2181">
    <p class='ocr_par' dir='ltr' id='par_1_55' title="bbox 978 2143 1776 2181">
     <span class='ocr_line' id='line_1_55' title="bbox 978 2143 1776 2181; baseline 0.013 -11"><span class='ocrx_word' id='word_1_658' title='bbox 978 2164 984 2170; x_wconf 87' lang='grc'><strong>.</strong></span> <span class='ocrx_word' id='word_1_659' title='bbox 1003 2143 1056 2170; x_wconf 83' lang='grc' dir='ltr'><strong>ἿΙν</strong></span> <span class='ocrx_word' id='word_1_660' title='bbox 1068 2145 1101 2171; x_wconf 83' lang='grc' dir='ltr'>ἂν</span> <span class='ocrx_word' id='word_1_661' title='bbox 1129 2147 1274 2181; x_wconf 70' lang='grc' dir='ltr'>μακάριον.</span> <span class='ocrx_word' id='word_1_662' title='bbox 1305 2146 1336 2173; x_wconf 86' lang='lat' dir='ltr'><strong>V.</strong></span> <span class='ocrx_word' id='word_1_663' title='bbox 1363 2148 1478 2175; x_wconf 69' lang='lat' dir='ltr'><strong>Mattlttei</strong></span> <span class='ocrx_word' id='word_1_664' title='bbox 1512 2150 1597 2177; x_wconf 79' lang='lat' dir='ltr'><strong>Notit.</strong></span> <span class='ocrx_word' id='word_1_665' title='bbox 1625 2152 1704 2178; x_wconf 70' lang='lat' dir='ltr'><strong>codd.</strong></span> <span class='ocrx_word' id='word_1_666' title='bbox 1731 2153 1776 2180; x_wconf 78' lang='lat' dir='ltr'><strong>Gr.</strong></span> 
     </span>
    </p>
   </div>
   <div class='ocr_carea' id='block_1_56' title="bbox 143 2185 1777 2227">
    <p class='ocr_par' dir='ltr' id='par_1_56' title="bbox 143 2185 1777 2227">
     <span class='ocr_line' id='line_1_56' title="bbox 143 2185 1777 2227; baseline 0.006 -15"><span class='ocrx_word' id='word_1_667' title='bbox 143 2185 234 2221; x_wconf 83' lang='lat' dir='ltr'><strong>Mosq.</strong></span> <span class='ocrx_word' id='word_1_668' title='bbox 249 2195 309 2222; x_wconf 81' lang='lat' dir='ltr'><strong>pag.</strong></span> <span class='ocrx_word' id='word_1_669' title='bbox 321 2187 384 2214; x_wconf 70' lang='lat'><strong>212.</strong></span> <span class='ocrx_word' id='word_1_670' title='bbox 397 2187 518 2214; x_wconf 86' lang='lat' dir='ltr'><strong>Pertinet</strong></span> <span class='ocrx_word' id='word_1_671' title='bbox 535 2188 568 2214; x_wconf 86' lang='lat' dir='ltr'><strong>ad</strong></span> <span class='ocrx_word' id='word_1_672' title='bbox 588 2196 614 2214; x_wconf 86' lang='grc' dir='ltr'>ιι.</span> <span class='ocrx_word' id='word_1_673' title='bbox 631 2187 658 2214; x_wconf 75' lang='grc'><strong>2.</strong></span> <span class='ocrx_word' id='word_1_674' title='bbox 675 2187 747 2214; x_wconf 89' lang='lat' dir='ltr'><strong>ldcm</strong></span> <span class='ocrx_word' id='word_1_675' title='bbox 764 2188 855 2214; x_wconf 83' lang='lat' dir='ltr'><strong>forsan</strong></span> <span class='ocrx_word' id='word_1_676' title='bbox 868 2195 945 2221; x_wconf 86' lang='lat' dir='ltr'><strong>opus,</strong></span> <span class='ocrx_word' id='word_1_677' title='bbox 965 2189 989 2214; x_wconf 85' lang='lat' dir='ltr'><strong>in</strong></span> <span class='ocrx_word' id='word_1_678' title='bbox 1007 2189 1066 2215; x_wconf 75' lang='lat' dir='ltr'><strong>Cat.</strong></span> <span class='ocrx_word' id='word_1_679' title='bbox 1084 2196 1149 2215; x_wconf 81' lang='lat' dir='ltr'><strong>mss.</strong></span> <span class='ocrx_word' id='word_1_680' title='bbox 1174 2191 1288 2224; x_wconf 76' lang='lat' dir='ltr'><strong>Angltae,</strong></span> <span class='ocrx_word' id='word_1_681' title='bbox 1301 2196 1352 2217; x_wconf 89' lang='lat' dir='ltr'><strong>ctc.</strong></span> <span class='ocrx_word' id='word_1_682' title='bbox 1371 2193 1424 2218; x_wconf 80' lang='lat' dir='ltr'><strong>vol.</strong></span> <span class='ocrx_word' id='word_1_683' title='bbox 1453 2192 1471 2224; x_wconf 86' lang='lat' dir='ltr'><strong>l,</strong></span> <span class='ocrx_word' id='word_1_684' title='bbox 1489 2201 1515 2227; x_wconf 91' lang='lat' dir='ltr'><strong>p.</strong></span> <span class='ocrx_word' id='word_1_685' title='bbox 1543 2193 1587 2224; x_wconf 81' lang='grc'><strong>55,</strong></span> <span class='ocrx_word' id='word_1_686' title='bbox 1602 2202 1629 2220; x_wconf 90' lang='lat' dir='ltr'><strong>n.</strong></span> <span class='ocrx_word' id='word_1_687' title='bbox 1659 2195 1721 2226; x_wconf 83' lang='grc'>691,</span> <span class='ocrx_word' id='word_1_688' title='bbox 1752 2198 1777 2223; x_wconf 91' lang='lat' dir='ltr'><strong>in</strong></span> 
     </span>
    </p>
   </div>
   <div class='ocr_carea' id='block_1_57' title="bbox 144 2230 1778 2267">
    <p class='ocr_par' dir='ltr' id='par_1_57' title="bbox 144 2230 1778 2267">
     <span class='ocr_line' id='line_1_57' title="bbox 144 2230 1778 2267; baseline 0.006 -11"><span class='ocrx_word' id='word_1_689' title='bbox 144 2230 207 2257; x_wconf 78' lang='lat' dir='ltr'><strong>cod.</strong></span> <span class='ocrx_word' id='word_1_690' title='bbox 226 2230 301 2257; x_wconf 88' lang='lat' dir='ltr'><strong>Guil.</strong></span> <span class='ocrx_word' id='word_1_691' title='bbox 318 2230 402 2258; x_wconf 89' lang='lat' dir='ltr'><strong>Laudi</strong></span> <span class='ocrx_word' id='word_1_692' title='bbox 416 2231 450 2258; x_wconf 79' lang='grc'>59</span> <span class='ocrx_word' id='word_1_693' title='bbox 464 2232 503 2258; x_wconf 89' lang='lat' dir='ltr'><strong>sic</strong></span> <span class='ocrx_word' id='word_1_694' title='bbox 514 2233 632 2258; x_wconf 89' lang='lat' dir='ltr'><strong>citatur:</strong></span> <span class='ocrx_word' id='word_1_695' title='bbox 649 2232 715 2258; x_wconf 69' lang='lat' dir='ltr'><strong>Aula</strong></span> <span class='ocrx_word' id='word_1_696' title='bbox 730 2232 823 2266; x_wconf 75' lang='lat' dir='ltr'><strong>synodi</strong></span> <span class='ocrx_word' id='word_1_697' title='bbox 838 2233 1013 2264; x_wconf 75' lang='lat' dir='ltr'><strong>wcunzenicw,</strong></span> <span class='ocrx_word' id='word_1_698' title='bbox 1029 2240 1089 2266; x_wconf 68' lang='lat' dir='ltr'><strong>qtae</strong></span> <span class='ocrx_word' id='word_1_699' title='bbox 1116 2233 1253 2263; x_wconf 78' lang='lat' dir='ltr'><strong>l’holium,</strong></span> <span class='ocrx_word' id='word_1_700' title='bbox 1279 2235 1473 2267; x_wconf 68' lang='lat' dir='ltr'><strong>patriarcha“),</strong></span> <span class='ocrx_word' id='word_1_701' title='bbox 1490 2237 1515 2262; x_wconf 90' lang='lat' dir='ltr'><strong>in</strong></span> <span class='ocrx_word' id='word_1_702' title='bbox 1530 2238 1658 2264; x_wconf 83' lang='lat' dir='ltr'><strong>thronum</strong></span> <span class='ocrx_word' id='word_1_703' title='bbox 1676 2239 1778 2265; x_wconf 65' lang='lat' dir='ltr'><strong>(jl&#39;utn.</strong></span> 
     </span>
    </p>
   </div>
   <div class='ocr_carea' id='block_1_58' title="bbox 144 2273 1490 2316">
    <p class='ocr_par' dir='ltr' id='par_1_58' title="bbox 144 2273 1490 2316">
     <span class='ocr_line' id='line_1_58' title="bbox 144 2273 1490 2316; baseline 0.004 -17"><span class='ocrx_word' id='word_1_704' title='bbox 144 2273 279 2305; x_wconf 82' lang='lat' dir='ltr'><strong>restituit,</strong></span> <span class='ocrx_word' id='word_1_705' title='bbox 294 2278 321 2301; x_wconf 82' lang='lat' dir='ltr'><strong>et</strong></span> <span class='ocrx_word' id='word_1_706' title='bbox 332 2275 457 2302; x_wconf 84' lang='lat' dir='ltr'><strong>scandala</strong></span> <span class='ocrx_word' id='word_1_707' title='bbox 473 2283 549 2302; x_wconf 57' lang='lat' dir='ltr'><strong>novre</strong></span> <span class='ocrx_word' id='word_1_708' title='bbox 561 2279 588 2302; x_wconf 90' lang='lat' dir='ltr'><strong>et</strong></span> <span class='ocrx_word' id='word_1_709' title='bbox 605 2276 724 2310; x_wconf 64' lang='lat' dir='ltr'><strong>antiqua:</strong></span> <span class='ocrx_word' id='word_1_710' title='bbox 750 2275 842 2302; x_wconf 76' lang='lat' dir='ltr'><strong>Roan</strong></span> <span class='ocrx_word' id='word_1_711' title='bbox 855 2277 975 2307; x_wconf 82' lang='lat' dir='ltr'><strong>sustulit,</strong></span> <span class='ocrx_word' id='word_1_712' title='bbox 988 2283 1020 2302; x_wconf 75' lang='lat' dir='ltr'><strong>ea:</strong></span> <span class='ocrx_word' id='word_1_713' title='bbox 1032 2276 1157 2303; x_wconf 81' lang='lat' dir='ltr'><strong>relatione</strong></span> <span class='ocrx_word' id='word_1_714' title='bbox 1179 2277 1255 2304; x_wconf 73' lang='grc' dir='ltr'><strong>Βέεεί</strong></span> <span class='ocrx_word' id='word_1_715' title='bbox 1273 2279 1374 2306; x_wconf 68' lang='lat' dir='ltr'><strong>scribit.</strong></span> <span class='ocrx_word' id='word_1_716' title='bbox 1392 2279 1490 2316; x_wconf 48' lang='lat' dir='ltr'><strong>Hann]</strong></span> 
     </span>
    </p>
   </div>
   <div class='ocr_carea' id='block_1_59' title="bbox 180 2329 1780 2372">
    <p class='ocr_par' dir='ltr' id='par_1_59' title="bbox 180 2329 1780 2372">
     <span class='ocr_line' id='line_1_59' title="bbox 180 2329 1780 2372; baseline 0.006 -17"><span class='ocrx_word' id='word_1_717' title='bbox 180 2329 224 2365; x_wconf 90' lang='lat' dir='ltr'><strong>[In</strong></span> <span class='ocrx_word' id='word_1_718' title='bbox 236 2334 292 2358; x_wconf 84' lang='lat' dir='ltr'><strong>cat.</strong></span> <span class='ocrx_word' id='word_1_719' title='bbox 308 2338 374 2357; x_wconf 90' lang='lat' dir='ltr'><strong>mss.</strong></span> <span class='ocrx_word' id='word_1_720' title='bbox 388 2330 435 2358; x_wconf 86' lang='lat' dir='ltr'><strong>Gr.</strong></span> <span class='ocrx_word' id='word_1_721' title='bbox 450 2331 515 2358; x_wconf 86' lang='lat' dir='ltr'><strong>bibl.</strong></span> <span class='ocrx_word' id='word_1_722' title='bbox 533 2331 677 2362; x_wconf 85' lang='lat' dir='ltr'><strong>Escorial.,</strong></span> <span class='ocrx_word' id='word_1_723' title='bbox 698 2331 724 2358; x_wconf 91' lang='lat' dir='ltr'><strong>in</strong></span> <span class='ocrx_word' id='word_1_724' title='bbox 745 2331 788 2359; x_wconf 90' lang='lat' dir='ltr'><strong>ed.</strong></span> <span class='ocrx_word' id='word_1_725' title='bbox 804 2331 901 2359; x_wconf 78' lang='lat' dir='ltr'><strong>Claikc</strong></span> <span class='ocrx_word' id='word_1_726' title='bbox 914 2332 1002 2359; x_wconf 88' lang='lat' dir='ltr'><strong>Briel&#39;e</strong></span> <span class='ocrx_word' id='word_1_727' title='bbox 1019 2340 1070 2358; x_wconf 94' lang='lat' dir='ltr'><strong>von</strong></span> <span class='ocrx_word' id='word_1_728' title='bbox 1086 2332 1146 2359; x_wconf 64' lang='lat' dir='ltr'><strong>dum</strong></span> <span class='ocrx_word' id='word_1_729' title='bbox 1157 2335 1322 2367; x_wconf 73' lang='lat' dir='ltr'><strong>gegcnwart.</strong></span> <span class='ocrx_word' id='word_1_730' title='bbox 1341 2334 1479 2363; x_wconf 73' lang='lat' dir='ltr'><strong>Zustande</strong></span> <span class='ocrx_word' id='word_1_731' title='bbox 1501 2337 1548 2362; x_wconf 86' lang='lat' dir='ltr'><strong>des</strong></span> <span class='ocrx_word' id='word_1_732' title='bbox 1564 2337 1690 2370; x_wconf 66' lang='lat' dir='ltr'><strong>Kmnigr.</strong></span> <span class='ocrx_word' id='word_1_733' title='bbox 1712 2338 1780 2372; x_wconf 64' lang='lat' dir='ltr'><strong>Sira-</strong></span> 
     </span>
    </p>
   </div>
   <div class='ocr_carea' id='block_1_60' title="bbox 143 2373 1778 2415">
    <p class='ocr_par' dir='ltr' id='par_1_60' title="bbox 143 2373 1778 2415">
     <span class='ocr_line' id='line_1_60' title="bbox 143 2373 1778 2415; baseline 0.007 -16"><span class='ocrx_word' id='word_1_734' title='bbox 143 2373 218 2405; x_wconf 83' lang='lat' dir='ltr'><strong>nien,</strong></span> <span class='ocrx_word' id='word_1_735' title='bbox 234 2381 267 2400; x_wconf 83' lang='lat' dir='ltr'><strong>ex</strong></span> <span class='ocrx_word' id='word_1_736' title='bbox 281 2374 406 2401; x_wconf 86' lang='lat' dir='ltr'><strong>versione</strong></span> <span class='ocrx_word' id='word_1_737' title='bbox 417 2373 508 2402; x_wconf 89' lang='lat' dir='ltr'><strong>Germ.</strong></span> <span class='ocrx_word' id='word_1_738' title='bbox 522 2373 564 2400; x_wconf 85' lang='lat' dir='ltr'><strong>Jo.</strong></span> <span class='ocrx_word' id='word_1_739' title='bbox 579 2374 647 2402; x_wconf 92' lang='lat' dir='ltr'><strong>Tob.</strong></span> <span class='ocrx_word' id='word_1_740' title='bbox 663 2374 784 2407; x_wconf 70' lang='lat' dir='ltr'><strong>Kmhlcr,</strong></span> <span class='ocrx_word' id='word_1_741' title='bbox 802 2375 902 2409; x_wconf 82' lang='lat' dir='ltr'><strong>Lcmgo</strong></span> <span class='ocrx_word' id='word_1_742' title='bbox 917 2376 995 2407; x_wconf 81' lang='grc'>1765,</span> <span class='ocrx_word' id='word_1_743' title='bbox 1008 2376 1034 2407; x_wconf 89' lang='grc'><strong>8,</strong></span> <span class='ocrx_word' id='word_1_744' title='bbox 1048 2385 1108 2411; x_wconf 83' lang='lat' dir='ltr'><strong>pag.</strong></span> <span class='ocrx_word' id='word_1_745' title='bbox 1125 2376 1177 2404; x_wconf 74' lang='grc'>406</span> <span class='ocrx_word' id='word_1_746' title='bbox 1192 2378 1293 2405; x_wconf 84' lang='lat' dir='ltr'><strong>citatur</strong></span> <span class='ocrx_word' id='word_1_747' title='bbox 1308 2378 1350 2406; x_wconf 86' lang='lat' dir='ltr'><strong>Ju.</strong></span> <span class='ocrx_word' id='word_1_748' title='bbox 1365 2380 1457 2407; x_wconf 82' lang='lat' dir='ltr'><strong>Beclni</strong></span> <span class='ocrx_word' id='word_1_749' title='bbox 1470 2382 1521 2414; x_wconf 86' lang='lat' dir='ltr'><strong>(vel</strong></span> <span class='ocrx_word' id='word_1_750' title='bbox 1538 2383 1638 2415; x_wconf 79' lang='lat' dir='ltr'><strong>potius,</strong></span> <span class='ocrx_word' id='word_1_751' title='bbox 1650 2384 1778 2411; x_wconf 79' lang='lat' dir='ltr'><strong>arbitror.</strong></span> 
     </span>
    </p>
   </div>
   <div class='ocr_carea' id='block_1_61' title="bbox 141 2414 1779 2461">
    <p class='ocr_par' dir='ltr' id='par_1_61' title="bbox 141 2414 1779 2461">
     <span class='ocr_line' id='line_1_61' title="bbox 141 2414 1779 2461; baseline 0.006 -17"><span class='ocrx_word' id='word_1_752' title='bbox 141 2415 244 2451; x_wconf 86' lang='lat' dir='ltr'><strong>Beccii)</strong></span> <span class='ocrx_word' id='word_1_753' title='bbox 261 2422 330 2452; x_wconf 89' lang='lat' dir='ltr'><strong>patr.</strong></span> <span class='ocrx_word' id='word_1_754' title='bbox 346 2414 426 2444; x_wconf 85' lang='lat' dir='ltr'><strong>CPol.</strong></span> <span class='ocrx_word' id='word_1_755' title='bbox 440 2418 473 2444; x_wconf 86' lang='lat' dir='ltr'><strong>de</strong></span> <span class='ocrx_word' id='word_1_756' title='bbox 489 2419 590 2445; x_wconf 87' lang='lat' dir='ltr'><strong>unione</strong></span> <span class='ocrx_word' id='word_1_757' title='bbox 607 2419 795 2446; x_wconf 76' lang='lat' dir='ltr'><strong>ecclesiarum.</strong></span> <span class='ocrx_word' id='word_1_758' title='bbox 814 2419 856 2454; x_wconf 79' lang='grc' dir='ltr'><strong>(ν.</strong></span> <span class='ocrx_word' id='word_1_759' title='bbox 874 2427 969 2454; x_wconf 82' lang='lat' dir='ltr'><strong>supra,</strong></span> <span class='ocrx_word' id='word_1_760' title='bbox 982 2430 1008 2447; x_wconf 88' lang='grc' dir='ltr'>ιι.</span> <span class='ocrx_word' id='word_1_761' title='bbox 1025 2420 1062 2455; x_wconf 81' lang='grc'><strong>1.)</strong></span> <span class='ocrx_word' id='word_1_762' title='bbox 1088 2422 1117 2448; x_wconf 91' lang='lat' dir='ltr'><strong>ln</strong></span> <span class='ocrx_word' id='word_1_763' title='bbox 1142 2423 1234 2450; x_wconf 85' lang='lat' dir='ltr'><strong>Plueri</strong></span> <span class='ocrx_word' id='word_1_764' title='bbox 1258 2428 1347 2450; x_wconf 78' lang='lat' dir='ltr'><strong>autent</strong></span> <span class='ocrx_word' id='word_1_765' title='bbox 1361 2424 1420 2451; x_wconf 78' lang='lat' dir='ltr'><strong>Cat.</strong></span> <span class='ocrx_word' id='word_1_766' title='bbox 1441 2433 1508 2452; x_wconf 78' lang='lat' dir='ltr'><strong>mss.</strong></span> <span class='ocrx_word' id='word_1_767' title='bbox 1526 2427 1617 2452; x_wconf 68' lang='lat' dir='ltr'><strong>hscur.</strong></span> <span class='ocrx_word' id='word_1_768' title='bbox 1632 2435 1692 2461; x_wconf 74' lang='lat' dir='ltr'><strong>pag.</strong></span> <span class='ocrx_word' id='word_1_769' title='bbox 1730 2428 1779 2454; x_wconf 71' lang='grc'><strong>175</strong></span> 
     </span>
    </p>
   </div>
   <div class='ocr_carea' id='block_1_62' title="bbox 141 2461 1778 2503">
    <p class='ocr_par' dir='ltr' id='par_1_62' title="bbox 141 2461 1778 2503">
     <span class='ocr_line' id='line_1_62' title="bbox 141 2461 1778 2503; baseline 0.007 -16"><span class='ocrx_word' id='word_1_770' title='bbox 141 2461 246 2488; x_wconf 83' lang='lat' dir='ltr'><strong>mentio</strong></span> <span class='ocrx_word' id='word_1_771' title='bbox 258 2461 332 2488; x_wconf 88' lang='lat' dir='ltr'><strong>illius</strong></span> <span class='ocrx_word' id='word_1_772' title='bbox 343 2468 389 2496; x_wconf 88' lang='lat' dir='ltr'><strong>op.</strong></span> <span class='ocrx_word' id='word_1_773' title='bbox 405 2462 478 2489; x_wconf 86' lang='lat' dir='ltr'><strong>nulla</strong></span> <span class='ocrx_word' id='word_1_774' title='bbox 497 2462 526 2489; x_wconf 90' lang='lat' dir='ltr'><strong>lit</strong></span> <span class='ocrx_word' id='word_1_775' title='bbox 540 2469 547 2494; x_wconf 89' lang='lat'><strong>;</strong></span> <span class='ocrx_word' id='word_1_776' title='bbox 571 2463 618 2489; x_wconf 87' lang='lat' dir='ltr'><strong>sed</strong></span> <span class='ocrx_word' id='word_1_777' title='bbox 636 2463 705 2490; x_wconf 87' lang='lat' dir='ltr'><strong>male</strong></span> <span class='ocrx_word' id='word_1_778' title='bbox 721 2463 878 2490; x_wconf 88' lang='lat' dir='ltr'><strong>tribuuntur</strong></span> <span class='ocrx_word' id='word_1_779' title='bbox 889 2462 913 2491; x_wconf 87' lang='lat' dir='ltr'><strong>J.</strong></span> <span class='ocrx_word' id='word_1_780' title='bbox 929 2463 1029 2491; x_wconf 87' lang='lat' dir='ltr'><strong>Bechio</strong></span> <span class='ocrx_word' id='word_1_781' title='bbox 1043 2466 1102 2500; x_wconf 81' lang='lat' dir='ltr'><strong>(sic)</strong></span> <span class='ocrx_word' id='word_1_782' title='bbox 1117 2472 1187 2501; x_wconf 83' lang='lat' dir='ltr'><strong>patr.</strong></span> <span class='ocrx_word' id='word_1_783' title='bbox 1209 2467 1311 2495; x_wconf 78' lang='lat' dir='ltr'><strong>CPolit.</strong></span> <span class='ocrx_word' id='word_1_784' title='bbox 1334 2468 1510 2503; x_wconf 70' lang='lat' dir='ltr'><strong>Parapltrasis</strong></span> <span class='ocrx_word' id='word_1_785' title='bbox 1528 2470 1553 2496; x_wconf 92' lang='lat' dir='ltr'><strong>in</strong></span> <span class='ocrx_word' id='word_1_786' title='bbox 1567 2470 1681 2498; x_wconf 76' lang='lat' dir='ltr'><strong>Aristot.</strong></span> <span class='ocrx_word' id='word_1_787' title='bbox 1694 2471 1778 2498; x_wconf 67' lang='lat' dir='ltr'><strong>linros</strong></span> 
     </span>
    </p>
   </div>
   <div class='ocr_carea' id='block_1_63' title="bbox 140 2504 1778 2546">
    <p class='ocr_par' dir='ltr' id='par_1_63' title="bbox 140 2504 1778 2546">
     <span class='ocr_line' id='line_1_63' title="bbox 140 2504 1778 2546; baseline 0.006 -15"><span class='ocrx_word' id='word_1_788' title='bbox 140 2504 298 2532; x_wconf 84' lang='lat' dir='ltr'><strong>ethicorutn</strong></span> <span class='ocrx_word' id='word_1_789' title='bbox 323 2505 357 2532; x_wconf 84' lang='lat' dir='ltr'><strong>ad</strong></span> <span class='ocrx_word' id='word_1_790' title='bbox 390 2504 600 2537; x_wconf 82' lang='lat' dir='ltr'><strong>Nicomachum,</strong></span> <span class='ocrx_word' id='word_1_791' title='bbox 624 2511 689 2534; x_wconf 83' lang='lat' dir='ltr'><strong>Item</strong></span> <span class='ocrx_word' id='word_1_792' title='bbox 703 2507 834 2534; x_wconf 85' lang='lat' dir='ltr'><strong>adversus</strong></span> <span class='ocrx_word' id='word_1_793' title='bbox 853 2508 939 2543; x_wconf 83' lang='lat' dir='ltr'><strong>legem</strong></span> <span class='ocrx_word' id='word_1_794' title='bbox 959 2509 1158 2537; x_wconf 81' lang='lat' dir='ltr'><strong>Saracenorum</strong></span> <span class='ocrx_word' id='word_1_795' title='bbox 1182 2511 1313 2546; x_wconf 70' lang='lat' dir='ltr'><strong>apologiae</strong></span> <span class='ocrx_word' id='word_1_796' title='bbox 1337 2512 1381 2543; x_wconf 86' lang='lat' dir='ltr'><strong>lV,</strong></span> <span class='ocrx_word' id='word_1_797' title='bbox 1399 2518 1426 2539; x_wconf 86' lang='lat' dir='ltr'><strong>et</strong></span> <span class='ocrx_word' id='word_1_798' title='bbox 1439 2513 1571 2541; x_wconf 67' lang='lat' dir='ltr'><strong>adversus</strong></span> <span class='ocrx_word' id='word_1_799' title='bbox 1587 2514 1778 2545; x_wconf 77' lang='lat' dir='ltr'><strong>Maltometem.</strong></span> 
     </span>
    </p>
   </div>
   <div class='ocr_carea' id='block_1_64' title="bbox 140 2549 941 2592">
    <p class='ocr_par' dir='ltr' id='par_1_64' title="bbox 140 2549 940 2586">
     <span class='ocr_line' id='line_1_64' title="bbox 140 2549 940 2586; baseline 0.004 -9"><span class='ocrx_word' id='word_1_800' title='bbox 140 2549 203 2577; x_wconf 88' lang='lat' dir='ltr'><strong>libri</strong></span> <span class='ocrx_word' id='word_1_801' title='bbox 222 2549 268 2582; x_wconf 84' lang='grc' dir='ltr'><strong>ιν,</strong></span> <span class='ocrx_word' id='word_1_802' title='bbox 285 2557 347 2586; x_wconf 62' lang='lat' dir='ltr'><strong>qua</strong></span> <span class='ocrx_word' id='word_1_803' title='bbox 362 2557 378 2578; x_wconf 70' lang='grc' dir='ltr'><strong>ει</strong></span> <span class='ocrx_word' id='word_1_804' title='bbox 394 2549 503 2578; x_wconf 86' lang='lat' dir='ltr'><strong>Clarkio</strong></span> <span class='ocrx_word' id='word_1_805' title='bbox 516 2550 533 2577; x_wconf 94' lang='lat' dir='ltr'><strong>l.</strong></span> <span class='ocrx_word' id='word_1_806' title='bbox 549 2559 573 2578; x_wconf 94' lang='lat' dir='ltr'><strong>c.</strong></span> <span class='ocrx_word' id='word_1_807' title='bbox 590 2552 871 2580; x_wconf 86' lang='lat' dir='ltr'><strong>ascribunturJoann.</strong></span> <span class='ocrx_word' id='word_1_808' title='bbox 885 2553 940 2581; x_wconf 87' lang='lat' dir='ltr'><strong>Can</strong></span> 
     </span>
    </p>
   </div>
   <div class='ocr_carea' id='block_1_65' title="bbox 657 2549 1458 2592">
    <p class='ocr_par' dir='ltr' id='par_1_65' title="bbox 657 2552 1458 2592">
     <span class='ocr_line' id='line_1_65' title="bbox 657 2552 1458 2592; baseline 0.006 -13"><span class='ocrx_word' id='word_1_809' title='bbox 657 2552 871 2580; x_wconf 83' lang='lat' dir='ltr'><strong>ibunturJoann.</strong></span> <span class='ocrx_word' id='word_1_810' title='bbox 885 2553 1087 2588; x_wconf 79' lang='lat' dir='ltr'><strong>Camacuzeno,</strong></span> <span class='ocrx_word' id='word_1_811' title='bbox 1103 2554 1200 2589; x_wconf 88' lang='lat' dir='ltr'><strong>imper.</strong></span> <span class='ocrx_word' id='word_1_812' title='bbox 1220 2555 1332 2591; x_wconf 86' lang='lat' dir='ltr'><strong>Byzant.</strong></span> <span class='ocrx_word' id='word_1_813' title='bbox 1351 2556 1458 2592; x_wconf 69' lang='grc' dir='ltr'><strong>(ΙΙΑιιιι.)</strong></span> 
     </span>
    </p>
   </div>
  </div>
