4058 6414
302 419 362 493 ιι
1315 436 1335 447 ’
1396 449 1495 509 DE
1539 447 1830 510 UNIONE
1869 427 2428 513 states-mauu.
3500 450 3565 506 ιδ

299 550 544 603 καὶπᾶσι
564 548 676 617 τοῖς
698 557 1020 630 ἅπανταχοῦ
1038 547 1138 630 γῆς
1153 561 1333 616 ἔθνεσι
1351 562 1507 633 δῆλον
1522 563 1870 631 κατέστησεν

1990 556 2209 617 liitatcm
2236 573 2422 619 nostra
2448 564 2593 617 hunc
2614 562 2666 617 in
2694 563 2915 629 modum
2942 561 3273 628 devastasse,
3292 559 3563 628 prolixum

301 639 443 693 Είδέ
476 659 558 705 τις
593 644 697 714 τὴν
730 647 887 718 ἰσχὺν
935 651 1030 705 τοῦ
1072 653 1289 731 ἀμάχου
1341 653 1535 708 τούτου
1570 655 1743 707 κακοῦ
1795 651 1889 707 καὶ

282 730 474 795 ἄλλως
505 734 679 788 ἐθέλει
711 744 957 806 σκοπεῖν,
975 743 1087 814 ἔχει
1114 745 1509 818 διανοήσασθαι
1529 748 1758 819 ταύτην,
1794 750 1888 802 καὶ

295 824 358 891 ἐξ
386 820 464 880 ὦν
488 828 658 893 αὐτὸς
685 832 799 900 ἐγὼ
841 837 906 889 ἐκ
948 841 1118 909 μόνης
1167 842 1389 911 μνήμης
1421 843 1618 913 πάσχω
1660 846 1729 897 τὰ
1766 845 1884 899 νῦν.

296 917 496 971 Ἀλλον
546 921 656 989 γὰρ
691 924 787 976 τοῦ
839 930 1201 998 προκειμένου
1253 932 1414 1000 λόγου
1468 933 1610 1004 ἔχων
1655 935 1883 998 σκοπὸν,

291 1007 428 1073 περὶ
489 1010 588 1077 τῆς
662 1013 1134 1087 ὲκκλησιαστικῆς
1177 1021 1403 1092 εἰρήνης
1447 1024 1622 1075 εἰπεῖν
1661 1023 1882 1092 δηλαδὴ.

293 1098 388 1149 καὶ⁵
414 1100 865 1171 ἀπολογήσασθαι
897 1111 1011 1172 τοῖς
1039 1126 1100 1161 τε
1139 1112 1234 1164 νῦν
1264 1114 1374 1166 τῶν
1414 1115 1741 1184 ἀνθριτιπων,
1770 1117 1883 1177 τοῖς

288 1206 354 1242 τε
387 1193 708 1263 ἐσύστερον,
732 1196 809 1261 ὡς
843 1202 1028 1265 καλῶς
1078 1205 1210 1276 παρ’
1233 1204 1392 1276 ἡμῶν
1426 1208 1460 1277 ἡ
1491 1208 1588 1261 τοῦ
1632 1208 1880 1279 ὀλεθρίου

284 1279 404 1332 τῶν
461 1282 802 1354 Ἐκκλησιῶν
848 1291 1149 1361 σχίσματος
1193 1294 1434 1366 ὴθετήθη
1451 1298 1754 1362 διάστασις,
1783 1298 1879 1352 καὶ

286 1371 609 1442 omnem
659 1377 831 1447 αὐτῆς
885 1381 919 1451 ή
986 1380 1243 1454 θεοφιλὴς
1264 1385 1458 1457 εἰρήνη
1520 1388 1615 1440 καὶ
1660 1388 1874 1452 ἔνωσις,

286 1462 403 1528 ἐγὼ
428 1462 489 1514 δὲ
519 1466 726 1518 τούτων
751 1469 1042 1539 ἀφέμενος,
1064 1474 1186 1527 ἐπεὶ
1199 1474 1310 1528 τῶν
1332 1478 1395 1529 ἐκ
1419 1479 1516 1547 τῆς
1539 1480 1876 1544 διαστάσεως

287 1554 715 1609 καταλαϐόντων
739 1561 885 1628 ημᾶς
916 1564 1434 1637 ἐμνήσθηνκακῶν,
1465 1550 1757 1643 συμφορὰς
1779 1573 1876 1627 καὶ

288 1647 525 1717 θρήνους
561 1652 786 1707 πλέκειν
816 1654 1094 1726 ἠρξάμην.
1135 1658 1247 1712 Καὶ
1277 1663 1327 1713 εἰ
1354 1660 1430 1732 μὴ
1463 1662 1523 1714 τὸ
1553 1667 1654 1731 τῆς
1678 1665 1877 1735 προθέ-

293 1756 431 1801 σεως
469 1746 803 1812 κατεπεῖγον
833 1748 984 1816 ἡμᾶς
1027 1750 1310 1803 ἀνθεῖλκεν
1350 1754 1641 1825 ἑτέρωθεν,
1669 1757 1793 1826 τάχ’
1808 1757 1874 1809 ἂν

297 1828 513 1885 ἅπασαν
540 1832 746 1901 ἀρτίως
778 1836 880 1903 τὴν
909 1837 1091 1889 κτίσιν
1122 1839 1258 1907 πρὸς
1281 1842 1481 1908 πένθος
1513 1848 1871 1916 συνεκινήσα-

295 1923 515 1986 μεν,’τά
564 1926 961 1995 ἑπισυμῦάντα
1007 1932 1084 2003 τῷ
1128 1932 1555 2005 Χριστιανισμῷ
1592 1941 1738 1991 κακὰ
1777 1940 1858 1992 δι-

286 2012 607 2081 ηγούμενοι,
637 2020 701 2070 ἐκ
723 2020 820 2089 τῆς
850 2020 958 2076 τῶν
989 2023 1329 2096 Ἐκκλησιῶν
1360 2025 1714 2093 διαστάσεως.
1736 2032 1879 2087 Ἀλλ’

284 2102 372 2155 ὅτι
410 2105 511 2171 μὲν
553 2109 650 2160 καὶ
696 2112 952 2166 ἐντεῦθεν
993 2117 1025 2185 ἡ
1067 2116 1279 2186 ἄμαχος
1307 2117 1401 2171 τοῦ
1457 2119 1631 2173 κακοῦ
1682 2123 1874 2179 τούτου

284 2197 442 2264 ἰσχὺς
470 2200 874 2269 ἀναφαίνεται,
907 2206 1072 2276 δῆλον
1110 2207 1170 2272 ἐξ
1210 2202 1286 2263 ὧν
1319 2210 1475 2264 οὔπω
1516 2214 1614 2266 καὶ
1656 2230 1875 2289 συγχω-

284 2290 533 2360 ρούμεθα
565 2294 704 2363 πρὸς
732 2296 802 2349 τὰ
822 2300 967 2352 κατά
995 2300 1199 2355 σκοπὸν
1233 2303 1526 2360 είσόαλείν.

1993 653 2272 709 infortunii
2305 668 2542 723 tempus,
2586 653 2707 710 non‘
2746 655 2906 709 nobis
2942 652 3343 717 tantummodo,
3375 650 3467 721 qui
3499 660 3563 705 ea

1990 745 2233 814 perpessi
2290 762 2504 808 sumus,
2558 744 2653 801 sed
2709 752 2763 800 et
2822 744 3079 800 onmibus
3121 754 3560 813 quaquaversum

1989 837 2253 904 dispersis
2298 838 2612 891 nationibus
2663 836 3053 890 manifestavit.
3111 834 3267 901 Quod
3344 834 3387 887 si
3438 832 3561 900 quis

1989 929 2270 983 immensae
2300 930 2624 983 calamitatis
2657 929 2868 997 pondus
2901 937 2955 981 et
3000 928 3104 981 alia
3142 927 3351 987 ratione
3388 924 3562 992 conji-

1986 1031 2109 1074 ce‘re
2139 1021 2393 1083 voluerit,
2425 1036 2490 1073 ex
2526 1021 2632 1082 his,
2662 1006 2781 1086 qua:
2812 1020 2926 1087 ipse
2961 1032 3104 1072 nunc
3137 1002 3218 1070 vel
3254 1004 3369 1070 sola
3414 1016 3560 1069 illius

1984 1115 2248 1167 memoria
2301 1115 2495 1182 patior,
2555 1114 2737 1166 animo
2816 1112 3105 1180 concipiet.
3169 1110 3376 1163 Etenim
3430 1122 3554 1161 cum

1985 1205 2269 1271 praesentis
2309 1204 2576 1258 orationis
2608 1203 2750 1257 alius
2789 1206 2857 1257 sit
2893 1217 3091 1268 scepus
3123 1202 3457 1270 propositus,
3491 1197 3559 1251 de

1954 1296 2352 1351 ecclesiastica
2372 1296 2586 1350 scilicet
2616 1309 2750 1365 pace
2779 1294 2939 1349 verba
2998 1293 3201 1355 facere,
3241 1290 3294 1345 et
3324 1290 3563 1343 homini-

1979 1386 2085 1442 bus
2132 1396 2244 1440 tum
2276 1388 2381 1440 hac
2431 1396 2591 1440 aelate
2651 1386 2981 1448 viventibus,
3045 1394 3159 1438 tum
3211 1382 3554 1451 postmodum

1976 1478 2182 1533 futuris
2202 1482 2553 1546 respondere,
2580 1481 2749 1548 probe
2768 1493 2797 1532 a
2827 1477 2982 1531 nobis
3009 1476 3158 1529 noxii
3187 1474 3553 1529 Eeclesiarum

1978 1571 2301 1627 sebismatis
2339 1571 2627 1626 dissldium
2663 1570 2963 1629 sublatum,
2994 1567 3222 1637 locoque
3266 1566 3414 1620 illius
3449 1564 3558 1618 Deo

1978 1664 2206 1717 amicam
2237 1678 2424 1734 pacem
2454 1671 2507 1718 et
2557 1663 2820 1717 unionem
2872 1661 3236 1715 introductam
3284 1673 3421 1720 es-e,
3456 1672 3557 1721 ego

1975 1757 2044 1808 ab
2074 1756 2182 1810 illis
2210 1757 2505 1819 absistens,
2540 1755 2837 1815 malorum,
2866 1768 2986 1822 quae
3034 1767 3133 1806 nos
3165 1752 3236 1804 ob
3268 1749 3554 1803 dissidium

1975 1850 2308 1917 aﬂlixerunt,
2339 1852 2616 1906 mentione
2656 1851 2902 1912 inducta,
2936 1846 3235 1902 infortunia
3295 1856 3350 1899 ct
3385 1846 3558 1899 lessus

1978 1944 2115 2012 ccepi
2147 1944 2499 2001 concinnare.
2565 1941 2628 1996 Et
2660 1942 2767 1995 nisi
2804 1939 3144 2009 propositum
3172 1947 3552 2003 argumentum

1976 2036 2092 2090 alio
2118 2051 2221 2090 nos
2254 2034 2606 2104 compelleret
2632 2034 3004 2101 traheretque,
3052 2030 3287 2085 fortasse
3338 2030 3559 2084 univer-

1983 2142 2099 2181 sam
2156 2143 2340 2182 rerum
2392 2136 2642 2181 naturam
2680 2125 2863 2188 mala,
2927 2138 3051 2194 quae
3105 2121 3441 2177 Christianis
3490 2135 3556 2173 ex

1980 2217 2346 2275 Ecclesiarum
2379 2218 2609 2275 dissidio
2631 2232 2881 2279 evenere,
2912 2223 3333 2285 praenarrantes,
3370 2213 3434 2265 ad
3471 2211 3558 2265 lu-

1978 2320 2127 2365 ctum
2159 2311 2615 2366 concilassemus.
2648 2308 2751 2364 Sed
2780 2318 2834 2363 et
2865 2308 2992 2363 hinc
3017 2321 3237 2377 quoque
3291 2307 3556 2379 immensa

281 2396 443 2436 noxa:
468 2388 787 2454 magnitude
818 2393 955 2447 satis
985 2402 1172 2462 aperta
1204 2405 1474 2463 remanet,
1503 2399 1650 2468 quod
1683 2401 1749 2455 ad
1783 2416 1870 2465 ea,
1911 2415 2033 2472 quae
2061 2403 2450 2474 proposuimus
2490 2416 2712 2456 manum
2755 2402 3044 2456 immittere
3098 2400 3339 2454 nondum
3396 2397 3556 2453 nobis

276 2482 592 2534 Concedatu
603 2499 648 2536 r.

347 2572 417 2642 β’.
454 2573 611 2629 Ἐπεὶ
650 2577 708 2630 δὲ
744 2581 897 2635 πᾶσα
945 2583 1160 2654 ἀνάγκη
1203 2586 1449 2656 ἅψασθαι
1484 2585 1558 2644 ὧν
1601 2592 1749 2659 ἅπαξ
1779 2592 1875 2646 καὶ

277 2667 654 2737 «Mamaea,
704 2675 801 2726 xui.
852 2675 916 2747 δή
964 2693 1147 2747 φαμεν
1176 2679 1250 2742 ὡς
1306 2680 1368 2734 τὸ
1406 2682 1500 2735 τοῦ
1551 2684 1710 2751 λόγου
1738 2688 1874 2755 ἡμῖν

281 2760 708 2829 σκοπιμὼτατον
770 2766 912 2835 πρὸς
962 2770 1240 2838 ἀπόδειξιν
1315 2776 1498 2847 ἀφορᾷ
1544 2770 1639 2830 τοῦ
1685 2779 1877 2841 κακῶς

278 2854 772 2924 παρεισφθαρῆναι
818 2862 941 2922 ταῖς
989 2862 1345 2934 Ἐκκλησίτις
1395 2868 1456 2920 τὸ
1502 2870 1733 2938 σχίσμα,
1779 2871 1874 2924 καὶ

279 2943 359 3013 μὴ
408 2948 553 3000 κατὰ
595 2946 787 3015 λόγους
832 2952 1355 3022 ἐκκλησιαστικοὺς,
1388 2961 1511 3030 μηδ’
1559 2962 1646 3014 ἐπ’
1673 2962 1874 3025 αἰτίαις

277 3040 544 3108 εὐλόγως,
565 3042 881 3109 διεστώσαις
902 3046 1065 3106 λαοὺς
1087 3049 1180 3101 καὶ
1205 3050 1463 3120 κλήρους,
1482 3054 1748 3121 ποιμένας
1775 3055 1870 3107 καὶ

279 3133 472 3200 ἱερεῖς,
504 3134 640 3186 ἀλλὰ
668 3136 756 3188 διά
783 3154 908 3190 τινα
938 3140 1330 3210 σμικρολογίαν
1358 3144 1513 3213 ἤχου,
1551 3146 1704 3198 οὐδὲν
1739 3150 1870 3216 μὲν-

274 3239 362 3275 τοι
403 3224 758 3292 λυμαίνοντος
796 3229 894 3297 τὴν
927 3230 1237 3293 εὐσέϐειαν,
1273 3235 1352 3294 εἰς
1384 3234 1647 3303 διαφορὰν
1692 3235 1747 3287 δὲ
1781 3236 1871 3287 πί-

280 3331 456 3377 στεως
505 3317 657 3386 ὅμως
704 3320 990 3384 ἑκατέροις
1040 3325 1154 3386 τοῖς
1189 3325 1383 3392 μέρεσι
1417 3325 1687 3390 δόξαντος.
1728 3326 1872 3397 Πρὸς

278 3405 414 3472 γοῦν
446 3407 539 3460 τὸν
592 3409 836 3461 τοιοίτον
881 3412 1162 3481 τοῦλόγου
1223 3417 1426 3467 σκοπὸν
1453 3420 1532 3479 είς
1561 3418 1654 3471 δύο
1698 3417 1873 3471 ταῦτα

278 3500 769 3565 συγκεφαλαιῶσαι
818 3505 918 3575 τὴν
965 3505 1093 3575 ὃλην
1122 3512 1506 3577 πραγματείαν
1556 3509 1650 3563 τοῦ
1711 3510 1868 3579 λόγου

279 3589 554 3658 βούλομαι
602 3591 697 3644 νῦν
724 3610 736 3622 ·
773 3592 833 3646 ἒν
884 3594 984 3663 μὲν
1031 3598 1456 3665 ὲγκατασκεύως
1505 3601 1745 3653 ἐκθεῖναι
1792 3601 1870 3670 τῷ

274 3682 427 3752 λόγῳ
447 3683 520 3734 τὰ
538 3684 786 3751 γραφικά
815 3685 992 3740 πάντα
1016 3690 1177 3758 ῥητὰ,
1200 3689 1268 3741 δι’
1298 3683 1372 3743 ὧν
1397 3693 1445 3743 oi
1475 3693 1615 3743 κατὰ
1644 3693 1870 3763 καιροὺς

276 3779 411 3846 περὶ
434 3777 538 3846 τῆς
569 3778 796 3848 Τριάζος
823 3781 1242 3848 θεολογήσαντες
1270 3784 1552 3852 φαίνονται
1570 3785 1868 3856 διαρρήδην

271 3869 702 3939 διατρανοῦντες
754 3873 814 3924 τὸ
844 3873 1069 3941 Πνεῦμα
1098 3874 1159 3925 τδ
1209 3875 1365 3941 ἆγιον
1416 3877 1483 3929 ἐκ
1530 3879 1628 3946 τῆς
1677 3877 1868 3938 οὐσίας

273 3961 554 4029 ὑπάρχειν
582 3962 675 4014 τοῦ
710 3962 921 4032 Πατρὸς
945 3964 1040 4016 καὶ
1067 3964 1161 4016 τοῦ
1189 3964 1344 4029 Υίοῦ,
1368 3967 1506 4036 ὅπερ
1536 3968 1567 4034 ἠ
1595 3968 1701 4018 τῶν
1734 3966 1866 4018 Ῥω·

274 4058 461 4122 μαίων
494 4054 792 4123 Ἐκκλησία
820 4055 1137 4125 πρεσϐεύει,
1164 4057 1222 4124 ἐξ
1249 4060 1450 4127 ἀμφοῖν
1478 4058 1610 4111 αὐτὸ
1635 4060 1868 4125 λέγουσα

268 4146 719 4217 ὲκπορεύεσθαι’
780 4147 968 4216 ἕτερον
1006 4149 1064 4202 δὲ
1120 4148 1188 4202 δι’
1224 4151 1642 4220 ἐπιχειρήσεων,
1691 4145 1766 4204 ὧν
1801 4152 1868 4205 ἂν

268 4244 364 4295 καὶ
393 4242 518 4311 δοίη
546 4239 682 4301 Θεὸς
707 4241 989 4306 ἀποδεῖξαι
1034 4240 1109 4303 ὡς
1144 4243 1176 4311 ἡ
1205 4241 1315 4294 τῶν
1336 4242 1603 4312 ἁρχηγῶν
1627 4244 1719 4296 τοῦ
1749 4246 1866 4316 σχί-

273 4351 491 4404 σματος
532 4333 806 4395 ἔνστασις,
839 4335 934 4387 καὶ
958 4331 1041 4385 ἔτι
1070 4334 1102 4402 ἡ
1134 4334 1242 4386 τῶν
1270 4336 1862 4404 κατακολουθησάντων

267 4428 506 4490 ἐκείνοις
546 4426 689 4497 ῥοπὴ
722 4424 859 4494 πρὸς
890 4427 958 4479 τὰ
993 4427 1176 4493 ὅμοια,
1213 4427 1274 4478 οὐ
1322 4426 1540 4490 δικαίας
1587 4424 1733 4497 εἶχον
1760 4429 1865 4491 τὰς

265 4516 533 4587 ἀφορμὰς
558 4516 694 4585 πρὸς
717 4516 817 4585 τὴν
846 4515 940 4567 ἐπὶ
965 4514 1217 4568 τοσοῦτον
1247 4515 1467 4569 ἔκτασιν
1497 4508 1592 4569 τοῦ
1616 4517 1861 4587 ὀλεθρίου

2049 2593 2104 2649 2.
2132 2593 2270 2649 Cum
2304 2608 2438 2648 vero
2480 2608 2708 2662 prorsus
2774 2592 3142 2646 necessarium
3185 2591 3274 2655 sit,
3335 2593 3552 2647 tandem

1978 2683 2272 2753 aliquando
2301 2686 2367 2739 ad
2411 2685 2746 2754 propositum
2806 2694 3186 2752 argumentum
3244 2700 3552 2740 sermonem

1983 2785 2322 2840 convertere,
2348 2778 2604 2840 dicimus,
2638 2777 2904 2831 orationis
2950 2788 3149 2832 nostrae
3181 2792 3403 2845 scopum
3444 2777 3556 2847 pri-

1984 2869 2218 2921 marium
2257 2883 2399 2931 esse,
2452 2869 2851 2931 demonstrare,
2897 2884 3062 2937 prave
3116 2869 3403 2923 dissidium
3449 2869 3556 2923 hOt:

1981 2955 2035 3008 in
2076 2954 2335 3010 Ecclesiis
2366 2957 2668 3024 irrepsisse,
2718 2968 2770 3011 et
2806 2974 2912 3011 non
2966 2958 3353 3013 ecclesiasticis
3384 2961 3554 3013 ratio-

1979 3045 2164 3108 nibus,
2193 3061 2369 3115 neque
2414 3047 2623 3104 causiS.
2671 3046 2789 3115 iure
2824 3047 3053 3116 populos
3093 3056 3144 3099 et
3204 3049 3417 3103 clcros.
3463 3063 3555 3115 pa-

1975 3145 2153 3192 stores
2176 3146 2228 3191 et
2254 3139 2565 3193 sacerdotes
2583 3140 2983 3208 separantibus,
3004 3141 3096 3192 sed
3123 3141 3239 3193 soni
3269 3139 3552 3208 cujusdam

1979 3229 2344 3299 inopportuna
2379 3232 2663 3292 varietate,
2702 3233 2794 3299 qui
2830 3232 2963 3285 nihil
3003 3232 3255 3301 pietatem
3312 3232 3552 3297 laederet,

1975 3321 2066 3373 SPtI
2124 3323 2216 3390 qui
2265 3323 2621 3377 nihilominus
2686 3324 2828 3385 hdei,
2890 3333 2950 3378 ut
2996 3325 3251 3392 utrisque
3312 3324 3555 3392 partibus

1974 3412 2670 3477 vi:lebatur,diﬂ'erentiam
2735 3415 3040 3471 induceret.
3082 3412 3155 3470 Ut
3206 3415 3391 3484 itaque
3424 3431 3554 3484 pro-

1974 3505 2211 3571 positum
2262 3486 2665 3574 exsequamur,
2753 3507 2971 3563 duobus
3032 3508 3551 3560 commentationem

1974 3594 2112 3648 hanc
2170 3607 2413 3650 nostram
2482 3598 2916 3652 coneludemus:
2952 3598 3124 3654 altero
3164 3598 3308 3652 dicta
3367 3601 3553 3652 omnia

1972 3689 2176 3754 scripto
2205 3688 2425 3750 tradita,
2460 3689 2512 3742 in
2542 3689 2763 3757 quibus,
2785 3691 2876 3759 qui
2906 3704 3004 3758 pro
3048 3699 3295 3756 tempore
3338 3688 3407 3743 de
3429 3687 3556 3742 Tri-

1975 3778 2139 3834 nitate
2170 3781 2374 3847 aliquid
2411 3781 2704 3833 commenti
2730 3790 2877 3840 sunt.
2922 3779 3178 3834 videntur
3209 3781 3385 3850 palam
3417 3796 3554 3834 con-

1950 3860 2136 3931 iiteri,
2176 3868 2442 3939 Spiritum
2470 3852 2720 3924 sanctum
2749 3886 2813 3925 ex
2848 3871 3082 3925 essentia
3132 3887 3253 3927 esse
3298 3870 3476 3926 Patris
3499 3880 3554 3926 et

1972 3959 2116 4023 Filii,
2165 3961 2312 4031 quod
2372 3962 2619 4017 Romana
2670 3961 2959 4025 Ecclesia,
3015 3978 3083 4017 ex
3142 3972 3378 4032 utroque
3424 3980 3548 4017 eum

1972 4056 2267 4121 procedere
2284 4069 2633 4115 asseverans,
2679 4054 2931 4121 atlirmat,
2977 4055 3328 4126 digeremus:
3376 4056 3550 4111 altero

1969 4145 2331 4213 argumentis,
2369 4145 2478 4199 Deo
2506 4145 2594 4198 illa
2630 4146 2790 4201 nobis
2817 4146 3228 4215 suppeditante,
3261 4158 3547 4201 auctorum

1968 4235 2181 4291 dissidii
2206 4245 2460 4301 conatus,
2495 4252 2708 4303 necnon
2742 4253 2959 4300 eorum,
2993 4238 3086 4307 qui
3115 4253 3211 4293 eos
3265 4239 3546 4294 subsecuti

1967 4338 2117 4393 sunt,
2150 4332 2217 4382 ad
2258 4329 2459 4383 similia
2516 4330 2956 4398 propensionem,
3021 4330 3199 4384 nullas
3252 4331 3549 4387 rationales

1971 4419 2229 4474 habuisse
2254 4434 2471 4481 causas,
2513 4422 2579 4474 ad
2627 4420 2919 4474 exitiosum
2962 4420 3337 4474 Ecclesiarum
3381 4421 3549 4475 dissi-

1965 4511 2116 4587 dium
2150 4511 2486 4565 tantumdem
2513 4510 2970 4577 promerendum.
3000 4511 3377 4565 ostendemus.
3400 4511 3550 4565 Licet

266 4610 378 4662 τῶν
422 4605 769 4676 Ἐκκλησιιῖιν
805 4603 1126 4673 σχίσματος.
1176 4605 1238 4658 Ei
1281 4607 1390 4677 γὰρ
1432 4605 1525 4659 καὶ
1573 4602 1640 4677 ἦν
1687 4608 1858 4677 ἡμᾶς,

1972 4603 2110 4657 enim
2146 4603 2282 4659 satis
2320 4611 2481 4666 esset,
2508 4603 2551 4657 si
2575 4602 2738 4657 dictis
2802 4603 3007 4670 scripto
3048 4602 3258 4656 traditis
3320 4603 3551 4656 demon-

266 4698 671 4763 ἀποδείξαντας
699 4697 808 4750 ἀπὸ
838 4699 1051 4768 ῥήσεων
1078 4698 1364 4765 γραφικῶν
1393 4699 1558 4768 μηδὲν
1588 4716 1641 4750 τι
1692 4699 1865 4765 etpal-

264 4795 511 4864 λομὲνην
554 4792 651 4843 ἐπὶ
692 4793 757 4858 τῇ
788 4789 1045 4861 εὐσεϐείᾳ
1072 4791 1169 4860 τὴν
1212 4790 1541 4858 Ἐκκλησίαν
1582 4793 1679 4861 τῆς
1725 4791 1862 4875 Ῥᾠε-

266 4899 402 4951 μης,
430 4879 707 4947 συστῆσαι
734 4878 811 4941 ὡς
853 4880 915 4932 οὺ
958 4879 1143 4942 καλῶς
1180 4875 1333 4933 εἷπον
1367 4882 1417 4933 οἱ
1464 4883 1815 4945 ἀντειπόντες
1842 4897 1889 4914 ’-

263 4976 360 5027 καὶ
384 4974 451 5027 τὸ
510 4970 805 5035 ἀνάπαλιν,
841 4973 890 5024 εί
921 4972 1017 5024 καὶ
1069 4972 1178 5025 ἀπὸ
1232 4973 1394 5041 μόνου
1428 4974 1525 5029 τοῦ
1578 4975 1862 5040 ἀποδεῖξαι

262 5065 391 5127 τοὺς
409 5062 511 5115 τοῦ
544 5062 844 5132 σχίσματος
886 5061 1225 5125 σπουδαστὰς
1242 5065 1350 5117 οὐκ
1374 5064 1551 5133 ὀρθῶς
1577 5067 1858 5137 χρηωμὲ-
1888 5072 1894 5079 “

264 5173 389 5219 γους
416 5157 545 5217 ταῖς
600 5157 697 5207 ἐπὶ
730 5153 806 5224 τῷ
856 5154 1116 5225 σχίσματι
1169 5148 1546 5227 ἀντιρρήσεσι,
1594 5162 1858 5229 γνωρίσαι

261 5242 330 5316 ἧν
364 5247 426 5298 τὸ
465 5244 638 5316 μηδέν
659 5262 714 5297 τι
739 5244 1074 5312 σφάλλεσθαι
1096 5245 1192 5297 ἐπὶ
1220 5247 1285 5314 τῇ
1314 5246 1573 5317 ,εὐσεϐείᾳ
1596 5248 1696 5315 τὴν
1737 5249 1861 5300 Ἐκ.

262 5339 504 5407 κλησίαν
547 5337 651 5406 τῆς
703 5336 947 5403 Ῥώμης.
993 5335 1132 5388 Ἀλλ’
1175 5338 1301 5389 ἐπεὶ
1336 5338 1479 5391 κατά
1528 5337 1729 5407 πολλὴν
1762 5341 1860 5409 τὴν

264 5429 594 5501 περιουσίαν
644 5428 744 5496 τῆς
793 5426 1057 5496 ἀληθείας
1117 5429 1279 5498 ήμεῖς
1339 5429 1430 5481 τζν
1485 5426 1579 5481 τοῦ
1629 5429 1860 5499 ψεύδους

264 5524 491 5594 ἔλεγχον
557 5520 897 5590 ποιήσασθαι
950 5519 1402 5590 προθυμούμεθα,
1470 5521 1605 5589 πρὸς
1662 5523 1723 5574 τὸ
1775 5523 1858 5577 δι-

264 5616 436 5670 πλοῦν
479 5614 577 5667 τοῦ
632 5613 847 5682 ἀγῶνος
895 5611 1282 5679 ἀπώυσόμεθα
1307 5629 1320 5643 θ
1377 5612 1474 5667 καὶ
1522 5615 1581 5667 τὸ
1608 5613 1669 5667 ἓν
1717 5611 1859 5678 εἶδος

261 5709 357 5762 τοῦ
405 5708 569 5775 λόγου
615 5705 928 5766 διελθόντες
978 5704 1267 5775 πρότερον,
1319 5705 1469 5769 ὅπως
1499 5704 1568 5759 ἂν
1597 5708 1694 5760 καλ⁸
1739 5709 1856 5777 δοίη

262 5799 421 5865 Θεὸς,
474 5796 578 5868 τὴν
629 5796 743 5851 ἀπὸ
795 5794 911 5851 τῶν
960 5792 1194 5865 Γραφῶν
1248 5795 1492 5866 δηλονότι
1544 5813 1857 5871 μεταχειρι-

268 5892 494 5951 σάμενον.
540 5888 860 5959 μαρτυρίαν
897 5888 990 5941 ἐπὶ
1021 5889 1278 5942 συστάσει
1313 5887 1405 5942 τοῦ
1454 5889 1593 5960 πρὸς
1633 5890 1731 5963 τὴν
1762 5892 1853 5945 εὐε-

1967 4696 2346 4764 straverimusl
2374 4695 2676 4749 Romanam
2719 4694 3017 4750 Ecciesiam
3063 4694 3200 4749 bene
3249 4698 3453 4750 sentire
3492 4697 3545 4749 iu

1965 4788 2244 4849 omnibus,
2284 4802 2383 4841 nec
2415 4787 2468 4840 in
2501 4788 2612 4840 ullo
2655 4787 2789 4851 ialii,
2822 4787 3202 4856 comprobari,
3255 4804 3363 4841 non
3397 4798 3546 4842 recte

1965 4879 2308 4951 adversarios
2360 4879 2687 4948 opposuisse
2718 4896 2734 4934 :
2760 4888 2813 4932 et
2866 4888 3076 4944 contra,
3108 4881 3190 4933 vel
3246 4882 3361 4935 sola
3399 4879 3546 4936 illius

1956 4960 2451 5038 demenstratione,
2471 4973 2787 5040 probator-es
2819 4972 3134 5051 schismatis
3154 4970 3281 5035 illis.
3311 4990 3447 5044 quas
3474 4975 3543 5028 ad

1963 5060 2255 5118 fovendum
2283 5066 2525 5120 scbisma
2557 5065 3023 5121 contradictiones
3043 5055 3397 5136 usoﬂarunt,
3431 5083 3542 5123 nou

1961 5158 2111 5211 recte
2138 5172 2266 5212 usos
2297 5156 2491 5219 fuisse,
2526 5148 2875 5214 manifestum
2905 5173 3210 5221 remanere,
3242 5159 3539 5214 Ecclesiae:

1960 5244 2262 5301 Romanam
2296 5249 2450 5303 nullo
2484 5251 2645 5304 modo
2678 5250 2787 5304 falli
2822 5253 2874 5305 iu
2907 5252 3126 5321 pietate.
3150 5250 3538 5307 Verumtamen

1962 5354 2061 5396 nos
2090 5342 2335 5396 veritatis
2381 5342 2552 5410 ipsius
2601 5344 2808 5399 lumine
2868 5346 3241 5415 maximopere
3308 5344 3537 5408 suiiulti,

1961 5448 2085 5487 cum
2119 5433 2461 5489 mendacium
2487 5437 2892 5505 deprehendere
2943 5449 3288 5507 exoptemus,
3340 5437 3535 5506 duplex

1963 5524 2064 5576 hoc
2095 5533 2369 5577 certamen
2396 5527 2801 5594 aggrediemur,
2832 5536 3016 5582 etuna
3061 5526 3327 5581 orationis
3370 5536 3535 5597 parte
3578 5546 3583 5551 '

1960 5615 2114 5683 prius
2140 5614 2409 5683 absoluta,
2436 5626 2491 5669 ut
2520 5614 2660 5671 Deus
2683 5620 3035 5682 concesserit,
3078 5631 3143 5671 ex
3166 5618 3386 5689 scriptis
3453 5626 3534 5673 te-

1961 5707 2220 5763 stimonia
2244 5719 2608 5774 assumentes,
2686 5710 2755 5764 ad
2815 5710 3286 5766 corroborandum
3343 5727 3533 5765 sanam

1962 5799 2222 5854 Romanae
2251 5800 2513 5856 Ecclesiae
2559 5802 2889 5868 doctrinam,
2933 5803 2989 5855 in
3041 5801 3213 5857 altera
3263 5802 3531 5871 reliquum

1938 5906 2346 5963 exponemus;
2389 5894 2781 5969 redarguemus
2828 5894 3063 5963 scilicet,
3101 5910 3224 5968 quae
3264 5894 3446 5952 direre
3481 5902 3535 5951 et
3569 5908 3581 5927 ’
