4058 6420
519 402 589 473 l9

1570 408 1783 474 JOAN.
1825 409 2039 473 VECCl
2082 411 2196 476 (ΞΡ.
2234 412 2753 480 ΡΑΤΒΙΑΗΟΗᾹΞ

3715 406 3789 472 20

515 536 640 591 qua:
665 517 1068 589 conscripsere,
1124 519 1219 590 qui
1258 532 1359 589 pro
1398 525 1649 591 tempore
1689 522 1956 579 adversus
1995 522 2092 577 llo-

2207 526 2426 581 σέόειαν
2490 526 2679 597 ὑγιοῦς
2746 526 2847 597 τῆς
2908 521 3231 596 Ῥωμαῖκῆς
3301 521 3672 596 Ἐκκλησία,
3731 529 3791 581 ἐν

518 628 736 671 tnanam
786 611 1089 669 Ecclesiam
1159 613 1567 671 dissertationis
1630 624 1908 672 certamen
1965 617 2106 671 inie-

518 712 672 762 runt.

590 993 645 1046 5.
682 990 787 1047 Sed
818 991 967 1048 enim
1003 1007 1127 1047 cum
1160 1007 1271 1047 non
1308 992 1375 1048 ad
1426 1001 1724 1064 praesentes
1746 1004 1957 1052 tantum
1999 998 2102 1051 ho-

515 1083 718 1143 mines.
754 1085 848 1139 sed
884 1084 951 1138 ad
986 1099 1083 1139 eos
1118 1084 1310 1149 etiam,
1357 1086 1451 1155 qui
1499 1096 1620 1156 post
1649 1103 1751 1143 nos
1805 1099 2103 1144 nascentur

514 1177 835 1238 etvenient,
880 1176 1043 1230 verba
1106 1174 1363 1240 facimus,
1415 1177 1604 1233 nescio
1649 1178 1778 1248 quid
1830 1181 2099 1247 agendum

514 1266 676 1320 nobis
706 1266 799 1321 sit.
855 1266 1066 1321 Etenim
1123 1267 1170 1321 si
1196 1283 1321 1321 cum
1350 1270 1719 1338 przesentibus
1771 1286 1956 1325 sermo
2006 1271 2103 1326 Ita-

514 1355 762 1419 beretur,
829 1365 943 1410 tum
1000 1361 1044 1412 si
1102 1358 1378 1427 quispiam
1455 1360 1613 1416 nobis
1676 1362 2098 1427 contradiceret,

512 1447 720 1503 nostris
745 1448 974 1503 auribus
1009 1449 1159 1503 illius
1177 1449 1618 1519 oppositionibus
1651 1452 1881 1515 auditis.
1911 1452 2097 1509 forsan

510 1539 880 1608 respondendi
902 1555 1110 1594 ansam
1142 1539 1287 1595 Deus
1320 1542 1668 1607 concederet,
1704 1558 1769 1596 ex
1798 1558 1909 1611 quo
1935 1557 2099 1597 omne

512 1632 718 1686 donum
745 1633 1075 1701 perlectum.
1106 1633 1349 1689 animum
1403 1649 1564 1688 suum
1601 1634 1668 1687 ad
1715 1634 1867 1688 illum
1919 1634 2098 1704 appli-

514 1725 770 1779 cantibus
804 1742 818 1779 :
856 1736 910 1778 et
936 1724 1065 1778 licet
1096 1724 1221 1779 illos
1273 1726 1603 1793 persuadere
1620 1741 1728 1779 non
1763 1728 2092 1793 valeremus,

516 1828 734 1886 gratum
790 1827 972 1871 tamen
1020 1817 1180 1872 nobis
1238 1819 1535 1879 accideret.
1593 1820 1934 1875 intuentibus
1999 1837 2096 1877 eos

2207 610 2451 684 δευτέρῳ
2486 615 2796 686 ἐκθήσομεν
2826 615 2888 668 τὸ
2933 613 3145 680 λοιπὸν,
3171 614 3264 668 τδν
3310 614 3532 684 ἔλεγχον
3563 614 3788 686 δηλαδὴ,

2206 700 2284 758 ὧν
2311 722 2370 759 τε
2405 702 2596 773 εἷπον,
2630 709 2724 762 καὶ
2756 702 2832 762 ὧν
2877 706 3287 779 συνεγράψαντο
3318 709 3368 760 οἱ
3394 705 3536 760 κατά
3564 708 3791 776 καιροὺς

2207 798 2346 867 πρὸς
2380 797 2479 870 τὴν
2521 798 2837 871 Ῥωμαϊκὴν
2893 801 3223 871 Ἐκκλησίαν
3244 800 3337 856 τὸν
3367 799 3467 870 τῆς
3504 800 3791 866 διαλέξεως

2211 891 2402 959 ἀγῶνα
2429 893 2847 963 ἀναδεξάμενοι.

2271 981 2342 1051 γ’.
2382 984 2534 1037 Ἐπεὶ
2565 985 2622 1038 δέ
2666 988 2728 1039 οὐ
2776 986 2913 1058 πρὸς
2961 987 3157 1056 μόνους
3198 986 3326 1047 τοὺς
3360 985 3641 1055 παρόντας
3679 986 3789 1039 τῶν

2205 1075 2533 1145 ἀνθρώπων.
2563 1078 2699 1131 ἀλλὰ
2743 1080 2840 1133 καὶ
2887 1078 3025 1149 πρὸς
3054 1080 3181 1140 τοὺς
3210 1079 3496 1147 ὁψιγόνους
3526 1078 3623 1131 καὶ
3658 1077 3789 1146 μέλη

2202 1168 2393 1233 λοντας
2438 1173 2564 1234 τοὺς
2585 1171 2779 1240 λόγους
2819 1172 3143 1242 ποιούμεθα,
3187 1173 3288 1224 οὐκ
3321 1167 3421 1223 οἵδ’
3444 1172 3473 1222 ὃ
3501 1188 3554 1223 τι
3586 1170 3654 1223 ἂν
3695 1170 3793 1222 καὶ

2196 1260 2666 1332 διαπραξώμεθα.
2693 1263 2755 1316 Ei
2794 1265 2903 1334 γὰρ
2947 1263 3084 1334 πρὸς
3115 1262 3312 1330 μόνους
3345 1263 3474 1325 τοὺς
3509 1261 3792 1333 παρόντας

2200 1350 2269 1425 ἦν
2298 1357 2325 1408 ὁ
2348 1354 2505 1423 λόγος
2530 1358 2683 1425 ἡμῖν,
2700 1359 2749 1409 εἰ
2771 1357 2863 1409 καί
2892 1373 3040 1418 τινες
3062 1356 3171 1409 τῶν
3196 1358 3330 1426 ἡμῖν
3349 1355 3790 1425 ἐντυγχανόντων

2201 1446 2511 1515 ἀντέλεγον,
2544 1448 2680 1501 ἀλλά
2721 1465 2786 1516 γε
2833 1448 2970 1511 τέως
3001 1449 3060 1501 τὸ
3092 1448 3186 1501 ἐπὶ
3233 1450 3356 1510 ταῖς
3403 1448 3749 1500 ἀντιθέσεσιν
3772 1486 3788 1508 ,

2201 1539 2470 1609 αὐτήκοον
2502 1540 2659 1610 ἡμῶν
2685 1543 2955 1611 παρεῖχεν,
2979 1540 3046 1594 ἂν
3079 1539 3376 1607 ἀπολογίας
3403 1542 3539 1609 ἡμῖν
3571 1539 3792 1608 εὕρεσιν

2201 1629 2335 1700 πρὸς
2361 1630 2515 1693 Θεὸν,
2535 1633 2595 1698 ἐξ
2624 1627 2685 1685 οὗ
2712 1634 2819 1686 πᾶν
2842 1632 3077 1702 δώρημα
3109 1632 3337 1693 τέλειον,
3356 1634 3448 1685 τὸν
3476 1632 3602 1685 νοῦν
3628 1632 3789 1700 ἡμῶν

2199 1716 2575 1771 ἀνατείνουσι·
2614 1721 2707 1773 καὶ
2752 1722 2800 1773 εἰ
2849 1722 2922 1791 μή
2954 1737 3021 1789 γε
3056 1725 3244 1775 πεῖσαι
3284 1722 3486 1785 αὐτοὺς
3532 1722 3782 1791 εἴχομεν.

2201 1808 2315 1862 ἀλλ’
2344 1809 2630 1880 ἀγαπητὸν
2666 1811 2733 1865 ἂν
2758 1814 2890 1881 ήμῖν
2918 1813 3220 1882 συνορῶσιν
3248 1813 3468 1877 αὐτοὺς,
3495 1814 3555 1878 ἐξ
3577 1814 3788 1881 ἀλόγου

515 1910 802 1965 temeraria
831 1910 1065 1979 quadam
1100 1911 1403 1978 pervicacia
1445 1912 1641 1967 ductos
1692 1914 2092 1978 contradicere,

2201 1902 2504 1971 πεισμονῆς
2560 1904 2893 1971 ἐρχομένους
2923 1903 3060 1971 πρὸς
3101 1905 3198 1973 τὴν
3238 1906 3597 1975 ἀντίρρησιν,
3628 1906 3791 1975 νίκην

510 2016 567 2059 et
607 2003 712 2057 boc
748 2004 926 2067 ipsum
959 2006 1251 2060 victoriam
1284 2004 1755 2070 cxistimaremus,
1817 2006 2099 2060 contradi-

512 2096 788 2151 ctionibus
812 2106 994 2151 mente
1035 2112 1101 2151 ac
1128 2097 1342 2150 ratione
1383 2095 1573 2150 vacuis
1607 2096 1776 2150 vinci.
1824 2095 1928 2151 Sed
1969 2112 2094 2151 cum

510 2188 579 2243 ad
608 2198 859 2256 posteros
886 2189 1011 2253 erit,
1043 2196 1098 2243 et
1139 2186 1209 2242 ad
1242 2202 1359 2253 eos,
1409 2202 1545 2253 quos
1590 2197 1805 2255 tempus
1851 2188 2093 2243 futurum

511 2278 579 2334 ad
609 2278 1151 2333 Commentariorum
1189 2278 1386 2332 borum
1433 2286 1749 2333 nostrorum
1800 2280 2093 2335 lectionem

508 2369 822 2438 compellet.
861 2372 1083 2438 quando
1104 2384 1213 2424 non
1262 2369 1517 2424 novimus
1544 2384 1709 2438 quam
1753 2370 1828 2424 illi
1876 2380 2098 2426 senten-

509 2462 642 2515 tiam
670 2470 724 2515 ct
754 2463 1043 2515 consilium
1071 2472 1399 2531 sequentur,
1438 2462 1554 2517 sive
1577 2472 1784 2517 rectum
1808 2473 1863 2519 et
1885 2463 2095 2519 discer-

510 2553 672 2607 nendi
708 2552 758 2606 vi
789 2553 1022 2622 pollens.
1063 2562 1248 2620 atque,
1286 2562 1346 2607 ut
1383 2555 1548 2608 verbo
1581 2556 1904 2624 expediam,
1936 2571 2096 2623 paea-

510 2654 647 2708 tum,
683 2638 878 2711 quales
938 2646 1143 2699 multos
1196 2644 1509 2714 prnbosque
1555 2655 1687 2700 aetas
1728 2645 1843 2700 lucc
1900 2657 2092 2703 nostra

405 2777 413 2786 .
509 2734 655 2792 tulit.
687 2735 802 2791 sive
828 2735 1322 2803 pertinax.quales
1374 2736 1540 2790 etiam
1595 2752 1741 2790 nunc
1788 2737 1932 2806 iique
1980 2754 2089 2793 non

506 2827 669 2898 pauci
702 2826 902 2895 reperti
927 2835 1077 2889 sunt,
1122 2826 1256 2885 nihil
1289 2826 1781 2896 disceptationibus
1834 2839 1888 2883 et
1924 2830 2092 2884 ratio-

504 2921 725 2981 nalibus
759 2919 982 2988 judiciis
1014 2920 1343 2983 tribuentes,
1402 2920 1495 2973 sed
1544 2928 1825 2990 utcunque
1874 2932 2082 2977 temere

509 3011 851 3080 insulseque,
904 3013 998 3079 qui
1045 3026 1141 3065 eos
1203 3010 1570 3079 prasiveruut,
1625 3020 1936 3079 sequentes.
1989 3012 2094 3069 hoc

511 3119 682 3160 unum
747 3119 969 3158 sursum
1016 3104 1406 3171 deorsumque,
1458 3103 1860 3169 utfproverbio
1893 3103 2089 3169 fertur,

2199 1993 2333 2046 αὐτὸ
2382 1992 2542 2047 τοῦτο
2589 1996 2866 2064 ήγείσθαι,
2914 1996 2975 2049 τὸ
3018 1997 3095 2066 μὴ
3145 1998 3205 2062 ἐξ
3254 1998 3492 2063 ἐλλόγων
3524 2000 3790 2054 νικᾶσθαι

2197 2082 2307 2135 τῶν
2336 2084 2739 2154 ἀντιρρήσεων.
2789 2086 2942 2139 Ἐπεὶ
2970 2087 3026 2140 δὲ
3058 2088 3151 2140 καὶ
3185 2090 3322 2159 πρὸς
3349 2092 3476 2154 τοὺς
3498 2092 3792 2161 ὁψιγόνους

2198 2177 2423 2241 ἐσεῖται,
2458 2179 2554 2229 καὶ
2586 2176 2681 2239 οὓς
2731 2178 2759 2229 ὁ
2795 2176 3008 2246 μέλλων
3037 2181 3227 2249 χρόνος
3261 2184 3340 2245 είς
3379 2184 3634 2254 ἐντυχίαν
3676 2186 3792 2241 τῶν

2198 2268 2482 2338 παρόντων
2532 2269 2822 2340 ἡμετέρων
2870 2269 3048 2338 λόγων
3094 2272 3337 2335 καλέσοι,
3370 2275 3497 2328 ἐπεὶ
3528 2278 3603 2347 μὴ
3638 2278 3789 2333 σίδα-

2199 2377 2331 2430 μεν,
2364 2361 2558 2424 ὁποίας
2597 2361 2665 2415 ἂν
2706 2362 2938 2432 γνώμης
2985 2365 3082 2417 καὶ
3125 2368 3523 2438 προαιρέσεως,
3554 2371 3788 2438 ἔσοιντο,

2195 2452 2305 2504 είτε
2346 2452 2448 2521 τῆς
2477 2454 2861 2521 εὐσυνειδήτου
2908 2456 3003 2509 καὶ
3029 2456 3399 2528 διακριτικῆς,
3435 2462 3619 2516 καὶτὸ
3664 2465 3793 2519 ὅλον

2194 2545 2371 2598 εἰπεῖν
2404 2548 2724 2617 εἰρηνικῆς,
2753 2548 2973 2613 ὁποίους
3017 2550 3249 2615 πολλούς
3289 2569 3350 2606 τε
3403 2557 3498 2609 καὶ
3528 2557 3792 2623 τάγαθοὺς

2193 2638 2223 2689 ὁ
2277 2636 2372 2692 νῦν
2415 2640 2650 2705 ἀνέδειξε
2713 2643 2939 2713 χρόνος,
2979 2645 3091 2697 εἴτε
3135 2646 3235 2716 τῆς
3282 2654 3653 2721 πεισματικῆς
3700 2669 3788 2717 τε,

2193 2726 2368 2779 ὁποῖοι
2421 2729 2518 2781 καὶ
2568 2730 2720 2784 αὐτοὶ
2781 2732 2883 2786 οὐκ
2936 2732 3106 2802 ὀλίγοι
3158 2735 3253 2789 νῦν
3304 2739 3690 2811 ἀνεφάνησαν,
3721 2743 3790 2795 οὔ

2194 2818 2374 2886 λόγοις
2420 2820 2513 2871 κοιλ⁸
2548 2820 2796 2888 λογικαίς
2840 2823 3169 2892 διαγνώσεσι
3214 2829 3619 2899 προσνέμοντες
3651 2834 3791 2886 ἐαυ-

2191 2913 2340 2974 τοῦς,
2372 2913 2488 2967 ἀλλ’
2517 2914 2702 2979 ἁπλῶς
2731 2915 2874 2970 οὕτω
2922 2918 3024 2987 τήν
3069 2918 3354 2984 ἀλόγιστον
3383 2925 3497 2986 τοῖς
3534 2941 3791 2994 προηγη-

2196 3005 2455 3074 σαμένοις
2508 3007 2979 3081 κατακολούθησιν
3026 3012 3486 3083 προαιρούμενοι.
3521 3014 3580 3068 ἓν
3625 3016 3793 3071 τοῦτο

2193 3097 2289 3150 καὶ
2320 3098 2479 3165 μόνον
2511 3098 2625 3153 ἄνω
2664 3099 2758 3154 καὶ
2801 3102 2955 3155 κάτω
2983 3100 3079 3155 τοῦ
3112 3102 3276 3170 λόγου
3309 3104 3696 3175 προφέροντες,
3721 3110 3792 3161 τὸ

507 3204 824 3254 asserentes
851 3195 1139 3250 dissidium
1175 3209 1281 3247 nou
1344 3208 1467 3249 esse
1503 3193 1909 3264 deponendum,
1944 3198 2087 3265 quod

2198 3190 2273 3262 μὴ
2321 3190 2434 3245 δεῖν
2474 3192 2743 3262 ἀθετῆσαι
2791 3194 3023 3264 σχίσμα,
3060 3195 3199 3265 ὅπερ
3225 3197 3274 3249 οι
3305 3197 3411 3266 πρὸ
3443 3198 3636 3268 ήμῶν,
3669 3199 3789 3253 είτε

507 3288 686 3347 nostri
719 3288 980 3356 majores,
1011 3288 1128 3357 sive
1165 3287 1354 3357 probe,
1381 3287 1497 3339 sive
1530 3287 1693 3351 maie,
1726 3289 2089 3344 suscitarunt.

509 3354 875 3452 lliitaque,vsi
916 3354 1178 3436 secundae
1215 3381 1553 3436 conditionis
1605 3381 1830 3447 l'ueriut,
1885 3386 2093 3439 nostris

507 3473 661 3532 hisce
690 3473 1070 3536 sermonibus,
1106 3486 1207 3540 pro
1261 3471 1671 3527 corroboranda
1717 3474 2091 3531 ecclesiastica

507 3582 643 3634 pace
682 3565 972 3631 eoul‘ectis,
1021 3565 1185 3619 nullo
1221 3566 1385 3620 modo
1426 3566 1935 3623 consuadebuutur.
1984 3566 2091 3623 Sed

508 3674 618 3721 non
665 3667 948 3728 propterea
980 3657 1142 3712 nobis
1188 3658 1458 3713 silendum
1509 3666 1615 3719 est,
1656 3660 1749 3713 sed
1800 3659 1864 3714 ad
1917 3676 2090 3714 unum

506 3751 688 3803 solum
730 3749 911 3802 omnia
971 3750 1275 3803 intuentem
1333 3749 1580 3812 oculum,
1616 3762 1669 3804 et
1705 3753 1772 3807 ad
1821 3751 2088 3820 judicium

511 3844 665 3907 illud,
701 3842 848 3914 quod
887 3858 1048 3898 nemo
1073 3842 1235 3907 fallit,
1267 3851 1323 3898 et
1359 3842 1678 3913 apud'quod
1708 3843 2091 3901 nobisinsulse

506 3953 628 3994 sese
655 3937 1050 4007 opponentium
1107 3935 1419 3990 criminatio
1462 3935 1725 3990 damnum
1761 3936 1970 3993 nullum
2002 3938 2091 3992 in-

506 4029 664 4091 feret.
703 4043 884 4099 neque
913 4029 1058 4082 enim
1093 4027 1166 4081 ibi
1197 4027 1612 4115 criminantium
1633 4042 1805 4095 opus;
1830 4031 2094 4097 quemad-

505 4122 728 4175 modum
772 4136 948 4191 neque
976 4128 1174 4195 praeter
1207 4118 1473 4173 rationem
1512 4117 1911 4185 indulgentium
1942 4136 2093 4176 com-

504 4213 811 4277 mendatio,
843 4212 1304 4275 emolumentum,
1347 4225 1525 4280 neque
1554 4210 1701 4266 enim
1729 4210 1804 4267 ibi
1854 4213 2094 4269 advoca-

504 4318 686 4368 torum
722 4321 884 4375 opus,
926 4305 1149 4359 animus
1178 4304 1519 4372 dirigendus.

581 4398 636 4453 4.
670 4397 753 4456 Ad
790 4396 923 4451 illud
953 4397 1139 4465 itaque
1164 4393 1432 4462 judicium
1461 4393 1573 4449 falli
1617 4395 1865 4452 nescium
1913 4398 2091 4469 respi-

502 4491 735 4557 cientes,
765 4498 1013 4544 actutum
1047 4502 1163 4542 rem
1196 4487 1370 4556 ipsam
1410 4487 1820 4557 aggrediamur,
1853 4505 2092 4545 exoran-

503 4591 592 4639 tes
617 4581 884 4652 singulos,
909 4579 1003 4650 qui
1037 4588 1225 4653 nostra
1268 4580 1385 4634 haee
1434 4581 1640 4649 scripta
1695 4581 1749 4634 in
1803 4593 2086 4650 posterum

2196 4576 2484 4641 ἀξιοῦντας
2517 4577 2629 4630 τῶν
2656 4579 2769 4641 τοῖς
2801 4579 3069 4647 παροῦσιν
3111 4581 3404 4652 ήμετέροις
3448 4585 3775 4652 γράμμασιν
3803 4600 3860 4653 ,ηε

2194 4669 2593 4740 ἐντευξομένων
2620 4671 2936 4741 ἐσύστερον,
2972 4671 3124 4725 εὐθεῖ
3155 4650 3425 4727 συνειδότι
3460 4650 3574 4728 itali
3598 4650 3774 4745 ἁρρι-
3806 4650 3857 4723 ’⁵

504 4673 708 4741 legent,
774 4681 921 4728 recta
971 4672 1329 4735 conscientia,
1376 4680 1433 4727 et
1487 4681 1734 4726 neutram
1769 4671 1823 4726 in
1882 4682 2089 4742 partem

503 4780 797 4834 propensa.
835 4763 889 4816 in
917 4762 1024 4819 illis
1053 4771 1310 4817 contenta
1348 4762 1700 4826 exatttinare,
1732 4771 1789 4814 et
1815 4761 1861 4816 si
1896 4759 2089 4816 lectori

505 4854 794 4925 placuerit,
829 4867 859 4909 a
892 4851 1054 4907 nobis
1090 4865 1248 4907 error
1272 4864 1487 4913 eorum.
1512 4848 1605 4920 qui
1641 4859 1770 4906 ante
1789 4865 1892 4907 nos
1914 4850 2088 4916 luere,

504 4952 816 5007 correctus,
860 4942 1034 5014 gratia
1058 4942 1171 4999 Deo
1190 4941 1461 4998 bonorum
1507 4939 1756 4996 omnium
1811 4939 1987 4997 datori
2034 4948 2109 4995 et.

502 5037 753 5109 largitori
789 5053 804 5090 :
837 5035 985 5107 qw
1018 5034 1063 5091 si
1088 5035 1154 5087 de
1186 5034 1289 5089 bac
1310 5049 1442 5101 pace
1472 5034 1616 5089 male
1652 5048 1754 5088 nos
1804 5031 2090 5088 consultos

496 5130 733 5203 judicat,
762 5126 1075 5196 quicunque
1100 5124 1192 5182 ille
1222 5123 1411 5188 fuerit.
1450 5131 1660 5178 tantum
1696 5124 1802 5177 hoc
1831 5122 1899 5177 de
1928 5122 2089 5176 nobis

505 5217 963 5289 sciat,quidquid
1003 5233 1032 5271 τι
1062 5216 1224 5275 nobis
1263 5225 1356 5270 aut
1401 5215 1804 5284 excogitatum,
1858 5224 1954 5269 aut
2001 5214 2091 5268 di-

504 5326 679 5379 ctum,
708 5323 804 5369 aut
828 5311 1053 5371 factum,
1081 5309 1165 5369 vel
1201 5309 1407 5379 scripto
1430 5308 1811 5373 consignatum
1865 5305 1988 5370 fuit,
2016 5307 2085 5360 ad

490 5405 883 5465 ~stabdiendam
919 5402 1175 5464 Ecclesiae
1204 5415 1415 5470 pacem,
1444 5414 1552 5457 non
1601 5399 1668 5453 ad
1729 5390 2084 5452 refellendum

504 5494 725 5565 aliquod
777 5493 862 5547 vel
892 5507 977 5555 ex
1013 5491 1217 5555 nostris
1256 5491 1476 5554 ritibus,
1516 5487 1598 5541 vel
1650 5487 2022 5557 dogmatibus,
2053 5503 2084 5543 a

505 5587 669 5644 nobis
732 5592 1097 5655 pertentatum
1157 5581 1369 5658 fuisse.b
1417 5579 1746 5650 Quicunque
1801 5580 1949 5634 enim
2016 5581 2084 5635 ad

504 5675 935 5735 ecclesiasticam
976 5675 1115 5727 banc
1160 5671 1638 5740 pacem‘aceessit,
1675 5678 1894 5725 nostras
1936 5685 2082 5725 con-

505 5770 827 5831 suetudittes
858 5776 913 5822 et
947 5766 1203 5834 dogmata
1255 5775 1636 5825 contemnens.
1669 5762 2084 5833 dijudicansque

505 5862 808 5929 Numnam
838 5857 1139 5923 Erclesiaut
1178 5864 1362 5915 nostra
1391 5854 1563 5929 magis
1608 5854 1695 5927 pie
1742 5856 1944 5920 sentire
1988 5865 2084 5912 aut

2195 3285 2377 3349 καλῶς
2405 3288 2516 3341 εἴτε
2545 3286 2733 3349 κακῶς
2759 3288 2863 3340 ἀπε
2874 3288 3188 3357 ιργάσαντο.
3213 3290 3357 3360 Πρὸς
3375 3291 3506 3357 γοῦν
3530 3294 3786 3355 τούτους,

2194 3381 2243 3433 εἰ
2286 3379 2383 3448 τῆς
2425 3379 2686 3450 δευτέρας
2752 3374 2865 3433 εἷεν
2919 3381 3335 3450 προαιρέσεως,
3383 3382 3535 3436 οὐδὲν
3571 3382 3674 3453 μὲν
3720 3386 3788 3439 τὸ

2195 3470 2382 3523 πεῖθον
2417 3470 2633 3536 ἕξουσιν
2668 3474 2802 3537 ίσως
2831 3473 2897 3527 τὰ
2929 3474 3065 3543 παρ’
3094 3472 3253 3543 ήμῶν
3290 3474 3651 3544 ἐκτεθειμένα
3688 3478 3789 3532 ἐπὶ

2196 3563 2456 3619 συστάσει
2494 3565 2593 3634 τῆς
2626 3566 3086 3637 ἐκκλησιαστικῆς
3114 3568 3362 3637 είρήνης.
3398 3570 3473 3624 Οὐ
3504 3569 3593 3623 διὰ
3621 3570 3787 3626 τοῦτο

2193 3654 2249 3707 δὲ
2274 3657 2368 3708 καὶ
2406 3656 2707 3726 σιωπητέον
2726 3660 2894 3729 ἡμᾶς.
2918 3658 3052 3712 ἀλλὰ
3086 3661 3224 3732 πρὸς
3256 3659 3315 3713 ἓν
3344 3661 3504 3729 μόνον
3532 3662 3788 3731 ὁρῶντας

2192 3747 2286 3800 τον
2316 3750 2759 3804 παντεπίσκοπον
2800 3751 3100 3819 ὁφθαλμὲν,
3138 3753 3233 3806 καὶ
3262 3752 3398 3823 πρὸς
3426 3752 3486 3804 τὸ
3507 3753 3787 3823 ἀλάθητον

2194 3840 2613 3906 ἐνατενίζοντας
2660 3845 2839 3897 ἐκεῖνο
2891 3844 3304 3915 δικαιωτήριον,
3354 3844 3494 3913 πρὸς
3546 3844 3576 3897 δ
3623 3846 3785 3901 οὐδὲν

2193 3931 2343 4000 ἡμᾶς
2370 3933 2404 4002 ή
2430 3930 2541 3984 τῶν
2568 3933 2778 4000 ἀλόγως
2798 3933 3205 4002 ἀνθισταμένων
3230 3932 3423 4002 βλάψει
3450 3935 3780 4003 κατηγορίαο

2194 4024 2256 4076 οὐ
2310 4027 2489 4095 χρείαν
2520 4026 2628 4094 γὰρ
2681 4025 3007 4095 κατηγόρων
3044 4027 3197 4078 ἐκεῖ·
3229 4024 3421 4095 ὥσπερ
3457 4021 3553 4081 οὖν
3586 4027 3707 4081 οὒδέ
3744 4029 3779 4100 ἡ

2193 4115 2306 4169 τῶν
2347 4116 2677 4185 παραλόγως
2712 4115 3094 4186 χαριζομένων
3119 4114 3340 4186 ὀνήσειε
3375 4115 3640 4183 σύστασις
3664 4136 3677 4150 ’
3713 4122 3778 4175 οὐ

2194 4207 2357 4279 χρεία
2382 4208 2493 4279 γὰρ
2528 4209 2845 4279 συνηγόρων
2875 4210 3013 4263 ἐκεῖ.

2266 4394 2332 4447 δ’.
2378 4393 2524 4467 Πρὸς
2572 4394 2707 4463 γοῦν
2740 4394 2802 4448 τὺ
2850 4394 3119 4464 ἀλάθητον
3166 4398 3343 4451 ἐκεῖνο
3390 4341 3814 4470 δικαιωτήριονὲ
3838 4408 3851 4471 ξ

2196 4484 2538 4556 ἀφορῶντας,
2573 4486 2702 4539 εὐθὺ
2727 4485 2824 4539 τοῦ
2855 4487 3061 4540 σκοποῦ
3099 4487 3351 4555 γίνεσθαι
3379 4491 3507 4561 χρὴ,
3541 4490 3788 4562 ἕκαστοι,
3840 4516 3853 4545 τ

2194 4762 2289 4815 πεῖ
2330 4761 2646 4832 βασανίζειν
2709 4762 2779 4817 τὰ
2835 4763 3380 4835 ἐμπεριειλημμέναο
3414 4765 3511 4819 καὶ
3565 4765 3614 4818 εί
3668 4763 3775 4833 μὲν

2191 4849 2419 4922 ἀρέσκει
2460 4851 2539 4921 τῷ
2584 4852 2970 4923 ἐντυγχάνοντι
3015 4855 3079 4908 τὸ
3106 4855 3401 4928 διορθωθὲν
3440 4858 3572 4927 παρ’
3613 4857 3776 4928 ήμῶν

2194 4941 2421 5011 σφάλμα
2434 4941 2546 4995 τῶν
2564 4942 2672 5015 πρὸ
2694 4944 2874 5014 ήμῶν,
2908 4946 3071 5016 χάρις
3095 4947 3235 5016 Θεῷ,
3267 4948 3347 5016 τῷ
3374 4947 3577 5010 παντὸς
3601 4947 3774 5002 καλοῦ

2190 5032 2378 5103 δοτῆρι
2408 5034 2503 5087 καὶ
2531 5035 2775 5104 χορηγῷο
2802 5035 2925 5090 είδέ
2952 5053 3017 5105 γε
3046 5037 3174 5104 περὶ
3203 5037 3301 5107 τῆς
3326 5038 3549 5108 εἰρήνης
3566 5039 3776 5108 ταύτης

2191 5124 2252 5177 οὐ
2288 5123 2469 5187 καλῶς
2499 5124 2967 5197 βουλευσαμένους
2994 5127 3291 5182 διανοεῖται
3321 5128 3490 5198 ἡμᾶς,
3518 5129 3667 5192 ὅστις
3701 5112 3784 5184 ἃ.ιῖ

2192 5216 2286 5270 καὶ
2326 5218 2414 5287 είη
2447 5213 2620 5281 οὗτος,
2655 5217 2714 5271 ἐν
2761 5219 2923 5273 τοῦτο
2955 5220 3119 5288 μόνον
3156 5220 3331 5273 ἐθέλω
3363 5221 3526 5274 αὑτὸν
3569 5223 3772 5275 ειδέναι

2192 5307 2321 5377 ’περὶ
2344 5309 2376 5377 ἠ
2388 5307 2524 5376 μῶν,
2554 5310 2632 5372 ὡς
2661 5311 2774 5363 πᾶν
2815 5311 2869 5364 εί
2896 5327 2949 5363 τι
2977 5310 3110 5382 παρ’
3145 5310 3302 5381 ήμῶν
3352 5312 3450 5366 καὶ
3493 5312 3766 5383 διενοήθη,

2189 5399 2287 5453 καὶ
2311 5399 2574 5470 ἐλαλήθη,
2603 5400 2857 5473 ἐπράχθη
2900 5418 2961 5454 τε
3003 5404 3099 5456 καὶ
3141 5403 3360 5474 ἐγράφη
3387 5405 3479 5455 ἐπὶ
3510 5406 3770 5458 συστάσει

2186 5490 2287 5561 τῆς
2318 5490 2781 5562 ἐκκλησιαστικῆς
2808 5494 3050 5565 εἰρήνης,
3080 5495 3183 5548 οὐκ
3204 5498 3289 5548 ἐπ’
3323 5496 3579 5565 ἀθετήσει
3608 5498 3764 5552 οὐδε-

2189 5582 2279 5645 νος
2299 5582 2411 5636 τῶν
2455 5584 2743 5653 ήμετέρων
2772 5584 2911 5637 ἐθῶν
2942 5587 3037 5638 καὶ
3066 5585 3355 5657 δογμάτων
3384 5586 3544 5640 τοῦτο
3573 5589 3767 5656 γέγονε
3858 5582 3865 5591 ’

2189 5672 2323 5744 παρ’
2350 5671 2531 5743 ἡμῶν.
2563 5675 2678 5734 Πᾶς
2706 5674 2815 5745 γάρ
2840 5691 2942 5739 τις,
2971 5675 3031 5738 ὃς
3053 5676 3147 5729 ἐπὶ
3172 5676 3272 5747 τὴν
3304 5678 3767 5767 ἐκκλησιαστικὴν

2152 5778 2167 5787 "
2186 5766 2393 5831 ταύτην
2441 5760 2606 5834 ἦλθεν
2637 5765 2885 5837 εἰρήνην,
2921 5768 2995 5829 ὡς
3044 5767 3154 5821 τῶν
3177 5769 3465 5839 ἡμετέρων
3486 5760 3642 5822 ’ὲθῶν
3670 5768 3766 5823 καὶ

2185 5855 2476 5929 δογμάτων
2543 5857 2938 5926 κατεγνωκὼς,
3000 5861 3093 5913 καὶ
3152 5859 3228 5923 ὡς
3282 5861 3378 5936 τὴν
3443 5859 3767 5942 Ῥωμαϊκὴν
