4058 6418
316 365 388 433 at
1428 363 1527 424 DE
1561 361 1858 426 UNlONE
1897 355 2461 429 ECCLESIARUM.
3529 324 3623 425 εξ

333 476 674 550 Ἐκκλησίαν
700 476 1033 550 πρεσϐεύειν
1070 475 1385 544 διεγνωκὼς
1436 475 1831 546 εύσεϐέστερόν
1858 492 1915 528 τι

2042 472 2263 534 :redere,
2297 467 2458 524 cadat
2488 480 2519 520 e
2550 461 2758 519 Christi
2802 473 2967 531 regno
2995 460 3117 514 'una
3147 474 3271 513 cum
3301 457 3440 513 Juda
3473 474 3599 526 pru-

323 573 434 641 τῆς
464 569 770 640 ἡμετέρας,
799 566 1085 631 εκπτωτπ
1131 566 1219 635 εἴη
1248 563 1351 635 τῆς
1397 563 1491 618 τοῦ
1538 562 1782 635 Χριστοῦ
1821 561 1917 633 βα·

322 663 558 728 σιλείας,
590 662 687 716 καλ⁴
712 660 794 733 τῷ
824 661 1062 731 προδότῃ
1102 658 1297 730 Ἰούδᾳ,
1342 658 1439 712 καὶ
1478 660 1594 720 τοῖς
1642 655 1919 717 κοινωνοῖς

322 755 522 819 αὐτοῦ,
553 753 651 808 καὶ
683 755 1030 822 σταυρωταῖς
1056 750 1149 805 τοῦ
1180 750 1434 820 Σωτῆρος
1458 749 1918 817 συντεταγμένος.

326 847 508 903 Τοῦτο
552 846 620 918 δὴ
650 844 713 898 τδ
754 843 986 916 φοϐερὸν
1031 845 1221 914 ὅρκιον
1284 842 1475 913 ὥσπερ
1516 859 1572 895 τι
1617 838 1712 893 τοῦ
1758 839 1921 907 λόγου

326 939 587 1011 θεμέλιον
620 936 1234 1007 προκαταϐαλλόμενοι,
1263 934 1360 989 τοῦ
1394 935 1576 1004 λέγειν
1612 933 1918 1005 ἐρχόμεθα.

401 1030 465 1087 ε’.
507 1032 687 1101 Ὅπερ
714 1030 772 1083 δέ
795 1029 891 1083 καὶ
912 1029 995 1082 ἐτι
1015 1046 1107 1100 μοι
1126 1028 1221 1083 τοῦ
1241 1028 1404 1097 λόγου
1436 1026 1921 1097 προαναταχθῆναι

326 1126 500 1188 δοκεῖ.
544 1123 666 1177 οὐδὲ
704 1121 865 1176 τοῦτο
914 1121 1423 1192 παραδραμοῦμαι,
1470 1121 1549 1188 τῷ
1589 1122 1925 1191 προσήκοντι

324 1219 482 1287 τόπῳ
501 1214 579 1286 μὴ
597 1214 934 1285 ἐφαρμόσαι·
954 1215 1003 1267 oi
1028 1213 1242 1277 πολλοῖς
1270 1212 1558 1280 πολλάκις,
1582 1213 1658 1276 ὡς
1677 1213 1918 1284 εῖρηται,

325 1308 438 1362 τῶν
463 1306 568 1377 τῆς
605 1305 939 1375 Ῥωμαῖκῆς,
969 1304 1302 1375 Ἐκκλησίας
1344 1305 1555 1376 ἀνδρῶν
1593 1310 1781 1377 γραφῇ
1829 1305 1926 1360 καὶ

329 1398 528 1470 μέλανι
550 1399 947 1469 μαχεσάμενοι,
981 1397 1049 1450 δι’
1082 1395 1178 1461 οὕς
1208 1397 1305 1452 καὶ
1337 1397 1476 1467 πρὸς
1504 1399 1600 1453 τὸν
1633 1398 1926 1469 ἐσύστερον

326 1488 519 1557 ἀγῶνα
552 1491 581 1541 ὁ
612 1486 809 1558 παρὼν
855 1488 1127 1558 ἡμέτερος
1159 1488 1564 1543 ἐπαποδύσεται
1608 1488 1789 1559 λόγος,
1822 1489 1928 1542 ὑπὸ

328 1579 429 1649 τῆς
460 1579 618 1650 δίκης
644 1579 837 1642 ὥσπερ
869 1579 1349 1649 συνελαυνόμενοι,
1379 1583 1463 1643 είς
1485 1581 1546 1634 τὸ
1569 1579 1927 1651 θριαμϐεύειν

330 1665 564 1727 ιον-τοὺς
596 1664 828 1734 γνώμης
857 1666 1212 1737 ἡττωμένους
1244 1668 1621 1739 ίδιορρύθμου,
1648 1668 1928 1723 καὶτοῦτο

344 1761 503 1827 μόνον
535 1756 692 1827 νίκην
712 1758 1051 1828 ἡγουμένης,
1080 1759 1431 1832 τδ¹πεισμονῇ
1463 1762 1683 1833 χαίρειν
1714 1762 1924 1830 ἁπλῶς,

2022 562 2219 626 ditore,
2268 558 2418 613 illius
2476 554 2664 621 sociis,
2715 560 2769 608 et
2826 550 3137 607 Servatoris
3185 549 3602 605 crucifixoribus

2020 658 2471 710 connumeratus.
2508 646 2627 703 Hac
2688 643 2918 702 terribili
2945 642 3309 714 jurejurando
3342 650 3600 710 tanquam

2023 743 2300 803 sermonis
2325 741 2683 798 fundamento
2708 747 2869 795 antea
2889 736 3092 804 locato,
3124 734 3426 791 orationem
3445 747 3599 787 exor-

2022 837 2267 894 diamur.

2095 1026 2148 1080 5.
2191 1023 2437 1078 Alterum
2471 1019 2632 1077 dictis
2668 1031 2891 1090 quoque
2942 1014 3150 1072 nostris
3182 1011 3609 1085 prmponendum

2025 1117 2249 1172 minime
2282 1112 2596 1184 praeteriero
2622 1150 2638 1175 .
2680 1111 2804 1165 loco
2848 1117 3258 1180 peropportuno
3309 1105 3571 1173 adaptare
3594 1137 3611 1165 ,

2024 1207 2118 1279 qui
2185 1205 2389 1260 multos
2456 1211 2509 1258 et
2569 1201 2805 1271 saepius,
2886 1208 2946 1254 ut
3008 1197 3283 1261 diximus,
3356 1193 3616 1273 Ptqinanae

2026 1294 2288 1350 Ecclesia:
2306 1293 2452 1347 viros
2483 1293 2687 1361 scripto
2716 1298 2769 1345 et
2799 1295 3103 1344 atramento
3132 1292 3538 1354 oppugnarunt,
3562 1291 3617 1336 et

2027 1388 2082 1443 in
2107 1401 2247 1457 quos
2275 1384 2517 1441 secundo
2531 1381 2831 1438 certamine
2851 1387 3037 1434 noster
3069 1378 3157 1433 hic
3179 1374 3620 1431 Commentarius

2027 1487 2398 1542 convertetur,
2431 1491 2461 1530 a
2492 1471 2705 1545 justitia
2736 1471 2903 1527 veluti
2944 1470 3275 1540 compulsos,
3317 1469 3383 1523 ad
3420 1472 3621 1522 semet-

2030 1573 2186 1642 ipsos
2238 1569 2627 1632 difl‘amandos,
2657 1583 2686 1621 a
2713 1566 2982 1622 sententia
3014 1566 3235 1646 propria
3269 1566 3532 1619 devictos.
3567 1573 3621 1614 ct

2033 1664 2140 1719 hoc
2182 1660 2533 1718 solummodo
2581 1659 2870 1716 victoriam
2919 1657 3338 1721 existimantes,
3391 1670 3621 1726 prorsus

2027 1754 2347 1826 pertinaciae
2388 1752 2693 1823 indulgere,
2735 1759 2790 1804 et
2812 1750 2880 1806 ad
2914 1763 3104 1821 pacem
3156 1747 3623 1815 adhortantibus,

302 1872 305 1873 ν
344 1847 443 1899 καὶ
477 1845 605 1916 πρὸς
638 1846 749 1901 πᾶν
778 1846 841 1900 τὸ
863 1847 1000 1925 πρδς
1030 1850 1258 1920 είρήνην
1278 1852 1490 1933 ἀὐτοὺς
1523 1855 1928 1923 ἐκκαλούμενον

2042 1857 2220 1904 contra
2252 1861 2371 1902 sese
2402 1844 2723 1915 tempestive
2763 1841 3235 1913 inopportuneque
3286 1854 3562 1909 opponere
3603 1880 3619 1905 ,

338 1937 670 1992 ἀντιϐαίνειν
709 1940 1012 2010 εὐκαίρως,
1044 1942 1316 2012 ἀκαίρως,
1350 1943 1441 1996 τὸν
1476 1944 1596 1998 ὅλον
1625 1947 1725 2017 τῆς
1750 1944 1930 2001 αὐτῶν

334 2031 630 2097 διαλέξεως
652 2033 838 2100 λόγον,
865 2032 1059 2105 ὥσπερ
1084 2035 1190 2089 τινὶ
1210 2036 1686 2103 ἐγκαλλωπίζουσι
1715 2039 1929 2111 κόσμῳ,

336 2126 462 2186 ταῖς
489 2127 633 2179 κατά
655 2125 771 2179 τῶν
794 2126 1341 2198 προσδιαλεγομένων
1368 2130 1554 2193 αὐτοῖς
1584 2128 1796 2201 ὕϐρεσι.
1822 2132 1933 2187 Καὶ

333 2218 451 2270 εἴθε
476 2218 585 2272 κᾶν
616 2216 845 2289 ὕϐρεσιν
869 2235 885 2252 ·
923 2219 1054 2283 ίσως
1078 2220 1188 2291 γὰρ
1215 2220 1282 2275 ἂν
1313 2221 1536 2276 ἔλαττον
1555 2218 1624 2295 ἦν
1651 2223 1711 2278 τδ
1738 2226 1931 2291 κακὸν,

333 2314 417 2373 είς
473 2312 675 2381 μόνους
728 2312 861 2374 τοὺς
929 2311 1300 2383 ὑϐρισμένους
1368 2318 1779 2389 προῖσταμένης
1828 2318 1932 2386 τῆς

331 2403 538 2472 ἀλόγου
578 2403 789 2456 τούτων
815 2406 1012 2473 φορᾶς.
1044 2404 1181 2459 Νὖψ
1193 2406 1250 2460 δέ
1279 2405 1340 2461 οὕ
1369 2407 1530 2461 τοῦτο
1572 2409 1759 2480 μόνον,
1798 2409 1935 2462 ἀλλά

330 2495 435 2548 καὶ
459 2494 809 2563 παντόλμους
828 2494 931 2557 τὰς
959 2496 1085 2549 κατ’
1113 2497 1315 2563 αὐτῶν,
1348 2499 1442 2553 καὶ
1472 2501 1566 2570 τῆς
1589 2499 1770 2554 αὐτῶν
1812 2500 1937 2553 Ἐκ-

334 2587 577 2657 κλησίας
606 2587 1013 2658 ἀπεριύγονται
1046 2589 1429 2661 βλασφημίας,
1452 2587 1529 2645 ὧν
1555 2593 1589 2663 ἡ
1625 2591 1825 2645 ἀτοπία
1856 2594 1936 2657 είς

337 2679 517 2749 αὐτὴν
543 2679 644 2750 τὴν
673 2680 783 2734 τῶν
804 2681 1150 2751 Χριστιανῶν
1178 2682 1446 2737 διαϐαίνει
1487 2683 1795 2740 εὐσέϐειαν.
1827 2686 1938 2739 Καὶ

337 2771 467 2825 οὐδὲ
512 2770 675 2826 τοῦτο
706 2773 940 2828 συνιδεῖν
976 2772 1158 2844 ἔσχον,
1183 2772 1259 2839 ὡς
1299 2775 1434 2831 αὕτό
1476 2775 1636 2830 τοῦτο
1668 2775 1849 2846 μόνον,
1876 2777 1939 2830 τδ

342 2862 471 2933 μεθ’
504 2854 722 2935 ὕϐρεών
769 2881 830 2917 τε
861 2867 960 2920 καὶ
1012 2865 1379 2939 βλασφημιῶν
1421 2867 1766 2939 διαλέγεσθαι
1802 2868 1939 2939 πρὸς

340 2955 572 3022 αὐτοὺς,
597 2956 750 3027 παρά
765 2958 881 3020 τοῖς
905 2959 1215 3029 εὐγνώμοσι
1236 2961 1345 3015 τῶν
1369 2962 1757 3033 διαγνωμόνων
1780 2962 1940 3029 δόξαν

338 3045 518 3116 ἥττης
553 3047 728 3102 ἐδίδου
755 3048 963 3114 αὐτοῖς.
996 3049 1102 3114 Τίς
1134 3053 1245 3123 γὰρ
1274 3053 1341 3106 ἂν
1365 3054 1462 3108 καὶ
1503 3056 1660 3125 νικᾷν
1692 3056 1833 3124 ἔχων
1862 3055 1942 3108 sl-

345 3138 617 3207 ρηνικῶς,
642 3139 741 3192 καὶ
774 3141 996 3211 μάλισθ’
1027 3142 1163 3196 ὃπου
1192 3145 1320 3215 περὶ
1348 3145 1487 3199 Θεοῦ
1512 3147 1607 3201 καὶ
1639 3145 1748 3199 τῶν
1777 3146 1938 3200 θείων

2031 1951 2084 1997 et
2111 1941 2381 1997 universae
2405 1954 2521 1994 suae
2549 1935 2955 1993 dissertationis
2987 1934 3298 2007 congeriem
3326 1935 3488 1989 veluti
3524 1930 3627 1986 ali-

2032 2013 2144 2105 quo
2184 2041 2380 2089 ornatu
2426 2043 2694 2085 exornare
2733 2028 2996 2083 adversus
3028 2042 3123 2082 eos
3148 2066 3161 2088 .
3187 2027 3280 2096 qui
3311 2024 3474 2081 simul
3501 2040 3625 2079 cum

2034 2125 2116 2180 eis
2148 2123 2541 2192 colloquuntur
2563 2162 2580 2188 ,
2618 2120 2873 2191 injuriis,
2898 2128 2952 2174 et
2981 2120 3190 2173 utinam
3224 2117 3440 2187 injuriis
3460 2158 3475 2183 ,
3513 2127 3626 2170 tum

2033 2217 2178 2273 enim
2206 2216 2411 2270 malum
2445 2214 2631 2270 minus
2663 2213 2841 2280 foret,
2878 2212 2930 2267 in
2980 2213 3114 2267 solis
3160 2211 3361 2281 injuria
3396 2208 3628 2277 allectis,

2034 2322 2226 2363 eorum
2274 2306 2483 2362 insulso
2527 2307 2736 2375 impetu
2786 2304 3157 2373 persistente:
3214 2314 3271 2357 at
3319 2304 3467 2356 nunc
3513 2317 3624 2355 non

2034 2398 2089 2453 id
2141 2397 2343 2461 solum,
2391 2397 2483 2451 sed
2538 2405 2592 2450 et
2645 2395 3040 2451 audacissimas
3097 2396 3149 2448 in
3207 2410 3301 2448 eos
3339 2402 3393 2447 et
3438 2409 3627 2449 eorum

2035 2489 2337 2545 Eeclesiam
2367 2489 2730 2544 contumelias
2778 2498 2828 2542 et
2879 2487 3126 2543 convicia
3155 2497 3449 2553 evomunt,
3483 2503 3626 2557 quo-

2034 2598 2159 2637 rum
2189 2582 2429 2639 absurda
2486 2581 2766 2637 temeritas
2798 2580 3132 2652 ipsissimam
3184 2579 3627 2636 Christianorum

2036 2674 2290 2730 vulnerat
2342 2675 2622 2746 pietatem.
2671 2673 2857 2743 Neque
2897 2675 3376 2744 comprehendere
3436 2684 3632 2743 potue-
3747 2672 3753 2677 ’

2038 2775 2202 2830 runt,
2233 2782 2299 2822 eo
2332 2767 2414 2822 vel
2439 2767 2575 2830 solo,
2596 2766 2743 2833 quod
2775 2766 2992 2835 injuriis
3031 2754 3098 2821 et.
3126 2764 3477 2821 contumeliis
3511 2766 3628 2820 dis-

2039 2859 2353 2929 putationes
2400 2870 2455 2915 et
2512 2859 2783 2928 colloquia
2839 2859 3211 2922 contulerunt,
3260 2874 3291 2912 a
3349 2859 3631 2912 benevolis

2040 2954 2419 3025 cognitoribus
2469 2951 2694 3007 victoria
2756 2951 3026 3006 excidisse
3079 2950 3358 3020 judicatos
3431 2948 3624 3005 fuisse.

2040 3049 2177 3115 Quis
2215 3050 2387 3113 enim,
2424 3064 2550 3103 cum
2604 3046 2893 3103 victoriam
2937 3043 3201 3115 consequi
3256 3041 3433 3112 possit
3480 3042 3633 3112 paci-

2042 3142 2161 3209 flce,
2202 3151 2257 3196 et
2302 3142 2648 3212 potissimum
2688 3141 2740 3193 in
2784 3140 2875 3206 iis,
2909 3139 2962 3193 in
3000 3139 3201 3209 quibus
3240 3136 3308 3191 de
3356 3135 3462 3189 Deo
3493 3137 3635 3190 divi-

344 3230 396 3280 ol
434 3228 608 3295 λόγοι,
639 3229 936 3302 ὕϐρεσιτῷ
972 3212 1489 3305 προσδιαλεγομένῳ
1521 3234 1938 3304 ἀντεπιφύεται,

2045 3234 2239 3302 nisque
2319 3235 2481 3288 rebus
2532 3239 2928 3301 pertractatur,
2990 3229 3211 3300 injuriis
3269 3230 3630 3286 disserentem

344 3319 544 3391 ὥσπερ
577 3320 680 3374 οὐκ
726 3322 992 3392 ἀδελφοὺς
1030 3325 1213 3397 ζητῶν
1254 3328 1585 3395 κτήσασθαι,
1626 3327 1742 3382 ἀλλ’
1786 3327 1943 3381 ἀδελ-

348 3413 490 3480 φοὺς
532 3413 949 3469 ἀποϐάλλεσθαι
995 3416 1339 3485 φιλονεικῶν.
1378 3418 1599 3488 Ἔγωγε
1647 3419 1788 3484 τέως
1829 3422 1944 3480 τοῖς

346 3505 624 3569 τοιούτοις
662 3496 1011 3579 ἐντυγχάνων
1055 3509 1237 3575 λόγοις
1287 3511 1492 3576 αὐτῶν,
1543 3512 1795 3576 καὶτοὺς
1842 3513 1944 3582 μὲν

362 3596 680 3667 Ῥωμαίους
713 3599 1011 3670 είρηνικῶς
1041 3603 1227 3666 αὐτοῖς
1262 3603 1547 3659 κατανοῶν
1591 3603 1946 3676 ἐντυγχάνον-

346 3707 472 3754 τας,
505 3686 589 3755 οἷς
618 3692 714 3744 καὶ
745 3693 950 3762 μᾶλλον
976 3695 1035 3747 τὸ
1067 3695 1204 3766 πρὸς
1239 3695 1444 3768 θυμοὺς
1477 3698 1944 3770 ἐπιῤῥεπέστερον

346 3783 730 3854 ὡμολόγηται,
753 3786 880 3849 τοὺς
910 3787 954 3841 δ’
985 3789 1292 3861 ἡμετέρους
1317 3792 1377 3845 ού
1407 3790 1648 3860 λογικῶς
1691 3792 1944 3863 μαχομέ-

348 3888 471 3936 νοις
492 3875 766 3939 ὶοικότας,
793 3875 911 3930 ἀλλ’
943 3876 1135 3952 ὥσπερ
1181 3880 1446 3952 μαχαίρᾳ,
1480 3880 1576 3935 καὶ
1621 3881 1826 3952 σπάθῃ,
1851 3879 1947 3935 καὶ

346 3970 541 4041 δόρατι
569 3973 670 4045 τὴν
696 3974 823 4027 κατ’
855 3974 1038 4028 αὐτῶν
1058 3975 1238 4046 ὁρμὴν
1266 3975 1651 4046 ποιουμένους,
1678 3973 1941 4046 ἐρυθριῶ,

350 4064 452 4118 καὶ
478 4061 675 4134 ὥσπερ
702 4068 785 4129 είς
807 4067 1003 4120 ἑαυτὸν
1032 4066 1385 4138 λογιζόμενος
1414 4069 1514 4143 τὴν
1535 4068 1826 4140 αἰσχύνην,
1857 4086 1946 4139 μισ

353 4153 495 4226 κροῦ
527 4155 623 4209 καὶ
655 4156 1100 4211 ἐκκαλύπτεσθαι
1143 4160 1302 4214 θέλω.

428 4242 508 4311 ς’.
543 4248 645 4302 Διά
670 4265 754 4302 τοι
787 4249 948 4304 τοῦτο
976 4251 1071 4305 καὶ
1098 4253 1405 4323 ἀντιλέγειν
1433 4248 1548 4318 τοῖς
1578 4254 1946 4320 ἀντιλογικοῖς

348 4341 575 4405 τούτοις
627 4343 923 4417 ἐσύστερον
969 4344 1295 4417 βουλόμενος
1332 4344 1532 4415 ἔγωγε,
1583 4346 1721 4417 πρὸς
1776 4345 1945 4417 μηδὲν

350 4434 607 4490 τοιοῦτον
651 4432 1042 4510 παρασυρῆναι
1086 4438 1425 4493 καθικετεύω
1463 4438 1619 4501 Θεὸν,
1676 4431 1948 4504 καῖ’τοὺς

2047 3327 2359 3396 opprimere
2394 3337 2668 3389 conatur,
2706 3340 2859 3393 atque
2891 3340 2954 3378 ac
2985 3323 3028 3379 si
3079 3322 3278 3377 fratres
3306 3324 3633 3392 conquirere

2045 3433 2154 3473 non
2186 3419 2439 3482 studeat,
2481 3417 2574 3473 sed
2611 3431 2706 3472 eos
2748 3415 3002 3486 subigere
3036 3415 3373 3485 perdereqne
3413 3423 3637 3468 conten-

2045 3509 2187 3565 dat?
2252 3512 2365 3579 Ego
2410 3512 2569 3579 plane
2617 3510 2826 3564 similes
2851 3522 3044 3561 eorum
3097 3522 3382 3561 sermones
3407 3522 3635 3576 percur.

2046 3621 2195 3668 rens,
2231 3612 2285 3658 et
2330 3605 2612 3657 Romanos
2661 3600 3114 3671 deprehendens,
3177 3613 3315 3667 quos
3370 3599 3436 3651 ad
3495 3599 3632 3654 iram

2046 3697 2433 3768 propensiores
2466 3709 2589 3749 esse
2620 3691 2877 3757 fatemur,
2913 3693 3140 3759 pacifica
3166 3706 3290 3746 cum
3326 3691 3435 3745 illis
3464 3691 3639 3745 colin-

2047 3790 2176 3860 quia
2212 3803 2413 3850 serere,
2448 3796 2671 3841 nostros
2701 3797 2831 3839 vero
2866 3783 3010 3837 nulla
3031 3797 3153 3836 cum
3189 3782 3405 3837 ratione
3427 3783 3638 3852 deprae-

2046 3881 2308 3937 liantibus
2353 3879 2581 3942 similes,
2637 3891 2788 3941 ense,
2844 3885 2906 3929 ut
2955 3876 3029 3929 ita
3081 3874 3286 3939 dicam,
3330 3873 3512 3943 gladio
3581 3882 3639 3927 et

2051 3974 2223 4030 hastis
2249 3988 2343 4029 eos
2384 3973 2733 4042 impetentes,
2781 3968 2984 4023 rubore
3016 3966 3272 4037 equidem
3325 3965 3634 4033 suil‘undor,

2048 4078 2105 4124 et
2154 4068 2296 4122 intra
2348 4067 2729 4134 memetipsum
2764 4061 3045 4118 infamiam
3080 4070 3373 4132 repetens,
3424 4068 3636 4114 tantum

2051 4177 2159 4216 non
2187 4159 2377 4213 faciem
2418 4169 2597 4227 tegere
2622 4156 2886 4211 delibero.

2120 4255 2175 4309 6.
2207 4253 2550 4322 Quapropter
2578 4251 2662 4305 his
2695 4247 3190 4306 contradictoribus
3242 4246 3358 4316 ipse
3389 4256 3645 4317 postmo:

2050 4347 2180 4403 dum
2205 4344 2673 4411 contradicturus,
2714 4359 2782 4397 ne
2810 4341 2875 4395 ad
2908 4341 3110 4396 similia
3140 4340 3328 4395 trahar
3354 4381 3368 4405 ,
3410 4341 3636 4408 supplex

2054 4439 2225 4494 Deum
2252 4451 2486 4501 κριοῖο,
2538 4434 2897 4505 eamdemque
2955 4447 3184 4504 prorsus
3239 4430 3309 4485 ab
3354 4431 3463 4488 illis
3492 4470 3511 4494 ι
3543 4431 3641 4499 qui

350 4528 786 4600 ἐντευξομένους
814 4531 871 4586 δέ
902 4534 1017 4596 τοῖς
1061 4532 1354 4604 ἡμετέροις
1375 4532 1671 4602 γράμμασι
1713 4531 1938 4597 τούτοις1

2052 4533 2172 4587 hate
2222 4539 2411 4587 nostra
2470 4528 2866 4584 commentaria
2926 4525 3118 4580 lecturi
3174 4531 3342 4588 sunt,
3408 4523 3637 4603 gratiam

356 4620 465 4690 τὴν
495 4619 668 4691 αὑτὴν
696 4621 833 4677 αίτῶ
854 4623 1037 4694 χάριν,
1064 4623 1234 4693 μηδέν
1256 4640 1309 4676 τι
1345 4623 1455 4678 τῶν
1487 4622 1777 4697 ἡμετέρων
1808 4623 1938 4695 πρὸς

2052 4637 2309 4704 esposco,
2345 4619 2482 4675 nihil
2524 4634 2587 4673 ex
2661 4617 2748 4673 his
2780 4616 2982 4673 nostris
3011 4612 3354 4673 contentioni
3394 4613 3639 4667 addictos

356 4715 486 4786 ιριν
519 4714 846 4785 ἀφορῶντας
871 4714 1174 4770 διαϐαλεῖν.
1210 4712 1406 4785 Ἡμεῖς
1437 4715 1538 4786 μὲν
1577 4716 1687 4786 γὰρ
1719 4714 1782 4769 ού
1813 4714 1952 4785 πρὸς

355 4805 713 4875 ἀνθρώπους,
759 4806 899 4861 ἀλλά
931 4807 1072 4877 πρὸς
1114 4806 1248 4860 Θεδν
1287 4807 1546 4878 ὁρῶντες,
1588 4807 1690 4876 τὴν
1724 4806 1951 4878 εἰρήνην

352 4898 574 4968 ταύτην
612 4896 726 4951 δεῖν
756 4897 1022 4969 ᾠήθημεν
1062 4897 1547 4969 ἐνστερνίσασθαιο
1572 4898 1621 4951 εί
1644 4899 1703 4953 δέ
1730 4915 1843 4953 τισι
1873 4899 1949 4971 μὴ

353 4993 532 5053 δοκεῖ.
568 4992 726 5046 οὐδὲν
764 4992 903 5063 πρὸς
937 4993 1108 5062 ἡμᾶς.
1142 4992 1202 5046 El
1225 4991 1282 5047 δέ
1316 4992 1408 5046 καὶ
1455 4991 1592 5062 πρὸς
1620 4992 1689 5046 τὰ
1708 4992 1951 5061 κοσμικά

351 5085 462 5154 τῆς
530 5083 846 5154 Ῥωμαῖκῆς
896 5084 1074 5156 ἀρχῆς
1125 5084 1352 5154 ἴδοιμεν,
1407 5083 1525 5137 ἀλλ’
1569 5082 1804 5138 ἐνταῦθα
1849 5084 1953 5137 οὐκ

354 5179 514 5232 εστιν
561 5179 739 5230 εἰπεῖν
768 5177 844 5241 ὡς
893 5178 1050 5231 οὐδὲν
1091 5176 1229 5248 πρὸς
1275 5178 1450 5248 ἡμᾶς.
1483 5178 1546 5231 El
1591 5177 1690 5247 μὲν
1720 5176 1831 5248 γὰρ
1875 5179 1955 5231 δι-

358 5271 540 5332 καίως
567 5269 665 5323 καὶ
695 5269 789 5323 ἐπί
811 5286 921 5323 τινι
946 5269 1087 5340 πρὸς
1129 5270 1233 5341 τὴν
1265 5269 1425 5341 ἡμῶν
1453 5269 1739 5326 εὐσέϐειαν
1767 5287 1955 5324 συντε-

357 5359 551 5413 λούντι
597 5361 632 5428 ή
676 5359 779 5427 τῆς
814 5358 1151 5429 Ῥωμαῖκῆς.
1197 5358 1525 5429 Ἐκκλησίας
1572 5360 1744 5431 μάχη,
1783 5361 1842 5428 ἐξ
1885 5355 1955 5430 ἧς

358 5454 529 5506 ὁποῖα
564 5452 662 5504 καὶ
680 5453 782 5506 ὅσα
814 5452 936 5505 καθ’
963 5453 1124 5523 ήμῶν
1158 5452 1533 5522 ἐπεισέφρησε
1567 5452 1638 5506 τὰ
1673 5448 1845 5520 δεινὰ,
1889 5454 1951 5508 ού

358 5543 461 5597 τοῦ
506 5542 781 5612 παρόντος
823 5542 1011 5612 λέγειν
1039 5545 1210 5609 ἐστὶν,
1241 5544 1373 5607 ἴσως
1402 5545 1513 5615 γὰρ
1556 5542 1737 5609 ἄλλοις
1780 5545 1955 5599 ταῦτα

362 5638 463 5691 καὶ
495 5634 798 5707 ίστορήθη·
834 5631 981 5707 ἦμεν
1029 5635 1099 5690 ἂν
1140 5639 1237 5690 καὶ
1272 5637 1430 5690 αὐτοὶ
1487 5636 1953 5707 συνδιατιθέμενοι

362 5732 481 5794 τοῖς
522 5726 847 5801 ἐπιρῤεπῶς
889 5726 1073 5799 ἔχουσι
1105 5727 1244 5798 πρὸς
1269 5728 1332 5783 τὸ
1375 5727 1674 5782 σκάνδαλον
1700 5744 1715 5760 ·
1744 5728 1868 5783 ἐπεὶ
1896 5729 1954 5783 δὲ

365 5821 550 5892 πάντη
580 5819 807 5889 ἀδίκως,
844 5820 937 5876 καὶ
977 5820 1041 5876 ἐκ
1065 5821 1237 5895 μόνης
1270 5820 1537 5895 ἐπηρείας
1562 5821 1863 5891 Σατανικῆς
1896 5819 1954 5877 τὸ

2052 4703 2472 4785 reprehendere.
2514 4710 2631 4768 Nos
2653 4710 2853 4765 etenim
2895 4724 3003 4764 non
3032 4706 3305 4771 homines,
3338 4708 3431 4762 sed
3469 4703 3636 4764 Deum

2053 4806 2429 4878 inspicientes,
2460 4818 2647 4874 pacem
2682 4802 2825 4857 hanc
2847 4801 3050 4871 apertis
3086 4799 3231 4863 ulnis
3253 4800 3633 4870 excipiendam

2053 4915 2176 4956 esse
2216 4898 2463 4954 arbitrati
2506 4912 2723 4954 sumus.
2776 4895 2830 4950 Id
2862 4894 2908 4949 si
2942 4894 3102 4955 aliter
3150 4892 3432 4948 nonnullis
3458 4891 3635 4946 visum

2053 4990 2243 5055 fuerit,
2273 4991 2348 5045 nil
2382 4999 2567 5045 nostra
2606 4987 2797 5045 refert.
2846 4987 3001 5054 Quod
3036 4987 3080 5042 si
3118 4986 3184 5040 ad
3220 4983 3451 5039 Romani
3483 4985 3640 5053 prin-

2051 5087 2267 5155 cipatus
2302 5098 2388 5139 res
2413 5083 2703 5138 saeculares
2742 5080 2986 5137 animum
3021 5079 3395 5140 advel-tamus,
3426 5078 3477 5129 id
3505 5091 3636 5133 rem

2053 5176 2237 5231 dicere
2266 5190 2376 5230 non
2409 5188 2725 5242 possumus,
2768 5172 2846 5225 nil
2871 5179 3055 5227 nostra
3089 5167 3313 5225 referre.
3351 5167 3560 5222 Etenim
3587 5168 3632 5221 si

2051 5270 2220 5340 juste,
2260 5277 2315 5324 et
2370 5275 2594 5338 propter
2624 5265 2830 5334 aliquid
2866 5273 3067 5318 nostrae
3094 5263 3277 5334 pietati
3323 5261 3636 5316 conducens

2057 5377 2180 5417 cum
2229 5360 2475 5414 Romana
2533 5356 2773 5413 Ecclesia
2816 5371 2997 5425 pugna
3048 5360 3300 5424 suscepta
3340 5364 3440 5416 est,
3475 5352 3637 5421 cujus

2055 5466 2221 5507 causa
2279 5459 2358 5506 tot
2401 5458 2661 5525 tantaque
2716 5445 2857 5502 mala
2905 5447 2960 5504 in
2993 5461 3097 5505 nos
3139 5447 3481 5515 ingruerunt,
3513 5460 3637 5513 quae

2057 5560 2167 5600 non
2191 5554 2274 5599 est
2317 5541 2605 5613 praesentis
2654 5539 2857 5606 negotii
2904 5538 3090 5593 dicere
3116 5578 3132 5601 ,
3165 5545 3220 5591 ct
3251 5535 3390 5591 forte
3417 5535 3485 5589 ab
3517 5535 3639 5590 aliis

2054 5648 2245 5690 eorum
2281 5630 2506 5687 historia
2530 5629 2736 5700 scripto
2755 5629 3101 5691 demandata
3126 5637 3210 5682 est
3232 5666 3248 5688 ,
3291 5641 3392 5683 nos
3418 5641 3637 5696 quoque

2055 5743 2163 5782 una
2190 5741 2314 5781 cum
2352 5722 2638 5795 propensis
2690 5722 2756 5781 ad
2800 5721 3120 5777 scandalum
3172 5719 3632 5783 conveniremus;

2057 5821 2151 5878 sed
2175 5835 2297 5877 cum
2337 5817 2483 5874 nulla
2508 5815 2654 5887 justa
2685 5814 2751 5871 de
2790 5828 2952 5872 causa
2980 5849 2997 5879 ,
3043 5810 3138 5871 sed
3175 5828 3237 5867 ex
3275 5810 3389 5868 sola
3416 5808 3633 5866 Satanae
