4058 6434
429 323 498 387 93
756 366 762 372 .
1486 320 1693 382 ῙΟᾹΝ.
1741 323 1950 384 \ZECCI

2090 370 2098 389 .
2136 326 2649 396 ΡΛΤΒῙΑΒΟΗᾸΞ
3621 333 3689 396 ‘2‘

424 432 772 504 improbitate
819 429 1186 486 Ecclesiarnm
1239 431 1555 487 scandalum
1607 433 1749 489 inter
1781 451 1879 491 nos
1915 437 1987 491 in-

2106 439 2217 493 τῶν
2254 441 2591 513 Ἐκκλησιῶν
2633 441 2932 498 σκάνδαλον
2966 443 3130 515 μέσον
3160 445 3325 515 ἡμῶν
3374 447 3690 518 συνορῶμεν

418 525 621 596 jeetum
651 524 1055 595 conspiciamus
1080 566 1095 587 .
1143 533 1350 579 tantum
1393 525 1547 581 abest
1590 537 1650 580 ut
1681 543 1804 582 cum
1836 544 2002 583 scan-

420 618 529 672 dali
565 617 914 672 curatoribus
953 619 1345 671 conveniamus
1370 656 1385 680 ,
1430 628 1489 673 ut
1545 634 1783 673 moerere
1832 620 1999 675 etiam

423 711 625 782 ingenti
657 712 981 777 aﬂiciamur,
1006 720 1079 776 et,
1108 727 1217 783 quo
1242 728 1536 781 possumus
1562 714 1729 766 animi
1764 712 1998 778 fervore,

421 815 645 859 nostros
677 820 987 869 exoremus,
1013 814 1073 858 ut
1104 805 1377 874 propriam
1409 807 1674 859 insaniam
1700 805 2000 876 deponant,

417 908 468 951 et
501 913 606 950 non
657 897 727 949 ita
781 906 985 950 temere
1034 898 1085 950 in
1118 898 1365 966 proprias
1394 897 1557 951 urbes
1587 907 1638 951 et
1665 899 1861 967 oppida
1898 914 1999 951 no-

414 1002 539 1041 vum
571 989 770 1044 belfnm
804 990 1048 1043 secundo
1082 990 1441 1051 exsusritent,
1474 999 1743 1044 tantarum
1774 992 1999 1046 calami-

417 1091 581 1133 tatum
618 1097 681 1135 ac
728 1081 1152 1135 illfOt‘llllllOl‘Ulll
1190 1098 1433 1136 causam.
1488 1080 1585 1136 Sin
1642 1082 1865 1145 minus,
1904 1084 1996 1151 qui

417 1189 611 1227 rursus
635 1175 881 1229 scandali
910 1186 1101 1229 auctor
1126 1173 1311 1235 fuerit.
1336 1176 1547 1239 judicio
1574 1176 1677 1229 erit
1700 1175 1993 1230 obnoxius.

410 1263 521 1319 Nos
550 1283 676 1317 \ern
716 1268 932 1320 tandem
976 1266 1275 1319 orationem
1307 1268 1710 1335 aggrediamur.

482 1357 535 1410 7.
599 1358 737 1423 Quid
791 1357 1041 1427 inquitis,
1083 1358 1184 1410 viri
1236 1357 1481 1410 fratres?
1544 1359 1686 1424 Quid
1734 1361 1787 1422 in
1828 1378 1994 1418 causa

410 1461 516 1511 est,
547 1462 607 1504 ut
635 1451 972 1504 tantmndem
1007 1450 1371 1505 Ecclesiarum
1405 1452 1635 1506 disstdio
1680 1455 1954 1520 plaudatis
1975 1493 1994 1521 ,

411 1552 463 1594 et
514 1558 610 1610 pro
647 1557 711 1594 eo
763 1540 1137 1609 promovendo
1194 1541 1360 1594 etiam
1400 1541 1537 1597 bella
1571 1546 1851 1614 suscipere
1883 1562 1992 1601 non

409 1630 757 1683 vereamini?
793 1630 973 1696 Quod,
1032 1631 1289 1693 tradunt,
1342 1630 1562 1700 longum
1613 1633 1726 1702 jam
1780 1646 1993 1705 ten‘pus

410 1719 739 1784 intercessit,
768 1738 831 1777 ex
860 1738 969 1793 quo
998 1723 1289 1778 dissidium
1324 1722 1427 1777 llOt:
1457 1724 1726 1794 originem
1758 1728 1985 1789 habuit;

2108 530 2543 602 παρεισφθαρὲν,
2578 533 2640 585 οὐ
2678 533 2840 603 μόνον
2865 537 2978 597 τοῖς
3002 535 3368 597 σπουδασταίς
3391 535 3481 587 τοῦ
3517 551 3685 590 σκαν-

2102 619 2261 675 δάλου
2310 624 2411 676 οὐκ
2458 625 2625 694 ἐσμὲν
2675 626 3158 697 συνδιατιθέμενοι,
3201 627 3336 680 ἀλλὰ
3377 627 3474 680 καὶ
3509 627 3688 699 λύπην

2101 713 2233 784 ὅσην
2266 716 2549 784 ἡγούμεθα
2570 718 2747 781 τοῦτο,
2776 718 2870 772 καὶ
2887 719 3221 792 θερμότερον
3246 721 3365 783 τοὺς
3391 719 3515 773 καθ’
3536 721 3685 790 ἡμᾶς

2103 803 2418 872 ἱκετεύομεν
2456 806 2558 874 τῆς
2581 807 2701 859 καθ’
2729 807 2938 860 ἑαυτῶν
2975 809 3308 877 ἀποσχέσθαι
3342 813 3562 879 μανίας,
3595 813 3688 866 κτ¹ι

2105 895 2178 964 μὴ
2206 895 2348 947 οὕτω
2381 898 2523 950 κατᾶ
2547 898 2657 951 τῶν
2686 900 2903 952 οἰκείων
2935 901 3142 952 πόλεων
3165 902 3259 953 καὶ
3285 905 3482 973 χωρῶν
3512 904 3690 974 ἀρχὴν

2099 988 2267 1057 ἄλλην
2302 991 2367 1042 ὲκ
2397 990 2650 1061 δευτέρου
2687 993 3018 1060 ποιήσασθαι
3060 994 3313 1063 ποτέρων
3349 998 3442 1046 καὶ
3475 1012 3685 1065 συμφο-

2101 1079 2234 1146 ρῶν.
2260 1082 2319 1133 Εί
2351 1080 2397 1134 δ’
2427 1077 2544 1145 οὖν,
2585 1083 2701 1136 ἀλλ’
2733 1084 2894 1146 αὐτὸς
2933 1085 3190 1153 βαστάσει
3222 1085 3279 1137 τδ
3312 1088 3509 1153 κρῖμα,
3538 1088 3686 1147 ὅστις

2098 1173 2192 1222 καὶ
2251 1173 2412 1224 πάλιν
2467 1176 2714 1244 ἀρχηγλς
2765 1176 3070 1229 σκανδάλου
3132 1176 3352 1246 θελήσει
3403 1178 3685 1245 γενέσθαι.

2108 1261 2270 1331 Ἡμῖν
2300 1264 2354 1316 δὲ
2386 1268 2480 1318 καὶ
2508 1266 2573 1336 δὴ
2604 1268 2695 1319 τοῦ
2723 1267 2885 1335 λόγου
2915 1269 3167 1336 ἀρκτέον.

2166 1355 2231 1418 ζ’.
2271 1356 2335 1407 Τί
2368 1374 2524 1424 φατε,
2553 1359 2749 1429 ἄνδρες
2793 1359 3050 1425 ἀδελιροΗ
3082 1359 3147 1413 Τί
3180 1362 3263 1414 ὅτι
3310 1362 3684 1429 περιμάχητον

2094 1446 2229 1515 ἡμῖν
2255 1450 2443 1517 χρῆμα
2475 1450 2535 1501 τὸ
2573 1450 2681 1502 τῶν
2717 1452 3057 1520 Ἐκκλησιῶν
3083 1453 3292 1521 σχίσμα
3327 1454 3507 1517 δοκεῖ;
3538 1454 3683 1511 Ὅτι,

2094 1540 2251 1606 φασὶν
2290 1540 2503 1609 μακρὸς
2547 1542 2647 1612 ἤδη
2687 1544 2896 1612 χρόνος,
2926 1543 2989 1606 ἐξ
3030 1545 3153 1597 ὅτου
3185 1545 3245 1597 τὸ
3290 1543 3494 1612 σχίσμα
3523 1541 3684 1593 τοῦτο

2095 1632 2335 1701 προέϐηο
2361 1633 2450 1687 διὰ
2482 1633 2642 1687 τοῦτο
2668 1635 3051 1705 περιμάχητον
3071 1636 3132 1688 τὸ
3175 1637 3381 1706 σχίσμα
3415 1636 3568 1704 ἡμῖν,
3594 1633 3682 1710 δτι

2094 1720 2189 1772 καὶ
2217 1721 2455 1790 χρόνιον.
2501 1719 2629 1791 'Ap’
2655 1719 2747 1777 οὖν
2788 1725 2870 1776 ὅτι
2907 1725 3250 1794 ὲσχίσθημεν
3295 1723 3618 1794 σκοπητὲον,
3648 1723 3685 1794 ἢ

407 1825 692 1887 propterea
748 1833 847 1888 pro
877 1834 943 1874 eo
986 1820 1154 1874 etiam
1214 1819 1635 1889 depugnandum
1687 1831 1983 1889 putamus,

2093 1812 2241 1874 ὅπως
2263 1812 2596 1882 ἔσχίσθημεν
2615 1813 2916 1884 ζητητέονς
2947 1817 3070 1869 Ὅτι
3105 1816 3458 1887 ἐσχίσθημεν,
3495 1814 3679 1881 φασίν.

407 1911 553 1980 quod
589 1919 641 1963 et
676 1909 1021 1981 diuturnum.
1057 1911 1137 1963 An
1180 1911 1346 1981 igitur
1382 1912 1526 1980 quod
1556 1913 1713 1967 scissi
1760 1928 1986 1977 sumus,

407 1999 866 2055 considerandum
895 2018 909 2065 ;
947 2017 1013 2054 an
1049 2003 1343 2071 quomodo,
1376 2004 1732 2070 quazrendnm
1767 2004 1789 2057 ?
1834 2003 1988 2069 Quod

407 2092 566 2145 scissi
606 2108 829 2150 sumus.
865 2093 1138 2160 inquiunt.
1190 2092 1580 2149 Verumtamen
1627 2095 1796 2160 mihi,
1843 2099 1989 2163 quod

405 2191 461 2236 et
513 2183 649 2238 bene
690 2185 1053 2238 sentientibus
1104 2186 1355 2255 singulis,
1402 2202 1512 2241 non
1565 2188 1667 2242 hoc
1721 2188 1987 2243 videtur:

406 2275 499 2329 sed
531 2291 637 2345 qua
685 2278 892 2331 ratione
923 2279 1081 2332 scissi
1111 2294 1301 2333 sumus
1336 2296 1351 2347 ;
1402 2291 1455 2334 et
1504 2279 1550 2334 si
1594 2279 1989 2339 invenerimus.

409 2368 504 2435 qui
534 2377 658 2421 ante
689 2386 787 2424 nos
816 2370 1057 2424 scbisma
1091 2370 1432 2435 eontlarunt,
1475 2372 1772 2426 Romanam
1804 2373 1993 2426 Eccle-

407 2459 543 2512 siam
592 2459 942 2524 incusantes,
994 2472 1251 2531 tanquam
1319 2464 1627 2526 ingentibus
1688 2463 1990 2519 sceleribus

405 2553 475 2603 oh
502 2553 752 2621 dogmata
786 2555 1103 2608 obstricmm
1130 2597 1144 2619 ,
1174 2539 1522 2610 considerare
1556 2566 1611 2610 et
1637 2558 1951 2611 examinare
1971 2595 1986 2617 .

406 2660 529 2712 qum
568 2645 642 2698 illi
693 2644 970 2699 Romanos
1024 2648 1382 2702 criminantes
1409 2662 1737 2717 opposuere,
1777 2663 1898 2716 qua:
1934 2648 1986 2700 lii

406 2739 732 2805 semetipsos
769 2737 1063 2792 libet-antes
1109 2755 1139 2793 a
1172 2740 1424 2804 crimine,
1470 2741 1904 2809 responderunt,
1936 2750 1990 2795 et

405 2843 529 2880 cum
559 2838 706 2881 recto
732 2829 923 2895 judicii
954 2831 1228 2891 examine,
1257 2840 1353 2886 aut
1383 2846 1478 2885 eos
1510 2841 1656 2886 recte
1691 2833 1988 2886 sentientes

405 2920 589 2989 sequi,
619 2932 673 2973 et
703 2923 945 2980 laudare,
983 2933 1036 2975 et
1071 2925 1261 2975 beatos
1296 2922 1594 2991 prmdicare
1616 2961 1630 2986 ,
1660 2931 1758 2975 aut
1794 2923 1985 2975 decer-

406 3028 537 3065 nere
592 3028 687 3067 eos
748 3013 799 3066 in
861 3014 964 3067 hoc
1037 3014 1299 3068 seandalo
1358 3014 1690 3083 deliquisse,
1749 3013 1989 3067 humano

405 3120 593 3157 errore
616 3107 895 3175 det-eptos.
949 3105 1175 3176 Oportet
1203 3119 1385 3161 autem
1433 3122 1570 3169 nos.
1604 3108 1687 3161 vel
1735 3108 1882 3177 quod
1920 3108 1988 3161 ab

404 3196 515 3249 illis
549 3209 728 3252 actum
763 3211 867 3260 est,
919 3199 1040 3253 loco
1093 3200 1408 3269 ignominiaa
1453 3200 1692 3264 habere,
1749 3208 1802 3254 et
1839 3202 1984 3269 quod

404 3290 547 3358 apud
581 3302 801 3344 nos-est
844 3292 1115 3345 laudabile
1140 3333 1156 3355 ,
1190 3292 1571 3352 introducere.
1612 3292 1694 3346 vel
1742 3293 1892 3346 nullo
1918 3292 1985 3345 de

402 3385 499 3438 illo
572 3400 829 3439 sermone
905 3385 1091 3438 habito
1169 3395 1418 3453 respectu
1481 3378 1981 3455 primigeniorum;

400 3476 543 3544 quorl
579 3475 768 3529 saltem
814 3475 880 3527 ad
919 3490 1018 3528 nos
1070 3475 1375 3544 pertinebat
1406 3513 1420 3535 ,
1459 3476 1626 3544 probe
1668 3475 1983 3545 disponere,

400 3569 603 3639 duplici
636 3569 1030 3630 emolumento,
1057 3578 1109 3622 et
1142 3569 1287 3638 quod
1312 3567 1629 3621 aberrantes
1665 3567 1839 3622 secuti
1876 3583 1983 3621 non

399 3678 614 3727 sumus,
652 3670 706 3715 et
752 3661 893 3729 quod
945 3662 1201 3730 posteris.
1228 3660 1378 3715 etiis
1416 3660 1510 3730 qui
1548 3671 1671 3731 post
1718 3675 1819 3714 nos
1882 3675 1982 3712 na-

399 3769 641 3820 scentur,
702 3756 833 3808 recti
877 3754 1109 3809 formam
1163 3753 1510 3810 tradidimus.
1566 3752 1693 3807 Mihi
1750 3753 1934 3821 itaque
1970 3791 1985 3815 ,

396 3850 652 3903 existimo
682 3861 864 3902 autem
915 3856 971 3901 et
1015 3846 1329 3915 cuicunque
1357 3844 1669 3916 pertinaciae
1705 3844 1985 3899 insanien-

399 3941 468 3999 tis
500 3939 671 4000 osori,
705 3939 848 4008 quod
880 3937 1239 4006 approbatum
1265 3946 1368 3998 est,
1398 3935 1693 4005 perplacet,
1726 3943 1782 3990 et
1837 3950 1986 4003 qua:-

397 4022 530 4094 stio,
563 4047 669 4101 qua
715 4031 929 4086 ratione
966 4030 1124 4085 scissi
1157 4044 1369 4086 sumus.
1430 4028 1587 4095 Quod
1631 4027 1677 4082 si
1717 4029 1940 4098 quidam
1969 4067 1984 4093 ,

398 4128 544 4196 quod
580 4124 738 4180 scissi
771 4138 986 4186 sumus,
1030 4123 1240 4192 absque
1272 4123 1381 4177 alio
1406 4123 1661 4177 examine
1696 4123 1982 4177 dissidium

399 4215 835 4271 continuandum
873 4213 1161 4283 iudicant,
1204 4230 1304 4285 ego
1358 4213 1628 4268 insulsum
1679 4228 1809 4282 erga
1853 4230 1986 4276 eos,

401 4313 495 4375 qui
525 4317 653 4365 ante
694 4322 795 4365 nos
829 4308 1003 4377 fuere,
1036 4309 1364 4381 obsequium
1398 4307 1578 4363 modis
1613 4308 1872 4365 omnibus
1896 4308 1989 4362 de-
2054 4324 2057 4327 λ

400 4405 592 4453 ιυεῑοτ.

2016 3156 2111 3213 Cl

2104 1902 2249 1955 Ἀλλ’
2280 1904 2428 1971 ἐμοὶ,
2455 1901 2609 1972 οἶμαι
2637 1904 2682 1956 δ’
2712 1906 2795 1958 ὅτι
2830 1905 3055 1959 καὶτῶν
3086 1902 3146 1960 εὖ
3176 1908 3518 1976 φρονούντων
3550 1907 3684 1958 ὲκά-

2095 2012 2228 2064 atq),
2270 1997 2331 2049 οὐ
2360 1996 2543 2063 τοῦτο,
2574 1996 2691 2049 ἀλλ’
2730 1999 2878 2059 ὅπως
2907 1998 3242 2068 ὲσχίσθημεν
3269 2014 3283 2029 ·
3305 1999 3408 2051 κᾶν
3431 2000 3684 2068 εὑρήσω-

2096 2103 2195 2155 μεν
2242 2087 2369 2149 τοὺς
2403 2087 2511 2157 πρὸ
2545 2087 2702 2157 ἡμῶν
2749 2088 3201 2156 συστησαμένους
3232 2088 3293 2139 τὸ
3322 2087 3554 2156 σχίσμα,
3581 2084 3683 2156 τὴν

2091 2178 2189 2246 τῆς
2222 2176 2442 2248 Ῥώμης
2483 2179 2810 2247 Ἐκκλησίαν
2841 2179 3327 2247 καταιτιωμένους,
3359 2178 3434 2239 ὠς
3467 2179 3683 2246 μεγάλα

2091 2267 2253 2334 δῆθεν
2284 2270 2676 2338 ἡμαρτηκυίαν
2706 2267 2801 2321 ἐπὶ
2844 2270 2956 2330 τοῖς
2998 2267 3237 2334 δόγμασι
3286 2266 3679 2334 διασκοπῆσαι,

2092 2363 2185 2413 καὶ
2212 2360 2619 2423 διαϐασανίσαι,
2659 2358 2756 2412 ἅτε
2787 2361 2901 2420 τοῖς
2946 2358 3241 2426 Ῥωμαίοις
3285 2359 3479 2411 ἔκεῐνοι
3510 2359 3682 2439 ἔγκα-

2090 2452 2310 2515 λοῦντες
2344 2452 2682 2522 προέτεινον,
2717 2454 2811 2505 καὶ
2845 2452 2991 2521 ὅπερ
3022 2446 3168 2507 οὗτοι
3198 2452 3523 2513 ἀπολύοντες
3546 2452 3679 2504 ἐαυ-

2091 2546 2217 2606 tot»;
2269 2545 2637 2613 ἐγκλημάτων
2686 2544 3072 2612 ἀπελογοῦντο,
3123 2543 3392 2612 καὶμετά
3440 2543 3539 2610 τῆς
3586 2541 3678 2595 ἐπὶ

2090 2641 2154 2705 τῇ
2227 2638 2499 2707 διακρίσει
2560 2637 2859 2705 εὐθύτητος
2904 2638 2935 2706 ἢ
2988 2632 3355 2703 ἀκολουθῆσαι
3424 2634 3677 2700 λέγουσιν

2091 2729 2327 2789 ἐκείνοις
2383 2729 2585 2791 καλῶς,
2632 2731 2725 2781 καὶ
2779 2731 3086 2790 ἐπαινέσαι,
3148 2729 3243 2780 καὶ
3284 2731 3609 2797 μακαρίσαι,
3640 2723 3674 2793 ἢ

2090 2820 2385 2887 διαγνῶναι
2425 2820 2502 2883 ὡς
2530 2823 2728 2873 ἐκεῖνοι
2781 2821 2881 2890 μὲν
2918 2822 3011 2874 ἐπὶ
3040 2820 3119 2889 τῷ
3167 2819 3451 2889 σκανδάλῳ
3498 2817 3676 2886 τούτῳ

2090 2915 2656 2985 πεπλημμελήκασιν,
2698 2912 3038 2984 ἀνθρώπινόν
3082 2928 3137 2965 τι
3172 2912 3437 2973 παθόντες
3492 2910 3649 2978 πλημ.

2095 3007 2316 3075 μέλημα
2342 3021 2356 3035 ·
2391 3006 2536 3075 ἡμᾶς
2564 3006 2620 3058 δὲ
2652 3006 2735 3058 δεῖ
2761 3006 2793 3076 ἢ
2817 3006 2879 3058 τὸ
2914 3006 3044 3075 παρ’
3086 3005 3309 3058 ἐκείνων
3347 3003 3570 3071 γεγονὸς
3592 3004 3672 3065 είς
3739 2996 3749 3005 ’

2096 3102 2294 3168 μοῖραν
2347 3097 2518 3169 ψόγου
2570 3097 2967 3167 παραπέμψαι,
3016 3096 3113 3149 καὶ
3161 3096 3224 3148 τδ
3276 3096 3409 3164 παρ’
3462 3094 3673 3147 ἑαυτῶν

2094 3193 2381 3245 ἐπαινετὸν
2433 3192 2896 3258 ἀντεισενεγκείν,
2934 3191 2968 3260 ἢ
3022 3189 3160 3250 τέως
3216 3189 3383 3257 μηδέν
3433 3204 3487 3239 τι
3542 3187 3674 3256 περὶ

2089 3286 2316 3338 ἐκείνων
2373 3285 2688 3355 εἰρηκότας.
2738 3285 2909 3351 φειδοῖ
2942 3281 3050 3335 τῶν
3096 3280 3556 3351 πρεσϐυγενείων,
3610 3280 3671 3331 τὺ

2088 3378 2221 3445 γοῦν
2273 3380 2352 3440 εἰς
2388 3380 2536 3445 ἡμᾶς
2569 3377 2768 3439 αὐτοὺς
2814 3373 2995 3437 καλῶς
3043 3372 3329 3437 διαθεῖναι,
3362 3371 3460 3424 καὶ
3506 3368 3671 3436 διπλῆ

2088 3470 2373 3537 κερδᾶναι,
2407 3471 2487 3522 ὅτι
2521 3488 2579 3520 τε
2610 3472 2724 3528 τοῖς
2765 3466 3293 3536 πεπλημμεληκόσιν
3318 3464 3420 3517 οὐκ
3443 3463 3673 3532 ἠκολου-

2090 3563 2363 3631 θήσαμεν,
2396 3567 2492 3614 καὶ
2524 3564 2607 3615 ὅτι
2640 3565 2752 3624 τοῖς
2794 3560 3069 3628 ὀψιγόνοις
3109 3561 3200 3611 καὶ
3239 3555 3361 3626 μεθ’
3390 3553 3538 3623 ἡμᾶς
3580 3549 3673 3604 ⁸⁸δί

2087 3655 2183 3707 τοῦ
2212 3653 2376 3708 καλοῦ
2419 3653 2822 3723 παρεδώκαμεν
2867 3652 3057 3706 τύπον.
3107 3649 3263 3719 Ἐμοὶ
3310 3648 3409 3715 μὲν
3442 3641 3559 3710 οὖν,
3591 3637 3674 3697 οἷ-

2093 3763 2193 3813 μαι
2235 3746 2279 3798 δ’
2309 3748 2392 3798 ὅτι
2427 3744 2521 3797 καὶ
2557 3745 2721 3797 παντὶ
2765 3742 2841 3810 τῷ
2872 3742 3018 3811 ἄλλῳ
3068 3738 3369 3808 πεισμονὴν
3419 3735 3616 3805 μισοῦν
3664 3752 3669 3759 ·

2086 3837 2186 3905 τὴν
2222 3838 2438 3905 ἄλογον,
2480 3838 2541 3889 τὸ
2573 3833 3040 3905 δεδοκιμασμένον
3088 3832 3336 3901 ἀρέσκει,
3380 3832 3473 3882 καί
3507 3830 3540 3896 ἡ
3573 3843 3633 3879 το
3664 3849 3673 3862 κ

2087 3934 2237 3993 ὅπως
2268 3931 2603 4001 ἐσχίσθημεν
2636 3930 2888 3998 ζήτησις.
2920 3927 2982 3979 Εἰ
3012 3928 3067 3978 δέ
3096 3941 3261 3986 τινες,
3293 3924 3377 3975 ὅτι
3415 3920 3674 3990 ὲσχίσθιςοο

2091 4040 2211 4093 μεν,
2237 4023 2617 4090 ἀδοκιμάστως
2644 4020 2925 4091 ὲξέχεσθαι
2950 4018 3044 4071 τοῦ
3074 4017 3372 4085 σχίσματος
3399 4014 3643 4082 κρίνουσι

2088 4112 2200 4181 ἐγὼ
2228 4113 2272 4165 δ’
2307 4113 2444 4165 ἀλλὰ
2474 4112 2573 4181 τὴν
2604 4112 2799 4177 ἄλογον
2845 4111 2957 4171 τοῖς
3009 4107 3496 4178 προηγησαμένοις
3540 4118 3642 4157 κατ

2088 4203 2447 4272 ακολούθησιν
2475 4202 2779 4273 ὀὶοσχερῶς
2796 4202 3236 4271 ἀποστρέφομαι.

470 4489 524 4542 8.
565 4486 670 4544 Sed
699 4486 812 4554 jam
844 4487 1067 4569 aliunde
1098 4497 1402 4560 comparet,
1438 4490 1531 4560 qui
1567 4505 1675 4544 non
1712 4506 1977 4547 vesanum

2158 4483 2231 4559 η’.
2277 4482 2418 4538 Ἀλλ’
2467 4483 2571 4555 ηδη
2609 4484 2879 4559 ὲτέρωθέν
2915 4484 3080 4537 ποθεν
3121 4483 3484 4552 ἀναφαίνεται
3511 4485 3539 4537 ὁ
3595 4484 3670 4555 μὴ

396 4580 663 4649 temporis
690 4580 962 4651 sequitur,
996 4582 1091 4637 sed
1122 4589 1378 4651 tanquam
1413 4582 1584 4650 partis
1616 4582 1792 4654 magis
1818 4585 1987 4638 ratio—

400 4674 541 4729 nalis
571 4682 832 4739 sectator,
874 4673 1291 4729 ratiocinatione
1324 4674 1497 4743 magis
1527 4674 1669 4728 seria
1709 4675 1999 4729 euntradi-'

400 4782 525 4819 cere
570 4767 790 4831 studet;
843 4766 974 4835 quid
1012 4765 1289 4835 inquitis?
1318 4765 1478 4819 nobis
1508 4765 1662 4820 dicit.
1713 4766 1796 4819 An
1829 4766 1983 4821 vobis

401 4858 780 4930 amplectenda
829 4858 1046 4913 videtur
1108 4858 1487 4915 ecclesiastica
1525 4874 1630 4929 pax
1690 4859 1978 4924 ltalorum,

398 4952 491 5023 qui
535 4950 674 5003 duas
715 4965 914 5005 causas
942 4958 997 5001 et
1025 4949 1137 5001 duo
1169 4949 1437 5019 principia
1470 4951 1634 5005 unius
1659 4949 1898 5021 Spiritus
1923 4953 1977 5007 in

396 5044 551 5097 beata
592 5039 790 5095 Triade
818 5040 1199 5094 constituunt?
1232 5039 1371 5099 Non.
1399 5056 1495 5111 per
1519 5040 1800 5110 Triadem,
1836 5045 1978 5114 opti-

398 5137 491 5188 mi.
561 5133 652 5188 Sic
697 5132 842 5186 euim
906 5139 1032 5184 ante
1077 5131 1260 5186 omnia
1291 5134 1548 5196 munior,
1586 5152 1651 5189 ne
1694 5137 1760 5191 de
1794 5139 1977 5208 aliquo

394 5224 560 5285 .imili
591 5223 644 5277 in
678 5220 1046 5291 suspicionem
1079 5221 1171 5275 tibi
1197 5224 1435 5279 veniam.
1483 5225 1602 5280 Non
1628 5228 1730 5281 hac
1766 5230 1978 5284 ratione

396 5318 629 5369 dicimus
678 5312 940 5366 Romanae
995 5310 1255 5369 Ecclesia:
1312 5330 1501 5385 pacem
1563 5320 1974 5375 attendendam.

394 5407 599 5460 (Iasum
651 5404 851 5457 etenim
899 5419 929 5458 a
996 5404 1149 5459 beata
1203 5405 1404 5464 Triade
1460 5410 1723 5467 adversus
1785 5428 1977 5469 omnes

395 5506 691 5569 precamur
715 5532 729 5557 ,
758 5492 849 5561 qui
884 5493 1143 5548 similium
1176 5493 1462 5551 hominum
1499 5515 1687 5569 pacem
1714 5542 1728 5566 ,
1763 5501 1817 5555 in
1844 5518 1977 5558 eon-

397 5584 744 5647 pubstantiali
779 5583 978 5641 Triade
1026 5587 1136 5642 duo
1171 5588 1436 5658 principia
1488 5593 1807 5661 ponentium
1860 5610 1977 5650 am-

395 5676 557 5753 plecﬁ
632 5676 841 5731 volunt.
896 5675 1144 5748 Namque
1226 5680 1339 5734 luec
1408 5692 1538 5737 sunt
1590 5700 1820 5750 eorum,
1880 5687 1974 5757 qui

395 5766 564 5829 semel
600 5768 664 5829 ad
698 5768 941 5829 veritatis
968 5769 1149 5827 lumen
1182 5771 1471 5845 nictan‘tes,
1505 5778 1737 5832 oronrize
1772 5778 1975 5833 impro-

2084 4577 2164 4648 τῷ
2198 4576 2380 4648 ἀλόγῳ
2427 4575 2522 4630 τοῦ
2570 4574 2768 4647 χρύνου
2819 4574 3261 4641 κατακολουθῶν,
3302 4576 3419 4629 ἀλλ’
3456 4576 3553 4631 ἅτε
3605 4578 3669 4647 δὴ

2084 4674 2185 4743 τῆς
2227 4666 2565 4741 λογιωτέράς
2598 4670 2677 4722 ὢν
2726 4668 2922 4739 μοίρας
2975 4671 3069 4721 καὶ
3108 4668 3479 4737 λογικωτέρας
3522 4672 3669 4724 ἀντι-

2084 4764 2289 4817 δαίνειν
2338 4761 2566 4833 ὁρμῶν*
2618 4761 2715 4813 καὶ
2767 4759 2821 4811 τί
2877 4774 3051 4827 φατε;
3103 4760 3239 4828 πρὸς
3285 4762 3440 4830 ἡμᾶς
3494 4760 3669 4829 λέγει.

2082 4851 2234 4924 Ἀρά
2262 4873 2324 4924 γε
2358 4856 2487 4925 ὑμῖν
2527 4853 2678 4906 δοκεῖ
2707 4851 2803 4922 τὴν
2848 4852 2957 4904 τῶν
2995 4851 3215 4904 Ἰταλῶν
3280 4854 3673 4923 ἐκκλησιαστι-

2083 4950 2186 5020 κὴν
2219 4949 2447 5017 εἰρήνην
2481 4944 2858 5010 ἀσπάσασθαι,
2889 4944 2982 4998 δύο
3021 4946 3196 5009 αἴτια,
3231 4946 3326 4999 καὶ
3359 4947 3533 5015 ἀρχὰς
3576 4946 3670 5003 δύο

2081 5042 2175 5095 τοῦ
2216 5041 2334 5103 ἑνὸς
2382 5038 2700 5107 Πνεύματος
2738 5040 2832 5091 ἐπὶ
2861 5039 2958 5107 τῆς
3006 5040 3290 5109 μακαρίας
3334 5039 3667 5107 πρεσϐευόν-

2081 5151 2190 5188 των
2218 5133 2483 5205 Τριάδος;
2508 5130 2607 5195 OB,
2637 5132 2703 5202 νὴ
2741 5133 2839 5202 τὴν
2874 5130 3104 5199 Τριάδα,
3138 5125 3184 5184 ὦ
3214 5129 3477 5201 βέλτιστε.
3511 5132 3667 5187 Οὕτω

2083 5227 2191 5297 γὰρ
2240 5224 2806 5295 προεξασφαλίζομαι,
2859 5223 2934 5286 ὡς
2980 5222 3047 5276 ἂν
3105 5223 3275 5293 μηδέν
3305 5239 3356 5277 τι
3400 5223 3497 5276 καὶ
3536 5225 3667 5293 περὶ

2081 5317 2244 5388 ἡμῶν
2292 5316 2662 5381 ὑποπτευθείη
2700 5332 2782 5368 σοι
2832 5314 3098 5368 τοιοῦτον.
3132 5316 3247 5385 Οὐχ
3287 5315 3430 5371 οὕτω
3485 5318 3668 5385 φαμὲν

2080 5411 2181 5481 τὴν
2210 5410 2309 5480 τῆς
2358 5409 2680 5480 Ῥωμαῖκῆς
2738 5408 3068 5477 Ἐκκλησίας
3118 5411 3343 5482 εἰρήνην
3386 5414 3669 5481 προσήκα-

2081 5504 2227 5557 aiat.
2274 5502 2592 5555 Ἐκπτωσιν
2641 5499 2751 5568 γὰρ
2787 5499 2887 5568 τῆς
2928 5500 3205 5568 μακαρίας
3253 5497 3483 5570 Τριάδος
3521 5500 3664 5552 κατὰ

2079 5594 2284 5656 παντὸς
2323 5592 2663 5664 ἐπειρώμεθα
2689 5589 2781 5643 τοῦ
2811 5590 3131 5661 θελήσοντος
3165 5590 3425 5643 τοιούτων
3451 5589 3662 5659 ἀνδρῶν

2080 5682 2753 5759 εἰρήνηνπροσήκασθαι,
2785 5682 2880 5736 δύο
2918 5685 3092 5754 ἀρχὰς
3127 5685 3220 5736 ἐπὶ
3244 5683 3345 5755 τῆς
3369 5683 3661 5753 ὁμοονσίου

2079 5780 2348 5833 λεγόντων
2382 5779 2630 5851 Τριάδος.
2669 5776 2931 5831 εἘκείνων
2965 5777 3072 5843 γὰρ
3104 5773 3298 5835 ταῦτα,
3338 5774 3388 5833 οί
3425 5776 3564 5831 πρὸς
3598 5775 3660 5828 τὸ
