4058 6416
998 282 1161 292 ””’σ¹“-
1188 286 1221 292 -..

440 356 512 421 27
1517 359 1732 423 ῙΟΑΝ.
1778 362 1997 425 VECCI
2038 364 2147 424 (ΣΡ.
2185 365 2698 428 ΡΑΤΒΙΑΒΕΗΑι
3662 376 3736 442 28

444 468 584 524 Filio
612 468 817 526 factum
847 473 1132 537 asseritur,
1162 471 1227 528 ad
1252 471 1483 544 primam
1508 489 1732 529 causam
1774 472 2032 529 refertur.

2150 477 2234 532 Βύο
2282 480 2456 550 ἀρχὰς
2522 480 2981 551 ἀντιπαρεξάγων
3030 480 3291 552 ἀλλήλαις
3339 482 3514 538 ταΰτά
3573 501 3733 556 φησι.

446 560 598 615 Adeo
630 569 687 618 ut
716 601 731 627 ,
772 564 873 618 etsi
907 565 1092 618 omnia
1149 581 1248 635 per
1278 565 1445 619 Deum
1488 563 1725 620 Verbum
1774 566 2042 635 producta

2153 574 2292 641 μετᾶ
2341 574 2648 655 Μανιχαίου
2678 572 3148 643 καὶ,Μαρκίωνος
3195 574 3647 646 συντριϐήσεται’
3681 579 3730 631 εί

442 666 569 707 esse
602 653 913 720 credimus,
955 672 1142 710 verum
1169 658 1417 710 omnium
1458 672 1692 711 causam
1722 673 1845 711 esse
1869 657 2042 712 Deum

2150 663 2202 717 δὲ
2233 666 2365 733 μιᾶς
2407 653 2632 730 ἐξάπτει
2666 666 2733 718 τά
2773 665 2902 719 ὄντα
2928 664 2989 718 τὸ
3024 666 3174 737 παρὰ
3212 666 3307 720 τοῦ
3342 668 3474 721 Υίοῦ
3500 671 3733 742 γεγενῆ-

445 744 692 798 omnium
715 761 746 800 a
775 747 1056 801 nobisn'm
1091 748 1411 818 denegetur.
1445 768 1464 802 ι
1504 750 1703 805 Ρτςοιετ
1737 751 1881 803 hunc
1907 751 2031 805 alti-

377 910 382 915 .
449 835 671 905 loquum
720 839 969 895 veritatis
1015 856 1319 908 praeconem
1368 850 1421 895 et
1453 851 1644 896 testem
1672 880 1689 906 ,
1736 841 2044 896 adducatur

450 944 675 998 quoque
711 930 1032 1001 Gregorius.
1064 936 1151 987 cui
1188 952 1215 987 e
1249 934 1569 1000 theologicis
1592 950 1897 1006 cognomen
1926 946 2042 999 est,

448 1023 542 1088 qui
579 1021 631 1074 in
675 1037 773 1076 sua
804 1025 856 1076 in
894 1026 1255 1080 Pentecasten
1295 1029 1565 1090 oratione,
1596 1028 1757 1096 cujus
1783 1036 1867 1081 est
1904 1028 2040 1080 illud

446 1113 801 1180 principium,
824 1135 841 1167 ι
872 1114 942 1169 De
973 1117 1060 1171 die
1087 1116 1225 1172 festo
1254 1119 1485 1172 breviter
1510 1120 1983 1189 philosophentur.
2016 1137 2035 1170 ι

449 1204 565 1257 haec
594 1206 692 1267 ait,
740 1224 759 1256 ι
800 1205 988 1275 Neque
1024 1211 1167 1261 enim
1198 1211 1493 1262 addecebat
1521 1211 1751 1265 deficere
1778 1227 2040 1283 unquam,

448 1303 545 1346 aut
578 1292 780 1349 Filium
814 1295 987 1364 Patri,
1022 1309 1116 1353 aut
1141 1300 1404 1367 Spiritum
1461 1300 1639 1355 Filio:
1674 1319 1693 1352 ι
1760 1311 1807 1354 el
1850 1304 2041 1371 paucis

447 1383 800 1455 interjectis:
850 1408 867 1441 ι
927 1391 1057 1444 Erat
1110 1393 1255 1445 enim
1303 1409 1518 1462 semper
1572 1409 1693 1448 sese
1737 1394 2045 1448 communi-

452 1490 610 1540 cans,
648 1494 753 1532 non
783 1482 1076 1551 particeps,
1118 1485 1434 1546 llHlSlblllS,
1466 1488 1586 1539 sine
1619 1495 1886 1555 tempore,
1925 1502 2043 1539 oui-

448 1569 724 1637 niputi-ns,
751 1581 805 1625 et
832 1574 875 1626 si
913 1575 979 1627 ad
1017 1576 1246 1645 primam
1279 1592 1524 1638 causam,
1570 1577 2034 1647 quemadmodum

452 1654 727 1729 Unigeniti
760 1666 966 1727 omnia,
995 1667 1075 1718 sic
1097 1676 1151 1719 et
1171 1682 1255 1728 ea,
1288 1684 1410 1738 quae
1439 1666 1678 1736 Sp‘ritus
1708 1667 2042 1721 suntremit-

449 1760 655 1808 lantur.
691 1774 710 1805 ι
747 1754 859 1811 Hac
897 1760 1107 1812 ratione
1149 1763 1332 1829 itaque
1374 1762 1477 1813 sub
1518 1761 1749 1815 testibus
1816 1762 1920 1815 lite
1957 1761 2039 1813 di-

456 1846 598 1914 gnis,
634 1852 848 1919 magnis
882 1850 1029 1905 hisce
1062 1850 1338 1922 Patribus,
1367 1863 1553 1922 aperte
1583 1863 1824 1923 patente,
1856 1854 2038 1907 omnia

448 1935 572 1990 Filii
617 1939 681 1993 ad
740 1940 956 1996 Patrem
1008 1945 1238 2013 primam
1278 1960 1500 1999 causam
1533 1945 1750 2010 referri,
1807 1959 1914 1998 non
1945 1945 2039 1999 ab—

449 2042 587 2082 sone
635 2045 737 2086 nos
770 2032 1052 2097 diximus,
1094 2035 1260 2089 Italos
1318 2052 1443 2091 cum
1521 2035 1741 2091 lectioni
1789 2035 2036 2106 Symboli

447 2117 680 2185 addunt,
720 2142 737 2172 ι
765 2135 815 2178 et
840 2141 904 2178 ex
942 2124 1079 2180 Filio
1101 2125 1362 2195 Spiritum
1386 2139 1635 2183 sanctum
1668 2128 1984 2197 procedere,
2014 2145 2034 2178 ι

348 2276 368 2287 ’
449 2227 558 2267 non
595 2215 734 2272 duas
768 2219 934 2273 unius
974 2217 1216 2288 Spiritus
1250 2236 1448 2277 causas
1485 2236 1752 2277 asserere.

2070 1818 2118 1877 Β

2148 757 2273 810 σθαι
2303 758 2623 829 λεγόμενον,
2659 759 2794 829 πρὸς
2836 759 2938 830 τὴν
2973 759 3199 831 πρώτην
3242 761 3425 814 αίτίαν
3466 762 3564 832 τὴν
3593 764 3733 815 ἀνα-

2146 851 2318 920 φοράν
2354 850 2486 920 ἔχει.
2521 851 2685 903 Ὥστε
2717 851 2821 905 κᾶν
2861 851 3042 905 πάντα
3068 854 3148 915 είς
3180 852 3241 905 τὸ
3270 849 3410 906 εἶναι
3452 854 3732 925 παρῆχθαι

2143 942 2233 995 διὰ
2265 942 2360 995 τοῦ
2409 943 2546 996 Θεοῦ
2587 944 2763 1012 Λόγου
2810 946 3179 1015 πιστεύωμεν,
3213 945 3351 999 ἀλλά
3395 946 3457 999 τδ
3505 947 3730 1001 πάντων

2144 1035 2321 1087 αἴτιον
2346 1031 2486 1088 εἶναι
2511 1036 2603 1088 τὸν
2630 1036 2762 1089 Θεὸν
2790 1037 2900 1090 τῶν
2937 1036 3073 1089 ὅλων
3101 1038 3206 1091 οὐκ
3256 1037 3662 1109 ἀφαιρούμεθα.
3705 1056 3726 1091 ι

2158 1122 2285 1175 Ἐπὶ
2317 1121 2393 1190 τῷ
2442 1123 2705 1194 ὑψηγόρῳ
2755 1124 2931 1194 τούτῳ
2973 1127 3073 1196 τῆς
3125 1126 3384 1196 ἀληθείας
3431 1126 3638 1196 κήρυκι
3669 1143 3729 1179 τε

2146 1213 2243 1266 καὶ
2279 1214 2522 1284 μάρτυρι
2558 1215 3071 1284 παρεισαχθήσεται
3117 1218 3212 1269 καὶ
3244 1217 3548 1287 Γρηγόριος
3579 1218 3607 1270 ὁ
3632 1218 3733 1287 τῆς

2146 1304 2432 1372 θεολογίας
2465 1305 2775 1374 ἐπώνυμος,
2805 1306 2864 1369 ὃς
2895 1308 2954 1360 ὲν
2983 1309 3061 1376 τῷ
3104 1311 3184 1371 είς
3215 1309 3313 1375 τὴν
3348 1308 3728 1378 Πεντηκοστὴν

2142 1397 2286 1466 λόγῳ
2315 1399 2504 1464 αὑτοῦ,
2539 1392 2599 1450 οὒ
2640 1400 2863 1471 ἡάρχὴ,
2906 1419 2923 1452 ι
2966 1401 3097 1471 Περὶ
3128 1402 3229 1470 τῆς
3274 1401 3470 1470 ἑορτῆς
3518 1400 3727 1470 βραχέα

2144 1490 2625 1558 φιλοσοφήσωμεν,
2662 1508 2679 1540 ›
2716 1490 2860 1543 οὕτω
2909 1491 3102 1561 φησίν·
3140 1509 3160 1543 ι
3195 1492 3328 1543 Οὐδὲ
3359 1493 3465 1559 γάρ
3490 1490 3731 1559 ἔπρεπεν

2127 1581 2420 1651 ,ἐλλείπειν
2463 1583 2592 1634 ποτὲ
2623 1582 2653 1652 ἦ
2687 1582 2815 1634 Υἱὸν
2845 1586 3040 1653 Πατρὶ,
3080 1585 3113 1654 ἢ
3150 1584 3377 1652 Πνεῦμα
3409 1583 3542 1652 Υίῷ.
3573 1602 3592 1634 ι
3621 1583 3726 1635 Kai

2149 1671 2267 1739 μετ’
2292 1670 2451 1736 ὀλίγα
2485 1686 2501 1704 ο
2546 1690 2566 1722 ι
2611 1666 2718 1726 Ἦν
2744 1671 2844 1739 μὲν
2891 1675 3011 1725 ἐκεῖ
3045 1673 3413 1743 μεταληπτδν,
3452 1674 3513 1726 ού
3559 1691 3732 1740 μετα-

2144 1759 2431 1829 ληπτικδν,
2464 1759 2720 1829 ἀόρατον,
2766 1760 3020 1831 ἄχρονον,
3062 1762 3498 1827 παντοδύναμον,
3540 1762 3590 1813 εί
3637 1761 3734 1813 καὶ

2148 1852 2283 1921 προς
2314 1852 2414 1920 τὴν
2455 1852 2683 1922 πρώτην
2718 1854 2897 1905 σίτίαν
2932 1854 3121 1923 ὣσπερ
3150 1854 3217 1905 τὰ
3258 1852 3352 1906 τοῦ
3392 1853 3729 1921 Μονογενοῦς

2149 1942 2388 2005 ἅπαντα,
2414 1940 2557 1995 οὕτω
2582 1941 2638 1994 δὲ
2673 1943 2766 1995 καὶ
2808 1942 2875 1995 τά
2916 1948 3011 1996 τοῦ
3064 1943 3378 2012 Πνεύματος
3411 1943 3733 2012 ἀναπέμπεε

2147 2054 2258 2089 ται.
2300 2054 2320 2088 ι
2356 2034 2514 2088 Οὕτω
2544 2033 2676 2101 γοῦν
2706 2036 2810 2089 ὑπὸ
2859 2036 3132 2109 μάρτυσιν
3170 2036 3474 2104 ἀξιολόγοις
3504 2038 3612 2098 τοῖς
3641 2053 3736 2107 με-

2148 2126 2337 2196 γάλοις
2368 2129 2583 2189 τούτοις
2630 2127 2910 2197 Πατράσιν
2946 2128 3383 2196 ἀναφαινομένου
3430 2127 3524 2180 τοῦ
3556 2127 3734 2181 πάντα

2148 2221 2218 2272 τὰ
2263 2218 2359 2271 τοῦ
2399 2202 2530 2271 fici”)
2587 2219 2724 2289 πρὸς
2762 2219 2853 2272 τὸν
2892 2220 3109 2290 Πατέρα
3157 2221 3257 2288 τὴν
3296 2219 3520 2289 πρώτην
3550 2220 3735 2273 αἰτίαν

446 2304 548 2375 τὴν
578 2308 859 2381 ἀναφορὰν
892 2311 1059 2381 ἔχειν,
1092 2313 1276 2379 καλῶς
1303 2316 1469 2385 ἡμεῖς
1494 2315 1708 2387 ἔφημεν
1731 2314 1808 2378 ὡς
1840 2315 2039 2369 Ἰταλοὶ
2074 2311 2462 2383 προστιθέντες
2494 2315 2561 2381 τῇ
2632 2311 2941 2380 ἀναγνώσει
2972 2312 3080 2379 ,τοῦ
3138 2311 3417 2382 Συμϐόλου
3467 2313 3528 2367 τὸ
3579 2331 3599 2365 ι
3637 2321 3736 2377 καὶ⁸

449 2405 516 2457 ἐκ
550 2404 645 2458 τοῦ
688 2406 820 2461 Υίοῦ
850 2412 913 2462 τὸ
957 2411 1183 2481 Πνεῦμα
1224 2413 1287 2467 τὸ
1340 2412 1495 2482 ἅγιον
1543 2413 1963 2485 ἐκπορεύεσθαι,
2008 2432 2028 2466 ι
2070 2412 2191 2484 οὐχὶ
2224 2411 2319 2465 δύο
2345 2410 2439 2464 τοῦ
2465 2411 2585 2474 ἑνός
2613 2427 2746 2479 φασι
2776 2412 3097 2482 Πνεύματος
3130 2413 3301 2467 αἴτια.

522 2501 612 2554 10.
661 2500 723 2556 Et
757 2508 979 2576 quando
1036 2508 1139 2563 hoc
1191 2510 1430 2566 adducta
1496 2510 1814 2566 testimonia
1859 2510 2034 2564 veluti

449 2594 667 2662 stabile,
725 2608 779 2654 et
838 2615 1066 2669 prorsus
1122 2614 1337 2658 certum
1393 2614 1658 2669 statuant,
1711 2602 2041 2658 contentiosi

450 2687 640 2752 animi,
671 2698 729 2744 et
757 2706 973 2747 vesana:
1009 2694 1322 2771 pertinacia:
1352 2696 1583 2750 abortus
1613 2695 1723 2750 illis
1757 2696 2040 2765 relinqua-

452 2794 600 2840 mus,
633 2781 834 2848 quibus
862 2787 1139 2839 contraria
1186 2803 1313 2856 erga
1340 2787 1498 2841 tidem
1529 2788 1773 2857 opinatio
1819 2795 2042 2842 senten-

455 2875 545 2928 tia:
587 2876 751 2932 elIicit
785 2879 1254 2945 atquilihritatem.
1300 2881 1437 2935 Cum
1468 2897 1603 2936 vero
1631 2896 1736 2936 una
1794 2881 1926 2937 fides
1970 2896 2035 2936 ex

452 2967 711 3025 Patribus
751 2974 817 3025 ad
866 2987 965 3026 nos
1018 2973 1287 3029 corrivata
1319 2974 1414 3035 sit.
1464 2990 1587 3029 sors
1629 2991 1657 3029 a
1703 2973 1813 3028 Deo
1846 2976 2040 3040 electa,

451 3077 618 3131 quam
650 3063 929 3131 generales
963 3074 1016 3120 ct
1066 3065 1268 3121 locales
1303 3066 1495 3137 synodi
1534 3066 1953 3129 confirmarunt,
1987 3074 2043 3121 et

2225 2507 2277 2561 ι’.
2314 2506 2425 2562 Καὶ
2455 2508 2577 2561 ἐπεὶ
2612 2505 2771 2561 τοῦτο
2809 2510 2866 2561 αί
2906 2509 3161 2579 ρηθείσαι
3193 2511 3466 2581 γραφικαὶ
3520 2531 3733 2584 μαρτυ-

2149 2602 2266 2673 ρίαι
2297 2602 2437 2655 κατὰ
2466 2601 2527 2655 τὸ
2564 2600 2744 2670 πάντη
2787 2599 3006 2670 βέϐαιον
3039 2602 3353 2669 συνιστῶσι,
3384 2605 3452 2659 τά
3496 2605 3596 2674 μὲν
3632 2605 3735 2676 τῆς

2148 2694 2459 2764 φιλονείκου
2495 2692 2723 2763 γνώμης
2775 2694 2871 2747 καὶ
2908 2694 3211 2764 πεισμονῆς
3262 2697 3459 2767 ἀλόγου
3507 2700 3735 2755 ὲκτόκια

2147 2786 2380 2850 ἐκείνοις
2413 2785 2704 2856 παρῶμεν,
2735 2781 2815 2848 οἷς
2842 2785 2903 2838 τὺ
2932 2786 3069 2857 πρὸς
3099 2786 3197 2858 τὴν
3230 2791 3416 2843 πίστιν
3457 2790 3735 2859 ἀντίδοξον

2146 2880 2241 2931 καὶ
2266 2878 2326 2931 τὸ
2354 2878 2489 2948 πρὸς
2516 2879 2616 2948 τὴν
2651 2877 2878 2948 γνώμην
2915 2882 3152 2932 ποιεῖται
3196 2881 3316 2933 ἀντί
3327 2884 3532 2952 ῥροπον
3555 2899 3569 2914 ο
3599 2886 3732 2953 ἡμῖν

2141 2968 2187 3024 δ’
2219 2970 2343 3022 ἐπεὶ
2373 2971 2471 3040 μία
2505 2971 2748 3040 πίστιςή
2783 2972 2847 3023 ἐκ
2888 2971 3152 3039 Πατέρων
3182 2974 3261 3035 είς
3287 2974 3435 3043 ἡμᾶς
3476 2973 3729 3029 διαϐιϐα-

2145 3062 2356 3125 σθείσα,
2388 3061 2593 3131 κλῆρος
2646 3061 2950 3125 θεόλεκτος,
3004 3063 3071 3132 ἢν
3120 3065 3501 3135 οίκουμενικαί
3548 3085 3603 3119 τε
3637 3068 3735 3120 καὶ

452 3168 619 3221 qttam
656 3171 718 3207 ex
752 3172 816 3208 eo
853 3166 1098 3226 tempore
1147 3158 1213 3211 ad
1248 3159 1388 3214 hanc
1418 3169 1633 3213 :etatem
1667 3168 1880 3228 tempus
1905 3174 2041 3214 con-

2150 3158 2372 3209 τοτιτικςι)⁸
2424 3156 2632 3209 σύνοδοι
2684 3157 3087 3227 ἐπεκράτυναν,
3117 3159 3213 3211 καὶ
3251 3160 3316 3229 ἢν
3349 3162 3377 3212 ὁ
3417 3161 3475 3227 ἐξ
3519 3161 3732 3215 ἐκείνου

454 3247 740 3311 stabilivit,
774 3260 1128 3304 censervetur
1165 3266 1194 3304 a
1227 3251 1383 3306 nobis
1423 3251 1805 3313 itmnutabilis,
1846 3266 2027 3318 neque

453 3351 544 3392 res
580 3337 687 3392 ulla
722 3339 793 3393 sit
828 3341 985 3396 nubis
1032 3341 1451 3411 impedimento,
1500 3358 1567 3395 ne
1608 3357 1729 3395 eum
1775 3340 2042 3397 fratribus

454 3430 687 3495 nostris.
738 3432 951 3501 placide
978 3436 1286 3504 composita
1346 3449 1498 3504 pace,
1528 3434 1896 3503 quiescamus,
1939 3433 2043 3489 do-

458 3537 560 3577 nec
586 3525 835 3579 eamdem
865 3527 1082 3595 pietatis
1128 3528 1456 3582 sententiam
1513 3526 1745 3580 innuant
1772 3526 2043 3581 dictiones

458 3615 657 3670 abillis
688 3621 1006 3688 propositae.
1038 3620 1105 3674 Et
1135 3619 1429 3675 consilium
1460 3617 1647 3684 fuerit,
1678 3633 1785 3672 non
1822 3634 1884 3672 ex
1920 3633 2045 3673 meo

456 3712 654 3775 capite,
705 3714 799 3764 sed
861 3713 1041 3783 magni
1087 3712 1372 3766 Athanasii
1428 3712 1569 3774 zelo,
1623 3725 1786 3779 quem
1836 3712 1883 3764 si
1918 3710 2044 3780 quis

461 3801 677 3870 pietatis
712 3801 1134 3858 fundamentum
1168 3807 1595 3876 nuncupaverit,
1628 3823 1658 3863 a
1701 3808 1904 3863 decoro
1936 3822 2043 3860 non

459 3894 754 3949 aberrauit.
804 3895 940 3949 Cum
980 3895 1125 3951 enim
1185 3896 1373 3965 prima:
1428 3900 1789 3955 mcuiuenicze
1850 3898 2044 3969 synodi

462 3985 553 4040 hic
565 3985 670 4040 dux
696 4002 759 4040 ac
781 3998 1060 4055 promotor
1079 3991 1350 4059 app-nruit,
1402 3990 1750 4046 manifestum
1772 4000 1855 4046 est
1897 3991 2043 4045 illam

464 4076 664 4146 ipsam.
711 4086 767 4131 et
799 4090 924 4147 post
970 4080 1118 4134 illam
1155 4072 1439 4137 universas
1482 4097 1646 4150 super
1688 4082 2047 4135 fundamento

461 4170 584 4238 eius
621 4185 960 4233 sermonum,
1009 4173 1264 4242 pietatem
1310 4173 1675 4228 cxstruxisse.
1711 4172 1757 4240 Q
1780 4174 1850 4227 rid
1886 4188 2048 4243 porro

466 4271 571 4319 est.
607 4263 658 4316 in
691 4279 800 4333 quo
834 4280 1092 4331 magnum
1127 4266 1229 4319 hoc
1263 4266 1519 4320 Ecclesiae
1541 4268 1745 4322 lumen.
1781 4270 1922 4323 etab
1950 4270 2050 4321 im-

472 4359 812 4412 mortalitate
872 4375 1070 4413 numen
1123 4359 1226 4413 sibi
1275 4361 1627 4426 demeritum,
1660 4361 1904 4415 aemulari
1950 4378 2048 4417 vos

472 4448 673 4505 fratres
703 4451 939 4505 moneo?
970 4450 1062 4504 Ille
1096 4452 1213 4522 ipse
1244 4453 1408 4513 adsit,
1444 4462 1495 4505 et
1523 4468 1620 4507 sua
1662 4454 1844 4523 lingua
1880 4454 2050 4509 dicta-

468 4544 544 4597 tis
577 4544 805 4596 vocibus
831 4542 1153 4608 denuntiet;
1180 4544 1427 4609 quinimo
1457 4553 1513 4598 et
1542 4545 1825 4614 theologus
1848 4544 2053 4616 Grego-

469 4634 610 4695 rius.
660 4632 896 4689 Basilius
928 4633 1178 4703 Magnus,
1226 4643 1281 4689 et
1307 4635 1672 4690 decernendis
1705 4635 2050 4707 dogmatibus

470 4725 830 4780 acutissimus
871 4726 1139 4782 Maximus
1170 4743 1294 4781 cum
1337 4743 1401 4781 eo
1439 4727 1782 4799 conspirent,
1836 4728 1891 4782 in
1932 4728 2053 4798 qui-

479 4818 583 4873 bus
606 4834 769 4887 quam
793 4820 996 4889 eptime
1014 4830 1333 4891 suggerunt,
1358 4837 1479 4891 qua!
1498 4838 1564 4877 ex
1586 4821 1807 4877 vocibus
1824 4837 2056 4877 nascun-

470 4920 564 4967 tur
609 4911 953 4968 differentias
981 4914 1355 4985 nrgligendas,
1402 4915 1699 4969 dummodo
1747 4916 2052 4970 secundum

472 5006 796 5061 sententiam
817 5022 926 5061 uno
942 5022 1216 5063 consensu
1242 5008 1437 5063 fratres
1459 5008 1816 5063 concordant.
1845 5007 2057 5062 Praieat

479 5112 610 5151 vero
638 5097 774 5154 alios
808 5098 862 5152 in
894 5100 1060 5154 rebus
1095 5101 1299 5154 divinis
1329 5102 1666 5171 exponendis
1698 5102 2052 5156 Athanasius.

479 5187 580 5245 llic
615 5190 760 5244 enim
792 5200 943 5247 tumo
974 5192 1039 5247 ad
1074 5194 1465 5259 Antiochenos,
1500 5193 1662 5262 cujus
1720 5193 2050 5262 principium

480 5292 604 5338 est:
640 5301 660 5336 ι
696 5281 1027 5340 Persuasum
1059 5285 1323 5341 habemus
1355 5301 1473 5351 vos,
1515 5286 1793 5341 cum'sitis
1821 5283 2056 5339 ministri

484 5376 579 5431 Dei
614 5392 677 5432 ac
733 5377 859 5432 boni
929 5379 1359 5446 dispensatores,
1404 5398 1421 5431 ι
1471 5379 1543 5433 ita
1595 5378 1832 5434 scribit:
1887 5396 1906 5428 ι
1947 5377 2058 5433 Illis

484 5466 656 5527 ettim.
687 5468 782 5536 qui
858 5470 1147 5523 nonnullos
1210 5469 1555 5531 hiemabant,
1598 5479 1656 5523 ut
1686 5468 1849 5520 trium
1889 5467 2060 5537 hypo-

488 5569 707 5612 staseon
733 5558 1114 5622 :tflirmatores,
1147 5576 1270 5615 cum
1302 5560 1612 5626 huiusmodi
1643 5574 1805 5612 vnces
1836 5560 1887 5612 in
1912 5557 2060 5612 Seri—

489 5649 665 5717 pturis
694 5665 798 5702 non
835 5652 1233 5720 reperirentur,
1259 5667 1321 5705 ac
1350 5651 1574 5719 proinde
1601 5662 1867 5716 suspvctze
1892 5648 2058 5702 videri

488 5756 730 5808 present,
769 5754 1025 5798 aur-tores
1055 5744 1278 5805 fuimus,
1325 5761 1391 5795 ne
1432 5742 1667 5810 amplius
1695 5742 1747 5793 in
1785 5742 2058 5794 Nic-muniit

2144 3249 2240 3299 καὶ
2263 3248 2344 3310 είς
2365 3247 2458 3299 τὸν
2486 3247 2581 3300 νῦν
2603 3248 2905 3301 ἐϐεϐαίωσε
2934 3250 3148 3318 χρόνος,
3175 3251 3447 3319 κρατείτω
3474 3252 3746 3322 μὲν·παρ⁹’

2143 3340 2278 3407 ἡμῖν
2307 3338 2713 3409 ἀμεταποίητος
2739 3336 2903 3407 αὕτη,
2931 3339 3026 3392 καὶ
3048 3340 3296 3410 ἐμποδὼν
3323 3341 3378 3394 δὲ
3407 3342 3576 3413 μηδὲν
3600 3347 3734 3415 ἡμῖν

2144 3431 2285 3484 ἔστω
2319 3431 2455 3499 πρὸς
2484 3431 2609 3493 τοὺς
2658 3430 2925 3499 ἀδελφοὺς
2959 3431 3115 3501 ἡμῶν
3165 3433 3488 3503 εἰρηνεύειν,
3531 3435 3635 3500 ἕως
3668 3438 3735 3490 ἂν

2146 3523 2285 3593 πρὸς
2315 3524 2414 3593 τὴν
2450 3522 2622 3593 αὐτὴν
2654 3523 2755 3593 τῆς
2799 3523 3087 3585 εὐσεϐείας
3118 3525 3359 3595 φέρωσιν
3412 3526 3644 3595 ἔννοιαν,
3675 3532 3735 3584 αί

2146 3615 2279 3685 παρ’
2319 3602 2541 3668 ἐκείνων
2572 3614 3001 3684 προστιθέμεναι
3036 3615 3230 3679 λέξεις.
3260 3618 3420 3687 Καλὴ
3452 3620 3735 3692 συμϐουλὴ

2144 3708 2206 3759 οὐ
2240 3708 2381 3759 κατά
2411 3706 2640 3777 γνώμην
2672 3706 2832 3778 ἐμὴν,
2858 3695 2995 3761 ἀλλά
3028 3710 3170 3761 κατὰ
3203 3708 3368 3778 ζῆλον
3410 3710 3730 3766 Ἀθανασίου

2146 3800 2240 3855 τοῦ
2286 3806 2450 3865 πάνυ,
2479 3800 2538 3854 ὃν
2588 3804 2831 3873 κρηπῖδα
2860 3801 2964 3870 τῆς
3014 3802 3298 3861 εὐσεϐείας
3348 3807 3735 3868 κα).ἐσας.ούκ

2149 3894 2216 3949 ἂν
2244 3895 2468 3966 ἁμάρτῃ
2506 3892 2601 3947 τοῦ
2648 3893 2880 3954 δεόντος.
2929 3894 3082 3947 Ἐπεὶ
3113 3895 3224 3966 γὰρ
3254 3895 3354 3965 τῆς
3401 3896 3624 3968 πρώτης
3653 3902 3737 3953 οι-

2148 3987 2488 4056 κουμεν.κῆς
2518 3987 2741 4040 συνόδου
2778 3982 2936 4050 οὗτος
2972 3987 3223 4056 ἀρχηγὸς
3264 3988 3531 4058 ἀνεφάνη,
3575 3988 3736 4061 εῠδη-

2147 4078 2241 4131 λον
2274 4078 2359 4130 ὅτι
2386 4077 2525 4147 αὐτὴ
2552 4078 2759 4148 ἐκείνη,
2794 4077 2890 4130 καὶ
2917 4078 2973 4130 at!
3005 4077 3125 4147 μετ’
3154 4078 3372 4148 εκείνην
3397 4078 3623 4136 ἅπασαι
3641 4084 3737 4135 ἐπὶ

2151 4169 2388 4240 θεμελίῳ
2425 4172 2536 4224 τών
2573 4172 2786 4224 ἐκείνου
2842 4169 3019 4238 λόγων
3062 4170 3161 4241 τὴν
3212 4171 3495 4225 εὐσέϐειαν
3535 4173 3739 4244 ᾠκοδό-

2153 4280 2355 4334 μησαν.
2393 4262 2457 4317 Τί
2505 4264 2564 4317 δέ
2614 4264 2784 4327 ἐστιν,
2818 4263 2903 4334 ἐφ’
2933 4256 2977 4331 ᾧ
3024 4263 3115 4315 τον
3167 4262 3339 4330 μέγαν
3398 4264 3582 4318 τοῦτον
3633 4266 3738 4336 τῆς

2162 4355 2494 4423 Ἐκκλησίας
2547 4356 2841 4424 φωστῆρα,
2876 4355 2967 4409 τὸν
3015 4357 3114 4425 τῆς
3147 4356 3450 4421 ἀθανασίας
3524 4358 3736 4412 ἐπώνυ-

2158 4465 2281 4516 μον,
2312 4447 2668 4518 παραζηλοῠν
2701 4449 2872 4517 ἡμᾶς,
2915 4448 3160 4516 ἀδελφοὶ,
3191 4449 3589 4517 συμϐουλεύως
3624 4453 3735 4503 Αὐ-

2153 4538 2246 4601 τὸς
2274 4540 2484 4603 ἐκεῖνος
2518 4540 2755 4609 παρίτω,
2804 4541 2900 4593 καὶ
2929 4543 3052 4603 ταῖς
3082 4543 3150 4610 τῇ
3186 4541 3353 4594 αὑτοῦ
3390 4541 3609 4614 γλώσσῃ
3643 4546 3739 4596 ὲκ-

2156 4633 2529 4702 φωνηθείσαις
2551 4631 2765 4696 λέξεσιν
2804 4632 3203 4702 ἀπαγγελλέτω
3243 4634 3377 4702 ἡμῖν
3409 4651 3424 4664 ο
3453 4634 3512 4687 ού
3550 4636 3656 4705 μὴν
3681 4634 3738 4688 δὲ

2155 4722 2295 4777 ἀλλά
2325 4723 2419 4777 καὶ
2449 4724 2477 4775 ὁ
2508 4723 2607 4789 τῆς
2646 4722 2927 4792 θεολογίας
2971 4722 3281 4794 ἐπώνυμος,
3317 4726 3597 4789 Βασίλειός
3630 4743 3685 4779 τε
3711 4730 3740 4781 ὁ

2156 4814 2350 4883 Μέγας
2378 4813 2471 4867 καὶ
2498 4814 2527 4867 ό
2553 4813 3036 4884 δογματικὼτατος
3067 4815 3325 4884 Μάξιμος
3356 4820 3738 4885 συγκροτησά·

2157 4923 2343 4961 τωσαν
2397 4906 2600 4977 τούτῳ,
2632 4905 2717 4975 ἐφ’
2767 4899 2849 4966 οἷς
2904 4907 3107 4978 ἄριστα
3161 4908 3477 4962 ὑποτίθεται
3526 4909 3625 4972 τάς
3679 4910 3738 4962 έν

2156 4998 2338 5066 λέξεσι
2378 5000 2728 5071 παρορᾶσθαι
2762 5000 3056 5071 διαφορὰς,
3085 5003 3323 5070 ὁπηνίκα
3351 5002 3435 5071 εἴη
3474 5004 3614 5056 κατὰ
3640 5003 3740 5073 τὴν

2158 5093 2255 5146 int
2286 5096 2353 5164 τῇ
2405 5094 2586 5164 ἐννοίᾳ
2633 5096 3019 5164 ὁμοφροσύνην
3050 5094 3374 5163 συμϐαίνειν
3410 5095 3538 5159 τοὺς
3580 5094 3739 5147 ἁδελ-

2150 5180 2317 5254 ¹φούς.
2344 5185 2703 5257 Προηγείσθω
2733 5188 2790 5240 δὲ
2818 5189 2913 5239 ἐπὶ
2954 5184 3169 5249 τούτοις
3205 5189 3314 5240 τῶν
3354 5187 3534 5242 ἄλλων
3572 5188 3739 5250 αὐτὸς

2159 5277 2276 5332 6τά
2306 5278 2428 5331 θεία
2467 5276 2636 5340 πολὺς
2664 5276 3005 5341 Ἀθανάσιος.
3045 5272 3214 5339 Οὗτος
3249 5278 3360 5345 γὰρ
3395 5276 3453 5330 ἑν
3491 5276 3570 5348 τῷ
3600 5277 3739 5348 πρὸς

2174 5371 2471 5440 Ἀντιοχεῖς
2509 5370 2685 5441 τόμῳ,
2720 5362 2780 5422 οὗ
2812 5370 2844 5439 ἡ
2894 5369 3060 5438 ἀρχὴ,
3094 5388 3112 5420 ι
3166 5368 3519 5439 Πεπείσμεθα
3564 5368 3621 5421 δὲ
3654 5369 3739 5423 ὅτι

2159 5461 2466 5531 λειτουργοὶ
2490 5459 2670 5525 καλοὶ,
2698 5460 2795 5513 καὶ
2821 5459 3099 5529 οἰκονόμοι
3129 5457 3266 5512 Θεοῦ
3298 5459 3683 5528 τυγχάνοντες,
3714 5478 3732 5512 ι

2161 5553 2304 5610 οὔτω
2332 5555 2496 5625 φησίν
2520 5570 2535 5585 ⁸
2577 5573 2595 5607 ι
2629 5552 2735 5616 Οὓς
2764 5554 2874 5623 γὰρ
2922 5552 3237 5623 ὲμέμφοντό
3281 5569 3447 5617 τινες,
3469 5551 3542 5614 ὡς
3591 5557 3743 5622 τρεῖς

2159 5648 2421 5717 λέγοντας
2455 5648 2786 5709 ὑποστάσεις
2813 5647 2903 5699 διά
2936 5647 2995 5699 τὸ
3021 5646 3304 5716 ἀγράφους
3336 5646 3431 5697 καὶ
3467 5646 3741 5709 ὑπόπτους

2167 5743 2416 5797 ἒντεῦθεν
2456 5740 2599 5795 εἶναι
2648 5744 2748 5803 τὰς
2794 5737 2992 5804 λέξεις,
3044 5738 3306 5808 ἠξιοῦμεν
3361 5736 3529 5808 μηδὲν
3580 5737 3743 5790 πλέον

485 5835 891 5896 confessionem
941 5839 1306 5915 inqui:ei'-.-nt.
1351 5835 1454 5890 Sed
1511 5846 1689 5893 taimn
1735 5836 1799 5888 de
1848 5834 1966 5891 istis
1997 5837 2045 5890 ul

2163 5835 2447 5906 ἐπιζητεῖν
2482 5834 2575 5903 τῆς
2625 5834 2766 5885 κατὰ
2797 5831 3033 5885 Νίκαιαν
3065 5827 3376 5902 ὁμολογίας,
3428 5828 3742 5903 ἀνακρίνειν
