4058 6410
351 440 429 505 29
1467 441 1567 503 DE
1607 440 1905 503 UNIONE
1945 438 2510 505 ECCLESIARUM.
3577 446 3650 510 30

351 559 411 611 δι
439 558 591 627 ὅμως
619 552 845 619 τούτους
874 554 967 609 διὰ
997 553 1095 625 τὴν
1139 552 1501 624 φιλονεικίαν,
1535 554 1612 624 μὴ
1664 554 1774 625 ἄρα
1803 552 1879 615 ὡς
1904 570 1924 606 ο

2057 553 2424 618 pervicaciam
2461 551 2673 607 rixandi
2702 552 2947 637 quarstio/
2965 561 3051 610 est
3079 552 3288 622 habita,
3328 555 3646 630 intermga-

365 647 775 717 ’Δρειομανῖται
804 645 1061 715 λέγουσιν
1099 644 1655 715 ἀπηλλοτριωμένας,
1701 644 1793 696 καὶ
1840 645 1946 697 ἀπ-

349 739 722 807 εξενωμένας,
751 737 1195 808 ἀλλοτριουσίους
1212 755 1272 790 τε
1294 736 1564 807 ἀλλήλων,
1591 737 1682 788 καὶ
1705 737 1945 805 ἑκάστην

345 830 477 885 καθ’
514 831 719 900 ἑαυτὴν
765 830 1068 884 ὑπόστασιν
1102 830 1473 901 διῃρημένην,
1520 828 1596 891 ὡς
1624 830 1742 882 ἔστι
1789 828 1857 881 τά
1882 844 1942 881 τε

342 923 483 979 ἄλλα
522 923 821 992 κτίσματα,
854 923 951 975 καὶ
986 923 1035 974 οἰ
1075 922 1135 986 ὲξ
1181 921 1489 991 ἀνθρώπων
1520 920 1876 990 γεννώμενοι,
1907 919 1938 990 ἢ

342 1014 541 1085 ὥσπερ
579 1014 876 1084 διαφόρους
903 1012 1116 1076 οὐσίας,
1144 1013 1335 1083 ὥσπερ
1376 1015 1492 1066 ἐστὶ
1529 1013 1747 1084 χρυσὸς,
1783 1011 1814 1080 ἥ
1844 1012 1941 1080 ἄρ·

341 1124 541 1177 γυρος,
587 1105 622 1175 ἢ
660 1106 890 1176 χαλκὸς,
936 1104 1080 1159 οὕτω
1130 1107 1222 1160 καὶ
1255 1106 1413 1159 αὐτοὶ
1451 1106 1729 1174 λέγουσιν,
1779 1104 1811 1175 ἢ
1866 1107 1941 1167 ὡς

342 1200 502 1255 ἄλλοι
532 1202 800 1271 αἱρετικοέ
832 1201 980 1269 τρεῖς
1020 1201 1196 1270 ἀρχὰς
1230 1201 1325 1253 καὶ
1360 1201 1511 1268 τρεῖς
1553 1199 1721 1252 Θεοὺς
1752 1196 1943 1263 λέγου-

340 1309 452 1353 σιν,
481 1290 629 1344 οὕτω
663 1292 757 1344 καὶ
780 1284 930 1344 οὗτοι
956 1291 1285 1359 φρονοῦντες
1315 1295 1467 1362 τρεῖς
1496 1290 1828 1351 ὑποστάσεις
1854 1287 1938 1340 λέ·

339 1399 574 1451 γουσιν;
608 1382 718 1437 Καὶ
747 1383 1226 1445 διεϐεϐαιώσαντο,
1270 1385 1409 1455 μήτε
1440 1386 1641 1455 λέγειν,
1675 1389 1812 1457 μήτε
1840 1407 1940 1442 πε·

337 1481 675 1550 φρονηκέναι
726 1480 858 1557 ποτὲ
891 1478 1087 1542 οὕτως.
1141 1481 1508 1557 Ἐρωτὼντωμν
1557 1482 1613 1534 δὲ
1651 1483 1808 1552 ἡμῶν
1839 1483 1935 1536 αύο

335 1572 491 1633 τοὺς,
555 1570 680 1634 Πῶς
738 1556 834 1624 οὖν
895 1572 1071 1624 ταῦτα
1112 1573 1322 1641 λέγετε,
1365 1575 1406 1643 ἢ
1442 1556 1531 1629 διὰ
1586 1576 1640 1629 τί
1687 1577 1744 1630 δὲ
1798 1564 1937 1638 ὅλως

337 1662 618 1726 τοιαύταις
653 1666 861 1734 χρῆσθε
899 1666 1149 1732 λέξεσιν;
1184 1666 1575 1738 ἁπεκρθνιντο,
1614 1669 1715 1723 Διὰ
1759 1670 1821 1722 τὸ
1851 1670 1933 1734 εἰς

346 1757 509 1824 ἁγίαν
549 1758 757 1828 Τριάδα
788 1758 1091 1821 πιστεύειν,
1119 1761 1219 1813 οὑκ
1247 1760 1473 1829 ὀνόματι
1511 1762 1670 1830 μόνον
1703 1763 1931 1830 Τριάδα,

345 1847 464 1899 ἀλλ’
509 1847 724 1916 ἀληθῶς
781 1845 987 1915 οὖσαν,
1042 1851 1137 1903 καὶ
1189 1850 1549 1919 ὑφεστῶσαν,
1604 1850 1827 1919 Πατέρα
1875 1869 1933 1904 τε

337 1939 555 2009 ἀληθῶς
586 1939 718 1994 ὄντα
758 1945 854 1995 καὶ
901 1943 1211 2011 ὑφεστῶτα,
1247 1943 1342 1995 καὶ
1376 1942 1501 1995 Υἰὸν
1538 1941 1756 2011 ἀληθῶς
1785 1943 1936 1996 ὲνούς

335 2048 454 2085 σιον
480 2033 611 2086 ὄντα
642 2034 738 2087 καὶ
770 2033 1085 2101 ὑφεστῶτα.
1111 2034 1207 2088 καὶ
1241 2034 1466 2103 Πνεῦμα
1507 2032 1662 2101 ἅγιον
1698 2036 1936 2104 ὑφεστη-

332 2124 429 2187 κός
454 2126 549 2176 καὶ
572 2123 820 2195 ὑπάρχον
845 2139 860 2153 ’
901 2126 1040 2194 μήτε
1062 2125 1121 2179 δὲ
1166 2124 1452 2195 εἰρηκέναι
1486 2127 1636 2195 τρεῖς
1672 2127 1861 2191 Θεοὺς,
1895 2127 1928 2197 ἢ

330 2216 511 2287 ἀρχάς
533 2232 550 2246 ⁸
590 2217 731 2285 μήτε
761 2217 901 2279 ὅλως
940 2216 1232 2287 ἀνέχεσθαι
1261 2217 1369 2271 τῶν
1409 2218 1567 2271 τοῦτο
1597 2218 1869 2284 λεγόντων
1896 2217 1931 2288 ἢ

333 2309 712 2378 φρονούντων,
764 2307 883 2359 ἀλλ’
932 2307 1129 2361 εἰδέναι
1179 2308 1342 2375 ἁγίαν
1382 2306 1482 2377 μὲν
1518 2308 1749 2377 Τριὸδα,
1802 2309 1932 2376 μίαν

322 2402 384 2455 δὲ.
416 2400 686 2470 Θεότητα,
718 2399 813 2453 καί
841 2400 973 2471 μίαν
1000 2400 1175 2471 ἀρχήν
1199 2415 1213 2431 ’
1241 2402 1335 2454 καὶ
1365 2400 1495 2453 Υἰδν
1524 2401 1620 2469 μὲν
1644 2398 1931 2468 όμοούσιον

320 2495 407 2563 τῷ
438 2493 644 2564 Πατρὶ.
669 2493 745 2555 ὡς
769 2488 923 2546 εἷπον
952 2492 1277 2562 οἰιηατέρες
1298 2508 1312 2522 ·
1340 2492 1401 2545 τὸ
1422 2492 1477 2545 δὲ
1512 2494 1668 2559 ἆγιον
1704 2491 1933 2559 Πνεῦμα

321 2589 388 2641 ού
424 2588 659 2657 κτίσμα,
694 2586 814 2640 οὑδὲ
843 2586 1017 2651 ξένον,
1056 2586 1175 2639 ἀλλ’
1204 2586 1337 2640 ίδεον
1368 2587 1464 2640 καὶ
1495 2586 1802 2656 ἀδιαίρετον
1832 2583 1931 2652 τῆς

323 2679 522 2742 οὐσίας
555 2678 651 2732 τοῦ
694 2678 828 2732 Υἰοῦ
867 2678 965 2731 καὶ
1008 2678 1103 2733 τοῦ
1132 2678 1367 2749 Πατρός.
1427 2675 1848 2745 Ἀποδεξάμενοι
1872 2674 1931 2728 δὲ

319 2768 537 2824 τούτων
580 2769 681 2840 τὴν
726 2770 1025 2842 ἑρμηνείαν
1063 2770 1176 2823 τῶν
1217 2770 1438 2837 λέξεων,
1476 2769 1571 2823 καὶ
1599 2767 1698 2839 τὴν
1726 2767 1931 2820 ἀπολο-

322 2861 483 2930 γίαν,
520 2862 892 2932 ἀνεκρίναμεν
932 2863 1060 2926 τοὺς
1090 2861 1442 2925 αἰτιαθέντας
1490 2861 1643 2931 παρὰ
1696 2858 1928 2921 τούτων,

323 2953 405 3017 ὡς
432 2955 696 3021 λέγοντας
747 2956 879 3026 μίαν
909 2955 1232 3018 ὑπόστασιν,
1264 2956 1339 3026 μὴ
1383 2957 1492 3026 ἄρα
1523 2954 1598 3018 ὡς
1636 2953 1929 3015 Σαδέλλιος

325 3048 543 3116 φρονεῖ,
586 3046 733 3114 οὕτω
776 3047 873 3101 καὶ
907 3043 1053 3102 οὗτοι
1093 3048 1347 3114 λέγουσιν
1374 3049 1468 3101 ἐπὶ
1516 3046 1799 3116 ἀναιρέσει
1833 3045 1928 3099 τοῦ

321 3136 486 3202 Υἰοῦ,
522 3141 618 3191 καὶ
648 3139 743 3191 τοῦ
784 3139 944 3207 ἁγίου
979 3138 1320 3210 Πιεύματος,
1355 3137 1389 3210 ἦ
1429 3138 1505 3202 ὡς
1548 3139 1803 3192 ἁνουσίου
1835 3140 1928 3193 όν-

2056 644 2207 711 tique
2254 652 2403 709 sunt,
2442 661 2572 699 num
2630 661 2696 701 e't
2734 646 3069 701 Arianorum
3122 649 3397 702 sententia
3437 651 3645 705 alienas

2054 738 2496 807 peregrinosque,
2531 754 2593 792 ac
2623 738 2855 793 diversae
2885 754 2913 792 a
2948 754 3006 793 se
3037 740 3272 795 invicem
3314 744 3644 800 substantia

2052 846 2321 900 personas
2356 845 2480 884 esse
2511 830 2703 896 velint,
2733 842 2787 883 et
2820 848 3267 902 unamquamque
3293 834 3639 907 bypnstasitn

2051 940 2147 993 per
2177 940 2234 979 se
2268 942 2331 978 ac
2359 926 2586 977 scorsim
2622 925 2850 978 divisam
2883 942 3007 980 esse
3042 942 3142 992 pro
3172 929 3383 981 ratione
3410 939 3638 982 canet-a-

2051 1031 2172 1069 rum
2213 1027 2616 1078 creaturarum,
2670 1033 2996 1087 eorumque,
3047 1019 3140 1087 qui
3192 1036 3255 1071 ex
3323 1020 3644 1074 hominibus

2049 1118 2379 1171 nascuntur,
2408 1111 2761 1164 existiment:
2806 1125 2874 1163 an
2931 1111 3023 1163 hic
3049 1111 3357 1181 intelligant
3390 1112 3644 1166 diversas

2060 1218 2167 1267 res,
2216 1203 2378 1271 quale
2427 1213 2511 1257 est
2560 1200 2778 1269 aurum,
2808 1211 3115 1270 argentum,
3167 1218 3282 1266 aes;
3324 1219 3415 1266 an,
3460 1213 3517 1258 ut
3549 1206 3643 1259 alii

2048 1294 2319 1359 ltmretici,
2372 1294 2476 1349 sub
2528 1295 2650 1349 istis
2686 1295 2913 1348 vocibus
2950 1294 3052 1348 tria
3108 1296 3379 1363 principia
3429 1307 3483 1350 et
3525 1306 3642 1350 tres

2048 1386 2182 1440 deos
2226 1389 2586 1441 constituant.
2625 1386 2895 1442 Cancrum
2943 1387 3024 1439 illi
3080 1386 3433 1459 afﬁrmabant
3468 1404 3528 1443 se
3561 1389 3635 1444 ita

2038 1468 2148 1534 inec
2217 1478 2443 1543 dixisse,
2521 1495 2616 1534 uec
2682 1482 2939 1533 sensisse.
3003 1478 3459 1535 Perenntautibus
3547 1498 3645 1534 au-

2046 1576 2154 1625 tem
2206 1572 2387 1635 nobis,
2435 1588 2541 1639 qua
2598 1572 2812 1625 ratione
2847 1571 3063 1625 tandem
3101 1572 3202 1626 ista
3239 1571 3511 1637 dicereut,
3547 1584 3643 1626 aut

2046 1679 2147 1718 cur
2177 1666 2401 1717 omnino
2428 1664 2734 1719 istiusmodi
2765 1664 3048 1718 vocabulis
3075 1674 3377 1729 uterentur,
3404 1681 3639 1732 respon-

2045 1772 2167 1809 sum
2198 1757 2469 1810 dederunt
2519 1773 2639 1810 sese
2669 1758 2720 1810 iu
2757 1757 3078 1811 Trinitatem
3113 1758 3359 1817 credere,
3388 1774 3494 1811 non
3517 1774 3639 1827 qua:

2047 1849 2270 1902 nomine
2296 1858 2456 1902 tenus
2488 1836 2750 1912 Trinitas,
2782 1849 2877 1903 sed
2898 1864 3018 1919 qua:
3048 1864 3174 1901 vere
3202 1847 3448 1903 Trinitas
3495 1861 3640 1905 esset

2039 1952 2092 1995 et
2138 1943 2465 1997 subsisteret
2496 1932 2533 1996 ε⁴
2566 1953 2619 1996 et
2670 1942 2909 2022 Patrem,
2960 1952 3018 1997 ιιι
3058 1943 3149 2012 qui
3200 1959 3325 1998 vere
3359 1954 3507 1999 esset
3584 1953 3641 1999 et

2039 2033 2408 2097 subsisteret:
2448 2044 2501 2087 et
2543 2032 2740 2087 Filium
2780 2042 2838 2086 ιιι
2874 2033 3287 2087 iuexsistentcm
3355 2042 3404 2088 et
3456 2035 3644 2088 subsi-

2039 2134 2296 2187 stentem,
2326 2132 2382 2178 et
2425 2122 2689 2192 Spiritum
2727 2135 2981 2177 sanctum
3036 2133 3096 2178 ut
3131 2124 3530 2178 subsistentem
3581 2135 3638 2176 et

2038 2215 2391 2270 exsistentem
2425 2230 2723 2286 agnoscere
2768 2233 2781 2269 :
2815 2232 2923 2269 non
2962 2226 3143 2269 tamen
3178 2231 3236 2271 se
3285 2217 3494 2271 dixisse
3526 2225 3639 2270 tres

2036 2308 2170 2362 deos
2206 2316 2302 2361 aut
2351 2308 2454 2361 tria
2490 2307 2787 2377 principia.
2835 2309 2948 2362 imo
2980 2322 3081 2361 nec
3124 2308 3456 2362 toleraturos
3500 2309 3629 2378 qui-

2036 2399 2184 2463 dem,
2224 2398 2268 2453 si
2303 2401 2426 2469 quis
2468 2400 2573 2453 tale
2605 2400 2888 2468 quidpiam
2939 2408 3035 2453 aut
3065 2401 3234 2466 dicat,
3271 2412 3364 2455 aut
3388 2402 3589 2456 sentiat
3618 2418 3633 2455 :

2037 2491 2130 2546 sed
2162 2490 2327 2553 seire,
2363 2506 2490 2545 esse
2518 2501 2763 2545 sanetam
2800 2490 3152 2554 Trinitatem,
3203 2502 3264 2545 ut
3308 2503 3487 2547 tamen
3520 2509 3629 2547 una

2033 2585 2107 2640 sit
2136 2583 2315 2637 Deitas
2346 2594 2399 2638 et
2430 2599 2596 2636 unum
2635 2586 2985 2653 principium,
3034 2594 3087 2637 et
3119 2582 3318 2639 Filium
3353 2601 3413 2641 se
3459 2601 3633 2656 agno—

2035 2692 2193 2733 srere
2237 2693 2360 2732 esse
2414 2679 2836 2731 coessentialem
2875 2692 2977 2732 suo
3040 2677 3210 2743 Patri,
3262 2689 3321 2733 ut
3362 2680 3626 2734 dixerunt

2035 2769 2226 2826 Patres
2253 2789 2265 2822 :
2292 2779 2347 2825 et
2372 2769 2637 2839 Spiritum
2666 2778 2916 2824 sanctum
2947 2786 3054 2824 non
3089 2780 3425 2835 creaturam.
3452 2789 3631 2842 neque

2035 2863 2300 2926 alienum,
2339 2863 2432 2917 sed
2469 2863 2750 2932 proprium
2783 2871 2837 2916 et
2875 2862 3307 2934 iudisgrrgatum
3344 2866 3411 2918 ab
3436 2880 3629 2921 essen-

2036 2956 2108 3009 tia
2156 2954 2336 3010 Patris
2387 2969 2439 3009 et
2479 2954 2622 3008 Filii.
2662 2955 2979 3024 Approliata
3028 2956 3196 3026 igitur
3229 2957 3538 3011 istiusmodi
3569 2966 3623 3013 et

2035 3046 2493 3117 interpretatione
2537 3056 2592 3101 et
2618 3046 2999 3109 excusatione.
3049 3047 3289 3102 vicissim
3320 3064 3540 3118 quoque
3568 3056 3624 3103 et

2029 3154 2125 3194 eos
2172 3139 2627 3201 examinavimus,
2677 3139 2768 3209 qui
2814 3138 2883 3193 ab
2918 3140 3036 3195 istis
3085 3139 3137 3193 in
3174 3138 3411 3209 {culpam
3452 3141 3623 3194 devo-

323 3248 422 3294 τος
448 3231 544 3285 τοῦ
568 3230 725 3298 Υίοῦ,
754 3231 788 3303 ἢ
831 3232 1212 3286 ἀνυποστάτου
1241 3230 1338 3286 τοῦ
1370 3229 1529 3297 ἁγίου
1578 3230 1922 3301 Πνεύματος.

2031 3232 2317 3295 cabantur,
2350 3232 2507 3302 quasi
2540 3231 2635 3302 qui
2671 3232 2941 3297 dicereut,
2982 3247 3102 3285 esse
3135 3248 3299 3286 unam
3356 3233 3623 3303 byposta-

323 3323 393 3375 OE
424 3322 480 3377 δὲ
510 3323 606 3377 καὶ
638 3324 795 3377 αὑτοὶ
834 3323 1290 3378 διεϐεϐαιὼσαντο
1324 3323 1462 3396 μήτε
1518 3322 1676 3376 τοῦτο
1718 3322 1922 3389 λέγειν,

325 3417 467 3487 μήτε
506 3416 655 3469 οὑτω
685 3416 1095 3488 πεφρονηκέναι
1138 3415 1384 3470 πώποτε.
1432 3414 1576 3469 Ἀλλ’
1623 3416 1924 3469 ὑπόστασιν

325 3507 460 3575 μίαν
508 3506 764 3576 λέγομεν,
812 3506 1110 3576 ἡγούμενοι
1155 3507 1355 3560 ταὺτδν
1401 3502 1542 3560 εἰναι
1584 3509 1762 3560 εἰπεῖν
1793 3507 1927 3560 ὑπό-

325 3615 524 3653 στασιν
557 3603 653 3652 καὶ
701 3599 932 3652 οὑσίαν·
979 3598 1111 3670 μίαν
1150 3599 1206 3654 δὲ
1248 3599 1579 3671 φρονοῦμεν,
1628 3600 1717 3653 διὰ
1763 3601 1826 3653 τὸ
1855 3603 1920 3655 ἐκ

318 3690 423 3761 τῆς
455 3690 648 3753 οὐσίας
680 3689 776 3743 τοῦ
820 3691 1038 3761 Πατρός
1079 3686 1221 3745 εἶναι
1251 3692 1344 3744 τὸν
1382 3691 1533 3755 Υίὸν,
1574 3693 1670 3744 καὶ
1702 3691 1791 3744 διὰ
1819 3692 1920 3762 τὴν

316 3784 631 3854 ταυτότητα
661 3783 763 3853 τῆς
794 3784 1034 3851 φύσεως.
1062 3781 1213 3838 Μίαν
1246 3784 1355 3853 γὰρ
1391 3784 1640 3854 Θεότητα,
1668 3785 1763 3835 καὶ
1792 3783 1921 3850 μίαν

317 3869 465 3928 εἰναι
496 3873 599 3941 τὴν
635 3875 844 3945 ταύτης
877 3874 1043 3944 φύσιν
1090 3874 1445 3943 πιστεύομεν,
1482 3877 1576 3926 καὶ
1609 3877 1710 3929 οὑκ
1753 3869 1921 3945 ἄλλην

322 3965 429 4034 μὲν
454 3968 557 4036 τὴν
605 3966 702 4020 τοῦ
730 3968 969 4038 Πατρὸς,
1004 3967 1163 4040 ξένην
1206 3968 1263 4023 δὲ
1293 3968 1486 4022 τούτου
1521 3968 1623 4039 τὴν
1665 3968 1757 4029 τοῦ
1790 3969 1919 4022 Υἱοῦ

318 4060 420 4113 καὶ
450 4059 554 4132 τὴν
581 4058 679 4112 τοῦ
718 4060 878 4125 ἁγίου
911 4060 1257 4129 Πνεύματος.
1300 4059 1519 4129 Ἀμέλει
1550 4062 1714 4114 κάκεῖ
1748 4065 1796 4115 οἰ
1828 4063 1918 4114 αί-

316 4152 631 4215 τιαθέντες.
656 4152 732 4214 ὡς
755 4154 1042 4224 εἰρηκότες
1058 4155 1206 4224 τρεῖς
1228 4153 1559 4216 ὑποστάσεις
1576 4154 1918 4208 συνετίοεντο

314 4245 558 4306 τούτοις.
592 4246 702 4298 Καὶ
731 4244 891 4297 αὑτοὶ
918 4245 975 4297 δὲ
1014 4246 1065 4298 οἰ
1099 4244 1385 4314 εἰρηκότες
1437 4246 1565 4315 μίαν
1598 4247 1915 4309 ὑπόστασιν,

310 4338 382 4391 τὰ
440 4338 668 4390 ἐκείνων
717 4336 909 4403 ὥσπερ
965 4339 1321 4407 ήρμήνευσαν
1378 4338 1471 4407 καὶ
1528 4337 1910 4406 ὡμολόγουν.»

313 4424 430 4476 Καὶ
461 4422 773 4492 προϐαίνων
800 4423 924 4493 μεθ’
968 4406 1134 4495 ἔτερα
1159 4439 1172 4454 °
1209 4444 1229 4478 ε
1255 4406 1481 4479 Τούτων
1521 4428 1700 4481 τοίνυν
1745 4427 1918 4491 οὑτως

312 4514 792 4584 ὁμολογηθέντων,
839 4516 1272 4585 παρακαλοῦμεν
1307 4518 1478 4587 ὑμᾶς,
1515 4521 1642 4582 τοὺς
1692 4520 1791 4588 μὲν
1821 4520 1916 4573 οὑ-

306 4622 428 4669 τως
486 4605 914 4676 ὁμολογοῦντας,
970 4609 1067 4661 καὶ
1115 4608 1580 4679 διερμηνεύοντας
1626 4609 1768 4664 οὕτω
1814 4611 1914 4675 τὰς

306 4695 517 4762 λέξεις,
552 4695 620 4759 ἃς
650 4694 896 4764 λέγουσι,
935 4696 1012 4767 μὴ
1041 4701 1427 4769 κατακρίνετε,
1454 4701 1592 4770 μηδὲ
1623 4702 1914 4772 προπετῶς

307 4785 682 4852 ἀποϐάλλετε,
728 4784 868 4840 ἀλλὰ
905 4786 1110 4855 μᾶλλον
1150 4789 1536 4860 εἰρηνεύοντας
1565 4793 1660 4847 καὶ
1710 4792 1915 4847 ἀπολο-

306 4883 621 4953 γουμένους
656 4882 1171 4955 προσλαμϐάνεσθε,
1205 4889 1331 4953 τοὺς
1357 4889 1416 4943 δὲ
1449 4890 1525 4962 μὴ
1549 4890 1915 4962 βουλομένους

306 4974 493 5037 οὕτως
533 4974 842 5043 ὁμολογεῖν,
878 4978 974 5030 καὶ
1006 4976 1391 5050 δ.ερμηνεύειν
1417 4982 1516 5044 τὰς
1561 4981 1760 5051 λέξεις,
1790 4985 1916 5037 τού-

306 5084 442 5131 τους
471 5066 717 5121 κωλύετε
747 5070 841 5122 καὶ
872 5070 1191 5139 ἑντρέπετε,
1241 5072 1317 5135 ὡς
1371 5073 1647 5137 ὑπόπτους
1676 5075 1755 5145 τῷ
1783 5094 1916 5143 φρο-

306 5160 545 5231 νήματι.
598 5156 817 5215 Τόύτων
870 5160 931 5215 δὲ
978 5161 1054 5232 μὴ
1103 5162 1449 5234 ἀνεχόμενοι,
1511 5165 1910 5235 συμϐουλεύετε

308 5251 408 5304 καὶ
444 5250 683 5312 ἐκείνοις
734 5254 849 5313 τοῖς
901 5252 1078 5323 ὀρθῶς
1125 5255 1498 5326 ἐρμηνεύουσί
1547 5260 1607 5311 τε
1651 5260 1746 5310 καὶ
1774 5275 1908 5329 φροι-

308 5340 497 5405 νοῦσι,
532 5341 703 5412 μηδεν
731 5342 897 5396 πλέον
926 5343 1191 5414 ἀλλήλους
1220 5346 1558 5418 ἀνακρί-.ειν,
1588 5350 1722 5419 μηδὲ
1750 5349 1906 5418 λογο·

309 5436 517 5506 μαχεῖν
567 5436 655 5488 ἐπ’
701 5436 856 5489 οὐδὲν
907 5438 1207 5509 χρήσιμον,
1262 5441 1400 5510 μήτε
1455 5442 1577 5504 ταῖς
1629 5441 1908 5506 τοιαύταις

304 5527 499 5593 λέξεσι
550 5526 938 5599 διαμάχεσθαι.
979 5529 1117 5583 ἀλλὰ
1158 5528 1237 5602 τῷ
1267 5532 1578 5603 φρονήματι
1609 5533 1708 5603 τῆς
1748 5534 1909 5589 εὐσε-

307 5619 467 5682 ϐείας
520 5622 854 5688 συμφωνεῖν.
903 5621 968 5675 Ol
1019 5622 1127 5693 γὰρ
1173 5624 1248 5691 μὴ
1292 5622 1468 5687 οὕτως
1506 5607 1902 5696 διανοούμενοι,

308 5710 458 5764 ἀλλὰ
489 5712 649 5780 μόνον
673 5712 770 5764 ἐπὶ
801 5714 913 5777 τοῖς
943 5714 1207 5778 τοιούτοις
1233 5714 1515 5781 λεξειδίοις
1540 5716 1902 5785 φιλονεικοῦν-

307 5820 431 5867 τες,
473 5803 570 5856 καὶ
600 5804 751 5875 παρά
781 5802 854 5857 τὰ
906 5806 967 5857 ἐν
1004 5804 1213 5877 Νικαίᾳ
1251 5804 1538 5876 γραφέντα
1585 5805 1900 5878 ζητοῦντες,

312 5895 470 5958 οὐδὲν
492 5892 679 5992 ἓτερον
709 5893 996 5963 ποιοῦντες
1038 5898 1200 5965 εἰσιν,
1236 5897 1270 5975 ἢ
1314 5897 1625 5971 ποτίζουσιν
1674 5899 1903 5973 ἀνατρο-

2028 3324 2155 3386 sim,
2197 3322 2548 3378 sciscitantes
2580 3323 2648 3376 ab
2678 3323 2816 3387 illis,
2848 3339 2980 3376 num
3037 3338 3135 3393 pro
3170 3321 3479 3378 Sabelliano
3524 3326 3625 3381 do-

2027 3423 2207 3486 gmate
2236 3428 2298 3468 ea
2329 3422 2511 3468 tuente
2538 3412 2916 3482 loquerentur,
2944 3421 3004 3466 ut
3021 3412 3267 3468 sublatos
3311 3414 3510 3467 vellent
3544 3428 3613 3469 ex

2027 3505 2296 3561 Trinitate
2326 3504 2524 3559 Filium
2554 3514 2609 3559 et
2641 3504 2907 3575 Spiritum
2941 3514 3218 3566 sanctum,
3246 3507 3406 3574 quasi
3436 3503 3616 3561 Filius

2024 3601 2258 3654 essentia
2289 3606 2494 3663 careat,
2532 3605 2626 3652 aut
2655 3597 2892 3668 Spiritus
2926 3608 3149 3653 sanctus
3180 3614 3292 3651 non
3337 3598 3616 3653 subsiste-

2024 3689 2142 3743 ret?
2166 3688 2306 3754 Quin
2339 3698 2392 3742 et
2428 3689 2527 3758 ipsi
2560 3703 2777 3758 quoque
2834 3686 3207 3752 allirmarunt,
3246 3703 3425 3755 neque
3453 3704 3512 3743 se
3540 3689 3615 3743 ita

2026 3781 2271 3835 sensisse
2319 3795 2589 3849 unquam,
2627 3781 2722 3834 sed
2773 3781 3111 3850 liypostasim
3145 3795 3241 3834 eos
3284 3779 3615 3850 intelligere,

2023 3874 2167 3928 idem
2209 3888 2332 3929 esse
2371 3889 2495 3927 cum
2542 3874 2828 3928 essentia:
2864 3890 3027 3927 unam
3062 3883 3247 3961 autem
3309 3875 3434 3929 ideo
3486 3889 3612 3930 sese

2024 3964 2363 4036 ltypostusim
2395 3965 2722 4034 intelligere,
2752 3966 2946 4035 partim
2981 3966 3108 4035 quia
3140 3964 3310 4020 Filius
3331 3982 3394 4020 ex
3421 3982 3612 4024 essen-

2023 4058 2093 4112 tia
2116 4056 2298 4112 Patris
2318 4059 2408 4122 sit,
2432 4058 2625 4128 partim
2653 4058 2778 4127 quin
2806 4074 2860 4113 tn
2880 4058 3054 4113 tribus
3076 4060 3146 4114 sit
3169 4059 3426 4114 identitas
3452 4072 3613 4116 natu-

2023 4168 2094 4206 rae
2120 4170 2136 4220 ;
2166 4167 2332 4205 unam
2356 4151 2500 4206 enim
2526 4167 2646 4205 sese
2671 4151 2932 4206 Deitatem
2952 4161 3004 4206 et
3021 4167 3183 4206 ttnam
3211 4161 3463 4207 naturam
3487 4168 3611 4209 cre-

2023 4244 2174 4308 dere,
2200 4260 2379 4314 neque
2425 4245 2586 4297 aliam
2639 4242 2841 4307 Patris,
2885 4246 3045 4298 aliam
3069 4244 3213 4310 Filii,
3242 4259 3333 4299 aut
3373 4247 3647 4316 Spiritnr

2023 4338 2195 4391 sancti
2246 4351 2368 4389 esse
2402 4345 2677 4389 naturam.
2719 4335 2980 4402 Quinitno
3028 4346 3078 4389 et
3114 4337 3215 4400 illi,
3249 4339 3341 4403 qui
3393 4353 3460 4391 eo
3507 4338 3614 4392 cri-

2021 4426 2171 4479 mine
2217 4426 2479 4495 postulati
2529 4434 2710 4490 erant,
2743 4427 2887 4494 quod
2923 4434 3034 4479 tres
3068 4426 3397 4496 hypostases
3437 4416 3610 4481 indu-

2023 4524 2232 4579 cerent,
2266 4531 2393 4570 cum
2441 4516 2562 4571 istis
2604 4517 2658 4569 in
2696 4517 2943 4571 eamdem
2977 4519 3305 4571 sententiam
3339 4532 3614 4573 convene-

1950 4588 1995 4644 D
2026 4617 2176 4672 runt,
2209 4607 2565 4676 vicissimque
2601 4605 2703 4668 illi,
2752 4607 2844 4675 qui
2895 4621 3057 4660 unam
3092 4606 3426 4677 ltyposmim
3455 4620 3609 4661 asse-

2019 4709 2303 4765 verarant,
2357 4700 2590 4754 istorum
2636 4696 3075 4767 interpretationi
3112 4697 3545 4766 acquieverunt;
3578 4716 3600 4750 ι

2018 4789 2087 4845 Ει
2115 4791 2279 4860 paulo
2321 4789 2505 4845 inl‘ra:
2565 4808 2584 4841 ι
2617 4790 2754 4844 Cum
2807 4790 2977 4857 igitur
3022 4788 3333 4844 istiusmodi
3382 4788 3605 4845 illorum

2018 4884 2185 4941 fuerit
2235 4885 2537 4946 confessio.
2573 4884 2939 4939 adhortantur
2975 4899 3098 4950 vos,
3131 4898 3200 4939 ne
3242 4899 3363 4948 eos,
3391 4884 3484 4954 qui
3529 4885 3604 4940 ita

2016 4978 2371 5036 conﬁtentur.
2427 4976 2700 5045 talemque
2754 4976 3263 5044 interpretationem
3311 4992 3427 5031 suae
3460 4992 3607 5032 con-

2016 5064 2240 5120 fessioni
2273 5067 2713 5130 accommodant,
2738 5080 2836 5118 vos
2881 5076 3083 5121 temere
3098 5065 3486 5130 condemnare,
3512 5076 3607 5122 aut

2014 5159 2245 5226 rejicere
2273 5158 2471 5220 Velitis,
2498 5158 2591 5213 sed
2620 5160 2821 5228 potius,
2855 5159 3090 5214 admissa
3124 5161 3344 5213 illorum
3370 5174 3605 5214 excusa-

2014 5250 2184 5317 tione,
2238 5251 2582 5320 recipiendos
2611 5254 2850 5320 putetis:
2897 5267 2994 5307 eos
3025 5266 3241 5316 contra,
3282 5253 3374 5322 qui
3432 5252 3596 5306 talem

2012 5343 2415 5398 confessionem
2451 5359 2559 5396 nou
2591 5345 2781 5407 etluut,
2814 5360 2992 5411 neque
3024 5344 3115 5397 tali
3149 5343 3603 5411 interpretatioae

2013 5436 2068 5491 iu
2125 5436 2247 5491 istis
2297 5436 2484 5490 verbis
2540 5446 2794 5499 utuntur,
2857 5451 3047 5490 arcere
3111 5449 3204 5489 vos
3240 5436 3503 5491 vellemus
3551 5444 3608 5490 et

2010 5527 2311 5590 adversari,
2366 5536 2424 5582 ut
2462 5537 2734 5597 suspectas
2781 5527 2984 5581 mentis
3026 5525 3597 5581 ltomiues.C:eterum

2013 5635 2139 5675 cum
2213 5620 2336 5674 illos
2396 5619 2712 5674 tolerandos
2755 5634 2881 5672 non.
2920 5616 3240 5679 Censebitis,
3298 5618 3604 5675 consuletis

2014 5712 2144 5779 illis,
2177 5713 2271 5782 qui
2310 5719 2458 5767 recte
2492 5712 2946 5779 interpretantur,
2973 5717 3028 5762 et
3057 5720 3205 5763 recte
3232 5710 3499 5777 sentiunt,
3531 5725 3600 5766 ne

2015 5805 2241 5860 ulterior
2264 5805 2372 5859 ulla
2403 5805 2547 5859 inter
2569 5818 2666 5858 νινε
2689 5804 3019 5857 adhibeatur
3040 5801 3381 5872 disquisitio,
3413 5817 3597 5872 neque

2008 5898 2298 5955 verborum
2326 5897 2524 5970 pugnis
2547 5894 2816 5956 studeatis
2853 5892 2920 5949 ad
2974 5893 3182 5953 nullam
3229 5896 3597 5971 ριοοτειιελιιι-
