4058 6432
404 389 470 453 3i
1459 396 1670 459 IOA-N.
1715 399 1924 459 VECCI
1964 399 2076 459 ΕΡ.
2121 398 2632 458 PATRIARCILE
3595 398 3666 461 32

403 504 640 564 litatem,
671 501 765 556 sed
817 519 1014 560 sensus
1062 507 1538 580 cogitationesque
1583 513 1801 582 pietatis
1831 512 1985 568 exhi-

2098 515 2198 580 πίεν
2229 514 2455 584 θολερὰν
2485 512 2578 566 τοῦ
2608 511 2858 580 πλησίον,
2894 511 2967 576 ώς
2997 511 3322 584 φθονοῦντες
3353 515 3419 588 τῇ
3449 514 3664 588 εἰρήνῃ,

406 595 558 650 bere.
619 593 756 650 Nam
809 599 900 666 qui
930 599 1001 651 ita
1038 600 1213 655 σπαιριὶ
1269 618 1378 656 non
1431 613 1582 670 sunt,
1615 604 1708 658 sed
1745 614 1982 659 tantum-

407 691 571 744 modo
606 705 770 758 super
805 691 1111 747 istiusmodi
1151 695 1360 750 voculis
1413 697 1763 751 contentiose
1797 697 1982 750 rixan-

407 789 522 846 tur,
580 792 634 835 et
685 783 830 837 aliud
870 783 1148 854 quidpiam
1199 796 1563 858 prmterquam
1609 789 1754 857 quod
1795 787 1989 842 Nicaeae

407 873 676 942 scriptum
732 886 836 941 est,
886 879 1200 946 requir-unt,
1258 881 1310 934 hi
1364 879 1608 949 profecto
1657 879 1792 934 nihil
1838 880 1984 933 aliud

408 975 599 1032 agunt,
632 982 796 1035 quam
831 969 976 1036 quati
1015 971 1280 1038 proximis
1309 971 1422 1025 suis
1453 969 1730 1024 turbidam
1761 971 1989 1024 subver-

409 1056 621 1110 sionem
652 1061 946 1128 propinauit
979 1073 1035 1116 ut
1068 1064 1296 1128 inimici,
1330 1074 1384 1120 et
1415 1065 1814 1118 discordiarum
1847 1063 1990 1118 schi-

409 1157 756 1216 smatumque
785 1153 1152 1206 aemulatores.
1190 1171 1209 1204 ι
1238 1153 1390 1206 Item:
1426 1172 1445 1206 ι
1480 1153 1737 1222 Impietas
1769 1151 1986 1222 quidem

409 1239 586 1292 modis
616 1241 876 1295 omnibus
911 1245 1230 1312 abrogatur,
1265 1245 1392 1300 licet
1431 1261 1550 1300 eam
1588 1245 1757 1298 variis
1783 1243 1988 1306 verbis,

407 1338 464 1384 et
492 1331 872 1398 probabilibus
921 1337 1209 1403 argutiolis
1257 1337 1673 1393 circumvestire
1709 1337 1833 1406 quis
1868 1344 1992 1389 ten-

411 1432 504 1477 tet.
541 1423 802 1480 Pietatem
835 1437 1016 1482 autem
1053 1431 1232 1486 colere
1271 1431 1478 1498 justum
1511 1445 1702 1484 omnes
1731 1430 1995 1483 conliten-
2036 1461 2043 1466 -

411 1525 523 1579 tur,
577 1518 680 1572 etsi
726 1522 1036 1588 peregrinis
1085 1522 1414 1591 quibusdam
1469 1523 1696 1575 vocibus
1740 1531 1990 1589 utantur,

409 1606 711 1661 dummodo
743 1611 935 1664 dicens
965 1613 1109 1680 piam
1151 1613 1476 1668 sententiam
1517 1619 1722 1676 teneat,
1754 1614 1991 1683 illisque,

413 1701 556 1768 quod
591 1701 644 1754 in
678 1703 866 1758 animo
896 1705 1078 1768 habet,
1121 1706 1204 1774 pie
1259 1707 1528 1760 enuntiet.
1567 1725 1586 1758 ι
1638 1705 1995 1776 Rursumque

412 1801 533 1861 post
560 1795 698 1847 alia:
734 1815 751 1846 ι
775 1795 982 1866 Itaque,
1008 1797 1050 1851 si
1073 1797 1235 1852 verba
1269 1799 1358 1852 isti
1383 1799 1498 1854 haec
1520 1799 1685 1853 veluti
1707 1799 1994 1868 pertrgrina

2087 603 2183 658 καὶ
2214 603 2536 671 ἀγαπῶντες
2569 602 2636 654 τὰ
2675 603 2970 673 σχίσματα.
3014 619 3032 653 ι
3086 602 3197 656 Καὶ
3245 603 3326 657 ἔτι
3350 621 3365 636 ·
3407 622 3425 658 ι
3459 604 3534 658 Th
3570 607 3668 676 μὲν

2089 697 2306 750 ἀσεϐεῖν
2335 695 2614 757 παντελῶς
2643 694 2972 752 κεκώλυται.
3013 700 3120 748 κᾶν
3154 697 3420 759 ποικίλοις
3456 698 3670 768 ῥήμασι

2086 790 2184 850 καὶ
2230 788 2477 850 πιθανοῖς
2532 787 2828 857 σοφίσμασι
2875 787 3226 858 περιϐάλλειν
3255 788 3388 844 αὐτό
3433 806 3518 851 τις
3551 792 3672 846 επι-

2086 880 2244 948 χειρῇ
2276 893 2289 906 ·
2331 877 2390 930 τὸ
2419 876 2473 930 δὲ
2514 877 2760 930 εὐσεϐεῖν
2795 879 2942 931 ὅσιον
2978 877 3133 949 παρά
3173 879 3340 932 πᾶσιν
3387 878 3672 950 ὡμολόγηο

2086 985 2197 1028 ται,
2227 966 2330 1021 κᾶν
2363 966 2698 1032 ξενιςούσαις
2723 967 2901 1032 λέξεσι
2932 985 3039 1020 τισι
3065 969 3352 1040 χρήσεται,
3375 969 3480 1029 ἕως
3512 969 3672 1037 μόνον

2087 1063 2118 1112 ὁ
2152 1059 2327 1128 λέγων
2357 1059 2579 1122 εὐσεϐὲς
2609 1060 2721 1130 ἔχει
2765 1060 2823 1113 τὺ
2860 1062 3116 1130 φρόνημα
3164 1061 3260 1115 καὶ
3287 1061 3355 1114 δι’
3404 1062 3610 1118 αὐτῶν.
3643 1060 3672 1112 ὃ

2089 1153 2370 1221 νενόηκεν,
2401 1151 2642 1214 εὐσεϐῶς
2670 1152 2918 1221 βούλεται
2954 1151 3261 1222 σημαίνειν.
3301 1170 3320 1204 ι
3368 1153 3478 1205 Καὶ
3517 1151 3675 1215 αὖθις

2094 1243 2214 1312 μεθ’
2246 1244 2445 1314 ἕτερα·
2486 1263 2505 1296 ι
2544 1243 2753 1296 Οὐκοῦν
2784 1246 2832 1296 εί
2860 1243 2928 1296 τὰ
2970 1245 3194 1313 ῥήματα
3223 1243 3396 1296 ταῦτα
3438 1242 3512 1306 ώς
3546 1243 3675 1307 ξένα

2091 1333 2523 1404 προφασίζονται
2550 1329 2718 1394 οὗτοι,
2743 1334 3116 1405 φρονείτωσαν
3148 1334 3247 1405 τὴν
3271 1333 3530 1392 διάνοιαν,
3556 1333 3678 1385 καθ’

2089 1427 2156 1494 ἣν
2184 1428 2216 1495 ἡ
2254 1425 2466 1488 σύνοδος
2501 1424 2675 1489 οὕτως
2706 1424 2974 1493 ἔγραψενο
3007 1425 3153 1488 "Ott,
3183 1425 3230 1475 εἰ
3263 1423 3358 1476 καὶ
3391 1423 3467 1493 μὴ
3505 1421 3679 1486 οὕτως

2092 1520 2150 1570 ἐν
2174 1521 2292 1580 ταῖς
2325 1518 2568 1588 Γραφαῖς
2596 1519 2733 1569 εἰσιν
2758 1517 2814 1569 αί
2837 1515 3031 1580 λέξεις,
3057 1516 3216 1583 ἀλλὰ,
3244 1515 3498 1586 καθάπερ
3527 1515 3680 1584 εἴρη-

2092 1627 2182 1664 ται
2209 1610 2499 1678 πρότερον,
2529 1607 2630 1676 τὴν
2674 1609 2737 1660 ἐκ
2774 1609 2885 1660 τῶν
2918 1607 3152 1679 Γραφῶν
3182 1607 3424 1660 διάνοιαν
3475 1607 3678 1676 ἔχουσι,

2095 1701 2187 1754 καὶ
2233 1699 2438 1766 ταύτην
2484 1697 2896 1768 ὲκφωνούμεναι
2932 1699 3262 1768 σημαίνουσι
3305 1701 3417 1760 τοῖς
3466 1696 3680 1768 ἔχουσιν

2096 1793 2180 1853 εἱς
2214 1791 2502 1844 εὐσέϐειαν
2541 1790 2639 1861 τὴν
2675 1790 2844 1858 ἀκοὴν
2873 1789 3194 1860 ὁλόκληρον.
3232 1809 3250 1842 ι

408 1888 750 1959 abjudicant,
795 1903 1018 1948 teneant
1061 1894 1418 1960 sententiam,
1473 1897 1778 1951 secundum
1827 1910 1990 1964 quam
2058 1892 2307 1963 synodus
2345 1890 2419 1943 ita
2471 1887 2710 1957 scripsit,
2781 1886 2929 1957 quod
2958 1879 3112 1943 'licet
3154 1902 3321 1942 voces
3363 1903 3472 1942 non
3521 1887 3594 1942 ita
3629 1887 3680 1942 in

407 1983 704 2050 scriptione
749 1987 1117 2054 reperiantur,
1167 1987 1286 2051 sed,
1339 1996 1396 2041 ut
1435 1997 1594 2043 antea
1639 1989 1846 2042 dictum
1881 1995 1986 2050 est,
2022 1999 2092 2039 ex
2154 1982 2456 2048 scriptione
2533 1981 2860 2035 sententiam
2912 1981 3239 2046 sortiantur,
3284 1997 3517 2053 eamque
3555 1999 3686 2054 pro-

407 2081 676 2157 nuntiata:
707 2082 1022 2150 signiﬁcant
1048 2085 1190 2154 apud
1227 2100 1346 2150 eos,
1379 2087 1470 2157 qui
1499 2085 1689 2156 pietati
1718 2099 1877 2140 aures
1909 2072 2152 2151 integras
2183 2088 2598 2134 ronservarnnt.
2633 2097 2652 2130 ι

477 2151 616 2239 Quis
647 2174 814 2243 igitur
850 2175 1002 2231 hisce
1035 2151 1141 2230 ﬁde
1170 2151 1472 2248 digniorem
1499 2151 1708 2241 valiam,
1742 2187 1839 2233 attt
1867 2178 1981 2232 cla-

2156 2173 2259 2236 Τίς
2287 2173 2466 2226 τοίνυν
2495 2172 2604 2224 τῶν
2621 2171 2882 2226 τοιούτων
2907 2171 3363 2244 ἀξιοπιστοτέραν
3391 2173 3562 2244 ἄλλην
3585 2178 3682 2230 καὶ

407 2266 613 2322 riorem
647 2269 955 2323 doctrinam
987 2280 1216 2340 quaeret,
1255 2287 1366 2326 non
1397 2287 1522 2328 esse
1547 2273 1778 2326 vocibus
1807 2279 1992 2326 atten-

411 2360 674 2426 dendum,
754 2362 1054 2417 dummodo
1109 2364 1358 2419 eamdem
1414 2366 1740 2419 sententiam
1807 2364 1994 2433 expri-

409 2461 580 2516 mant,
615 2453 743 2508 licet
773 2455 1050 2510 sermonis
1076 2456 1461 2512 articulatione
1487 2457 1716 2512 multum
1745 2454 1993 2510 varient?

407 2544 715 2614 ijudicata
786 2549 1070 2602 amborum
1150 2548 1532 2618 professione.
1588 2559 1989 2618 perspectoque

411 2637 657 2692 unanimi
699 2624 1001 2701 consensu,
1046 2640 1318 2694 dictiones
1370 2640 1596 2710 recepit,
1646 2641 1782 2694 nihil
1834 2639 1995 2693 Ιιιιξεί-

411 2739 555 2792 tans,
596 2743 774 2798 neque
807 2729 1197 2793 reformidans,
1225 2739 1280 2785 et
1311 2741 1492 2788 tamen
1526 2733 1993 2800 pronuntiationis

411 2833 546 2872 sono
598 2820 700 2872 sibi
735 2820 1008 2873 adversari
1030 2821 1404 2885 -vidcbantur,
1465 2824 1572 2876 nisi
1606 2823 1722 2892 ipse
1757 2834 1876 2879 cate
1905 2839 1994 2878 sa-

409 2911 731 2980 pienterque
793 2913 1136 2969 examinatas
1197 2914 1534 2970 admisisset.
1593 2914 1710 2969 Non
1748 2927 1852 2980 est,
1895 2916 1990 2980 ait,

409 3005 730 3058 certandum
773 3006 953 3060 verbis
1002 3005 1056 3059 in
1093 3022 1150 3062 re
1199 3021 1310 3061 non
1353 3006 1618 3077 proﬁcua,
1659 3024 1837 3079 neque
1895 3023 1992 3063 vo-

409 3095 553 3152 culis
581 3098 1047 3160 contendendum,
1075 3115 1142 3154 ne
1166 3100 1294 3170 quis
1319 3100 1538 3154 turbida
1581 3105 1866 3157 eversione
1892 3119 1993 3173 po-

411 3198 528 3242 tare
558 3175 871 3258 proximum
905 3191 1179 3258 videatur,
1223 3202 1276 3248 et
1307 3196 1427 3263 paci
1462 3193 1732 3262 invidere,
1761 3205 1816 3250 et
1857 3211 1992 3251 con-

413 3282 561 3335 sulto
598 3282 895 3337 schismata
941 3285 1228 3354 aucupari.
1281 3283 1348 3340 Et
1380 3285 1447 3340 ad
1485 3286 1588 3341 hoc
1616 3287 1835 3356 quidem
1869 3303 1994 3358 per-

411 3373 758 3449 suadendum
809 3375 1163 3430 laudabiliter
1208 3392 1319 3432 non
1357 3379 1565 3434 nemini
1616 3381 1750 3436 satis
1805 3395 1995 3449 super-

413 3483 522 3536 que
563 3467 760 3524 fuisset
802 3468 904 3522 viri
956 3469 1092 3522 tanti
1125 3470 1208 3524 vel
1265 3471 1381 3526 sola
1431 3473 1756 3534 reverentia,
1804 3489 1984 3542 neque

2102 2265 2442 2334 σαφεστέραν
2463 2263 2686 2334 διδαχὴν
2720 2263 3033 2336 ὲκζητήσει,
3067 2265 3144 2330 ὡς
3174 2265 3236 2318 οὐ
3264 2266 3348 2317 δεῖ
3375 2284 3483 2320 τισι
3511 2284 3685 2337 προσ-

2101 2357 2249 2426 έχειν
2299 2359 2527 2424 φωναῖς.
2580 2355 2690 2408 ἔστ’
2740 2353 2806 2409 ἂν
2855 2358 2936 2418 είς
2974 2357 3065 2410 τὸν
3119 2356 3282 2411 αὐτὸν
3340 2357 3683 2428 συμϐαίνωσι

2099 2447 2248 2510 νοῦν,
2271 2449 2321 2500 εἰ
2353 2447 2447 2502 καὶ
2473 2450 2538 2519 τῇ
2565 2448 2658 2501 τοῦ
2683 2448 2844 2518 λόγου
2871 2447 3198 2519 διαρθρώσει
3221 2450 3510 2520 παραπολύ
3539 2449 3686 2504 διαλ-

2097 2541 2382 2606 λάττοιεν;
2453 2540 2780 2610 Ἀνακρίνας
2830 2542 3162 2611 ἀμφοτέρων
3218 2541 3316 2613 τὴν
3367 2542 3680 2610 ὁμολογίαν,

2099 2635 2192 2686 καὶ
2221 2635 2423 2696 συνιεὶς
2455 2632 2514 2686 τὸ
2545 2635 2808 2704 ὁμόφρον,
2838 2635 3169 2700 κατεδέξατο
3205 2633 3303 2701 τὰς
3340 2635 3538 2700 λέξεις,
3577 2652 3683 2706 μη-

2097 2725 2188 2779 δὲν
2219 2726 2520 2792 ἐνδοιάσας,
2553 2725 2688 2796 μηδὲ
2740 2726 3232 2796 ὑποστειλάμενος⁸
3271 2727 3448 2782 καίτοι
3470 2745 3532 2797 γε
3560 2730 3686 2783 ὅσον

2099 2819 2239 2872 κατά
2272 2819 2363 2872 τὸν
2413 2819 2516 2889 τῆς
2571 2821 2856 2890 προφορᾶς
2896 2815 3030 2890 ἦχον
3089 2811 3186 2874 καὶ
3225 2821 3487 2886 ἐναντίως
3537 2822 3686 2892 ἔχειν

2099 2914 2319 2967 ἐδόκουν
2372 2912 2644 2983 ἀλλήλοις,
2700 2912 2856 2983 εἰμὴ
2911 2912 3090 2982 σοφῶς
3143 2915 3305 2976 αὐτὸς
3357 2914 3686 2980 διεξετάζων

2099 3005 2376 3078 προσίετο.
2407 3005 2482 3058 Οὐ
2532 3004 2615 3058 δεῖ
2644 3006 2774 3076 γὰρ,
2827 3007 2980 3075 φησὶ,
3029 3006 3358 3077 λογομαχεῖν
3403 3005 3494 3060 ἐπ’
3531 3007 3685 3061 οὐδὲν

2099 3098 2391 3168 χρήσιμον,
2443 3097 2564 3151 οὐδὲ·⁹
2616 3099 2940 3167 φιλονεικεῖν
2985 3100 3099 3161 τοῖς
3147 3097 3448 3166 λεξειδίοις,
3493 3100 3580 3152 ἵνα
3610 3101 3686 3172 μὴ

2102 3187 2194 3238 καὶ
2229 3184 2457 3255 θολερὰν
2487 3186 2615 3256 δοκῇ
2667 3201 2750 3249 τις
2783 3187 3100 3256 ἀνατροπὴν
3143 3187 3386 3252 ποτίζειν
3415 3189 3505 3241 τὸν
3542 3187 3684 3260 πλη-

2103 3273 2241 3340 σίον,
2272 3275 2368 3328 καὶ
2393 3274 2699 3342 διασςθονεῖν
2727 3279 2792 3346 τῇ
2835 3277 3050 3350 εἰρήνῃ,
3083 3277 3176 3330 καὶ
3209 3278 3590 3349 ἀνθαιρεῖσθαι
3615 3284 3686 3336 τὰ

2105 3367 2402 3437 σχίσματα.
2431 3369 2554 3421 Ὀτι
2585 3367 2641 3422 δὲ
2668 3369 2762 3422 καὶ
2797 3369 2919 3422 λίαν
2951 3371 3257 3434 ὲπαινετῶς
3284 3375 3454 3444 ἑτέρῳ
3488 3373 3587 3443 μὲν
3618 3375 3685 3428 ἂν

2103 3461 2336 3530 ἤρκεσεν
2369 3463 2450 3523 είς
2488 3460 2660 3514 πειθὼ
2707 3459 2769 3514 τὸ
2807 3461 2900 3514 τοῦ
2952 3462 3142 3532 ἀνδρῖς
3175 3465 3270 3517 καλ⁴
3301 3465 3458 3533 μόνον
3486 3465 3687 3518 αἰδέσι-

417 3561 793 3614 testimonium
829 3561 976 3616 aliud
1007 3563 1144 3616 bene
1187 3564 1393 3618 dicenti
1423 3566 1838 3635 superadderet.
1883 3567 1994 3636 Ego

2101 3569 2219 3622 μον,
2255 3553 2347 3606 καὶ
2376 3556 2474 3606 οὐκ
2516 3552 2582 3606 ἂν
2613 3556 2856 3623 προσῆγε
2905 3558 3221 3626 μαρτυρίαν
3268 3559 3469 3626 ἑτέραν
3500 3554 3559 3611 εὖ
3591 3559 3682 3610 λέ-

411 3669 543 3707 vero
591 3656 687 3708 tibi
718 3662 773 3707 et
829 3670 1086 3724 magnum
1138 3657 1281 3711 inter
1331 3657 1614 3729 theologos
1664 3659 1996 3730 Gregorium

410 3760 554 3814 opus
579 3744 683 3798 hoc
714 3747 1038 3800 meonomite
1080 3748 1317 3803 summis
1351 3749 1610 3805 laudibus
1640 3752 1995 3805 extollentem

409 3836 468 3890 in
521 3840 760 3892 medium
807 3839 1098 3906 proferant.
1137 3841 1276 3897 Cum
1315 3841 1462 3896 enim
1505 3843 1611 3899 sibi
1672 3851 1997 3912 argumenta

413 3931 744 4010 laudationis
785 3923 1115 3989 instituisset
1146 3951 1314 4004 supra
1353 3935 1512 4000 alios,
1558 3935 1681 3990 vitae
1713 3949 1908 4005 genus,
1943 3942 1998 3987 et

415 4025 474 4078 in
506 4027 852 4081 sermoni-bus
885 4029 1127 4088 hominis
1169 4033 1336 4096 vires,
1380 4033 1484 4086 hoc
1515 4031 1660 4086 inter
1703 4031 1854 4085 illius
1884 4030 2000 4084 lau-

409 4117 510 4171 des
545 4119 893 4186 pmiSs-imum
924 4133 1358 4190 commemorat;
1403 4127 1668 4196 quod,.ut
1705 4123 1851 4178 illius
1881 4139 2002 4177 ver-

413 4209 499 4262 bis
532 4220 676 4276 utar,
713 4227 732 4260 ι
772 4213 1042 4268 ambabus
1087 4217 1334 4284 partibus
1363 4215 1556 4270 accitis
1601 4214 1795 4268 leniter
1818 4223 1872 4268 et
1907 4215 2000 4268 be-

413 4304 600 4372 riguo,
652 4305 1054 4376 verborumque
1087 4309 1358 4363 sententia
1406 4308 1693 4376 diligenter
1735 4317 1790 4360 et
1834 4321 1998 4360 accu-

409 4401 532 4449 rate
615 4409 903 4466 perpensa,
1008 4407 1370 4468 posteaquam
1420 4398 1722 4453 concordes
1771 4398 1998 4468 reperit,

413 4501 538 4546 nec,
585 4500 851 4555 quantum
901 4490 968 4542 ad
1015 4491 1347 4553 doctrinam,
1384 4490 1496 4544 ullo
1545 4489 1708 4544 modo
1753 4491 1896 4543 inter
1941 4507 2000 4544 se.

415 4579 772 4646 dissidentes,
823 4585 894 4636 ita
947 4561 1224 4652 negotium
1279 4583 1565 4652 transegit,
1613 4592 1672 4636 ut
1712 4583 1996 4638 nominum

414 4689 578 4732 «sum
639 4678 971 4742 concedens,
1040 4678 1208 4732 rebus
1249 4692 1347 4732 eos
1392 4677 1812 4748 constringeret.
1860 4677 1996 4734 Nam

413 4781 540 4818 cum
567 4769 804 4822 essentia
841 4784 973 4830 una,
1019 4769 1216 4838 inquit,
1248 4776 1304 4822 et
1340 4779 1453 4824 tres
1482 4771 1800 4840 hypostases
1830 4787 1862 4826 a
1900 4788 1999 4826 no-

413 4856 500 4910 bis
527 4859 610 4926 pie
646 4861 978 4914 docerentur
1013 4860 1182 4931 (quod
1219 4861 1452 4916 alterum
1489 4861 1800 4938 Divinitatis
1837 4875 1996 4919 natu-

2099 3660 2274 3711 γοντι.
2323 3643 2466 3712 Ἐγὼ
2497 3646 2554 3698 δέ
2586 3663 2667 3699 σοι
2695 3648 2787 3700 καὶ
2818 3647 2910 3699 τὸν
2945 3649 3118 3718 μέγα)
3147 3651 3203 3701 ὲν
3229 3649 3501 3717 θεολόγοις
3541 3651 3685 3720 Γρη-

2097 3735 2282 3805 γόριον
2307 3738 2404 3790 καὶ
2429 3737 2573 3807 μάλα
2594 3737 2945 3800 ὲκθειάξοντα
2971 3739 3032 3792 τὸ
3058 3739 3222 3810 ἔργον
3244 3739 3343 3810 τῆς
3370 3742 3684 3810 οίκονομίας

2098 3830 2430 3900 παρίστημι.
2495 3831 2937 3901 Ἐνστησάμενος
2985 3831 3094 3902 γὰρ
3149 3835 3228 3895 είς
3279 3833 3538 3887 ὑπόθεσιν
3577 3834 3686 3887 τῶν

2098 3923 2392 3992 ἐγκωμίων
2422 3924 2572 3994 αὐτῷ
2597 3923 2656 3976 τό
2678 3940 2736 3976 τε
2769 3925 3166 3994 ὑπερκείμενον
3195 3925 3287 3977 τοῦ
3314 3925 3428 3994 βίου
3463 3926 3558 3979 καὶ
3587 3927 3687 3996 τὴν

2097 4017 2156 4068 ὲν
2185 4013 2364 4082 λόγοις
2397 4015 2492 4068 τοῦ
2516 4016 2708 4085 ἀνδρὸς
2737 4016 2990 4085 δύναμιν,
3025 4015 3186 4072 τοῦτο
3211 4017 3276 4088 δὴ
3303 4018 3362 4069 τὸ
3393 4018 3686 4088 κράτιστον

2101 4113 2335 4163 ποιεῖται
2370 4109 2480 4160 τῶν
2509 4112 2745 4164 ἐπαίνων
2773 4107 2964 4174 αὐτοῦ,
2999 4110 3104 4178 ὅτι,
3142 4110 3264 4162 κατ’
3289 4110 3452 4163 αὐτὴν
3477 4113 3685 4164 ἐκεῖνον

2099 4201 2294 4262 εἰπεῖν,
2329 4219 2346 4250 ι
2373 4200 2892 4272 Προσκαλεσάμενος
2909 4201 3194 4274 ἀμφότερα
3227 4201 3296 4256 τὰ
3321 4203 3464 4272 μέρη
3487 4201 3687 4255 οὑτωσὶ

2101 4295 2294 4365 πράως
2319 4295 2414 4347 καὶ
2449 4296 2874 4365 φιλανθρώπως,
2915 4297 3008 4348 καὶ
3035 4295 3127 4349 τὸν
3153 4294 3280 4348 νοῦν
3315 4295 3426 4349 τῶν
3453 4293 3686 4364 λεγομέ-

2099 4404 2206 4440 νων
2239 4387 2486 4456 ἀκριϐῶς
2521 4389 2804 4453 ἐξετάσας,
2837 4388 3026 4458 ἐπειδὴ
3057 4387 3504 4458 συμφρονοῦντας
3533 4383 3683 4458 εὗρε,

2101 4477 2196 4530 καὶ
2242 4478 2397 4530 οὐδὲν
2429 4477 2726 4540 διεστῶτας
2777 4479 2921 4532 κατά
2969 4478 3272 4546 τὸνλόγον,
3328 4479 3397 4532 τά
3439 4478 3686 4548 ὀνόματα

2101 4569 2492 4640 συγχωρήσας,
2523 4568 2703 4620 συνδεί
2739 4571 2851 4633 τοῖς
2887 4569 3198 4638 πράγμασι.
3232 4568 3342 4639 Τῆς
3387 4567 3496 4640 γὰρ
3529 4570 3682 4639 μιᾶς,

2101 4663 2285 4730 φησὶν,
2319 4661 2508 4722 οὐσίας
2539 4660 2632 4712 καὶ
2655 4657 2763 4712 τῶν
2785 4658 2950 4729 τριῶν
2975 4659 3348 4725 ὐποστάσεων,
3374 4659 3684 4728 λεγομένων

2104 4751 2202 4820 μὲν
2227 4753 2318 4819 ὐφ’
2353 4751 2513 4822 ἡμῶν
2537 4749 2782 4814 εὐσεϐῶς
2836 4749 2919 4819 (τὸ
2948 4750 3047 4822 μὲν
3079 4749 3188 4821 γὰρ
3215 4751 3316 4821 τὴν
3350 4751 3512 4818 φύσιν
3535 4751 3688 4821 δηλοῖ

2099 4847 2199 4914 τῆς
2231 4844 2522 4912 Θεότγ,τος,
2556 4844 2616 4896 τὸ
2649 4843 2705 4896 δὲ
2728 4843 2824 4904 τὰς
2859 4842 2966 4895 τῶν
2993 4843 3162 4911 τριῶν
3195 4843 3510 4913 ἰδιότητας),
3537 4861 3690 4896 νοου-

415 4965 556 5009 ram,
577 4951 822 5012 alterum
848 4928 1396 5019 triumtpersonarutu
1427 4933 1784 5025 proprietates
1814 4957 1994 5011 decla-

2104 4937 2282 5007 ptévwv
2340 4936 2397 4986 δὲ
2446 4937 2538 5010 καὶ
2571 4938 2722 5000 παρὰ
2771 4939 2884 5002 τρῖς
2923 4933 3150 4998 Ἰταλοῖς
3192 4935 3418 5000 ὁμοίως,
3464 4934 3580 4988 ἀλλ’
3619 4935 3684 4986 οὐ

419 5043 552 5108 rel),
583 5053 749 5110 atque
783 5042 976 5096 eodem
1013 5043 1232 5110 quidem
1255 5045 1414 5100 modo
1430 5047 1572 5114 apud
1605 5047 1881 5104 Romanos
1908 5049 1996 5103 itt-

419 5135 815 5203 tclligerentur,
844 5144 1102 5190 calorum
1149 5137 1219 5191 ob
1246 5137 1446 5206 linguae
1480 5139 1623 5194 illius
1657 5142 1990 5210 angustiam,

412 5237 470 5279 et
508 5228 802 5280 verborum
847 5227 1087 5294 inanium
1141 5231 1478 5300 hypostasim
1530 5235 1602 5288 ab
1643 5236 1885 5289 essentia
1917 5235 1994 5288 di-

416 5321 693 5388 stinguere
725 5335 830 5372 nou
857 5331 1100 5389 possent,
1125 5339 1302 5394 eoque
1334 5324 1532 5380 factum
1559 5337 1662 5388 est,
1693 5338 1752 5381 ut
1781 5341 1881 5396 pro
1903 5342 1992 5392 ea,

417 5425 486 5464 ne
520 5419 632 5465 tres
663 5412 1002 5466 substantias
1034 5415 1319 5470 admittere
1364 5418 1698 5481 viderentur,
1734 5433 1995 5486 persona-

421 5517 542 5556 rum
579 5503 906 5565 vocabulum
944 5504 1286 5572 iuducerent,
1315 5509 1447 5578 quid
1472 5508 1690 5563 tandem
1732 5505 1997 5573 contigit?

419 5594 531 5651 Res
586 5595 832 5664 profecto
873 5597 1130 5665 ridicula,
1165 5601 1258 5655 .vel
1293 5603 1475 5670 potius
1525 5601 1858 5656 miserenda.
1889 5599 2000 5664 ,υἰ-

419 5701 592 5745 versae
614 5687 741 5744 ﬁdei
775 5689 1012 5760 speciem
1047 5694 1281 5761 praebuit
1312 5693 1448 5750 levis
1481 5693 1573 5749 illa
1619 5703 1676 5748 et
1701 5692 1886 5762 jejuna
1931 5691 2002 5748 de

420 5794 786 5838 vocumsono
813 5782 1120 5841 altercatio.
1159 5783 1262 5840 Hic
1291 5783 1490 5842 deinde
1553 5795 1607 5841 et
1639 5784 2000 5842 Sabellismus

421 5872 497 5936 νὴ
531 5885 640 5933 tres
668 5890 934 5953 personas
962 5877 1310 5950 exagitatus
1333 5886 1441 5950 est,
1471 5887 1527 5937 et
1557 5878 1904 5936 Arianismus
1927 5879 2000 5935 ob

2101 5028 2414 5098 δυναμένων
2453 5027 2540 5079 διὰ
2571 5027 2869 5096 στενότητα
2905 5027 3004 5098 τῆς
3040 5025 3171 5097 παρ’
3216 5027 3402 5088 αὐτοῖς
3433 5026 3684 5094 γλώττης

2103 5123 2198 5174 καὶ
2249 5120 2532 5186 ὀνομάτων
2587 5119 2782 5172 πενίαν
2833 5117 3029 5172 διελεῖν
3070 5117 3178 5170 ἀπὸ
3225 5116 3326 5186 τῆς
3365 5117 3556 5180 οὐσίας
3589 5117 3687 5188 τὴν

2103 5215 2423 5276 ὑπόστασιν,
2472 5214 2567 5265 καὶ
2597 5213 2684 5265 διὰ
2732 5211 2891 5264 τοῦτο
2928 5211 3364 5276 ἀντεισαγόντων
3414 5211 3482 5264 τὰ
3515 5211 3686 5280 πρόσ-

2102 5325 2248 5370 ωπα,
2288 5308 2378 5360 ἵνα
2423 5306 2498 5376 μὴ
2544 5306 2694 5376 τρεῖς
2738 5304 2928 5366 οὐσίας
2991 5301 3402 5372 παραδεχθῶσι,
3443 5301 3496 5354 τί
3539 5301 3686 5370 γίνε-

2103 5415 2232 5464 nt;
2287 5399 2377 5458 Ὧς
2423 5399 2540 5450 λίαν
2587 5397 2815 5464 γελοῖον,
2864 5394 2897 5464 ἢ
2952 5394 3210 5448 ἐλεεινόν.
3261 5395 3504 5458 Πίστεως
3538 5393 3693 5458 ἔδοξε

2103 5489 2396 5560 διαφοραί]
2442 5491 2570 5559 περὶ
2605 5488 2696 5540 τὸν
2735 5485 2866 5556 ἦχον
2897 5485 3278 5556 σμικρολογῖκ,
3315 5479 3435 5538 εἶτα
3479 5483 3685 5538 Σαϐελ-

2103 5584 2299 5654 λισμὸς
2325 5582 2558 5636 ἐνταῦθα
2592 5579 2862 5650 ἐπενοήθη
2890 5581 3002 5641 τοῖς
3037 5578 3188 5649 τρισὶ
3222 5576 3560 5644 προσώποις,
3591 5577 3685 5630 καὶ

2114 5681 2498 5758 ’Λρειανισμδς
2530 5681 2652 5741 ταῖς
2692 5678 2872 5748 τρισὶν
2900 5677 3254 5736 ὑποστάσεσι,
3295 5675 3365 5728 τὰ
3391 5675 3492 5743 τῆς
3529 5673 3683 5742 φιλο-

2103 5780 2311 5842 νεικίας
2358 5773 2780 5842 ἀναπλάσματα.
2817 5765 2948 5826 Εἶτα
2989 5773 3080 5834 τί;
3117 5767 3554 5840 Προστιθεμένου
3588 5783 3682 5834 μισ

2104 5873 2236 5947 κροῦ
2263 5889 2406 5936 τινος
2431 5870 2516 5925 ἀεὶ
2541 5867 2631 5922 τοῦ
2649 5863 2972 5930 λυποῦντος,
2991 5862 3018 5916 ὃ
3041 5861 3284 5935 λυπηρὸν
3307 5863 3338 5934 ὴ
3376 5861 3677 5932 φιλονεικία
