  <div class='ocr_page' id='page_1' title='image "/cluster/home/n/w/nwhite01/storage/ocr_20150623/141/coo.31924054870468/024.png"; bbox 0 0 4058 6424; ppageno 0'>
   <div class='ocr_carea' id='block_1_1' title="bbox 390 338 3665 437">
    <p class='ocr_par' dir='ltr' id='par_1_1' title="bbox 390 338 3665 437">
     <span class='ocr_line' id='line_1_1' title="bbox 390 338 3665 437; baseline 0.005 -19"><span class='ocrx_word' id='word_1_1' title='bbox 390 374 462 437; x_wconf 76' lang='lat'><strong>33</strong></span> <span class='ocrx_word' id='word_1_2' title='bbox 592 338 599 343; x_wconf 85' lang='grc'><em>’</em></span> <span class='ocrx_word' id='word_1_3' title='bbox 1501 367 1601 427; x_wconf 83' lang='lat' dir='ltr'><strong>DE</strong></span> <span class='ocrx_word' id='word_1_4' title='bbox 1645 365 1939 427; x_wconf 74' lang='lat' dir='ltr'><strong>UNlONE</strong></span> <span class='ocrx_word' id='word_1_5' title='bbox 1973 363 2536 428; x_wconf 58' lang='lat' dir='ltr'><strong>&#39;ECCLESIARUM.</strong></span> <span class='ocrx_word' id='word_1_6' title='bbox 3592 376 3665 436; x_wconf 70' lang='lat' dir='ltr'><strong>at</strong></span> 
     </span>
    </p>
   </div>
   <div class='ocr_carea' id='block_1_2' title="bbox 399 486 1988 562">
    <p class='ocr_par' dir='ltr' id='par_1_2' title="bbox 399 486 1988 561">
     <span class='ocr_line' id='line_1_2' title="bbox 399 486 1988 561; baseline -0.004 -16"><span class='ocrx_word' id='word_1_7' title='bbox 399 494 602 553; x_wconf 76' lang='grc' dir='ltr'>ἰποίει,</span> <span class='ocrx_word' id='word_1_8' title='bbox 641 488 942 544; x_wconf 79' lang='grc' dir='ltr'><strong>κινδυνεύει</strong></span> <span class='ocrx_word' id='word_1_9' title='bbox 1002 490 1488 561; x_wconf 77' lang='grc' dir='ltr'>συναπορῤαγῆναι</span> <span class='ocrx_word' id='word_1_10' title='bbox 1528 489 1651 550; x_wconf 80' lang='grc' dir='ltr'>ταῖς</span> <span class='ocrx_word' id='word_1_11' title='bbox 1696 486 1988 550; x_wconf 84' lang='grc' dir='ltr'>συλλαϐαῖς</span> 
     </span>
    </p>
   </div>
   <div class='ocr_carea' id='block_1_3' title="bbox 2090 486 3666 562">
    <p class='ocr_par' dir='ltr' id='par_1_3' title="bbox 2094 490 3666 562">
     <span class='ocr_line' id='line_1_3' title="bbox 2094 490 3666 562; baseline 0.002 -21"><span class='ocrx_word' id='word_1_12' title='bbox 2094 496 2203 542; x_wconf 86' lang='lat' dir='ltr'><strong>tres</strong></span> <span class='ocrx_word' id='word_1_13' title='bbox 2251 490 2591 560; x_wconf 82' lang='lat' dir='ltr'><strong>hypostases,</strong></span> <span class='ocrx_word' id='word_1_14' title='bbox 2636 505 2871 561; x_wconf 88' lang='lat' dir='ltr'><strong>quorum</strong></span> <span class='ocrx_word' id='word_1_15' title='bbox 2920 501 3213 561; x_wconf 84' lang='lat' dir='ltr'><strong>utrumque</strong></span> <span class='ocrx_word' id='word_1_16' title='bbox 3247 490 3492 562; x_wconf 80' lang='lat' dir='ltr'><strong>pertinax</strong></span> <span class='ocrx_word' id='word_1_17' title='bbox 3532 507 3666 545; x_wconf 87' lang='lat' dir='ltr'><strong>cou-</strong></span> 
     </span>
    </p>
   </div>
   <div class='ocr_carea' id='block_1_4' title="bbox 396 580 1984 653">
    <p class='ocr_par' dir='ltr' id='par_1_4' title="bbox 396 580 1984 653">
     <span class='ocr_line' id='line_1_4' title="bbox 396 580 1984 653; baseline -0.003 -17"><span class='ocrx_word' id='word_1_18' title='bbox 396 585 495 639; x_wconf 76' lang='grc' dir='ltr'><strong>καὶ</strong></span> <span class='ocrx_word' id='word_1_19' title='bbox 548 584 618 636; x_wconf 73' lang='grc' dir='ltr'>τὰ</span> <span class='ocrx_word' id='word_1_20' title='bbox 669 583 904 653; x_wconf 76' lang='grc' dir='ltr'>πέρατα.</span> <span class='ocrx_word' id='word_1_21' title='bbox 959 583 1145 635; x_wconf 79' lang='grc' dir='ltr'>Ταῦτα</span> <span class='ocrx_word' id='word_1_22' title='bbox 1203 581 1336 652; x_wconf 85' lang='grc' dir='ltr'>γοῦν</span> <span class='ocrx_word' id='word_1_23' title='bbox 1368 582 1511 651; x_wconf 86' lang='grc' dir='ltr'>ὁρῶν</span> <span class='ocrx_word' id='word_1_24' title='bbox 1552 582 1645 635; x_wconf 75' lang='grc' dir='ltr'><strong>καὶ</strong></span> <span class='ocrx_word' id='word_1_25' title='bbox 1692 580 1908 634; x_wconf 84' lang='grc' dir='ltr'>ἁκούων</span> <span class='ocrx_word' id='word_1_26' title='bbox 1957 580 1984 631; x_wconf 85' lang='grc' dir='ltr'>ὁ</span> 
     </span>
    </p>
   </div>
   <div class='ocr_carea' id='block_1_5' title="bbox 401 671 1981 743">
    <p class='ocr_par' dir='ltr' id='par_1_5' title="bbox 401 671 1981 743">
     <span class='ocr_line' id='line_1_5' title="bbox 401 671 1981 743; baseline -0.002 -18"><span class='ocrx_word' id='word_1_27' title='bbox 401 673 677 742; x_wconf 76' lang='grc' dir='ltr'>μακάριος</span> <span class='ocrx_word' id='word_1_28' title='bbox 730 675 965 737; x_wconf 83' lang='grc' dir='ltr'>ἐκεῖνος,</span> <span class='ocrx_word' id='word_1_29' title='bbox 1015 675 1111 726; x_wconf 75' lang='grc' dir='ltr'><strong>καὶ</strong></span> <span class='ocrx_word' id='word_1_30' title='bbox 1160 673 1235 734; x_wconf 84' lang='grc' dir='ltr'>ὡς</span> <span class='ocrx_word' id='word_1_31' title='bbox 1285 673 1499 742; x_wconf 81' lang='grc' dir='ltr'>ἀληθῶς</span> <span class='ocrx_word' id='word_1_32' title='bbox 1554 672 1840 743; x_wconf 75' lang='grc' dir='ltr'>ἄνθρωπος</span> <span class='ocrx_word' id='word_1_33' title='bbox 1889 671 1981 723; x_wconf 81' lang='grc' dir='ltr'>τοῦ</span> 
     </span>
    </p>
   </div>
   <div class='ocr_carea' id='block_1_6' title="bbox 397 756 1980 837">
    <p class='ocr_par' dir='ltr' id='par_1_6' title="bbox 397 756 1980 837">
     <span class='ocr_line' id='line_1_6' title="bbox 397 756 1980 837; baseline -0.002 -20"><span class='ocrx_word' id='word_1_34' title='bbox 397 764 563 829; x_wconf 79' lang='grc' dir='ltr'>Θεοῦ,</span> <span class='ocrx_word' id='word_1_35' title='bbox 598 767 693 819; x_wconf 78' lang='grc' dir='ltr'>καὶ</span> <span class='ocrx_word' id='word_1_36' title='bbox 741 764 916 837; x_wconf 82' lang='grc' dir='ltr'>μέγας</span> <span class='ocrx_word' id='word_1_37' title='bbox 949 769 1058 819; x_wconf 89' lang='grc' dir='ltr'><strong>τῶν</strong></span> <span class='ocrx_word' id='word_1_38' title='bbox 1091 767 1277 836; x_wconf 67' lang='grc' dir='ltr'>ψυχῶν</span> <span class='ocrx_word' id='word_1_39' title='bbox 1325 762 1632 836; x_wconf 72' lang='grc' dir='ltr'>οἵκονόμος,</span> <span class='ocrx_word' id='word_1_40' title='bbox 1685 766 1785 817; x_wconf 83' lang='grc' dir='ltr'><strong>οὐκ</strong></span> <span class='ocrx_word' id='word_1_41' title='bbox 1828 756 1980 835; x_wconf 80' lang='grc' dir='ltr'><strong>ᾠήθη</strong></span> 
     </span>
    </p>
   </div>
   <div class='ocr_carea' id='block_1_7' title="bbox 397 855 1987 928">
    <p class='ocr_par' dir='ltr' id='par_1_7' title="bbox 397 855 1987 928">
     <span class='ocr_line' id='line_1_7' title="bbox 397 855 1987 928; baseline 0.001 -21"><span class='ocrx_word' id='word_1_42' title='bbox 397 856 513 909; x_wconf 78' lang='grc' dir='ltr'>δεῖν</span> <span class='ocrx_word' id='word_1_43' title='bbox 547 859 801 927; x_wconf 84' lang='grc' dir='ltr'>παριδεῖν</span> <span class='ocrx_word' id='word_1_44' title='bbox 829 860 931 928; x_wconf 79' lang='grc' dir='ltr'><strong>τὴν</strong></span> <span class='ocrx_word' id='word_1_45' title='bbox 954 859 1152 913; x_wconf 81' lang='grc' dir='ltr'>ἄτοπον</span> <span class='ocrx_word' id='word_1_46' title='bbox 1176 859 1318 912; x_wconf 78' lang='grc' dir='ltr'>οὕτω</span> <span class='ocrx_word' id='word_1_47' title='bbox 1359 861 1451 913; x_wconf 66' lang='grc' dir='ltr'><strong>καὶ</strong></span> <span class='ocrx_word' id='word_1_48' title='bbox 1487 860 1681 927; x_wconf 83' lang='grc' dir='ltr'>ἄλογον</span> <span class='ocrx_word' id='word_1_49' title='bbox 1708 858 1801 910; x_wconf 78' lang='grc' dir='ltr'>τοῦ</span> <span class='ocrx_word' id='word_1_50' title='bbox 1826 855 1987 925; x_wconf 84' lang='grc' dir='ltr'>λόγου</span> 
     </span>
    </p>
   </div>
   <div class='ocr_carea' id='block_1_8' title="bbox 395 948 1986 1019">
    <p class='ocr_par' dir='ltr' id='par_1_8' title="bbox 395 948 1986 1019">
     <span class='ocr_line' id='line_1_8' title="bbox 395 948 1986 1019; baseline -0.001 -19"><span class='ocrx_word' id='word_1_51' title='bbox 395 948 754 1018; x_wconf 70' lang='grc' dir='ltr'>κατατομήψ</span> <span class='ocrx_word' id='word_1_52' title='bbox 810 950 872 1001; x_wconf 74' lang='grc' dir='ltr'>τὸ</span> <span class='ocrx_word' id='word_1_53' title='bbox 922 950 979 1001; x_wconf 81' lang='grc' dir='ltr'><strong>δὲ</strong></span> <span class='ocrx_word' id='word_1_54' title='bbox 1027 952 1156 1019; x_wconf 79' lang='grc' dir='ltr'>παρ’</span> <span class='ocrx_word' id='word_1_55' title='bbox 1206 950 1401 1003; x_wconf 73' lang='grc' dir='ltr'>ἑαυτοῦ</span> <span class='ocrx_word' id='word_1_56' title='bbox 1444 951 1737 1019; x_wconf 78' lang='grc' dir='ltr'>φάρμακον</span> <span class='ocrx_word' id='word_1_57' title='bbox 1790 949 1986 1014; x_wconf 79' lang='grc' dir='ltr'><strong>ἐπάγει</strong></span> 
     </span>
    </p>
   </div>
   <div class='ocr_carea' id='block_1_9' title="bbox 393 1039 1982 1111">
    <p class='ocr_par' dir='ltr' id='par_1_9' title="bbox 393 1039 1982 1111">
     <span class='ocr_line' id='line_1_9' title="bbox 393 1039 1982 1111; baseline 0.003 -21"><span class='ocrx_word' id='word_1_58' title='bbox 393 1039 476 1109; x_wconf 83' lang='grc' dir='ltr'><strong>τῷ</strong></span> <span class='ocrx_word' id='word_1_59' title='bbox 504 1041 931 1111; x_wconf 73' lang='grc' dir='ltr'>ἀρῤωστήματι.</span> <span class='ocrx_word' id='word_1_60' title='bbox 978 1060 997 1093; x_wconf 76' lang='grc' dir='ltr'>ι</span> <span class='ocrx_word' id='word_1_61' title='bbox 1037 1043 1230 1095; x_wconf 82' lang='grc' dir='ltr'>’Ἔνθεν</span> <span class='ocrx_word' id='word_1_62' title='bbox 1264 1060 1343 1094; x_wconf 81' lang='grc' dir='ltr'><strong>τοι</strong></span> <span class='ocrx_word' id='word_1_63' title='bbox 1381 1043 1473 1095; x_wconf 70' lang='grc' dir='ltr'><strong>καὶ</strong></span> <span class='ocrx_word' id='word_1_64' title='bbox 1517 1041 1689 1094; x_wconf 79' lang='grc' dir='ltr'>ταῦτα</span> <span class='ocrx_word' id='word_1_65' title='bbox 1720 1040 1982 1110; x_wconf 80' lang='grc' dir='ltr'>διαπερὰο</span> 
     </span>
    </p>
   </div>
   <div class='ocr_carea' id='block_1_10' title="bbox 396 1133 1985 1205">
    <p class='ocr_par' dir='ltr' id='par_1_10' title="bbox 396 1133 1985 1205">
     <span class='ocr_line' id='line_1_10' title="bbox 396 1133 1985 1205; baseline 0.002 -22"><span class='ocrx_word' id='word_1_66' title='bbox 396 1149 499 1195; x_wconf 88' lang='grc' dir='ltr'><strong>νας</strong></span> <span class='ocrx_word' id='word_1_67' title='bbox 535 1134 908 1204; x_wconf 69' lang='grc' dir='ltr'>ἑπευφημίζει</span> <span class='ocrx_word' id='word_1_68' title='bbox 936 1137 1050 1199; x_wconf 86' lang='grc' dir='ltr'>τοῖς</span> <span class='ocrx_word' id='word_1_69' title='bbox 1074 1137 1393 1205; x_wconf 71' lang='grc' dir='ltr'><strong>ἐγκωμίοις,</strong></span> <span class='ocrx_word' id='word_1_70' title='bbox 1419 1152 1437 1186; x_wconf 82' lang='grc' dir='ltr'><strong>ι</strong></span> <span class='ocrx_word' id='word_1_71' title='bbox 1469 1136 1643 1187; x_wconf 83' lang='grc' dir='ltr'>Τοῦτο</span> <span class='ocrx_word' id='word_1_72' title='bbox 1672 1134 1759 1204; x_wconf 81' lang='grc' dir='ltr'>δὴ,</span> <span class='ocrx_word' id='word_1_73' title='bbox 1791 1133 1985 1201; x_wconf 80' lang='grc' dir='ltr'>λέγων,</span> 
     </span>
    </p>
   </div>
   <div class='ocr_carea' id='block_1_11' title="bbox 394 1223 1985 1296">
    <p class='ocr_par' dir='ltr' id='par_1_11' title="bbox 394 1223 1985 1296">
     <span class='ocr_line' id='line_1_11' title="bbox 394 1223 1985 1296; baseline 0.002 -21"><span class='ocrx_word' id='word_1_74' title='bbox 394 1223 508 1276; x_wconf 76' lang='grc' dir='ltr'><strong>τῶν</strong></span> <span class='ocrx_word' id='word_1_75' title='bbox 564 1227 794 1296; x_wconf 80' lang='grc' dir='ltr'><strong>μακρῶν</strong></span> <span class='ocrx_word' id='word_1_76' title='bbox 849 1227 1029 1279; x_wconf 83' lang='grc' dir='ltr'>πόνων</span> <span class='ocrx_word' id='word_1_77' title='bbox 1089 1230 1184 1280; x_wconf 68' lang='grc' dir='ltr'><strong>καὶ</strong></span> <span class='ocrx_word' id='word_1_78' title='bbox 1253 1230 1427 1295; x_wconf 82' lang='grc' dir='ltr'>λόγων</span> <span class='ocrx_word' id='word_1_79' title='bbox 1506 1226 1985 1296; x_wconf 81' lang='grc' dir='ltr'>λυσιτελέστερον·</span> 
     </span>
    </p>
   </div>
   <div class='ocr_carea' id='block_1_12' title="bbox 396 1318 1988 1389">
    <p class='ocr_par' dir='ltr' id='par_1_12' title="bbox 396 1318 1988 1389">
     <span class='ocr_line' id='line_1_12' title="bbox 396 1318 1988 1389; baseline 0.001 -20"><span class='ocrx_word' id='word_1_80' title='bbox 396 1320 561 1370; x_wconf 82' lang='grc' dir='ltr'>τοῦτο</span> <span class='ocrx_word' id='word_1_81' title='bbox 593 1318 703 1371; x_wconf 87' lang='grc' dir='ltr'><strong>τῶν</strong></span> <span class='ocrx_word' id='word_1_82' title='bbox 756 1320 1021 1389; x_wconf 80' lang='grc' dir='ltr'><strong>ἀοιδίμων</strong></span> <span class='ocrx_word' id='word_1_83' title='bbox 1056 1320 1282 1389; x_wconf 80' lang='grc' dir='ltr'>ἐξοριῶν</span> <span class='ocrx_word' id='word_1_84' title='bbox 1316 1323 1407 1373; x_wconf 77' lang='grc' dir='ltr'><strong>καὶ</strong></span> <span class='ocrx_word' id='word_1_85' title='bbox 1447 1322 1636 1389; x_wconf 83' lang='grc' dir='ltr'>φυγῶν</span> <span class='ocrx_word' id='word_1_86' title='bbox 1670 1319 1762 1373; x_wconf 80' lang='grc' dir='ltr'>τοῦ</span> <span class='ocrx_word' id='word_1_87' title='bbox 1795 1319 1988 1386; x_wconf 72' lang='grc' dir='ltr'>ἀνδρὸς</span> 
     </span>
    </p>
   </div>
   <div class='ocr_carea' id='block_1_13' title="bbox 400 1411 1989 1482">
    <p class='ocr_par' dir='ltr' id='par_1_13' title="bbox 400 1411 1989 1482">
     <span class='ocr_line' id='line_1_13' title="bbox 400 1411 1989 1482; baseline -0.003 -18"><span class='ocrx_word' id='word_1_88' title='bbox 400 1412 656 1476; x_wconf 76' lang='grc' dir='ltr'><strong>ἐπάξιον·</strong></span> <span class='ocrx_word' id='word_1_89' title='bbox 697 1411 860 1465; x_wconf 81' lang='grc' dir='ltr'>τοῦτο</span> <span class='ocrx_word' id='word_1_90' title='bbox 898 1412 1010 1465; x_wconf 88' lang='grc' dir='ltr'><strong>τῶν</strong></span> <span class='ocrx_word' id='word_1_91' title='bbox 1044 1412 1255 1465; x_wconf 83' lang='grc' dir='ltr'>πολλῶν</span> <span class='ocrx_word' id='word_1_92' title='bbox 1292 1411 1605 1482; x_wconf 65' lang='grc' dir='ltr'>ἀγρυπνιῶν</span> <span class='ocrx_word' id='word_1_93' title='bbox 1647 1411 1742 1463; x_wconf 65' lang='grc' dir='ltr'><strong>καὶ</strong></span> <span class='ocrx_word' id='word_1_94' title='bbox 1779 1426 1989 1479; x_wconf 83' lang='grc' dir='ltr'>χαμευ-</span> 
     </span>
    </p>
   </div>
   <div class='ocr_carea' id='block_1_14' title="bbox 400 1498 1990 1576">
    <p class='ocr_par' dir='ltr' id='par_1_14' title="bbox 400 1498 1990 1576">
     <span class='ocr_line' id='line_1_14' title="bbox 400 1498 1990 1576; baseline 0 -19"><span class='ocrx_word' id='word_1_95' title='bbox 400 1504 534 1558; x_wconf 88' lang='grc' dir='ltr'>νιῶν</span> <span class='ocrx_word' id='word_1_96' title='bbox 567 1507 969 1576; x_wconf 78' lang='grc' dir='ltr'>προτιμότερον</span> <span class='ocrx_word' id='word_1_97' title='bbox 995 1522 1008 1537; x_wconf 74' lang='grc' dir='ltr'><strong><em>ο</em></strong></span> <span class='ocrx_word' id='word_1_98' title='bbox 1040 1498 1114 1559; x_wconf 79' lang='grc' dir='ltr'>ὧν</span> <span class='ocrx_word' id='word_1_99' title='bbox 1151 1506 1311 1575; x_wconf 77' lang='grc' dir='ltr'>μέχρι</span> <span class='ocrx_word' id='word_1_100' title='bbox 1348 1506 1456 1558; x_wconf 82' lang='grc' dir='ltr'><strong>τῶν</strong></span> <span class='ocrx_word' id='word_1_101' title='bbox 1491 1505 1904 1575; x_wconf 75' lang='grc' dir='ltr'>κατορθούντων</span> <span class='ocrx_word' id='word_1_102' title='bbox 1930 1507 1990 1557; x_wconf 87' lang='grc' dir='ltr'>τὸ</span> 
     </span>
    </p>
   </div>
   <div class='ocr_carea' id='block_1_15' title="bbox 402 1592 1989 1669">
    <p class='ocr_par' dir='ltr' id='par_1_15' title="bbox 402 1592 1989 1669">
     <span class='ocr_line' id='line_1_15' title="bbox 402 1592 1989 1669; baseline 0 -20"><span class='ocrx_word' id='word_1_103' title='bbox 402 1596 652 1668; x_wconf 72' lang='grc' dir='ltr'>κέρδος.»</span> <span class='ocrx_word' id='word_1_104' title='bbox 697 1596 771 1650; x_wconf 79' lang='grc' dir='ltr'><strong>Τὸ</strong></span> <span class='ocrx_word' id='word_1_105' title='bbox 793 1598 851 1650; x_wconf 81' lang='grc' dir='ltr'>δὲ</span> <span class='ocrx_word' id='word_1_106' title='bbox 873 1601 957 1651; x_wconf 83' lang='grc' dir='ltr'>ὅτι</span> <span class='ocrx_word' id='word_1_107' title='bbox 984 1599 1081 1668; x_wconf 73' lang='grc' dir='ltr'><strong>οὐχ</strong></span> <span class='ocrx_word' id='word_1_108' title='bbox 1113 1598 1255 1651; x_wconf 75' lang='grc' dir='ltr'>οὕτω</span> <span class='ocrx_word' id='word_1_109' title='bbox 1288 1598 1505 1669; x_wconf 79' lang='grc' dir='ltr'>μικρὸν,</span> <span class='ocrx_word' id='word_1_110' title='bbox 1538 1598 1701 1660; x_wconf 68' lang='grc' dir='ltr'>αὐτὸς</span> <span class='ocrx_word' id='word_1_111' title='bbox 1735 1613 1798 1665; x_wconf 85' lang='grc' dir='ltr'><strong>γε</strong></span> <span class='ocrx_word' id='word_1_112' title='bbox 1830 1592 1989 1659; x_wconf 82' lang='grc' dir='ltr'>αὖθις</span> 
     </span>
    </p>
   </div>
   <div class='ocr_carea' id='block_1_16' title="bbox 401 1684 1990 1759">
    <p class='ocr_par' dir='ltr' id='par_1_16' title="bbox 401 1684 1990 1759">
     <span class='ocr_line' id='line_1_16' title="bbox 401 1684 1990 1759; baseline 0.001 -23"><span class='ocrx_word' id='word_1_113' title='bbox 401 1684 660 1756; x_wconf 76' lang='grc' dir='ltr'><strong>ἀνωτέρω</strong></span> <span class='ocrx_word' id='word_1_114' title='bbox 695 1686 865 1756; x_wconf 82' lang='grc' dir='ltr'>φησί’</span> <span class='ocrx_word' id='word_1_115' title='bbox 900 1702 921 1740; x_wconf 74' lang='grc' dir='ltr'><strong>σ</strong></span> <span class='ocrx_word' id='word_1_116' title='bbox 945 1687 1161 1740; x_wconf 85' lang='grc' dir='ltr'>Γένοιτο</span> <span class='ocrx_word' id='word_1_117' title='bbox 1188 1689 1296 1759; x_wconf 75' lang='grc' dir='ltr'>γὰρ</span> <span class='ocrx_word' id='word_1_118' title='bbox 1328 1689 1730 1756; x_wconf 80' lang='grc' dir='ltr'>ἁντιπαίδευμα</span> <span class='ocrx_word' id='word_1_119' title='bbox 1762 1690 1855 1740; x_wconf 67' lang='grc' dir='ltr'>καὶ</span> <span class='ocrx_word' id='word_1_120' title='bbox 1877 1688 1990 1750; x_wconf 89' lang='grc' dir='ltr'>τοῖς</span> 
     </span>
    </p>
   </div>
   <div class='ocr_carea' id='block_1_17' title="bbox 405 1772 1913 1849">
    <p class='ocr_par' dir='ltr' id='par_1_17' title="bbox 405 1772 1913 1849">
     <span class='ocr_line' id='line_1_17' title="bbox 405 1772 1913 1849; baseline 0.001 -24"><span class='ocrx_word' id='word_1_121' title='bbox 405 1772 502 1826; x_wconf 75' lang='grc' dir='ltr'>νῦν</span> <span class='ocrx_word' id='word_1_122' title='bbox 527 1776 562 1845; x_wconf 82' lang='grc' dir='ltr'>ἠ</span> <span class='ocrx_word' id='word_1_123' title='bbox 593 1776 814 1845; x_wconf 78' lang='grc' dir='ltr'>πρᾶξις,</span> <span class='ocrx_word' id='word_1_124' title='bbox 843 1776 961 1846; x_wconf 83' lang='grc' dir='ltr'>εῖγε</span> <span class='ocrx_word' id='word_1_125' title='bbox 997 1780 1092 1831; x_wconf 72' lang='grc' dir='ltr'><strong>καὶ</strong></span> <span class='ocrx_word' id='word_1_126' title='bbox 1123 1779 1258 1849; x_wconf 81' lang='grc' dir='ltr'>πρὸς</span> <span class='ocrx_word' id='word_1_127' title='bbox 1289 1781 1499 1832; x_wconf 75' lang='grc' dir='ltr'>ἐκεῖνον</span> <span class='ocrx_word' id='word_1_128' title='bbox 1535 1776 1850 1849; x_wconf 82' lang='grc' dir='ltr'>βλέποιμεν.</span> <span class='ocrx_word' id='word_1_129' title='bbox 1894 1794 1913 1827; x_wconf 75' lang='grc' dir='ltr'><strong>ι</strong></span> 
     </span>
    </p>
   </div>
   <div class='ocr_carea' id='block_1_18' title="bbox 414 1865 2462 1938">
    <p class='ocr_par' dir='ltr' id='par_1_18' title="bbox 414 1865 2462 1938">
     <span class='ocr_line' id='line_1_18' title="bbox 414 1865 2462 1938; baseline 0.004 -21"><span class='ocrx_word' id='word_1_130' title='bbox 414 1865 695 1923; x_wconf 76' lang='lat' dir='ltr'><strong>celebratis</strong></span> <span class='ocrx_word' id='word_1_131' title='bbox 730 1868 908 1938; x_wconf 87' lang='lat' dir='ltr'><strong>ipsius</strong></span> <span class='ocrx_word' id='word_1_132' title='bbox 938 1869 1150 1924; x_wconf 82' lang='lat' dir='ltr'><strong>exsiliis</strong></span> <span class='ocrx_word' id='word_1_133' title='bbox 1167 1879 1221 1923; x_wconf 88' lang='lat' dir='ltr'><strong>et</strong></span> <span class='ocrx_word' id='word_1_134' title='bbox 1241 1867 1385 1937; x_wconf 80' lang='lat' dir='ltr'><strong>fugis</strong></span> <span class='ocrx_word' id='word_1_135' title='bbox 1409 1868 1582 1922; x_wconf 83' lang='lat' dir='ltr'><strong>nihilo</strong></span> <span class='ocrx_word' id='word_1_136' title='bbox 1615 1867 1846 1922; x_wconf 80' lang='lat' dir='ltr'><strong>inferius</strong></span> <span class='ocrx_word' id='word_1_137' title='bbox 1892 1867 2321 1925; x_wconf 64' lang='lat' dir='ltr'><strong>existimandum</strong></span> <span class='ocrx_word' id='word_1_138' title='bbox 2359 1880 2462 1926; x_wconf 89' lang='lat' dir='ltr'><strong>est.</strong></span> 
     </span>
    </p>
   </div>
   <div class='ocr_carea' id='block_1_19' title="bbox 2094 581 3663 653">
    <p class='ocr_par' dir='ltr' id='par_1_19' title="bbox 2094 581 3663 653">
     <span class='ocr_line' id='line_1_19' title="bbox 2094 581 3663 653; baseline 0.001 -21"><span class='ocrx_word' id='word_1_139' title='bbox 2094 581 2347 635; x_wconf 86' lang='lat' dir='ltr'><strong>tendeudi</strong></span> <span class='ocrx_word' id='word_1_140' title='bbox 2398 583 2640 635; x_wconf 85' lang='lat' dir='ltr'><strong>studiqu</strong></span> <span class='ocrx_word' id='word_1_141' title='bbox 2699 582 3008 637; x_wconf 74' lang='lat' dir='ltr'><strong>efﬂuxerat.</strong></span> <span class='ocrx_word' id='word_1_142' title='bbox 3058 581 3199 649; x_wconf 85' lang='lat' dir='ltr'><strong>Quid</strong></span> <span class='ocrx_word' id='word_1_143' title='bbox 3253 584 3482 653; x_wconf 81' lang='lat' dir='ltr'><strong>postea?</strong></span> <span class='ocrx_word' id='word_1_144' title='bbox 3526 582 3663 635; x_wconf 84' lang='lat' dir='ltr'><strong>Cum</strong></span> 
     </span>
    </p>
   </div>
   <div class='ocr_carea' id='block_1_20' title="bbox 2092 673 3669 743">
    <p class='ocr_par' dir='ltr' id='par_1_20' title="bbox 2092 673 3669 743">
     <span class='ocr_line' id='line_1_20' title="bbox 2092 673 3669 743; baseline 0.001 -18"><span class='ocrx_word' id='word_1_145' title='bbox 2092 673 2286 741; x_wconf 78' lang='lat' dir='ltr'><strong>exigua</strong></span> <span class='ocrx_word' id='word_1_146' title='bbox 2342 690 2429 727; x_wconf 86' lang='lat' dir='ltr'><strong>res</strong></span> <span class='ocrx_word' id='word_1_147' title='bbox 2461 674 2642 743; x_wconf 89' lang='lat' dir='ltr'><strong>aliqua</strong></span> <span class='ocrx_word' id='word_1_148' title='bbox 2691 676 2935 743; x_wconf 73' lang='lat' dir='ltr'><strong>quotidie</strong></span> <span class='ocrx_word' id='word_1_149' title='bbox 2975 678 3282 740; x_wconf 85' lang='lat' dir='ltr'><strong>accederet,</strong></span> <span class='ocrx_word' id='word_1_150' title='bbox 3337 691 3457 742; x_wconf 63' lang='lat' dir='ltr'><strong>quae</strong></span> <span class='ocrx_word' id='word_1_151' title='bbox 3500 676 3669 728; x_wconf 89' lang='lat' dir='ltr'><strong>mole-</strong></span> 
     </span>
    </p>
   </div>
   <div class='ocr_carea' id='block_1_21' title="bbox 2090 763 3670 829">
    <p class='ocr_par' dir='ltr' id='par_1_21' title="bbox 2090 763 3670 829">
     <span class='ocr_line' id='line_1_21' title="bbox 2090 763 3670 829; baseline 0.001 -12"><span class='ocrx_word' id='word_1_152' title='bbox 2090 764 2251 817; x_wconf 84' lang='lat' dir='ltr'><strong>stiam</strong></span> <span class='ocrx_word' id='word_1_153' title='bbox 2287 763 2526 829; x_wconf 80' lang='lat' dir='ltr'><strong>aﬂ&#39;crret,</strong></span> <span class='ocrx_word' id='word_1_154' title='bbox 2563 767 2792 820; x_wconf 85' lang='lat' dir='ltr'><strong>moleste</strong></span> <span class='ocrx_word' id='word_1_155' title='bbox 2822 778 3000 821; x_wconf 87' lang='lat' dir='ltr'><strong>autem</strong></span> <span class='ocrx_word' id='word_1_156' title='bbox 3027 779 3085 821; x_wconf 85' lang='lat' dir='ltr'><strong>ut</strong></span> <span class='ocrx_word' id='word_1_157' title='bbox 3109 767 3405 829; x_wconf 85' lang='lat' dir='ltr'><strong>videretur,</strong></span> <span class='ocrx_word' id='word_1_158' title='bbox 3440 779 3670 821; x_wconf 86' lang='lat' dir='ltr'><strong>conten-</strong></span> 
     </span>
    </p>
   </div>
   <div class='ocr_carea' id='block_1_22' title="bbox 2092 856 3670 925">
    <p class='ocr_par' dir='ltr' id='par_1_22' title="bbox 2092 856 3670 925">
     <span class='ocr_line' id='line_1_22' title="bbox 2092 856 3670 925; baseline 0.001 -18"><span class='ocrx_word' id='word_1_159' title='bbox 2092 857 2167 907; x_wconf 89' lang='lat' dir='ltr'><strong>tio</strong></span> <span class='ocrx_word' id='word_1_160' title='bbox 2199 856 2456 918; x_wconf 79' lang='lat' dir='ltr'><strong>iaciebat.</strong></span> <span class='ocrx_word' id='word_1_161' title='bbox 2508 872 2573 911; x_wconf 90' lang='lat' dir='ltr'><strong>eo</strong></span> <span class='ocrx_word' id='word_1_162' title='bbox 2619 860 2835 911; x_wconf 88' lang='lat' dir='ltr'><strong>tandem</strong></span> <span class='ocrx_word' id='word_1_163' title='bbox 2874 874 2964 912; x_wconf 90' lang='lat' dir='ltr'><strong>res</strong></span> <span class='ocrx_word' id='word_1_164' title='bbox 2996 858 3227 911; x_wconf 83' lang='lat' dir='ltr'><strong>adducta</strong></span> <span class='ocrx_word' id='word_1_165' title='bbox 3276 868 3379 923; x_wconf 70' lang='lat' dir='ltr'><strong>est,</strong></span> <span class='ocrx_word' id='word_1_166' title='bbox 3422 868 3481 911; x_wconf 90' lang='lat' dir='ltr'><strong>ut</strong></span> <span class='ocrx_word' id='word_1_167' title='bbox 3526 860 3670 925; x_wconf 84' lang='lat' dir='ltr'><strong>peri-</strong></span> 
     </span>
    </p>
   </div>
   <div class='ocr_carea' id='block_1_23' title="bbox 2046 949 3674 1017">
    <p class='ocr_par' dir='ltr' id='par_1_23' title="bbox 2046 949 3674 1017">
     <span class='ocr_line' id='line_1_23' title="bbox 2046 949 3674 1017; baseline -0.001 -15"><span class='ocrx_word' id='word_1_168' title='bbox 2046 962 2051 967; x_wconf 93' lang='lat'>&#39;</span> <span class='ocrx_word' id='word_1_169' title='bbox 2091 949 2271 1002; x_wconf 88' lang='lat' dir='ltr'><strong>culum</strong></span> <span class='ocrx_word' id='word_1_170' title='bbox 2306 958 2475 1015; x_wconf 90' lang='lat' dir='ltr'><strong>esset,</strong></span> <span class='ocrx_word' id='word_1_171' title='bbox 2516 966 2580 1002; x_wconf 87' lang='lat' dir='ltr'><strong>ne</strong></span> <span class='ocrx_word' id='word_1_172' title='bbox 2611 950 2763 1003; x_wconf 84' lang='lat' dir='ltr'><strong>orbis</strong></span> <span class='ocrx_word' id='word_1_173' title='bbox 2798 960 3066 1004; x_wconf 83' lang='lat' dir='ltr'><strong>terrarum</strong></span> <span class='ocrx_word' id='word_1_174' title='bbox 3101 952 3236 1005; x_wconf 75' lang='lat' dir='ltr'><strong>lines</strong></span> <span class='ocrx_word' id='word_1_175' title='bbox 3267 967 3370 1003; x_wconf 82' lang='lat' dir='ltr'><strong>una</strong></span> <span class='ocrx_word' id='word_1_176' title='bbox 3405 965 3528 1002; x_wconf 87' lang='lat' dir='ltr'><strong>cum</strong></span> <span class='ocrx_word' id='word_1_177' title='bbox 3561 951 3674 1017; x_wconf 78' lang='lat' dir='ltr'><strong>syl-</strong></span> 
     </span>
    </p>
   </div>
   <div class='ocr_carea' id='block_1_24' title="bbox 2092 1040 3672 1109">
    <p class='ocr_par' dir='ltr' id='par_1_24' title="bbox 2092 1040 3672 1109">
     <span class='ocr_line' id='line_1_24' title="bbox 2092 1040 3672 1109; baseline -0.001 -16"><span class='ocrx_word' id='word_1_178' title='bbox 2092 1041 2231 1095; x_wconf 87' lang='lat' dir='ltr'><strong>labis</strong></span> <span class='ocrx_word' id='word_1_179' title='bbox 2261 1041 2743 1109; x_wconf 88' lang='lat' dir='ltr'><strong>abrumpcrentur.</strong></span> <span class='ocrx_word' id='word_1_180' title='bbox 2779 1040 2912 1108; x_wconf 62' lang='lat' dir='ltr'><strong>Quae</strong></span> <span class='ocrx_word' id='word_1_181' title='bbox 2950 1057 3075 1096; x_wconf 90' lang='lat' dir='ltr'><strong>cum</strong></span> <span class='ocrx_word' id='word_1_182' title='bbox 3119 1042 3310 1096; x_wconf 84' lang='lat' dir='ltr'><strong>beatus</strong></span> <span class='ocrx_word' id='word_1_183' title='bbox 3351 1041 3440 1095; x_wconf 91' lang='lat' dir='ltr'><strong>ille</strong></span> <span class='ocrx_word' id='word_1_184' title='bbox 3484 1041 3586 1104; x_wconf 82' lang='lat' dir='ltr'><strong>vir,</strong></span> <span class='ocrx_word' id='word_1_185' title='bbox 3616 1052 3672 1093; x_wconf 87' lang='lat' dir='ltr'><strong>et</strong></span> 
     </span>
    </p>
   </div>
   <div class='ocr_carea' id='block_1_25' title="bbox 2093 1131 3665 1204">
    <p class='ocr_par' dir='ltr' id='par_1_25' title="bbox 2093 1131 3665 1204">
     <span class='ocr_line' id='line_1_25' title="bbox 2093 1131 3665 1204; baseline 0.002 -20"><span class='ocrx_word' id='word_1_186' title='bbox 2093 1150 2216 1189; x_wconf 77' lang='lat' dir='ltr'><strong>vere</strong></span> <span class='ocrx_word' id='word_1_187' title='bbox 2240 1135 2407 1186; x_wconf 90' lang='lat' dir='ltr'><strong>homo</strong></span> <span class='ocrx_word' id='word_1_188' title='bbox 2433 1131 2548 1199; x_wconf 86' lang='lat' dir='ltr'><strong>Dei,</strong></span> <span class='ocrx_word' id='word_1_189' title='bbox 2582 1150 2919 1204; x_wconf 77' lang='lat' dir='ltr'><strong>magnusque</strong></span> <span class='ocrx_word' id='word_1_190' title='bbox 2951 1137 3261 1189; x_wconf 85' lang='lat' dir='ltr'><strong>animarum</strong></span> <span class='ocrx_word' id='word_1_191' title='bbox 3292 1137 3665 1202; x_wconf 81' lang='lat' dir='ltr'><strong>dispettSator,</strong></span> 
     </span>
    </p>
   </div>
   <div class='ocr_carea' id='block_1_26' title="bbox 2091 1224 3673 1293">
    <p class='ocr_par' dir='ltr' id='par_1_26' title="bbox 2091 1224 3673 1293">
     <span class='ocr_line' id='line_1_26' title="bbox 2091 1224 3673 1293; baseline 0 -17"><span class='ocrx_word' id='word_1_192' title='bbox 2091 1224 2271 1278; x_wconf 84' lang='lat' dir='ltr'><strong>oculis</strong></span> <span class='ocrx_word' id='word_1_193' title='bbox 2314 1225 2653 1293; x_wconf 74' lang='lat' dir='ltr'><strong>auribusque</strong></span> <span class='ocrx_word' id='word_1_194' title='bbox 2709 1235 3018 1292; x_wconf 89' lang='lat' dir='ltr'><strong>usurparet,</strong></span> <span class='ocrx_word' id='word_1_195' title='bbox 3058 1237 3167 1279; x_wconf 88' lang='lat' dir='ltr'><strong>ta.u</strong></span> <span class='ocrx_word' id='word_1_196' title='bbox 3207 1226 3500 1279; x_wconf 81' lang='lat' dir='ltr'><strong>absurdam</strong></span> <span class='ocrx_word' id='word_1_197' title='bbox 3541 1232 3593 1277; x_wconf 89' lang='lat' dir='ltr'><strong>et</strong></span> <span class='ocrx_word' id='word_1_198' title='bbox 3639 1240 3673 1276; x_wconf 67' lang='grc' dir='ltr'><strong>ιτ</strong></span> 
     </span>
    </p>
   </div>
   <div class='ocr_carea' id='block_1_27' title="bbox 2091 1317 3675 1375">
    <p class='ocr_par' dir='ltr' id='par_1_27' title="bbox 2091 1317 3675 1375">
     <span class='ocr_line' id='line_1_27' title="bbox 2091 1317 3675 1375; baseline 0 -6"><span class='ocrx_word' id='word_1_199' title='bbox 2091 1317 2303 1371; x_wconf 76' lang='lat' dir='ltr'><strong>ratione</strong></span> <span class='ocrx_word' id='word_1_200' title='bbox 2332 1318 2564 1371; x_wconf 85' lang='lat' dir='ltr'><strong>alienam</strong></span> <span class='ocrx_word' id='word_1_201' title='bbox 2602 1318 2749 1371; x_wconf 81' lang='lat' dir='ltr'><strong>verbi</strong></span> <span class='ocrx_word' id='word_1_202' title='bbox 2785 1320 3081 1373; x_wconf 82' lang='lat' dir='ltr'><strong>sectionem</strong></span> <span class='ocrx_word' id='word_1_203' title='bbox 3118 1317 3576 1375; x_wconf 72' lang='lat' dir='ltr'><strong>dissimulandum</strong></span> <span class='ocrx_word' id='word_1_204' title='bbox 3608 1330 3675 1369; x_wconf 82' lang='lat' dir='ltr'><strong>ac</strong></span> 
     </span>
    </p>
   </div>
   <div class='ocr_carea' id='block_1_28' title="bbox 2096 1409 3670 1481">
    <p class='ocr_par' dir='ltr' id='par_1_28' title="bbox 2096 1409 3670 1481">
     <span class='ocr_line' id='line_1_28' title="bbox 2096 1409 3670 1481; baseline 0 -20"><span class='ocrx_word' id='word_1_205' title='bbox 2096 1409 2477 1480; x_wconf 72' lang='lat' dir='ltr'><strong>negligendqu</strong></span> <span class='ocrx_word' id='word_1_206' title='bbox 2533 1411 2636 1465; x_wconf 89' lang='lat' dir='ltr'><strong>sibi</strong></span> <span class='ocrx_word' id='word_1_207' title='bbox 2682 1426 2788 1463; x_wconf 91' lang='lat' dir='ltr'><strong>non</strong></span> <span class='ocrx_word' id='word_1_208' title='bbox 2829 1411 3081 1481; x_wconf 87' lang='lat' dir='ltr'><strong>putavit:</strong></span> <span class='ocrx_word' id='word_1_209' title='bbox 3117 1427 3303 1464; x_wconf 88' lang='lat' dir='ltr'><strong>vermu</strong></span> <span class='ocrx_word' id='word_1_210' title='bbox 3345 1410 3670 1463; x_wconf 72' lang='lat' dir='ltr'><strong>medicinam</strong></span> 
     </span>
    </p>
   </div>
   <div class='ocr_carea' id='block_1_29' title="bbox 2094 1502 3673 1573">
    <p class='ocr_par' dir='ltr' id='par_1_29' title="bbox 2094 1502 3673 1573">
     <span class='ocr_line' id='line_1_29' title="bbox 2094 1502 3673 1573; baseline -0.001 -19"><span class='ocrx_word' id='word_1_211' title='bbox 2094 1502 2286 1555; x_wconf 87' lang='lat' dir='ltr'><strong>morbo</strong></span> <span class='ocrx_word' id='word_1_212' title='bbox 2316 1518 2482 1572; x_wconf 88' lang='lat' dir='ltr'><strong>quam</strong></span> <span class='ocrx_word' id='word_1_213' title='bbox 2526 1505 2764 1573; x_wconf 90' lang='lat' dir='ltr'><strong>primum</strong></span> <span class='ocrx_word' id='word_1_214' title='bbox 2840 1506 3085 1558; x_wconf 82' lang='lat' dir='ltr'><strong>adhibet.</strong></span> <span class='ocrx_word' id='word_1_215' title='bbox 3121 1523 3139 1556; x_wconf 74' lang='grc' dir='ltr'><strong>ι</strong></span> <span class='ocrx_word' id='word_1_216' title='bbox 3197 1502 3538 1571; x_wconf 91' lang='lat' dir='ltr'><strong>Quapropter</strong></span> <span class='ocrx_word' id='word_1_217' title='bbox 3589 1502 3673 1554; x_wconf 87' lang='lat' dir='ltr'><strong>his</strong></span> 
     </span>
    </p>
   </div>
   <div class='ocr_carea' id='block_1_30' title="bbox 2092 1594 3672 1667">
    <p class='ocr_par' dir='ltr' id='par_1_30' title="bbox 2092 1594 3672 1667">
     <span class='ocr_line' id='line_1_30' title="bbox 2092 1594 3672 1667; baseline -0.001 -20"><span class='ocrx_word' id='word_1_218' title='bbox 2092 1595 2361 1649; x_wconf 85' lang='lat' dir='ltr'><strong>absolutis</strong></span> <span class='ocrx_word' id='word_1_219' title='bbox 2388 1597 2765 1650; x_wconf 88' lang='lat' dir='ltr'><strong>encomiorum</strong></span> <span class='ocrx_word' id='word_1_220' title='bbox 2791 1599 3035 1667; x_wconf 78' lang='lat' dir='ltr'><strong>plaustra</strong></span> <span class='ocrx_word' id='word_1_221' title='bbox 3060 1597 3341 1667; x_wconf 82' lang='lat' dir='ltr'><strong>congerit:</strong></span> <span class='ocrx_word' id='word_1_222' title='bbox 3374 1614 3391 1647; x_wconf 76' lang='grc' dir='ltr'>ι</span> <span class='ocrx_word' id='word_1_223' title='bbox 3429 1594 3563 1657; x_wconf 82' lang='lat' dir='ltr'><strong>Hoc,</strong></span> <span class='ocrx_word' id='word_1_224' title='bbox 3588 1595 3672 1647; x_wconf 87' lang='lat' dir='ltr'><strong>iu-</strong></span> 
     </span>
    </p>
   </div>
   <div class='ocr_carea' id='block_1_31' title="bbox 2094 1687 3672 1756">
    <p class='ocr_par' dir='ltr' id='par_1_31' title="bbox 2094 1687 3672 1756">
     <span class='ocr_line' id='line_1_31' title="bbox 2094 1687 3672 1756; baseline -0.001 -17"><span class='ocrx_word' id='word_1_225' title='bbox 2094 1689 2316 1756; x_wconf 85' lang='lat' dir='ltr'><strong>quiens,</strong></span> <span class='ocrx_word' id='word_1_226' title='bbox 2384 1688 2660 1742; x_wconf 85' lang='lat' dir='ltr'><strong>diuturnis</strong></span> <span class='ocrx_word' id='word_1_227' title='bbox 2718 1690 2825 1744; x_wconf 90' lang='lat' dir='ltr'><strong>illis</strong></span> <span class='ocrx_word' id='word_1_228' title='bbox 2880 1689 3161 1744; x_wconf 86' lang='lat' dir='ltr'><strong>laboribus</strong></span> <span class='ocrx_word' id='word_1_229' title='bbox 3227 1700 3279 1744; x_wconf 90' lang='lat' dir='ltr'><strong>et</strong></span> <span class='ocrx_word' id='word_1_230' title='bbox 3328 1687 3672 1742; x_wconf 74' lang='lat' dir='ltr'><strong>sern&#39;ionibus</strong></span> 
     </span>
    </p>
   </div>
   <div class='ocr_carea' id='block_1_32' title="bbox 2094 1767 3670 1852">
    <p class='ocr_par' dir='ltr' id='par_1_32' title="bbox 2094 1767 3670 1852">
     <span class='ocr_line' id='line_1_32' title="bbox 2094 1767 3670 1852; baseline -0.002 -20"><span class='ocrx_word' id='word_1_231' title='bbox 2094 1780 2255 1849; x_wconf 79' lang='lat' dir='ltr'><strong>longe</strong></span> <span class='ocrx_word' id='word_1_232' title='bbox 2287 1767 2480 1835; x_wconf 78' lang='lat' dir='ltr'><strong>utilius</strong></span> <span class='ocrx_word' id='word_1_233' title='bbox 2505 1791 2611 1837; x_wconf 83' lang='lat' dir='ltr'><strong>est.</strong></span> <span class='ocrx_word' id='word_1_234' title='bbox 2641 1781 2754 1835; x_wconf 88' lang='lat' dir='ltr'><strong>lloc</strong></span> <span class='ocrx_word' id='word_1_235' title='bbox 2783 1782 3138 1851; x_wconf 79' lang='lat' dir='ltr'><strong>pervulgatis,</strong></span> <span class='ocrx_word' id='word_1_236' title='bbox 3168 1790 3333 1852; x_wconf 88' lang='lat' dir='ltr'><strong>atque</strong></span> <span class='ocrx_word' id='word_1_237' title='bbox 3356 1781 3503 1833; x_wconf 82' lang='lat' dir='ltr'><strong>muni</strong></span> <span class='ocrx_word' id='word_1_238' title='bbox 3529 1779 3670 1832; x_wconf 83' lang='lat' dir='ltr'><strong>fama</strong></span> 
     </span>
    </p>
   </div>
   <div class='ocr_carea' id='block_1_33' title="bbox 2538 1870 3673 1945">
    <p class='ocr_par' dir='ltr' id='par_1_33' title="bbox 2538 1870 3673 1945">
     <span class='ocr_line' id='line_1_33' title="bbox 2538 1870 3673 1945; baseline 0 -21"><span class='ocrx_word' id='word_1_239' title='bbox 2538 1870 2649 1925; x_wconf 82' lang='lat' dir='ltr'><strong>lloc</strong></span> <span class='ocrx_word' id='word_1_240' title='bbox 2724 1876 2910 1928; x_wconf 87' lang='lat' dir='ltr'><strong>multis</strong></span> <span class='ocrx_word' id='word_1_241' title='bbox 2945 1873 3143 1945; x_wconf 78' lang='lat' dir='ltr'><strong>vigiliis</strong></span> <span class='ocrx_word' id='word_1_242' title='bbox 3205 1887 3258 1929; x_wconf 88' lang='lat' dir='ltr'><strong>et</strong></span> <span class='ocrx_word' id='word_1_243' title='bbox 3326 1870 3673 1927; x_wconf 85' lang='lat' dir='ltr'><strong>chameuniis</strong></span> 
     </span>
    </p>
   </div>
   <div class='ocr_carea' id='block_1_34' title="bbox 403 1962 3672 2042">
    <p class='ocr_par' dir='ltr' id='par_1_34' title="bbox 403 1962 3672 2042">
     <span class='ocr_line' id='line_1_34' title="bbox 403 1962 3672 2042; baseline 0.002 -31"><span class='ocrx_word' id='word_1_244' title='bbox 403 1962 778 2029; x_wconf 68' lang='lat' dir='ltr'><strong>prtestantios,</strong></span> <span class='ocrx_word' id='word_1_245' title='bbox 812 1977 1045 2033; x_wconf 89' lang='lat' dir='ltr'><strong>quarum</strong></span> <span class='ocrx_word' id='word_1_246' title='bbox 1086 1963 1292 2018; x_wconf 86' lang='lat' dir='ltr'><strong>utilitas</strong></span> <span class='ocrx_word' id='word_1_247' title='bbox 1330 1964 1382 2017; x_wconf 92' lang='lat' dir='ltr'><strong>in</strong></span> <span class='ocrx_word' id='word_1_248' title='bbox 1419 1962 1525 2027; x_wconf 87' lang='lat' dir='ltr'><strong>his,</strong></span> <span class='ocrx_word' id='word_1_249' title='bbox 1566 1962 1656 2031; x_wconf 90' lang='lat' dir='ltr'><strong>qui</strong></span> <span class='ocrx_word' id='word_1_250' title='bbox 1698 1962 1810 2015; x_wconf 68' lang='lat' dir='ltr'><strong>lure</strong></span> <span class='ocrx_word' id='word_1_251' title='bbox 1851 1971 2114 2030; x_wconf 68' lang='lat' dir='ltr'><strong>praestant</strong></span> <span class='ocrx_word' id='word_1_252' title='bbox 2179 1965 2456 2032; x_wconf 65' lang='lat' dir='ltr'><strong>deligitur,</strong></span> <span class='ocrx_word' id='word_1_253' title='bbox 2527 1979 2627 2019; x_wconf 85' lang='lat' dir='ltr'><strong>nec</strong></span> <span class='ocrx_word' id='word_1_254' title='bbox 2668 1964 2854 2042; x_wconf 85' lang='lat' dir='ltr'><strong>_latius</strong></span> <span class='ocrx_word' id='word_1_255' title='bbox 2917 1978 3143 2021; x_wconf 81' lang='lat' dir='ltr'><strong>manat:</strong></span> <span class='ocrx_word' id='word_1_256' title='bbox 3177 1986 3195 2018; x_wconf 75' lang='grc' dir='ltr'>ι</span> <span class='ocrx_word' id='word_1_257' title='bbox 3239 1983 3360 2036; x_wconf 77' lang='lat' dir='ltr'><strong>quae</strong></span> <span class='ocrx_word' id='word_1_258' title='bbox 3388 1982 3493 2019; x_wconf 89' lang='lat' dir='ltr'><strong>non</strong></span> <span class='ocrx_word' id='word_1_259' title='bbox 3536 1966 3672 2017; x_wconf 90' lang='lat' dir='ltr'><strong>adeo</strong></span> 
     </span>
    </p>
   </div>
   <div class='ocr_carea' id='block_1_35' title="bbox 402 2058 3672 2131">
    <p class='ocr_par' dir='ltr' id='par_1_35' title="bbox 402 2058 3672 2131">
     <span class='ocr_line' id='line_1_35' title="bbox 402 2058 3672 2131; baseline 0.001 -17"><span class='ocrx_word' id='word_1_260' title='bbox 402 2058 607 2129; x_wconf 85' lang='lat' dir='ltr'><strong>pusilla</strong></span> <span class='ocrx_word' id='word_1_261' title='bbox 636 2070 742 2128; x_wconf 89' lang='lat' dir='ltr'><strong>est,</strong></span> <span class='ocrx_word' id='word_1_262' title='bbox 791 2070 850 2115; x_wconf 90' lang='lat' dir='ltr'><strong>nt</strong></span> <span class='ocrx_word' id='word_1_263' title='bbox 899 2061 1042 2118; x_wconf 87' lang='lat' dir='ltr'><strong>idem</strong></span> <span class='ocrx_word' id='word_1_264' title='bbox 1072 2062 1235 2131; x_wconf 87' lang='lat' dir='ltr'><strong>paulo</strong></span> <span class='ocrx_word' id='word_1_265' title='bbox 1267 2072 1393 2116; x_wconf 87' lang='lat' dir='ltr'><strong>ante</strong></span> <span class='ocrx_word' id='word_1_266' title='bbox 1420 2061 1653 2126; x_wconf 79' lang='lat' dir='ltr'><strong>dixerat,</strong></span> <span class='ocrx_word' id='word_1_267' title='bbox 1688 2079 1707 2110; x_wconf 76' lang='grc' dir='ltr'><strong>ι</strong></span> <span class='ocrx_word' id='word_1_268' title='bbox 1747 2058 1880 2112; x_wconf 87' lang='lat' dir='ltr'><strong>Nam</strong></span> <span class='ocrx_word' id='word_1_269' title='bbox 1908 2059 1991 2114; x_wconf 85' lang='lat' dir='ltr'><strong>his</strong></span> <span class='ocrx_word' id='word_1_270' title='bbox 2026 2076 2267 2130; x_wconf 86' lang='lat' dir='ltr'><strong>quoque,</strong></span> <span class='ocrx_word' id='word_1_271' title='bbox 2310 2061 2403 2130; x_wconf 91' lang='lat' dir='ltr'><strong>qui</strong></span> <span class='ocrx_word' id='word_1_272' title='bbox 2439 2077 2585 2115; x_wconf 90' lang='lat' dir='ltr'><strong>nunc</strong></span> <span class='ocrx_word' id='word_1_273' title='bbox 2613 2062 2821 2130; x_wconf 87' lang='lat' dir='ltr'><strong>vivunt,</strong></span> <span class='ocrx_word' id='word_1_274' title='bbox 2887 2065 3004 2120; x_wconf 66' lang='lat' dir='ltr'><strong>haec</strong></span> <span class='ocrx_word' id='word_1_275' title='bbox 3072 2065 3217 2119; x_wconf 88' lang='lat' dir='ltr'><strong>actio</strong></span> <span class='ocrx_word' id='word_1_276' title='bbox 3257 2067 3504 2119; x_wconf 75' lang='lat' dir='ltr'><strong>doctrina</strong></span> <span class='ocrx_word' id='word_1_277' title='bbox 3549 2075 3672 2116; x_wconf 83' lang='lat' dir='ltr'><strong>esse</strong></span> 
     </span>
    </p>
   </div>
   <div class='ocr_carea' id='block_1_36' title="bbox 402 2156 1973 2226">
    <p class='ocr_par' dir='ltr' id='par_1_36' title="bbox 402 2156 1973 2226">
     <span class='ocr_line' id='line_1_36' title="bbox 402 2156 1973 2226; baseline -0.001 -18"><span class='ocrx_word' id='word_1_278' title='bbox 402 2166 594 2225; x_wconf 86' lang='lat' dir='ltr'><strong>queat,</strong></span> <span class='ocrx_word' id='word_1_279' title='bbox 644 2156 695 2210; x_wconf 88' lang='lat' dir='ltr'><strong>si</strong></span> <span class='ocrx_word' id='word_1_280' title='bbox 735 2158 913 2226; x_wconf 91' lang='lat' dir='ltr'><strong>ipsum</strong></span> <span class='ocrx_word' id='word_1_281' title='bbox 957 2158 1116 2212; x_wconf 91' lang='lat' dir='ltr'><strong>nobis</strong></span> <span class='ocrx_word' id='word_1_282' title='bbox 1166 2156 1493 2211; x_wconf 89' lang='lat' dir='ltr'><strong>imitandum</strong></span> <span class='ocrx_word' id='word_1_283' title='bbox 1534 2171 1920 2226; x_wconf 89' lang='lat' dir='ltr'><strong>proponemus.</strong></span> <span class='ocrx_word' id='word_1_284' title='bbox 1953 2173 1973 2207; x_wconf 78' lang='grc' dir='ltr'><strong>ι</strong></span> 
     </span>
    </p>
   </div>
   <div class='ocr_carea' id='block_1_37' title="bbox 489 2246 1988 2323">
    <p class='ocr_par' dir='ltr' id='par_1_37' title="bbox 489 2248 1988 2323">
     <span class='ocr_line' id='line_1_37' title="bbox 489 2248 1988 2323; baseline -0.001 -19"><span class='ocrx_word' id='word_1_285' title='bbox 489 2251 656 2305; x_wconf 61' lang='lat' dir='ltr'><strong>mm</strong></span> <span class='ocrx_word' id='word_1_286' title='bbox 681 2250 854 2305; x_wconf 78' lang='grc' dir='ltr'>ταῦτα</span> <span class='ocrx_word' id='word_1_287' title='bbox 893 2254 993 2323; x_wconf 80' lang='grc' dir='ltr'><strong>μὲν</strong></span> <span class='ocrx_word' id='word_1_288' title='bbox 1037 2253 1121 2323; x_wconf 78' lang='grc' dir='ltr'><strong>ἐφ’</strong></span> <span class='ocrx_word' id='word_1_289' title='bbox 1152 2248 1233 2317; x_wconf 75' lang='grc' dir='ltr'>οἷς</span> <span class='ocrx_word' id='word_1_290' title='bbox 1277 2253 1305 2305; x_wconf 85' lang='grc' dir='ltr'>ὁ</span> <span class='ocrx_word' id='word_1_291' title='bbox 1328 2252 1432 2321; x_wconf 80' lang='grc' dir='ltr'>τῆς</span> <span class='ocrx_word' id='word_1_292' title='bbox 1470 2252 1746 2319; x_wconf 83' lang='grc' dir='ltr'>θεολογίας</span> <span class='ocrx_word' id='word_1_293' title='bbox 1777 2251 1988 2304; x_wconf 76' lang='grc' dir='ltr'>ἐπώνυ-</span> 
     </span>
    </p>
   </div>
   <div class='ocr_carea' id='block_1_38' title="bbox 2090 2246 3668 2323">
    <p class='ocr_par' dir='ltr' id='par_1_38' title="bbox 2161 2246 3668 2323">
     <span class='ocr_line' id='line_1_38' title="bbox 2161 2246 3668 2323; baseline 0.007 -23"><span class='ocrx_word' id='word_1_294' title='bbox 2161 2246 2227 2300; x_wconf 84' lang='grc' dir='ltr'>Ει</span> <span class='ocrx_word' id='word_1_295' title='bbox 2275 2247 2357 2301; x_wconf 91' lang='lat' dir='ltr'><strong>his</strong></span> <span class='ocrx_word' id='word_1_296' title='bbox 2401 2247 2644 2319; x_wconf 86' lang='lat' dir='ltr'><strong>quidem,</strong></span> <span class='ocrx_word' id='word_1_297' title='bbox 2698 2249 2783 2303; x_wconf 90' lang='lat' dir='ltr'><strong>cui</strong></span> <span class='ocrx_word' id='word_1_298' title='bbox 2830 2265 2860 2303; x_wconf 89' lang='lat' dir='ltr'><strong>a</strong></span> <span class='ocrx_word' id='word_1_299' title='bbox 2912 2249 3185 2322; x_wconf 79' lang='lat' dir='ltr'><strong>theologia</strong></span> <span class='ocrx_word' id='word_1_300' title='bbox 3216 2267 3513 2323; x_wconf 74' lang='lat' dir='ltr'><strong>cognomen</strong></span> <span class='ocrx_word' id='word_1_301' title='bbox 3562 2268 3668 2321; x_wconf 71' lang='lat' dir='ltr'><strong>est,</strong></span> 
     </span>
    </p>
   </div>
   <div class='ocr_carea' id='block_1_39' title="bbox 405 2340 1987 2413">
    <p class='ocr_par' dir='ltr' id='par_1_39' title="bbox 405 2340 1987 2413">
     <span class='ocr_line' id='line_1_39' title="bbox 405 2340 1987 2413; baseline -0.001 -20"><span class='ocrx_word' id='word_1_302' title='bbox 405 2358 509 2412; x_wconf 82' lang='grc' dir='ltr'><strong>μσς</strong></span> <span class='ocrx_word' id='word_1_303' title='bbox 540 2342 620 2408; x_wconf 75' lang='grc' dir='ltr'><strong>τῷ</strong></span> <span class='ocrx_word' id='word_1_304' title='bbox 653 2342 879 2413; x_wconf 83' lang='grc' dir='ltr'>μεγάλῳ</span> <span class='ocrx_word' id='word_1_305' title='bbox 931 2340 1241 2413; x_wconf 76' lang='grc' dir='ltr'>Ἀθανασίῳ</span> <span class='ocrx_word' id='word_1_306' title='bbox 1272 2343 1369 2411; x_wconf 73' lang='grc' dir='ltr'>τὴν</span> <span class='ocrx_word' id='word_1_307' title='bbox 1402 2345 1465 2395; x_wconf 86' lang='grc' dir='ltr'>ὲκ</span> <span class='ocrx_word' id='word_1_308' title='bbox 1496 2343 1593 2409; x_wconf 76' lang='grc' dir='ltr'>τῆς</span> <span class='ocrx_word' id='word_1_309' title='bbox 1629 2342 1836 2402; x_wconf 80' lang='grc' dir='ltr'>ἐννοίας</span> <span class='ocrx_word' id='word_1_310' title='bbox 1865 2343 1987 2411; x_wconf 84' lang='grc' dir='ltr'>ὀμο-</span> 
     </span>
    </p>
   </div>
   <div class='ocr_carea' id='block_1_40' title="bbox 399 2434 1985 2506">
    <p class='ocr_par' dir='ltr' id='par_1_40' title="bbox 399 2434 1985 2506">
     <span class='ocr_line' id='line_1_40' title="bbox 399 2434 1985 2506; baseline -0.001 -19"><span class='ocrx_word' id='word_1_311' title='bbox 399 2434 687 2506; x_wconf 79' lang='grc' dir='ltr'>φροσύνην</span> <span class='ocrx_word' id='word_1_312' title='bbox 721 2435 821 2506; x_wconf 78' lang='grc' dir='ltr'>τῆς</span> <span class='ocrx_word' id='word_1_313' title='bbox 855 2437 918 2487; x_wconf 80' lang='grc' dir='ltr'>ἐκ</span> <span class='ocrx_word' id='word_1_314' title='bbox 950 2435 1061 2488; x_wconf 86' lang='grc' dir='ltr'><strong>τῶν</strong></span> <span class='ocrx_word' id='word_1_315' title='bbox 1105 2437 1304 2502; x_wconf 80' lang='grc' dir='ltr'><strong>λέξεων</strong></span> <span class='ocrx_word' id='word_1_316' title='bbox 1335 2436 1598 2506; x_wconf 65' lang='grc' dir='ltr'>διαφορᾶς</span> <span class='ocrx_word' id='word_1_317' title='bbox 1629 2434 1985 2506; x_wconf 79' lang='grc' dir='ltr'>προτίθεσθαι</span> 
     </span>
    </p>
   </div>
   <div class='ocr_carea' id='block_1_41' title="bbox 401 2525 2021 2597">
    <p class='ocr_par' dir='ltr' id='par_1_41' title="bbox 401 2525 2021 2597">
     <span class='ocr_line' id='line_1_41' title="bbox 401 2525 2021 2597; baseline 0 -18"><span class='ocrx_word' id='word_1_318' title='bbox 401 2525 834 2596; x_wconf 78' lang='grc' dir='ltr'>συμϐουλεύοντι</span> <span class='ocrx_word' id='word_1_319' title='bbox 883 2531 1200 2597; x_wconf 85' lang='grc' dir='ltr'>συγκροτεῖ.</span> <span class='ocrx_word' id='word_1_320' title='bbox 1247 2529 1389 2595; x_wconf 82' lang='grc' dir='ltr'><strong>Ἐγὼ</strong></span> <span class='ocrx_word' id='word_1_321' title='bbox 1435 2528 1490 2580; x_wconf 81' lang='grc' dir='ltr'>δὲ</span> <span class='ocrx_word' id='word_1_322' title='bbox 1523 2531 1616 2581; x_wconf 81' lang='grc' dir='ltr'><strong>καί</strong></span> <span class='ocrx_word' id='word_1_323' title='bbox 1660 2527 1740 2579; x_wconf 80' lang='grc' dir='ltr'>ἔτι</span> <span class='ocrx_word' id='word_1_324' title='bbox 1769 2526 1861 2579; x_wconf 73' lang='grc' dir='ltr'><strong>τὸν</strong></span> <span class='ocrx_word' id='word_1_325' title='bbox 1888 2526 1987 2595; x_wconf 83' lang='grc' dir='ltr'>τῆς</span> <span class='ocrx_word' id='word_1_326' title='bbox 2018 2576 2021 2579; x_wconf 38' lang='grc' dir='ltr'><strong>λ</strong></span> 
     </span>
    </p>
   </div>
   <div class='ocr_carea' id='block_1_42' title="bbox 400 2618 1986 2693">
    <p class='ocr_par' dir='ltr' id='par_1_42' title="bbox 400 2618 1986 2693">
     <span class='ocr_line' id='line_1_42' title="bbox 400 2618 1986 2693; baseline 0.001 -20"><span class='ocrx_word' id='word_1_327' title='bbox 400 2619 686 2687; x_wconf 73' lang='grc' dir='ltr'>θεολογίας</span> <span class='ocrx_word' id='word_1_328' title='bbox 731 2620 1021 2693; x_wconf 78' lang='grc' dir='ltr'>ἐπώνυμον</span> <span class='ocrx_word' id='word_1_329' title='bbox 1062 2624 1353 2677; x_wconf 72' lang='grc' dir='ltr'>τοῦτον-ὲν</span> <span class='ocrx_word' id='word_1_330' title='bbox 1384 2622 1592 2691; x_wconf 77' lang='grc' dir='ltr'>ἑτέροις</span> <span class='ocrx_word' id='word_1_331' title='bbox 1644 2618 1822 2689; x_wconf 75' lang='grc' dir='ltr'>πολλῷ</span> <span class='ocrx_word' id='word_1_332' title='bbox 1865 2620 1986 2690; x_wconf 85' lang='grc' dir='ltr'>μεί-</span> 
     </span>
    </p>
   </div>
   <div class='ocr_carea' id='block_1_43' title="bbox 401 2711 1987 2785">
    <p class='ocr_par' dir='ltr' id='par_1_43' title="bbox 401 2711 1987 2785">
     <span class='ocr_line' id='line_1_43' title="bbox 401 2711 1987 2785; baseline 0 -19"><span class='ocrx_word' id='word_1_333' title='bbox 401 2711 527 2777; x_wconf 76' lang='grc' dir='ltr'>ζοσι</span> <span class='ocrx_word' id='word_1_334' title='bbox 556 2712 950 2784; x_wconf 74' lang='grc' dir='ltr'><strong>συγχωροῦντα</strong></span> <span class='ocrx_word' id='word_1_335' title='bbox 990 2722 1331 2785; x_wconf 76' lang='grc' dir='ltr'><strong>παραστήσω</strong></span> <span class='ocrx_word' id='word_1_336' title='bbox 1370 2734 1454 2769; x_wconf 87' lang='grc' dir='ltr'><strong>σοι</strong></span> <span class='ocrx_word' id='word_1_337' title='bbox 1484 2717 1543 2769; x_wconf 81' lang='grc' dir='ltr'><strong>τὸ</strong></span> <span class='ocrx_word' id='word_1_338' title='bbox 1573 2714 1682 2767; x_wconf 88' lang='grc' dir='ltr'><strong>τῶν</strong></span> <span class='ocrx_word' id='word_1_339' title='bbox 1712 2715 1987 2785; x_wconf 74' lang='grc' dir='ltr'>ὀνομάτων</span> 
     </span>
    </p>
   </div>
   <div class='ocr_carea' id='block_1_44' title="bbox 399 2805 1988 2878">
    <p class='ocr_par' dir='ltr' id='par_1_44' title="bbox 399 2805 1988 2878">
     <span class='ocr_line' id='line_1_44' title="bbox 399 2805 1988 2878; baseline 0.003 -23"><span class='ocrx_word' id='word_1_340' title='bbox 399 2806 687 2875; x_wconf 71' lang='grc' dir='ltr'>διάφορον.</span> <span class='ocrx_word' id='word_1_341' title='bbox 740 2805 956 2876; x_wconf 78' lang='grc' dir='ltr'>Ἐπειδὴ</span> <span class='ocrx_word' id='word_1_342' title='bbox 1009 2808 1131 2878; x_wconf 50' lang='grc' dir='ltr'>γάρ,</span> <span class='ocrx_word' id='word_1_343' title='bbox 1184 2824 1336 2871; x_wconf 88' lang='grc' dir='ltr'>τινας</span> <span class='ocrx_word' id='word_1_344' title='bbox 1389 2809 1534 2878; x_wconf 81' lang='grc' dir='ltr'>ἐώρα</span> <span class='ocrx_word' id='word_1_345' title='bbox 1604 2809 1697 2861; x_wconf 75' lang='grc' dir='ltr'>ὑπ’</span> <span class='ocrx_word' id='word_1_346' title='bbox 1748 2808 1988 2877; x_wconf 78' lang='grc' dir='ltr'>ἀμαθίας</span> 
     </span>
    </p>
   </div>
   <div class='ocr_carea' id='block_1_45' title="bbox 399 2897 1987 2972">
    <p class='ocr_par' dir='ltr' id='par_1_45' title="bbox 399 2897 1987 2972">
     <span class='ocr_line' id='line_1_45' title="bbox 399 2897 1987 2972; baseline 0.003 -23"><span class='ocrx_word' id='word_1_347' title='bbox 399 2897 899 2966; x_wconf 80' lang='grc' dir='ltr'>διευλαϐουμένους</span> <span class='ocrx_word' id='word_1_348' title='bbox 936 2901 1036 2969; x_wconf 78' lang='grc' dir='ltr'><strong>τὴν</strong></span> <span class='ocrx_word' id='word_1_349' title='bbox 1087 2900 1230 2966; x_wconf 83' lang='grc' dir='ltr'>Θεὸς</span> <span class='ocrx_word' id='word_1_350' title='bbox 1269 2901 1453 2972; x_wconf 71' lang='grc' dir='ltr'>φωνὴν</span> <span class='ocrx_word' id='word_1_351' title='bbox 1490 2902 1582 2953; x_wconf 72' lang='grc' dir='ltr'>ἐπὶ</span> <span class='ocrx_word' id='word_1_352' title='bbox 1614 2901 1691 2970; x_wconf 80' lang='grc' dir='ltr'>τῷ</span> <span class='ocrx_word' id='word_1_353' title='bbox 1738 2900 1987 2971; x_wconf 67' lang='grc' dir='ltr'>ζωοτοιῷ</span> 
     </span>
    </p>
   </div>
   <div class='ocr_carea' id='block_1_46' title="bbox 399 2989 1987 3065">
    <p class='ocr_par' dir='ltr' id='par_1_46' title="bbox 399 2989 1987 3065">
     <span class='ocr_line' id='line_1_46' title="bbox 399 2989 1987 3065; baseline 0.006 -25"><span class='ocrx_word' id='word_1_354' title='bbox 399 2992 499 3041; x_wconf 80' lang='grc' dir='ltr'><strong>καὶ</strong></span> <span class='ocrx_word' id='word_1_355' title='bbox 529 2989 671 3059; x_wconf 79' lang='grc' dir='ltr'>ἁγίῳ</span> <span class='ocrx_word' id='word_1_356' title='bbox 718 2992 1022 3062; x_wconf 77' lang='grc' dir='ltr'>Πνεύματι,</span> <span class='ocrx_word' id='word_1_357' title='bbox 1060 2996 1168 3046; x_wconf 81' lang='grc' dir='ltr'>πᾶν</span> <span class='ocrx_word' id='word_1_358' title='bbox 1200 2994 1255 3046; x_wconf 77' lang='grc' dir='ltr'>δὲ</span> <span class='ocrx_word' id='word_1_359' title='bbox 1284 2995 1529 3057; x_wconf 71' lang='grc' dir='ltr'>διδόντας</span> <span class='ocrx_word' id='word_1_360' title='bbox 1576 2996 1764 3065; x_wconf 78' lang='grc' dir='ltr'>ἕτερον</span> <span class='ocrx_word' id='word_1_361' title='bbox 1793 2996 1987 3065; x_wconf 77' lang='grc' dir='ltr'>ὄνομα,</span> 
     </span>
    </p>
   </div>
   <div class='ocr_carea' id='block_1_47' title="bbox 402 3075 1990 3153">
    <p class='ocr_par' dir='ltr' id='par_1_47' title="bbox 402 3075 1990 3153">
     <span class='ocr_line' id='line_1_47' title="bbox 402 3075 1990 3153; baseline 0.003 -22"><span class='ocrx_word' id='word_1_362' title='bbox 402 3076 561 3132; x_wconf 80' lang='grc' dir='ltr'>οὐδὲν</span> <span class='ocrx_word' id='word_1_363' title='bbox 590 3075 753 3151; x_wconf 82' lang='grc' dir='ltr'>ἦττον</span> <span class='ocrx_word' id='word_1_364' title='bbox 795 3082 895 3151; x_wconf 82' lang='grc' dir='ltr'>τὴν</span> <span class='ocrx_word' id='word_1_365' title='bbox 938 3082 1108 3152; x_wconf 82' lang='grc' dir='ltr'>αὐτὴν</span> <span class='ocrx_word' id='word_1_366' title='bbox 1137 3083 1497 3151; x_wconf 75' lang='grc' dir='ltr'>διασημαῖνον</span> <span class='ocrx_word' id='word_1_367' title='bbox 1544 3086 1636 3136; x_wconf 81' lang='grc' dir='ltr'><strong>καὶ</strong></span> <span class='ocrx_word' id='word_1_368' title='bbox 1688 3082 1990 3153; x_wconf 83' lang='grc' dir='ltr'>δυνάμενον</span> 
     </span>
    </p>
   </div>
   <div class='ocr_carea' id='block_1_48' title="bbox 402 3168 1990 3243">
    <p class='ocr_par' dir='ltr' id='par_1_48' title="bbox 402 3168 1990 3243">
     <span class='ocr_line' id='line_1_48' title="bbox 402 3168 1990 3243; baseline 0.001 -23"><span class='ocrx_word' id='word_1_369' title='bbox 402 3168 642 3235; x_wconf 73' lang='grc' dir='ltr'>ἑννοαν,</span> <span class='ocrx_word' id='word_1_370' title='bbox 673 3190 691 3222; x_wconf 85' lang='grc'><strong>‹</strong></span> <span class='ocrx_word' id='word_1_371' title='bbox 728 3171 964 3242; x_wconf 80' lang='grc' dir='ltr'>Αίσχρὸν</span> <span class='ocrx_word' id='word_1_372' title='bbox 996 3173 1115 3242; x_wconf 86' lang='grc' dir='ltr'>μὲν,</span> <span class='ocrx_word' id='word_1_373' title='bbox 1146 3171 1332 3242; x_wconf 72' lang='grc' dir='ltr'>φησὶν,</span> <span class='ocrx_word' id='word_1_374' title='bbox 1368 3171 1614 3243; x_wconf 73' lang='grc' dir='ltr'>αἰσχρὸν,</span> <span class='ocrx_word' id='word_1_375' title='bbox 1661 3173 1754 3223; x_wconf 82' lang='grc' dir='ltr'><strong>καὶ</strong></span> <span class='ocrx_word' id='word_1_376' title='bbox 1792 3170 1990 3232; x_wconf 74' lang='grc' dir='ltr'>ἱκανῶς</span> 
     </span>
    </p>
   </div>
   <div class='ocr_carea' id='block_1_49' title="bbox 401 3259 1990 3336">
    <p class='ocr_par' dir='ltr' id='par_1_49' title="bbox 401 3259 1990 3336">
     <span class='ocr_line' id='line_1_49' title="bbox 401 3259 1990 3336; baseline -0.004 -20"><span class='ocrx_word' id='word_1_377' title='bbox 401 3262 602 3330; x_wconf 83' lang='grc' dir='ltr'>ἄλογον</span> <span class='ocrx_word' id='word_1_378' title='bbox 637 3263 779 3315; x_wconf 77' lang='grc' dir='ltr'>κατὰ</span> <span class='ocrx_word' id='word_1_379' title='bbox 808 3264 906 3333; x_wconf 83' lang='grc' dir='ltr'>τὴν</span> <span class='ocrx_word' id='word_1_380' title='bbox 931 3264 1111 3336; x_wconf 75' lang='grc' dir='ltr'>ψυχὴν</span> <span class='ocrx_word' id='word_1_381' title='bbox 1144 3265 1513 3336; x_wconf 70' lang='grc' dir='ltr'>ἐρρωμένους,</span> <span class='ocrx_word' id='word_1_382' title='bbox 1545 3259 1990 3332; x_wconf 71' lang='grc' dir='ltr'>μικρολογεῖσοαι</span> 
     </span>
    </p>
   </div>
   <div class='ocr_carea' id='block_1_50' title="bbox 401 3350 1991 3431">
    <p class='ocr_par' dir='ltr' id='par_1_50' title="bbox 401 3350 1991 3431">
     <span class='ocr_line' id='line_1_50' title="bbox 401 3350 1991 3431; baseline -0.003 -25"><span class='ocrx_word' id='word_1_383' title='bbox 401 3356 535 3425; x_wconf 42' lang='lat' dir='ltr'><strong>ﬂat</strong></span> <span class='ocrx_word' id='word_1_384' title='bbox 561 3354 652 3406; x_wconf 76' lang='grc' dir='ltr'>τὸν</span> <span class='ocrx_word' id='word_1_385' title='bbox 686 3350 843 3425; x_wconf 72' lang='grc' dir='ltr'>ἦχον,</span> <span class='ocrx_word' id='word_1_386' title='bbox 897 3356 995 3408; x_wconf 75' lang='grc' dir='ltr'>καὶ</span> <span class='ocrx_word' id='word_1_387' title='bbox 1039 3354 1302 3424; x_wconf 79' lang='grc' dir='ltr'>κρύπτειν</span> <span class='ocrx_word' id='word_1_388' title='bbox 1332 3355 1422 3406; x_wconf 67' lang='grc' dir='ltr'>τὶν</span> <span class='ocrx_word' id='word_1_389' title='bbox 1473 3354 1770 3431; x_wconf 59' lang='grc' dir='ltr'>θησαυρὸν,</span> <span class='ocrx_word' id='word_1_390' title='bbox 1803 3351 1991 3421; x_wconf 80' lang='grc' dir='ltr'>ῶσπερ</span> 
     </span>
    </p>
   </div>
   <div class='ocr_carea' id='block_1_51' title="bbox 401 3444 1991 3517">
    <p class='ocr_par' dir='ltr' id='par_1_51' title="bbox 401 3444 1991 3517">
     <span class='ocr_line' id='line_1_51' title="bbox 401 3444 1991 3517; baseline -0.004 -14"><span class='ocrx_word' id='word_1_391' title='bbox 401 3450 589 3507; x_wconf 75' lang='grc' dir='ltr'>ἄλλοις</span> <span class='ocrx_word' id='word_1_392' title='bbox 624 3449 1045 3517; x_wconf 81' lang='grc' dir='ltr'>βασκαίνοντας,</span> <span class='ocrx_word' id='word_1_393' title='bbox 1072 3447 1283 3517; x_wconf 69' lang='grc' dir='ltr'>αἴσχιον</span> <span class='ocrx_word' id='word_1_394' title='bbox 1313 3446 1368 3499; x_wconf 78' lang='grc' dir='ltr'>δὲ</span> <span class='ocrx_word' id='word_1_395' title='bbox 1404 3447 1555 3516; x_wconf 78' lang='grc' dir='ltr'>ἡμῖν,</span> <span class='ocrx_word' id='word_1_396' title='bbox 1584 3444 1612 3498; x_wconf 82' lang='grc' dir='ltr'>ὃ</span> <span class='ocrx_word' id='word_1_397' title='bbox 1652 3445 1991 3514; x_wconf 73' lang='grc' dir='ltr'>ἐγκαλοῦμεν</span> 
     </span>
    </p>
   </div>
   <div class='ocr_carea' id='block_1_52' title="bbox 401 3537 1992 3609">
    <p class='ocr_par' dir='ltr' id='par_1_52' title="bbox 401 3537 1992 3609">
     <span class='ocr_line' id='line_1_52' title="bbox 401 3537 1992 3609; baseline -0.002 -19"><span class='ocrx_word' id='word_1_398' title='bbox 401 3538 626 3602; x_wconf 80' lang='grc' dir='ltr'>παθεῖν,</span> <span class='ocrx_word' id='word_1_399' title='bbox 668 3537 765 3591; x_wconf 74' lang='grc' dir='ltr'>καὶ</span> <span class='ocrx_word' id='word_1_400' title='bbox 820 3540 1182 3609; x_wconf 77' lang='grc' dir='ltr'>μικρολογίαν</span> <span class='ocrx_word' id='word_1_401' title='bbox 1216 3537 1750 3605; x_wconf 75' lang='grc' dir='ltr'>καταγινώσκοντας,</span> <span class='ocrx_word' id='word_1_402' title='bbox 1794 3538 1992 3597; x_wconf 75' lang='grc' dir='ltr'>αὐτοὺς</span> 
     </span>
    </p>
   </div>
   <div class='ocr_carea' id='block_1_53' title="bbox 2080 2341 3667 2412">
    <p class='ocr_par' dir='ltr' id='par_1_53' title="bbox 2080 2341 3667 2412">
     <span class='ocr_line' id='line_1_53' title="bbox 2080 2341 3667 2412; baseline 0.006 -19"><span class='ocrx_word' id='word_1_403' title='bbox 2080 2342 2297 2408; x_wconf 64' lang='lat' dir='ltr'><strong>‘maguo</strong></span> <span class='ocrx_word' id='word_1_404' title='bbox 2341 2341 2665 2403; x_wconf 85' lang='lat' dir='ltr'><strong>Athanasio,</strong></span> <span class='ocrx_word' id='word_1_405' title='bbox 2694 2356 2759 2394; x_wconf 79' lang='lat' dir='ltr'><strong>ex</strong></span> <span class='ocrx_word' id='word_1_406' title='bbox 2802 2343 3069 2395; x_wconf 86' lang='lat' dir='ltr'><strong>sententia</strong></span> <span class='ocrx_word' id='word_1_407' title='bbox 3110 2360 3466 2412; x_wconf 86' lang='lat' dir='ltr'><strong>couseusmn,</strong></span> <span class='ocrx_word' id='word_1_408' title='bbox 3511 2348 3667 2401; x_wconf 71' lang='lat' dir='ltr'><strong>diffe-</strong></span> 
     </span>
    </p>
   </div>
   <div class='ocr_carea' id='block_1_54' title="bbox 2091 2433 3672 2505">
    <p class='ocr_par' dir='ltr' id='par_1_54' title="bbox 2091 2433 3672 2505">
     <span class='ocr_line' id='line_1_54' title="bbox 2091 2433 3672 2505; baseline 0.005 -19"><span class='ocrx_word' id='word_1_409' title='bbox 2091 2433 2308 2502; x_wconf 73' lang='lat' dir='ltr'><strong>rentim,</strong></span> <span class='ocrx_word' id='word_1_410' title='bbox 2341 2449 2463 2502; x_wconf 76' lang='lat' dir='ltr'><strong>quae</strong></span> <span class='ocrx_word' id='word_1_411' title='bbox 2494 2448 2557 2486; x_wconf 83' lang='lat' dir='ltr'><strong>ex</strong></span> <span class='ocrx_word' id='word_1_412' title='bbox 2593 2435 2817 2488; x_wconf 80' lang='lat' dir='ltr'><strong>vocibus</strong></span> <span class='ocrx_word' id='word_1_413' title='bbox 2846 2437 3040 2500; x_wconf 90' lang='lat' dir='ltr'><strong>oritur,</strong></span> <span class='ocrx_word' id='word_1_414' title='bbox 3076 2439 3515 2505; x_wconf 86' lang='lat' dir='ltr'><strong>anteponendum</strong></span> <span class='ocrx_word' id='word_1_415' title='bbox 3550 2456 3672 2494; x_wconf 86' lang='lat' dir='ltr'><strong>esse</strong></span> 
     </span>
    </p>
   </div>
   <div class='ocr_carea' id='block_1_55' title="bbox 2090 2525 3673 2598">
    <p class='ocr_par' dir='ltr' id='par_1_55' title="bbox 2090 2525 3673 2598">
     <span class='ocr_line' id='line_1_55' title="bbox 2090 2525 3673 2598; baseline 0.006 -20"><span class='ocrx_word' id='word_1_416' title='bbox 2090 2525 2335 2579; x_wconf 87' lang='lat' dir='ltr'><strong>suadenti</strong></span> <span class='ocrx_word' id='word_1_417' title='bbox 2359 2541 2641 2579; x_wconf 66' lang='lat' dir='ltr'><strong>aSsensum</strong></span> <span class='ocrx_word' id='word_1_418' title='bbox 2665 2526 2885 2596; x_wconf 81' lang='lat' dir='ltr'><strong>praebet.</strong></span> <span class='ocrx_word' id='word_1_419' title='bbox 2912 2526 3020 2597; x_wconf 80' lang='lat' dir='ltr'><strong>Ego</strong></span> <span class='ocrx_word' id='word_1_420' title='bbox 3040 2544 3167 2582; x_wconf 89' lang='lat' dir='ltr'><strong>vero</strong></span> <span class='ocrx_word' id='word_1_421' title='bbox 3187 2540 3441 2598; x_wconf 80' lang='lat' dir='ltr'><strong>praeterea</strong></span> <span class='ocrx_word' id='word_1_422' title='bbox 3463 2532 3673 2587; x_wconf 72' lang='lat' dir='ltr'><strong>iturCCe</strong></span> 
     </span>
    </p>
   </div>
   <div class='ocr_carea' id='block_1_56' title="bbox 2091 2618 3672 2690">
    <p class='ocr_par' dir='ltr' id='par_1_56' title="bbox 2091 2618 3672 2690">
     <span class='ocr_line' id='line_1_56' title="bbox 2091 2618 3672 2690; baseline 0.005 -18"><span class='ocrx_word' id='word_1_423' title='bbox 2091 2618 2404 2687; x_wconf 80' lang='lat' dir='ltr'><strong>theologum</strong></span> <span class='ocrx_word' id='word_1_424' title='bbox 2448 2619 2501 2670; x_wconf 89' lang='lat' dir='ltr'><strong>iu</strong></span> <span class='ocrx_word' id='word_1_425' title='bbox 2549 2618 2713 2672; x_wconf 83' lang='lat' dir='ltr'><strong>rebus</strong></span> <span class='ocrx_word' id='word_1_426' title='bbox 2758 2619 2922 2671; x_wconf 86' lang='lat' dir='ltr'><strong>etiam</strong></span> <span class='ocrx_word' id='word_1_427' title='bbox 2962 2621 3085 2675; x_wconf 86' lang='lat' dir='ltr'><strong>aliis</strong></span> <span class='ocrx_word' id='word_1_428' title='bbox 3139 2623 3360 2690; x_wconf 74' lang='lat' dir='ltr'><strong>majoris</strong></span> <span class='ocrx_word' id='word_1_429' title='bbox 3408 2626 3672 2679; x_wconf 83' lang='lat' dir='ltr'><strong>momenti</strong></span> 
     </span>
    </p>
   </div>
   <div class='ocr_carea' id='block_1_57' title="bbox 2090 2711 3673 2771">
    <p class='ocr_par' dir='ltr' id='par_1_57' title="bbox 2090 2711 3673 2771">
     <span class='ocr_line' id='line_1_57' title="bbox 2090 2711 3673 2771; baseline 0.004 -7"><span class='ocrx_word' id='word_1_430' title='bbox 2090 2713 2374 2764; x_wconf 81' lang='lat' dir='ltr'><strong>notuiuum</strong></span> <span class='ocrx_word' id='word_1_431' title='bbox 2410 2711 2783 2765; x_wconf 84' lang='lat' dir='ltr'><strong>diversitatem</strong></span> <span class='ocrx_word' id='word_1_432' title='bbox 2827 2714 3217 2767; x_wconf 86' lang='lat' dir='ltr'><strong>concedentem</strong></span> <span class='ocrx_word' id='word_1_433' title='bbox 3251 2716 3345 2768; x_wconf 81' lang='lat' dir='ltr'><strong>tibi</strong></span> <span class='ocrx_word' id='word_1_434' title='bbox 3374 2718 3444 2768; x_wconf 89' lang='lat' dir='ltr'><strong>oh</strong></span> <span class='ocrx_word' id='word_1_435' title='bbox 3484 2717 3673 2771; x_wconf 78' lang='lat' dir='ltr'><strong>oculos</strong></span> 
     </span>
    </p>
   </div>
   <div class='ocr_carea' id='block_1_58' title="bbox 2091 2805 3671 2873">
    <p class='ocr_par' dir='ltr' id='par_1_58' title="bbox 2091 2805 3671 2873">
     <span class='ocr_line' id='line_1_58' title="bbox 2091 2805 3671 2873; baseline 0.004 -13"><span class='ocrx_word' id='word_1_436' title='bbox 2091 2806 2385 2860; x_wconf 80' lang='lat' dir='ltr'><strong>exhibebo.</strong></span> <span class='ocrx_word' id='word_1_437' title='bbox 2424 2805 2561 2858; x_wconf 78' lang='lat' dir='ltr'><strong>Cum</strong></span> <span class='ocrx_word' id='word_1_438' title='bbox 2598 2808 2899 2861; x_wconf 83' lang='lat' dir='ltr'><strong>nonnullos</strong></span> <span class='ocrx_word' id='word_1_439' title='bbox 2929 2809 3257 2873; x_wconf 85' lang='lat' dir='ltr'><strong>intueretur,</strong></span> <span class='ocrx_word' id='word_1_440' title='bbox 3287 2814 3360 2865; x_wconf 86' lang='lat' dir='ltr'><strong>ob</strong></span> <span class='ocrx_word' id='word_1_441' title='bbox 3398 2813 3671 2866; x_wconf 77' lang='lat' dir='ltr'><strong>inscitiam</strong></span> 
     </span>
    </p>
   </div>
   <div class='ocr_carea' id='block_1_59' title="bbox 2096 2898 3672 2976">
    <p class='ocr_par' dir='ltr' id='par_1_59' title="bbox 2096 2898 3672 2976">
     <span class='ocr_line' id='line_1_59' title="bbox 2096 2898 3672 2976; baseline 0.006 -25"><span class='ocrx_word' id='word_1_442' title='bbox 2096 2898 2193 2952; x_wconf 79' lang='lat' dir='ltr'><strong>Dei</strong></span> <span class='ocrx_word' id='word_1_443' title='bbox 2219 2915 2402 2953; x_wconf 75' lang='lat' dir='ltr'><strong>verem</strong></span> <span class='ocrx_word' id='word_1_444' title='bbox 2424 2901 2487 2953; x_wconf 87' lang='lat' dir='ltr'><strong>de</strong></span> <span class='ocrx_word' id='word_1_445' title='bbox 2514 2899 2725 2952; x_wconf 70' lang='lat' dir='ltr'><strong>vivitiro</strong></span> <span class='ocrx_word' id='word_1_446' title='bbox 2750 2913 3053 2970; x_wconf 80' lang='lat' dir='ltr'><strong>sanctoque</strong></span> <span class='ocrx_word' id='word_1_447' title='bbox 3082 2905 3285 2971; x_wconf 86' lang='lat' dir='ltr'><strong>Spiritu</strong></span> <span class='ocrx_word' id='word_1_448' title='bbox 3319 2906 3672 2976; x_wconf 79' lang='lat' dir='ltr'><strong>refugientes,</strong></span> 
     </span>
    </p>
   </div>
   <div class='ocr_carea' id='block_1_60' title="bbox 2093 2991 3672 3058">
    <p class='ocr_par' dir='ltr' id='par_1_60' title="bbox 2093 2991 3672 3058">
     <span class='ocr_line' id='line_1_60' title="bbox 2093 2991 3672 3058; baseline 0.003 -15"><span class='ocrx_word' id='word_1_449' title='bbox 2093 2991 2199 3043; x_wconf 87' lang='lat' dir='ltr'><strong>alia</strong></span> <span class='ocrx_word' id='word_1_450' title='bbox 2233 3005 2360 3043; x_wconf 85' lang='lat' dir='ltr'><strong>vero</strong></span> <span class='ocrx_word' id='word_1_451' title='bbox 2415 2992 2598 3058; x_wconf 88' lang='lat' dir='ltr'><strong>aliqua</strong></span> <span class='ocrx_word' id='word_1_452' title='bbox 2660 2993 2991 3056; x_wconf 64' lang='lat' dir='ltr'><strong>tribuentes,</strong></span> <span class='ocrx_word' id='word_1_453' title='bbox 3039 3009 3145 3046; x_wconf 89' lang='lat' dir='ltr'><strong>non</strong></span> <span class='ocrx_word' id='word_1_454' title='bbox 3200 2995 3380 3049; x_wconf 88' lang='lat' dir='ltr'><strong>minus</strong></span> <span class='ocrx_word' id='word_1_455' title='bbox 3426 3001 3672 3049; x_wconf 73' lang='lat' dir='ltr'><strong>eannletu</strong></span> 
     </span>
    </p>
   </div>
   <div class='ocr_carea' id='block_1_61' title="bbox 2093 3083 3670 3157">
    <p class='ocr_par' dir='ltr' id='par_1_61' title="bbox 2093 3083 3670 3157">
     <span class='ocr_line' id='line_1_61' title="bbox 2093 3083 3670 3157; baseline 0.002 -21"><span class='ocrx_word' id='word_1_456' title='bbox 2093 3083 2415 3136; x_wconf 82' lang='lat' dir='ltr'><strong>sententiam</strong></span> <span class='ocrx_word' id='word_1_457' title='bbox 2439 3084 2775 3151; x_wconf 72' lang='lat' dir='ltr'><strong>exprimens,</strong></span> <span class='ocrx_word' id='word_1_458' title='bbox 2800 3086 2980 3153; x_wconf 83' lang='lat' dir='ltr'><strong>Turpe</strong></span> <span class='ocrx_word' id='word_1_459' title='bbox 3009 3098 3115 3153; x_wconf 78' lang='lat' dir='ltr'><strong>est,</strong></span> <span class='ocrx_word' id='word_1_460' title='bbox 3150 3089 3351 3157; x_wconf 86' lang='lat' dir='ltr'><strong>inquit,</strong></span> <span class='ocrx_word' id='word_1_461' title='bbox 3387 3098 3462 3141; x_wconf 86' lang='grc' dir='ltr'><strong>ιιιι</strong></span> <span class='ocrx_word' id='word_1_462' title='bbox 3481 3104 3543 3156; x_wconf 89' lang='lat' dir='ltr'><strong>pe</strong></span> <span class='ocrx_word' id='word_1_463' title='bbox 3566 3098 3670 3151; x_wconf 78' lang='lat' dir='ltr'><strong>est,</strong></span> 
     </span>
    </p>
   </div>
   <div class='ocr_carea' id='block_1_62' title="bbox 2092 3177 3673 3253">
    <p class='ocr_par' dir='ltr' id='par_1_62' title="bbox 2092 3177 3673 3253">
     <span class='ocr_line' id='line_1_62' title="bbox 2092 3177 3673 3253; baseline 0.004 -22"><span class='ocrx_word' id='word_1_464' title='bbox 2092 3185 2146 3231; x_wconf 89' lang='lat' dir='ltr'><strong>et</strong></span> <span class='ocrx_word' id='word_1_465' title='bbox 2179 3177 2599 3245; x_wconf 83' lang='lat' dir='ltr'><strong>perabsurdum,</strong></span> <span class='ocrx_word' id='word_1_466' title='bbox 2637 3178 2764 3231; x_wconf 91' lang='lat' dir='ltr'><strong>dum</strong></span> <span class='ocrx_word' id='word_1_467' title='bbox 2807 3180 2993 3234; x_wconf 84' lang='lat' dir='ltr'><strong>animo</strong></span> <span class='ocrx_word' id='word_1_468' title='bbox 3026 3182 3292 3244; x_wconf 88' lang='lat' dir='ltr'><strong>valemus,</strong></span> <span class='ocrx_word' id='word_1_469' title='bbox 3338 3184 3529 3253; x_wconf 66' lang='lat' dir='ltr'><strong>longos</strong></span> <span class='ocrx_word' id='word_1_470' title='bbox 3559 3200 3673 3237; x_wconf 62' lang='lat' dir='ltr'><strong>sero</strong></span> 
     </span>
    </p>
   </div>
   <div class='ocr_carea' id='block_1_63' title="bbox 2095 3272 3676 3339">
    <p class='ocr_par' dir='ltr' id='par_1_63' title="bbox 2095 3272 3676 3339">
     <span class='ocr_line' id='line_1_63' title="bbox 2095 3272 3676 3339; baseline 0.006 -17"><span class='ocrx_word' id='word_1_471' title='bbox 2095 3284 2284 3323; x_wconf 85' lang='lat' dir='ltr'><strong>moues</strong></span> <span class='ocrx_word' id='word_1_472' title='bbox 2311 3278 2493 3323; x_wconf 81' lang='lat' dir='ltr'><strong>texere</strong></span> <span class='ocrx_word' id='word_1_473' title='bbox 2516 3272 2658 3325; x_wconf 85' lang='lat' dir='ltr'><strong>circa</strong></span> <span class='ocrx_word' id='word_1_474' title='bbox 2688 3273 2836 3326; x_wconf 91' lang='lat' dir='ltr'><strong>vocis</strong></span> <span class='ocrx_word' id='word_1_475' title='bbox 2860 3288 3080 3339; x_wconf 90' lang='lat' dir='ltr'><strong>sonum,</strong></span> <span class='ocrx_word' id='word_1_476' title='bbox 3106 3284 3157 3326; x_wconf 80' lang='lat' dir='ltr'><strong>et</strong></span> <span class='ocrx_word' id='word_1_477' title='bbox 3180 3275 3430 3329; x_wconf 87' lang='lat' dir='ltr'><strong>occulere</strong></span> <span class='ocrx_word' id='word_1_478' title='bbox 3456 3278 3676 3332; x_wconf 63' lang='lat' dir='ltr'><strong>thssau-</strong></span> 
     </span>
    </p>
   </div>
   <div class='ocr_carea' id='block_1_64' title="bbox 2093 3362 3678 3434">
    <p class='ocr_par' dir='ltr' id='par_1_64' title="bbox 2093 3362 3678 3434">
     <span class='ocr_line' id='line_1_64' title="bbox 2093 3362 3678 3434; baseline 0.008 -22"><span class='ocrx_word' id='word_1_479' title='bbox 2093 3376 2238 3422; x_wconf 86' lang='lat' dir='ltr'><strong>rum,</strong></span> <span class='ocrx_word' id='word_1_480' title='bbox 2272 3363 2569 3430; x_wconf 85' lang='lat' dir='ltr'><strong>quasialiis</strong></span> <span class='ocrx_word' id='word_1_481' title='bbox 2595 3379 2722 3417; x_wconf 82' lang='lat' dir='ltr'><strong>eum</strong></span> <span class='ocrx_word' id='word_1_482' title='bbox 2746 3364 3076 3418; x_wconf 81' lang='lat' dir='ltr'><strong>invidentes.</strong></span> <span class='ocrx_word' id='word_1_483' title='bbox 3108 3362 3347 3434; x_wconf 88' lang='lat' dir='ltr'><strong>Turpius</strong></span> <span class='ocrx_word' id='word_1_484' title='bbox 3369 3377 3550 3421; x_wconf 80' lang='lat' dir='ltr'><strong>autent</strong></span> <span class='ocrx_word' id='word_1_485' title='bbox 3593 3379 3678 3424; x_wconf 84' lang='lat' dir='ltr'><strong>est</strong></span> 
     </span>
    </p>
   </div>
   <div class='ocr_carea' id='block_1_65' title="bbox 2095 3453 3677 3529">
    <p class='ocr_par' dir='ltr' id='par_1_65' title="bbox 2095 3453 3677 3529">
     <span class='ocr_line' id='line_1_65' title="bbox 2095 3453 3677 3529; baseline 0.006 -22"><span class='ocrx_word' id='word_1_486' title='bbox 2095 3453 2286 3507; x_wconf 86' lang='lat' dir='ltr'><strong>eodem</strong></span> <span class='ocrx_word' id='word_1_487' title='bbox 2331 3455 2462 3509; x_wconf 91' lang='lat' dir='ltr'><strong>vitio</strong></span> <span class='ocrx_word' id='word_1_488' title='bbox 2508 3455 2701 3513; x_wconf 89' lang='lat' dir='ltr'><strong>teneri.</strong></span> <span class='ocrx_word' id='word_1_489' title='bbox 2749 3456 2895 3525; x_wconf 90' lang='lat' dir='ltr'><strong>quod</strong></span> <span class='ocrx_word' id='word_1_490' title='bbox 2954 3457 3108 3512; x_wconf 87' lang='lat' dir='ltr'><strong>vobis</strong></span> <span class='ocrx_word' id='word_1_491' title='bbox 3154 3457 3468 3528; x_wconf 80' lang='lat' dir='ltr'><strong>ohjicimus,</strong></span> <span class='ocrx_word' id='word_1_492' title='bbox 3515 3472 3677 3529; x_wconf 83' lang='lat' dir='ltr'><strong>atquc</strong></span> 
     </span>
    </p>
   </div>
   <div class='ocr_carea' id='block_1_66' title="bbox 2097 3542 3677 3608">
    <p class='ocr_par' dir='ltr' id='par_1_66' title="bbox 2097 3542 3677 3608">
     <span class='ocr_line' id='line_1_66' title="bbox 2097 3542 3677 3608; baseline 0.005 -11"><span class='ocrx_word' id='word_1_493' title='bbox 2097 3559 2220 3597; x_wconf 87' lang='lat' dir='ltr'><strong>cum</strong></span> <span class='ocrx_word' id='word_1_494' title='bbox 2251 3546 2470 3597; x_wconf 81' lang='lat' dir='ltr'><strong>anxiam</strong></span> <span class='ocrx_word' id='word_1_495' title='bbox 2506 3556 2742 3600; x_wconf 88' lang='lat' dir='ltr'><strong>vestram</strong></span> <span class='ocrx_word' id='word_1_496' title='bbox 2794 3549 2860 3602; x_wconf 87' lang='lat' dir='ltr'><strong>de</strong></span> <span class='ocrx_word' id='word_1_497' title='bbox 2903 3549 3132 3604; x_wconf 70' lang='lat' dir='ltr'><strong>minutis</strong></span> <span class='ocrx_word' id='word_1_498' title='bbox 3178 3552 3342 3606; x_wconf 87' lang='lat' dir='ltr'><strong>rebus</strong></span> <span class='ocrx_word' id='word_1_499' title='bbox 3375 3542 3677 3608; x_wconf 85' lang='lat' dir='ltr'><strong>contentio-</strong></span> 
     </span>
    </p>
   </div>
   <div class='ocr_carea' id='block_1_67' title="bbox 404 3630 1988 3709">
    <p class='ocr_par' dir='ltr' id='par_1_67' title="bbox 404 3630 1986 3703">
     <span class='ocr_line' id='line_1_67' title="bbox 404 3630 1986 3703; baseline -0.001 -21"><span class='ocrx_word' id='word_1_500' title='bbox 404 3630 857 3701; x_wconf 81' lang='grc' dir='ltr'>μικρολογεῖσθαι</span> <span class='ocrx_word' id='word_1_501' title='bbox 911 3633 1042 3701; x_wconf 82' lang='grc' dir='ltr'>περὶ</span> <span class='ocrx_word' id='word_1_502' title='bbox 1081 3631 1148 3683; x_wconf 73' lang='grc' dir='ltr'>τὰ</span> <span class='ocrx_word' id='word_1_503' title='bbox 1198 3632 1527 3703; x_wconf 82' lang='grc' dir='ltr'>γράμματα.</span> <span class='ocrx_word' id='word_1_504' title='bbox 1586 3649 1605 3681; x_wconf 76' lang='grc' dir='ltr'><strong>ι</strong></span> <span class='ocrx_word' id='word_1_505' title='bbox 1656 3630 1986 3699; x_wconf 78' lang='grc' dir='ltr'>Τοιγαροῦν,</span> 
     </span>
    </p>
   </div>
   <div class='ocr_carea' id='block_1_68' title="bbox 2090 3630 3677 3709">
    <p class='ocr_par' dir='ltr' id='par_1_68' title="bbox 2096 3637 3677 3709">
     <span class='ocr_line' id='line_1_68' title="bbox 2096 3637 3677 3709; baseline 0.009 -20"><span class='ocrx_word' id='word_1_506' title='bbox 2096 3652 2220 3690; x_wconf 78' lang='lat' dir='ltr'><strong>netu</strong></span> <span class='ocrx_word' id='word_1_507' title='bbox 2250 3637 2606 3709; x_wconf 85' lang='lat' dir='ltr'><strong>damnemus,</strong></span> <span class='ocrx_word' id='word_1_508' title='bbox 2644 3641 2957 3695; x_wconf 86' lang='lat' dir='ltr'><strong>litterarum</strong></span> <span class='ocrx_word' id='word_1_509' title='bbox 3004 3652 3184 3697; x_wconf 85' lang='lat' dir='ltr'><strong>tamen</strong></span> <span class='ocrx_word' id='word_1_510' title='bbox 3218 3647 3480 3700; x_wconf 85' lang='lat' dir='ltr'><strong>minutias</strong></span> <span class='ocrx_word' id='word_1_511' title='bbox 3514 3650 3677 3704; x_wconf 75' lang='lat' dir='ltr'><strong>anxie</strong></span> 
     </span>
    </p>
   </div>
   <div class='ocr_carea' id='block_1_69' title="bbox 406 3722 1989 3795">
    <p class='ocr_par' dir='ltr' id='par_1_69' title="bbox 406 3722 1989 3795">
     <span class='ocr_line' id='line_1_69' title="bbox 406 3722 1989 3795; baseline -0.001 -20"><span class='ocrx_word' id='word_1_512' title='bbox 406 3741 428 3775; x_wconf 74' lang='grc' dir='ltr'><strong>ι</strong></span> <span class='ocrx_word' id='word_1_513' title='bbox 481 3722 649 3776; x_wconf 81' lang='grc' dir='ltr'>Ἀλλὰ</span> <span class='ocrx_word' id='word_1_514' title='bbox 697 3724 818 3786; x_wconf 87' lang='grc' dir='ltr'>ταῖς</span> <span class='ocrx_word' id='word_1_515' title='bbox 871 3723 1168 3789; x_wconf 87' lang='grc' dir='ltr'>συλλαϐαῖς</span> <span class='ocrx_word' id='word_1_516' title='bbox 1214 3724 1627 3795; x_wconf 82' lang='grc' dir='ltr'>δυσχεραίνετε,</span> <span class='ocrx_word' id='word_1_517' title='bbox 1676 3722 1772 3775; x_wconf 77' lang='grc' dir='ltr'>καὶ</span> <span class='ocrx_word' id='word_1_518' title='bbox 1819 3738 1989 3793; x_wconf 78' lang='grc' dir='ltr'>προσ-</span> 
     </span>
    </p>
   </div>
   <div class='ocr_carea' id='block_1_70' title="bbox 402 3815 1989 3887">
    <p class='ocr_par' dir='ltr' id='par_1_70' title="bbox 402 3815 1989 3887">
     <span class='ocr_line' id='line_1_70' title="bbox 402 3815 1989 3887; baseline -0.001 -19"><span class='ocrx_word' id='word_1_519' title='bbox 402 3816 634 3870; x_wconf 80' lang='grc' dir='ltr'>πταίετε</span> <span class='ocrx_word' id='word_1_520' title='bbox 687 3818 754 3887; x_wconf 82' lang='grc' dir='ltr'>τῇ</span> <span class='ocrx_word' id='word_1_521' title='bbox 805 3819 979 3887; x_wconf 78' lang='grc' dir='ltr'>φωνῇ,</span> <span class='ocrx_word' id='word_1_522' title='bbox 1033 3817 1127 3869; x_wconf 73' lang='grc' dir='ltr'>καὶ</span> <span class='ocrx_word' id='word_1_523' title='bbox 1176 3816 1323 3879; x_wconf 85' lang='grc' dir='ltr'>λίθος</span> <span class='ocrx_word' id='word_1_524' title='bbox 1373 3816 1799 3886; x_wconf 75' lang='grc' dir='ltr'>προσκόμματος</span> <span class='ocrx_word' id='word_1_525' title='bbox 1856 3815 1989 3885; x_wconf 81' lang='grc' dir='ltr'>ἡμῖν</span> 
     </span>
    </p>
   </div>
   <div class='ocr_carea' id='block_1_71' title="bbox 399 3906 1991 3978">
    <p class='ocr_par' dir='ltr' id='par_1_71' title="bbox 399 3906 1991 3978">
     <span class='ocr_line' id='line_1_71' title="bbox 399 3906 1991 3978; baseline -0.002 -18"><span class='ocrx_word' id='word_1_526' title='bbox 399 3906 569 3960; x_wconf 75' lang='grc' dir='ltr'>τοῦτο</span> <span class='ocrx_word' id='word_1_527' title='bbox 597 3907 807 3971; x_wconf 84' lang='grc' dir='ltr'>γίνεται</span> <span class='ocrx_word' id='word_1_528' title='bbox 848 3910 944 3962; x_wconf 79' lang='grc' dir='ltr'><strong>καὶ</strong></span> <span class='ocrx_word' id='word_1_529' title='bbox 994 3910 1173 3978; x_wconf 82' lang='grc' dir='ltr'>πέτρα</span> <span class='ocrx_word' id='word_1_530' title='bbox 1209 3908 1524 3972; x_wconf 78' lang='grc' dir='ltr'>σκανδάλου,</span> <span class='ocrx_word' id='word_1_531' title='bbox 1574 3907 1695 3959; x_wconf 78' lang='grc' dir='ltr'>ἐπεὶ</span> <span class='ocrx_word' id='word_1_532' title='bbox 1723 3908 1819 3959; x_wconf 74' lang='grc' dir='ltr'><strong>καὶ</strong></span> <span class='ocrx_word' id='word_1_533' title='bbox 1857 3907 1898 3959; x_wconf 87' lang='grc' dir='ltr'><strong>Χ</strong></span> <span class='ocrx_word' id='word_1_534' title='bbox 1909 3922 1991 3976; x_wconf 86' lang='grc' dir='ltr'>ρι-</span> 
     </span>
    </p>
   </div>
   <div class='ocr_carea' id='block_1_72' title="bbox 402 3998 1991 4072">
    <p class='ocr_par' dir='ltr' id='par_1_72' title="bbox 402 3998 1991 4072">
     <span class='ocr_line' id='line_1_72' title="bbox 402 3998 1991 4072; baseline -0.002 -19"><span class='ocrx_word' id='word_1_535' title='bbox 402 4003 535 4063; x_wconf 85' lang='grc' dir='ltr'>στός</span> <span class='ocrx_word' id='word_1_536' title='bbox 594 4017 770 4055; x_wconf 86' lang='grc' dir='ltr'>τισιν·</span> <span class='ocrx_word' id='word_1_537' title='bbox 823 4001 1167 4072; x_wconf 82' lang='grc' dir='ltr'>ἀνθρώπινον</span> <span class='ocrx_word' id='word_1_538' title='bbox 1222 4005 1282 4055; x_wconf 84' lang='grc' dir='ltr'>τὸ</span> <span class='ocrx_word' id='word_1_539' title='bbox 1332 4002 1522 4064; x_wconf 89' lang='grc' dir='ltr'>πάθος.</span> <span class='ocrx_word' id='word_1_540' title='bbox 1557 4000 1859 4070; x_wconf 83' lang='grc' dir='ltr'>Συμϐῶμεν</span> <span class='ocrx_word' id='word_1_541' title='bbox 1893 3998 1991 4051; x_wconf 86' lang='grc' dir='ltr'><strong>ἀλ-</strong></span> 
     </span>
    </p>
   </div>
   <div class='ocr_carea' id='block_1_73' title="bbox 399 4092 1990 4166">
    <p class='ocr_par' dir='ltr' id='par_1_73' title="bbox 399 4092 1990 4166">
     <span class='ocr_line' id='line_1_73' title="bbox 399 4092 1990 4166; baseline -0.001 -19"><span class='ocrx_word' id='word_1_542' title='bbox 399 4093 594 4162; x_wconf 66' lang='grc' dir='ltr'>λήλοις</span> <span class='ocrx_word' id='word_1_543' title='bbox 644 4094 1057 4165; x_wconf 83' lang='grc' dir='ltr'>πνευματικῶς.</span> <span class='ocrx_word' id='word_1_544' title='bbox 1104 4093 1396 4166; x_wconf 80' lang='grc' dir='ltr'>Γενὼμεθα</span> <span class='ocrx_word' id='word_1_545' title='bbox 1430 4093 1743 4164; x_wconf 76' lang='grc' dir='ltr'>φιλάδελφοι</span> <span class='ocrx_word' id='word_1_546' title='bbox 1789 4092 1990 4163; x_wconf 84' lang='grc' dir='ltr'>μᾶλλον</span> 
     </span>
    </p>
   </div>
   <div class='ocr_carea' id='block_1_74' title="bbox 403 4183 1992 4258">
    <p class='ocr_par' dir='ltr' id='par_1_74' title="bbox 403 4183 1992 4258">
     <span class='ocr_line' id='line_1_74' title="bbox 403 4183 1992 4258; baseline 0 -20"><span class='ocrx_word' id='word_1_547' title='bbox 403 4187 439 4258; x_wconf 82' lang='grc' dir='ltr'>ἢ</span> <span class='ocrx_word' id='word_1_548' title='bbox 484 4185 761 4254; x_wconf 60' lang='grc' dir='ltr'>φίλαυτοι.</span> <span class='ocrx_word' id='word_1_549' title='bbox 792 4187 921 4240; x_wconf 78' lang='grc' dir='ltr'>Δότε</span> <span class='ocrx_word' id='word_1_550' title='bbox 950 4187 1051 4258; x_wconf 81' lang='grc' dir='ltr'><strong>τὴν</strong></span> <span class='ocrx_word' id='word_1_551' title='bbox 1079 4187 1313 4257; x_wconf 84' lang='grc' dir='ltr'>δύναμιν</span> <span class='ocrx_word' id='word_1_552' title='bbox 1339 4187 1439 4256; x_wconf 83' lang='grc' dir='ltr'>τῆς</span> <span class='ocrx_word' id='word_1_553' title='bbox 1466 4186 1738 4257; x_wconf 80' lang='grc' dir='ltr'>θεότητος,</span> <span class='ocrx_word' id='word_1_554' title='bbox 1766 4187 1861 4239; x_wconf 73' lang='grc' dir='ltr'>καλ.</span> <span class='ocrx_word' id='word_1_555' title='bbox 1889 4183 1992 4238; x_wconf 84' lang='grc' dir='ltr'><strong>δὼ-</strong></span> 
     </span>
    </p>
   </div>
   <div class='ocr_carea' id='block_1_75' title="bbox 403 4279 1989 4352">
    <p class='ocr_par' dir='ltr' id='par_1_75' title="bbox 403 4279 1989 4352">
     <span class='ocr_line' id='line_1_75' title="bbox 403 4279 1989 4352; baseline 0 -22"><span class='ocrx_word' id='word_1_556' title='bbox 403 4295 579 4348; x_wconf 83' lang='grc' dir='ltr'>σομεν</span> <span class='ocrx_word' id='word_1_557' title='bbox 619 4282 780 4349; x_wconf 78' lang='grc' dir='ltr'>ἡμεῖς</span> <span class='ocrx_word' id='word_1_558' title='bbox 805 4280 904 4348; x_wconf 75' lang='grc' dir='ltr'>τῆς</span> <span class='ocrx_word' id='word_1_559' title='bbox 932 4280 1120 4350; x_wconf 75' lang='grc' dir='ltr'>φωνῆς</span> <span class='ocrx_word' id='word_1_560' title='bbox 1158 4281 1253 4348; x_wconf 85' lang='grc' dir='ltr'><strong>τὴν</strong></span> <span class='ocrx_word' id='word_1_561' title='bbox 1279 4280 1648 4351; x_wconf 81' lang='grc' dir='ltr'>συγχώρησιν.</span> <span class='ocrx_word' id='word_1_562' title='bbox 1689 4279 1989 4352; x_wconf 80' lang='grc' dir='ltr'>ὐμολογή-</span> 
     </span>
    </p>
   </div>
   <div class='ocr_carea' id='block_1_76' title="bbox 403 4365 1989 4441">
    <p class='ocr_par' dir='ltr' id='par_1_76' title="bbox 403 4365 1989 4441">
     <span class='ocr_line' id='line_1_76' title="bbox 403 4365 1989 4441; baseline 0 -19"><span class='ocrx_word' id='word_1_563' title='bbox 403 4386 541 4422; x_wconf 87' lang='grc' dir='ltr'>σατε</span> <span class='ocrx_word' id='word_1_564' title='bbox 591 4370 691 4440; x_wconf 77' lang='grc' dir='ltr'>τὴν</span> <span class='ocrx_word' id='word_1_565' title='bbox 744 4370 909 4439; x_wconf 83' lang='grc' dir='ltr'>φύσιν</span> <span class='ocrx_word' id='word_1_566' title='bbox 958 4373 1018 4441; x_wconf 85' lang='grc' dir='ltr'>ὲν</span> <span class='ocrx_word' id='word_1_567' title='bbox 1070 4370 1258 4432; x_wconf 86' lang='grc' dir='ltr'>ἄλλαις</span> <span class='ocrx_word' id='word_1_568' title='bbox 1308 4372 1534 4437; x_wconf 79' lang='grc' dir='ltr'>φωναῖς,</span> <span class='ocrx_word' id='word_1_569' title='bbox 1582 4365 1669 4432; x_wconf 76' lang='grc' dir='ltr'>αἷς</span> <span class='ocrx_word' id='word_1_570' title='bbox 1724 4370 1989 4422; x_wconf 77' lang='grc' dir='ltr'>αἰδεῖσθαι</span> 
     </span>
    </p>
   </div>
   <div class='ocr_carea' id='block_1_77' title="bbox 405 4460 1988 4533">
    <p class='ocr_par' dir='ltr' id='par_1_77' title="bbox 405 4460 1988 4533">
     <span class='ocr_line' id='line_1_77' title="bbox 405 4460 1988 4533; baseline 0.002 -20"><span class='ocrx_word' id='word_1_571' title='bbox 405 4460 636 4529; x_wconf 81' lang='grc' dir='ltr'>μᾶλλον,</span> <span class='ocrx_word' id='word_1_572' title='bbox 665 4463 761 4515; x_wconf 71' lang='grc' dir='ltr'>καὶ</span> <span class='ocrx_word' id='word_1_573' title='bbox 791 4463 868 4524; x_wconf 85' lang='grc' dir='ltr'><strong>ὡς</strong></span> <span class='ocrx_word' id='word_1_574' title='bbox 912 4462 1164 4526; x_wconf 79' lang='grc' dir='ltr'>ἀσθενεῖς</span> <span class='ocrx_word' id='word_1_575' title='bbox 1205 4462 1350 4533; x_wconf 81' lang='grc' dir='ltr'>ὑμᾶς</span> <span class='ocrx_word' id='word_1_576' title='bbox 1384 4464 1764 4532; x_wconf 72' lang='grc' dir='ltr'>ίατρεύσομεν.</span> <span class='ocrx_word' id='word_1_577' title='bbox 1799 4464 1988 4517; x_wconf 81' lang='grc' dir='ltr'>Ἔστιν</span> 
     </span>
    </p>
   </div>
   <div class='ocr_carea' id='block_1_78' title="bbox 399 4553 1631 4626">
    <p class='ocr_par' dir='ltr' id='par_1_78' title="bbox 399 4553 1631 4626">
     <span class='ocr_line' id='line_1_78' title="bbox 399 4553 1631 4626; baseline 0 -19"><span class='ocrx_word' id='word_1_578' title='bbox 399 4553 439 4607; x_wconf 76' lang='grc' dir='ltr'><strong>ἃ.</strong></span> <span class='ocrx_word' id='word_1_579' title='bbox 474 4554 573 4606; x_wconf 76' lang='grc' dir='ltr'>καὶ</span> <span class='ocrx_word' id='word_1_580' title='bbox 604 4554 713 4607; x_wconf 85' lang='grc' dir='ltr'><strong>τῶν</strong></span> <span class='ocrx_word' id='word_1_581' title='bbox 740 4556 876 4621; x_wconf 67' lang='grc' dir='ltr'>πρὸς</span> <span class='ocrx_word' id='word_1_582' title='bbox 904 4556 1096 4625; x_wconf 70' lang='grc' dir='ltr'>ἡδονὴν</span> <span class='ocrx_word' id='word_1_583' title='bbox 1127 4555 1631 4626; x_wconf 69' lang='grc' dir='ltr'>παρακλέψαντες.»</span> 
     </span>
    </p>
   </div>
   <div class='ocr_carea' id='block_1_79' title="bbox 474 4832 1988 4910">
    <p class='ocr_par' dir='ltr' id='par_1_79' title="bbox 474 4832 1988 4910">
     <span class='ocr_line' id='line_1_79' title="bbox 474 4832 1988 4910; baseline 0.003 -23"><span class='ocrx_word' id='word_1_584' title='bbox 474 4834 545 4890; x_wconf 77' lang='grc' dir='ltr'>Τί</span> <span class='ocrx_word' id='word_1_585' title='bbox 586 4832 690 4902; x_wconf 67' lang='grc' dir='ltr'><strong>δέ;</strong></span> <span class='ocrx_word' id='word_1_586' title='bbox 736 4834 871 4906; x_wconf 73' lang='grc' dir='ltr'><strong>Οὐχὶ</strong></span> <span class='ocrx_word' id='word_1_587' title='bbox 907 4835 1001 4888; x_wconf 71' lang='grc' dir='ltr'><strong>καὶ</strong></span> <span class='ocrx_word' id='word_1_588' title='bbox 1030 4834 1109 4905; x_wconf 82' lang='grc' dir='ltr'>τῷ</span> <span class='ocrx_word' id='word_1_589' title='bbox 1144 4836 1389 4908; x_wconf 82' lang='grc' dir='ltr'>μεγίστῳ</span> <span class='ocrx_word' id='word_1_590' title='bbox 1420 4835 1686 4910; x_wconf 86' lang='grc' dir='ltr'>Βασιλείῳ</span> <span class='ocrx_word' id='word_1_591' title='bbox 1734 4836 1988 4909; x_wconf 77' lang='grc' dir='ltr'>διακενῆς</span> 
     </span>
    </p>
   </div>
   <div class='ocr_carea' id='block_1_80' title="bbox 400 4929 1988 5010">
    <p class='ocr_par' dir='ltr' id='par_1_80' title="bbox 400 4929 1988 5010">
     <span class='ocr_line' id='line_1_80' title="bbox 400 4929 1988 5010; baseline -0.001 -23"><span class='ocrx_word' id='word_1_592' title='bbox 400 4930 777 5001; x_wconf 75' lang='grc' dir='ltr'>ἐπεγκαλοῦσί</span> <span class='ocrx_word' id='word_1_593' title='bbox 808 4947 919 4986; x_wconf 87' lang='grc' dir='ltr'>τισι</span> <span class='ocrx_word' id='word_1_594' title='bbox 963 4932 1361 5002; x_wconf 74' lang='grc' dir='ltr'>διαμὲμφεται,</span> <span class='ocrx_word' id='word_1_595' title='bbox 1398 4934 1494 4987; x_wconf 77' lang='grc' dir='ltr'><strong>καὶ</strong></span> <span class='ocrx_word' id='word_1_596' title='bbox 1544 4929 1907 5010; x_wconf 85' lang='grc' dir='ltr'>προσεπαινεῖ</span> <span class='ocrx_word' id='word_1_597' title='bbox 1928 4934 1988 4987; x_wconf 82' lang='grc' dir='ltr'><strong>τὸ</strong></span> 
     </span>
    </p>
   </div>
   <div class='ocr_carea' id='block_1_81' title="bbox 397 5020 1987 5104">
    <p class='ocr_par' dir='ltr' id='par_1_81' title="bbox 397 5020 1987 5104">
     <span class='ocr_line' id='line_1_81' title="bbox 397 5020 1987 5104; baseline -0.002 -25"><span class='ocrx_word' id='word_1_598' title='bbox 397 5026 504 5096; x_wconf 77' lang='grc' dir='ltr'><strong>τῆς</strong></span> <span class='ocrx_word' id='word_1_599' title='bbox 539 5025 854 5095; x_wconf 70' lang='grc' dir='ltr'>οἰκονομίας</span> <span class='ocrx_word' id='word_1_600' title='bbox 882 5026 1218 5095; x_wconf 80' lang='grc' dir='ltr'>ἀπορῤητον,</span> <span class='ocrx_word' id='word_1_601' title='bbox 1247 5027 1341 5099; x_wconf 70' lang='grc' dir='ltr'><strong>καὶ</strong></span> <span class='ocrx_word' id='word_1_602' title='bbox 1377 5022 1561 5078; x_wconf 80' lang='grc' dir='ltr'>πᾶσαν</span> <span class='ocrx_word' id='word_1_603' title='bbox 1593 5026 1704 5104; x_wconf 78' lang='grc' dir='ltr'>τοῖς</span> <span class='ocrx_word' id='word_1_604' title='bbox 1745 5020 1987 5097; x_wconf 68' lang='grc' dir='ltr'>κακούρ-</span> 
     </span>
    </p>
   </div>
   <div class='ocr_carea' id='block_1_82' title="bbox 399 5105 1989 5191">
    <p class='ocr_par' dir='ltr' id='par_1_82' title="bbox 399 5105 1989 5191">
     <span class='ocr_line' id='line_1_82' title="bbox 399 5105 1989 5191; baseline 0.001 -21"><span class='ocrx_word' id='word_1_605' title='bbox 399 5126 524 5187; x_wconf 74' lang='grc' dir='ltr'>γοις</span> <span class='ocrx_word' id='word_1_606' title='bbox 574 5105 882 5190; x_wconf 73' lang='grc' dir='ltr'>περιαιρῶν</span> <span class='ocrx_word' id='word_1_607' title='bbox 936 5120 1234 5190; x_wconf 73' lang='grc' dir='ltr'>πρόφασιν,</span> <span class='ocrx_word' id='word_1_608' title='bbox 1263 5118 1381 5171; x_wconf 82' lang='grc' dir='ltr'>οὐδὲ</span> <span class='ocrx_word' id='word_1_609' title='bbox 1409 5119 1534 5183; x_wconf 73' lang='grc' dir='ltr'>τους</span> <span class='ocrx_word' id='word_1_610' title='bbox 1582 5120 1989 5191; x_wconf 66' lang='grc' dir='ltr'><strong>¹ὁιιρελεστέρους</strong></span> 
     </span>
    </p>
   </div>
   <div class='ocr_carea' id='block_1_83' title="bbox 392 5212 1990 5285">
    <p class='ocr_par' dir='ltr' id='par_1_83' title="bbox 392 5212 1990 5285">
     <span class='ocr_line' id='line_1_83' title="bbox 392 5212 1990 5285; baseline 0.002 -20"><span class='ocrx_word' id='word_1_611' title='bbox 392 5215 687 5283; x_wconf 76' lang='grc' dir='ltr'>συγχωρεῖ</span> <span class='ocrx_word' id='word_1_612' title='bbox 714 5212 1072 5282; x_wconf 82' lang='grc' dir='ltr'>βλάπτεσθαι,</span> <span class='ocrx_word' id='word_1_613' title='bbox 1102 5213 1203 5283; x_wconf 79' lang='grc' dir='ltr'>τὴν</span> <span class='ocrx_word' id='word_1_614' title='bbox 1238 5214 1407 5283; x_wconf 82' lang='grc' dir='ltr'>χείρω</span> <span class='ocrx_word' id='word_1_615' title='bbox 1443 5212 1574 5285; x_wconf 72' lang='grc' dir='ltr'>περὶ</span> <span class='ocrx_word' id='word_1_616' title='bbox 1626 5213 1794 5266; x_wconf 81' lang='grc' dir='ltr'>αὑτοῦ</span> <span class='ocrx_word' id='word_1_617' title='bbox 1829 5213 1990 5281; x_wconf 78' lang='grc' dir='ltr'>δόξαν</span> 
     </span>
    </p>
   </div>
   <div class='ocr_carea' id='block_1_84' title="bbox 399 5304 1988 5377">
    <p class='ocr_par' dir='ltr' id='par_1_84' title="bbox 399 5304 1988 5377">
     <span class='ocr_line' id='line_1_84' title="bbox 399 5304 1988 5377; baseline 0 -19"><span class='ocrx_word' id='word_1_618' title='bbox 399 5305 658 5375; x_wconf 68' lang='grc' dir='ltr'>ἔχοντας.</span> <span class='ocrx_word' id='word_1_619' title='bbox 688 5322 708 5356; x_wconf 73' lang='grc' dir='ltr'><strong>ι</strong></span> <span class='ocrx_word' id='word_1_620' title='bbox 765 5306 1006 5368; x_wconf 81' lang='grc' dir='ltr'>Ἐκεῖνος</span> <span class='ocrx_word' id='word_1_621' title='bbox 1041 5305 1173 5377; x_wconf 83' lang='grc' dir='ltr'>γὰρ,</span> <span class='ocrx_word' id='word_1_622' title='bbox 1229 5306 1395 5375; x_wconf 80' lang='grc' dir='ltr'>φησὶν</span> <span class='ocrx_word' id='word_1_623' title='bbox 1424 5304 1452 5357; x_wconf 88' lang='grc' dir='ltr'>ὁ</span> <span class='ocrx_word' id='word_1_624' title='bbox 1490 5304 1633 5367; x_wconf 85' lang='grc' dir='ltr'>Θείος</span> <span class='ocrx_word' id='word_1_625' title='bbox 1663 5304 1866 5377; x_wconf 75' lang='grc' dir='ltr'>δηλαδὴ</span> <span class='ocrx_word' id='word_1_626' title='bbox 1894 5310 1988 5358; x_wconf 79' lang='grc' dir='ltr'><strong>καὶ</strong></span> 
     </span>
    </p>
   </div>
   <div class='ocr_carea' id='block_1_85' title="bbox 403 5378 1987 5469">
    <p class='ocr_par' dir='ltr' id='par_1_85' title="bbox 403 5378 1987 5469">
     <span class='ocr_line' id='line_1_85' title="bbox 403 5378 1987 5469; baseline 0 -20"><span class='ocrx_word' id='word_1_627' title='bbox 403 5398 583 5466; x_wconf 72' lang='grc' dir='ltr'>μέγας</span> <span class='ocrx_word' id='word_1_628' title='bbox 614 5395 918 5460; x_wconf 79' lang='grc' dir='ltr'>Βασίλειος,</span> <span class='ocrx_word' id='word_1_629' title='bbox 941 5397 1106 5451; x_wconf 72' lang='grc' dir='ltr'>ἕνεκα</span> <span class='ocrx_word' id='word_1_630' title='bbox 1139 5397 1239 5469; x_wconf 87' lang='grc' dir='ltr'><strong>μὲν</strong></span> <span class='ocrx_word' id='word_1_631' title='bbox 1267 5397 1362 5449; x_wconf 80' lang='grc' dir='ltr'>τοῦ</span> <span class='ocrx_word' id='word_1_632' title='bbox 1390 5394 1575 5468; x_wconf 81' lang='grc' dir='ltr'>ὀρθοῦ,</span> <span class='ocrx_word' id='word_1_633' title='bbox 1597 5378 1819 5467; x_wconf 42' lang='grc' dir='ltr'>καὶ-’τῆς</span> <span class='ocrx_word' id='word_1_634' title='bbox 1847 5395 1987 5452; x_wconf 82' lang='grc' dir='ltr'>κατὰ</span> 
     </span>
    </p>
   </div>
   <div class='ocr_carea' id='block_1_86' title="bbox 398 5487 1985 5561">
    <p class='ocr_par' dir='ltr' id='par_1_86' title="bbox 398 5487 1985 5561">
     <span class='ocr_line' id='line_1_86' title="bbox 398 5487 1985 5561; baseline -0.002 -18"><span class='ocrx_word' id='word_1_635' title='bbox 398 5491 505 5561; x_wconf 68' lang='grc' dir='ltr'><strong>τὴν</strong></span> <span class='ocrx_word' id='word_1_636' title='bbox 549 5488 715 5556; x_wconf 78' lang='grc' dir='ltr'>ἁγίαν</span> <span class='ocrx_word' id='word_1_637' title='bbox 767 5488 976 5559; x_wconf 83' lang='grc' dir='ltr'>Τριὰδα</span> <span class='ocrx_word' id='word_1_638' title='bbox 1029 5488 1325 5557; x_wconf 82' lang='grc' dir='ltr'>συναφείας</span> <span class='ocrx_word' id='word_1_639' title='bbox 1361 5490 1457 5541; x_wconf 78' lang='grc' dir='ltr'>καὶ</span> <span class='ocrx_word' id='word_1_640' title='bbox 1516 5488 1790 5553; x_wconf 82' lang='grc' dir='ltr'>συνθείας,</span> <span class='ocrx_word' id='word_1_641' title='bbox 1819 5487 1852 5559; x_wconf 85' lang='grc' dir='ltr'>ἢ</span> <span class='ocrx_word' id='word_1_642' title='bbox 1886 5489 1985 5541; x_wconf 80' lang='grc' dir='ltr'><strong>οὐκ</strong></span> 
     </span>
    </p>
   </div>
   <div class='ocr_carea' id='block_1_87' title="bbox 399 5566 1987 5667">
    <p class='ocr_par' dir='ltr' id='par_1_87' title="bbox 399 5566 1987 5667">
     <span class='ocr_line' id='line_1_87' title="bbox 399 5566 1987 5667; baseline 0 -32"><span class='ocrx_word' id='word_1_643' title='bbox 399 5566 503 5635; x_wconf 78' lang='grc' dir='ltr'>οἷδ’</span> <span class='ocrx_word' id='word_1_644' title='bbox 534 5583 564 5634; x_wconf 83' lang='grc' dir='ltr'><strong>ὃ</strong></span> <span class='ocrx_word' id='word_1_645' title='bbox 591 5598 644 5634; x_wconf 91' lang='grc' dir='ltr'><strong>τι</strong></span> <span class='ocrx_word' id='word_1_646' title='bbox 671 5580 1005 5652; x_wconf 84' lang='grc' dir='ltr'>κυριώτερον</span> <span class='ocrx_word' id='word_1_647' title='bbox 1032 5581 1207 5635; x_wconf 78' lang='grc' dir='ltr'>εἰπεῖν</span> <span class='ocrx_word' id='word_1_648' title='bbox 1236 5582 1341 5653; x_wconf 79' lang='grc' dir='ltr'><strong>χρὴ</strong></span> <span class='ocrx_word' id='word_1_649' title='bbox 1374 5581 1469 5634; x_wconf 77' lang='grc' dir='ltr'>καὶ</span> <span class='ocrx_word' id='word_1_650' title='bbox 1522 5581 1875 5667; x_wconf 67' lang='grc' dir='ltr'>σαφέστερον,</span> <span class='ocrx_word' id='word_1_651' title='bbox 1913 5583 1987 5653; x_wconf 79' lang='grc' dir='ltr'>μὴ</span> 
     </span>
    </p>
   </div>
   <div class='ocr_carea' id='block_1_88' title="bbox 398 5665 2019 5749">
    <p class='ocr_par' dir='ltr' id='par_1_88' title="bbox 398 5665 2019 5749">
     <span class='ocr_line' id='line_1_88' title="bbox 398 5665 2019 5749; baseline -0.003 -23"><span class='ocrx_word' id='word_1_652' title='bbox 398 5676 486 5727; x_wconf 80' lang='grc' dir='ltr'>ὅτι</span> <span class='ocrx_word' id='word_1_653' title='bbox 516 5671 725 5745; x_wconf 81' lang='grc' dir='ltr'>θρόνων</span> <span class='ocrx_word' id='word_1_654' title='bbox 756 5672 1033 5735; x_wconf 77' lang='grc' dir='ltr'>ἐκπεσεῖν,</span> <span class='ocrx_word' id='word_1_655' title='bbox 1063 5665 1145 5731; x_wconf 77' lang='grc' dir='ltr'>οἷς</span> <span class='ocrx_word' id='word_1_656' title='bbox 1189 5672 1310 5724; x_wconf 83' lang='grc' dir='ltr'>οὐδὲ</span> <span class='ocrx_word' id='word_1_657' title='bbox 1355 5670 1451 5723; x_wconf 83' lang='grc' dir='ltr'><strong>ἀπ’</strong></span> <span class='ocrx_word' id='word_1_658' title='bbox 1481 5670 1659 5742; x_wconf 78' lang='grc' dir='ltr'>ἀρχῆς</span> <span class='ocrx_word' id='word_1_659' title='bbox 1684 5665 1989 5741; x_wconf 76' lang='grc' dir='ltr'>’ἐπεπήδη-</span> <span class='ocrx_word' id='word_1_660' title='bbox 2014 5744 2019 5749; x_wconf 25' lang='grc' dir='ltr'><strong>Ι</strong></span> 
     </span>
    </p>
   </div>
   <div class='ocr_carea' id='block_1_89' title="bbox 404 5763 1990 5836">
    <p class='ocr_par' dir='ltr' id='par_1_89' title="bbox 404 5763 1990 5836">
     <span class='ocr_line' id='line_1_89' title="bbox 404 5763 1990 5836; baseline -0.003 -15"><span class='ocrx_word' id='word_1_661' title='bbox 404 5784 524 5833; x_wconf 71' lang='grc' dir='ltr'>σιν,</span> <span class='ocrx_word' id='word_1_662' title='bbox 556 5766 695 5819; x_wconf 78' lang='grc' dir='ltr'><strong>ἀλλά</strong></span> <span class='ocrx_word' id='word_1_663' title='bbox 724 5767 819 5819; x_wconf 68' lang='grc' dir='ltr'><strong>καλ⁸</strong></span> <span class='ocrx_word' id='word_1_664' title='bbox 852 5764 1030 5836; x_wconf 75' lang='grc' dir='ltr'>φυγὴν</span> <span class='ocrx_word' id='word_1_665' title='bbox 1064 5765 1160 5818; x_wconf 75' lang='grc' dir='ltr'><strong>καὶ</strong></span> <span class='ocrx_word' id='word_1_666' title='bbox 1195 5763 1445 5829; x_wconf 80' lang='grc' dir='ltr'>θάνατον,</span> <span class='ocrx_word' id='word_1_667' title='bbox 1485 5765 1701 5827; x_wconf 78' lang='grc' dir='ltr'>καὶτὰς</span> <span class='ocrx_word' id='word_1_668' title='bbox 1757 5764 1864 5835; x_wconf 87' lang='grc' dir='ltr'><strong>πρὸ</strong></span> <span class='ocrx_word' id='word_1_669' title='bbox 1894 5763 1990 5817; x_wconf 80' lang='grc' dir='ltr'><strong>τοῦ</strong></span> 
     </span>
    </p>
   </div>
   <div class='ocr_carea' id='block_1_90' title="bbox 403 5854 1989 5936">
    <p class='ocr_par' dir='ltr' id='par_1_90' title="bbox 403 5854 1989 5936">
     <span class='ocr_line' id='line_1_90' title="bbox 403 5854 1989 5936; baseline -0.002 -23"><span class='ocrx_word' id='word_1_670' title='bbox 403 5859 644 5913; x_wconf 82' lang='grc' dir='ltr'>θανάτου</span> <span class='ocrx_word' id='word_1_671' title='bbox 674 5856 929 5921; x_wconf 84' lang='grc' dir='ltr'>κολάσεις</span> <span class='ocrx_word' id='word_1_672' title='bbox 962 5855 1261 5934; x_wconf 77' lang='grc' dir='ltr'>προθύμως</span> <span class='ocrx_word' id='word_1_673' title='bbox 1301 5855 1518 5920; x_wconf 71' lang='grc' dir='ltr'>ίδέξατο</span> <span class='ocrx_word' id='word_1_674' title='bbox 1550 5855 1619 5936; x_wconf 77' lang='grc' dir='ltr'>ἂν</span> <span class='ocrx_word' id='word_1_675' title='bbox 1645 5854 1721 5921; x_wconf 85' lang='grc' dir='ltr'>ὡς</span> <span class='ocrx_word' id='word_1_676' title='bbox 1774 5855 1989 5927; x_wconf 73' lang='grc' dir='ltr'>κέρδο;,</span> 
     </span>
    </p>
   </div>
   <div class='ocr_carea' id='block_1_91' title="bbox 2095 3730 3675 3808">
    <p class='ocr_par' dir='ltr' id='par_1_91' title="bbox 2095 3730 3675 3808">
     <span class='ocr_line' id='line_1_91' title="bbox 2095 3730 3675 3808; baseline 0.009 -28"><span class='ocrx_word' id='word_1_677' title='bbox 2095 3744 2311 3798; x_wconf 78' lang='lat' dir='ltr'><strong>urgere.</strong></span> <span class='ocrx_word' id='word_1_678' title='bbox 2349 3749 2366 3781; x_wconf 79' lang='grc' dir='ltr'><strong>ι</strong></span> <span class='ocrx_word' id='word_1_679' title='bbox 2398 3730 2760 3801; x_wconf 84' lang='lat' dir='ltr'><strong>Quapropter,</strong></span> <span class='ocrx_word' id='word_1_680' title='bbox 2804 3752 2823 3783; x_wconf 79' lang='grc' dir='ltr'><strong>ι</strong></span> <span class='ocrx_word' id='word_1_681' title='bbox 2858 3734 2927 3785; x_wconf 85' lang='lat' dir='ltr'><strong>At</strong></span> <span class='ocrx_word' id='word_1_682' title='bbox 2952 3735 3190 3803; x_wconf 86' lang='lat' dir='ltr'><strong>syllabas</strong></span> <span class='ocrx_word' id='word_1_683' title='bbox 3241 3738 3466 3791; x_wconf 85' lang='lat' dir='ltr'><strong>moleste</strong></span> <span class='ocrx_word' id='word_1_684' title='bbox 3498 3739 3675 3808; x_wconf 78' lang='lat' dir='ltr'><strong>fertis,</strong></span> 
     </span>
    </p>
   </div>
   <div class='ocr_carea' id='block_1_92' title="bbox 2094 3823 3675 3901">
    <p class='ocr_par' dir='ltr' id='par_1_92' title="bbox 2094 3823 3675 3901">
     <span class='ocr_line' id='line_1_92' title="bbox 2094 3823 3675 3901; baseline 0.011 -30"><span class='ocrx_word' id='word_1_685' title='bbox 2094 3829 2256 3889; x_wconf 84' lang='lat' dir='ltr'><strong>atque</strong></span> <span class='ocrx_word' id='word_1_686' title='bbox 2286 3823 2352 3875; x_wconf 90' lang='lat' dir='ltr'><strong>ad</strong></span> <span class='ocrx_word' id='word_1_687' title='bbox 2389 3838 2578 3876; x_wconf 87' lang='lat' dir='ltr'><strong>vocem</strong></span> <span class='ocrx_word' id='word_1_688' title='bbox 2611 3825 2936 3893; x_wconf 81' lang='lat' dir='ltr'><strong>impingitis.</strong></span> <span class='ocrx_word' id='word_1_689' title='bbox 2986 3827 3237 3901; x_wconf 82' lang='lat' dir='ltr'><strong>lapisque</strong></span> <span class='ocrx_word' id='word_1_690' title='bbox 3272 3828 3590 3886; x_wconf 72' lang='lat' dir='ltr'><strong>offensionis</strong></span> <span class='ocrx_word' id='word_1_691' title='bbox 3620 3843 3675 3888; x_wconf 88' lang='lat' dir='ltr'><strong>et</strong></span> 
     </span>
    </p>
   </div>
   <div class='ocr_carea' id='block_1_93' title="bbox 2091 3906 3669 3989">
    <p class='ocr_par' dir='ltr' id='par_1_93' title="bbox 2091 3906 3669 3989">
     <span class='ocr_line' id='line_1_93' title="bbox 2091 3906 3669 3989; baseline 0.008 -22"><span class='ocrx_word' id='word_1_692' title='bbox 2091 3927 2243 3984; x_wconf 83' lang='lat' dir='ltr'><strong>petra</strong></span> <span class='ocrx_word' id='word_1_693' title='bbox 2274 3917 2518 3970; x_wconf 87' lang='lat' dir='ltr'><strong>scamlali</strong></span> <span class='ocrx_word' id='word_1_694' title='bbox 2551 3916 2655 3971; x_wconf 89' lang='lat' dir='ltr'><strong>hoc</strong></span> <span class='ocrx_word' id='word_1_695' title='bbox 2684 3919 2841 3973; x_wconf 83' lang='lat' dir='ltr'><strong>vobis</strong></span> <span class='ocrx_word' id='word_1_696' title='bbox 2873 3918 3125 3974; x_wconf 75' lang='lat' dir='ltr'><strong>elﬁcitur.</strong></span> <span class='ocrx_word' id='word_1_697' title='bbox 3161 3920 3271 3977; x_wconf 81' lang='lat' dir='ltr'><strong>Nec</strong></span> <span class='ocrx_word' id='word_1_698' title='bbox 3296 3924 3517 3989; x_wconf 90' lang='lat' dir='ltr'><strong>mirum,</strong></span> <span class='ocrx_word' id='word_1_699' title='bbox 3546 3906 3669 3980; x_wconf 79' lang='lat' dir='ltr'><strong>cum</strong></span> 
     </span>
    </p>
   </div>
   <div class='ocr_carea' id='block_1_94' title="bbox 2093 4008 3676 4078">
    <p class='ocr_par' dir='ltr' id='par_1_94' title="bbox 2093 4008 3676 4078">
     <span class='ocr_line' id='line_1_94' title="bbox 2093 4008 3676 4078; baseline 0.008 -17"><span class='ocrx_word' id='word_1_700' title='bbox 2093 4008 2353 4063; x_wconf 84' lang='lat' dir='ltr'><strong>Christus</strong></span> <span class='ocrx_word' id='word_1_701' title='bbox 2393 4025 2615 4078; x_wconf 88' lang='lat' dir='ltr'><strong>quoque</strong></span> <span class='ocrx_word' id='word_1_702' title='bbox 2648 4011 2927 4065; x_wconf 85' lang='lat' dir='ltr'><strong>nonnullis</strong></span> <span class='ocrx_word' id='word_1_703' title='bbox 2962 4013 3223 4068; x_wconf 88' lang='lat' dir='ltr'><strong>seandalo</strong></span> <span class='ocrx_word' id='word_1_704' title='bbox 3251 4016 3431 4071; x_wconf 81' lang='lat' dir='ltr'><strong>fuerit.</strong></span> <span class='ocrx_word' id='word_1_705' title='bbox 3465 4014 3676 4073; x_wconf 80' lang='lat' dir='ltr'><strong>Huma-</strong></span> 
     </span>
    </p>
   </div>
   <div class='ocr_carea' id='block_1_95' title="bbox 2094 4102 3675 4178">
    <p class='ocr_par' dir='ltr' id='par_1_95' title="bbox 2094 4102 3675 4178">
     <span class='ocr_line' id='line_1_95' title="bbox 2094 4102 3675 4178; baseline 0.009 -26"><span class='ocrx_word' id='word_1_706' title='bbox 2094 4116 2199 4155; x_wconf 90' lang='lat' dir='ltr'><strong>nus</strong></span> <span class='ocrx_word' id='word_1_707' title='bbox 2228 4102 2275 4156; x_wconf 88' lang='lat' dir='ltr'><strong>is</strong></span> <span class='ocrx_word' id='word_1_708' title='bbox 2311 4103 2533 4171; x_wconf 89' lang='lat' dir='ltr'><strong>quidem</strong></span> <span class='ocrx_word' id='word_1_709' title='bbox 2586 4103 2843 4159; x_wconf 73' lang='lat' dir='ltr'><strong>allectus.</strong></span> <span class='ocrx_word' id='word_1_710' title='bbox 2894 4104 3098 4161; x_wconf 83' lang='lat' dir='ltr'><strong>Verum</strong></span> <span class='ocrx_word' id='word_1_711' title='bbox 3143 4110 3502 4178; x_wconf 88' lang='lat' dir='ltr'><strong>spiritualiter</strong></span> <span class='ocrx_word' id='word_1_712' title='bbox 3536 4113 3675 4167; x_wconf 87' lang='lat' dir='ltr'><strong>inter</strong></span> 
     </span>
    </p>
   </div>
   <div class='ocr_carea' id='block_1_96' title="bbox 2092 4193 3674 4271">
    <p class='ocr_par' dir='ltr' id='par_1_96' title="bbox 2092 4193 3674 4271">
     <span class='ocr_line' id='line_1_96' title="bbox 2092 4193 3674 4271; baseline 0.01 -26"><span class='ocrx_word' id='word_1_713' title='bbox 2092 4209 2195 4249; x_wconf 90' lang='lat' dir='ltr'><strong>nos</strong></span> <span class='ocrx_word' id='word_1_714' title='bbox 2250 4193 2396 4248; x_wconf 90' lang='lat' dir='ltr'><strong>hanc</strong></span> <span class='ocrx_word' id='word_1_715' title='bbox 2449 4200 2883 4252; x_wconf 82' lang='lat' dir='ltr'><strong>controversiam</strong></span> <span class='ocrx_word' id='word_1_716' title='bbox 2934 4201 3349 4271; x_wconf 76' lang='lat' dir='ltr'><strong>transigamus:</strong></span> <span class='ocrx_word' id='word_1_717' title='bbox 3424 4204 3674 4261; x_wconf 60' lang='lat' dir='ltr'><strong>fraternas</strong></span> 
     </span>
    </p>
   </div>
   <div class='ocr_carea' id='block_1_97' title="bbox 2092 4288 3675 4368">
    <p class='ocr_par' dir='ltr' id='par_1_97' title="bbox 2092 4288 3675 4368">
     <span class='ocr_line' id='line_1_97' title="bbox 2092 4288 3675 4368; baseline 0.013 -35"><span class='ocrx_word' id='word_1_718' title='bbox 2092 4288 2272 4356; x_wconf 79' lang='lat' dir='ltr'><strong>potius</strong></span> <span class='ocrx_word' id='word_1_719' title='bbox 2304 4289 2586 4343; x_wconf 73' lang='lat' dir='ltr'><strong>charitatis</strong></span> <span class='ocrx_word' id='word_1_720' title='bbox 2611 4292 2876 4356; x_wconf 87' lang='lat' dir='ltr'><strong>studium,</strong></span> <span class='ocrx_word' id='word_1_721' title='bbox 2902 4309 3063 4361; x_wconf 84' lang='lat' dir='ltr'><strong>quam</strong></span> <span class='ocrx_word' id='word_1_722' title='bbox 3097 4297 3265 4349; x_wconf 87' lang='lat' dir='ltr'><strong>nostri</strong></span> <span class='ocrx_word' id='word_1_723' title='bbox 3299 4312 3540 4353; x_wconf 90' lang='lat' dir='ltr'><strong>amorem</strong></span> <span class='ocrx_word' id='word_1_724' title='bbox 3564 4315 3675 4368; x_wconf 70' lang='lat' dir='ltr'><strong>pra:</strong></span> 
     </span>
    </p>
   </div>
   <div class='ocr_carea' id='block_1_98' title="bbox 2094 4378 3673 4456">
    <p class='ocr_par' dir='ltr' id='par_1_98' title="bbox 2094 4378 3673 4456">
     <span class='ocr_line' id='line_1_98' title="bbox 2094 4378 3673 4456; baseline 0.008 -24"><span class='ocrx_word' id='word_1_725' title='bbox 2094 4381 2253 4435; x_wconf 86' lang='lat' dir='ltr'><strong>nobis</strong></span> <span class='ocrx_word' id='word_1_726' title='bbox 2290 4380 2554 4435; x_wconf 80' lang='lat' dir='ltr'><strong>feramus.</strong></span> <span class='ocrx_word' id='word_1_727' title='bbox 2605 4381 2724 4435; x_wconf 79' lang='lat' dir='ltr'><strong>Vim</strong></span> <span class='ocrx_word' id='word_1_728' title='bbox 2775 4385 3079 4440; x_wconf 82' lang='lat' dir='ltr'><strong>divinitatis</strong></span> <span class='ocrx_word' id='word_1_729' title='bbox 3116 4402 3181 4441; x_wconf 88' lang='lat' dir='ltr'><strong>ac</strong></span> <span class='ocrx_word' id='word_1_730' title='bbox 3231 4390 3527 4456; x_wconf 87' lang='lat' dir='ltr'><strong>potentiam</strong></span> <span class='ocrx_word' id='word_1_731' title='bbox 3571 4378 3673 4444; x_wconf 85' lang='lat' dir='ltr'><strong>uo-</strong></span> 
     </span>
    </p>
   </div>
   <div class='ocr_carea' id='block_1_99' title="bbox 2090 4466 3671 4536">
    <p class='ocr_par' dir='ltr' id='par_1_99' title="bbox 2090 4466 3671 4536">
     <span class='ocr_line' id='line_1_99' title="bbox 2090 4466 3671 4536; baseline 0.01 -16"><span class='ocrx_word' id='word_1_732' title='bbox 2090 4466 2176 4521; x_wconf 87' lang='lat' dir='ltr'><strong>bis</strong></span> <span class='ocrx_word' id='word_1_733' title='bbox 2217 4467 2362 4528; x_wconf 80' lang='lat' dir='ltr'><strong>date,</strong></span> <span class='ocrx_word' id='word_1_734' title='bbox 2411 4477 2464 4521; x_wconf 88' lang='lat' dir='ltr'><strong>et</strong></span> <span class='ocrx_word' id='word_1_735' title='bbox 2515 4485 2618 4524; x_wconf 88' lang='lat' dir='ltr'><strong>nos</strong></span> <span class='ocrx_word' id='word_1_736' title='bbox 2668 4470 2908 4525; x_wconf 88' lang='lat' dir='ltr'><strong>vicissim</strong></span> <span class='ocrx_word' id='word_1_737' title='bbox 2940 4475 3244 4530; x_wconf 84' lang='lat' dir='ltr'><strong>divinitatis</strong></span> <span class='ocrx_word' id='word_1_738' title='bbox 3277 4493 3458 4532; x_wconf 86' lang='lat' dir='ltr'><strong>vocem</strong></span> <span class='ocrx_word' id='word_1_739' title='bbox 3517 4481 3671 4536; x_wconf 89' lang='lat' dir='ltr'><strong>vobis</strong></span> 
     </span>
    </p>
   </div>
   <div class='ocr_carea' id='block_1_100' title="bbox 2024 4558 3673 4637">
    <p class='ocr_par' dir='ltr' id='par_1_100' title="bbox 2024 4558 3673 4637">
     <span class='ocr_line' id='line_1_100' title="bbox 2024 4558 3673 4637; baseline 0.009 -28"><span class='ocrx_word' id='word_1_740' title='bbox 2024 4622 2029 4627; x_wconf 29' lang='grc' dir='ltr'><strong><em>ι</em></strong></span> <span class='ocrx_word' id='word_1_741' title='bbox 2091 4558 2485 4613; x_wconf 87' lang='lat' dir='ltr'><strong>concedamus.</strong></span> <span class='ocrx_word' id='word_1_742' title='bbox 2530 4559 2792 4614; x_wconf 86' lang='lat' dir='ltr'><strong>Naturam</strong></span> <span class='ocrx_word' id='word_1_743' title='bbox 2845 4563 2971 4618; x_wconf 80' lang='lat' dir='ltr'><strong>aliis</strong></span> <span class='ocrx_word' id='word_1_744' title='bbox 3005 4566 3253 4632; x_wconf 88' lang='lat' dir='ltr'><strong>vocibus,</strong></span> <span class='ocrx_word' id='word_1_745' title='bbox 3296 4569 3496 4637; x_wconf 89' lang='lat' dir='ltr'><strong>quibus</strong></span> <span class='ocrx_word' id='word_1_746' title='bbox 3551 4570 3673 4637; x_wconf 87' lang='lat' dir='ltr'><strong>plus</strong></span> 
     </span>
    </p>
   </div>
   <div class='ocr_carea' id='block_1_101' title="bbox 2093 4652 3675 4717">
    <p class='ocr_par' dir='ltr' id='par_1_101' title="bbox 2093 4652 3675 4717">
     <span class='ocr_line' id='line_1_101' title="bbox 2093 4652 3675 4717; baseline 0.008 -15"><span class='ocrx_word' id='word_1_747' title='bbox 2093 4652 2337 4706; x_wconf 88' lang='lat' dir='ltr'><strong>tribuitis</strong></span> <span class='ocrx_word' id='word_1_748' title='bbox 2372 4655 2782 4709; x_wconf 81' lang='lat' dir='ltr'><strong>conﬁteamini:</strong></span> <span class='ocrx_word' id='word_1_749' title='bbox 2817 4671 2883 4711; x_wconf 89' lang='lat' dir='ltr'><strong>ac</strong></span> <span class='ocrx_word' id='word_1_750' title='bbox 2932 4672 3027 4712; x_wconf 87' lang='lat' dir='ltr'><strong>vos</strong></span> <span class='ocrx_word' id='word_1_751' title='bbox 3074 4669 3129 4711; x_wconf 93' lang='lat' dir='ltr'><strong>ut</strong></span> <span class='ocrx_word' id='word_1_752' title='bbox 3176 4660 3423 4715; x_wconf 87' lang='lat' dir='ltr'><strong>iulirmos</strong></span> <span class='ocrx_word' id='word_1_753' title='bbox 3459 4663 3675 4717; x_wconf 87' lang='lat' dir='ltr'><strong>curabi-</strong></span> 
     </span>
    </p>
   </div>
   <div class='ocr_carea' id='block_1_102' title="bbox 2093 4747 3672 4821">
    <p class='ocr_par' dir='ltr' id='par_1_102' title="bbox 2093 4747 3672 4821">
     <span class='ocr_line' id='line_1_102' title="bbox 2093 4747 3672 4821; baseline 0.009 -25"><span class='ocrx_word' id='word_1_754' title='bbox 2093 4760 2239 4809; x_wconf 89' lang='lat' dir='ltr'><strong>mus,</strong></span> <span class='ocrx_word' id='word_1_755' title='bbox 2267 4747 2528 4800; x_wconf 90' lang='lat' dir='ltr'><strong>nounulla</strong></span> <span class='ocrx_word' id='word_1_756' title='bbox 2564 4748 2716 4802; x_wconf 84' lang='lat' dir='ltr'><strong>vobis</strong></span> <span class='ocrx_word' id='word_1_757' title='bbox 2739 4763 2890 4819; x_wconf 82' lang='lat' dir='ltr'><strong>grata</strong></span> <span class='ocrx_word' id='word_1_758' title='bbox 2925 4759 2977 4805; x_wconf 90' lang='lat' dir='ltr'><strong>et</strong></span> <span class='ocrx_word' id='word_1_759' title='bbox 3016 4752 3256 4821; x_wconf 85' lang='lat' dir='ltr'><strong>jucunda</strong></span> <span class='ocrx_word' id='word_1_760' title='bbox 3282 4754 3672 4811; x_wconf 62' lang='lat' dir='ltr'><strong>suﬁ‘urautes.»</strong></span> 
     </span>
    </p>
   </div>
   <div class='ocr_carea' id='block_1_103' title="bbox 2164 4836 3671 4919">
    <p class='ocr_par' dir='ltr' id='par_1_103' title="bbox 2164 4836 3671 4919">
     <span class='ocr_line' id='line_1_103' title="bbox 2164 4836 3671 4919; baseline 0.011 -31"><span class='ocrx_word' id='word_1_761' title='bbox 2164 4836 2304 4902; x_wconf 90' lang='lat' dir='ltr'><strong>Quid</strong></span> <span class='ocrx_word' id='word_1_762' title='bbox 2364 4840 2663 4907; x_wconf 66' lang='lat' dir='ltr'><strong>preeterea?</strong></span> <span class='ocrx_word' id='word_1_763' title='bbox 2712 4841 3032 4919; x_wconf 33' lang='lat' dir='ltr'><strong>Aunonoet</strong></span> <span class='ocrx_word' id='word_1_764' title='bbox 3096 4854 3351 4915; x_wconf 79' lang='lat' dir='ltr'><strong>ma‘gnum</strong></span> <span class='ocrx_word' id='word_1_765' title='bbox 3410 4848 3671 4904; x_wconf 85' lang='lat' dir='ltr'><strong>Basilium</strong></span> 
     </span>
    </p>
   </div>
   <div class='ocr_carea' id='block_1_104' title="bbox 2095 4927 3676 5013">
    <p class='ocr_par' dir='ltr' id='par_1_104' title="bbox 2095 4927 3676 5013">
     <span class='ocr_line' id='line_1_104' title="bbox 2095 4927 3676 5013; baseline 0.011 -32"><span class='ocrx_word' id='word_1_766' title='bbox 2095 4927 2296 4986; x_wconf 75' lang='lat' dir='ltr'><strong>l‘rustra</strong></span> <span class='ocrx_word' id='word_1_767' title='bbox 2336 4933 2690 5013; x_wconf 83' lang='lat' dir='ltr'><strong>criminantes</strong></span> <span class='ocrx_word' id='word_1_768' title='bbox 2751 4936 2989 5004; x_wconf 77' lang='lat' dir='ltr'><strong>incusat,</strong></span> <span class='ocrx_word' id='word_1_769' title='bbox 3040 4937 3402 5010; x_wconf 84' lang='lat' dir='ltr'><strong>laudibusque</strong></span> <span class='ocrx_word' id='word_1_770' title='bbox 3436 4943 3676 4999; x_wconf 63' lang='lat' dir='ltr'><strong>.extollit</strong></span> 
     </span>
    </p>
   </div>
   <div class='ocr_carea' id='block_1_105' title="bbox 2094 5014 3676 5101">
    <p class='ocr_par' dir='ltr' id='par_1_105' title="bbox 2094 5014 3676 5101">
     <span class='ocr_line' id='line_1_105' title="bbox 2094 5014 3676 5101; baseline 0.007 -23"><span class='ocrx_word' id='word_1_771' title='bbox 2094 5022 2553 5094; x_wconf 79' lang='lat' dir='ltr'><strong>dispensationem</strong></span> <span class='ocrx_word' id='word_1_772' title='bbox 2589 5027 2757 5094; x_wconf 89' lang='lat' dir='ltr'><strong>illius,</strong></span> <span class='ocrx_word' id='word_1_773' title='bbox 2790 5020 2915 5097; x_wconf 65' lang='lat' dir='ltr'><strong>quae</strong></span> <span class='ocrx_word' id='word_1_774' title='bbox 2972 5031 3062 5084; x_wconf 78' lang='lat' dir='ltr'><strong>vix</strong></span> <span class='ocrx_word' id='word_1_775' title='bbox 3111 5034 3338 5101; x_wconf 80' lang='lat' dir='ltr'><strong>exprimi</strong></span> <span class='ocrx_word' id='word_1_776' title='bbox 3370 5014 3587 5101; x_wconf 41' lang='lat' dir='ltr'><strong>potest-.7</strong></span> <span class='ocrx_word' id='word_1_777' title='bbox 3623 5044 3676 5089; x_wconf 81' lang='lat' dir='ltr'><strong>et</strong></span> 
     </span>
    </p>
   </div>
   <div class='ocr_carea' id='block_1_106' title="bbox 2095 5110 3683 5201">
    <p class='ocr_par' dir='ltr' id='par_1_106' title="bbox 2095 5110 3683 5201">
     <span class='ocr_line' id='line_1_106' title="bbox 2095 5110 3683 5201; baseline 0.005 -33"><span class='ocrx_word' id='word_1_778' title='bbox 2095 5130 2312 5169; x_wconf 86' lang='lat' dir='ltr'><strong>omnem</strong></span> <span class='ocrx_word' id='word_1_779' title='bbox 2335 5117 2595 5171; x_wconf 81' lang='lat' dir='ltr'><strong>maleﬁcis</strong></span> <span class='ocrx_word' id='word_1_780' title='bbox 2633 5121 2925 5174; x_wconf 87' lang='lat' dir='ltr'><strong>accusandi</strong></span> <span class='ocrx_word' id='word_1_781' title='bbox 2961 5136 3149 5176; x_wconf 87' lang='lat' dir='ltr'><strong>ansam</strong></span> <span class='ocrx_word' id='word_1_782' title='bbox 3184 5126 3519 5201; x_wconf 66' lang='lat' dir='ltr'><strong>praeripiens,</strong></span> <span class='ocrx_word' id='word_1_783' title='bbox 3544 5110 3683 5201; x_wconf 75' lang='lat' dir='ltr'><strong>sim—</strong></span> 
     </span>
    </p>
   </div>
   <div class='ocr_carea' id='block_1_107' title="bbox 2097 5202 3674 5293">
    <p class='ocr_par' dir='ltr' id='par_1_107' title="bbox 2097 5202 3674 5293">
     <span class='ocr_line' id='line_1_107' title="bbox 2097 5202 3674 5293; baseline 0.008 -36"><span class='ocrx_word' id='word_1_784' title='bbox 2097 5207 2373 5276; x_wconf 81' lang='lat' dir='ltr'><strong>pliciores,</strong></span> <span class='ocrx_word' id='word_1_785' title='bbox 2410 5211 2503 5279; x_wconf 89' lang='lat' dir='ltr'><strong>qui</strong></span> <span class='ocrx_word' id='word_1_786' title='bbox 2560 5210 2627 5265; x_wconf 88' lang='lat' dir='ltr'><strong>de</strong></span> <span class='ocrx_word' id='word_1_787' title='bbox 2680 5228 2745 5266; x_wconf 90' lang='lat' dir='ltr'><strong>eo</strong></span> <span class='ocrx_word' id='word_1_788' title='bbox 2792 5228 2902 5268; x_wconf 90' lang='lat' dir='ltr'><strong>non</strong></span> <span class='ocrx_word' id='word_1_789' title='bbox 2965 5226 3110 5270; x_wconf 87' lang='lat' dir='ltr'><strong>recte</strong></span> <span class='ocrx_word' id='word_1_790' title='bbox 3173 5202 3502 5279; x_wconf 81' lang='lat' dir='ltr'><strong>sentiebant.</strong></span> <span class='ocrx_word' id='word_1_791' title='bbox 3554 5218 3674 5293; x_wconf 68' lang='lat' dir='ltr'><strong>lardi</strong></span> 
     </span>
    </p>
   </div>
   <div class='ocr_carea' id='block_1_108' title="bbox 2099 5301 3680 5383">
    <p class='ocr_par' dir='ltr' id='par_1_108' title="bbox 2099 5301 3680 5383">
     <span class='ocr_line' id='line_1_108' title="bbox 2099 5301 3680 5383; baseline 0.007 -30"><span class='ocrx_word' id='word_1_792' title='bbox 2099 5301 2241 5355; x_wconf 83' lang='lat' dir='ltr'><strong>haud</strong></span> <span class='ocrx_word' id='word_1_793' title='bbox 2278 5302 2592 5371; x_wconf 88' lang='lat' dir='ltr'><strong>permittit?</strong></span> <span class='ocrx_word' id='word_1_794' title='bbox 2626 5322 2642 5352; x_wconf 76' lang='grc' dir='ltr'>ι</span> <span class='ocrx_word' id='word_1_795' title='bbox 2680 5304 2772 5359; x_wconf 86' lang='lat' dir='ltr'><strong>Ille</strong></span> <span class='ocrx_word' id='word_1_796' title='bbox 2802 5306 2971 5371; x_wconf 88' lang='lat' dir='ltr'><strong>enim,</strong></span> <span class='ocrx_word' id='word_1_797' title='bbox 3023 5327 3041 5358; x_wconf 77' lang='grc' dir='ltr'>ι</span> <span class='ocrx_word' id='word_1_798' title='bbox 3098 5309 3177 5362; x_wconf 86' lang='lat' dir='ltr'><strong>ait</strong></span> <span class='ocrx_word' id='word_1_799' title='bbox 3215 5309 3434 5363; x_wconf 85' lang='lat' dir='ltr'><strong>divinus</strong></span> <span class='ocrx_word' id='word_1_800' title='bbox 3484 5324 3680 5383; x_wconf 75' lang='lat' dir='ltr'><strong>nempe</strong></span> 
     </span>
    </p>
   </div>
   <div class='ocr_carea' id='block_1_109' title="bbox 2097 5388 3685 5468">
    <p class='ocr_par' dir='ltr' id='par_1_109' title="bbox 2097 5388 3685 5468">
     <span class='ocr_line' id='line_1_109' title="bbox 2097 5388 3685 5468; baseline 0.008 -22"><span class='ocrx_word' id='word_1_801' title='bbox 2097 5388 2433 5465; x_wconf 79' lang='lat' dir='ltr'><strong>magnusque</strong></span> <span class='ocrx_word' id='word_1_802' title='bbox 2456 5395 2713 5461; x_wconf 87' lang='lat' dir='ltr'><strong>Basilius,</strong></span> <span class='ocrx_word' id='word_1_803' title='bbox 2750 5415 2769 5449; x_wconf 81' lang='grc' dir='ltr'><strong>ι</strong></span> <span class='ocrx_word' id='word_1_804' title='bbox 2795 5414 2895 5468; x_wconf 90' lang='lat' dir='ltr'><strong>pro</strong></span> <span class='ocrx_word' id='word_1_805' title='bbox 2948 5412 3096 5455; x_wconf 88' lang='lat' dir='ltr'><strong>recta</strong></span> <span class='ocrx_word' id='word_1_806' title='bbox 3142 5403 3385 5455; x_wconf 87' lang='lat' dir='ltr'><strong>doctrina</strong></span> <span class='ocrx_word' id='word_1_807' title='bbox 3452 5415 3685 5465; x_wconf 64' lang='lat' dir='ltr'><strong>saucun-</strong></span> 
     </span>
    </p>
   </div>
   <div class='ocr_carea' id='block_1_110' title="bbox 2088 5483 3679 5561">
    <p class='ocr_par' dir='ltr' id='par_1_110' title="bbox 2088 5483 3679 5561">
     <span class='ocr_line' id='line_1_110' title="bbox 2088 5483 3679 5561; baseline 0.008 -23"><span class='ocrx_word' id='word_1_808' title='bbox 2088 5501 2195 5554; x_wconf 89' lang='lat' dir='ltr'><strong>que</strong></span> <span class='ocrx_word' id='word_1_809' title='bbox 2239 5483 2519 5542; x_wconf 83' lang='lat' dir='ltr'><strong>Trinitatis</strong></span> <span class='ocrx_word' id='word_1_810' title='bbox 2555 5489 2967 5559; x_wconf 80' lang='lat' dir='ltr'><strong>conjunctione,</strong></span> <span class='ocrx_word' id='word_1_811' title='bbox 3018 5502 3074 5547; x_wconf 89' lang='lat' dir='ltr'><strong>et</strong></span> <span class='ocrx_word' id='word_1_812' title='bbox 3105 5493 3430 5560; x_wconf 80' lang='lat' dir='ltr'><strong>eondeitate,</strong></span> <span class='ocrx_word' id='word_1_813' title='bbox 3481 5505 3587 5561; x_wconf 45' lang='lat' dir='ltr'><strong>aut.</strong></span> <span class='ocrx_word' id='word_1_814' title='bbox 3633 5497 3679 5550; x_wconf 85' lang='lat' dir='ltr'><strong>si</strong></span> 
     </span>
    </p>
   </div>
   <div class='ocr_carea' id='block_1_111' title="bbox 2090 5581 3679 5653">
    <p class='ocr_par' dir='ltr' id='par_1_111' title="bbox 2090 5581 3679 5653">
     <span class='ocr_line' id='line_1_111' title="bbox 2090 5581 3679 5653; baseline 0.006 -23"><span class='ocrx_word' id='word_1_815' title='bbox 2090 5593 2201 5647; x_wconf 86' lang='lat' dir='ltr'><strong>quo</strong></span> <span class='ocrx_word' id='word_1_816' title='bbox 2251 5581 2425 5649; x_wconf 80' lang='lat' dir='ltr'><strong>magis</strong></span> <span class='ocrx_word' id='word_1_817' title='bbox 2480 5584 2701 5651; x_wconf 90' lang='lat' dir='ltr'><strong>proprio</strong></span> <span class='ocrx_word' id='word_1_818' title='bbox 2753 5591 2807 5636; x_wconf 92' lang='lat' dir='ltr'><strong>ct</strong></span> <span class='ocrx_word' id='word_1_819' title='bbox 2854 5585 3145 5653; x_wconf 85' lang='lat' dir='ltr'><strong>perspicuo</strong></span> <span class='ocrx_word' id='word_1_820' title='bbox 3177 5586 3344 5639; x_wconf 87' lang='lat' dir='ltr'><strong>verbo</strong></span> <span class='ocrx_word' id='word_1_821' title='bbox 3376 5603 3461 5642; x_wconf 85' lang='lat' dir='ltr'><strong>res</strong></span> <span class='ocrx_word' id='word_1_822' title='bbox 3492 5604 3550 5641; x_wconf 89' lang='lat' dir='ltr'><strong>ea</strong></span> <span class='ocrx_word' id='word_1_823' title='bbox 3577 5603 3679 5642; x_wconf 84' lang='lat' dir='ltr'><strong>no-</strong></span> 
     </span>
    </p>
   </div>
   <div class='ocr_carea' id='block_1_112' title="bbox 2094 5669 3681 5743">
    <p class='ocr_par' dir='ltr' id='par_1_112' title="bbox 2094 5669 3681 5743">
     <span class='ocr_line' id='line_1_112' title="bbox 2094 5669 3681 5743; baseline 0.003 -21"><span class='ocrx_word' id='word_1_824' title='bbox 2094 5669 2197 5722; x_wconf 86' lang='lat' dir='ltr'><strong>tari</strong></span> <span class='ocrx_word' id='word_1_825' title='bbox 2235 5680 2432 5740; x_wconf 86' lang='lat' dir='ltr'><strong>potest,</strong></span> <span class='ocrx_word' id='word_1_826' title='bbox 2464 5686 2569 5724; x_wconf 90' lang='lat' dir='ltr'><strong>non</strong></span> <span class='ocrx_word' id='word_1_827' title='bbox 2600 5671 2762 5725; x_wconf 92' lang='lat' dir='ltr'><strong>modo</strong></span> <span class='ocrx_word' id='word_1_828' title='bbox 2816 5673 2882 5728; x_wconf 87' lang='lat' dir='ltr'><strong>de</strong></span> <span class='ocrx_word' id='word_1_829' title='bbox 2922 5674 3142 5738; x_wconf 88' lang='lat' dir='ltr'><strong>throno,</strong></span> <span class='ocrx_word' id='word_1_830' title='bbox 3189 5674 3255 5727; x_wconf 88' lang='lat' dir='ltr'><strong>ad</strong></span> <span class='ocrx_word' id='word_1_831' title='bbox 3295 5689 3454 5743; x_wconf 89' lang='lat' dir='ltr'><strong>quem</strong></span> <span class='ocrx_word' id='word_1_832' title='bbox 3481 5676 3681 5743; x_wconf 27' lang='lat' dir='ltr'><strong>neclab</strong></span> 
     </span>
    </p>
   </div>
   <div class='ocr_carea' id='block_1_113' title="bbox 2096 5745 3685 5834">
    <p class='ocr_par' dir='ltr' id='par_1_113' title="bbox 2096 5745 3685 5834">
     <span class='ocr_line' id='line_1_113' title="bbox 2096 5745 3685 5834; baseline 0.001 -18"><span class='ocrx_word' id='word_1_833' title='bbox 2096 5763 2251 5816; x_wconf 85' lang='lat' dir='ltr'><strong>imtio</strong></span> <span class='ocrx_word' id='word_1_834' title='bbox 2275 5745 2494 5833; x_wconf 86' lang='lat' dir='ltr'><strong>quidem</strong></span> <span class='ocrx_word' id='word_1_835' title='bbox 2531 5751 2727 5834; x_wconf 71' lang='lat' dir='ltr'><strong>cupide</strong></span> <span class='ocrx_word' id='word_1_836' title='bbox 2755 5764 3012 5834; x_wconf 86' lang='lat' dir='ltr'><strong>prosiliit,</strong></span> <span class='ocrx_word' id='word_1_837' title='bbox 3064 5765 3345 5820; x_wconf 76' lang='lat' dir='ltr'><strong>exturbari</strong></span> <span class='ocrx_word' id='word_1_838' title='bbox 3387 5781 3452 5819; x_wconf 87' lang='lat' dir='ltr'><strong>ac</strong></span> <span class='ocrx_word' id='word_1_839' title='bbox 3493 5764 3685 5833; x_wconf 85' lang='lat' dir='ltr'><strong>dejici,</strong></span> 
     </span>
    </p>
   </div>
   <div class='ocr_carea' id='block_1_114' title="bbox 2098 5854 3681 5929">
    <p class='ocr_par' dir='ltr' id='par_1_114' title="bbox 2098 5854 3681 5929">
     <span class='ocr_line' id='line_1_114' title="bbox 2098 5854 3681 5929; baseline 0.001 -16"><span class='ocrx_word' id='word_1_840' title='bbox 2098 5854 2193 5913; x_wconf 75' lang='lat' dir='ltr'><strong>sed</strong></span> <span class='ocrx_word' id='word_1_841' title='bbox 2216 5856 2380 5912; x_wconf 85' lang='lat' dir='ltr'><strong>etiam</strong></span> <span class='ocrx_word' id='word_1_842' title='bbox 2411 5856 2601 5916; x_wconf 79' lang='lat' dir='ltr'><strong>exsilio</strong></span> <span class='ocrx_word' id='word_1_843' title='bbox 2631 5865 2688 5913; x_wconf 87' lang='lat' dir='ltr'><strong>et</strong></span> <span class='ocrx_word' id='word_1_844' title='bbox 2717 5866 2910 5915; x_wconf 86' lang='lat' dir='ltr'><strong>morte.</strong></span> <span class='ocrx_word' id='word_1_845' title='bbox 2950 5870 3114 5929; x_wconf 83' lang='lat' dir='ltr'><strong>atque</strong></span> <span class='ocrx_word' id='word_1_846' title='bbox 3157 5868 3287 5916; x_wconf 86' lang='lat' dir='ltr'><strong>ante</strong></span> <span class='ocrx_word' id='word_1_847' title='bbox 3352 5860 3519 5915; x_wconf 78' lang='lat' dir='ltr'><strong>variis</strong></span> <span class='ocrx_word' id='word_1_848' title='bbox 3557 5874 3681 5915; x_wconf 79' lang='lat' dir='ltr'><strong>cru.</strong></span> 
     </span>
    </p>
   </div>
  </div>
