  <div class='ocr_page' id='page_1' title='image "/cluster/home/n/w/nwhite01/storage/ocr_20150623/141/coo.31924054870468/025.png"; bbox 0 0 4058 6412; ppageno 0'>
   <div class='ocr_carea' id='block_1_1' title="bbox 463 316 3746 390">
    <p class='ocr_par' dir='ltr' id='par_1_1' title="bbox 463 316 3746 390">
     <span class='ocr_line' id='line_1_1' title="bbox 463 316 3746 390; baseline 0.001 -10"><span class='ocrx_word' id='word_1_1' title='bbox 463 327 534 390; x_wconf 85' lang='lat'><strong>35</strong></span> <span class='ocrx_word' id='word_1_2' title='bbox 1531 317 1745 380; x_wconf 73' lang='lat' dir='ltr'><strong>JOAN.</strong></span> <span class='ocrx_word' id='word_1_3' title='bbox 1791 317 2004 379; x_wconf 81' lang='lat' dir='ltr'><strong>VECCI</strong></span> <span class='ocrx_word' id='word_1_4' title='bbox 2046 318 2160 378; x_wconf 76' lang='lat' dir='ltr'><strong>cr.</strong></span> <span class='ocrx_word' id='word_1_5' title='bbox 2202 316 2710 378; x_wconf 66' lang='lat' dir='ltr'><strong>PA&#39;l‘ltlAltCl-I.E</strong></span> <span class='ocrx_word' id='word_1_6' title='bbox 3670 319 3746 385; x_wconf 80' lang='grc'><strong>36,</strong></span> 
     </span>
    </p>
   </div>
   <div class='ocr_carea' id='block_1_2' title="bbox 463 417 2068 503">
    <p class='ocr_par' dir='ltr' id='par_1_2' title="bbox 463 426 2052 503">
     <span class='ocr_line' id='line_1_2' title="bbox 463 426 2052 503; baseline -0.009 -11"><span class='ocrx_word' id='word_1_7' title='bbox 463 437 704 493; x_wconf 83' lang='lat' dir='ltr'><strong>ciatibus</strong></span> <span class='ocrx_word' id='word_1_8' title='bbox 737 432 902 498; x_wconf 77' lang='lat' dir='ltr'><strong>afﬁci,</strong></span> <span class='ocrx_word' id='word_1_9' title='bbox 957 441 1210 503; x_wconf 88' lang='lat' dir='ltr'><strong>prompto</strong></span> <span class='ocrx_word' id='word_1_10' title='bbox 1255 427 1532 497; x_wconf 77' lang='lat' dir='ltr'><strong>alacrique</strong></span> <span class='ocrx_word' id='word_1_11' title='bbox 1587 426 1775 480; x_wconf 86' lang='lat' dir='ltr'><strong>animo</strong></span> <span class='ocrx_word' id='word_1_12' title='bbox 1814 427 2052 490; x_wconf 72' lang='lat' dir='ltr'><strong>tulisset,</strong></span> 
     </span>
    </p>
   </div>
   <div class='ocr_carea' id='block_1_3' title="bbox 2173 417 3742 503">
    <p class='ocr_par' dir='ltr' id='par_1_3' title="bbox 2173 417 3742 495">
     <span class='ocr_line' id='line_1_3' title="bbox 2173 417 3742 495; baseline 0.001 -18"><span class='ocrx_word' id='word_1_13' title='bbox 2173 426 2212 477; x_wconf 71' lang='grc' dir='ltr'>»ὐ</span> <span class='ocrx_word' id='word_1_14' title='bbox 2242 425 2506 479; x_wconf 86' lang='grc' dir='ltr'>κίνδυνον.</span> <span class='ocrx_word' id='word_1_15' title='bbox 2545 425 2708 492; x_wconf 83' lang='grc' dir='ltr'>Δηλοῖ</span> <span class='ocrx_word' id='word_1_16' title='bbox 2751 423 2805 477; x_wconf 80' lang='grc' dir='ltr'>δὲ</span> <span class='ocrx_word' id='word_1_17' title='bbox 2853 418 2936 487; x_wconf 72' lang='grc' dir='ltr'><strong>οἷς</strong></span> <span class='ocrx_word' id='word_1_18' title='bbox 2982 424 3085 495; x_wconf 71' lang='grc' dir='ltr'>ἤδη</span> <span class='ocrx_word' id='word_1_19' title='bbox 3113 422 3382 494; x_wconf 80' lang='grc' dir='ltr'>πεποίηκε</span> <span class='ocrx_word' id='word_1_20' title='bbox 3415 424 3507 477; x_wconf 73' lang='grc' dir='ltr'>καὶ</span> <span class='ocrx_word' id='word_1_21' title='bbox 3534 417 3614 487; x_wconf 72' lang='grc' dir='ltr'><strong>οἷς</strong></span> <span class='ocrx_word' id='word_1_22' title='bbox 3644 426 3742 478; x_wconf 73' lang='grc' dir='ltr'>πέ-</span> 
     </span>
    </p>
   </div>
   <div class='ocr_carea' id='block_1_4' title="bbox 465 513 2055 593">
    <p class='ocr_par' dir='ltr' id='par_1_4' title="bbox 465 513 2055 593">
     <span class='ocr_line' id='line_1_4' title="bbox 465 513 2055 593; baseline -0.008 -12"><span class='ocrx_word' id='word_1_23' title='bbox 465 543 529 581; x_wconf 69' lang='lat' dir='ltr'><strong>se</strong></span> <span class='ocrx_word' id='word_1_24' title='bbox 557 527 747 593; x_wconf 77' lang='lat' dir='ltr'><strong>,lucro</strong></span> <span class='ocrx_word' id='word_1_25' title='bbox 808 524 991 593; x_wconf 87' lang='lat' dir='ltr'><strong>potius</strong></span> <span class='ocrx_word' id='word_1_26' title='bbox 1045 536 1208 590; x_wconf 90' lang='lat' dir='ltr'><strong>quam</strong></span> <span class='ocrx_word' id='word_1_27' title='bbox 1275 519 1516 588; x_wconf 90' lang='lat' dir='ltr'><strong>periculo</strong></span> <span class='ocrx_word' id='word_1_28' title='bbox 1568 518 1907 586; x_wconf 74' lang='lat' dir='ltr'><strong>deputasset.</strong></span> <span class='ocrx_word' id='word_1_29' title='bbox 1942 513 2055 568; x_wconf 86' lang='lat' dir='ltr'><strong>lloc</strong></span> 
     </span>
    </p>
   </div>
   <div class='ocr_carea' id='block_1_5' title="bbox 466 609 2056 682">
    <p class='ocr_par' dir='ltr' id='par_1_5' title="bbox 466 609 2056 682">
     <span class='ocr_line' id='line_1_5' title="bbox 466 609 2056 682; baseline -0.006 -12"><span class='ocrx_word' id='word_1_30' title='bbox 466 634 598 674; x_wconf 83' lang='lat' dir='ltr'><strong>vero</strong></span> <span class='ocrx_word' id='word_1_31' title='bbox 626 619 696 670; x_wconf 90' lang='lat' dir='ltr'><strong>ita</strong></span> <span class='ocrx_word' id='word_1_32' title='bbox 728 631 870 682; x_wconf 88' lang='lat' dir='ltr'><strong>esse,</strong></span> <span class='ocrx_word' id='word_1_33' title='bbox 910 615 1195 669; x_wconf 81' lang='lat' dir='ltr'><strong>declarant</strong></span> <span class='ocrx_word' id='word_1_34' title='bbox 1241 627 1302 666; x_wconf 91' lang='lat' dir='ltr'><strong>ea</strong></span> <span class='ocrx_word' id='word_1_35' title='bbox 1351 627 1473 679; x_wconf 72' lang='lat' dir='ltr'><strong>quae</strong></span> <span class='ocrx_word' id='word_1_36' title='bbox 1505 619 1558 663; x_wconf 91' lang='lat' dir='ltr'><strong>et</strong></span> <span class='ocrx_word' id='word_1_37' title='bbox 1591 609 1715 663; x_wconf 80' lang='lat' dir='ltr'><strong>fecit</strong></span> <span class='ocrx_word' id='word_1_38' title='bbox 1772 617 1827 661; x_wconf 88' lang='lat' dir='ltr'><strong>et</strong></span> <span class='ocrx_word' id='word_1_39' title='bbox 1862 622 2056 678; x_wconf 75' lang='lat' dir='ltr'><strong>passos</strong></span> 
     </span>
    </p>
   </div>
   <div class='ocr_carea' id='block_1_6' title="bbox 473 701 2057 780">
    <p class='ocr_par' dir='ltr' id='par_1_6' title="bbox 473 701 2057 780">
     <span class='ocr_line' id='line_1_6' title="bbox 473 701 2057 780; baseline -0.008 -15"><span class='ocrx_word' id='word_1_40' title='bbox 473 723 580 774; x_wconf 84' lang='lat' dir='ltr'><strong>cst,</strong></span> <span class='ocrx_word' id='word_1_41' title='bbox 637 723 696 766; x_wconf 88' lang='lat' dir='ltr'><strong>ut</strong></span> <span class='ocrx_word' id='word_1_42' title='bbox 731 711 822 780; x_wconf 87' lang='lat' dir='ltr'><strong>qui</strong></span> <span class='ocrx_word' id='word_1_43' title='bbox 870 711 1031 764; x_wconf 89' lang='lat' dir='ltr'><strong>etiam</strong></span> <span class='ocrx_word' id='word_1_44' title='bbox 1078 710 1146 761; x_wconf 90' lang='lat' dir='ltr'><strong>ob</strong></span> <span class='ocrx_word' id='word_1_45' title='bbox 1194 705 1439 761; x_wconf 90' lang='lat' dir='ltr'><strong>veritatis</strong></span> <span class='ocrx_word' id='word_1_46' title='bbox 1464 703 1835 758; x_wconf 80' lang='lat' dir='ltr'><strong>defensionem</strong></span> <span class='ocrx_word' id='word_1_47' title='bbox 1861 701 2057 754; x_wconf 82' lang='lat' dir='ltr'><strong>exs-lio</strong></span> 
     </span>
    </p>
   </div>
   <div class='ocr_carea' id='block_1_7' title="bbox 471 792 2054 866">
    <p class='ocr_par' dir='ltr' id='par_1_7' title="bbox 471 792 2054 866">
     <span class='ocr_line' id='line_1_7' title="bbox 471 792 2054 866; baseline -0.009 -8"><span class='ocrx_word' id='word_1_48' title='bbox 471 804 756 864; x_wconf 88' lang='lat' dir='ltr'><strong>multatus,</strong></span> <span class='ocrx_word' id='word_1_49' title='bbox 783 799 916 854; x_wconf 84' lang='lat' dir='ltr'><strong>nihil</strong></span> <span class='ocrx_word' id='word_1_50' title='bbox 954 798 1098 852; x_wconf 86' lang='lat' dir='ltr'><strong>aliud</strong></span> <span class='ocrx_word' id='word_1_51' title='bbox 1153 796 1352 866; x_wconf 94' lang='lat' dir='ltr'><strong>negotii</strong></span> <span class='ocrx_word' id='word_1_52' title='bbox 1398 793 1725 862; x_wconf 80' lang='lat' dir='ltr'><strong>susCeperit,</strong></span> <span class='ocrx_word' id='word_1_53' title='bbox 1765 807 1930 860; x_wconf 91' lang='lat' dir='ltr'><strong>quam</strong></span> <span class='ocrx_word' id='word_1_54' title='bbox 1962 792 2054 844; x_wconf 90' lang='lat' dir='ltr'><strong>uni</strong></span> 
     </span>
    </p>
   </div>
   <div class='ocr_carea' id='block_1_8' title="bbox 468 886 2055 958">
    <p class='ocr_par' dir='ltr' id='par_1_8' title="bbox 468 886 2055 958">
     <span class='ocr_line' id='line_1_8' title="bbox 468 886 2055 958; baseline -0.008 -9"><span class='ocrx_word' id='word_1_55' title='bbox 468 912 534 949; x_wconf 80' lang='lat' dir='ltr'><strong>ex</strong></span> <span class='ocrx_word' id='word_1_56' title='bbox 567 895 818 957; x_wconf 77' lang='lat' dir='ltr'><strong>asseclis,</strong></span> <span class='ocrx_word' id='word_1_57' title='bbox 853 901 911 946; x_wconf 91' lang='lat' dir='ltr'><strong>ut</strong></span> <span class='ocrx_word' id='word_1_58' title='bbox 941 907 1000 944; x_wconf 89' lang='lat' dir='ltr'><strong>se</strong></span> <span class='ocrx_word' id='word_1_59' title='bbox 1031 890 1272 958; x_wconf 77' lang='lat' dir='ltr'><strong>acceptis</strong></span> <span class='ocrx_word' id='word_1_60' title='bbox 1319 886 1682 957; x_wconf 76' lang='lat' dir='ltr'><strong>pugillaribus</strong></span> <span class='ocrx_word' id='word_1_61' title='bbox 1712 893 2055 954; x_wconf 74' lang='lat' dir='ltr'><strong>sequeretur,</strong></span> 
     </span>
    </p>
   </div>
   <div class='ocr_carea' id='block_1_9' title="bbox 469 976 2057 1057">
    <p class='ocr_par' dir='ltr' id='par_1_9' title="bbox 469 976 2057 1057">
     <span class='ocr_line' id='line_1_9' title="bbox 469 976 2057 1057; baseline -0.01 -16"><span class='ocrx_word' id='word_1_62' title='bbox 469 988 783 1057; x_wconf 81' lang='lat' dir='ltr'><strong>imperaret.</strong></span> <span class='ocrx_word' id='word_1_63' title='bbox 813 984 1080 1038; x_wconf 68' lang='lat' dir='ltr'><strong>Caeterum</strong></span> <span class='ocrx_word' id='word_1_64' title='bbox 1114 995 1399 1036; x_wconf 84' lang='lat' dir='ltr'><strong>sermones</strong></span> <span class='ocrx_word' id='word_1_65' title='bbox 1431 994 1554 1032; x_wconf 88' lang='lat' dir='ltr'><strong>cum</strong></span> <span class='ocrx_word' id='word_1_66' title='bbox 1609 976 1820 1047; x_wconf 83' lang='lat' dir='ltr'><strong>judicio</strong></span> <span class='ocrx_word' id='word_1_67' title='bbox 1867 976 2057 1044; x_wconf 88' lang='lat' dir='ltr'><strong>dispo-</strong></span> 
     </span>
    </p>
   </div>
   <div class='ocr_carea' id='block_1_10' title="bbox 469 1065 2056 1132">
    <p class='ocr_par' dir='ltr' id='par_1_10' title="bbox 469 1065 2056 1132">
     <span class='ocr_line' id='line_1_10' title="bbox 469 1065 2056 1132; baseline -0.01 -1"><span class='ocrx_word' id='word_1_68' title='bbox 469 1092 600 1132; x_wconf 83' lang='lat' dir='ltr'><strong>nere</strong></span> <span class='ocrx_word' id='word_1_69' title='bbox 646 1075 715 1129; x_wconf 88' lang='lat' dir='ltr'><strong>de</strong></span> <span class='ocrx_word' id='word_1_70' title='bbox 761 1073 978 1128; x_wconf 85' lang='lat' dir='ltr'><strong>Davidis</strong></span> <span class='ocrx_word' id='word_1_71' title='bbox 1022 1070 1256 1124; x_wconf 90' lang='lat' dir='ltr'><strong>consilio</strong></span> <span class='ocrx_word' id='word_1_72' title='bbox 1307 1075 1362 1122; x_wconf 92' lang='lat' dir='ltr'><strong>et</strong></span> <span class='ocrx_word' id='word_1_73' title='bbox 1390 1070 1662 1122; x_wconf 88' lang='lat' dir='ltr'><strong>sententia</strong></span> <span class='ocrx_word' id='word_1_74' title='bbox 1687 1065 2056 1120; x_wconf 83' lang='lat' dir='ltr'><strong>necessarium</strong></span> 
     </span>
    </p>
   </div>
   <div class='ocr_carea' id='block_1_11' title="bbox 467 1155 2054 1237">
    <p class='ocr_par' dir='ltr' id='par_1_11' title="bbox 467 1155 2054 1237">
     <span class='ocr_line' id='line_1_11' title="bbox 467 1155 2054 1237; baseline -0.007 -16"><span class='ocrx_word' id='word_1_75' title='bbox 467 1185 590 1223; x_wconf 88' lang='lat' dir='ltr'><strong>esse</strong></span> <span class='ocrx_word' id='word_1_76' title='bbox 631 1167 938 1237; x_wconf 86' lang='lat' dir='ltr'><strong>judicabat,</strong></span> <span class='ocrx_word' id='word_1_77' title='bbox 1003 1178 1067 1217; x_wconf 89' lang='lat' dir='ltr'><strong>ac</strong></span> <span class='ocrx_word' id='word_1_78' title='bbox 1103 1163 1226 1216; x_wconf 86' lang='lat' dir='ltr'><strong>belli</strong></span> <span class='ocrx_word' id='word_1_79' title='bbox 1276 1173 1512 1229; x_wconf 86' lang='lat' dir='ltr'><strong>tempus.</strong></span> <span class='ocrx_word' id='word_1_80' title='bbox 1572 1165 1626 1212; x_wconf 90' lang='lat' dir='ltr'><strong>et</strong></span> <span class='ocrx_word' id='word_1_81' title='bbox 1673 1155 2054 1212; x_wconf 75' lang='lat' dir='ltr'><strong>haereticorum</strong></span> 
     </span>
    </p>
   </div>
   <div class='ocr_carea' id='block_1_12' title="bbox 468 1247 2059 1328">
    <p class='ocr_par' dir='ltr' id='par_1_12' title="bbox 468 1247 2059 1328">
     <span class='ocr_line' id='line_1_12' title="bbox 468 1247 2059 1328; baseline -0.009 -16"><span class='ocrx_word' id='word_1_82' title='bbox 468 1259 838 1328; x_wconf 85' lang='lat' dir='ltr'><strong>principatum</strong></span> <span class='ocrx_word' id='word_1_83' title='bbox 893 1254 1290 1322; x_wconf 82' lang='lat' dir='ltr'><strong>aliquantisper</strong></span> <span class='ocrx_word' id='word_1_84' title='bbox 1339 1252 1594 1312; x_wconf 88' lang='lat' dir='ltr'><strong>tolerare,</strong></span> <span class='ocrx_word' id='word_1_85' title='bbox 1625 1249 1803 1318; x_wconf 89' lang='lat' dir='ltr'><strong>quoad</strong></span> <span class='ocrx_word' id='word_1_86' title='bbox 1839 1247 2059 1301; x_wconf 85' lang='lat' dir='ltr'><strong>liberta-</strong></span> 
     </span>
    </p>
   </div>
   <div class='ocr_carea' id='block_1_13' title="bbox 467 1343 2059 1419">
    <p class='ocr_par' dir='ltr' id='par_1_13' title="bbox 467 1343 2059 1419">
     <span class='ocr_line' id='line_1_13' title="bbox 467 1343 2059 1419; baseline -0.011 -13"><span class='ocrx_word' id='word_1_87' title='bbox 467 1354 540 1406; x_wconf 90' lang='lat' dir='ltr'><strong>tis</strong></span> <span class='ocrx_word' id='word_1_88' title='bbox 565 1359 780 1419; x_wconf 83' lang='lat' dir='ltr'><strong>tempus</strong></span> <span class='ocrx_word' id='word_1_89' title='bbox 834 1347 1233 1409; x_wconf 81' lang='lat' dir='ltr'><strong>successisset,</strong></span> <span class='ocrx_word' id='word_1_90' title='bbox 1279 1344 1585 1412; x_wconf 73' lang='lat' dir='ltr'><strong>liuguchue</strong></span> <span class='ocrx_word' id='word_1_91' title='bbox 1641 1343 1943 1394; x_wconf 85' lang='lat' dir='ltr'><strong>libertatem</strong></span> <span class='ocrx_word' id='word_1_92' title='bbox 1996 1356 2059 1395; x_wconf 89' lang='lat' dir='ltr'><strong>ac</strong></span> 
     </span>
    </p>
   </div>
   <div class='ocr_carea' id='block_1_14' title="bbox 469 1434 2055 1500">
    <p class='ocr_par' dir='ltr' id='par_1_14' title="bbox 469 1434 2055 1500">
     <span class='ocr_line' id='line_1_14' title="bbox 469 1434 2055 1500; baseline -0.007 -4"><span class='ocrx_word' id='word_1_93' title='bbox 469 1443 745 1498; x_wconf 85' lang='lat' dir='ltr'><strong>licentiam</strong></span> <span class='ocrx_word' id='word_1_94' title='bbox 808 1440 1102 1493; x_wconf 83' lang='lat' dir='ltr'><strong>attulisset.</strong></span> <span class='ocrx_word' id='word_1_95' title='bbox 1159 1437 1239 1490; x_wconf 90' lang='lat' dir='ltr'><strong>llli</strong></span> <span class='ocrx_word' id='word_1_96' title='bbox 1299 1437 1442 1488; x_wconf 90' lang='lat' dir='ltr'><strong>enim</strong></span> <span class='ocrx_word' id='word_1_97' title='bbox 1483 1434 1683 1486; x_wconf 85' lang='lat' dir='ltr'><strong>nudam</strong></span> <span class='ocrx_word' id='word_1_98' title='bbox 1721 1442 1774 1484; x_wconf 91' lang='lat' dir='ltr'><strong>ct</strong></span> <span class='ocrx_word' id='word_1_99' title='bbox 1812 1442 2055 1500; x_wconf 87' lang='lat' dir='ltr'><strong>apertam</strong></span> 
     </span>
    </p>
   </div>
   <div class='ocr_carea' id='block_1_15' title="bbox 469 1526 2058 1602">
    <p class='ocr_par' dir='ltr' id='par_1_15' title="bbox 469 1526 2058 1602">
     <span class='ocr_line' id='line_1_15' title="bbox 469 1526 2058 1602; baseline -0.006 -15"><span class='ocrx_word' id='word_1_100' title='bbox 469 1551 657 1590; x_wconf 88' lang='lat' dir='ltr'><strong>vocem</strong></span> <span class='ocrx_word' id='word_1_101' title='bbox 687 1535 753 1588; x_wconf 89' lang='lat' dir='ltr'><strong>de</strong></span> <span class='ocrx_word' id='word_1_102' title='bbox 781 1532 984 1602; x_wconf 86' lang='lat' dir='ltr'><strong>Spiritu</strong></span> <span class='ocrx_word' id='word_1_103' title='bbox 1012 1538 1226 1592; x_wconf 88' lang='lat' dir='ltr'><strong>sancto,</strong></span> <span class='ocrx_word' id='word_1_104' title='bbox 1263 1529 1404 1597; x_wconf 89' lang='lat' dir='ltr'><strong>quod</strong></span> <span class='ocrx_word' id='word_1_105' title='bbox 1438 1526 1578 1578; x_wconf 86' lang='lat' dir='ltr'><strong>Deus</strong></span> <span class='ocrx_word' id='word_1_106' title='bbox 1611 1537 1774 1588; x_wconf 71' lang='lat' dir='ltr'><strong>essm,</strong></span> <span class='ocrx_word' id='word_1_107' title='bbox 1814 1526 2058 1591; x_wconf 74' lang='lat' dir='ltr'><strong>arripere</strong></span> 
     </span>
    </p>
   </div>
   <div class='ocr_carea' id='block_1_16' title="bbox 469 1617 2058 1692">
    <p class='ocr_par' dir='ltr' id='par_1_16' title="bbox 469 1617 2058 1692">
     <span class='ocr_line' id='line_1_16' title="bbox 469 1617 2058 1692; baseline -0.009 -9"><span class='ocrx_word' id='word_1_108' title='bbox 469 1629 782 1686; x_wconf 81' lang='lat' dir='ltr'><strong>studebant.</strong></span> <span class='ocrx_word' id='word_1_109' title='bbox 836 1626 979 1692; x_wconf 88' lang='lat' dir='ltr'><strong>quod</strong></span> <span class='ocrx_word' id='word_1_110' title='bbox 1015 1625 1259 1692; x_wconf 80' lang='lat' dir='ltr'><strong>quidem,</strong></span> <span class='ocrx_word' id='word_1_111' title='bbox 1299 1621 1512 1673; x_wconf 87' lang='lat' dir='ltr'><strong>tametsi</strong></span> <span class='ocrx_word' id='word_1_112' title='bbox 1560 1634 1747 1670; x_wconf 89' lang='lat' dir='ltr'><strong>verum</strong></span> <span class='ocrx_word' id='word_1_113' title='bbox 1779 1626 1914 1680; x_wconf 85' lang='lat' dir='ltr'><strong>erat,</strong></span> <span class='ocrx_word' id='word_1_114' title='bbox 1954 1617 2058 1670; x_wconf 89' lang='lat' dir='ltr'><strong>im-</strong></span> 
     </span>
    </p>
   </div>
   <div class='ocr_carea' id='block_1_17' title="bbox 2158 516 3740 589">
    <p class='ocr_par' dir='ltr' id='par_1_17' title="bbox 2158 516 3740 589">
     <span class='ocr_line' id='line_1_17' title="bbox 2158 516 3740 589; baseline -0.003 -17"><span class='ocrx_word' id='word_1_115' title='bbox 2158 520 2372 583; x_wconf 74' lang='lat' dir='ltr'><strong>mv’Jsv,</strong></span> <span class='ocrx_word' id='word_1_116' title='bbox 2397 520 2454 582; x_wconf 79' lang='grc' dir='ltr'><strong>ὃς</strong></span> <span class='ocrx_word' id='word_1_117' title='bbox 2487 535 2551 586; x_wconf 91' lang='grc' dir='ltr'><strong>γε</strong></span> <span class='ocrx_word' id='word_1_118' title='bbox 2581 520 2674 570; x_wconf 63' lang='grc' dir='ltr'><strong>καί⁵</strong></span> <span class='ocrx_word' id='word_1_119' title='bbox 2709 517 2928 586; x_wconf 77' lang='grc' dir='ltr'>ἐξορίαν</span> <span class='ocrx_word' id='word_1_120' title='bbox 2962 517 3104 589; x_wconf 81' lang='grc' dir='ltr'>ὑπὲρ</span> <span class='ocrx_word' id='word_1_121' title='bbox 3137 519 3235 588; x_wconf 85' lang='grc' dir='ltr'>τῆς</span> <span class='ocrx_word' id='word_1_122' title='bbox 3267 516 3530 586; x_wconf 76' lang='grc' dir='ltr'><strong>ἀληθείας</strong></span> <span class='ocrx_word' id='word_1_123' title='bbox 3568 533 3740 569; x_wconf 72' lang='grc' dir='ltr'>κατα-</span> 
     </span>
    </p>
   </div>
   <div class='ocr_carea' id='block_1_18' title="bbox 2158 608 3744 687">
    <p class='ocr_par' dir='ltr' id='par_1_18' title="bbox 2158 608 3744 687">
     <span class='ocr_line' id='line_1_18' title="bbox 2158 608 3744 687; baseline -0.001 -24"><span class='ocrx_word' id='word_1_124' title='bbox 2158 610 2388 681; x_wconf 72' lang='grc' dir='ltr'>κριθεὶς,</span> <span class='ocrx_word' id='word_1_125' title='bbox 2437 609 2692 662; x_wconf 89' lang='grc' dir='ltr'>τοσοῦτον</span> <span class='ocrx_word' id='word_1_126' title='bbox 2726 608 3224 687; x_wconf 71' lang='grc' dir='ltr'>ἐπραγματεύσατο</span> <span class='ocrx_word' id='word_1_127' title='bbox 3273 609 3455 674; x_wconf 79' lang='grc' dir='ltr'>μόνον,</span> <span class='ocrx_word' id='word_1_128' title='bbox 3503 609 3626 660; x_wconf 80' lang='grc' dir='ltr'>ὅσον</span> <span class='ocrx_word' id='word_1_129' title='bbox 3662 609 3744 661; x_wconf 71' lang='grc' dir='ltr'>ἐνὶ</span> 
     </span>
    </p>
   </div>
   <div class='ocr_carea' id='block_1_19' title="bbox 2157 701 3745 774">
    <p class='ocr_par' dir='ltr' id='par_1_19' title="bbox 2157 701 3745 774">
     <span class='ocr_line' id='line_1_19' title="bbox 2157 701 3745 774; baseline -0.004 -16"><span class='ocrx_word' id='word_1_130' title='bbox 2157 706 2264 758; x_wconf 88' lang='grc' dir='ltr'><strong>τῶν</strong></span> <span class='ocrx_word' id='word_1_131' title='bbox 2293 705 2605 758; x_wconf 75' lang='grc' dir='ltr'>ἀκολούθων</span> <span class='ocrx_word' id='word_1_132' title='bbox 2637 706 2834 767; x_wconf 86' lang='grc' dir='ltr'>εἰπεῖν,</span> <span class='ocrx_word' id='word_1_133' title='bbox 2873 704 3136 774; x_wconf 78' lang='grc' dir='ltr'><strong>ἀραμένῳ</strong></span> <span class='ocrx_word' id='word_1_134' title='bbox 3166 703 3226 756; x_wconf 74' lang='grc' dir='ltr'>τὸ</span> <span class='ocrx_word' id='word_1_135' title='bbox 3254 704 3485 756; x_wconf 85' lang='grc' dir='ltr'>πυκτίον</span> <span class='ocrx_word' id='word_1_136' title='bbox 3516 701 3745 754; x_wconf 82' lang='grc' dir='ltr'>ἀκολου-</span> 
     </span>
    </p>
   </div>
   <div class='ocr_carea' id='block_1_20' title="bbox 2159 790 3744 863">
    <p class='ocr_par' dir='ltr' id='par_1_20' title="bbox 2159 790 3744 863">
     <span class='ocr_line' id='line_1_20' title="bbox 2159 790 3744 863; baseline -0.003 -17"><span class='ocrx_word' id='word_1_137' title='bbox 2159 794 2292 848; x_wconf 81' lang='grc' dir='ltr'>θεῖν.</span> <span class='ocrx_word' id='word_1_138' title='bbox 2345 796 2668 863; x_wconf 78' lang='grc' dir='ltr'>Οἰκονομεῖν</span> <span class='ocrx_word' id='word_1_139' title='bbox 2731 795 2792 848; x_wconf 73' lang='grc' dir='ltr'>δὲ</span> <span class='ocrx_word' id='word_1_140' title='bbox 2853 797 2983 857; x_wconf 75' lang='grc' dir='ltr'><strong>τούς</strong></span> <span class='ocrx_word' id='word_1_141' title='bbox 3048 794 3239 860; x_wconf 83' lang='grc' dir='ltr'><strong>λόγους</strong></span> <span class='ocrx_word' id='word_1_142' title='bbox 3286 793 3345 844; x_wconf 85' lang='grc' dir='ltr'><strong>ἐν</strong></span> <span class='ocrx_word' id='word_1_143' title='bbox 3401 791 3582 861; x_wconf 86' lang='grc' dir='ltr'>κρίσει</span> <span class='ocrx_word' id='word_1_144' title='bbox 3636 790 3744 842; x_wconf 90' lang='grc' dir='ltr'><strong>τῶν</strong></span> 
     </span>
    </p>
   </div>
   <div class='ocr_carea' id='block_1_21' title="bbox 2156 884 3742 958">
    <p class='ocr_par' dir='ltr' id='par_1_21' title="bbox 2156 884 3742 958">
     <span class='ocr_line' id='line_1_21' title="bbox 2156 884 3742 958; baseline -0.004 -16"><span class='ocrx_word' id='word_1_145' title='bbox 2156 889 2382 942; x_wconf 87' lang='grc' dir='ltr'>δικαίων</span> <span class='ocrx_word' id='word_1_146' title='bbox 2429 887 2671 956; x_wconf 75' lang='grc' dir='ltr'>ἐνόμιζε,</span> <span class='ocrx_word' id='word_1_147' title='bbox 2707 887 2786 956; x_wconf 83' lang='grc' dir='ltr'>τῷ</span> <span class='ocrx_word' id='word_1_148' title='bbox 2834 887 2967 958; x_wconf 84' lang='grc' dir='ltr'>θείῳ</span> <span class='ocrx_word' id='word_1_149' title='bbox 3001 885 3166 940; x_wconf 75' lang='grc' dir='ltr'>Δαϐῖδ</span> <span class='ocrx_word' id='word_1_150' title='bbox 3198 886 3328 954; x_wconf 76' lang='grc' dir='ltr'>περὶ</span> <span class='ocrx_word' id='word_1_151' title='bbox 3357 884 3550 937; x_wconf 81' lang='grc' dir='ltr'>τούτου</span> <span class='ocrx_word' id='word_1_152' title='bbox 3599 901 3742 952; x_wconf 84' lang='grc' dir='ltr'>συμ-</span> 
     </span>
    </p>
   </div>
   <div class='ocr_carea' id='block_1_22' title="bbox 2158 969 3740 1053">
    <p class='ocr_par' dir='ltr' id='par_1_22' title="bbox 2158 969 3740 1053">
     <span class='ocr_line' id='line_1_22' title="bbox 2158 969 3740 1053; baseline -0.004 -18"><span class='ocrx_word' id='word_1_153' title='bbox 2158 981 2335 1053; x_wconf 78' lang='grc' dir='ltr'>ϐούλῳ</span> <span class='ocrx_word' id='word_1_154' title='bbox 2380 982 2686 1053; x_wconf 85' lang='grc' dir='ltr'>χρώμενος,</span> <span class='ocrx_word' id='word_1_155' title='bbox 2717 980 2814 1033; x_wconf 75' lang='grc' dir='ltr'><strong>καὶ</strong></span> <span class='ocrx_word' id='word_1_156' title='bbox 2844 980 3042 1050; x_wconf 78' lang='grc' dir='ltr'>μικρὸν</span> <span class='ocrx_word' id='word_1_157' title='bbox 3087 980 3214 1032; x_wconf 83' lang='grc' dir='ltr'>ὅσον</span> <span class='ocrx_word' id='word_1_158' title='bbox 3243 977 3335 1031; x_wconf 77' lang='grc' dir='ltr'>τὸν</span> <span class='ocrx_word' id='word_1_159' title='bbox 3371 975 3464 1030; x_wconf 90' lang='grc' dir='ltr'><strong>τοῦ</strong></span> <span class='ocrx_word' id='word_1_160' title='bbox 3501 969 3740 1044; x_wconf 75' lang='grc' dir='ltr'>πολέμου</span> 
     </span>
    </p>
   </div>
   <div class='ocr_carea' id='block_1_23' title="bbox 2157 1069 3741 1144">
    <p class='ocr_par' dir='ltr' id='par_1_23' title="bbox 2157 1069 3741 1144">
     <span class='ocr_line' id='line_1_23' title="bbox 2157 1069 3741 1144; baseline -0.004 -16"><span class='ocrx_word' id='word_1_161' title='bbox 2157 1075 2352 1144; x_wconf 79' lang='grc' dir='ltr'>καιρὸν</span> <span class='ocrx_word' id='word_1_162' title='bbox 2375 1075 2672 1144; x_wconf 84' lang='grc' dir='ltr'>διαφέρων,</span> <span class='ocrx_word' id='word_1_163' title='bbox 2700 1075 2794 1125; x_wconf 82' lang='grc' dir='ltr'>καὶ</span> <span class='ocrx_word' id='word_1_164' title='bbox 2817 1074 2917 1142; x_wconf 84' lang='grc' dir='ltr'>τὴν</span> <span class='ocrx_word' id='word_1_165' title='bbox 2942 1071 3053 1124; x_wconf 88' lang='grc' dir='ltr'><strong>τῶν</strong></span> <span class='ocrx_word' id='word_1_166' title='bbox 3079 1071 3376 1138; x_wconf 82' lang='grc' dir='ltr'>αἱρετικῶν</span> <span class='ocrx_word' id='word_1_167' title='bbox 3397 1069 3741 1134; x_wconf 76' lang='grc' dir='ltr'><strong>δυναστείαν,</strong></span> 
     </span>
    </p>
   </div>
   <div class='ocr_carea' id='block_1_24' title="bbox 2158 1159 3736 1234">
    <p class='ocr_par' dir='ltr' id='par_1_24' title="bbox 2158 1159 3736 1234">
     <span class='ocr_line' id='line_1_24' title="bbox 2158 1159 3736 1234; baseline -0.005 -15"><span class='ocrx_word' id='word_1_168' title='bbox 2158 1168 2264 1229; x_wconf 74' lang='grc' dir='ltr'>ἕως</span> <span class='ocrx_word' id='word_1_169' title='bbox 2292 1169 2319 1219; x_wconf 88' lang='grc' dir='ltr'>ὁ</span> <span class='ocrx_word' id='word_1_170' title='bbox 2345 1166 2446 1234; x_wconf 84' lang='grc' dir='ltr'>τῆς</span> <span class='ocrx_word' id='word_1_171' title='bbox 2481 1164 2800 1234; x_wconf 79' lang='grc' dir='ltr'><strong>ἐλευθερίας</strong></span> <span class='ocrx_word' id='word_1_172' title='bbox 2832 1165 2926 1216; x_wconf 74' lang='grc' dir='ltr'>καὶ</span> <span class='ocrx_word' id='word_1_173' title='bbox 2955 1163 3057 1230; x_wconf 74' lang='grc' dir='ltr'>τῆς</span> <span class='ocrx_word' id='word_1_174' title='bbox 3090 1163 3310 1231; x_wconf 72' lang='grc' dir='ltr'>αἰθρίας</span> <span class='ocrx_word' id='word_1_175' title='bbox 3339 1159 3577 1230; x_wconf 78' lang='grc' dir='ltr'>ἐπιλάϐῃ</span> <span class='ocrx_word' id='word_1_176' title='bbox 3614 1177 3736 1213; x_wconf 82' lang='grc' dir='ltr'>και-</span> 
     </span>
    </p>
   </div>
   <div class='ocr_carea' id='block_1_25' title="bbox 2161 1254 3742 1331">
    <p class='ocr_par' dir='ltr' id='par_1_25' title="bbox 2161 1254 3742 1331">
     <span class='ocr_line' id='line_1_25' title="bbox 2161 1254 3742 1331; baseline -0.006 -18"><span class='ocrx_word' id='word_1_177' title='bbox 2161 1261 2274 1331; x_wconf 79' lang='grc' dir='ltr'>ρὸς,</span> <span class='ocrx_word' id='word_1_178' title='bbox 2307 1260 2402 1312; x_wconf 77' lang='grc' dir='ltr'><strong>καὶ</strong></span> <span class='ocrx_word' id='word_1_179' title='bbox 2427 1259 2502 1327; x_wconf 80' lang='grc' dir='ltr'>δῷ</span> <span class='ocrx_word' id='word_1_180' title='bbox 2535 1261 2598 1328; x_wconf 81' lang='grc' dir='ltr'>τῇ</span> <span class='ocrx_word' id='word_1_181' title='bbox 2631 1256 2856 1330; x_wconf 83' lang='grc' dir='ltr'>γλώσσῃ</span> <span class='ocrx_word' id='word_1_182' title='bbox 2886 1257 2986 1327; x_wconf 82' lang='grc' dir='ltr'><strong>τὴν</strong></span> <span class='ocrx_word' id='word_1_183' title='bbox 3020 1256 3357 1326; x_wconf 74' lang='grc' dir='ltr'>παρρησίαν.</span> <span class='ocrx_word' id='word_1_184' title='bbox 3391 1255 3451 1306; x_wconf 81' lang='grc' dir='ltr'>Οί</span> <span class='ocrx_word' id='word_1_185' title='bbox 3490 1254 3591 1322; x_wconf 86' lang='grc' dir='ltr'><strong>μὲν</strong></span> <span class='ocrx_word' id='word_1_186' title='bbox 3633 1259 3742 1320; x_wconf 65' lang='grc' dir='ltr'><strong>γὰρ</strong></span> 
     </span>
    </p>
   </div>
   <div class='ocr_carea' id='block_1_26' title="bbox 2161 1347 3744 1421">
    <p class='ocr_par' dir='ltr' id='par_1_26' title="bbox 2161 1347 3744 1421">
     <span class='ocr_line' id='line_1_26' title="bbox 2161 1347 3744 1421; baseline -0.003 -19"><span class='ocrx_word' id='word_1_187' title='bbox 2161 1352 2387 1421; x_wconf 79' lang='grc' dir='ltr'>ἐζήτουν</span> <span class='ocrx_word' id='word_1_188' title='bbox 2431 1351 2694 1402; x_wconf 77' lang='grc' dir='ltr'>λαϐέσθαι</span> <span class='ocrx_word' id='word_1_189' title='bbox 2742 1351 2954 1418; x_wconf 78' lang='grc' dir='ltr'>γυμνῆς</span> <span class='ocrx_word' id='word_1_190' title='bbox 2995 1349 3099 1416; x_wconf 75' lang='grc' dir='ltr'><strong>τῆς</strong></span> <span class='ocrx_word' id='word_1_191' title='bbox 3126 1349 3256 1418; x_wconf 72' lang='grc' dir='ltr'>περὶ</span> <span class='ocrx_word' id='word_1_192' title='bbox 3287 1347 3384 1400; x_wconf 90' lang='grc' dir='ltr'><strong>τοῦ</strong></span> <span class='ocrx_word' id='word_1_193' title='bbox 3425 1348 3744 1412; x_wconf 79' lang='grc' dir='ltr'>ιὶνεύματος</span> 
     </span>
    </p>
   </div>
   <div class='ocr_carea' id='block_1_27' title="bbox 2162 1439 3748 1511">
    <p class='ocr_par' dir='ltr' id='par_1_27' title="bbox 2162 1439 3748 1511">
     <span class='ocr_line' id='line_1_27' title="bbox 2162 1439 3748 1511; baseline -0.003 -16"><span class='ocrx_word' id='word_1_194' title='bbox 2162 1446 2368 1511; x_wconf 82' lang='grc' dir='ltr'>φωνῆς,</span> <span class='ocrx_word' id='word_1_195' title='bbox 2401 1443 2477 1504; x_wconf 85' lang='grc' dir='ltr'>ὼς</span> <span class='ocrx_word' id='word_1_196' title='bbox 2506 1442 2592 1509; x_wconf 74' lang='grc' dir='ltr'><strong>εἴη</strong></span> <span class='ocrx_word' id='word_1_197' title='bbox 2629 1441 2780 1503; x_wconf 80' lang='grc' dir='ltr'>Θεός·</span> <span class='ocrx_word' id='word_1_198' title='bbox 2819 1441 2977 1511; x_wconf 80' lang='grc' dir='ltr'>ὅπερ,</span> <span class='ocrx_word' id='word_1_199' title='bbox 3011 1439 3072 1492; x_wconf 83' lang='grc' dir='ltr'>ὃν</span> <span class='ocrx_word' id='word_1_200' title='bbox 3101 1439 3320 1509; x_wconf 80' lang='grc' dir='ltr'>ἀληθὲς,</span> <span class='ocrx_word' id='word_1_201' title='bbox 3351 1439 3573 1501; x_wconf 78' lang='grc' dir='ltr'>εὐσεϐὲς</span> <span class='ocrx_word' id='word_1_202' title='bbox 3601 1439 3748 1490; x_wconf 86' lang='grc' dir='ltr'>ἐκεί-</span> 
     </span>
    </p>
   </div>
   <div class='ocr_carea' id='block_1_28' title="bbox 2160 1531 3746 1604">
    <p class='ocr_par' dir='ltr' id='par_1_28' title="bbox 2160 1531 3746 1604">
     <span class='ocr_line' id='line_1_28' title="bbox 2160 1531 3746 1604; baseline -0.004 -15"><span class='ocrx_word' id='word_1_203' title='bbox 2160 1552 2270 1598; x_wconf 86' lang='grc' dir='ltr'>νοις</span> <span class='ocrx_word' id='word_1_204' title='bbox 2319 1535 2762 1604; x_wconf 82' lang='grc' dir='ltr'>ὑπελαμϐάνετο,</span> <span class='ocrx_word' id='word_1_205' title='bbox 2816 1535 2913 1586; x_wconf 76' lang='grc' dir='ltr'>καὶ</span> <span class='ocrx_word' id='word_1_206' title='bbox 2957 1533 3035 1603; x_wconf 80' lang='grc' dir='ltr'><strong>τῷ</strong></span> <span class='ocrx_word' id='word_1_207' title='bbox 3089 1531 3244 1602; x_wconf 81' lang='grc' dir='ltr'>κακῴ</span> <span class='ocrx_word' id='word_1_208' title='bbox 3305 1531 3582 1602; x_wconf 78' lang='grc' dir='ltr'><strong>προστάτῃ</strong></span> <span class='ocrx_word' id='word_1_209' title='bbox 3645 1534 3746 1602; x_wconf 83' lang='grc' dir='ltr'>τῆς</span> 
     </span>
    </p>
   </div>
   <div class='ocr_carea' id='block_1_29' title="bbox 2161 1622 3744 1697">
    <p class='ocr_par' dir='ltr' id='par_1_29' title="bbox 2161 1622 3744 1697">
     <span class='ocr_line' id='line_1_29' title="bbox 2161 1622 3744 1697; baseline -0.003 -16"><span class='ocrx_word' id='word_1_210' title='bbox 2161 1628 2470 1692; x_wconf 82' lang='grc' dir='ltr'>εὐσεϐείας,</span> <span class='ocrx_word' id='word_1_211' title='bbox 2504 1629 2591 1681; x_wconf 84' lang='grc' dir='ltr'>ἴνα</span> <span class='ocrx_word' id='word_1_212' title='bbox 2623 1629 2712 1682; x_wconf 73' lang='grc' dir='ltr'><strong>τὸν</strong></span> <span class='ocrx_word' id='word_1_213' title='bbox 2746 1627 2844 1697; x_wconf 85' lang='grc' dir='ltr'>μὲν</span> <span class='ocrx_word' id='word_1_214' title='bbox 2878 1628 2976 1696; x_wconf 82' lang='grc' dir='ltr'>τῆς</span> <span class='ocrx_word' id='word_1_215' title='bbox 3007 1625 3217 1686; x_wconf 79' lang='grc' dir='ltr'>πόλεως</span> <span class='ocrx_word' id='word_1_216' title='bbox 3257 1626 3396 1693; x_wconf 69' lang='grc' dir='ltr'>μετὰ</span> <span class='ocrx_word' id='word_1_217' title='bbox 3429 1624 3527 1692; x_wconf 84' lang='grc' dir='ltr'>τῆς</span> <span class='ocrx_word' id='word_1_218' title='bbox 3561 1622 3744 1676; x_wconf 81' lang='grc' dir='ltr'>Θεολύ-</span> 
     </span>
    </p>
   </div>
   <div class='ocr_carea' id='block_1_30' title="bbox 468 1709 2068 1823">
    <p class='ocr_par' dir='ltr' id='par_1_30' title="bbox 468 1709 2057 1823">
     <span class='ocr_line' id='line_1_30' title="bbox 468 1709 2057 1790; baseline -0.008 -17"><span class='ocrx_word' id='word_1_219' title='bbox 468 1723 615 1790; x_wconf 81' lang='lat' dir='ltr'><strong>p&#39;um</strong></span> <span class='ocrx_word' id='word_1_220' title='bbox 652 1729 831 1771; x_wconf 87' lang='lat' dir='ltr'><strong>tamen</strong></span> <span class='ocrx_word' id='word_1_221' title='bbox 874 1716 1002 1778; x_wconf 89' lang='lat' dir='ltr'><strong>illis,</strong></span> <span class='ocrx_word' id='word_1_222' title='bbox 1052 1723 1215 1781; x_wconf 81' lang='lat' dir='ltr'><strong>atque</strong></span> <span class='ocrx_word' id='word_1_223' title='bbox 1269 1713 1436 1780; x_wconf 86' lang='lat' dir='ltr'><strong>impio</strong></span> <span class='ocrx_word' id='word_1_224' title='bbox 1490 1710 1782 1778; x_wconf 85' lang='lat' dir='ltr'><strong>impietatis</strong></span> <span class='ocrx_word' id='word_1_225' title='bbox 1826 1709 2057 1762; x_wconf 84' lang='lat' dir='ltr'><strong>antistiti</strong></span> 
     </span>
     <span class='ocr_line' id='line_1_31' title="bbox 507 1800 2052 1823; baseline 0 0"><span class='ocrx_word' id='word_1_226' title='bbox 507 1815 517 1823; x_wconf 86' lang='lat'><strong>.</strong></span> <span class='ocrx_word' id='word_1_227' title='bbox 545 1813 554 1823; x_wconf 80' lang='grc' dir='ltr'>ι</span> <span class='ocrx_word' id='word_1_228' title='bbox 599 1813 608 1823; x_wconf 79' lang='grc' dir='ltr'><strong>ι</strong></span> <span class='ocrx_word' id='word_1_229' title='bbox 672 1821 679 1823; x_wconf 23' lang='grc' dir='ltr'>ξ</span> <span class='ocrx_word' id='word_1_230' title='bbox 870 1821 878 1823; x_wconf 88' lang='grc'>.</span> <span class='ocrx_word' id='word_1_231' title='bbox 1048 1822 1054 1823; x_wconf 61' lang='lat'><strong><em>,</em></strong></span> <span class='ocrx_word' id='word_1_232' title='bbox 1165 1807 1192 1823; x_wconf 66' lang='lat'><strong>,1</strong></span> <span class='ocrx_word' id='word_1_233' title='bbox 1222 1805 1232 1823; x_wconf 84' lang='lat' dir='ltr'><strong>I</strong></span> <span class='ocrx_word' id='word_1_234' title='bbox 1257 1821 1266 1823; x_wconf 68' lang='lat'><strong>-</strong></span> <span class='ocrx_word' id='word_1_235' title='bbox 1297 1821 1322 1823; x_wconf 63' lang='lat'><strong>,_</strong></span> <span class='ocrx_word' id='word_1_236' title='bbox 1392 1819 1504 1823; x_wconf 68' lang='lat'>______</span> <span class='ocrx_word' id='word_1_237' title='bbox 1544 1802 1843 1823; x_wconf 68' lang='lat' dir='ltr'><strong>.l...-l--_:-_</strong></span> <span class='ocrx_word' id='word_1_238' title='bbox 1878 1800 2052 1823; x_wconf 71' lang='lat' dir='ltr'><strong>I2-._-.-</strong></span> 
     </span>
    </p>
   </div>
   <div class='ocr_carea' id='block_1_31' title="bbox 2173 1709 3746 1823">
    <p class='ocr_par' dir='ltr' id='par_1_31' title="bbox 2173 1715 3746 1789">
     <span class='ocr_line' id='line_1_32' title="bbox 2173 1715 3746 1789; baseline -0.003 -18"><span class='ocrx_word' id='word_1_239' title='bbox 2173 1735 2262 1786; x_wconf 80' lang='grc' dir='ltr'>γου</span> <span class='ocrx_word' id='word_1_240' title='bbox 2311 1718 2562 1787; x_wconf 87' lang='grc' dir='ltr'>γλώττης</span> <span class='ocrx_word' id='word_1_241' title='bbox 2614 1717 3038 1789; x_wconf 81' lang='grc' dir='ltr'>ὑπερορίσωσιν,</span> <span class='ocrx_word' id='word_1_242' title='bbox 3086 1717 3242 1768; x_wconf 77' lang='grc' dir='ltr'>αὐτοὶ</span> <span class='ocrx_word' id='word_1_243' title='bbox 3289 1715 3345 1767; x_wconf 83' lang='grc' dir='ltr'>δὲ</span> <span class='ocrx_word' id='word_1_244' title='bbox 3381 1716 3746 1783; x_wconf 79' lang='grc' dir='ltr'><strong>κατασχόντες</strong></span> 
     </span>
    </p>
   </div>
   <div class='ocr_carea' id='block_1_32' title="bbox 468 1800 2058 1876">
    <p class='ocr_par' dir='ltr' id='par_1_32' title="bbox 468 1800 2058 1876">
     <span class='ocr_line' id='line_1_33' title="bbox 468 1800 2058 1876; baseline -0.008 -11"><span class='ocrx_word' id='word_1_245' title='bbox 468 1813 774 1876; x_wconf 73' lang='lat' dir='ltr'><strong>videbatur,</strong></span> <span class='ocrx_word' id='word_1_246' title='bbox 827 1821 886 1862; x_wconf 92' lang='lat' dir='ltr'><strong>ut</strong></span> <span class='ocrx_word' id='word_1_247' title='bbox 938 1822 1062 1860; x_wconf 90' lang='lat' dir='ltr'><strong>cum</strong></span> <span class='ocrx_word' id='word_1_248' title='bbox 1105 1805 1328 1875; x_wconf 86' lang='lat' dir='ltr'><strong>quidem</strong></span> <span class='ocrx_word' id='word_1_249' title='bbox 1385 1819 1509 1856; x_wconf 91' lang='lat' dir='ltr'><strong>cum</strong></span> <span class='ocrx_word' id='word_1_250' title='bbox 1544 1802 1849 1871; x_wconf 80' lang='lat' dir='ltr'><strong>theologica</strong></span> <span class='ocrx_word' id='word_1_251' title='bbox 1878 1800 2058 1870; x_wconf 77' lang='lat' dir='ltr'><strong>lingua</strong></span> 
     </span>
    </p>
   </div>
   <div class='ocr_carea' id='block_1_33' title="bbox 469 1893 2060 1970">
    <p class='ocr_par' dir='ltr' id='par_1_33' title="bbox 469 1893 2060 1970">
     <span class='ocr_line' id='line_1_34' title="bbox 469 1893 2060 1970; baseline -0.009 -11"><span class='ocrx_word' id='word_1_252' title='bbox 469 1905 691 1959; x_wconf 87' lang='lat' dir='ltr'><strong>civitate</strong></span> <span class='ocrx_word' id='word_1_253' title='bbox 775 1901 1060 1970; x_wconf 84' lang='lat' dir='ltr'><strong>pellerent.</strong></span> <span class='ocrx_word' id='word_1_254' title='bbox 1140 1897 1239 1965; x_wconf 88' lang='lat' dir='ltr'><strong>ipsi</strong></span> <span class='ocrx_word' id='word_1_255' title='bbox 1277 1906 1457 1948; x_wconf 90' lang='lat' dir='ltr'><strong>autem</strong></span> <span class='ocrx_word' id='word_1_256' title='bbox 1490 1893 1789 1946; x_wconf 75' lang='lat' dir='ltr'><strong>ECclesiam</strong></span> <span class='ocrx_word' id='word_1_257' title='bbox 1821 1907 2060 1960; x_wconf 81' lang='lat' dir='ltr'><strong>oecupa-</strong></span> 
     </span>
    </p>
   </div>
   <div class='ocr_carea' id='block_1_34' title="bbox 472 1985 2061 2062">
    <p class='ocr_par' dir='ltr' id='par_1_34' title="bbox 472 1985 2061 2062">
     <span class='ocr_line' id='line_1_35' title="bbox 472 1985 2061 2062; baseline -0.01 -10"><span class='ocrx_word' id='word_1_258' title='bbox 472 2006 615 2059; x_wconf 87' lang='lat' dir='ltr'><strong>rent,</strong></span> <span class='ocrx_word' id='word_1_259' title='bbox 651 2009 884 2062; x_wconf 81' lang='lat' dir='ltr'><strong>eamque</strong></span> <span class='ocrx_word' id='word_1_260' title='bbox 919 1992 1140 2044; x_wconf 80' lang='lat' dir='ltr'><strong>sceleris</strong></span> <span class='ocrx_word' id='word_1_261' title='bbox 1169 1989 1251 2043; x_wconf 90' lang='lat' dir='ltr'><strong>sui</strong></span> <span class='ocrx_word' id='word_1_262' title='bbox 1280 1986 1746 2058; x_wconf 86' lang='lat' dir='ltr'><strong>propugnaculum</strong></span> <span class='ocrx_word' id='word_1_263' title='bbox 1765 1985 2061 2049; x_wconf 67' lang='lat' dir='ltr'><strong>edicerent,</strong></span> 
     </span>
    </p>
   </div>
   <div class='ocr_carea' id='block_1_35' title="bbox 482 2077 2065 2158">
    <p class='ocr_par' dir='ltr' id='par_1_35' title="bbox 482 2077 2065 2158">
     <span class='ocr_line' id='line_1_36' title="bbox 482 2077 2065 2158; baseline -0.007 -16"><span class='ocrx_word' id='word_1_264' title='bbox 482 2099 645 2158; x_wconf 86' lang='lat' dir='ltr'><strong>atque</strong></span> <span class='ocrx_word' id='word_1_265' title='bbox 679 2086 804 2139; x_wconf 90' lang='lat' dir='ltr'><strong>hinc</strong></span> <span class='ocrx_word' id='word_1_266' title='bbox 829 2083 1044 2145; x_wconf 87' lang='lat' dir='ltr'><strong>deinde,</strong></span> <span class='ocrx_word' id='word_1_267' title='bbox 1072 2081 1221 2135; x_wconf 81' lang='lat' dir='ltr'><strong>velut</strong></span> <span class='ocrx_word' id='word_1_268' title='bbox 1266 2096 1331 2132; x_wconf 83' lang='lat' dir='ltr'><strong>ex</strong></span> <span class='ocrx_word' id='word_1_269' title='bbox 1355 2096 1478 2132; x_wconf 87' lang='lat' dir='ltr'><strong>arce</strong></span> <span class='ocrx_word' id='word_1_270' title='bbox 1521 2079 1780 2148; x_wconf 88' lang='lat' dir='ltr'><strong>quadam,</strong></span> <span class='ocrx_word' id='word_1_271' title='bbox 1818 2077 1868 2131; x_wconf 90' lang='lat' dir='ltr'><strong>id</strong></span> <span class='ocrx_word' id='word_1_272' title='bbox 1902 2091 2065 2131; x_wconf 92' lang='lat' dir='ltr'><strong>omne</strong></span> 
     </span>
    </p>
   </div>
   <div class='ocr_carea' id='block_1_36' title="bbox 470 2171 2066 2252">
    <p class='ocr_par' dir='ltr' id='par_1_36' title="bbox 470 2171 2066 2252">
     <span class='ocr_line' id='line_1_37' title="bbox 470 2171 2066 2252; baseline -0.006 -16"><span class='ocrx_word' id='word_1_273' title='bbox 470 2182 618 2252; x_wconf 81' lang='lat' dir='ltr'><strong>quod</strong></span> <span class='ocrx_word' id='word_1_274' title='bbox 671 2179 941 2246; x_wconf 89' lang='lat' dir='ltr'><strong>reliquum</strong></span> <span class='ocrx_word' id='word_1_275' title='bbox 991 2183 1130 2239; x_wconf 88' lang='lat' dir='ltr'><strong>erat,</strong></span> <span class='ocrx_word' id='word_1_276' title='bbox 1190 2174 1600 2244; x_wconf 87' lang='lat' dir='ltr'><strong>popularentur.</strong></span> <span class='ocrx_word' id='word_1_277' title='bbox 1643 2173 1712 2224; x_wconf 86' lang='lat' dir='ltr'><strong>At</strong></span> <span class='ocrx_word' id='word_1_278' title='bbox 1740 2173 1830 2227; x_wconf 90' lang='lat' dir='ltr'><strong>ille</strong></span> <span class='ocrx_word' id='word_1_279' title='bbox 1861 2172 1915 2224; x_wconf 91' lang='lat' dir='ltr'><strong>in</strong></span> <span class='ocrx_word' id='word_1_280' title='bbox 1944 2171 2066 2226; x_wconf 85' lang='lat' dir='ltr'><strong>a‘liis</strong></span> 
     </span>
    </p>
   </div>
   <div class='ocr_carea' id='block_1_37' title="bbox 472 2263 2066 2344">
    <p class='ocr_par' dir='ltr' id='par_1_37' title="bbox 472 2263 2066 2344">
     <span class='ocr_line' id='line_1_38' title="bbox 472 2263 2066 2344; baseline -0.008 -17"><span class='ocrx_word' id='word_1_281' title='bbox 472 2275 693 2344; x_wconf 74' lang='lat' dir='ltr'><strong>quidem</strong></span> <span class='ocrx_word' id='word_1_282' title='bbox 723 2269 948 2322; x_wconf 89' lang='lat' dir='ltr'><strong>vocibus</strong></span> <span class='ocrx_word' id='word_1_283' title='bbox 974 2282 1004 2319; x_wconf 91' lang='lat' dir='ltr'><strong>e</strong></span> <span class='ocrx_word' id='word_1_284' title='bbox 1034 2265 1317 2334; x_wconf 86' lang='lat' dir='ltr'><strong>Scriptura</strong></span> <span class='ocrx_word' id='word_1_285' title='bbox 1374 2266 1577 2334; x_wconf 89' lang='lat' dir='ltr'><strong>petitis,</strong></span> <span class='ocrx_word' id='word_1_286' title='bbox 1631 2263 2066 2332; x_wconf 75' lang='lat' dir='ltr'><strong>testimoniisque</strong></span> 
     </span>
    </p>
   </div>
   <div class='ocr_carea' id='block_1_38' title="bbox 477 2357 2064 2421">
    <p class='ocr_par' dir='ltr' id='par_1_38' title="bbox 477 2357 2064 2421">
     <span class='ocr_line' id='line_1_39' title="bbox 477 2357 2064 2421; baseline -0.009 0"><span class='ocrx_word' id='word_1_287' title='bbox 477 2365 706 2421; x_wconf 88' lang='lat' dir='ltr'><strong>minime</strong></span> <span class='ocrx_word' id='word_1_288' title='bbox 736 2360 914 2415; x_wconf 89' lang='lat' dir='ltr'><strong>dubiis</strong></span> <span class='ocrx_word' id='word_1_289' title='bbox 943 2357 1190 2412; x_wconf 86' lang='lat' dir='ltr'><strong>eamdem</strong></span> <span class='ocrx_word' id='word_1_290' title='bbox 1251 2359 1359 2410; x_wconf 88' lang='lat' dir='ltr'><strong>vim</strong></span> <span class='ocrx_word' id='word_1_291' title='bbox 1412 2357 1760 2421; x_wconf 85' lang='lat' dir='ltr'><strong>habentibus,</strong></span> <span class='ocrx_word' id='word_1_292' title='bbox 1808 2370 2064 2409; x_wconf 88' lang='lat' dir='ltr'><strong>necessa-</strong></span> 
     </span>
    </p>
   </div>
   <div class='ocr_carea' id='block_1_39' title="bbox 473 2444 2065 2524">
    <p class='ocr_par' dir='ltr' id='par_1_39' title="bbox 473 2444 2065 2524">
     <span class='ocr_line' id='line_1_40' title="bbox 473 2444 2065 2524; baseline 0.004 -32"><span class='ocrx_word' id='word_1_293' title='bbox 473 2458 681 2524; x_wconf 59' lang='lat' dir='ltr'><strong>riisque</strong></span> <span class='ocrx_word' id='word_1_294' title='bbox 715 2449 1074 2522; x_wconf 72' lang='lat' dir='ltr'><strong>argumentis,</strong></span> <span class='ocrx_word' id='word_1_295' title='bbox 1134 2447 1477 2501; x_wconf 87' lang='lat' dir='ltr'><strong>adversarios</strong></span> <span class='ocrx_word' id='word_1_296' title='bbox 1539 2444 1610 2498; x_wconf 90' lang='lat' dir='ltr'><strong>ita</strong></span> <span class='ocrx_word' id='word_1_297' title='bbox 1651 2445 2065 2514; x_wconf 84' lang='lat' dir='ltr'><strong>compritnebat,</strong></span> 
     </span>
    </p>
   </div>
   <div class='ocr_carea' id='block_1_40' title="bbox 475 2537 2061 2609">
    <p class='ocr_par' dir='ltr' id='par_1_40' title="bbox 475 2537 2061 2609">
     <span class='ocr_line' id='line_1_41' title="bbox 475 2537 2061 2609; baseline -0.008 -6"><span class='ocrx_word' id='word_1_298' title='bbox 475 2557 539 2602; x_wconf 88' lang='lat' dir='ltr'><strong>ut</strong></span> <span class='ocrx_word' id='word_1_299' title='bbox 562 2546 714 2602; x_wconf 93' lang='lat' dir='ltr'><strong>nullo</strong></span> <span class='ocrx_word' id='word_1_300' title='bbox 746 2543 907 2597; x_wconf 90' lang='lat' dir='ltr'><strong>modo</strong></span> <span class='ocrx_word' id='word_1_301' title='bbox 953 2555 1256 2609; x_wconf 86' lang='lat' dir='ltr'><strong>repugnare</strong></span> <span class='ocrx_word' id='word_1_302' title='bbox 1301 2553 1367 2593; x_wconf 84' lang='lat' dir='ltr'><strong>ac</strong></span> <span class='ocrx_word' id='word_1_303' title='bbox 1413 2546 1605 2591; x_wconf 88' lang='lat' dir='ltr'><strong>contra</strong></span> <span class='ocrx_word' id='word_1_304' title='bbox 1658 2537 1757 2590; x_wconf 90' lang='lat' dir='ltr'><strong>niti</strong></span> <span class='ocrx_word' id='word_1_305' title='bbox 1792 2546 2010 2606; x_wconf 88' lang='lat' dir='ltr'><strong>possent</strong></span> <span class='ocrx_word' id='word_1_306' title='bbox 2047 2553 2061 2590; x_wconf 88' lang='lat'><strong>:</strong></span> 
     </span>
    </p>
   </div>
   <div class='ocr_carea' id='block_1_41' title="bbox 476 2628 2064 2706">
    <p class='ocr_par' dir='ltr' id='par_1_41' title="bbox 476 2628 2064 2706">
     <span class='ocr_line' id='line_1_42' title="bbox 476 2628 2064 2706; baseline -0.008 -13"><span class='ocrx_word' id='word_1_307' title='bbox 476 2639 593 2704; x_wconf 90' lang='lat' dir='ltr'><strong>sed,</strong></span> <span class='ocrx_word' id='word_1_308' title='bbox 627 2650 748 2706; x_wconf 65' lang='lat' dir='ltr'><strong>quae</strong></span> <span class='ocrx_word' id='word_1_309' title='bbox 775 2633 1010 2687; x_wconf 80' lang='lat' dir='ltr'><strong>maxima</strong></span> <span class='ocrx_word' id='word_1_310' title='bbox 1047 2630 1320 2685; x_wconf 77' lang='lat' dir='ltr'><strong>sermonis</strong></span> <span class='ocrx_word' id='word_1_311' title='bbox 1354 2629 1529 2682; x_wconf 88' lang='lat' dir='ltr'><strong>virtus</strong></span> <span class='ocrx_word' id='word_1_312' title='bbox 1555 2637 1602 2682; x_wconf 92' lang='lat' dir='ltr'><strong>et</strong></span> <span class='ocrx_word' id='word_1_313' title='bbox 1639 2628 1924 2694; x_wconf 80' lang='lat' dir='ltr'><strong>prudentia</strong></span> <span class='ocrx_word' id='word_1_314' title='bbox 1961 2638 2064 2692; x_wconf 89' lang='lat' dir='ltr'><strong>est,</strong></span> 
     </span>
    </p>
   </div>
   <div class='ocr_carea' id='block_1_42' title="bbox 476 2719 2064 2799">
    <p class='ocr_par' dir='ltr' id='par_1_42' title="bbox 476 2719 2064 2799">
     <span class='ocr_line' id='line_1_43' title="bbox 476 2719 2064 2799; baseline -0.006 -16"><span class='ocrx_word' id='word_1_315' title='bbox 476 2728 717 2799; x_wconf 85' lang='lat' dir='ltr'><strong>propriis</strong></span> <span class='ocrx_word' id='word_1_316' title='bbox 757 2723 989 2777; x_wconf 75' lang='lat' dir='ltr'><strong>vocibus</strong></span> <span class='ocrx_word' id='word_1_317' title='bbox 1029 2721 1576 2789; x_wconf 81' lang='lat' dir='ltr'><strong>constringerentur:</strong></span> <span class='ocrx_word' id='word_1_318' title='bbox 1605 2719 2064 2788; x_wconf 86' lang='lat' dir='ltr'><strong>quemadmodum</strong></span> 
     </span>
    </p>
   </div>
   <div class='ocr_carea' id='block_1_43' title="bbox 475 2810 2069 2886">
    <p class='ocr_par' dir='ltr' id='par_1_43' title="bbox 475 2810 2069 2886">
     <span class='ocr_line' id='line_1_44' title="bbox 475 2810 2069 2886; baseline -0.008 -9"><span class='ocrx_word' id='word_1_319' title='bbox 475 2821 526 2878; x_wconf 76' lang='lat' dir='ltr'><strong>is</strong></span> <span class='ocrx_word' id='word_1_320' title='bbox 579 2820 738 2880; x_wconf 86' lang='lat' dir='ltr'><strong>liber,</strong></span> <span class='ocrx_word' id='word_1_321' title='bbox 791 2830 954 2886; x_wconf 89' lang='lat' dir='ltr'><strong>quem</strong></span> <span class='ocrx_word' id='word_1_322' title='bbox 1017 2813 1125 2867; x_wconf 89' lang='lat' dir='ltr'><strong>hoc</strong></span> <span class='ocrx_word' id='word_1_323' title='bbox 1168 2821 1491 2882; x_wconf 83' lang='lat' dir='ltr'><strong>argumento</strong></span> <span class='ocrx_word' id='word_1_324' title='bbox 1545 2810 1736 2876; x_wconf 90' lang='lat' dir='ltr'><strong>edidit,</strong></span> <span class='ocrx_word' id='word_1_325' title='bbox 1785 2812 2069 2880; x_wconf 88' lang='lat' dir='ltr'><strong>perspicue</strong></span> 
     </span>
    </p>
   </div>
   <div class='ocr_carea' id='block_1_44' title="bbox 479 2904 2069 2977">
    <p class='ocr_par' dir='ltr' id='par_1_44' title="bbox 479 2904 2069 2977">
     <span class='ocr_line' id='line_1_45' title="bbox 479 2904 2069 2977; baseline -0.005 -11"><span class='ocrx_word' id='word_1_326' title='bbox 479 2911 753 2976; x_wconf 86' lang='lat' dir='ltr'><strong>ostendet,</strong></span> <span class='ocrx_word' id='word_1_327' title='bbox 786 2910 839 2962; x_wconf 93' lang='lat' dir='ltr'><strong>in</strong></span> <span class='ocrx_word' id='word_1_328' title='bbox 877 2921 987 2977; x_wconf 89' lang='lat' dir='ltr'><strong>quo</strong></span> <span class='ocrx_word' id='word_1_329' title='bbox 1030 2906 1304 2960; x_wconf 88' lang='lat' dir='ltr'><strong>calamum</strong></span> <span class='ocrx_word' id='word_1_330' title='bbox 1336 2906 1491 2974; x_wconf 89' lang='lat' dir='ltr'><strong>quasi</strong></span> <span class='ocrx_word' id='word_1_331' title='bbox 1520 2921 1586 2959; x_wconf 80' lang='lat' dir='ltr'><strong>ex</strong></span> <span class='ocrx_word' id='word_1_332' title='bbox 1613 2905 1846 2974; x_wconf 89' lang='lat' dir='ltr'><strong>Spiritus</strong></span> <span class='ocrx_word' id='word_1_333' title='bbox 1875 2904 2069 2974; x_wconf 82' lang='lat' dir='ltr'><strong>pyxide</strong></span> 
     </span>
    </p>
   </div>
   <div class='ocr_carea' id='block_1_45' title="bbox 483 2997 2068 3080">
    <p class='ocr_par' dir='ltr' id='par_1_45' title="bbox 483 2997 2068 3066">
     <span class='ocr_line' id='line_1_46' title="bbox 483 2997 2068 3066; baseline -0.007 -8"><span class='ocrx_word' id='word_1_334' title='bbox 483 3014 685 3058; x_wconf 81' lang='lat' dir='ltr'><strong>movet.</strong></span> <span class='ocrx_word' id='word_1_335' title='bbox 750 3001 857 3055; x_wconf 89' lang='lat' dir='ltr'><strong>Sed</strong></span> <span class='ocrx_word' id='word_1_336' title='bbox 905 3010 1086 3053; x_wconf 90' lang='lat' dir='ltr'><strong>tamen</strong></span> <span class='ocrx_word' id='word_1_337' title='bbox 1113 2998 1386 3066; x_wconf 87' lang='lat' dir='ltr'><strong>propriam</strong></span> <span class='ocrx_word' id='word_1_338' title='bbox 1431 3013 1619 3051; x_wconf 92' lang='lat' dir='ltr'><strong>vocem</strong></span> <span class='ocrx_word' id='word_1_339' title='bbox 1657 2997 1872 3050; x_wconf 88' lang='lat' dir='ltr'><strong>interim</strong></span> <span class='ocrx_word' id='word_1_340' title='bbox 1907 3011 2068 3050; x_wconf 90' lang='lat' dir='ltr'><strong>usur-</strong></span> 
     </span>
    </p>
   </div>
   <div class='ocr_carea' id='block_1_46' title="bbox 2164 1806 3747 1879">
    <p class='ocr_par' dir='ltr' id='par_1_46' title="bbox 2164 1806 3747 1879">
     <span class='ocr_line' id='line_1_47' title="bbox 2164 1806 3747 1879; baseline -0.002 -18"><span class='ocrx_word' id='word_1_341' title='bbox 2164 1809 2264 1878; x_wconf 83' lang='grc' dir='ltr'><strong>τὴν</strong></span> <span class='ocrx_word' id='word_1_342' title='bbox 2305 1809 2654 1879; x_wconf 70' lang='grc' dir='ltr'><strong>Ἐκκλησίαν,</strong></span> <span class='ocrx_word' id='word_1_343' title='bbox 2693 1811 2785 1861; x_wconf 75' lang='grc' dir='ltr'><strong>καὶ</strong></span> <span class='ocrx_word' id='word_1_344' title='bbox 2812 1809 2908 1877; x_wconf 79' lang='grc' dir='ltr'><strong>τῆς</strong></span> <span class='ocrx_word' id='word_1_345' title='bbox 2937 1806 3147 1860; x_wconf 79' lang='grc' dir='ltr'>ἑαυτῶν</span> <span class='ocrx_word' id='word_1_346' title='bbox 3177 1807 3378 1868; x_wconf 79' lang='grc' dir='ltr'>κακίας</span> <span class='ocrx_word' id='word_1_347' title='bbox 3408 1809 3747 1876; x_wconf 71' lang='grc' dir='ltr'>ὁρμητηριον</span> 
     </span>
    </p>
   </div>
   <div class='ocr_carea' id='block_1_47' title="bbox 2167 1899 3750 1972">
    <p class='ocr_par' dir='ltr' id='par_1_47' title="bbox 2167 1899 3750 1972">
     <span class='ocr_line' id='line_1_48' title="bbox 2167 1899 3750 1972; baseline -0.003 -18"><span class='ocrx_word' id='word_1_348' title='bbox 2167 1904 2554 1972; x_wconf 85' lang='grc' dir='ltr'>ποιησάμενοι,</span> <span class='ocrx_word' id='word_1_349' title='bbox 2594 1901 2844 1954; x_wconf 76' lang='grc' dir='ltr'>ἐντεῦθεν</span> <span class='ocrx_word' id='word_1_350' title='bbox 2897 1901 2957 1954; x_wconf 82' lang='grc' dir='ltr'><strong>τὸ</strong></span> <span class='ocrx_word' id='word_1_351' title='bbox 3013 1899 3338 1966; x_wconf 69' lang='grc' dir='ltr'>λειπόμενον</span> <span class='ocrx_word' id='word_1_352' title='bbox 3373 1899 3540 1962; x_wconf 74' lang='grc' dir='ltr'>ἅπαν,</span> <span class='ocrx_word' id='word_1_353' title='bbox 3570 1899 3646 1962; x_wconf 82' lang='grc' dir='ltr'>ὡς</span> <span class='ocrx_word' id='word_1_354' title='bbox 3686 1899 3750 1950; x_wconf 75' lang='grc' dir='ltr'><strong>ἐκ</strong></span> 
     </span>
    </p>
   </div>
   <div class='ocr_carea' id='block_1_48' title="bbox 2163 1990 3751 2064">
    <p class='ocr_par' dir='ltr' id='par_1_48' title="bbox 2163 1990 3751 2064">
     <span class='ocr_line' id='line_1_49' title="bbox 2163 1990 3751 2064; baseline -0.003 -18"><span class='ocrx_word' id='word_1_355' title='bbox 2163 2011 2311 2058; x_wconf 87' lang='grc' dir='ltr'>τινος</span> <span class='ocrx_word' id='word_1_356' title='bbox 2371 1997 2721 2064; x_wconf 75' lang='grc' dir='ltr'>ἀκροπόλεως</span> <span class='ocrx_word' id='word_1_357' title='bbox 2772 1994 3215 2064; x_wconf 81' lang='grc' dir='ltr'>καταδράμωσιν.</span> <span class='ocrx_word' id='word_1_358' title='bbox 3259 1991 3316 2042; x_wconf 86' lang='lat'><strong>&#39;0</strong></span> <span class='ocrx_word' id='word_1_359' title='bbox 3369 1992 3424 2043; x_wconf 84' lang='grc' dir='ltr'>δὲ</span> <span class='ocrx_word' id='word_1_360' title='bbox 3473 1993 3528 2042; x_wconf 89' lang='grc' dir='ltr'><strong>ἐν</strong></span> <span class='ocrx_word' id='word_1_361' title='bbox 3562 1990 3751 2057; x_wconf 76' lang='grc' dir='ltr'>ἄλλαις</span> 
     </span>
    </p>
   </div>
   <div class='ocr_carea' id='block_1_49' title="bbox 2169 2080 3752 2157">
    <p class='ocr_par' dir='ltr' id='par_1_49' title="bbox 2169 2080 3752 2157">
     <span class='ocr_line' id='line_1_50' title="bbox 2169 2080 3752 2157; baseline -0.003 -19"><span class='ocrx_word' id='word_1_362' title='bbox 2169 2085 2270 2156; x_wconf 78' lang='grc' dir='ltr'>μὲν</span> <span class='ocrx_word' id='word_1_363' title='bbox 2320 2090 2528 2156; x_wconf 71' lang='grc' dir='ltr'>φωναῖς</span> <span class='ocrx_word' id='word_1_364' title='bbox 2575 2090 2876 2157; x_wconf 81' lang='grc' dir='ltr'>γραφικαῖς</span> <span class='ocrx_word' id='word_1_365' title='bbox 2921 2088 3013 2139; x_wconf 83' lang='grc' dir='ltr'>καὶ</span> <span class='ocrx_word' id='word_1_366' title='bbox 3062 2085 3395 2155; x_wconf 74' lang='grc' dir='ltr'>μαρτυρίαις</span> <span class='ocrx_word' id='word_1_367' title='bbox 3445 2080 3752 2151; x_wconf 71' lang='grc' dir='ltr'>ἀναμφιλέ-</span> 
     </span>
    </p>
   </div>
   <div class='ocr_carea' id='block_1_50' title="bbox 2167 2175 3750 2248">
    <p class='ocr_par' dir='ltr' id='par_1_50' title="bbox 2167 2175 3750 2248">
     <span class='ocr_line' id='line_1_51' title="bbox 2167 2175 3750 2248; baseline -0.004 -17"><span class='ocrx_word' id='word_1_368' title='bbox 2167 2195 2316 2241; x_wconf 86' lang='grc' dir='ltr'>κτοις</span> <span class='ocrx_word' id='word_1_369' title='bbox 2345 2180 2547 2232; x_wconf 75' lang='grc' dir='ltr'>ταύτὸν</span> <span class='ocrx_word' id='word_1_370' title='bbox 2570 2179 2923 2248; x_wconf 80' lang='grc' dir='ltr'><strong>δυναμέναις,</strong></span> <span class='ocrx_word' id='word_1_371' title='bbox 2960 2178 3055 2231; x_wconf 80' lang='grc' dir='ltr'>καὶ</span> <span class='ocrx_word' id='word_1_372' title='bbox 3084 2181 3204 2240; x_wconf 83' lang='grc' dir='ltr'>ταῖς</span> <span class='ocrx_word' id='word_1_373' title='bbox 3233 2177 3340 2230; x_wconf 83' lang='grc' dir='ltr'><strong>τῶν</strong></span> <span class='ocrx_word' id='word_1_374' title='bbox 3372 2175 3750 2243; x_wconf 81' lang='grc' dir='ltr'>συλλογισμῶν</span> 
     </span>
    </p>
   </div>
   <div class='ocr_carea' id='block_1_51' title="bbox 2167 2265 3752 2341">
    <p class='ocr_par' dir='ltr' id='par_1_51' title="bbox 2167 2265 3752 2341">
     <span class='ocr_line' id='line_1_52' title="bbox 2167 2265 3752 2341; baseline -0.003 -17"><span class='ocrx_word' id='word_1_375' title='bbox 2167 2270 2440 2338; x_wconf 80' lang='grc' dir='ltr'>ἀνάγκαις</span> <span class='ocrx_word' id='word_1_376' title='bbox 2491 2269 2664 2333; x_wconf 74' lang='grc' dir='ltr'>οὕτως</span> <span class='ocrx_word' id='word_1_377' title='bbox 2709 2267 2850 2341; x_wconf 83' lang='grc' dir='ltr'><strong>ἦγχε</strong></span> <span class='ocrx_word' id='word_1_378' title='bbox 2896 2271 3025 2334; x_wconf 76' lang='grc' dir='ltr'>τοὺς</span> <span class='ocrx_word' id='word_1_379' title='bbox 3069 2270 3475 2338; x_wconf 78' lang='grc' dir='ltr'>ἀντιλέγοντας,</span> <span class='ocrx_word' id='word_1_380' title='bbox 3509 2265 3584 2332; x_wconf 85' lang='grc' dir='ltr'>ὠς</span> <span class='ocrx_word' id='word_1_381' title='bbox 3627 2265 3752 2337; x_wconf 84' lang='grc' dir='ltr'>μηδ’</span> 
     </span>
    </p>
   </div>
   <div class='ocr_carea' id='block_1_52' title="bbox 2166 2359 3747 2432">
    <p class='ocr_par' dir='ltr' id='par_1_52' title="bbox 2166 2359 3747 2432">
     <span class='ocr_line' id='line_1_53' title="bbox 2166 2359 3747 2432; baseline -0.003 -16"><span class='ocrx_word' id='word_1_382' title='bbox 2166 2361 2499 2416; x_wconf 75' lang='grc' dir='ltr'>ἀντιϐαίνειν</span> <span class='ocrx_word' id='word_1_383' title='bbox 2529 2361 2699 2432; x_wconf 71' lang='grc' dir='ltr'>ἔχειν,</span> <span class='ocrx_word' id='word_1_384' title='bbox 2729 2363 2848 2416; x_wconf 84' lang='grc' dir='ltr'>ἀλλ’</span> <span class='ocrx_word' id='word_1_385' title='bbox 2874 2363 3108 2426; x_wconf 74' lang='grc' dir='ltr'>οἰκείαις</span> <span class='ocrx_word' id='word_1_386' title='bbox 3139 2361 3447 2415; x_wconf 83' lang='grc' dir='ltr'>συνδεῖσθαι</span> <span class='ocrx_word' id='word_1_387' title='bbox 3500 2359 3706 2430; x_wconf 82' lang='grc' dir='ltr'>φωναῖς</span> <span class='ocrx_word' id='word_1_388' title='bbox 3731 2375 3747 2390; x_wconf 78' lang='grc' dir='ltr'>ο</span> 
     </span>
    </p>
   </div>
   <div class='ocr_carea' id='block_1_53' title="bbox 2167 2439 3750 2525">
    <p class='ocr_par' dir='ltr' id='par_1_53' title="bbox 2167 2439 3750 2525">
     <span class='ocr_line' id='line_1_54' title="bbox 2167 2439 3750 2525; baseline 0.001 -20"><span class='ocrx_word' id='word_1_389' title='bbox 2167 2453 2314 2524; x_wconf 71' lang='grc' dir='ltr'>ἥπερ</span> <span class='ocrx_word' id='word_1_390' title='bbox 2361 2453 2426 2524; x_wconf 81' lang='grc' dir='ltr'><strong>δὴ</strong></span> <span class='ocrx_word' id='word_1_391' title='bbox 2463 2454 2559 2508; x_wconf 74' lang='grc' dir='ltr'>καὶ</span> <span class='ocrx_word' id='word_1_392' title='bbox 2599 2454 2834 2525; x_wconf 85' lang='grc' dir='ltr'>μεγίστη</span> <span class='ocrx_word' id='word_1_393' title='bbox 2879 2455 3040 2522; x_wconf 80' lang='grc' dir='ltr'>λόγου</span> <span class='ocrx_word' id='word_1_394' title='bbox 3091 2455 3324 2525; x_wconf 86' lang='grc' dir='ltr'>δύναμις</span> <span class='ocrx_word' id='word_1_395' title='bbox 3377 2456 3474 2506; x_wconf 69' lang='grc' dir='ltr'><strong>καί⁵</strong></span> <span class='ocrx_word' id='word_1_396' title='bbox 3511 2439 3750 2514; x_wconf 75' lang='grc' dir='ltr'>σύνεσις.</span> 
     </span>
    </p>
   </div>
   <div class='ocr_carea' id='block_1_54' title="bbox 2167 2542 3752 2616">
    <p class='ocr_par' dir='ltr' id='par_1_54' title="bbox 2167 2542 3752 2616">
     <span class='ocr_line' id='line_1_55' title="bbox 2167 2542 3752 2616; baseline -0.002 -18"><span class='ocrx_word' id='word_1_397' title='bbox 2167 2543 2411 2614; x_wconf 79' lang='grc' dir='ltr'>Δηλώσει</span> <span class='ocrx_word' id='word_1_398' title='bbox 2444 2545 2502 2597; x_wconf 80' lang='grc' dir='ltr'>δὲ</span> <span class='ocrx_word' id='word_1_399' title='bbox 2533 2546 2631 2598; x_wconf 79' lang='grc' dir='ltr'>καὶ</span> <span class='ocrx_word' id='word_1_400' title='bbox 2659 2546 2686 2597; x_wconf 84' lang='grc' dir='ltr'>ὁ</span> <span class='ocrx_word' id='word_1_401' title='bbox 2724 2545 2902 2614; x_wconf 84' lang='grc' dir='ltr'>λόγος,</span> <span class='ocrx_word' id='word_1_402' title='bbox 2931 2546 2996 2600; x_wconf 81' lang='grc' dir='ltr'><strong>ὃν</strong></span> <span class='ocrx_word' id='word_1_403' title='bbox 3028 2546 3161 2616; x_wconf 77' lang='grc' dir='ltr'>περὶ</span> <span class='ocrx_word' id='word_1_404' title='bbox 3185 2542 3379 2598; x_wconf 82' lang='grc' dir='ltr'>τούτου</span> <span class='ocrx_word' id='word_1_405' title='bbox 3416 2543 3752 2614; x_wconf 75' lang='grc' dir='ltr'>συνέγραψε,</span> 
     </span>
    </p>
   </div>
   <div class='ocr_carea' id='block_1_55' title="bbox 2169 2632 3753 2709">
    <p class='ocr_par' dir='ltr' id='par_1_55' title="bbox 2169 2632 3753 2709">
     <span class='ocr_line' id='line_1_56' title="bbox 2169 2632 3753 2709; baseline 0 -21"><span class='ocrx_word' id='word_1_406' title='bbox 2169 2636 2338 2689; x_wconf 82' lang='grc' dir='ltr'>κινῶν</span> <span class='ocrx_word' id='word_1_407' title='bbox 2364 2636 2462 2709; x_wconf 80' lang='grc' dir='ltr'>τὴν</span> <span class='ocrx_word' id='word_1_408' title='bbox 2491 2637 2734 2706; x_wconf 85' lang='grc' dir='ltr'>γραφίδα</span> <span class='ocrx_word' id='word_1_409' title='bbox 2767 2638 2842 2700; x_wconf 86' lang='grc' dir='ltr'>ὼς</span> <span class='ocrx_word' id='word_1_410' title='bbox 2875 2640 2940 2691; x_wconf 87' lang='grc' dir='ltr'><strong>ἐκ</strong></span> <span class='ocrx_word' id='word_1_411' title='bbox 2993 2637 3212 2704; x_wconf 79' lang='grc' dir='ltr'>πυξίδος</span> <span class='ocrx_word' id='word_1_412' title='bbox 3260 2635 3355 2690; x_wconf 87' lang='grc' dir='ltr'><strong>τοῦ</strong></span> <span class='ocrx_word' id='word_1_413' title='bbox 3412 2632 3753 2705; x_wconf 78' lang='grc' dir='ltr'>Πνεῦματος,</span> 
     </span>
    </p>
   </div>
   <div class='ocr_carea' id='block_1_56' title="bbox 2167 2724 3754 2799">
    <p class='ocr_par' dir='ltr' id='par_1_56' title="bbox 2167 2724 3754 2799">
     <span class='ocr_line' id='line_1_57' title="bbox 2167 2724 3754 2799; baseline 0.001 -22"><span class='ocrx_word' id='word_1_414' title='bbox 2167 2727 2268 2796; x_wconf 83' lang='grc' dir='ltr'>τὴν</span> <span class='ocrx_word' id='word_1_415' title='bbox 2317 2727 2374 2780; x_wconf 80' lang='grc' dir='ltr'><strong>δὲ</strong></span> <span class='ocrx_word' id='word_1_416' title='bbox 2429 2729 2627 2794; x_wconf 88' lang='grc' dir='ltr'>κυρίαν</span> <span class='ocrx_word' id='word_1_417' title='bbox 2660 2728 2846 2799; x_wconf 82' lang='grc' dir='ltr'>φωνὴν</span> <span class='ocrx_word' id='word_1_418' title='bbox 2901 2729 3040 2792; x_wconf 87' lang='grc' dir='ltr'>τέως</span> <span class='ocrx_word' id='word_1_419' title='bbox 3075 2727 3450 2798; x_wconf 81' lang='grc' dir='ltr'>ὑπερετίθετο,</span> <span class='ocrx_word' id='word_1_420' title='bbox 3490 2724 3640 2796; x_wconf 88' lang='grc' dir='ltr'>παρά</span> <span class='ocrx_word' id='word_1_421' title='bbox 3690 2742 3754 2778; x_wconf 86' lang='grc' dir='ltr'><strong>τε</strong></span> 
     </span>
    </p>
   </div>
   <div class='ocr_carea' id='block_1_57' title="bbox 2172 2818 3754 2892">
    <p class='ocr_par' dir='ltr' id='par_1_57' title="bbox 2172 2818 3754 2892">
     <span class='ocr_line' id='line_1_58' title="bbox 2172 2818 3754 2892; baseline 0.001 -23"><span class='ocrx_word' id='word_1_422' title='bbox 2172 2818 2265 2870; x_wconf 85' lang='grc' dir='ltr'><strong>τοῦ</strong></span> <span class='ocrx_word' id='word_1_423' title='bbox 2323 2819 2646 2890; x_wconf 76' lang='grc' dir='ltr'>Πνεῦματος</span> <span class='ocrx_word' id='word_1_424' title='bbox 2712 2821 2877 2874; x_wconf 85' lang='grc' dir='ltr'>αὐτοῦ</span> <span class='ocrx_word' id='word_1_425' title='bbox 2930 2822 3025 2875; x_wconf 71' lang='grc' dir='ltr'>καὶ</span> <span class='ocrx_word' id='word_1_426' title='bbox 3088 2821 3201 2877; x_wconf 88' lang='grc' dir='ltr'><strong>τῶν</strong></span> <span class='ocrx_word' id='word_1_427' title='bbox 3255 2821 3500 2892; x_wconf 86' lang='grc' dir='ltr'>γνησίων</span> <span class='ocrx_word' id='word_1_428' title='bbox 3557 2818 3754 2872; x_wconf 77' lang='grc' dir='ltr'>τούτου</span> 
     </span>
    </p>
   </div>
   <div class='ocr_carea' id='block_1_58' title="bbox 2172 2912 3754 2985">
    <p class='ocr_par' dir='ltr' id='par_1_58' title="bbox 2172 2912 3754 2985">
     <span class='ocr_line' id='line_1_59' title="bbox 2172 2912 3754 2985; baseline -0.001 -20"><span class='ocrx_word' id='word_1_429' title='bbox 2172 2913 2594 2979; x_wconf 88' lang='grc' dir='ltr'>συναγωνιστῶν</span> <span class='ocrx_word' id='word_1_430' title='bbox 2625 2913 2785 2983; x_wconf 82' lang='grc' dir='ltr'>χάριν</span> <span class='ocrx_word' id='word_1_431' title='bbox 2817 2913 2986 2966; x_wconf 90' lang='grc' dir='ltr'>αἰτῶν</span> <span class='ocrx_word' id='word_1_432' title='bbox 3011 2917 3078 2985; x_wconf 80' lang='grc' dir='ltr'>τῇ</span> <span class='ocrx_word' id='word_1_433' title='bbox 3111 2915 3394 2984; x_wconf 73' lang='grc' dir='ltr'>οἰκονομίᾳ</span> <span class='ocrx_word' id='word_1_434' title='bbox 3425 2913 3502 2984; x_wconf 76' lang='grc' dir='ltr'>μὴ</span> <span class='ocrx_word' id='word_1_435' title='bbox 3557 2912 3754 2981; x_wconf 73' lang='grc' dir='ltr'>δυσχεο</span> 
     </span>
    </p>
   </div>
   <div class='ocr_carea' id='block_1_59' title="bbox 2175 3004 3757 3078">
    <p class='ocr_par' dir='ltr' id='par_1_59' title="bbox 2175 3004 3757 3078">
     <span class='ocr_line' id='line_1_60' title="bbox 2175 3004 3757 3078; baseline 0.001 -22"><span class='ocrx_word' id='word_1_436' title='bbox 2175 3004 2403 3075; x_wconf 79' lang='grc' dir='ltr'>ραίνειν,</span> <span class='ocrx_word' id='word_1_437' title='bbox 2435 3005 2708 3075; x_wconf 74' lang='grc' dir='ltr'>μηδεμιᾶς</span> <span class='ocrx_word' id='word_1_438' title='bbox 2742 3007 3141 3078; x_wconf 78' lang='grc' dir='ltr'>ἀντεχομένους</span> <span class='ocrx_word' id='word_1_439' title='bbox 3176 3007 3358 3077; x_wconf 84' lang='grc' dir='ltr'>φωνῆς</span> <span class='ocrx_word' id='word_1_440' title='bbox 3393 3005 3453 3058; x_wconf 82' lang='grc' dir='ltr'>τὸ</span> <span class='ocrx_word' id='word_1_441' title='bbox 3487 3008 3594 3058; x_wconf 79' lang='grc' dir='ltr'>πᾶν</span> <span class='ocrx_word' id='word_1_442' title='bbox 3620 3006 3757 3058; x_wconf 74' lang='grc' dir='ltr'>ἀπο-</span> 
     </span>
    </p>
   </div>
   <div class='ocr_carea' id='block_1_60' title="bbox 481 3087 2068 3171">
    <p class='ocr_par' dir='ltr' id='par_1_60' title="bbox 481 3087 2060 3165">
     <span class='ocr_line' id='line_1_61' title="bbox 481 3087 2060 3165; baseline -0.006 -16"><span class='ocrx_word' id='word_1_443' title='bbox 481 3111 612 3165; x_wconf 90' lang='lat' dir='ltr'><strong>pare</strong></span> <span class='ocrx_word' id='word_1_444' title='bbox 667 3094 972 3160; x_wconf 74' lang='lat' dir='ltr'><strong>diﬂerebat,</strong></span> <span class='ocrx_word' id='word_1_445' title='bbox 1041 3104 1154 3146; x_wconf 91' lang='lat' dir='ltr'><strong>tum</strong></span> <span class='ocrx_word' id='word_1_446' title='bbox 1209 3091 1276 3143; x_wconf 89' lang='lat' dir='ltr'><strong>ab</strong></span> <span class='ocrx_word' id='word_1_447' title='bbox 1329 3091 1562 3159; x_wconf 80' lang='lat' dir='ltr'><strong>ipsomet</strong></span> <span class='ocrx_word' id='word_1_448' title='bbox 1615 3087 1843 3157; x_wconf 89' lang='lat' dir='ltr'><strong>Spiritu,</strong></span> <span class='ocrx_word' id='word_1_449' title='bbox 1877 3098 1988 3141; x_wconf 90' lang='lat' dir='ltr'><strong>tum</strong></span> <span class='ocrx_word' id='word_1_450' title='bbox 2031 3101 2060 3140; x_wconf 87' lang='lat' dir='ltr'><strong>a</strong></span> 
     </span>
    </p>
   </div>
   <div class='ocr_carea' id='block_1_61' title="bbox 2173 3087 3758 3171">
    <p class='ocr_par' dir='ltr' id='par_1_61' title="bbox 2173 3095 3758 3171">
     <span class='ocr_line' id='line_1_62' title="bbox 2173 3095 3758 3171; baseline 0.003 -24"><span class='ocrx_word' id='word_1_451' title='bbox 2173 3095 2322 3149; x_wconf 86' lang='grc' dir='ltr'>λέσαι</span> <span class='ocrx_word' id='word_1_452' title='bbox 2373 3097 2439 3149; x_wconf 91' lang='grc' dir='ltr'>δι’</span> <span class='ocrx_word' id='word_1_453' title='bbox 2467 3098 2799 3168; x_wconf 80' lang='grc' dir='ltr'>ἀπληστίαν,</span> <span class='ocrx_word' id='word_1_454' title='bbox 2852 3100 2929 3169; x_wconf 82' lang='grc' dir='ltr'>τῷ</span> <span class='ocrx_word' id='word_1_455' title='bbox 2969 3098 3151 3171; x_wconf 81' lang='grc' dir='ltr'>καιρῷ</span> <span class='ocrx_word' id='word_1_456' title='bbox 3207 3102 3624 3171; x_wconf 87' lang='grc' dir='ltr'>παρασυρείσης</span> <span class='ocrx_word' id='word_1_457' title='bbox 3655 3099 3758 3168; x_wconf 81' lang='grc' dir='ltr'><strong>τῆς</strong></span> 
     </span>
    </p>
   </div>
   <div class='ocr_carea' id='block_1_62' title="bbox 481 3180 2065 3258">
    <p class='ocr_par' dir='ltr' id='par_1_62' title="bbox 481 3180 2065 3258">
     <span class='ocr_line' id='line_1_63' title="bbox 481 3180 2065 3258; baseline -0.005 -16"><span class='ocrx_word' id='word_1_458' title='bbox 481 3187 716 3242; x_wconf 87' lang='lat' dir='ltr'><strong>sinceris</strong></span> <span class='ocrx_word' id='word_1_459' title='bbox 745 3187 924 3257; x_wconf 89' lang='lat' dir='ltr'><strong>ipsius</strong></span> <span class='ocrx_word' id='word_1_460' title='bbox 952 3183 1450 3258; x_wconf 81' lang='lat' dir='ltr'><strong>propugnatoribus</strong></span> <span class='ocrx_word' id='word_1_461' title='bbox 1489 3183 1541 3236; x_wconf 92' lang='lat' dir='ltr'><strong>in</strong></span> <span class='ocrx_word' id='word_1_462' title='bbox 1575 3181 1764 3250; x_wconf 79' lang='lat' dir='ltr'><strong>gratiae</strong></span> <span class='ocrx_word' id='word_1_463' title='bbox 1801 3181 1919 3235; x_wconf 87' lang='lat' dir='ltr'><strong>loco</strong></span> <span class='ocrx_word' id='word_1_464' title='bbox 1959 3180 2065 3234; x_wconf 86' lang='lat' dir='ltr'><strong>hoc</strong></span> 
     </span>
    </p>
   </div>
   <div class='ocr_carea' id='block_1_63' title="bbox 480 3275 2067 3350">
    <p class='ocr_par' dir='ltr' id='par_1_63' title="bbox 480 3275 2067 3350">
     <span class='ocr_line' id='line_1_64' title="bbox 480 3275 2067 3350; baseline -0.004 -18"><span class='ocrx_word' id='word_1_465' title='bbox 480 3291 696 3350; x_wconf 80' lang='lat' dir='ltr'><strong>petens,</strong></span> <span class='ocrx_word' id='word_1_466' title='bbox 763 3297 830 3334; x_wconf 89' lang='lat' dir='ltr'><strong>ne</strong></span> <span class='ocrx_word' id='word_1_467' title='bbox 876 3281 980 3334; x_wconf 92' lang='lat' dir='ltr'><strong>hoc</strong></span> <span class='ocrx_word' id='word_1_468' title='bbox 1039 3295 1141 3334; x_wconf 88' lang='lat' dir='ltr'><strong>suo</strong></span> <span class='ocrx_word' id='word_1_469' title='bbox 1206 3276 1436 3331; x_wconf 92' lang='lat' dir='ltr'><strong>consilio</strong></span> <span class='ocrx_word' id='word_1_470' title='bbox 1481 3275 1903 3336; x_wconf 77' lang='lat' dir='ltr'><strong>oﬂenderentur,</strong></span> <span class='ocrx_word' id='word_1_471' title='bbox 1968 3288 2067 3326; x_wconf 92' lang='lat' dir='ltr'><strong>nec</strong></span> 
     </span>
    </p>
   </div>
   <div class='ocr_carea' id='block_1_64' title="bbox 483 3363 2068 3434">
    <p class='ocr_par' dir='ltr' id='par_1_64' title="bbox 483 3363 2068 3434">
     <span class='ocr_line' id='line_1_65' title="bbox 483 3363 2068 3434; baseline -0.004 -9"><span class='ocrx_word' id='word_1_472' title='bbox 483 3373 912 3434; x_wconf 88' lang='lat' dir='ltr'><strong>committerent,</strong></span> <span class='ocrx_word' id='word_1_473' title='bbox 974 3381 1034 3423; x_wconf 91' lang='lat' dir='ltr'><strong>ut</strong></span> <span class='ocrx_word' id='word_1_474' title='bbox 1092 3371 1223 3422; x_wconf 92' lang='lat' dir='ltr'><strong>dum</strong></span> <span class='ocrx_word' id='word_1_475' title='bbox 1269 3383 1431 3421; x_wconf 91' lang='lat' dir='ltr'><strong>unam</strong></span> <span class='ocrx_word' id='word_1_476' title='bbox 1475 3367 1725 3420; x_wconf 85' lang='lat' dir='ltr'><strong>voculam</strong></span> <span class='ocrx_word' id='word_1_477' title='bbox 1788 3363 2068 3418; x_wconf 90' lang='lat' dir='ltr'><strong>mordicus</strong></span> 
     </span>
    </p>
   </div>
   <div class='ocr_carea' id='block_1_65' title="bbox 484 3457 2071 3530">
    <p class='ocr_par' dir='ltr' id='par_1_65' title="bbox 484 3457 2071 3530">
     <span class='ocr_line' id='line_1_66' title="bbox 484 3457 2071 3530; baseline -0.004 -13"><span class='ocrx_word' id='word_1_478' title='bbox 484 3463 722 3517; x_wconf 81' lang='lat' dir='ltr'><strong>retinere</strong></span> <span class='ocrx_word' id='word_1_479' title='bbox 751 3472 1102 3526; x_wconf 88' lang='lat' dir='ltr'><strong>conarentur,</strong></span> <span class='ocrx_word' id='word_1_480' title='bbox 1138 3470 1354 3530; x_wconf 90' lang='lat' dir='ltr'><strong>propter</strong></span> <span class='ocrx_word' id='word_1_481' title='bbox 1395 3459 1768 3528; x_wconf 70' lang='lat' dir='ltr'><strong>inexplebilem</strong></span> <span class='ocrx_word' id='word_1_482' title='bbox 1801 3457 2071 3525; x_wconf 83' lang='lat' dir='ltr'><strong>cupidita-</strong></span> 
     </span>
    </p>
   </div>
   <div class='ocr_carea' id='block_1_66' title="bbox 485 3549 2070 3622">
    <p class='ocr_par' dir='ltr' id='par_1_66' title="bbox 485 3549 2070 3622">
     <span class='ocr_line' id='line_1_67' title="bbox 485 3549 2070 3622; baseline -0.006 -13"><span class='ocrx_word' id='word_1_483' title='bbox 485 3565 594 3609; x_wconf 80' lang='lat' dir='ltr'><strong>tem</strong></span> <span class='ocrx_word' id='word_1_484' title='bbox 619 3554 803 3608; x_wconf 88' lang='lat' dir='ltr'><strong>omnia</strong></span> <span class='ocrx_word' id='word_1_485' title='bbox 838 3554 1147 3622; x_wconf 86' lang='lat' dir='ltr'><strong>perderent,</strong></span> <span class='ocrx_word' id='word_1_486' title='bbox 1176 3554 1436 3606; x_wconf 87' lang='lat' dir='ltr'><strong>convulsa</strong></span> <span class='ocrx_word' id='word_1_487' title='bbox 1475 3551 1732 3604; x_wconf 90' lang='lat' dir='ltr'><strong>nimirum</strong></span> <span class='ocrx_word' id='word_1_488' title='bbox 1757 3549 2070 3603; x_wconf 78' lang='lat' dir='ltr'><strong>turbulento</strong></span> 
     </span>
    </p>
   </div>
   <div class='ocr_carea' id='block_1_67' title="bbox 485 3643 2074 3716">
    <p class='ocr_par' dir='ltr' id='par_1_67' title="bbox 485 3643 2074 3716">
     <span class='ocr_line' id='line_1_68' title="bbox 485 3643 2074 3716; baseline -0.004 -16"><span class='ocrx_word' id='word_1_489' title='bbox 485 3657 728 3716; x_wconf 88' lang='lat' dir='ltr'><strong>tempore</strong></span> <span class='ocrx_word' id='word_1_490' title='bbox 748 3661 809 3700; x_wconf 81' lang='lat' dir='ltr'><strong>ac</strong></span> <span class='ocrx_word' id='word_1_491' title='bbox 837 3646 1111 3700; x_wconf 81' lang='lat' dir='ltr'><strong>destructa</strong></span> <span class='ocrx_word' id='word_1_492' title='bbox 1139 3645 1356 3713; x_wconf 80' lang='lat' dir='ltr'><strong>pietate.</strong></span> <span class='ocrx_word' id='word_1_493' title='bbox 1398 3643 1548 3713; x_wconf 89' lang='lat' dir='ltr'><strong>Ipsos</strong></span> <span class='ocrx_word' id='word_1_494' title='bbox 1573 3643 1716 3696; x_wconf 91' lang='lat' dir='ltr'><strong>enim</strong></span> <span class='ocrx_word' id='word_1_495' title='bbox 1753 3643 1882 3694; x_wconf 87' lang='lat' dir='ltr'><strong>nihil</strong></span> <span class='ocrx_word' id='word_1_496' title='bbox 1915 3656 1978 3694; x_wconf 81' lang='lat' dir='ltr'><strong>ex</strong></span> <span class='ocrx_word' id='word_1_497' title='bbox 2011 3655 2074 3694; x_wconf 89' lang='lat' dir='ltr'><strong>eo</strong></span> 
     </span>
    </p>
   </div>
   <div class='ocr_carea' id='block_1_68' title="bbox 487 3732 2072 3802">
    <p class='ocr_par' dir='ltr' id='par_1_68' title="bbox 487 3732 2072 3802">
     <span class='ocr_line' id='line_1_69' title="bbox 487 3732 2072 3802; baseline -0.003 -13"><span class='ocrx_word' id='word_1_498' title='bbox 487 3736 823 3790; x_wconf 85' lang='lat' dir='ltr'><strong>incommodi</strong></span> <span class='ocrx_word' id='word_1_499' title='bbox 857 3753 921 3789; x_wconf 88' lang='lat' dir='ltr'><strong>ac</strong></span> <span class='ocrx_word' id='word_1_500' title='bbox 957 3737 1268 3789; x_wconf 85' lang='lat' dir='ltr'><strong>detrimenti</strong></span> <span class='ocrx_word' id='word_1_501' title='bbox 1315 3745 1654 3802; x_wconf 86' lang='lat' dir='ltr'><strong>accepturos,</strong></span> <span class='ocrx_word' id='word_1_502' title='bbox 1708 3733 1752 3786; x_wconf 91' lang='lat' dir='ltr'><strong>si</strong></span> <span class='ocrx_word' id='word_1_503' title='bbox 1809 3732 2072 3785; x_wconf 81' lang='lat' dir='ltr'><strong>vocabula</strong></span> 
     </span>
    </p>
   </div>
   <div class='ocr_carea' id='block_1_69' title="bbox 486 3825 2068 3898">
    <p class='ocr_par' dir='ltr' id='par_1_69' title="bbox 486 3825 2068 3898">
     <span class='ocr_line' id='line_1_70' title="bbox 486 3825 2068 3898; baseline -0.001 -20"><span class='ocrx_word' id='word_1_504' title='bbox 486 3830 711 3898; x_wconf 83' lang='lat' dir='ltr'><strong>paulum</strong></span> <span class='ocrx_word' id='word_1_505' title='bbox 775 3830 1214 3893; x_wconf 85' lang='lat' dir='ltr'><strong>itumutarentur,</strong></span> <span class='ocrx_word' id='word_1_506' title='bbox 1282 3829 1445 3883; x_wconf 89' lang='lat' dir='ltr'><strong>modo</strong></span> <span class='ocrx_word' id='word_1_507' title='bbox 1497 3829 1620 3882; x_wconf 91' lang='lat' dir='ltr'><strong>aliis</strong></span> <span class='ocrx_word' id='word_1_508' title='bbox 1662 3825 1846 3880; x_wconf 86' lang='lat' dir='ltr'><strong>verbis</strong></span> <span class='ocrx_word' id='word_1_509' title='bbox 1882 3825 2068 3878; x_wconf 89' lang='lat' dir='ltr'><strong>eadem</strong></span> 
     </span>
    </p>
   </div>
   <div class='ocr_carea' id='block_1_70' title="bbox 486 3919 2069 3990">
    <p class='ocr_par' dir='ltr' id='par_1_70' title="bbox 486 3919 2069 3990">
     <span class='ocr_line' id='line_1_71' title="bbox 486 3919 2069 3990; baseline -0.002 -16"><span class='ocrx_word' id='word_1_510' title='bbox 486 3923 816 3974; x_wconf 89' lang='lat' dir='ltr'><strong>docerentur</strong></span> <span class='ocrx_word' id='word_1_511' title='bbox 843 3939 857 3975; x_wconf 95' lang='lat'><strong>:</strong></span> <span class='ocrx_word' id='word_1_512' title='bbox 888 3937 1062 3990; x_wconf 87' lang='lat' dir='ltr'><strong>neque</strong></span> <span class='ocrx_word' id='word_1_513' title='bbox 1086 3922 1486 3976; x_wconf 77' lang='lat' dir='ltr'><strong>eniru&#39;salutem</strong></span> <span class='ocrx_word' id='word_1_514' title='bbox 1531 3930 1773 3974; x_wconf 89' lang='lat' dir='ltr'><strong>nostram</strong></span> <span class='ocrx_word' id='word_1_515' title='bbox 1809 3919 1862 3972; x_wconf 92' lang='lat' dir='ltr'><strong>in</strong></span> <span class='ocrx_word' id='word_1_516' title='bbox 1891 3919 2069 3971; x_wconf 85' lang='lat' dir='ltr'><strong>verbis</strong></span> 
     </span>
    </p>
   </div>
   <div class='ocr_carea' id='block_1_71' title="bbox 2172 3183 3755 3260">
    <p class='ocr_par' dir='ltr' id='par_1_71' title="bbox 2172 3183 3755 3260">
     <span class='ocr_line' id='line_1_72' title="bbox 2172 3183 3755 3260; baseline 0.001 -22"><span class='ocrx_word' id='word_1_517' title='bbox 2172 3185 2475 3249; x_wconf 84' lang='grc' dir='ltr'>εὐσεϐείας.</span> <span class='ocrx_word' id='word_1_518' title='bbox 2525 3183 2718 3250; x_wconf 75' lang='grc' dir='ltr'>Ᾱύτοίς</span> <span class='ocrx_word' id='word_1_519' title='bbox 2757 3189 2859 3258; x_wconf 84' lang='grc' dir='ltr'><strong>μὲν</strong></span> <span class='ocrx_word' id='word_1_520' title='bbox 2907 3189 3016 3260; x_wconf 81' lang='grc' dir='ltr'>γὰρ</span> <span class='ocrx_word' id='word_1_521' title='bbox 3063 3187 3324 3257; x_wconf 80' lang='grc' dir='ltr'>οὐδεμίαν</span> <span class='ocrx_word' id='word_1_522' title='bbox 3363 3185 3502 3242; x_wconf 78' lang='grc' dir='ltr'>εἶναι</span> <span class='ocrx_word' id='word_1_523' title='bbox 3552 3188 3755 3258; x_wconf 80' lang='grc' dir='ltr'>ζημίαν</span> 
     </span>
    </p>
   </div>
   <div class='ocr_carea' id='block_1_72' title="bbox 2173 3278 3758 3358">
    <p class='ocr_par' dir='ltr' id='par_1_72' title="bbox 2173 3278 3758 3358">
     <span class='ocr_line' id='line_1_73' title="bbox 2173 3278 3758 3358; baseline 0.001 -28"><span class='ocrx_word' id='word_1_524' title='bbox 2173 3278 2670 3349; x_wconf 85' lang='grc' dir='ltr'>ὐπαλλαττομένων</span> <span class='ocrx_word' id='word_1_525' title='bbox 2727 3281 2924 3350; x_wconf 83' lang='grc' dir='ltr'>μικρὸν</span> <span class='ocrx_word' id='word_1_526' title='bbox 2974 3280 3086 3334; x_wconf 88' lang='grc' dir='ltr'><strong>τῶν</strong></span> <span class='ocrx_word' id='word_1_527' title='bbox 3135 3280 3359 3346; x_wconf 77' lang='grc' dir='ltr'>λέξεων,</span> <span class='ocrx_word' id='word_1_528' title='bbox 3405 3283 3500 3333; x_wconf 73' lang='grc' dir='ltr'>καὶ</span> <span class='ocrx_word' id='word_1_529' title='bbox 3550 3283 3758 3358; x_wconf 51' lang='grc' dir='ltr'>φερναῖς</span> 
     </span>
    </p>
   </div>
   <div class='ocr_carea' id='block_1_73' title="bbox 2175 3368 3758 3442">
    <p class='ocr_par' dir='ltr' id='par_1_73' title="bbox 2175 3368 3758 3442">
     <span class='ocr_line' id='line_1_74' title="bbox 2175 3368 3758 3442; baseline 0 -18"><span class='ocrx_word' id='word_1_530' title='bbox 2175 3368 2364 3430; x_wconf 79' lang='grc' dir='ltr'>ἄλλαις</span> <span class='ocrx_word' id='word_1_531' title='bbox 2398 3370 2458 3423; x_wconf 84' lang='grc' dir='ltr'><strong>τὸ</strong></span> <span class='ocrx_word' id='word_1_532' title='bbox 2493 3371 2606 3424; x_wconf 78' lang='grc' dir='ltr'>ἴσον</span> <span class='ocrx_word' id='word_1_533' title='bbox 2639 3370 3066 3440; x_wconf 83' lang='grc' dir='ltr'>διδασκομένοις.</span> <span class='ocrx_word' id='word_1_534' title='bbox 3100 3371 3234 3425; x_wconf 86' lang='grc' dir='ltr'>Οὐδέ</span> <span class='ocrx_word' id='word_1_535' title='bbox 3286 3373 3396 3442; x_wconf 80' lang='grc' dir='ltr'><strong>γάρ</strong></span> <span class='ocrx_word' id='word_1_536' title='bbox 3423 3373 3479 3424; x_wconf 91' lang='grc' dir='ltr'><strong>ἐν</strong></span> <span class='ocrx_word' id='word_1_537' title='bbox 3512 3373 3758 3442; x_wconf 82' lang='grc' dir='ltr'>ῥήμασιν</span> 
     </span>
    </p>
   </div>
   <div class='ocr_carea' id='block_1_74' title="bbox 2175 3456 3760 3534">
    <p class='ocr_par' dir='ltr' id='par_1_74' title="bbox 2175 3456 3760 3534">
     <span class='ocr_line' id='line_1_75' title="bbox 2175 3456 3760 3534; baseline 0.001 -22"><span class='ocrx_word' id='word_1_538' title='bbox 2175 3462 2310 3530; x_wconf 78' lang='grc' dir='ltr'>ἡμῖν</span> <span class='ocrx_word' id='word_1_539' title='bbox 2343 3456 2608 3532; x_wconf 78' lang='grc' dir='ltr'>εἶναιτὴν</span> <span class='ocrx_word' id='word_1_540' title='bbox 2641 3463 2918 3532; x_wconf 84' lang='grc' dir='ltr'>σωτηρίαν</span> <span class='ocrx_word' id='word_1_541' title='bbox 2954 3462 3159 3534; x_wconf 81' lang='grc' dir='ltr'>μᾶλλον</span> <span class='ocrx_word' id='word_1_542' title='bbox 3192 3465 3224 3533; x_wconf 79' lang='grc' dir='ltr'>ἢ</span> <span class='ocrx_word' id='word_1_543' title='bbox 3258 3464 3571 3532; x_wconf 78' lang='grc' dir='ltr'>πράγμασι.</span> <span class='ocrx_word' id='word_1_544' title='bbox 3608 3461 3760 3529; x_wconf 82' lang='grc' dir='ltr'>Μηδὲ</span> 
     </span>
    </p>
   </div>
   <div class='ocr_carea' id='block_1_75' title="bbox 2178 3549 3756 3620">
    <p class='ocr_par' dir='ltr' id='par_1_75' title="bbox 2178 3549 3756 3620">
     <span class='ocr_line' id='line_1_76' title="bbox 2178 3549 3756 3620; baseline 0 -18"><span class='ocrx_word' id='word_1_545' title='bbox 2178 3551 2286 3620; x_wconf 86' lang='grc' dir='ltr'>γὰρ</span> <span class='ocrx_word' id='word_1_546' title='bbox 2337 3551 2400 3602; x_wconf 84' lang='grc' dir='ltr'>τὸ</span> <span class='ocrx_word' id='word_1_547' title='bbox 2440 3550 2713 3604; x_wconf 86' lang='grc' dir='ltr'>Ἰουδαίων</span> <span class='ocrx_word' id='word_1_548' title='bbox 2761 3552 2915 3615; x_wconf 84' lang='grc' dir='ltr'>έΟνος</span> <span class='ocrx_word' id='word_1_549' title='bbox 2960 3551 3257 3606; x_wconf 84' lang='grc' dir='ltr'>ἀποϐαλεῖν</span> <span class='ocrx_word' id='word_1_550' title='bbox 3289 3553 3378 3617; x_wconf 83' lang='grc' dir='ltr'><strong>ἂν,</strong></span> <span class='ocrx_word' id='word_1_551' title='bbox 3411 3552 3481 3614; x_wconf 85' lang='grc' dir='ltr'><strong>εἰ,</strong></span> <span class='ocrx_word' id='word_1_552' title='bbox 3536 3551 3632 3615; x_wconf 83' lang='grc' dir='ltr'>τὴν</span> <span class='ocrx_word' id='word_1_553' title='bbox 3663 3549 3756 3602; x_wconf 89' lang='grc' dir='ltr'><strong>τοῦ</strong></span> 
     </span>
    </p>
   </div>
   <div class='ocr_carea' id='block_1_76' title="bbox 2195 3641 3760 3716">
    <p class='ocr_par' dir='ltr' id='par_1_76' title="bbox 2195 3641 3760 3716">
     <span class='ocr_line' id='line_1_77' title="bbox 2195 3641 3760 3716; baseline 0.001 -24"><span class='ocrx_word' id='word_1_554' title='bbox 2195 3641 2567 3712; x_wconf 82' lang='grc' dir='ltr'>Ἥλειμμένου</span> <span class='ocrx_word' id='word_1_555' title='bbox 2621 3642 2805 3714; x_wconf 79' lang='grc' dir='ltr'>φωνὴν</span> <span class='ocrx_word' id='word_1_556' title='bbox 2837 3645 2957 3698; x_wconf 81' lang='grc' dir='ltr'>ἀντὶ</span> <span class='ocrx_word' id='word_1_557' title='bbox 2996 3645 3096 3714; x_wconf 80' lang='grc' dir='ltr'>τῆς</span> <span class='ocrx_word' id='word_1_558' title='bbox 3125 3645 3365 3716; x_wconf 82' lang='grc' dir='ltr'>Χριστοῦ</span> <span class='ocrx_word' id='word_1_559' title='bbox 3407 3643 3542 3713; x_wconf 69' lang='grc' dir='ltr'>πρὸς</span> <span class='ocrx_word' id='word_1_560' title='bbox 3578 3642 3760 3708; x_wconf 79' lang='grc' dir='ltr'>ὀλίγον</span> 
     </span>
    </p>
   </div>
   <div class='ocr_carea' id='block_1_77' title="bbox 2178 3733 3761 3807">
    <p class='ocr_par' dir='ltr' id='par_1_77' title="bbox 2178 3733 3761 3807">
     <span class='ocr_line' id='line_1_78' title="bbox 2178 3733 3761 3807; baseline -0.001 -22"><span class='ocrx_word' id='word_1_561' title='bbox 2178 3733 2588 3804; x_wconf 74' lang='grc' dir='ltr'>ἐπιζητοῦντες,</span> <span class='ocrx_word' id='word_1_562' title='bbox 2630 3736 2818 3805; x_wconf 67' lang='grc' dir='ltr'>ἠξίουν</span> <span class='ocrx_word' id='word_1_563' title='bbox 2859 3736 2980 3804; x_wconf 84' lang='grc' dir='ltr'>μεθ’</span> <span class='ocrx_word' id='word_1_564' title='bbox 3021 3737 3184 3807; x_wconf 79' lang='grc' dir='ltr'>ἡμῶν</span> <span class='ocrx_word' id='word_1_565' title='bbox 3221 3736 3534 3790; x_wconf 77' lang='grc' dir='ltr'>τάττεσθαι.</span> <span class='ocrx_word' id='word_1_566' title='bbox 3576 3734 3666 3803; x_wconf 79' lang='grc' dir='ltr'><strong>Τῷ</strong></span> <span class='ocrx_word' id='word_1_567' title='bbox 3701 3733 3761 3784; x_wconf 74' lang='grc' dir='ltr'>δὲ</span> 
     </span>
    </p>
   </div>
   <div class='ocr_carea' id='block_1_78' title="bbox 2178 3827 3761 3900">
    <p class='ocr_par' dir='ltr' id='par_1_78' title="bbox 2178 3827 3761 3900">
     <span class='ocr_line' id='line_1_79' title="bbox 2178 3827 3761 3900; baseline 0.001 -24"><span class='ocrx_word' id='word_1_568' title='bbox 2178 3827 2342 3896; x_wconf 76' lang='grc' dir='ltr'>κοινῷ</span> <span class='ocrx_word' id='word_1_569' title='bbox 2378 3828 2647 3898; x_wconf 88' lang='grc' dir='ltr'>μεγίστην</span> <span class='ocrx_word' id='word_1_570' title='bbox 2679 3828 2745 3882; x_wconf 81' lang='grc' dir='ltr'><strong>ἂν</strong></span> <span class='ocrx_word' id='word_1_571' title='bbox 2777 3828 2982 3900; x_wconf 82' lang='grc' dir='ltr'>βλάϐην</span> <span class='ocrx_word' id='word_1_572' title='bbox 3009 3828 3264 3898; x_wconf 80' lang='grc' dir='ltr'>γενέσθαι</span> <span class='ocrx_word' id='word_1_573' title='bbox 3295 3829 3398 3898; x_wconf 73' lang='grc' dir='ltr'>τῆς</span> <span class='ocrx_word' id='word_1_574' title='bbox 3430 3827 3761 3896; x_wconf 86' lang='grc' dir='ltr'>Ἐκκλησίας</span> 
     </span>
    </p>
   </div>
   <div class='ocr_carea' id='block_1_79' title="bbox 2177 3920 2695 3992">
    <p class='ocr_par' dir='ltr' id='par_1_79' title="bbox 2177 3920 2695 3992">
     <span class='ocr_line' id='line_1_80' title="bbox 2177 3920 2695 3992; baseline 0 -20"><span class='ocrx_word' id='word_1_575' title='bbox 2177 3920 2636 3992; x_wconf 80' lang='grc' dir='ltr'>κατασχεθείσης.</span> <span class='ocrx_word' id='word_1_576' title='bbox 2676 3941 2695 3972; x_wconf 71' lang='grc' dir='ltr'><strong>ι</strong></span> 
     </span>
    </p>
   </div>
   <div class='ocr_carea' id='block_1_80' title="bbox 487 4013 3763 4089">
    <p class='ocr_par' dir='ltr' id='par_1_80' title="bbox 487 4013 3763 4089">
     <span class='ocr_line' id='line_1_81' title="bbox 487 4013 3763 4089; baseline 0.001 -21"><span class='ocrx_word' id='word_1_577' title='bbox 487 4018 669 4084; x_wconf 83' lang='lat' dir='ltr'><strong>potius</strong></span> <span class='ocrx_word' id='word_1_578' title='bbox 694 4031 858 4082; x_wconf 89' lang='lat' dir='ltr'><strong>quam</strong></span> <span class='ocrx_word' id='word_1_579' title='bbox 895 4018 950 4069; x_wconf 90' lang='lat' dir='ltr'><strong>in</strong></span> <span class='ocrx_word' id='word_1_580' title='bbox 1000 4017 1163 4070; x_wconf 89' lang='lat' dir='ltr'><strong>rebus</strong></span> <span class='ocrx_word' id='word_1_581' title='bbox 1193 4017 1541 4074; x_wconf 84' lang='lat' dir='ltr'><strong>consistere;</strong></span> <span class='ocrx_word' id='word_1_582' title='bbox 1586 4016 1784 4082; x_wconf 89' lang='lat' dir='ltr'><strong>quippe</strong></span> <span class='ocrx_word' id='word_1_583' title='bbox 1815 4029 1938 4068; x_wconf 92' lang='lat' dir='ltr'><strong>cum</strong></span> <span class='ocrx_word' id='word_1_584' title='bbox 1975 4029 2076 4068; x_wconf 90' lang='lat' dir='ltr'><strong>nec</strong></span> <span class='ocrx_word' id='word_1_585' title='bbox 2113 4013 2286 4069; x_wconf 70' lang='lat' dir='ltr'><strong>Judaei</strong></span> <span class='ocrx_word' id='word_1_586' title='bbox 2330 4017 2550 4086; x_wconf 88' lang='lat' dir='ltr'><strong>quidem</strong></span> <span class='ocrx_word' id='word_1_587' title='bbox 2588 4018 2872 4088; x_wconf 87' lang='lat' dir='ltr'><strong>rejiciendi</strong></span> <span class='ocrx_word' id='word_1_588' title='bbox 2935 4028 3082 4082; x_wconf 89' lang='lat' dir='ltr'><strong>sunt,</strong></span> <span class='ocrx_word' id='word_1_589' title='bbox 3113 4019 3156 4073; x_wconf 83' lang='lat' dir='ltr'><strong>si</strong></span> <span class='ocrx_word' id='word_1_590' title='bbox 3189 4019 3255 4074; x_wconf 89' lang='lat' dir='ltr'><strong>ad</strong></span> <span class='ocrx_word' id='word_1_591' title='bbox 3287 4019 3508 4089; x_wconf 87' lang='lat' dir='ltr'><strong>aliquod</strong></span> <span class='ocrx_word' id='word_1_592' title='bbox 3549 4029 3763 4086; x_wconf 88' lang='lat' dir='ltr'><strong>tempus</strong></span> 
     </span>
    </p>
   </div>
   <div class='ocr_carea' id='block_1_81' title="bbox 489 4104 3760 4179">
    <p class='ocr_par' dir='ltr' id='par_1_81' title="bbox 489 4104 3760 4179">
     <span class='ocr_line' id='line_1_82' title="bbox 489 4104 3760 4179; baseline 0.002 -20"><span class='ocrx_word' id='word_1_593' title='bbox 489 4122 587 4176; x_wconf 87' lang='lat' dir='ltr'><strong>pro</strong></span> <span class='ocrx_word' id='word_1_594' title='bbox 627 4106 846 4160; x_wconf 84' lang='lat' dir='ltr'><strong>Christo</strong></span> <span class='ocrx_word' id='word_1_595' title='bbox 874 4121 1061 4160; x_wconf 90' lang='lat' dir='ltr'><strong>vocem</strong></span> <span class='ocrx_word' id='word_1_596' title='bbox 1115 4108 1261 4160; x_wconf 91' lang='lat' dir='ltr'><strong>uncti</strong></span> <span class='ocrx_word' id='word_1_597' title='bbox 1298 4108 1401 4160; x_wconf 92' lang='lat' dir='ltr'><strong>sibi</strong></span> <span class='ocrx_word' id='word_1_598' title='bbox 1435 4104 1662 4160; x_wconf 89' lang='lat' dir='ltr'><strong>concedi</strong></span> <span class='ocrx_word' id='word_1_599' title='bbox 1701 4110 2063 4172; x_wconf 75' lang='lat' dir='ltr'><strong>pastulantes,</strong></span> <span class='ocrx_word' id='word_1_600' title='bbox 2105 4105 2158 4158; x_wconf 92' lang='lat' dir='ltr'><strong>in</strong></span> <span class='ocrx_word' id='word_1_601' title='bbox 2193 4115 2440 4160; x_wconf 89' lang='lat' dir='ltr'><strong>nostrum</strong></span> <span class='ocrx_word' id='word_1_602' title='bbox 2504 4125 2790 4164; x_wconf 88' lang='lat' dir='ltr'><strong>numerum</strong></span> <span class='ocrx_word' id='word_1_603' title='bbox 2821 4120 2986 4179; x_wconf 88' lang='lat' dir='ltr'><strong>atque</strong></span> <span class='ocrx_word' id='word_1_604' title='bbox 3054 4113 3300 4165; x_wconf 89' lang='lat' dir='ltr'><strong>ordinem</strong></span> <span class='ocrx_word' id='word_1_605' title='bbox 3350 4113 3546 4166; x_wconf 87' lang='lat' dir='ltr'><strong>ascribi</strong></span> <span class='ocrx_word' id='word_1_606' title='bbox 3571 4113 3760 4166; x_wconf 84' lang='lat' dir='ltr'><strong>velint.</strong></span> 
     </span>
    </p>
   </div>
   <div class='ocr_carea' id='block_1_82' title="bbox 487 4201 3765 4278">
    <p class='ocr_par' dir='ltr' id='par_1_82' title="bbox 487 4201 3765 4278">
     <span class='ocr_line' id='line_1_83' title="bbox 487 4201 3765 4278; baseline 0.002 -24"><span class='ocrx_word' id='word_1_607' title='bbox 487 4203 558 4254; x_wconf 81' lang='lat' dir='ltr'><strong>At</strong></span> <span class='ocrx_word' id='word_1_608' title='bbox 583 4201 894 4268; x_wconf 63' lang='lat' dir='ltr'><strong>reipublicae</strong></span> <span class='ocrx_word' id='word_1_609' title='bbox 925 4217 1035 4256; x_wconf 93' lang='lat' dir='ltr'><strong>non</strong></span> <span class='ocrx_word' id='word_1_610' title='bbox 1062 4218 1224 4272; x_wconf 83' lang='lat' dir='ltr'><strong>posse</strong></span> <span class='ocrx_word' id='word_1_611' title='bbox 1265 4202 1529 4270; x_wconf 80' lang='lat' dir='ltr'><strong>tiiajorem</strong></span> <span class='ocrx_word' id='word_1_612' title='bbox 1563 4201 1854 4270; x_wconf 89' lang='lat' dir='ltr'><strong>perniciem</strong></span> <span class='ocrx_word' id='word_1_613' title='bbox 1887 4214 1950 4253; x_wconf 89' lang='lat' dir='ltr'><strong>ac</strong></span> <span class='ocrx_word' id='word_1_614' title='bbox 2009 4212 2215 4268; x_wconf 86' lang='lat' dir='ltr'><strong>pestem</strong></span> <span class='ocrx_word' id='word_1_615' title='bbox 2252 4201 2457 4267; x_wconf 72' lang='lat' dir='ltr'><strong>aﬂ‘crri,</strong></span> <span class='ocrx_word' id='word_1_616' title='bbox 2490 4219 2654 4273; x_wconf 90' lang='lat' dir='ltr'><strong>quam</strong></span> <span class='ocrx_word' id='word_1_617' title='bbox 2721 4205 2768 4258; x_wconf 91' lang='lat' dir='ltr'><strong>si</strong></span> <span class='ocrx_word' id='word_1_618' title='bbox 2827 4203 3074 4260; x_wconf 71' lang='lat' dir='ltr'><strong>Ecclesia</strong></span> <span class='ocrx_word' id='word_1_619' title='bbox 3106 4206 3188 4262; x_wconf 81' lang='lat' dir='ltr'><strong>ab</strong></span> <span class='ocrx_word' id='word_1_620' title='bbox 3216 4207 3484 4262; x_wconf 70' lang='lat' dir='ltr'><strong>haereticis</strong></span> <span class='ocrx_word' id='word_1_621' title='bbox 3529 4223 3765 4278; x_wconf 85' lang='lat' dir='ltr'><strong>occupa-</strong></span> 
     </span>
    </p>
   </div>
   <div class='ocr_carea' id='block_1_83' title="bbox 487 4310 723 4355">
    <p class='ocr_par' dir='ltr' id='par_1_83' title="bbox 487 4310 723 4355">
     <span class='ocr_line' id='line_1_84' title="bbox 487 4310 723 4355; baseline -0.021 0"><span class='ocrx_word' id='word_1_622' title='bbox 487 4310 662 4355; x_wconf 76' lang='lat' dir='ltr'><strong>retur.</strong></span> <span class='ocrx_word' id='word_1_623' title='bbox 704 4318 723 4350; x_wconf 74' lang='grc' dir='ltr'><strong>ι</strong></span> 
     </span>
    </p>
   </div>
   <div class='ocr_carea' id='block_1_84' title="bbox 587 4388 2068 4472">
    <p class='ocr_par' dir='ltr' id='par_1_84' title="bbox 587 4388 2068 4460">
     <span class='ocr_line' id='line_1_85' title="bbox 587 4388 2068 4460; baseline -0.003 -12"><span class='ocrx_word' id='word_1_624' title='bbox 587 4394 713 4448; x_wconf 81' lang='lat' dir='ltr'><strong>Haec</strong></span> <span class='ocrx_word' id='word_1_625' title='bbox 788 4393 854 4447; x_wconf 88' lang='lat' dir='ltr'><strong>de</strong></span> <span class='ocrx_word' id='word_1_626' title='bbox 933 4405 1130 4460; x_wconf 84' lang='lat' dir='ltr'><strong>magno</strong></span> <span class='ocrx_word' id='word_1_627' title='bbox 1215 4389 1416 4445; x_wconf 79' lang='lat' dir='ltr'><strong>Basilio</strong></span> <span class='ocrx_word' id='word_1_628' title='bbox 1487 4388 1789 4456; x_wconf 85' lang='lat' dir='ltr'><strong>astipulans</strong></span> <span class='ocrx_word' id='word_1_629' title='bbox 1874 4388 2068 4460; x_wconf 85' lang='lat' dir='ltr'><strong>Grego-</strong></span> 
     </span>
    </p>
   </div>
   <div class='ocr_carea' id='block_1_85' title="bbox 2173 4388 3766 4472">
    <p class='ocr_par' dir='ltr' id='par_1_85' title="bbox 2262 4391 3766 4472">
     <span class='ocr_line' id='line_1_86' title="bbox 2262 4391 3766 4472; baseline 0.004 -24"><span class='ocrx_word' id='word_1_630' title='bbox 2262 4391 2499 4448; x_wconf 85' lang='grc' dir='ltr'>Τοιαῦτα</span> <span class='ocrx_word' id='word_1_631' title='bbox 2536 4395 2613 4465; x_wconf 81' lang='grc' dir='ltr'>τῷ</span> <span class='ocrx_word' id='word_1_632' title='bbox 2657 4397 2877 4466; x_wconf 83' lang='grc' dir='ltr'>μεγάλῳ</span> <span class='ocrx_word' id='word_1_633' title='bbox 2935 4398 3201 4470; x_wconf 83' lang='grc' dir='ltr'>Βασιλείῳ</span> <span class='ocrx_word' id='word_1_634' title='bbox 3259 4401 3700 4472; x_wconf 81' lang='grc' dir='ltr'>προσμαρτυρῶν</span> <span class='ocrx_word' id='word_1_635' title='bbox 3737 4403 3766 4454; x_wconf 83' lang='grc' dir='ltr'><strong>ὁ</strong></span> 
     </span>
    </p>
   </div>
   <div class='ocr_carea' id='block_1_86' title="bbox 489 4479 2083 4554">
    <p class='ocr_par' dir='ltr' id='par_1_86' title="bbox 489 4479 2083 4554">
     <span class='ocr_line' id='line_1_87' title="bbox 489 4479 2083 4554; baseline -0.003 -15"><span class='ocrx_word' id='word_1_636' title='bbox 489 4486 607 4540; x_wconf 87' lang='lat' dir='ltr'><strong>rius</strong></span> <span class='ocrx_word' id='word_1_637' title='bbox 631 4491 989 4554; x_wconf 86' lang='lat' dir='ltr'><strong>cognomento</strong></span> <span class='ocrx_word' id='word_1_638' title='bbox 1028 4479 1358 4549; x_wconf 81' lang='lat' dir='ltr'><strong>Theologus,</strong></span> <span class='ocrx_word' id='word_1_639' title='bbox 1413 4494 1696 4534; x_wconf 85' lang='lat' dir='ltr'><strong>assensum</strong></span> <span class='ocrx_word' id='word_1_640' title='bbox 1732 4494 1762 4532; x_wconf 90' lang='lat' dir='ltr'><strong>a</strong></span> <span class='ocrx_word' id='word_1_641' title='bbox 1797 4495 1854 4534; x_wconf 90' lang='lat' dir='ltr'><strong>se</strong></span> <span class='ocrx_word' id='word_1_642' title='bbox 1886 4496 2083 4550; x_wconf 82' lang='lat' dir='ltr'><strong>magno</strong></span> 
     </span>
    </p>
   </div>
   <div class='ocr_carea' id='block_1_87' title="bbox 493 4571 2078 4640">
    <p class='ocr_par' dir='ltr' id='par_1_87' title="bbox 493 4571 2078 4640">
     <span class='ocr_line' id='line_1_88' title="bbox 493 4571 2078 4640; baseline -0.004 -8"><span class='ocrx_word' id='word_1_643' title='bbox 493 4577 795 4632; x_wconf 78' lang='lat' dir='ltr'><strong>Athanasio</strong></span> <span class='ocrx_word' id='word_1_644' title='bbox 828 4573 1136 4630; x_wconf 68' lang='lat' dir='ltr'><strong>exhibitum</strong></span> <span class='ocrx_word' id='word_1_645' title='bbox 1178 4572 1492 4626; x_wconf 81' lang='lat' dir='ltr'><strong>conﬁrmat.</strong></span> <span class='ocrx_word' id='word_1_646' title='bbox 1551 4571 1816 4626; x_wconf 80' lang='lat' dir='ltr'><strong>Maximus</strong></span> <span class='ocrx_word' id='word_1_647' title='bbox 1872 4582 2078 4640; x_wconf 85' lang='lat' dir='ltr'><strong>autem,</strong></span> 
     </span>
    </p>
   </div>
   <div class='ocr_carea' id='block_1_88' title="bbox 491 4663 2079 4735">
    <p class='ocr_par' dir='ltr' id='par_1_88' title="bbox 491 4663 2079 4735">
     <span class='ocr_line' id='line_1_89' title="bbox 491 4663 2079 4735; baseline -0.006 -8"><span class='ocrx_word' id='word_1_648' title='bbox 491 4687 620 4726; x_wconf 83' lang='lat' dir='ltr'><strong>vere</strong></span> <span class='ocrx_word' id='word_1_649' title='bbox 648 4670 940 4732; x_wconf 76' lang='lat' dir='ltr'><strong>maximus,</strong></span> <span class='ocrx_word' id='word_1_650' title='bbox 979 4667 1044 4719; x_wconf 88' lang='lat' dir='ltr'><strong>ad</strong></span> <span class='ocrx_word' id='word_1_651' title='bbox 1089 4663 1357 4735; x_wconf 83' lang='lat' dir='ltr'><strong>Pyrrhum</strong></span> <span class='ocrx_word' id='word_1_652' title='bbox 1405 4665 1780 4733; x_wconf 83' lang='lat' dir='ltr'><strong>presbyterum</strong></span> <span class='ocrx_word' id='word_1_653' title='bbox 1813 4666 2079 4731; x_wconf 89' lang='lat' dir='ltr'><strong>scribens,</strong></span> 
     </span>
    </p>
   </div>
   <div class='ocr_carea' id='block_1_89' title="bbox 495 4757 2080 4826">
    <p class='ocr_par' dir='ltr' id='par_1_89' title="bbox 495 4757 2080 4826">
     <span class='ocr_line' id='line_1_90' title="bbox 495 4757 2080 4826; baseline -0.006 -7"><span class='ocrx_word' id='word_1_654' title='bbox 495 4767 634 4820; x_wconf 89' lang='lat' dir='ltr'><strong>inter</strong></span> <span class='ocrx_word' id='word_1_655' title='bbox 667 4762 771 4816; x_wconf 87' lang='lat' dir='ltr'><strong>alia</strong></span> <span class='ocrx_word' id='word_1_656' title='bbox 806 4759 957 4822; x_wconf 85' lang='lat' dir='ltr'><strong>dicit,</strong></span> <span class='ocrx_word' id='word_1_657' title='bbox 983 4776 1000 4808; x_wconf 82' lang='grc' dir='ltr'><strong>ι</strong></span> <span class='ocrx_word' id='word_1_658' title='bbox 1025 4758 1211 4825; x_wconf 75' lang='lat' dir='ltr'><strong>Neque</strong></span> <span class='ocrx_word' id='word_1_659' title='bbox 1236 4757 1379 4810; x_wconf 91' lang='lat' dir='ltr'><strong>enim</strong></span> <span class='ocrx_word' id='word_1_660' title='bbox 1415 4771 1576 4810; x_wconf 85' lang='lat' dir='ltr'><strong>voces</strong></span> <span class='ocrx_word' id='word_1_661' title='bbox 1607 4757 1740 4810; x_wconf 89' lang='lat' dir='ltr'><strong>nihil</strong></span> <span class='ocrx_word' id='word_1_662' title='bbox 1766 4758 2080 4826; x_wconf 78' lang='lat' dir='ltr'><strong>signiﬁcan-</strong></span> 
     </span>
    </p>
   </div>
   <div class='ocr_carea' id='block_1_90' title="bbox 500 4849 2082 4923">
    <p class='ocr_par' dir='ltr' id='par_1_90' title="bbox 500 4849 2082 4923">
     <span class='ocr_line' id='line_1_91' title="bbox 500 4849 2082 4923; baseline -0.006 -10"><span class='ocrx_word' id='word_1_663' title='bbox 500 4869 584 4912; x_wconf 82' lang='lat' dir='ltr'><strong>tes</strong></span> <span class='ocrx_word' id='word_1_664' title='bbox 607 4854 934 4923; x_wconf 79' lang='lat' dir='ltr'><strong>simpliciter</strong></span> <span class='ocrx_word' id='word_1_665' title='bbox 962 4849 1263 4912; x_wconf 71' lang='lat' dir='ltr'><strong>allerimus,</strong></span> <span class='ocrx_word' id='word_1_666' title='bbox 1293 4849 1385 4904; x_wconf 88' lang='lat' dir='ltr'><strong>sed</strong></span> <span class='ocrx_word' id='word_1_667' title='bbox 1415 4850 1714 4904; x_wconf 88' lang='lat' dir='ltr'><strong>sententias</strong></span> <span class='ocrx_word' id='word_1_668' title='bbox 1737 4853 1959 4905; x_wconf 91' lang='lat' dir='ltr'><strong>vocibus</strong></span> <span class='ocrx_word' id='word_1_669' title='bbox 1991 4866 2082 4904; x_wconf 81' lang='lat' dir='ltr'><strong>ex-</strong></span> 
     </span>
    </p>
   </div>
   <div class='ocr_carea' id='block_1_91' title="bbox 495 4944 2084 5020">
    <p class='ocr_par' dir='ltr' id='par_1_91' title="bbox 495 4944 2084 5020">
     <span class='ocr_line' id='line_1_92' title="bbox 495 4944 2084 5020; baseline -0.004 -17"><span class='ocrx_word' id='word_1_670' title='bbox 495 4949 805 5020; x_wconf 88' lang='lat' dir='ltr'><strong>primimus.</strong></span> <span class='ocrx_word' id='word_1_671' title='bbox 863 4946 1036 5011; x_wconf 84' lang='lat' dir='ltr'><strong>Quam</strong></span> <span class='ocrx_word' id='word_1_672' title='bbox 1092 4944 1162 4996; x_wconf 92' lang='lat' dir='ltr'><strong>ob</strong></span> <span class='ocrx_word' id='word_1_673' title='bbox 1217 4957 1440 4996; x_wconf 88' lang='lat' dir='ltr'><strong>causam</strong></span> <span class='ocrx_word' id='word_1_674' title='bbox 1498 4955 1660 4996; x_wconf 88' lang='lat' dir='ltr'><strong>voces</strong></span> <span class='ocrx_word' id='word_1_675' title='bbox 1707 4956 2084 5011; x_wconf 88' lang='lat' dir='ltr'><strong>saepenumero</strong></span> 
     </span>
    </p>
   </div>
   <div class='ocr_carea' id='block_1_92' title="bbox 499 5031 2084 5108">
    <p class='ocr_par' dir='ltr' id='par_1_92' title="bbox 499 5031 2084 5108">
     <span class='ocr_line' id='line_1_93' title="bbox 499 5031 2084 5108; baseline -0.006 -14"><span class='ocrx_word' id='word_1_676' title='bbox 499 5039 783 5108; x_wconf 83' lang='lat' dir='ltr'><strong>deiloquos</strong></span> <span class='ocrx_word' id='word_1_677' title='bbox 847 5036 1036 5090; x_wconf 83' lang='lat' dir='ltr'><strong>Patres</strong></span> <span class='ocrx_word' id='word_1_678' title='bbox 1100 5033 1272 5100; x_wconf 88' lang='lat' dir='ltr'><strong>reperi</strong></span> <span class='ocrx_word' id='word_1_679' title='bbox 1333 5031 1717 5097; x_wconf 84' lang='lat' dir='ltr'><strong>concedentes,</strong></span> <span class='ocrx_word' id='word_1_680' title='bbox 1783 5035 2084 5086; x_wconf 89' lang='lat' dir='ltr'><strong>sententias</strong></span> 
     </span>
    </p>
   </div>
   <div class='ocr_carea' id='block_1_93' title="bbox 500 5125 2085 5196">
    <p class='ocr_par' dir='ltr' id='par_1_93' title="bbox 500 5125 2085 5196">
     <span class='ocr_line' id='line_1_94' title="bbox 500 5125 2085 5196; baseline -0.004 -11"><span class='ocrx_word' id='word_1_681' title='bbox 500 5132 654 5186; x_wconf 89' lang='lat' dir='ltr'><strong>nullo</strong></span> <span class='ocrx_word' id='word_1_682' title='bbox 677 5128 862 5192; x_wconf 90' lang='lat' dir='ltr'><strong>modo,</strong></span> <span class='ocrx_word' id='word_1_683' title='bbox 890 5126 1036 5196; x_wconf 88' lang='lat' dir='ltr'><strong>quod</strong></span> <span class='ocrx_word' id='word_1_684' title='bbox 1072 5141 1177 5180; x_wconf 92' lang='lat' dir='ltr'><strong>non</strong></span> <span class='ocrx_word' id='word_1_685' title='bbox 1211 5127 1264 5179; x_wconf 76' lang='lat' dir='ltr'><strong>in</strong></span> <span class='ocrx_word' id='word_1_686' title='bbox 1307 5125 1551 5195; x_wconf 89' lang='lat' dir='ltr'><strong>syllabis,</strong></span> <span class='ocrx_word' id='word_1_687' title='bbox 1589 5125 1680 5179; x_wconf 90' lang='lat' dir='ltr'><strong>sed</strong></span> <span class='ocrx_word' id='word_1_688' title='bbox 1712 5127 1996 5178; x_wconf 86' lang='lat' dir='ltr'><strong>sententiis</strong></span> <span class='ocrx_word' id='word_1_689' title='bbox 2030 5134 2085 5178; x_wconf 90' lang='lat' dir='ltr'><strong>et</strong></span> 
     </span>
    </p>
   </div>
   <div class='ocr_carea' id='block_1_94' title="bbox 507 5217 2082 5287">
    <p class='ocr_par' dir='ltr' id='par_1_94' title="bbox 507 5217 2082 5287">
     <span class='ocr_line' id='line_1_95' title="bbox 507 5217 2082 5287; baseline -0.008 -7"><span class='ocrx_word' id='word_1_690' title='bbox 507 5223 683 5280; x_wconf 84' lang='lat' dir='ltr'><strong>rebus</strong></span> <span class='ocrx_word' id='word_1_691' title='bbox 721 5221 914 5276; x_wconf 89' lang='lat' dir='ltr'><strong>salutis</strong></span> <span class='ocrx_word' id='word_1_692' title='bbox 951 5229 1148 5272; x_wconf 61' lang='lat' dir='ltr'><strong>nostra</strong></span> <span class='ocrx_word' id='word_1_693' title='bbox 1177 5217 1494 5287; x_wconf 76' lang='lat' dir='ltr'><strong>mysterium</strong></span> <span class='ocrx_word' id='word_1_694' title='bbox 1522 5218 1767 5270; x_wconf 76' lang='lat' dir='ltr'><strong>exsistit:</strong></span> <span class='ocrx_word' id='word_1_695' title='bbox 1825 5217 1955 5270; x_wconf 91' lang='lat' dir='ltr'><strong>illud</strong></span> <span class='ocrx_word' id='word_1_696' title='bbox 2001 5225 2082 5268; x_wconf 49' lang='lat' dir='ltr'><strong>et»</strong></span> 
     </span>
    </p>
   </div>
   <div class='ocr_carea' id='block_1_95' title="bbox 500 5310 2087 5380">
    <p class='ocr_par' dir='ltr' id='par_1_95' title="bbox 500 5310 2087 5380">
     <span class='ocr_line' id='line_1_96' title="bbox 500 5310 2087 5380; baseline -0.008 -6"><span class='ocrx_word' id='word_1_697' title='bbox 500 5317 649 5374; x_wconf 84' lang='lat' dir='ltr'><strong>enim</strong></span> <span class='ocrx_word' id='word_1_698' title='bbox 678 5313 972 5375; x_wconf 80' lang='lat' dir='ltr'><strong>faciebant,</strong></span> <span class='ocrx_word' id='word_1_699' title='bbox 1022 5311 1173 5380; x_wconf 84' lang='lat' dir='ltr'><strong>pacis</strong></span> <span class='ocrx_word' id='word_1_700' title='bbox 1202 5326 1385 5365; x_wconf 87' lang='lat' dir='ltr'><strong>curam</strong></span> <span class='ocrx_word' id='word_1_701' title='bbox 1411 5320 1679 5380; x_wconf 83' lang='lat' dir='ltr'><strong>gerentes,</strong></span> <span class='ocrx_word' id='word_1_702' title='bbox 1715 5311 1839 5375; x_wconf 91' lang='lat' dir='ltr'><strong>hoc,</strong></span> <span class='ocrx_word' id='word_1_703' title='bbox 1871 5310 2087 5363; x_wconf 89' lang='lat' dir='ltr'><strong>animos</strong></span> 
     </span>
    </p>
   </div>
   <div class='ocr_carea' id='block_1_96' title="bbox 502 5401 2082 5472">
    <p class='ocr_par' dir='ltr' id='par_1_96' title="bbox 502 5401 2082 5472">
     <span class='ocr_line' id='line_1_97' title="bbox 502 5401 2082 5472; baseline -0.007 -9"><span class='ocrx_word' id='word_1_704' title='bbox 502 5409 706 5462; x_wconf 87' lang='lat' dir='ltr'><strong>virtute</strong></span> <span class='ocrx_word' id='word_1_705' title='bbox 737 5403 1145 5458; x_wconf 82' lang='lat' dir='ltr'><strong>eonﬁrmautes.</strong></span> <span class='ocrx_word' id='word_1_706' title='bbox 1181 5421 1198 5454; x_wconf 80' lang='grc' dir='ltr'><strong>ι</strong></span> <span class='ocrx_word' id='word_1_707' title='bbox 1237 5401 1340 5458; x_wconf 87' lang='lat' dir='ltr'><strong>Sed</strong></span> <span class='ocrx_word' id='word_1_708' title='bbox 1375 5402 1496 5457; x_wconf 86' lang='lat' dir='ltr'><strong>vide</strong></span> <span class='ocrx_word' id='word_1_709' title='bbox 1542 5413 1800 5472; x_wconf 72' lang='lat' dir='ltr'><strong>praeterea</strong></span> <span class='ocrx_word' id='word_1_710' title='bbox 1834 5410 2082 5456; x_wconf 87' lang='lat' dir='ltr'><strong>sanctum</strong></span> 
     </span>
    </p>
   </div>
   <div class='ocr_carea' id='block_1_97' title="bbox 505 5495 2085 5568">
    <p class='ocr_par' dir='ltr' id='par_1_97' title="bbox 505 5495 2085 5568">
     <span class='ocr_line' id='line_1_98' title="bbox 505 5495 2085 5568; baseline -0.007 -12"><span class='ocrx_word' id='word_1_711' title='bbox 505 5513 872 5568; x_wconf 85' lang='lat' dir='ltr'><strong>magnumque</strong></span> <span class='ocrx_word' id='word_1_712' title='bbox 901 5495 1182 5560; x_wconf 85' lang='lat' dir='ltr'><strong>Basilium,</strong></span> <span class='ocrx_word' id='word_1_713' title='bbox 1217 5511 1453 5566; x_wconf 90' lang='lat' dir='ltr'><strong>quanam</strong></span> <span class='ocrx_word' id='word_1_714' title='bbox 1488 5495 1577 5549; x_wconf 92' lang='lat' dir='ltr'><strong>ille</strong></span> <span class='ocrx_word' id='word_1_715' title='bbox 1602 5496 1810 5549; x_wconf 89' lang='lat' dir='ltr'><strong>ratione</strong></span> <span class='ocrx_word' id='word_1_716' title='bbox 1845 5508 2085 5547; x_wconf 83' lang='lat' dir='ltr'><strong>consona</strong></span> 
     </span>
    </p>
   </div>
   <div class='ocr_carea' id='block_1_98' title="bbox 505 5587 2089 5662">
    <p class='ocr_par' dir='ltr' id='par_1_98' title="bbox 505 5587 2089 5662">
     <span class='ocr_line' id='line_1_99' title="bbox 505 5587 2089 5662; baseline -0.005 -14"><span class='ocrx_word' id='word_1_717' title='bbox 505 5592 822 5662; x_wconf 81' lang='lat' dir='ltr'><strong>svmmystis</strong></span> <span class='ocrx_word' id='word_1_718' title='bbox 870 5591 1102 5658; x_wconf 85' lang='lat' dir='ltr'><strong>Spiritus</strong></span> <span class='ocrx_word' id='word_1_719' title='bbox 1166 5589 1503 5660; x_wconf 90' lang='lat' dir='ltr'><strong>presbyteris</strong></span> <span class='ocrx_word' id='word_1_720' title='bbox 1554 5589 1802 5642; x_wconf 84' lang='lat' dir='ltr'><strong>scribens</strong></span> <span class='ocrx_word' id='word_1_721' title='bbox 1864 5587 2089 5652; x_wconf 79' lang='lat' dir='ltr'><strong>paciﬁre</strong></span> 
     </span>
    </p>
   </div>
   <div class='ocr_carea' id='block_1_99' title="bbox 506 5680 2089 5755">
    <p class='ocr_par' dir='ltr' id='par_1_99' title="bbox 506 5680 2089 5755">
     <span class='ocr_line' id='line_1_100' title="bbox 506 5680 2089 5755; baseline -0.007 -14"><span class='ocrx_word' id='word_1_722' title='bbox 506 5686 1110 5755; x_wconf 63' lang='grc' dir='ltr'>ευμζοτὶῑ.11ιεεςιιιιῑ;</span> <span class='ocrx_word' id='word_1_723' title='bbox 1149 5683 1385 5754; x_wconf 63' lang='lat' dir='ltr'><strong>«Magna</strong></span> <span class='ocrx_word' id='word_1_724' title='bbox 1457 5692 1542 5736; x_wconf 89' lang='lat' dir='ltr'><strong>est</strong></span> <span class='ocrx_word' id='word_1_725' title='bbox 1601 5680 1878 5736; x_wconf 89' lang='lat' dir='ltr'><strong>inclinatio</strong></span> <span class='ocrx_word' id='word_1_726' title='bbox 1950 5689 2089 5733; x_wconf 89' lang='lat' dir='ltr'><strong>tem-</strong></span> 
     </span>
    </p>
   </div>
   <div class='ocr_carea' id='block_1_100' title="bbox 507 5770 2080 5848">
    <p class='ocr_par' dir='ltr' id='par_1_100' title="bbox 507 5770 2080 5848">
     <span class='ocr_line' id='line_1_101' title="bbox 507 5770 2080 5848; baseline -0.005 -16"><span class='ocrx_word' id='word_1_727' title='bbox 507 5779 657 5848; x_wconf 83' lang='lat' dir='ltr'><strong>poris</strong></span> <span class='ocrx_word' id='word_1_728' title='bbox 685 5779 749 5835; x_wconf 86' lang='lat' dir='ltr'><strong>ad</strong></span> <span class='ocrx_word' id='word_1_729' title='bbox 776 5777 1143 5835; x_wconf 87' lang='lat' dir='ltr'><strong>Ecclesiarunt</strong></span> <span class='ocrx_word' id='word_1_730' title='bbox 1171 5777 1532 5831; x_wconf 82' lang='lat' dir='ltr'><strong>eversionem.</strong></span> <span class='ocrx_word' id='word_1_731' title='bbox 1572 5774 1746 5842; x_wconf 83' lang='lat' dir='ltr'><strong>Atque</strong></span> <span class='ocrx_word' id='word_1_732' title='bbox 1774 5770 1822 5824; x_wconf 89' lang='lat' dir='ltr'><strong>id</strong></span> <span class='ocrx_word' id='word_1_733' title='bbox 1853 5771 1962 5840; x_wconf 83' lang='lat' dir='ltr'><strong>jam</strong></span> <span class='ocrx_word' id='word_1_734' title='bbox 1988 5771 2080 5825; x_wconf 90' lang='lat' dir='ltr'><strong>diu</strong></span> 
     </span>
    </p>
   </div>
   <div class='ocr_carea' id='block_1_101' title="bbox 2179 4485 3765 4563">
    <p class='ocr_par' dir='ltr' id='par_1_101' title="bbox 2179 4485 3765 4563">
     <span class='ocr_line' id='line_1_102' title="bbox 2179 4485 3765 4563; baseline 0.006 -28"><span class='ocrx_word' id='word_1_735' title='bbox 2179 4485 2280 4554; x_wconf 79' lang='grc' dir='ltr'>τῆς</span> <span class='ocrx_word' id='word_1_736' title='bbox 2317 4486 2598 4553; x_wconf 85' lang='grc' dir='ltr'>Θεολογίας</span> <span class='ocrx_word' id='word_1_737' title='bbox 2631 4488 2944 4557; x_wconf 83' lang='grc' dir='ltr'>ἐπώνυμος,</span> <span class='ocrx_word' id='word_1_738' title='bbox 2973 4491 3074 4558; x_wconf 83' lang='grc' dir='ltr'>τὴν</span> <span class='ocrx_word' id='word_1_739' title='bbox 3107 4491 3235 4561; x_wconf 88' lang='grc' dir='ltr'>παρ’</span> <span class='ocrx_word' id='word_1_740' title='bbox 3265 4492 3430 4545; x_wconf 88' lang='grc' dir='ltr'>αὐτοῦ</span> <span class='ocrx_word' id='word_1_741' title='bbox 3462 4496 3765 4563; x_wconf 83' lang='grc' dir='ltr'>γενομένην</span> 
     </span>
    </p>
   </div>
   <div class='ocr_carea' id='block_1_102' title="bbox 2185 4579 3766 4661">
    <p class='ocr_par' dir='ltr' id='par_1_102' title="bbox 2185 4579 3766 4661">
     <span class='ocr_line' id='line_1_103' title="bbox 2185 4579 3766 4661; baseline 0.009 -30"><span class='ocrx_word' id='word_1_742' title='bbox 2185 4579 2547 4651; x_wconf 76' lang='grc' dir='ltr'>συγκρότησιν</span> <span class='ocrx_word' id='word_1_743' title='bbox 2587 4582 2665 4651; x_wconf 84' lang='grc' dir='ltr'>τῷ</span> <span class='ocrx_word' id='word_1_744' title='bbox 2705 4584 2878 4653; x_wconf 77' lang='grc' dir='ltr'>Πατρὶ</span> <span class='ocrx_word' id='word_1_745' title='bbox 2904 4587 3061 4656; x_wconf 84' lang='grc' dir='ltr'>ἡμῶν</span> <span class='ocrx_word' id='word_1_746' title='bbox 3098 4588 3402 4660; x_wconf 83' lang='grc' dir='ltr'>Ἀθανασίῳ</span> <span class='ocrx_word' id='word_1_747' title='bbox 3429 4590 3766 4661; x_wconf 83' lang='grc' dir='ltr'>συνίστησιν.</span> 
     </span>
    </p>
   </div>
   <div class='ocr_carea' id='block_1_103' title="bbox 2195 4670 3770 4749">
    <p class='ocr_par' dir='ltr' id='par_1_103' title="bbox 2195 4670 3770 4749">
     <span class='ocr_line' id='line_1_104' title="bbox 2195 4670 3770 4749; baseline 0.01 -28"><span class='ocrx_word' id='word_1_748' title='bbox 2195 4670 2256 4722; x_wconf 81' lang='lat'><strong>&#39;0</strong></span> <span class='ocrx_word' id='word_1_749' title='bbox 2286 4671 2340 4722; x_wconf 85' lang='grc' dir='ltr'><strong>δέ</strong></span> <span class='ocrx_word' id='word_1_750' title='bbox 2409 4671 2663 4739; x_wconf 88' lang='grc' dir='ltr'>μέγιστος</span> <span class='ocrx_word' id='word_1_751' title='bbox 2703 4675 2957 4743; x_wconf 81' lang='grc' dir='ltr'>Μάξιμος</span> <span class='ocrx_word' id='word_1_752' title='bbox 2998 4677 3133 4744; x_wconf 68' lang='grc' dir='ltr'>πρὸς</span> <span class='ocrx_word' id='word_1_753' title='bbox 3175 4679 3395 4749; x_wconf 75' lang='grc' dir='ltr'>Πύρρον</span> <span class='ocrx_word' id='word_1_754' title='bbox 3432 4683 3770 4736; x_wconf 74' lang='grc' dir='ltr'>ἐπιστέλλων</span> 
     </span>
    </p>
   </div>
   <div class='ocr_carea' id='block_1_104' title="bbox 2185 4759 3768 4845">
    <p class='ocr_par' dir='ltr' id='par_1_104' title="bbox 2185 4759 3768 4845">
     <span class='ocr_line' id='line_1_105' title="bbox 2185 4759 3768 4845; baseline 0.007 -31"><span class='ocrx_word' id='word_1_755' title='bbox 2185 4762 2574 4834; x_wconf 84' lang='grc' dir='ltr'>πρεσϐύτερον,</span> <span class='ocrx_word' id='word_1_756' title='bbox 2617 4766 2764 4817; x_wconf 82' lang='grc' dir='ltr'>ἔστιν</span> <span class='ocrx_word' id='word_1_757' title='bbox 2810 4759 2872 4819; x_wconf 78' lang='grc' dir='ltr'>οὗ</span> <span class='ocrx_word' id='word_1_758' title='bbox 2913 4785 3046 4840; x_wconf 82' lang='grc' dir='ltr'>φησι</span> <span class='ocrx_word' id='word_1_759' title='bbox 3078 4771 3175 4840; x_wconf 82' lang='grc' dir='ltr'><strong>τῆς</strong></span> <span class='ocrx_word' id='word_1_760' title='bbox 3220 4772 3538 4844; x_wconf 79' lang='grc' dir='ltr'>ἐπιστολῆς,</span> <span class='ocrx_word' id='word_1_761' title='bbox 3585 4793 3604 4825; x_wconf 76' lang='grc' dir='ltr'><strong>ι</strong></span> <span class='ocrx_word' id='word_1_762' title='bbox 3652 4777 3768 4845; x_wconf 84' lang='grc' dir='ltr'>Οὐχ</span> 
     </span>
    </p>
   </div>
   <div class='ocr_carea' id='block_1_105' title="bbox 2185 4855 3768 4933">
    <p class='ocr_par' dir='ltr' id='par_1_105' title="bbox 2185 4855 3768 4933">
     <span class='ocr_line' id='line_1_106' title="bbox 2185 4855 3768 4933; baseline 0.009 -27"><span class='ocrx_word' id='word_1_763' title='bbox 2185 4855 2376 4918; x_wconf 79' lang='grc' dir='ltr'>ἁπλῶς</span> <span class='ocrx_word' id='word_1_764' title='bbox 2424 4857 2530 4927; x_wconf 87' lang='grc' dir='ltr'><strong>γὰρ</strong></span> <span class='ocrx_word' id='word_1_765' title='bbox 2571 4859 2757 4924; x_wconf 82' lang='grc' dir='ltr'>φωνάς</span> <span class='ocrx_word' id='word_1_766' title='bbox 2795 4859 3047 4930; x_wconf 81' lang='grc' dir='ltr'>ἀσήμους</span> <span class='ocrx_word' id='word_1_767' title='bbox 3088 4862 3460 4933; x_wconf 74' lang='grc' dir='ltr'>προφέρομεν,</span> <span class='ocrx_word' id='word_1_768' title='bbox 3528 4864 3644 4918; x_wconf 82' lang='grc' dir='ltr'>ἀλλ’</span> <span class='ocrx_word' id='word_1_769' title='bbox 3679 4867 3768 4920; x_wconf 64' lang='lat' dir='ltr'><strong>tv-</strong></span> 
     </span>
    </p>
   </div>
   <div class='ocr_carea' id='block_1_106' title="bbox 2184 4937 3822 5026">
    <p class='ocr_par' dir='ltr' id='par_1_106' title="bbox 2184 4937 3822 5026">
     <span class='ocr_line' id='line_1_107' title="bbox 2184 4937 3822 5026; baseline 0.007 -26"><span class='ocrx_word' id='word_1_770' title='bbox 2184 4946 2334 5010; x_wconf 89' lang='grc' dir='ltr'>νοίας</span> <span class='ocrx_word' id='word_1_771' title='bbox 2387 4950 2508 5011; x_wconf 86' lang='grc' dir='ltr'>ταῖς</span> <span class='ocrx_word' id='word_1_772' title='bbox 2563 4952 2770 5017; x_wconf 79' lang='grc' dir='ltr'>φωναῖς</span> <span class='ocrx_word' id='word_1_773' title='bbox 2829 4951 3286 5025; x_wconf 86' lang='grc' dir='ltr'>διασημαίνομεν.</span> <span class='ocrx_word' id='word_1_774' title='bbox 3346 4955 3424 5008; x_wconf 83' lang='grc' dir='ltr'><strong>Δι’</strong></span> <span class='ocrx_word' id='word_1_775' title='bbox 3465 4957 3532 5026; x_wconf 79' lang='grc' dir='ltr'>ἢν</span> <span class='ocrx_word' id='word_1_776' title='bbox 3585 4958 3766 5010; x_wconf 80' lang='grc' dir='ltr'>αἰτίαν</span> <span class='ocrx_word' id='word_1_777' title='bbox 3819 4937 3822 4940; x_wconf 26' lang='grc' dir='ltr'><strong>Ι</strong></span> 
     </span>
    </p>
   </div>
   <div class='ocr_carea' id='block_1_107' title="bbox 2186 5038 3768 5120">
    <p class='ocr_par' dir='ltr' id='par_1_107' title="bbox 2186 5038 3768 5120">
     <span class='ocr_line' id='line_1_108' title="bbox 2186 5038 3768 5120; baseline 0.009 -30"><span class='ocrx_word' id='word_1_778' title='bbox 2186 5038 2369 5106; x_wconf 80' lang='grc' dir='ltr'>φωνάς</span> <span class='ocrx_word' id='word_1_779' title='bbox 2429 5041 2528 5110; x_wconf 84' lang='grc' dir='ltr'>μὲν</span> <span class='ocrx_word' id='word_1_780' title='bbox 2587 5041 2849 5106; x_wconf 79' lang='grc' dir='ltr'>πολλάκις</span> <span class='ocrx_word' id='word_1_781' title='bbox 2905 5047 3374 5117; x_wconf 86' lang='grc' dir='ltr'>παραχωροῦντας</span> <span class='ocrx_word' id='word_1_782' title='bbox 3425 5046 3584 5120; x_wconf 78' lang='grc' dir='ltr'>εὗρον</span> <span class='ocrx_word' id='word_1_783' title='bbox 3638 5052 3768 5116; x_wconf 83' lang='grc' dir='ltr'>τοὺς</span> 
     </span>
    </p>
   </div>
   <div class='ocr_carea' id='block_1_108' title="bbox 2187 5130 3764 5213">
    <p class='ocr_par' dir='ltr' id='par_1_108' title="bbox 2187 5130 3764 5213">
     <span class='ocr_line' id='line_1_109' title="bbox 2187 5130 3764 5213; baseline 0.01 -33"><span class='ocrx_word' id='word_1_784' title='bbox 2187 5130 2484 5200; x_wconf 84' lang='grc' dir='ltr'>θεηγόρους</span> <span class='ocrx_word' id='word_1_785' title='bbox 2527 5135 2778 5203; x_wconf 84' lang='grc' dir='ltr'>Πατέρας</span> <span class='ocrx_word' id='word_1_786' title='bbox 2806 5174 2820 5198; x_wconf 91' lang='grc'><strong>,</strong></span> <span class='ocrx_word' id='word_1_787' title='bbox 2871 5139 3082 5202; x_wconf 86' lang='grc' dir='ltr'>ἐννοίας</span> <span class='ocrx_word' id='word_1_788' title='bbox 3131 5139 3186 5191; x_wconf 85' lang='grc' dir='ltr'>δὲ</span> <span class='ocrx_word' id='word_1_789' title='bbox 3232 5141 3483 5212; x_wconf 84' lang='grc' dir='ltr'>οὐδαμῶς</span> <span class='ocrx_word' id='word_1_790' title='bbox 3510 5159 3523 5174; x_wconf 81' lang='grc'><em>’</em></span> <span class='ocrx_word' id='word_1_791' title='bbox 3562 5144 3644 5196; x_wconf 85' lang='grc' dir='ltr'>ὃτι</span> <span class='ocrx_word' id='word_1_792' title='bbox 3687 5145 3764 5213; x_wconf 79' lang='grc' dir='ltr'>μὴ</span> 
     </span>
    </p>
   </div>
   <div class='ocr_carea' id='block_1_109' title="bbox 2188 5220 3765 5304">
    <p class='ocr_par' dir='ltr' id='par_1_109' title="bbox 2188 5220 3765 5304">
     <span class='ocr_line' id='line_1_110' title="bbox 2188 5220 3765 5304; baseline 0.01 -34"><span class='ocrx_word' id='word_1_793' title='bbox 2188 5222 2247 5270; x_wconf 87' lang='grc' dir='ltr'><strong>ἐν</strong></span> <span class='ocrx_word' id='word_1_794' title='bbox 2288 5220 2600 5288; x_wconf 83' lang='grc' dir='ltr'>συλλαϐαῖς,</span> <span class='ocrx_word' id='word_1_795' title='bbox 2652 5226 2788 5280; x_wconf 70' lang='grc' dir='ltr'>ἀλλὰ</span> <span class='ocrx_word' id='word_1_796' title='bbox 2839 5229 3076 5298; x_wconf 82' lang='grc' dir='ltr'>νοήμασι</span> <span class='ocrx_word' id='word_1_797' title='bbox 3113 5246 3172 5282; x_wconf 87' lang='grc' dir='ltr'><strong>τε</strong></span> <span class='ocrx_word' id='word_1_798' title='bbox 3230 5235 3322 5285; x_wconf 83' lang='grc' dir='ltr'><strong>καί</strong></span> <span class='ocrx_word' id='word_1_799' title='bbox 3378 5239 3664 5304; x_wconf 55' lang='grc' dir='ltr'>πρὶγμασι</span> <span class='ocrx_word' id='word_1_800' title='bbox 3703 5235 3765 5286; x_wconf 83' lang='grc' dir='ltr'>τὸ</span> 
     </span>
    </p>
   </div>
   <div class='ocr_carea' id='block_1_110' title="bbox 2187 5316 3765 5396">
    <p class='ocr_par' dir='ltr' id='par_1_110' title="bbox 2187 5316 3765 5396">
     <span class='ocr_line' id='line_1_111' title="bbox 2187 5316 3765 5396; baseline 0.009 -30"><span class='ocrx_word' id='word_1_801' title='bbox 2187 5316 2284 5383; x_wconf 82' lang='grc' dir='ltr'>τῆς</span> <span class='ocrx_word' id='word_1_802' title='bbox 2327 5318 2599 5384; x_wconf 81' lang='grc' dir='ltr'>σωτηρίας</span> <span class='ocrx_word' id='word_1_803' title='bbox 2636 5317 2796 5386; x_wconf 79' lang='grc' dir='ltr'>ἡμῶν</span> <span class='ocrx_word' id='word_1_804' title='bbox 2838 5317 3075 5390; x_wconf 81' lang='grc' dir='ltr'>ὑπάρχει</span> <span class='ocrx_word' id='word_1_805' title='bbox 3140 5324 3465 5395; x_wconf 82' lang='grc' dir='ltr'>μυστήριον.</span> <span class='ocrx_word' id='word_1_806' title='bbox 3529 5326 3601 5377; x_wconf 83' lang='grc' dir='ltr'><strong>Τὸ</strong></span> <span class='ocrx_word' id='word_1_807' title='bbox 3660 5326 3765 5396; x_wconf 77' lang='grc' dir='ltr'><strong>μὲν</strong></span> 
     </span>
    </p>
   </div>
   <div class='ocr_carea' id='block_1_111' title="bbox 2188 5405 3764 5491">
    <p class='ocr_par' dir='ltr' id='par_1_111' title="bbox 2188 5405 3764 5491">
     <span class='ocr_line' id='line_1_112' title="bbox 2188 5405 3764 5491; baseline 0.013 -37"><span class='ocrx_word' id='word_1_808' title='bbox 2188 5405 2297 5474; x_wconf 85' lang='grc' dir='ltr'><strong>γάρ</strong></span> <span class='ocrx_word' id='word_1_809' title='bbox 2335 5407 2554 5460; x_wconf 77' lang='grc' dir='ltr'>ἐποίουν</span> <span class='ocrx_word' id='word_1_810' title='bbox 2594 5409 2816 5479; x_wconf 74' lang='grc' dir='ltr'>εἰρήνης</span> <span class='ocrx_word' id='word_1_811' title='bbox 2858 5412 3263 5482; x_wconf 78' lang='grc' dir='ltr'>φροντίζοντες,</span> <span class='ocrx_word' id='word_1_812' title='bbox 3293 5419 3353 5468; x_wconf 86' lang='grc' dir='ltr'><strong>τὸ</strong></span> <span class='ocrx_word' id='word_1_813' title='bbox 3382 5418 3439 5469; x_wconf 84' lang='grc' dir='ltr'>δὲ</span> <span class='ocrx_word' id='word_1_814' title='bbox 3477 5418 3661 5489; x_wconf 76' lang='grc' dir='ltr'>ψυχὰς</span> <span class='ocrx_word' id='word_1_815' title='bbox 3697 5423 3764 5491; x_wconf 78' lang='grc' dir='ltr'><strong>τῇ</strong></span> 
     </span>
    </p>
   </div>
   <div class='ocr_carea' id='block_1_112' title="bbox 2189 5497 3766 5580">
    <p class='ocr_par' dir='ltr' id='par_1_112' title="bbox 2189 5497 3766 5580">
     <span class='ocr_line' id='line_1_113' title="bbox 2189 5497 3766 5580; baseline 0.01 -31"><span class='ocrx_word' id='word_1_816' title='bbox 2189 5497 2418 5568; x_wconf 78' lang='grc' dir='ltr'>ἀληθείᾳ</span> <span class='ocrx_word' id='word_1_817' title='bbox 2457 5501 2827 5572; x_wconf 74' lang='grc' dir='ltr'>στηρίξοντες.</span> <span class='ocrx_word' id='word_1_818' title='bbox 2866 5520 2886 5554; x_wconf 75' lang='grc' dir='ltr'><strong>ι</strong></span> <span class='ocrx_word' id='word_1_819' title='bbox 2939 5503 3101 5558; x_wconf 80' lang='grc' dir='ltr'>Ἀλλά</span> <span class='ocrx_word' id='word_1_820' title='bbox 3143 5505 3254 5576; x_wconf 80' lang='grc' dir='ltr'>γὰρ</span> <span class='ocrx_word' id='word_1_821' title='bbox 3281 5509 3380 5578; x_wconf 77' lang='grc' dir='ltr'><strong>ὅρα</strong></span> <span class='ocrx_word' id='word_1_822' title='bbox 3410 5510 3645 5580; x_wconf 75' lang='grc' dir='ltr'>καθεξῆς</span> <span class='ocrx_word' id='word_1_823' title='bbox 3669 5514 3766 5566; x_wconf 74' lang='grc' dir='ltr'><strong>καὶ</strong></span> 
     </span>
    </p>
   </div>
   <div class='ocr_carea' id='block_1_113' title="bbox 2189 5592 3771 5666">
    <p class='ocr_par' dir='ltr' id='par_1_113' title="bbox 2189 5592 3771 5666">
     <span class='ocr_line' id='line_1_114' title="bbox 2189 5592 3771 5666; baseline 0.008 -23"><span class='ocrx_word' id='word_1_824' title='bbox 2189 5592 2354 5646; x_wconf 89' lang='grc' dir='ltr'>πάλιν</span> <span class='ocrx_word' id='word_1_825' title='bbox 2391 5593 2484 5645; x_wconf 78' lang='grc' dir='ltr'>τὸν</span> <span class='ocrx_word' id='word_1_826' title='bbox 2525 5596 2670 5664; x_wconf 83' lang='grc' dir='ltr'>ἱερὸν</span> <span class='ocrx_word' id='word_1_827' title='bbox 2711 5596 2808 5648; x_wconf 75' lang='grc' dir='ltr'>καὶ</span> <span class='ocrx_word' id='word_1_828' title='bbox 2846 5595 3024 5666; x_wconf 90' lang='grc' dir='ltr'>μέγαν</span> <span class='ocrx_word' id='word_1_829' title='bbox 3064 5597 3368 5666; x_wconf 88' lang='grc' dir='ltr'>Βασίλειον,</span> <span class='ocrx_word' id='word_1_830' title='bbox 3399 5602 3545 5665; x_wconf 83' lang='grc' dir='ltr'>ὅπως</span> <span class='ocrx_word' id='word_1_831' title='bbox 3575 5605 3669 5654; x_wconf 75' lang='grc' dir='ltr'>καὶ</span> <span class='ocrx_word' id='word_1_832' title='bbox 3710 5606 3771 5656; x_wconf 88' lang='grc' dir='ltr'>ἐν</span> 
     </span>
    </p>
   </div>
   <div class='ocr_carea' id='block_1_114' title="bbox 2190 5683 3766 5764">
    <p class='ocr_par' dir='ltr' id='par_1_114' title="bbox 2190 5683 3766 5764">
     <span class='ocr_line' id='line_1_115' title="bbox 2190 5683 3766 5764; baseline 0.006 -27"><span class='ocrx_word' id='word_1_833' title='bbox 2190 5683 2371 5748; x_wconf 74' lang='grc' dir='ltr'>ἄλλοις</span> <span class='ocrx_word' id='word_1_834' title='bbox 2411 5684 2574 5749; x_wconf 83' lang='grc' dir='ltr'>αὐτὸς</span> <span class='ocrx_word' id='word_1_835' title='bbox 2602 5687 2872 5756; x_wconf 81' lang='grc' dir='ltr'>σύμφωνα</span> <span class='ocrx_word' id='word_1_836' title='bbox 2911 5692 3024 5753; x_wconf 83' lang='grc' dir='ltr'>τοῖς</span> <span class='ocrx_word' id='word_1_837' title='bbox 3064 5691 3249 5753; x_wconf 88' lang='grc' dir='ltr'>αὐτοῖς</span> <span class='ocrx_word' id='word_1_838' title='bbox 3290 5693 3638 5764; x_wconf 66' lang='grc' dir='ltr'>συμμύσταις</span> <span class='ocrx_word' id='word_1_839' title='bbox 3670 5695 3766 5747; x_wconf 84' lang='grc' dir='ltr'><strong>τοῦ</strong></span> 
     </span>
    </p>
   </div>
   <div class='ocr_carea' id='block_1_115' title="bbox 2192 5777 3769 5851">
    <p class='ocr_par' dir='ltr' id='par_1_115' title="bbox 2192 5777 3769 5851">
     <span class='ocr_line' id='line_1_116' title="bbox 2192 5777 3769 5851; baseline 0.006 -21"><span class='ocrx_word' id='word_1_840' title='bbox 2192 5777 2509 5849; x_wconf 80' lang='grc' dir='ltr'>Πνεύματος</span> <span class='ocrx_word' id='word_1_841' title='bbox 2588 5778 2988 5851; x_wconf 69' lang='grc' dir='ltr'>πρεσϐυτέροις</span> <span class='ocrx_word' id='word_1_842' title='bbox 3066 5783 3401 5836; x_wconf 75' lang='grc' dir='ltr'>ἐπιστέλλων</span> <span class='ocrx_word' id='word_1_843' title='bbox 3475 5787 3769 5849; x_wconf 54' lang='grc' dir='ltr'>εἰρηνικῶς</span> 
     </span>
    </p>
   </div>
  </div>
