4058 6430
326 324 333 329 ’
379 357 452 424 37
1492 352 1590 415 DE
1633 349 1928 414 UNIONE
1972 346 2511 410 EtZCLESlAﬂUM
3598 350 3671 413 εδ

381 473 702 529 ὕτωτίθεται
740 470 872 525 τάδε
900 489 911 503 ·
973 472 1050 534 ῶς
1095 489 1112 523 ι
1149 467 1212 522 '0
1250 468 1441 545 καιρὸς
1481 469 1684 540 πολλὴν
1723 469 1838 539 ἔχει
1879 470 1964 538 ρο-

2074 466 2291 532 qttidem
2343 475 2430 519 est
2466 479 2592 519 cum
2657 463 3049 523 intelleximus.
3130 465 3441 526 Edilicatio
3491 478 3671 524 autem

381 567 496 637 πὴν
535 565 673 636 πρὸς
729 553 1120 635 καταστροφὴν
1147 561 1259 617 τῶν
1296 561 1659 631 Ἐκκλησιῶν,
1693 562 1789 615 καὶ
1816 561 1977 615 τοῦτο

380 658 556 712 πολὺν
594 658 791 727 εχομεν
828 657 933 726 ήδη
989 654 1205 726 χρόνον,
1241 654 1303 720 ἐξ
1349 647 1410 708 οῦ
1451 652 1972 724 καταμανθάνομεν.

382 749 663 820 οἰκοδομὴ
699 748 753 800 δὲ
788 746 1142 818 Ἐκκλησιας.
1170 747 1264 800 καὶ
1295 744 1632 816 σφαλμάτων
1658 743 1971 815 διόρθωσις,

381 842 480 896 καὶ
520 840 844 912 συμπάθεια
882 841 985 911 μὲν
1039 840 1177 911 πρὸς
1207 840 1337 904 τοὺς
1366 837 1758 900 ἀσθενοῦντας,
1799 836 1973 907 ὑπερ-

376 934 667 1002 ασπισμδς
718 933 778 987 δὲ
830 933 972 1002 πρὸς
1029 932 1158 994 τοὺς
1197 931 1547 1001 ὑγιαίνοντας
1585 930 1694 984 τῶν
1728 929 1973 999 ἀδελφῶν

376 1026 506 1080 οὐδὲ
546 1022 651 1088 εἷς.
715 1023 841 1079 ἀλλ’Δ
870 1023 999 1078 οὔτε
1038 1025 1321 1096 βοήθημα,
1361 1025 1396 1097 ἢ
1438 1023 1835 1170 θεραγξῧυτικδν
1873 1021 1977 1091 τῆς

377 1116 883 1170 ποοκατασνούσης
921 1117 1078 1170 νόσου
1118 1115 1151 1170 ἢ
1195 1117 1607 1170 ποοσυλακτικὸ
1669 1116 1772 1170 τῆς
1801 1131 1976 1170 ποοτ-

377 1116 883 1189 προκατασχούσης
921 1117 1078 1171 νόσου
1118 1115 1152 1188 ἢ
1195 1115 1651 1187 προφυλακτικὸθ
1669 1116 1772 1185 τῆς
1801 1131 1976 1186 προσ-

374 1206 703 1277 δοκωμένης
760 1205 939 1262 οὐδέν.
994 1206 1105 1260 Καὶ
1154 1206 1293 1270 ὅλως
1347 1205 1495 1259 ἔοικε
1531 1205 1725 1260 λοιπὸν
1784 1206 1819 1276 ἡ
1872 1207 1973 1277 τῆς

388 1297 727 1367 Ἐκκλησίας
762 1299 1131 1362 κατάστασις,
1173 1296 1261 1350 ἵνα
1290 1297 1520 1368 ὲναργεῖ
1552 1297 1850 1368 χρήσωμαι
1894 1297 1975 1368 τῷ

380 1389 774 1460 ὑποδείγματι,
812 1388 920 1443 κᾶν
958 1389 1343 1457 εὐτελέστερον
1375 1384 1518 1442 εἶναι
1557 1389 1725 1454 δοκεῖ,
1768 1390 1973 1460 ίματίῳ

377 1476 606 1545 παλαιῷ
648 1477 755 1529 ὑπὸ
790 1475 896 1545 τῆς
945 1477 1221 1546 τυχούσης
1265 1478 1597 1545 προφάσεως
1632 1478 1832 1548 ῥᾳδίως
1871 1497 1975 1532 κα-

379 1568 854 1640 ταρῤηγνυμένῳ,
893 1567 922 1620 ὅ
951 1569 1087 1638 πρὸς
1116 1568 1216 1638 τὴν
1255 1568 1315 1632 ἐξ
1352 1564 1714 1639 ἀρχῆςίσχὺν
1741 1572 1976 1624 ἐπανελ-

382 1659 497 1712 θεῖν
559 1658 726 1712 πάλιν
784 1659 1065 1714 ἀδυνατεῖ.
1118 1660 1208 1723 Ὠς
1266 1660 1359 1713 οῦν
1401 1661 1459 1711 ὲν
1502 1661 1682 1732 καιρῷ
1741 1662 1973 1735 τοιούτῳ

393 1752 630 1821 μεγάλης
683 1751 847 1821 χρεία
898 1753 999 1821 τῆς
1041 1751 1303 1821 σπουδῆς,
1349 1753 1444 1806 καὶ
1485 1754 1685 1823 πολλῆς
1714 1754 1815 1824 τῆς
1846 1757 1971 1809 ἐπι-

2077 555 2135 610 Εε
2158 554 2360 615 etesiae.
2404 564 2714 610 erratorum
2752 557 3042 622 correctio,
3074 573 3204 629 erga
3251 558 3466 621 fratres.
3505 561 3551 616 si
3588 561 3673 615 in-

2077 647 2349 702 firmiores
2420 659 2589 712 sunt,
2646 663 2950 705 consensus
3005 651 3228 721 quidam
3316 651 3678 709 humanitatis

2076 738 2290 806 plenus,
2348 739 2392 793 si
2472 747 2617 795 recte
2692 740 2961 806 valeant,
3022 743 3384 812 propugnatio
3432 743 3674 812 ipsorum

2075 831 2294 892 salutis,
2357 831 2517 899 plane
2578 831 2748 895 nulla,
2804 846 2870 887 ac
2919 847 2988 887 ne
3022 834 3361 902 praesidium
3421 835 3673 906 quidem.

2075 922 2218 989 quod
2274 930 2371 976 aut
2426 932 2749 990 praesentem
2801 924 3057 980 morbum
3119 942 3320 983 curare
3352 939 3541 998 queat,
3577 938 3675 985 aut

2077 1012 2485 1081 impendentem
2546 1015 2890 1085 propulsare.
2931 1016 3280 1091 Omninoque
3332 1022 3529 1078 similis
3558 1024 3674 1095 jam

2081 1115 2167 1160 est
2200 1103 2462 1161 Ecclesiae
2496 1116 2694 1175 status,
2743 1116 2802 1164 ut
2844 1109 3209 1167 similitudine
3240 1125 3386 1179 utar,
3417 1118 3676 1188 quamvis

2077 1196 2242 1251 vilior
2282 1198 2455 1253 videri
2505 1201 2707 1270 possit,
2755 1201 2996 1257 evidenti
3049 1212 3253 1271 tamen,
3307 1210 3477 1263 veteri
3509 1213 3676 1266 vesti—

2078 1296 2287 1353 mento,
2346 1290 2493 1359 quod
2548 1292 2631 1345 vel
2685 1292 2788 1348 levi
2832 1294 2900 1349 de
2927 1310 3095 1350 causa
3138 1296 3295 1353 facile
3320 1300 3675 1370 discinditur,

2084 1378 2374 1446 pristinam
2412 1394 2542 1433 vero
2575 1381 2909 1437 soliditatem
2938 1400 3264 1455 recuperare
3305 1390 3458 1444 nullo
3513 1403 3679 1461 pacto

2078 1476 2284 1538 potest.
2310 1467 2502 1541 Igitur)
2532 1472 2585 1525 in
2648 1475 2740 1528 tali
2787 1484 3051 1545 tempore,
3119 1494 3379 1551 magnum
3431 1486 3676 1540 Studium

2078 1574 2385 1630 magnaque
2415 1562 2700 1631 diligentia
2743 1580 2880 1635 Oplls
2925 1578 3009 1624 est
3045 1569 3099 1624 in
3137 1574 3463 1640 quibusdam
3498 1575 3681 1633 Eccle-

2079 1650 2176 1705 siis
2234 1651 2549 1720 juvandis:
2597 1656 2938 1722 juvahtttttur
3000 1670 3206 1725 autem,
3260 1664 3307 1717 si
3361 1680 3484 1734 qua:
3529 1683 3678 1723 nunc

2077 1741 2289 1797 divulsa
2329 1756 2480 1805 sunt,
2533 1746 2942 1817 conjungautttr
2976 1768 2991 1816 ;
3028 1752 3449 1824 conjuttgentttt',
3480 1758 3526 1813 si
3551 1761 3676 1829 qui-

398 1842 613 1912 μελείας
640 1845 1076 1915 εὐεργετηθῆνᾳί
1105 1862 1156 1898 τι
1184 1846 1279 1913 τῆς
1319 1846 1676 1918 Ἐκκλησίας.
1727 1848 1971 1919 Εὐεργε-

2079 1832 2181 1888 bus
2209 1833 2264 1887 in
2307 1835 2471 1889 rebus
2510 1838 2721 1893 nullum
2771 1842 3066 1897 animabus
3092 1844 3482 1902 detrimentum
3542 1824 3677 1906 σθε-

392 1933 484 1986 σία
539 1933 598 1987 δέ
662 1936 814 1988 ἐστιν
867 1936 1142 2007 ἐνωθῆναι
1214 1939 1287 1991 τὰ
1360 1938 1499 2003 τέως
1568 1938 1971 2011 διεσπαρμένα.

387 2025 618 2089 Ἐνωσις
644 2026 690 2080 δ’
725 2027 794 2082 ἄν
821 2029 1056 2097 γένοιτο,
1090 2031 1138 2083 εί
1167 2029 1592 2103 βουληθείημεν,
1634 2035 1693 2086 ὲν
1741 2031 1824 2098 οἷς
1862 2053 1972 2107 μη-

380 2119 474 2172 δὲν
520 2118 841 2190 βλάπτομεν
888 2122 989 2184 τὰς
1039 2121 1220 2191 ψυχὰς
1270 2127 1810 2197 συμπεριενεχθῆναι
1861 2131 1974 2192 τοῖς

376 2210 818 2284 ἀσθενεστέροις.
862 2214 1020 2268 Ἐπεὶ
1064 2210 1161 2268 οὖν
1208 2216 1387 2278 πολλὰ
1434 2219 1682 2288 στόματα
1723 2219 1973 2290 ἧνοικται

376 2305 522 2358 κατά
547 2303 644 2358 τοῦ
677 2304 1000 2376 Πνεῦματος
1030 2305 1127 2361 τοῦ
1160 2308 1342 2376 ἁγίου,
1375 2310 1471 2363 καὶ
1501 2310 1700 2365 πολλαὶ
1727 2312 1972 2381 γλῶσσαι

374 2396 463 2459 είς
518 2396 622 2467 τὴν
678 2397 803 2451 κατ’
845 2398 1011 2452 αὑτοῦ
1063 2398 1441 2472 βλασφημίαν,
1490 2402 1753 2472 ἀξιοῦμεν
1797 2407 1971 2475 ἡμᾶς,

373 2488 505 2541 ὅσον
532 2489 687 2541 ἐστὶν
716 2487 803 2558 ἐφ’
833 2491 991 2561 ἡμῖν,
1023 2493 1104 2553 είς
1137 2490 1319 2560 ὀλίγον
1352 2489 1589 2562 ἀριθμὸν
1642 2495 1975 2563 περιστῆναι

373 2581 511 2643 τοὺς
548 2580 1036 2651 βλασφημοῦντας,
1067 2584 1162 2636 καὶ
1192 2583 1319 2646 τοὺς
1357 2584 1434 2654 μὴ
1470 2583 1728 2653 λέγοντας
1764 2584 1974 2655 κτίσμα

373 2673 440 2727 τὸ
472 2673 704 2741 Πνεῦμα
754 2676 818 2727 τδ
866 2674 1026 2742 ἅγιον
1078 2675 1337 2744 δέχεσθαι
1383 2677 1473 2749 είς,
1512 2677 1826 2745 κοινωνίαν,
1886 2677 1974 2731 ἵνα

378 2766 542 2834 μόνοι
596 2764 1042 2836 καταλειφθῶσιν
1097 2766 1147 2819 οί
1208 2766 1545 2839 βλάσφημοι.
1606 2787 1625 2821 ι
1667 2770 1778 2822 Καὶ
1833 2769 1977 2842 μετά

371 2876 505 2912 τινα
532 2873 547 2888 ·
578 2878 599 2912 ι
633 2861 818 2932 Μηδὲν
843 2860 1030 2914 τοίνυν
1061 2859 1225 2914 πλέον
1260 2861 1637 2932 ὲπιζητῶμεν,
1670 2860 1806 2914 ἀλλὰ
1836 2879 1976 2932 προ,⁸

371 2949 690 3020 τεινῶμεθα
719 2954 833 3014 τοῖς
859 2952 1214 3022 βουλομένοις
1239 2954 1377 3024 ημῖν
1409 2953 1781 3007 συνάπτεσθαι
1818 2954 1975 3008 ἀδελ-

375 3046 504 3112 φοῖς
535 3046 641 3113 τὴν
671 3046 730 3098 ὲν
756 3045 968 3116 Νικαίᾳ
1003 3045 1188 3099 πίστιν
1212 3061 1229 3079 ⁶
1269 3046 1375 3101 κᾶν
1403 3047 1607 3099 ἐκεῖνοι
1641 3046 1972 3113 σύνθωνται,

2076 1928 2273 1992 rimus,
2307 1930 2643 1985 voluerimus
2706 1947 2804 1988 nos
2833 1935 3228 1992 infirmioribus
3257 1942 3676 1999 accommodare

2074 2026 2130 2072 et
2182 2019 2436 2090 obsequi.
2489 2021 2762 2087 Quoniam
2816 2026 2983 2094 igitur
3040 2029 3339 2084 multorum
3396 2048 3492 2087 ora
3545 2049 3673 2090 sese

2075 2109 2341 2166 adversus
2414 2111 2679 2182 Spiritum
2738 2128 2989 2171 sanctum
3054 2132 3407 2189 aperuerunt,
3466 2127 3670 2180 multo-

2073 2218 2308 2273 rumque
2361 2202 2562 2275 linguae
2596 2207 2661 2260 ad
2715 2206 3033 2276 jacieudum
3107 2213 3161 2266 in
3223 2214 3374 2268 illum
3415 2216 3670 2285 hlaspbe-
3702 2246 3715 2252 ν

2080 2294 2222 2348 mias
2262 2310 2321 2349 se
2355 2306 2648 2364 acuerunt,
2679 2300 2947 2369 optimum
2980 2300 3123 2357 factu
3156 2319 3279 2360 esse
3309 2306 3581 2374 ducimus,
3613 2319 3674 2365 ut

2075 2398 2338 2455 quantum
2386 2388 2440 2442 in
2499 2391 2653 2446 vobis
2698 2401 2807 2457 est,
2869 2393 3317 2463 blasphemorum
3378 2417 3670 2458 numerum

2076 2478 2356 2543 minuatis,
2406 2489 2460 2533 et
2506 2481 2572 2534 ad
2622 2497 2831 2551 paucos
2888 2486 3150 2554 redigatis
3180 2506 3194 2543 :
3225 2501 3391 2561 atque
3424 2509 3541 2559 eos,
3578 2497 3674 2565 qui

2078 2567 2340 2640 Spiritum
2383 2582 2635 2626 sanctum
2664 2586 2978 2630 creaturam
3013 2594 3136 2634 esse
3166 2593 3389 2653 negant,
3433 2585 3486 2639 in
3522 2602 3675 2642 com-

2075 2663 2389 2717 munionem
2452 2666 2747 2743 recipiatjs,
2807 2678 2866 2724 ut
2932 2671 3034 2726 soli
3093 2675 3476 2746 relinquantur
3522 2682 3674 2736 blas-

2079 2753 2318 2821 phemia
2368 2754 2433 2809 Et
2479 2766 2601 2826 post
2635 2775 2805 2827 pauca
2838 2780 2853 2816 :
2883 2780 2902 2814 ι
2939 2761 3083 2835 Ergo
3114 2766 3247 2820 nihil
3277 2768 3415 2823 ultra
3458 2787 3675 2840 quaera-

2081 2860 2226 2910 mus,
2262 2849 2355 2901 sed
2386 2848 2672 2915 fratribus,
2706 2853 2798 2922 qui
2824 2854 3110 2912 nobiscum
3159 2859 3309 2915 coire
3351 2865 3672 2920 societatem

2074 2937 2290 3005 volunt,
2345 2941 2528 3006 (item,
2574 2960 2698 3014 qua:
2751 2943 2949 3003 Nicaeae
2998 2950 3209 3007 sancita
3236 2963 3356 3021 est,
3400 2972 3677 3028 propona-

2075 3043 2221 3095 mus,
2260 3046 2324 3085 ac
2369 3032 2414 3087 si
2454 3035 2507 3088 in
2544 3051 2608 3090 ea
2663 3041 3013 3105 conveniant,
3056 3042 3191 3099 illud
3227 3061 3445 3117 quoque
3482 3050 3675 3121 exiga-

376 3134 757 3205 δπερωτῶμεν
802 3134 900 3189 καὶ
950 3136 1015 3189 τὸ
1073 3135 1152 3208 μὴ
1197 3136 1310 3190 δεῖν
1362 3136 1620 3203 λέγεσθαι
1669 3138 1880 3209 κτίσμα
1911 3139 1971 3193 τὸ

2077 3139 2224 3189 mus,
2283 3123 2546 3195 Spiritum
2617 3141 2870 3186 sanctum
2949 3148 3129 3204 neque
3181 3150 3490 3194 creaturam
3563 3144 3673 3200 dici

373 3225 611 3295 Πνεῦμα
660 3226 721 3280 τὺ
766 3229 948 3295 ἅγιον,
1001 3228 1135 3300 μηδὲ
1184 3229 1542 3294 κοινωνικοὺς
1598 3230 1780 3285 αὐτῶν
1828 3228 1971 3285 εἶναι

371 3320 507 3382 τοὺς
538 3318 825 3387 λέγοντας.
882 3318 1035 3391 Πέρα
1070 3320 1129 3373 δὲ
1174 3320 1383 3374 τούτων
1410 3319 1549 3386 ἀξιῶ
1581 3322 1749 3393 μηδὲν
1777 3322 1972 3395 ἐπιζη-

372 3414 594 3465 τεῖσθαι
625 3411 758 3483 παρ’
794 3413 976 3483 ήμῶν.
1017 3414 1331 3483 Πέπεισμαι
1360 3414 1475 3485 γὰρ
1499 3414 1582 3467 ὅτι
1617 3418 1684 3487 τῇ
1738 3433 1973 3487 χρονιω-

373 3507 514 3576 τέρᾳ
542 3506 919 3578 συνδιαγωγῇ,
951 3509 1047 3561 καὶ
1081 3509 1151 3579 τῇ
1185 3507 1524 3578 ἀφιλονείκῳ
1557 3509 1968 3581 συγγυμνασίᾳ,

373 3599 474 3650 καὶ
503 3597 559 3651 εί
586 3614 640 3650 τι
670 3598 780 3651 δέει
813 3599 980 3652 πλέον
1014 3592 1389 3668 προστεθῆναι
1424 3599 1506 3661 εἰς
1538 3599 1836 3668 τράνωσιν,
1864 3601 1970 3653 δώ-

373 3709 464 3747 σει
515 3697 547 3747 ό
601 3694 807 3764 Κύριος
855 3697 885 3749 ό
931 3696 1113 3749 πάντα
1160 3694 1443 3764 συνεργῶν
1478 3695 1558 3759 είς
1591 3696 1799 3763 ἀγαθὸν
1853 3696 1970 3759 τοῖς

372 3786 672 3855 ἀγαπῶσιν
704 3788 896 3843 αὐτόν.
928 3806 949 3841 ι
984 3787 1207 3859 Συνῳδά
1234 3787 1412 3858 τούτῳ
1447 3789 1542 3840 καὶ
1577 3790 1606 3842 ό
1636 3788 1779 3861 θεῖος
1811 3784 1970 3853 αὖθις

373 3881 729 3950 γνωματεύει
764 3881 1094 3952 Γρηγόριος,
1127 3880 1184 3933 ἐν
1218 3896 1281 3949 γε
1306 3879 1383 3949 τῷ
1420 3882 1625 3950 πρώτῳ
1655 3880 1765 3932 τῶν
1798 3880 1969 3933 αὐτοῦ

373 3972 714 4043 Εἱρηνικῶν,
763 3973 895 4026 ἔνθα
943 3972 1003 4041 ἐξ
1042 3973 1228 4028 αὐτῶν
1282 3972 1592 4043 προοιμίων
1651 3971 1794 4024 οὕτω
1852 3988 1970 4035 πως

374 4064 607 4136 ἆρχεται
633 4080 647 4095 ·
702 4081 723 4116 ι
764 4064 900 4119 Adet.
937 4081 1031 4134 μοι
1058 4064 1162 4135 τὴν
1191 4062 1447 4133 γλῶσσαν
1478 4064 1510 4130 ἡ
1538 4064 1845 4134 προθυμία,
1873 4064 1971 4118 καὶ

375 4156 703 4227 περιφρονῶ
734 4156 829 4209 τὸν
859 4154 1211 4228 ἀνθρώπινον
1243 4157 1409 4226 νόμον
1440 4155 1533 4210 διὰ
1557 4156 1650 4209 τὸν
1682 4157 1846 4225 νόμον
1871 4156 1968 4211 τοῦ

374 4246 740 4318 ιΙνεύματοςο
772 4245 901 4301 οὔτε
951 4248 1293 4318 νωθέστερον
1330 4243 1475 4301 εἶναι
1504 4248 1682 4315 λέγων
1731 4249 1827 4303 τοῦ
1868 4265 1966 4319 με-

342 4320 531 4409 ἰρίου
585 4338 778 4405 καλὸν,
813 4337 941 4392 οὔτε
978 4338 1338 4411 θερμότερον,
1391 4339 1467 4401 ῶς
1517 4339 1550 4409 ἢ
1588 4339 1658 4392 δι’
1708 4340 1968 4394 εὐκολίαν

375 4429 513 4481 πᾶσι
537 4427 939 4499 συμφέρεσθαι,
973 4427 1000 4500 ἢ
1026 4429 1093 4482 δι’
1109 4428 1339 4495 ἀταξίαν
1368 4429 1589 4482 πάντων
1612 4429 1968 4484 ἀποστατεῖν.

2075 3227 2353 3287 Oportere,
2390 3237 2566 3291 neque
2595 3238 2714 3289 eos,
2741 3227 2835 3296 qui
2868 3227 3079 3295 dit-unt,
3125 3230 3181 3285 in
3224 3235 3671 3292 communionem

2075 3314 2210 3384 ipsis
2239 3331 2362 3373 esse
2402 3321 2771 3389 recipiendos.
2794 3321 2939 3378 Nihil
2968 3326 3114 3381 aliud
3138 3335 3241 3392 est,
3271 3331 3417 3399 quod
3444 3341 3674 3400 praeter-

2073 3421 2136 3460 ea
2218 3410 2381 3467 nobis
2436 3411 2821 3483 inquirendum
2876 3433 3155 3474 censeam.
3214 3418 3470 3478 Persuasi
3522 3438 3670 3479 entm

2054 3498 2230 3565 ‘mihi,
2278 3502 2323 3556 si
2363 3505 2497 3574 quid
2526 3508 2690 3562 etiam
2723 3519 2826 3575 est,
2858 3512 3041 3580 quoad
3104 3513 3422 3583 ampliorem
3453 3516 3677 3572 eviden-

2071 3590 2203 3644 tiam
2233 3595 2419 3650 atidito
2456 3612 2598 3667 opus
2626 3598 2720 3665 sit,
2749 3602 2799 3653 itl
2844 3601 3115 3674 frequenti
3150 3605 3454 3672 rollationi,
3508 3608 3674 3663 mini-

2071 3700 2284 3755 maeque
2333 3691 2692 3747 contentiosm
2746 3692 2889 3749 inter
2943 3711 3043 3751 nos
3102 3700 3484 3754 exercitationi
3512 3699 3672 3755 datu-

2072 3792 2191 3830 rum
2224 3793 2344 3832 esse
2375 3778 2692 3849 Dominum,
2726 3787 2819 3854 qui
2857 3786 3035 3854 ipsum
3070 3788 3429 3857 diligentibus
3483 3792 3669 3845 omnia

2070 3876 2396 3935 cooperatttr
2443 3870 2499 3923 in
2555 3872 2781 3926 bonum.
2815 3891 2833 3924 υ
2877 3872 3018 3928 Huic
3053 3889 3298 3931 consona
3345 3886 3401 3931 et
3447 3877 3669 3932 divinus

2069 3958 2232 4028 plane
2259 3958 2555 4031 Gregorius
2580 3967 2885 4034 praescribit
2908 3971 3081 4038 prima
3111 3971 3363 4024 oratione
3405 3970 3473 4024 de
3510 3985 3667 4041 pace,

2069 4058 2125 4113 iu
2171 4068 2279 4124 qua
2326 4055 2447 4125 ipso
2483 4060 2666 4111 statim
2711 4060 2981 4128 prommio
3013 4061 3313 4122 exorditur,
3359 4059 3666 4131 tLinguam

2071 4167 2247 4206 meam
2283 4151 2750 4215 solvitalacritas,
2789 4152 3073 4223 legemque
3116 4155 3409 4207 humanam
3444 4160 3669 4224 prapter

2075 4243 2318 4314 Spiritus
2349 4244 2523 4314 legem
2551 4254 2872 4312 contemno,
2916 4262 3017 4301 nec
3044 4247 3375 4316 segniorem,
3402 4245 3667 4314 inquiens,

2070 4349 2403 4406 quemquam
2432 4350 2556 4392 esse
2584 4336 2803 4400 debere,
2830 4352 2995 4405 quam
3029 4351 3126 4405 par
3176 4337 3271 4397 sit.
3304 4352 3403 4391 uec
3446 4336 3664 4390 ferven-

2073 4431 2269 4481 tiorem
2302 4444 2316 4481 :
2352 4427 2425 4481 ita
2463 4439 2521 4481 ut
2545 4429 2627 4483 vel
2652 4428 2723 4481 ob
2754 4428 3032 4482 levitatem
3067 4428 3135 4483 ad
3172 4443 3366 4483 omnes
3394 4444 3453 4483 se
3479 4444 3671 4499 aggre-

379 4517 624 4589 Ὀμοίως
657 4524 770 4591 γὰρ
817 4522 915 4575 καὶ
942 4522 1005 4574 τδ
1040 4520 1205 4582 νωθὲς
1239 4522 1546 4592 ἄπρακτον,
1578 4521 1673 4573 καὶ
1706 4522 1766 4573 τὸ
1818 4520 1968 4574 εὐκί-

2074 4529 2183 4591 get,
2209 4520 2295 4574 vel
2333 4520 2402 4574 ob
2431 4521 2798 4575 temeritatem
2840 4529 2895 4576 et
2940 4521 3288 4575 insolentiam
3315 4521 3386 4574 ab
3410 4522 3668 4576 onmibus

374 4629 537 4683 ιητον
583 4613 977 4685 ἀκοινώνητον.
1020 4612 1164 4668 Ἀλλ’
1191 4608 1254 4669 οὗ
1287 4613 1390 4684 μὲν
1425 4613 1491 4666 ἂν
1610 4611 1852 4683 πρόδηλα
1896 4613 1967 4667 τὰ

375 4707 473 4777 τῆς
519 4707 830 4775 εὐσεϐείας,
875 4708 973 4761 καὶ
999 4707 1156 4778 πυρὶ,
1189 4708 1286 4759 καὶ
1323 4707 1554 4777 σιδήρῳ,
1597 4706 1694 4759 καὶ
1729 4707 1967 4775 καιροῖς,

376 4806 467 4856 ita!
499 4800 818 4866 δυνάσταις,
855 4800 952 4853 καὶ
985 4802 1121 4854 πᾶσι
1148 4799 1419 4871 πρότερον
1459 4799 1627 4868 ὁμόσε
1682 4798 1966 4869 χωρητέον

376 4892 405 4965 η
435 4895 542 4965 τῆς
580 4891 766 4963 ζύμης
795 4891 1093 4962 μεθεκτέον
1123 4891 1223 4961 τῆς
1252 4889 1522 4959 πονηρᾶς,
1561 4890 1655 4941 καὶ
1685 4903 1968 4957 συγκατα-

376 4989 563 5041 θετέον
617 4989 734 5050 τοῖς
790 4983 979 5048 κακῶς
1028 4983 1245 5054 ἔχουσιν
1272 4996 1288 5013 ⁸
1326 4975 1389 5034 οὗ
1420 4980 1477 5033 δὲ
1507 4980 1569 5031 τὸ
1597 4978 1805 5032 λυποῦν
1830 4978 1966 5062 ὑπότ

378 5099 495 5137 tota.
524 5081 626 5136 xui.
656 5079 824 5149 φόϐος
872 5076 1260 5145 ἀνεξέταστος,
1312 5074 1523 5145 βέλτιον
1549 5071 1645 5125 τοῦ
1678 5071 1877 5141 τάχους
1930 5073 1963 5140 ἡ

376 5175 740 5247 μακροθυμία
789 5174 885 5228 καὶ
941 5171 1044 5243 τῆς
1097 5168 1389 5231 αὐθαδείας
1441 5168 1477 5239 ὴ
1530 5164 1963 5234 συγκατάσασις.

376 5273 486 5327 Καὶ
538 5268 725 5340 πολλῷ
778 5269 1034 5339 κρεῖττον
1100 5264 1196 5318 καὶ
1245 5261 1718 5331 λυσιτελέστερον,
1773 5261 1830 5313 έν
1889 5257 1968 5328 τῷ

370 5361 545 5435 κοινῷ
574 5362 792 5430 σώματι
849 5359 1137 5431 μένοντας,
1169 5351 1525 5424 καταρτίζειν
1553 5351 1843 5431 ἀλλήλους,
1889 5350 1967 5413 ῶς

373 5456 626 5527 ansam
679 5453 820 5524 μέλη
866 5443 1393 5519 καταρτίζεσθαι,ἢ
1454 5442 1832 5512 καταγνόντας
1880 5441 1969 5494 διὰ

373 5552 470 5617 τῆς
518 5548 907 5610 ἀποστάσεως,
967 5542 1062 5596 καὶ
1110 5540 1173 5593 τδ
1220 5536 1539 5604 ἀξιόπιστον
1569 5534 1648 5606 τῷ
1696 5533 1968 5607 χωρισμῷ

372 5643 670 5707 λύσαντας,
694 5637 895 5703 ἔπειτα
925 5635 986 5701 ἐξ
1017 5633 1400 5704 ἐπιτάγματος
1426 5630 1615 5700 ὥσπερ
1638 5628 1967 5699 τυράννους,
1992 5629 2011 5649 ‘

374 5737 488 5791 Ξιλλ⁹
519 5736 621 5789 οὐκ
670 5730 942 5800 ἀδελφοὺς
989 5726 1305 5798 νομοθετεῖν
1332 5722 1436 5793 τὴν
1477 5721 1793 5793 διόρθωσιν.
1838 5738 1859 5774 ›
1907 5722 1968 5775 '0

372 5830 537 5894 αὐτὸς
567 5828 625 5882 ἐν
652 5823 914 5895 θεολογίὲ
938 5821 1113 5894 μέγας
1135 5815 1440 5891 Γρηγόριος
1464 5813 1563 5871 καὶ
1591 5816 1651 5869 δν
1681 5812 1762 5885 τῷ
1790 5813 1966 5886 τρίτῳ

2072 4628 2132 4667 se
2156 4624 2472 4680 removeat;
2527 4628 2681 4681 aeque
2735 4614 2907 4674 enim,
2934 4620 2989 4666 et
3021 4613 3170 4667 iners
3199 4614 3460 4685 segnities
3480 4624 3588 4680 est,
3614 4623 3669 4668 et

2071 4705 2351 4760 mobilitas
2386 4714 2552 4775 atque
2582 4706 2950 4761 incouswntia
2993 4722 3020 4759 a
3056 4705 3316 4760 societate
3340 4715 3393 4761 et
3422 4721 3670 4760 comnm-

2071 4797 2236 4851 nione
2258 4797 2436 4851 aliena
2470 4812 2485 4851 :
2519 4813 2708 4852 verum
2739 4798 2839 4851 ubi
2872 4808 3058 4867 aperte
3081 4813 3139 4853 se
3177 4798 3360 4868 prodit
3392 4799 3665 4869 impietas,

2071 4899 2187 4946 tum
2220 4907 2351 4948 vero
2378 4890 2539 4945 nobis
2566 4888 2877 4969 faciendum
2917 4903 3061 4954 esse,
3110 4898 3167 4942 ut
3192 4890 3459 4945 adversus
3487 4891 3667 4960 ignem

2070 4997 2125 5043 et
2149 4989 2377 5052 ferrum,
2402 4995 2456 5040 et
2481 4996 2751 5054 tempora,
2780 4994 2835 5037 et
2852 4982 3152 5052 principes,
3178 4996 3243 5037 ac
3260 4983 3496 5052 denique
3518 4981 3667 5053 prius

2071 5083 2336 5137 adversus
2393 5077 2581 5133 omnia
2633 5074 2889 5130 cominus
2946 5075 3209 5139 feramur,
3244 5091 3409 5146 quam
3453 5082 3513 5129 ut
3540 5075 3669 5129 mali

2071 5172 2324 5230 fermenti
2355 5170 2651 5241 participes
2703 5165 3034 5230 alliciamur,
3064 5182 3131 5222 ac
3176 5168 3318 5222 male
3343 5164 3550 5222 affectis
3580 5180 3671 5220 as-

2074 5267 2402 5320 sentiamur.
2430 5263 2499 5316 At
2529 5276 2654 5316 cum
2687 5258 2936 5329 suspicio
2965 5259 3085 5314 sola
3125 5257 3372 5312 animum
3418 5265 3666 5310 nostrum

2079 5359 2225 5413 male
2295 5354 2482 5417 habet,
2539 5332 2815 5421 timorque
2872 5351 3040 5406 nullis
3103 5350 3270 5406 certis
3329 5348 3671 5420 argumentis

2073 5450 2319 5515 innixus,
2352 5458 2465 5502 tum
2498 5459 2625 5500 vero
2654 5442 2936 5499 leuitatem
2982 5441 3171 5513 potius
3218 5454 3383 5510 quam
3417 5440 3673 5494 celerita.

2073 5553 2209 5604 tetu,
2259 5549 2315 5597 et
2377 5538 2753 5608 indulgentem
2822 5535 3208 5591 demissionem
3268 5532 3451 5603 potius
3503 5547 3668 5602 quam

2073 5635 2445 5706 arrogantiam
2502 5640 2556 5687 et
2605 5629 3016 5685 contumaciam
3053 5625 3315 5681 adbibere
3362 5625 3665 5681 convenit:

2074 5729 2362 5797 multoque
2427 5724 2623 5780 melius
2684 5731 2739 5778 et
2787 5718 3191 5777 coitdttcibilitts
3223 5727 3408 5782 est,ut
3443 5720 3673 5772 incom-

2077 5814 2229 5873 muni
2254 5827 2484 5884 corpore
2517 5822 2822 5879 manentes,
2855 5818 3048 5865 mutuo
3078 5822 3181 5866 nos
3229 5810 3377 5881 ipsos
3405 5817 3670 5879 tanquam

3316 5895 3425 5904 -σ-ι--ο
