4058 6420
501 346 574 412 39
1573 351 1788 413 JOAN.
1825 351 2043 414 VECCI
2081 354 2191 416 Cl’.
2226 352 2735 414 PATIUARCHE
3717 359 3788 426 ιο

505 457 600 514 alii
660 454 891 511 aliorum
953 455 1221 519 membra,
1257 456 1621 528 corrigamus,
1654 470 1820 531 atque
1847 462 2079 530 corriga-

2202 463 2505 535 Εἰρηνικῷ.
2536 459 2596 518 οὗ
2629 465 2660 534 ἡ
2693 465 2859 534 ἁρχη,
2900 481 2918 515 ι
2965 463 3171 536 Εἰρήνη
3207 465 3336 536 siin
3378 466 3440 520 τὸ
3469 469 3646 537 γλυκὺ
3695 476 3788 525 οιαὶ

507 565 652 616 mur,
687 565 850 619 quam
895 558 953 602 ut
994 548 1311 618 praejudieio
1358 565 1453 620 per
1504 555 1870 608 secessionem
1924 553 2090 617 facto,

505 650 558 698 et
581 644 905 698 auctoritate
960 657 1053 712 per
1101 645 1506 712 separationem
1549 647 1776 710 amissa,
1809 662 1872 700 ex
1917 647 2093 700 edicto

506 741 718 805 postea,
772 733 920 789 velut
972 735 1185 805 tyranni
1236 743 1290 788 et
1318 749 1426 788 non
1461 735 1658 792 fratres
1697 739 2090 792 curret-tionem

505 826 860 896 imperemus.
895 845 914 878 ι
961 825 1109 880 Idem
1152 828 1206 880 in
1233 828 1506 897 theologia
1537 846 1764 899 magnus
1796 829 2092 901 Gregorius

499 917 664 972 tertia
717 901 962 971 oratione
1023 919 1090 968 de
1142 916 1303 981 Pace,
1339 918 1500 986 cujus
1541 920 1890 989 principium,
1929 939 1946 970 ι
1981 919 2089 972 Pax

481 1011 697 1073 "amica,
725 1020 778 1064 et
803 1025 910 1063 non
939 1023 995 1060 re
1023 1011 1312 1069 duntaxat.
1343 1012 1434 1065 sed
1463 1011 1682 1066 nomine
1703 1027 1918 1082 quoque
1975 1013 2094 1082 ipso

492 1102 762 1173 jucunda,
787 1121 803 1153 ι
832 1105 944 1156 haec
969 1105 1022 1156 in
1059 1118 1344 1172 progressu
1373 1104 1638 1159 orationis
1673 1105 1869 1160 habet:
1903 1125 1920 1158 ι
1949 1105 2090 1172 Quid

497 1193 615 1248 haec
632 1196 1054 1260 committimus,
1081 1195 1275 1248 fratres
1290 1193 1313 1246 ἲ
1327 1203 1378 1247 et
1399 1196 1640 1261 quamliu
1657 1197 2092 1254 eommittemus?

497 1284 733 1352 Quando
759 1287 827 1338 ab
857 1287 957 1338 hac
999 1287 1218 1348 crapula
1248 1287 1746 1356 cmergemushut
1793 1289 1933 1343 hanc
1962 1306 2093 1344 ocu-

495 1375 674 1432 lorum
710 1381 886 1432 lenten
923 1379 1294 1441 detrahemus,
1335 1393 1501 1450 atque
1540 1381 1604 1434 ad
1636 1383 1881 1436 veritatis
1906 1383 2090 1438 lumen

497 1473 904 1542 suspiciemns?
953 1473 1084 1538 Quae
1132 1476 1243 1528 lucc
1273 1473 1450 1542 caligo
1485 1474 1600 1528 est?
1637 1474 1771 1540 Quis
1807 1473 1898 1529 hic
1944 1491 2074 1528 noc-

501 1579 700 1620 turnus
728 1566 1052 1620 conﬂictus?
1083 1567 1214 1632 Quae
1256 1567 1370 1620 Itzec
1423 1577 1743 1635 tempestas,
1777 1568 1986 1624 amicos
2022 1569 2089 1623 ab

497 1661 756 1714 hostibus
814 1676 920 1713 non
977 1661 1396 1715 intermovrns?
1456 1658 1570 1714 Cur
1628 1663 1825 1717 vicinis
1883 1665 2088 1718 nostris

509 1753 864 1822 Opprobrium
929 1751 1055 1806 farti
1105 1769 1318 1816 sumus,
1371 1755 1728 1810 subsannatio
1781 1766 1836 1811 et
1883 1757 2087 1811 derisio

2203 559 2436 628 πρᾶγμα
2483 560 2579 610 καὶ
2619 557 2812 624 empta,
2878 575 2897 608 ι
2953 557 3098 610 οὕτω
3151 561 3290 630 φησὶ
3343 561 3592 632 προῖὡνο
3659 582 3680 616 ι
3719 563 3787 618 Τί

2198 648 2395 708 ταῦτα,
2444 641 2488 700 ὧ
2545 645 2713 708 οὗτοι,
2750 650 2842 702 καὶ
2877 651 3043 718 μέχρι
3074 651 3260 717 τίνος;
3296 651 3435 705 Πότε
3472 653 3530 707 δὲ
3554 653 3656 724 τῆς
3689 655 3786 722 μέ-

2199 739 2299 806 θης
2332 738 2663 810 ἐκνήψομεν,
2695 741 2726 812 ἢ
2783 741 2894 792 τῶν
2923 741 3228 811 ὀξοαλμῶν
3262 743 3360 812 τὴν
3393 743 3577 815 λήμην
3626 761 3785 816 περι-

2199 834 2524 903 αιρήσομεν,
2557 833 2652 884 καὶ
2701 834 2840 904 πρὸς
2867 833 2928 886 τδ
2957 833 3055 904 τῆς
3090 835 3354 904 ἀληθείας
3386 837 3501 906 φῶς
3551 838 3786 890 ἀναϐλέ-

2196 926 2410 997 ψομενς
2463 927 2597 978 Ποῖα
2636 927 2973 994 σκοτόμαινα
3025 928 3224 991 ταῦτα,
3285 929 3368 989 τίς
3413 933 3782 1000 νυκτομαχίην,

2194 1019 2280 1081 τίς
2313 1018 2448 1089 ζάλη
2479 1018 2658 1117 φίλων
2691 1017 2785 1070 καὶ
2825 1019 3102 1088 πολεμίων
3128 1020 3250 1088 ὄψιν
3286 1021 3344 1072 ού
3380 1021 3736 1090 διακρίνουσα
3765 1038 3782 1088 ;

2195 1113 2350 1167 Διατί
2391 1111 2702 1182 γεγοναμεν
2749 1111 2952 1172 ὖνειδος
3001 1115 3116 1176 τοῖς
3160 1117 3402 1182 γείτοσιν
3437 1115 3616 1183 ἡμῶν,
3677 1133 3782 1184 μυ-

2193 1205 2501 1275 κτηρισμὸς
2544 1205 2638 1256 καὶ
2671 1203 2980 1274 χλευασμὸς
3007 1207 3120 1268 τοῖς
3157 1204 3344 1272 κύκλῳ
3378 1205 3536 1276 ἡμῶν
3567 1223 3581 1273 ;
3610 1207 3706 1270 Τίς
3745 1209 3780 1278 ὴ

2195 1297 2478 1368 φιλοτιμία
2512 1297 2600 1350 τοῦ
2621 1297 2796 1352 κακοῦ
2823 1315 2836 1362 ;
2867 1298 3039 1352 Πόθεν
3073 1297 3248 1361 οὕτως
3286 1298 3536 1352 ἀθάνατα
3575 1300 3784 1367 κάμνο-

2197 1407 2298 1461 μεν
2331 1407 2346 1454 ;
2381 1391 2585 1460 μᾶλλον
2613 1391 2670 1444 δὲ
2699 1391 2820 1444 οὐδὲ
2865 1393 3172 1461 κάμνομεν,
3210 1391 3330 1443 ἀλλ’
3381 1392 3676 1464 ἐρρώμεθα
3705 1392 3786 1462 τῷ

2192 1487 2350 1558 κακῷ
2382 1505 2396 1553 ;
2433 1487 2795 1556 Μαινομένων
2823 1489 2881 1540 τι)
2925 1485 3120 1550 πάθος,
3175 1487 3270 1540 καὶ
3311 1487 3552 1556 ἡδόμεθα
3600 1486 3783 1539 δαπα-

2191 1579 2446 1648 νὼμενοι.
2501 1580 2612 1632 Kal
2661 1579 2902 1650 οὐδαμοῦ
2937 1579 3118 1646 λόγος,
3161 1581 3220 1632 οὐ
3251 1580 3426 1648 φίλος,
3455 1579 3518 1633 ού
3558 1579 3786 1648 σύμμα·

2193 1690 2309 1744 χος,
2363 1674 2464 1726 οὐκ
2525 1671 2732 1743 ἰατρὸς,
2787 1673 2820 1742 ἢ
2884 1673 3262 1742 φαρμακεύων
3315 1672 3346 1742 ἢ
3406 1673 3689 1742 ἐκτέμνων
3721 1673 3787 1724 τὸ

2194 1765 2389 1830 πάθος,
2423 1767 2484 1819 ού
2521 1767 2881 1836 παραστάτης
2905 1765 3157 1833 ἄγγελος,
3193 1765 3254 1817 οὐ
3283 1764 3414 1828 Θεὸς
3435 1781 3448 1795 ·
3473 1764 3612 1818 ἀλλὰ
3645 1763 3786 1834 πρὸς

497 1845 603 1907 bis,
631 1845 721 1914 qui
756 1846 807 1898 in
839 1845 1073 1898 circuitu
1103 1857 1291 1900 nostro
1324 1848 1488 1901 sunt?
1518 1845 1805 1914 Quodnam
1841 1849 1944 1904 hoc
1971 1859 2079 1904 tam

2193 1862 2304 1922 τοῖς
2358 1858 2540 1920 ἄλλοις
2591 1860 2685 1929 καὶ
2725 1857 2826 1928 τὴν
2883 1856 2978 1909 τοῦ
3031 1854 3170 1908 Θεοῦ
3203 1855 3785 1926 φιλανθρωπίανοήμῖν

495 1936 759 1988 obmxum
798 1937 926 1988 muli
983 1936 1268 1991 studium?
1299 1937 1438 2002 Quid
1495 1951 1602 1992 tam
1661 1940 1962 1995 immortali
2000 1942 2083 1996 la—

496 2027 632 2082 bore
670 2027 1004 2097 fatigamur?
1039 2029 1177 2094 Quid
1221 2041 1402 2083 autem
1432 2030 1558 2086 dico
1595 2031 1944 2103 fatigamur?
1975 2034 2085 2087 imo

497 2137 560 2174 ex
591 2121 712 2187 ipso
736 2121 902 2180 malo,
927 2129 984 2173 ut
1017 2120 1213 2176 furiosi
1245 2123 1446 2187 solent,
1481 2127 1652 2179 robur
1674 2141 2082 2196 comparamus,

495 2219 550 2262 et
597 2225 720 2263 curn
763 2211 1130 2276 absumimur,
1181 2213 1520 2283 gaudemus,
1577 2231 1679 2270 nec
1738 2232 1970 2286 usquam
2003 2228 2086 2272 est

497 2299 662 2366 ratio,
703 2317 801 2353 nec
850 2301 1082 2365 amicus,
1133 2318 1233 2358 nec
1269 2305 1476 2367 socius,
1528 2324 1626 2361 nec
1671 2307 1942 2375 medicus,
1990 2310 2083 2379 qui

502 2391 756 2444 tuorbum
821 2394 903 2446 vel
967 2393 1382 2450 medicamentis
1437 2398 1625 2466 pellat,
1677 2398 1759 2451 vel
1815 2394 2082 2468 anTputct,

496 2497 600 2537 nec
627 2483 925 2553 opituletur
967 2487 1212 2556 angelus,
1247 2503 1350 2541 nec
1401 2485 1546 2543 Deus
1585 2506 1600 2542 :
1641 2505 1831 2543 rerum
1891 2502 2084 2559 prsetet'

495 2577 628 2640 alia,
668 2577 755 2630 Dei
791 2594 1009 2648 quoque
1049 2580 1441 2651 benignitatem
1486 2582 1645 2637 nobis
1674 2585 2080 2652 praeclusimus.

505 2686 524 2720 ι
566 2667 636 2724 Ut
664 2671 817 2739 quid,
853 2669 1104 2736 Domine,
1152 2673 1435 2729 recessisri
1497 2675 1743 2746 longe“!
1796 2677 2082 2743 Quomodo

496 2765 760 2817 averteris
797 2765 850 2816 in
932 2765 1140 2818 linem?
1193 2763 1424 2830 Quando
1461 2781 1560 2821 nos
1603 2767 1892 2824 visitabis?
1933 2769 2082 2838 Quo-

498 2868 624 2906 nam
660 2857 774 2908 haec
819 2855 1260 2924 progredientur,
1301 2864 1356 2910 et
1405 2855 1497 2909 ubi
1545 2858 2083 2931 consistentiEqni-

498 2946 622 3000 dem
653 2961 866 3013 vereor,
901 2963 968 3002 ne
1001 2963 1242 3018 prtesens
1272 2964 1452 3002 rerum
1481 2959 1660 3006 status
1689 2951 1828 3021 ignis
1860 2953 2005 3008 illius
2025 2954 2077 3008 in

491 3039 908 3106 exspectatione
944 3039 1106 3108 positi
1139 3039 1326 3096 fumus
1355 3042 1576 3110 quidam
1607 3043 1678 3097 sit
1704 3061 1717 3096 :
1745 3059 1813 3098 ne
1843 3044 1927 3099 Itis
1966 3047 2079 3100 An-

492 3133 783 3187 tichristus
805 3136 1180 3202 superveniat,
1215 3149 1279 3187 ac
1312 3145 1532 3190 nostros
1561 3139 1746 3206 lapsus
1780 3146 1834 3192 et
1859 3142 2079 3194 morbos

2195 1951 2381 2012 αὐτοῖς
2418 1949 2842 2018 ἐπ;κλεὶσαμεν.
2885 1967 2904 2000 ι
2949 1948 3070 2000 Ἵνα
3111 1947 3185 2011 τί,
3234 1946 3428 2016 Κύριε,
3462 1947 3786 2015 ἀφέστηκας

2199 2040 2496 2108 μακρόθεν,
2527 2041 2765 2102 καὶπῶς
2799 2041 3124 2110 ἀποστρέφῃ
3155 2041 3236 2102 εἰς
3263 2039 3435 2104 τέλος
3465 2057 3484 2089 ›
3527 2038 3620 2090 καὶ
3649 2039 3790 2092 πότε

2195 2131 2505 2200 ἐπισκοπὴν
2530 2133 2688 2198 ἡμῶν
2712 2134 2915 2202 ποιήσῃ
2949 2149 2966 2199 ;
3005 2131 3115 2186 Kal
3137 2129 3241 2184 ποῦ
3274 2132 3614 2202 προῦήσεται
3650 2130 3790 2183 ταῦ-

2193 2243 2282 2289 τα,
2308 2227 2403 2280 καὶ
2437 2230 2697 2297 στήσεται
2729 2243 2743 2293 ;
2783 2227 3009 2279 Δέδοικα
3044 2228 3118 2297 μὴ
3149 2228 3358 2288 καπνζς
3484 2223 3579 2278 τοῦ
3613 2240 3789 2294 προσ-

2192 2323 2505 2392 δοκωμένου
2533 2320 2702 2391 πυρὸς
2727 2323 2795 2376 τὰ
2847 2322 3092 2391 παρόντα
3116 2335 3130 2353 ³
3171 2320 3247 2391 μὴ
3278 2321 3489 2382 τούτοις
3529 2322 3556 2374 ὁ
3608 2317 3790 2370 Ἀντί-

2191 2433 2414 2486 χριστος
2457 2417 2680 2486 ἐπιστῇ,
2733 2415 2830 2470 καὶ
2879 2416 3071 2486 καιρὸν
3102 2414 3242 2489 λάϐῃ
3273 2415 3373 2484 τῆς
3413 2412 3581 2467 αὐτοῦ
3622 2412 3784 2464 δυνα-

2192 2507 2376 2570 στείας
2405 2508 2471 2560 τὰ
2501 2507 2751 2579 ἡμέτερα
2779 2506 3104 2575 πταίσματά
3125 2523 3184 2558 τε
3213 2505 3308 2558 καὶ
3338 2503 3780 2578 ἀρρωστήματα.

2192 2600 2267 2652 Οὐ
2307 2601 2415 2670 γὰρ
2445 2597 2755 2668 ὑγιαίνουσι
2781 2599 3088 2670 προσϐαλεῖ
3118 2597 3304 2668 τυχὸν,
3336 2597 3456 2650 οὐδὲ
3489 2598 3553 2666 τῇ
3586 2596 3783 2666 ἀγάπῃ

2191 2693 2680 2760 πεπυκνωμένοις.
2708 2709 2726 2742 ι
2769 2690 2880 2744 Καὶ
2924 2692 3060 2761 μετὰ
3095 2689 3304 2761 βραχέα
3333 2703 3348 2722 ·
3391 2707 3410 2740 ι
3450 2689 3522 2741 Οὐ
3553 2685 3784 2756 διαρρή-

2193 2801 2360 2855 σομεν
2395 2784 2529 2854 ἡμῖν
2559 2787 2746 2847 αὐτοῖς
2773 2784 2895 2837 τίνα
2924 2783 3024 2854 μὲν
3053 2782 3114 2836 οὐ
3149 2780 3412 2853 ζητητέον
3435 2779 3778 2842 παντάπασι,

2187 2876 2311 2929 τίνα
2342 2875 2398 2928 δὲ
2425 2875 2566 2946 ὑπὲρ
2595 2869 2672 2928 ὧν
2709 2876 2971 2946 μετρίως,
3004 2875 3126 2929 τίνα
3157 2874 3213 2928 δὲ
3243 2873 3649 2944 συγχωρητέον,
3681 2871 3779 2924 καὶ

2188 2968 2561 3040 παραιτητέον
2608 2971 2724 3032 τοῖς
2752 2969 3046 3040 φιλέρισιν,
3081 2969 3231 3030 ὅπως
3278 2965 3346 3020 ἂν
3378 2967 3476 3038 ἔχῃ
3509 2967 3585 3028 ὡς
3621 2963 3777 3017 οὐδὲν

2188 3062 2280 3115 τὸν
2309 3061 2469 3129 λόγον
2517 3059 2677 3131 ἡμῶν
2713 3061 3220 3132 παραὸλάπτοντα;
3259 3058 3353 3112 καὶ
3394 3059 3518 3110 τίνοι
3563 3057 3662 3125 μὲν
3703 3057 3773 3124 τῇ

2189 3155 2372 3208 πίστει
2427 3155 2611 3208 δοτέον
2663 3155 2824 3226 μόνῃ,
2878 3153 3001 3207 τίνα
3052 3153 3108 3206 δὲ
3154 3153 3406 3213 καὶτοῖς
3457 3149 3774 3218 λογισμοῐςς

493 3228 548 3281 in
585 3227 930 3296 principatus
969 3227 1056 3282 sui
1088 3229 1434 3283 occasionem
1471 3230 1698 3300 arripiat
1731 3251 1744 3286 :
1779 3248 1878 3286 nec
1909 3235 2076 3298 enim,

2196 3247 2373 3317 ’Υπὲρ
2408 3246 2464 3300 δὲ
2497 3223 2674 3300 τίνων
2697 3223 3166 3317 πολεμητέον
3201 3243 3479 3315 ἐκθύμως,
3511 3244 3770 3310 λογικῶς,

491 3320 713 3390 opinor,
758 3335 922 3376 sanos
984 3305 1296 3386 adorietur,‘
1341 3337 1440 3376 nec
1495 3323 1762 3378 eharitate
1795 3334 1981 3394 septos
2023 3336 2077 3382 et

492 3414 756 3467 munitos.
797 3433 815 3464 ι
851 3411 918 3466 Et
966 3414 1160 3482 paucis
1211 3413 1512 3484 interjectis
1561 3431 1576 3471 :
1626 3435 1645 3467 ι
1701 3414 1962 3482 Quaenam
2009 3435 2076 3475 ne

489 3508 785 3577 qumeuda
817 3507 1037 3576 quidem
1075 3508 1303 3562 omnino
1326 3521 1478 3574 sunt,
1501 3527 1750 3580 quaenam
1783 3513 2074 3568 rnediocri-

489 3609 596 3666 ter,
627 3615 880 3670 quaenam
927 3601 1287 3656 contentiosis
1345 3582 1660 3659 hominibus
1724 3608 2072 3660 concedenda

491 3698 546 3743 et
582 3675 964 3760 relinquenda,
997 3706 1219 3762 quoquo
1253 3694 1416 3749 modo
1465 3697 1680 3751 tandem
1715 3711 1774 3751 se
1810 3697 2070 3764 habeant,

493 3790 682 3852 utp0te
708 3783 918 3837 nullum
949 3783 1216 3839 doctrinae
1249 3795 1456 3842 nostra:
1497 3788 1890 3844 detrimentum
1939 3790 2074 3844 affe-

488 3876 668 3930 rentia
691 3875 994 3941 ?Quzenam
1021 3877 1144 3932 fidei
1171 3879 1277 3934 soli
1311 3880 1592 3936 donanda?
1616 3883 1876 3948 Quaenam
1905 3885 2069 3938 etiam

485 3970 1026 4036 ratiocinationibus,
1063 3987 1162 4042 pro
1213 3973 1416 4042 quibus
1461 3975 1698 4046 denique
1739 3981 1850 4032 acri
1887 3981 2071 4036 animo

485 4059 842 4132 pugnandum
871 4063 965 4130 sit,
995 4065 1301 4122 rationibus
1333 4077 1537 4133 tamen,
1589 4084 1700 4123 non
1729 4069 1878 4127 ferro
1907 4081 2072 4142 atque

486 4153 698 4208 armis?
755 4153 894 4208 Nam
957 4157 1216 4212 adversas
1266 4175 1490 4228 quoque
1543 4176 1738 4216 manus
1799 4165 2070 4232 attollere,

485 4259 716 4314 prorsus
751 4259 782 4298 a
815 4259 980 4301 causa
1012 4256 1198 4302 nostra
1237 4249 1474 4302 alieuum
1521 4258 1628 4316 est,
1659 4261 1821 4322 atque
1847 4251 1913 4306 ad
1952 4269 2067 4319 eos,

481 4339 578 4408 qui
600 4338 760 4392 nobis
784 4337 982 4394 infensi
1010 4351 1161 4405 sunt,
1188 4342 1712 4411 abjiciendum.Non
1741 4361 1905 4400 uuam
1931 4349 2073 4403 hanc

485 4432 712 4501 pietatis
743 4433 988 4502 regulam
1037 4435 1196 4489 nobis
1249 4437 1586 4506 prOpnsitam
1623 4453 1748 4493 esse
1781 4439 2068 4509 ducemus,

2183 3337 2298 3391 ἀλλ’
2343 3339 2442 3408 οὐχ
2487 3337 2824 3406 ὁπλιτικῶςς
2855 3338 2928 3393 Τὸ
2963 3340 3072 3410 γὰρ
3122 3339 3216 3392 καὶ
3255 3340 3448 3409 χεῖρας
3492 3337 3774 3406 ἀνταίρειν

2184 3429 2468 3494 παντελῶς
2501 3431 2607 3498 ἔξω
2632 3432 2734 3501 τῆς
2764 3432 3044 3501 ἡμετέρας
3089 3432 3283 3503 αὐλῆς,
3313 3433 3407 3485 καὶ
3432 3435 3544 3494 τοῖς
3580 3428 3775 3502 μισοῦ-

2183 3541 2268 3576 σιν
2301 3527 2450 3594 ἡμᾶς
2483 3525 2879 3594 ἁπορριπτέον.
2914 3525 3027 3595 Οὐχ
3057 3527 3146 3579 ἵνα
3179 3527 3281 3595 μὲν
3327 3526 3453 3593 ὅρον
3483 3523 3773 3589 εὐσεϐείας

2181 3615 2518 3687 ἡγησάμεθα
2579 3620 2912 3688 προσκυνεῖν
2951 3618 3194 3688 Πατέρα,
3247 3619 3344 3671 καὶ
3371 3617 3519 3684 Υἰὸν,
3571 3615 3772 3670 καὶιτδ

2182 3707 2408 3780 Πνεῦμα
2437 3711 2498 3763 τὸ
2534 3711 2714 3778 ἅγιον,
2746 3711 2849 3782 τὴν
2880 3710 3012 3782 μίαν
3042 3713 3100 3766 ὲν
3133 3713 3248 3775 τοῖς
3274 3711 3422 3784 τρισὶ
3457 3711 3688 3782 θεότητά
3707 3728 3772 3766 τε

2183 3800 2280 3855 καὶ
2318 3801 2553 3872 δύναμιν
2595 3803 2764 3874 μηδὲν
2815 3803 3240 3874 ὐπερσέσοντες,
3299 3805 3436 3878 μηδὲ
3475 3805 3776 3859 ὐποσέϐον-

2179 3912 2291 3962 τες,
2323 3896 2412 3949 ἵνα
2445 3897 2539 3949 καὶ
2561 3896 2725 3961 αὐτὸς
2753 3898 2949 3968 μικρόν
2989 3913 3045 3951 τι
3079 3901 3412 3972 μιμήσωμαι
3465 3900 3590 3962 τοὺς
3639 3899 3774 3970 περὶ

2179 3991 2356 4046 ταῦτα
2407 3991 2627 4062 σοφούς.
2661 3992 2736 4045 Τὸ
2771 3993 2870 4062 μὲν
2897 3994 3006 4066 γὰρ
3031 3994 3314 4056 ἀδύνατον,
3362 3993 3422 4046 τὸ
3449 3993 3507 4046 δὲ
3549 3993 3771 4064 ἀσεϐὲς,

2189 4082 2326 4153 μηδὲ
2368 4084 2600 4151 μέγεθος
2628 4087 2684 4136 ἐν
2726 4085 3009 4154 ὀνομάτων
3053 4085 3314 4154 κενότησι
3353 4087 3770 4150 διακόπτοντες.

2181 4174 2352 4227 Οὐδὲν
2380 4176 2488 4246 γὰρ
2535 4176 2734 4230 ἑαυτοῦ
2787 4177 2978 4246 μεῖζον
3029 4177 3340 4250 ἢέλαττον.
3393 4179 3600 4235 Τούτου
3630 4181 3770 4251 γοῦν

2183 4265 2520 4338 ὡρισμένου,
2573 4271 2669 4322 καὶ
2701 4269 2772 4324 τὰ
2815 4269 2950 4326 ἄλλα
2997 4272 3414 4344 ὁμονοήσωμεν,
3464 4275 3631 4347 ἤγουν
3665 4277 3768 4346 τῆς

2178 4359 2352 4430 αὐτῆς
2398 4359 2630 4430 Τριάδος
2687 4362 2782 4416 καὶ
2829 4365 2926 4416 τοῦ
2977 4365 3367 4441 αὐτοῦεσχεδὸν
3393 4369 3664 4438 δόγματός
3703 4387 3765 4424 τε

2179 4450 2280 4502 καὶ
2306 4449 2584 4520 σώματος.
2611 4454 2726 4518 Τὰς
2754 4455 2810 4508 δὲ
2843 4459 3106 4526 περιττὰς
3131 4459 3226 4512 καὶ
3243 4460 3558 4533 ἀχρήστους
3582 4479 3764 4533 παρα·
3821 4492 3826 4497 ~

483 4533 546 4578 ut
574 4522 814 4588 Patrem,
848 4523 1046 4580 Filium
1084 4539 1139 4583 et
1172 4528 1438 4596 Spiritum
1474 4541 1748 4595 sanctum,
1785 4548 1950 4588 unam
2011 4536 2066 4589 in

485 4615 658 4637 έ-,ει----
703 4635 756 4637 ,__
907 4623 916 4632 ι
982 4622 1022 4637 ἢ
1063 4621 1096 4637 ι.
1143 4631 1154 4637 -
1349 4634 1358 4637 -
1486 4634 1495 4637 _
1579 4628 1611 4637 ,ο
1806 4628 1817 4637 ι

2188 4542 2388 4611 ρυάδας
2431 4543 2526 4597 καὶ⁵
2555 4547 2888 4617 παρεξόδους
2913 4522 3022 4603 τῶν
3053 4549 3147 4604 νῦν
3179 4522 3552 4622 ζητημύιτων,
3571 4522 3762 4626 ὥσπερ

479 4615 662 4674 tribus
699 4623 952 4688 personis
982 4621 1272 4687 Deitatem,
1311 4634 1366 4676 et
1407 4628 1709 4692 potentiam
1752 4628 2070 4699 adoremus,

481 4709 623 4763 nihil
665 4713 1099 4780 supercolentes,
1150 4724 1246 4766 aut
1297 4713 1646 4772 subcolentes
1695 4732 1711 4772 :
1759 4718 1891 4774 libet
1927 4721 2072 4775 enim

481 4801 736 4856 nonnihil
765 4819 862 4858 eos
921 4805 1147 4870 imitari,
1181 4807 1272 4876 qui
1322 4806 1374 4859 in
1410 4807 1576 4861 rebus
1599 4808 1720 4863 sciti
1753 4825 1816 4866 ac
1842 4813 2074 4871 solertes

479 4901 647 4956 sunt;
680 4893 912 4945 alterum
947 4894 1092 4948 enim
1130 4895 1248 4949 fieri
1283 4911 1390 4950 non
1415 4908 1620 4966 potest,
1655 4901 1886 4956 alterum
1919 4903 2075 4959 nefa-

482 4979 626 5035 rium
673 4991 730 5038 ct
757 4983 987 5053 impium
1018 4995 1101 5040 est
1128 5005 1144 5044 :
1175 5003 1276 5044 nec
1307 4991 1738 5058 magnitudinem
1773 5011 1936 5052 unam
1975 5014 2071 5068 per

479 5073 771 5127 hominum
812 5079 1112 5132 novitatem
1155 5081 1525 5140 discindentes
1551 5102 1566 5138 :
1597 5103 1700 5142 nec
1727 5089 1871 5144 enim
1903 5092 2066 5162 quid-

477 5177 650 5232 quam
690 5167 876 5236 seipso
922 5169 1100 5240 majus
1131 5181 1226 5226 aut
1253 5175 1434 5231 minus
1465 5187 1564 5232 est.
1593 5178 1709 5235 Hoc
1735 5183 1935 5253 quippe
1969 5200 2068 5254 po-

476 5259 593 5328 sito
653 5268 708 5312 et
757 5261 1076 5328 constituto,
1144 5269 1356 5340 caneris
1385 5270 1554 5326 etiam
1624 5273 1678 5327 in
1711 5275 1878 5330 rebus
1929 5293 2065 5332 eou-

2177 4652 2228 4686 τι
2257 4635 2475 4708 νόσημα
2507 4640 2688 4694 κοινὸν
2714 4643 3025 4713 ἐκκόψομέν
3053 4661 3112 4697 τε
3169 4645 3264 4698 καὶ
3303 4643 3698 4718 ἀναιρήσομεν,
3737 4669 3756 4701 ι

2192 4727 2334 4782 Ἀλλ’
2363 4730 2421 4784 αἱ
2450 4731 2551 4800 μὲν
2597 4731 2870 4803 ὑποθῆκαι
2899 4721 3008 4788 τῶν
3043 4735 3144 4806 τῆς
3185 4735 3516 4810 Ἐκκλησίας
3543 4743 3763 4811 φωστὴ-

2177 4835 2310 4890 ρων,
2348 4819 2472 4872 καθ’
2501 4819 2568 4884 ἃς
2593 4821 2983 4894 ὑποτιθέμενοι
3013 4827 3294 4894 φαίνονται
3337 4829 3396 4881 τὸ
3424 4829 3534 4883 τῶν
3562 4828 3762 4895 λέξεων

2173 4912 2432 4984 διάφορον
2461 4917 2732 4986 παρορᾷν,
2762 4917 2924 4970 ὁπότε
2953 4920 2986 4990 ἡ
3011 4919 3147 4990 πρὸς
3177 4919 3386 4976 ἔννοιαν
3407 4923 3758 4998 ὁμοφροσύνη

2179 5006 2342 5075 μέσον
2365 5007 2476 5060 τῶν
2508 5009 2616 5061 ἀπὸ
2644 5009 2884 5081 Χριστοῦ
2909 5017 3064 5085 κοινῇ
3089 5016 3444 5087 καλουμένων
3467 5017 3634 5070 ἐθνῶν
3663 5019 3760 5070 καὶ

2179 5097 2392 5167 ἀνδρῶν
2427 5101 2802 5169 ἀναφαίνοιτο,
2837 5105 2994 5158 τόσαι
3020 5124 3078 5159 τε
3109 5110 3203 5161 καὶ
3227 5109 3452 5176 τοιαίδε,
3484 5109 3516 5180 ἢ
3553 5111 3758 5178 μᾶλλον

2175 5190 2238 5242 οὐ
2277 5193 2458 5256 τόσαι,
2503 5195 2627 5248 ἐπεὶ
2669 5197 2768 5250 καὶ
2816 5198 2976 5252 ἄλλαι
3023 5198 3203 5254 ἄλλων
3262 5203 3480 5271 πολλαὶ,
3526 5199 3602 5270 ὧν
3657 5205 3758 5276 τὴν

2175 5283 2412 5338 ἐνταῦθα
2445 5286 2664 5342 ἔκθεσιν
2703 5290 3036 5362 παρείδομεν
3061 5291 3150 5347 διὰ
3187 5295 3248 5349 τδ
3281 5295 3628 5368 πολύστιχον.

475 5352 805 5422 sentiemus,
870 5357 1066 5414 saltem
1139 5364 1231 5445 qui
1276 5366 1524 5422 eamdem
1597 5368 1922 5427 Trinitatem
2005 5377 2260 5444 colimus,
2327 5393 2490 5452 atque
2562 5387 2806 5456 ejusdem
2868 5403 3005 5456 pene
3058 5387 3333 5460 dogmatis
3383 5404 3440 5445 et
3498 5391 3756 5463 corporis

433 5509 436 5512 λ
473 5458 694 5513 Sumus.
732 5463 798 5503 ac
831 5449 1140 5519 SIIPCI'UUOS
1169 5466 1224 5512 el
1268 5457 1493 5515 inutiles
1553 5465 1923 5532 quaestionum
1963 5467 2196 5538 hujusce
2253 5449 2607 5551 tempestatis
2639 5478 2885 5534 stolones
2924 5494 2989 5534 ac
3012 5449 3272 5550 deflevxus,
3306 5492 3565 5552 tanquam
3598 5449 3754 5540 corn-

477 5551 703 5592 munem
743 5545 1032 5611 quemdam
1106 5551 1360 5606 morbum
1431 5555 1840 5626 exscindemus,
1874 5561 2032 5616 etde
2073 5561 2258 5621 medio
2307 5547 2582 5624 tollemus.
2653 5589 2672 5622 ι
2717 5569 2849 5646 _Sed
2921 5564 3250 5632 documenta
3322 5575 3582 5634 Ecclesiae
3671 5579 3757 5632 lu-

473 5631 713 5699 minum.
756 5635 976 5705 quibus.
1037 5649 1097 5695 υι
1143 5644 1416 5715 videnlur,
1466 5650 1786 5722 admonent,
1863 5660 2060 5713 'vocunt
2115 5649 2464 5721 'ddierentias
2525 5665 2880 5737 ttt'giigcndas
2937 5683 3081 5738 esse,
3116 5686 3240 5726 cum
3290 5674 3574 5730 sententia:
3611 5660 3752 5731 unus

549 5792 571 5822 '
607 5793 752 5852 Psal.
795 5814 846 5867 ι,
876 5801 937 5868 1;
974 5819 1075 5876 xii,
1123 5806 1174 5861 l.
