4058 6420
349 395 417 461 ll
1459 394 1561 457 DE
1604 396 1900 459 UNIONE
1940 398 2495 463 ECCLESIARUM.
3036 384 3059 401 ’
3565 395 3637 459 ιε

352 522 683 571 consensus.
728 504 872 561 inter
933 502 1183 561 nationes
1210 511 1265 560 et
1327 503 1479 559 viros
1522 520 1552 559 a
1612 504 1836 561 Christo
1900 508 2182 561 communi
2253 508 2477 562 nomine
2552 496 2929 575 conipellatos,
3014 504 3319 571 intercedit,

3417 513 3497 561 tot
3570 522 3636 568 ac

349 604 507 671 talia,
539 605 652 659 imo
684 616 866 673 neque
905 610 1005 668 tot,
1046 615 1172 657 cum
1202 607 1258 656 ct
1293 601 1397 655 alia
1429 600 1663 655 aliorum
1695 602 1964 671 permulta
2001 602 2129 668 sint,
2170 619 2292 672 qua:
2340 603 2412 657 ob
2439 600 2805 672 prolixitatem
2832 600 3057 654 nimiam
3091 615 3198 655 non
3240 600 3632 676 exscribimus.

425 701 520 750 ια’.
568 694 724 750 Ἐπεὶ
770 693 828 746 δὲ
855 694 890 764 ἡ
925 691 1020 747 τοῦ
1060 692 1302 763 μεγάλου
1346 691 1671 747 Ἀθανασίου
1700 692 1946 764 ὑποθήκη

2096 752 2099 753 ν
2133 695 2223 750 ll.
2260 696 2646 750 Verumtamen
2678 707 2802 747 cum
2825 691 3009 762 magni
3040 691 3328 747 Athanasii
3363 693 3635 748 monitum

348 787 462 841 τῶν
496 785 677 839 ἄλλων
722 783 1059 855 προτέτσκαι
1083 821 1099 846 ,
1145 782 1230 836 δεῖ
1260 782 1555 853 ίσκοπῆσαι
1595 783 1768 852 ἡμᾶς,
1816 782 1949 851 ὅσην

350 874 469 948 εἶχε
500 875 765 946 διαφορὰν
798 874 936 944 πρὸς
990 876 1090 945 τὴν
1121 872 1289 940 λέξιν,
1313 873 1371 941 ἐξ
1404 869 1472 945 ἧς
1498 874 1559 927 τὺ
1593 875 1759 944 μέσον
1789 873 1950 944 ἡμῶν

356 986 420 1023 τε
468 969 571 1023 καὶ
613 964 834 1021 Ἰταλῶν
862 966 1167 1020 σκάνδαλον
1204 967 1511 1037 ἀνερράγη,
1552 966 1585 1035 ἡ
1615 966 1727 1019 τῶν
1753 966 1951 1031 λέξεων

351 1061 584 1116 ἐκείνων
611 1059 864 1129 δύναμις,
894 1058 985 1128 ἐφ’
1013 1052 1103 1122 αῖς
1144 1060 1174 1112 ό
1214 1058 1500 1126 ίσοὶγγελος
1532 1052 1685 1121 οὗτος
1721 1057 1954 1112 Ἀθανά-

354 1171 473 1216 σιος
526 1152 629 1224 τὴν
681 1152 1035 1224 καταλλαγὴν
1075 1153 1188 1206 τῶν
1239 1153 1580 1220 Ἐκκλησιῶν
1616 1152 1946 1221 ἐποιήσατο*

358 1246 455 1298 καὶ
496 1244 561 1297 τὺ
591 1243 655 1312 δὴ
679 1242 1020 1311 θαυμαστὸν,
1053 1244 1136 1296 ὅτι
1180 1244 1301 1313 οὐχὶ
1330 1243 1529 1307 ἄλλων,
1562 1242 1703 1297 ἀλλὰ
1744 1242 1951 1297 τούτων

354 1336 536 1391 αὐτῶν
582 1336 757 1389 ἐθνῶν
791 1331 994 1389 τε’καὶ
1027 1335 1359 1406 ἐκκλησιῶν,
1394 1336 1524 1405 περὶ
1569 1331 1644 1391 ὧν
1686 1336 1782 1391 νῦν
1809 1338 1838 1388 ό
1866 1336 1954 1388 λό-

352 1443 449 1496 γος
504 1428 662 1497 ἡμῖν.
716 1425 791 1479 Τὸ
836 1427 948 1495 γὰρ
999 1424 1242 1487 ἐκείνους
1302 1425 1401 1495 μὲν
1465 1423 1598 1494 μίαν
1651 1424 1950 1477 ὑπόστασιν

353 1517 562 1584 λέγειν,
589 1516 717 1578 τοὺς
754 1514 800 1568 δ’
828 1514 1139 1586 ἡμετέρους
1160 1515 1312 1585 τρεῖς
1343 1514 1440 1567 ἐπὶ
1471 1516 1569 1584 τῆς
1592 1514 1824 1586 Τριάδος
1851 1514 1953 1576 τὰς

353 1608 693 1671 ὑποστάσεις
725 1606 1048 1679 κηρύττειν,
1079 1607 1141 1660 τὸ
1172 1606 1581 1684 διαφορώτατον
1608 1607 1719 1662 τῶν
1746 1608 1953 1678 δογμά⁸

352 1718 466 1754 των
482 1702 674 1756 ἐδόκει.
702 1702 1173 1773 Σαϐελλιανισμὸς
1208 1702 1318 1771 γὰρ
1349 1705 1446 1757 καὶ
1484 1703 1866 1774 Ἀρειανισμὸς
1883 1697 1952 1773 ἦν

360 1792 424 1843 τὸ
470 1792 931 1863 ὑποπτευόμενον.
975 1792 1116 1848 Ἀλλ’
1160 1796 1189 1846 ό
1234 1793 1400 1858 καλὸς
1431 1786 1587 1858 οὗτος
1627 1794 1735 1847 τῶν
1763 1793 1954 1864 ψυχῶν

362 1884 641 1954 οἰκονόμος
678 1885 742 1939 οὑ
783 1885 924 1956 πρὸς
974 1886 1072 1950 τὰς
1114 1886 1313 1951 λέξεις,
1347 1885 1484 1942 ἀλλὰ
1521 1886 1658 1959 πρὸς
1703 1886 1804 1959 τὴν
1840 1878 1951 1941 δίάο

310 2044 323 2049 _
355 1993 511 2032 νοιαν
552 1978 732 2049 βάψας
764 1980 859 2034 τὸν
888 1981 1037 2048 νοῦν,
1067 1981 1310 2035 τοσαῦτα
1342 1983 1440 2037 καὶ
1467 1978 1611 2049 εἷπε,
1664 1983 1758 2036 καὶ
1788 1982 1954 2055 ἐγρα-

354 2071 481 2142 ψεν,
524 2071 626 2123 ὅσα
667 2072 733 2143 δὴ
767 2072 866 2126 καὶ
890 2074 1394 2144 προανατέτακται.
1445 2072 1715 2129 Ἐνταῦθα
1745 2074 1805 2127 δὲ
1837 2077 1950 2140 τοῖς

357 2161 729 2229 ἀφιλονείκως
784 2162 1100 2217 ἐνδιαιτῶσι
1171 2164 1252 2234 τῷ
1305 2165 1597 2234 πράγματι
1654 2162 1860 2236 πολλὴν
1916 2165 1949 2235 ἠ

349 2254 501 2320 λέξις
555 2255 673 2324 ἔχει
732 2256 871 2324 πρὸς
919 2256 1022 2327 τὴν
1068 2257 1423 2328 καταλλαγὴν
1456 2255 1557 2329 τὴν
1607 2259 1802 2329 ῥοπήν.
1838 2258 1952 2311 Καὶ

350 2346 522 2400 τοῦτο
556 2347 797 2401 συνιδεῖν
833 2348 952 2401 ἐστι
994 2351 1110 2414 τοῖς
1167 2350 1682 2421 προσεκτικώτερον
1730 2350 1950 2404 διασκο-

346 2441 482 2491 πεῖν
531 2437 911 2509 βουλομένοις,
958 2439 1013 2493 τί
1053 2442 1154 2511 μὲν
1194 2442 1253 2493 αἱ
1292 2440 1469 2506 λέξεις
1501 2443 1711 2495 ἐκεῖναι
1751 2443 1846 2495 ἐπὶ
1882 2444 1961 2515 τῇ

346 2531 456 2600 τῆς
496 2531 733 2601 Τριάδος
766 2531 1020 2604 θεολογίᾳ
1063 2534 1352 2602 ἠδύναντο,
1394 2526 1470 2588 ὧν
1497 2533 1598 2604 τὴν
1631 2534 1949 2605 ἐκφώνησιν

345 2625 623 2695 παριδὼν,
664 2625 765 2696 τὴν
795 2627 1008 2680 ἔννοιαν
1041 2627 1121 2689 είς
1157 2625 1508 2698 καταλλαγὴν
1540 2626 1818 2697 παρέλαϐε
1843 2627 1951 2681 τῶν

345 2717 666 2788 ἐκκλησιῶν
707 2717 737 2769 ὁ
767 2719 868 2787 τῆς
906 2717 1239 2783 ’Δθανασίας
1272 2719 1562 2790 ἐπώνυμος
1594 2736 1610 2751 ο
1650 2720 1703 2773 τί
1749 2719 1809 2773 δὲ
1856 2720 1953 2774 καὶ

346 2813 406 2866 αἱ
468 2792 677 2877 λέξειςΙ
720 2809 884 2867 αὗται
933 2811 1196 2883 διάφορον
1250 2812 1471 2885 ἔχουσιν
1521 2812 1609 2882 ἐφ’
1648 2810 1737 2877 αἷς
1765 2814 1862 2869 νῦν
1893 2816 1950 2868 αἱ

272 2924 277 2929 ο
346 2898 854 2970 αὑταὶῈκκλησίαι
886 2901 968 2959 εἰς
1003 2900 1269 2956 ἄσπονδον
1296 2902 1358 2954 τὸ
1373 2901 1493 2955 κατ’
1511 2902 1758 2974 ἀλλήλων
1793 2905 1951 2974 μῖσος

350 2991 708 3061 ἁνήφθησαν.
758 2993 910 3047 Ἐκεῖ
954 2994 1055 3064 μὲν
1092 2994 1205 3063 γὰρ
1247 2993 1426 3065 δόγμα
1465 2994 1642 3049 ἐδόκει
1690 3011 1950 3067 παρασα-

352 3083 619 3137 λεύεσθαι
674 3084 1148 3156 δεδοκιμασμένον
1211 3085 1318 3138 ὑπὸ
1379 3086 1662 3158 Πατέρων,
1715 3087 1813 3139 καὶ
1864 3087 1948 3151 εἰς

343 3176 802 3247 ὁμολογουμένην
854 3178 1122 3247 διαφορὰν
1176 3180 1246 3249 τῇ
1300 3177 1598 3248 Ἐκκλησία
1639 3176 1948 3248 παραδοθὲν

344 3269 472 3339 (τίς
499 3271 613 3341 γὰρ
643 3271 753 3324 τῶν
810 3271 935 3325 τότε
989 3271 1118 3341 μίαν
1151 3270 1344 3324 οὐσίαν
1381 3269 1476 3323 καὶ
1515 3272 1668 3342 τρεῖς
1708 3271 1947 3325 ὑποστά-

346 3378 467 3426 σεις
492 3365 590 3418 ἐπὶ
620 3366 719 3435 τῆς
752 3366 914 3434 ἁγίας
949 3363 1445 3435 Τριάδοςάκούων,
1470 3365 1531 3417 τὸ
1563 3364 1667 3435 τῆς
1705 3365 1945 3419 ὑποστά-
1972 3398 2015 3457 C

343 3470 490 3520 σεως
536 3459 633 3510 καὶ
670 3457 864 3520 οὐσίας
910 3458 1013 3511 οὑκ
1046 3458 1163 3528 ᾔδει
1211 3457 1512 3528 διάφορον;
1549 3457 1568 3526 )
1611 3458 1848 3512 ἐνταῦθα
1884 3459 1944 3511 δὲ

339 3544 530 3608 οὐδεὶς
569 3546 828 3601 οὐδέποτε
890 3548 1001 3601 τῶν
1049 3549 1184 3619 παρ’
1214 3549 1352 3618 ἡμῖν
1402 3546 1671 3616 θεολόγων
1707 3544 1852 3615 εἷπε,
1883 3549 1946 3602 τὸ

344 3638 453 3709 μιν
479 3639 951 3705 ἐκπορεύεσθαι,
980 3639 1042 3692 τὸ
1079 3639 1356 3702 οὑσιωδῶς
1404 3640 1470 3692 ἐκ
1506 3638 1645 3691 Θεοῦ
1676 3639 1945 3710 ὑπάρχειν

340 3731 407 3783 τὸ
448 3729 682 3798 Πνεῦμα
710 3729 909 3799 δηλοῦν
934 3746 947 3760 ’
991 3728 1052 3783 τὸ
1075 3728 1131 3783 δὲ
1160 3712 1412 3799 προϊέναι
1444 3745 1526 3796 τε,
1554 3730 1650 3783 καὶ
1685 3732 1947 3803 προέρχε-

343 3822 499 3888 σθαι,
528 3821 857 3893 προχεῖσθαί
881 3838 942 3876 τε
972 3823 1069 3875 καὶ
1085 3821 1498 3891 ἐκπέμπεσθαι,
1525 3820 1657 3877 ἄλλο
1678 3840 1731 3875 τι
1747 3822 1944 3891 δηλοῦν

345 3919 509 3990 παρὰ
564 3920 626 3971 τὸ
690 3917 968 3982 οὑσιωδῶς
1021 3916 1292 3988 ὑπάρχειν
1342 3916 1402 3968 τὸ
1450 3916 1679 3986 Πνεῦμα
1719 3918 1785 3970 ἐκ
1845 3916 1941 3970 τοῦ

340 4011 510 4064 Θεοῦ.
556 4008 704 4062 Ἀλλ’
738 4009 890 4080 ὅμως
914 4006 1065 4061 οὕτω
1089 4007 1189 4077 τῆς
1220 4006 1489 4075 διαφορᾶς
1531 4006 1721 4069 οὐσίας
1754 4023 1811 4060 τε
1849 4006 1944 4061 καὶ

344 4104 711 4166 ὑποστάσεως
736 4101 1253 4171 άνομολογουμένης
1282 4100 1394 4161 τοῖς
1422 4099 1545 4151 τότε
1571 4101 1599 4151 ό
1639 4099 1942 4164 θεοείκελος

355 4196 691 4256 ’Δθανάσιος
728 4194 828 4260 τὴν
855 4190 1120 4260 τοιαύτην
1154 4190 1419 4260 διαφορὰν
1443 4190 1576 4259 παρ’
1610 4188 1841 4253 ἐκείνοις
1863 4190 1944 4253 εἰς

341 4287 621 4358 διαφορὰν
660 4286 841 4356 ἀφῆκε
880 4283 1219 4352 λογίζεσθαι,
1270 4284 1404 4353 παρ’
1436 4278 1521 4346 οἷς
1573 4283 1671 4336 καὶ⁹
1709 4284 1790 4347 είς
1826 4283 1942 4335 δια-

344 4382 529 4452 φορὰν
585 4378 736 4444 ἅπαξ
791 4374 1044 4445 ἐγνώσθη
1107 4375 1205 4429 καὶ
1258 4375 1515 4445 ἐλογίσθη
1581 4373 1669 4428 διὰ
1723 4374 1785 4427 τὸ
1840 4374 1944 4444 τῆς

342 4473 606 4544 γλώσσης
645 4465 970 4525 πλατύ.Ὦν
1017 4468 1074 4522 δέ
1108 4468 1170 4520 τὸ
1199 4467 1605 4540 ἐτερόγλωσσον
1647 4466 1834 4520 στενόν
1880 4483 1941 4519 τε

339 4567 442 4638 τῆς
474 4567 763 4640 προφορᾶς
790 4563 1057 4636 παραίτια
1092 4561 1268 4629 ἰδικῆς
1314 4559 1424 4613 τῶν
1451 4559 1655 4624 λέξεων
1683 4563 1936 4631 χρήσεως

339 4661 484 4732 ᾔδει,
550 4659 690 4713 ἀλλὰ
744 4656 959 4733 τούτοις
1025 4656 1253 4726 ἡμέρως
1332 4653 1786 4724 προσφερόμενος
1842 4656 1938 4707 καὶ

2051 789 2279 859 reliquis
2313 789 2666 859 prmpositum
2711 787 2803 853 sit,
2839 785 3301 841 considerandum
3350 794 3434 840 est
3471 801 3501 840 a
3535 802 3638 841 no-
3689 794 3695 839 ἶ

2053 879 2158 945 bis,
2186 865 2442 951 quaenam
2484 877 2950 935 essetdill‘erentia
2988 880 3131 932 inter
3150 893 3333 932 vocem
3359 879 3430 932 ob
3469 894 3634 948 quam

2052 974 2372 1029 scandalum
2416 987 2518 1028 nos
2573 980 2738 1040 atque
2809 970 2972 1025 Italos
3019 971 3248 1025 turbans
3306 972 3635 1027 suscitatum

2053 1072 2159 1127 est,
2192 1074 2243 1118 et
2276 1078 2466 1118 earum
2497 1077 2696 1117 vocum
2758 1063 2868 1117 vim
2912 1062 3113 1130 quibus
3160 1063 3370 1131 angelis
3411 1078 3638 1133 compar

2054 1156 2340 1229 proﬂigato
2371 1155 2600 1211 dissidio
2635 1155 2910 1211 Ecclesias
2939 1155 3352 1221 reconciliavit;
3384 1166 3458 1221 et,
3484 1156 3638 1226 quod

2055 1264 2159 1304 non
2213 1249 2333 1303 sine
2379 1247 2744 1303 admiratione
2797 1247 3022 1310 dicitur,
3083 1262 3187 1300 non
3241 1247 3498 1312 aliarum,
3534 1247 3633 1303 sed

2053 1342 2248 1397 barum
2306 1342 2617 1408 nationum,
2648 1351 2701 1395 ct
2755 1340 3149 1405 Ecclesiarum,
3183 1341 3252 1395 de
3284 1341 3485 1411 quibus
3534 1357 3640 1397 nos

2053 1449 2363 1491 sermonem
2395 1433 2758 1489 instituimus.
2783 1430 3029 1501 Namque
3058 1445 3154 1487 eos
3186 1448 3347 1487 unam
3375 1433 3642 1503 hyposta.

2054 1529 2183 1594 sim,
2216 1537 2440 1584 nostros
2484 1536 2595 1582 tres
2642 1527 2698 1580 in
2730 1523 2929 1579 Triade
2986 1539 3262 1588 asserere,
3314 1525 3633 1595 dogmatum

2052 1636 2287 1691 eamque
2338 1620 2636 1675 maximam
2709 1618 3073 1673 dill‘erentiam
3129 1617 3427 1688 importare
3486 1618 3638 1673 vide-

2052 1711 2235 1767 batur.
2307 1708 2763 1765 Sabellianismus
2833 1706 3036 1761 etenim
3110 1706 3196 1761 vel
3261 1706 3633 1773 Arianismus,

2054 1802 2201 1873 quod
2237 1802 2642 1873 suspicabatur,
2675 1808 2814 1856 erat.
2851 1798 2961 1854 Sed
2998 1798 3243 1867 prudens
3287 1796 3377 1853 hic
3417 1799 3636 1853 anima-

2055 1910 2176 1950 rum
2220 1904 2444 1949 curator
2490 1908 2598 1947 non
2652 1892 2718 1947 ad
2771 1890 3017 1954 voculas,
3054 1889 3150 1945 sed
3207 1889 3274 1945 ad
3310 1892 3635 1945 sententiam

2056 1995 2293 2043 mentem
2325 1986 2637 2051 intendens,
2672 1993 2750 2040 tot
2786 1982 3115 2051 enuntiavit,
3143 1991 3200 2038 et
3228 1983 3474 2053 scripsit,
3502 1996 3640 2054 quot

2052 2094 2221 2150 supra
2269 2079 2555 2154 designata
2603 2085 2753 2133 sunt.
2808 2074 2907 2131 Hic
2941 2089 3092 2142 vero,
3128 2076 3222 2143 qui
3256 2072 3462 2143 absque
3504 2091 3638 2131 cono

2052 2171 2302 2227 tentione
2354 2180 2409 2225 et
2440 2171 2556 2225 rixa
2611 2185 2698 2225 res
2741 2176 3033 2239 peragunt,
3066 2167 3297 2222 multum
3337 2167 3404 2222 ad
3450 2168 3641 2222 conci-

2052 2261 2293 2316 liandam
2337 2275 2527 2331 pacem
2580 2260 2750 2315 dictio
2802 2258 3036 2323 confert,
3072 2260 3289 2327 hocque
3336 2258 3640 2328 deprehen-

2051 2353 2183 2406 dere
2230 2359 2481 2421 possunt,
2540 2349 2805 2405 attentius
2847 2346 3128 2419 negotium
3179 2347 3485 2417 diiudicare
3529 2364 3640 2402 non

2053 2451 2391 2507 recusantes,
2426 2456 2565 2511 quas
2600 2455 2764 2495 voces
2799 2439 2925 2504 illae,
2950 2440 3082 2495 dum
3111 2438 3181 2494 de
3212 2437 3417 2494 Triade
3446 2454 3645 2510 agere-

2052 2542 2163 2600 tur,
2188 2534 2334 2590 vires
2384 2534 2684 2600 habebant,
2716 2547 2950 2604 quorum
2982 2531 3489 2603 pronuntiationem
3510 2547 3644 2587 con-

2052 2635 2330 2690 temnens,
2379 2625 2708 2680 sententiam
2745 2620 2813 2679 ad
2850 2624 3126 2693 pacandas
3168 2621 3444 2678 Ecclesias
3498 2624 3642 2677 arri-

2052 2719 2194 2791 puit,
2251 2719 2340 2773 cui
2401 2718 2472 2773 ab
2535 2714 2950 2772 immo'rtalitate
2988 2730 3191 2771 nomen
3252 2722 3357 2778 est.
3412 2723 3469 2771 et
3525 2732 3638 2786 quo

2052 2814 2375 2871 discrimine
2408 2813 2799 2884 disiunguntur
2829 2812 2935 2878 hae,
2973 2825 3073 2881 pro
3105 2809 3306 2881 quibus
3347 2824 3496 2865 nunc
3527 2825 3638 2866 ea!-

2052 2906 2176 2961 dem
2208 2904 2489 2970 Ecclesiae,
2520 2904 2575 2958 in
2610 2904 2695 2960 sui
2756 2903 2945 2960 odium
3003 2901 3118 2958 fere
3170 2901 3501 2973 inexpiabile
3551 2901 3641 2958 ln-

2050 2999 2420 3055 llammantur.
2453 2995 2703 3069 Namque
2735 2996 2812 3052 ibi
2844 2997 3038 3068 dogma
3072 2995 3361 3051 videbatur
3385 3009 3637 3065 compro-

2050 3095 2239 3149 batum
2280 3107 2312 3148 a
2347 3090 2629 3156 Patribus,
2659 3099 2711 3146 et
2741 3089 3062 3146 indubitatae
3094 3098 3366 3159 certaeque
3398 3098 3540 3143 notae
3579 3089 3635 3143 in

2050 3184 2320 3252 Ecclesia,
2356 3183 2580 3238 dimovi.
2639 3182 2798 3255 (Quis
2847 3181 2994 3236 enim
3045 3179 3103 3235 id
3155 3181 3417 3251 temporis
3469 3196 3637 3236 unam

2049 3276 2347 3331 essentiam
2376 3283 2432 3328 et
2460 3283 2573 3329 tres
2618 3273 2941 3344 hypostases
2972 3270 3026 3326 in
3078 3283 3267 3327 sancta
3293 3270 3492 3326 Triade
3536 3287 3639 3326 au-

2050 3365 2244 3428 diens.
2310 3365 2673 3436 bypostaseos
2727 3373 2784 3418 et
2837 3363 3093 3441 essentia
3154 3362 3455 3419 discrimen
3520 3378 3632 3420 non

2050 3455 2439 3527 agnoscebat?)
2476 3464 2533 3510 at
2565 3455 2654 3510 hic
2682 3468 2843 3510 nemo
2876 3469 3118 3525 unquam
3153 3468 3217 3508 ex
3249 3456 3453 3509 nostris
3481 3454 3636 3509 theo-
3660 3448 3673 3460 ’

2048 3549 2187 3619 logis
2226 3548 2537 3615 aﬂirmavit,
2587 3546 2897 3613 Procedere,
2929 3546 3077 3616 quod
3128 3561 3193 3601 ex
3226 3545 3340 3601 Deo
3373 3545 3639 3602 essentia-

2047 3640 2172 3694 liter
2202 3640 2470 3709 spiratum
2506 3653 2632 3694 esse
2695 3638 2898 3705 innuit,
2958 3638 3211 3706 progredi
3247 3651 3397 3704 vero,
3443 3652 3641 3708 prove—

2048 3733 2190 3795 nire.
2232 3731 2552 3800 eﬂundique
2587 3740 2642 3785 et
2679 3728 2854 3785 emitti
2907 3729 3058 3784 aliud
3092 3730 3373 3800 quidpiam
3426 3740 3636 3799 notare,

2048 3839 2215 3894 quam
2252 3822 2622 3877 essentialiter
2653 3836 2777 3877 esse
2810 3821 3077 3891 Spiritum
3108 3835 3174 3875 ex
3211 3820 3396 3877 Patre.
3428 3820 3639 3877 Nihilo-

2048 3914 2233 3968 minus
2265 3913 2521 3969 essentiae
2571 3921 2739 3982 atque
2792 3911 3102 3983 bypostasis
3144 3911 3455 3967 dill‘erentia
3499 3914 3634 3968 nulli

2048 4020 2113 4060 ex
2141 3996 2229 4072 iis,
2259 4005 2353 4075 qui
2385 4012 2502 4059 tum
2535 4012 2713 4072 erant,
2734 4014 3110 4072 controversa,
3134 4000 3355 4063 divinus
3392 4007 3633 4064 Athana-

2047 4099 2166 4154 sius
2192 4096 2562 4156 dill'ercntiam
2600 4097 2950 4177 \apprehendi
2986 4100 3284 4163 concessit,
3317 4102 3459 4170 apud
3494 4116 3634 4171 quos

2047 4191 2358 4247 differentia
2414 4190 2584 4245 semel
2636 4205 2761 4245 esse
2826 4190 3166 4257 innotuerat,
3218 4198 3273 4246 et
3332 4192 3639 4248 ini-aluerat

2045 4295 2269 4354 propter
2289 4282 2492 4348 linguae
2522 4282 2938 4347 abundantiam,
2972 4296 3210 4351 quorum
3233 4297 3360 4337 vero
3393 4284 3632 4356 linguam

2045 4384 2273 4445 propter
2337 4373 2425 4429 sui
2487 4373 2726 4443 inOpiam
2800 4373 3130 4445 peculiarem
3190 4388 3380 4427 earum
3437 4388 3632 4430 vocum

2044 4482 2203 4522 usum
2220 4466 2518 4521 induxisse
2539 4474 2896 4535 cognoverat,
2935 4481 3059 4520 cum
3089 4465 3197 4521 illis
3222 4475 3411 4535 pacate
3435 4465 3637 4523 frater-

2045 4570 2227 4626 neque
2265 4571 2326 4611 se
2366 4570 2586 4627 gerens,
2622 4570 2820 4609 vocum
2874 4555 3206 4611 sententiam
3244 4557 3631 4629 investigahat,

2044 4658 2099 4704 et
2147 4648 2475 4720 prolationis
2532 4663 2730 4703 sonum
2781 4649 3006 4704 minime
3046 4665 3270 4715 curans,
3315 4651 3633 4707 intentionis

338 4751 677 4822 ἁδελφικῶς,
714 4749 806 4803 τὸν
832 4747 960 4802 νοῦν
998 4747 1110 4800 τῶν
1139 4745 1341 4811 λέξεων
1384 4745 1686 4815 άνηρεύνα,
1716 4745 1813 4797 καὶ
1847 4746 1939 4799 τὸν

2048 4743 2286 4798 fructum
2319 4740 2671 4810 decerpcbat,
2704 4755 2842 4810 opus
2875 4740 3036 4810 plane
3069 4742 3294 4797 molitus
3337 4742 3437 4795 viri
3475 4743 3633 4797 Chri-

340 4847 442 4917 τῆς
496 4845 869 4914 ἐκφωνήσεως
917 4838 1182 4910 παρορῶν
1226 4834 1384 4910 ἦχον,
1421 4839 1515 4890 τὸν
1547 4837 1643 4907 τῆς
1693 4836 1939 4901 διανοίας

311 4930 555 5009 ’ἐτρύγα
593 4933 832 5004 καρπὸν,
868 4932 1032 5001 ἔργον
1063 4930 1224 4984 τοῦτο
1255 4929 1427 4983 ποιῶν
1462 4928 1657 4998 ἀνδρὸς
1701 4929 1935 4999 Χριστὸν

344 5030 722 5100 μιμουμένου,
788 5026 937 5080 λίθον
978 5026 1070 5078 τὸν
1129 5025 1551 5093 ἁκρογωνιαῖον,
1584 5022 1676 5074 τὸν
1718 5023 1785 5074 τὰ
1825 5022 1936 5075 διε-

340 5126 530 5178 στῶτα
567 5120 911 5192 συνδήσαντα
957 5108 1431 5185 καϊσυνάψαντα.
1479 5113 1619 5168 Ἀλλ’
1676 5116 1793 5167 ἐκεῖ
1835 5114 1936 5184 μὲν

335 5220 367 5272 δ
404 5234 460 5272 τι
492 5214 927 5286 ἀνακρινόμενοι
957 5212 1088 5282 παρ’
1114 5210 1283 5265 αὑτοῦ
1337 5208 1532 5263 Ἰταλοὶ
1557 5207 1934 5278 ἀπελογήσαν-

333 5328 447 5376 το;
516 5309 855 5363 ’Υπόστασιν
922 5306 1025 5378 μὲν
1095 5306 1331 5374 λέγομεν
1379 5301 1675 5375 ⁴ἡγούμενοι
1733 5301 1933 5355 ταυτὸν

328 5403 480 5461 εἶναι
510 5405 691 5457 είπεῖν
734 5401 1036 5455 ὑπόστασιν
1069 5401 1167 5453 καὶ
1186 5398 1377 5452 οὐσίαν
1404 5412 1419 5427 ο
1452 5396 1578 5467 μίαν
1604 5395 1660 5448 δὲ
1701 5394 1932 5467 φρονοῦ-

334 5517 443 5572 μεν
501 5498 596 5553 διὰ
635 5499 698 5551 τὸ
749 5498 815 5551 ἐκ
855 5498 956 5566 τῆς
1015 5493 1205 5557 οὐσίας
1263 5491 1358 5546 τοῦ
1392 5490 1607 5560 Πατρὸς
1662 5485 1803 5542 εἶναι
1841 5489 1934 5543 τὸν

329 5594 492 5658 Υίὸν,
529 5593 628 5647 καὶ
664 5589 755 5644 διὰ
778 5589 879 5659 τὴν
899 5587 1213 5656 ταυτότητά
1240 5585 1341 5656 τῆς
1370 5583 1614 5653 φύσεως,
1646 5581 1933 5646 ἀσπασίως

330 5687 362 5739 δ
396 5686 597 5752 ’Λγιος
637 5682 738 5754 τὴν
772 5679 1078 5749 ἀπολογίαν
1118 5678 1439 5749 προσήκατο
1463 5716 1480 5741 ,
1527 5675 1622 5729 καὶ
1657 5674 1756 5744 τὴν
1802 5674 1936 5742 παρ’

330 5782 472 5849 ἡμῖν
503 5774 1023 5847 δεδογματισμένην
1053 5772 1152 5841 τῆς
1191 5769 1384 5833 οὐσίας
1437 5768 1532 5823 καὶ
1577 5767 1933 5830 ὑποστάσεως

329 5870 608 5943 διαφορὰν
662 5863 939 5938 παριδὼν,
985 5864 1087 5932 τὴν
1125 5860 1219 5914 ἐπὶ
1264 5859 1344 5931 τῷ
1378 5860 1657 5932 συμφώνῳ
1699 5856 1796 5927 τῆς
1848 5857 1933 5912 ἐν·

660 5964 942 6027 Pauca.
976 5957 1094 6019 Gn.
1128 5953 1331 6017 CXLI.

2042 4845 2189 4891 stum
2221 4833 2552 4896 aemulantis,
2578 4832 2897 4903 angularem
2935 4830 3191 4903 lapidem,
3220 4834 3314 4902 qui
3355 4833 3625 4904 disjuncta

2041 4926 2336 4998 colligavit.
2373 4927 2778 4996 copulavitque.
2832 4923 2901 4979 Et
2925 4924 3023 4990 ibi,
3060 4924 3187 4995 quid
3214 4926 3528 4996 interrogati
3560 4927 3629 4979 ab

2040 5022 2233 5076 eodem
2276 5019 2402 5074 ltali
2459 5018 2903 5089 responderunt?
2958 5016 3310 5089 Hypostasim
3367 5020 3624 5084 dicimus,

2040 5113 2184 5167 idem
2222 5126 2346 5167 esse
2379 5111 2723 5182 bypostasim
2771 5121 2825 5164 et
2871 5110 3166 5165 essentiam
3221 5111 3625 5176 existimantes,

2043 5218 2207 5257 unam
2243 5217 2372 5257 vero
2397 5211 2670 5266 tenemus,
2702 5201 2848 5266 quod
2879 5216 2944 5257 ex
2976 5202 3215 5258 essentia
3252 5200 3426 5256 Patris
3452 5199 3625 5255 Filius

2042 5305 2150 5360 est,
2207 5302 2263 5349 et
2321 5301 2547 5363 propter
2577 5290 2825 5348 eamdem
2879 5302 3158 5347 naturam.
3210 5290 3392 5358 Aﬂquo
3440 5293 3626 5346 animo

2045 5400 2271 5445 sanctus
2311 5387 2724 5456 responsionem
2770 5386 3013 5453 admisit,
3048 5388 3140 5455 et;
3169 5382 3314 5455 quod
3348 5387 3487 5454 apud
3521 5400 3623 5439 nos

2042 5491 2163 5537 erat
2211 5482 2514 5548 decretum,
2558 5480 2815 5535 essentiaa
2863 5488 2917 5534 et
2965 5475 3280 5548 hypostasis
3320 5474 3620 5531 discrimen

2040 5572 2343 5643 negligens,
2387 5586 2513 5626 cum
2555 5572 2836 5627 sententia:
2871 5568 3322 5633 coneordassent,
3357 5565 3622 5622 Ecclesia-

2038 5682 2159 5722 rum
2192 5666 2449 5722 unionem
2483 5665 2571 5736 pie
2601 5663 2853 5735 perfecit.
2887 5662 2990 5717 Hic
3031 5670 3214 5715 autem
3247 5674 3374 5715 cum
3407 5660 3619 5716 nullum

2040 5777 2071 5815 a
2102 5760 2360 5819 Patribus
2391 5769 2672 5817 asseratur
2710 5758 3012 5815 discrimen
3070 5754 3125 5808 in
3162 5755 3486 5826 erplicando
3526 5770 3625 5808 na-

2040 5853 2293 5910 turaliter
2336 5862 2393 5908 et
2438 5851 2804 5922 essentiallter
2837 5849 3100 5920 Spiritum
3132 5863 3254 5905 esse
3295 5864 3363 5904 ex
3401 5847 3532 5915 Deo,
3562 5848 3617 5903 in

3179 5944 3220 6005 2
