4058 6416
341 374 417 439 45
1452 372 1550 434 DE
1592 371 1890 435 UNIONE
1932 371 2494 441 ECCLESIARUM.
3555 368 3626 432 £6

346 494 513 565 ζῆλον
544 535 557 555 .
597 493 673 558 ὡς
732 494 808 565 μὴ
870 490 1101 562 ὤφελες,
1156 492 1550 566 ὑπεραναῦὰς,
1613 490 1939 555 Ἀθανάσιος

2045 490 2311 560 Spiritum
2358 506 2523 547 esse:
2561 499 2935 563 praetereaque
2999 493 3146 562 quod
3217 507 3416 561 magno
3470 490 3625 546 Basi-

346 587 449 658 τὴν
484 584 805 658 Ῥωμαϊκὴν
844 584 1181 658 Ἐκκλησίαν
1204 589 1284 650 εἰς
1308 585 1596 640 κοινωνίαν
1625 585 1936 654 προσίεται,

348 682 485 750 μίαν
513 682 819 735 ὑπόστασιν
843 679 1113 749 λέγουσαν
1139 680 1234 733 τὸν
1269 679 1491 749 Πατέρα
1533 678 1628 731 καὶ
1660 677 1752 731 τὸν
1784 677 1936 741 Υίον,

344 771 440 826 διὰ
476 772 540 826 τὸ
579 774 645 826 ὲκ
682 775 787 844 τῆς
833 772 1027 835 οὐσίας
1067 770 1163 825 τοῦ
1204 771 1417 844 Πατρὸς
1465 768 1607 824 εἶναι
1643 771 1735 824 τὸν
1784 769 1937 833 Υἱὸν,

346 864 448 916 καὶ
484 864 579 919 διὰ
638 864 740 935 τὴν
789 865 1099 934 ταυτότητα
1151 865 1253 935 τῆς
1305 864 1543 932 φύσεως,
1589 862 1686 916 καὶ
1735 863 1800 917 σὺ
1838 864 1939 935 τὴν

345 957 617 1029 τοιαύτην
652 956 851 1028 ἀπωθῇ
905 955 1256 1025 Ἐκκλησίαν,
1297 958 1363 1010 ὲκ
1404 955 1622 1026 Πατρὸς
1658 955 1753 1008 καὶ
1805 952 1938 1006 Υίοῦ

342 1048 409 1100 τὺ
439 1045 673 1114 Πνεῦμα
697 1044 973 1115 λέγουσαν
1004 1046 1432 1116 ἐκπορεύεσθαι,
1470 1045 1561 1100 διὰ
1587 1046 1649 1099 τὸ
1683 1043 1939 1115 ἡγεῖσθαι

348 1138 527 1207 μηδὲν
554 1139 845 1209 διαφέρειν
884 1139 1063 1193 εἰπεῖν
1106 1141 1171 1193 ὲκ
1215 1139 1428 1209 Πατρδς
1469 1140 1566 1192 καὶ
1619 1136 1753 1191 Υίοῦ
1806 1137 1940 1190 αὐτὸ

346 1234 609 1305 προϊέναι
641 1252 704 1288 τε
737 1235 835 1288 καὶ
874 1236 1269 1308 προέρχεσθαι,
1324 1235 1420 1290 καὶ
1465 1237 1528 1287 ἐκ
1579 1233 1792 1304 Πατρὸς
1844 1233 1941 1286 καὶ

350 1326 486 1401 Υίοῦ
536 1328 954 1399 ἐκπορεύεσθαι
992 1328 1081 1383 διὰ
1116 1328 1178 1382 τὸ
1208 1329 1318 1382 τῶν
1349 1327 1549 1392 λέξεων
1591 1326 1939 1395 ἰσοδύναμον,

347 1413 545 1485 ἑφόἷς
589 1418 805 1472 ἅπασαι
853 1411 1017 1473 αὗται
1066 1419 1292 1490 δηλοῦσι
1332 1419 1529 1481 κοινῶς
1568 1418 1628 1470 τὸ
1665 1416 1940 1479 οὐσιωδῶς

348 1511 416 1563 ἐκ
459 1509 598 1563 Θεοῦ
644 1511 704 1565 τὸ
745 1512 977 1583 Πνεῦμα
1029 1514 1323 1583 ὑπάρχειν.
1362 1514 1485 1565 Ἔτι
1522 1512 1580 1565 δὲ
1617 1511 1706 1565 διὰ
1752 1510 1815 1564 τὸ
1862 1511 1942 1581 τῷ

352 1601 581 1673 μεγάλῳ
632 1604 929 1658 πείθεσθαι
969 1603 1263 1672 Βασιλείῳ,
1312 1623 1330 1655 ι
1364 1606 1474 1658 πᾶν
1527 1603 1788 1677 τδπαρά
1841 1599 1938 1655 τοῦ

353 1694 486 1747 Υίοῦ
536 1695 838 1766 λεγόμενον
880 1693 1021 1751 εἶναι
1065 1699 1146 1760 εἰς
1189 1697 1290 1768 τὴν
1338 1698 1567 1767 πρώτην
1612 1698 1796 1752 αἰτίαν
1844 1697 1939 1749 τὸν

356 1788 575 1859 Πατέρα
605 1789 831 1859 λέγοντι
870 1791 1245 1862 ἀναφέρεσθαι
1274 1806 1290 1824 ο
1353 1810 1372 1845 ι
1405 1792 1545 1860 ὅπερ
1578 1791 1660 1854 εἰς
1709 1792 1941 1860 ἀνατρο-

2044 580 2115 635 lio
2147 580 2380 636 credunt
2411 582 2614 636 dicenti
2651 599 2664 634 :
2709 601 2729 633 ι
2778 582 3058 652 Quidquid
3115 597 3181 637 ex
3243 579 3383 635 Filio
3424 581 3628 637 dicitur

2042 689 2185 741 esse,
2220 676 2276 729 in
2308 677 2541 746 primam
2577 690 2800 731 causam
2833 674 3048 730 Patrem
3083 674 3389 739 reducitur,
3424 693 3443 725 ι
3478 674 3628 744 quod

2042 769 2109 823 ad
2142 771 2253 824 duo
2302 770 2574 838 principia
2630 769 2947 833 evertenda,
3005 783 3291 838 unumque
3349 767 3630 822 stabilicn-
3678 792 3683 834 ε

2042 844 2173 917 dum
2211 872 2437 919 sanctus
2473 864 2601 926 iste,
2633 873 2693 918 ut
2741 865 2908 934 plane
2930 861 3282 917 manifestum
3315 871 3417 925 est,
3453 877 3632 915 enun-

2041 956 2236 1035 tiavit?
2274 956 2356 1010 Tu
2413 971 2580 1026 porro
2616 959 2661 1011 si
2698 972 2956 1026 magnum
3006 970 3116 1010 non
3159 955 3440 1025 dignoscis
3476 954 3632 1009 Basi—

2041 1049 2175 1104 lium
2211 1051 2263 1103 in
2295 1050 2498 1120 quibus
2542 1050 2696 1116 dicit,
2730 1050 2876 1119 quod
2905 1065 2933 1103 a
2967 1049 3105 1103 Filio
3136 1064 3260 1105 esse
3305 1049 3526 1111 dicitur,
3558 1047 3629 1101 ad

2044 1141 2279 1212 primam
2329 1157 2554 1196 causam
2617 1141 2944 1197 relationem
3007 1141 3231 1206 habere,
3267 1149 3629 1206 astruentem,

2043 1233 2275 1287 duorum
2309 1233 2704 1302 principiorum
2752 1232 3149 1297 amolitionem,
3194 1240 3251 1285 et
3298 1233 3461 1286 unius
3491 1248 3630 1287 con-

2046 1322 2437 1378 siderationem
2474 1324 2875 1391 insinuantem,
2903 1332 3160 1378 accurate
3194 1332 3434 1377 mentem
3464 1324 3631 1379 dictis

2044 1417 2217 1471 sancti
2244 1415 2438 1486 ﬁgens,
2459 1424 2708 1470 actdtum
2737 1416 2805 1470 ad
2831 1431 3021 1470 eorum
3049 1416 3421 1486 dignotioncm
3444 1431 3634 1485 pervc—

2046 1508 2214 1564 neris.
2264 1507 2489 1563 Attento
2535 1508 2722 1578 itaque
2752 1508 2827 1564 sis
2857 1510 3063 1563 animo.
3122 1508 3350 1578 Magnus
3394 1508 3632 1565 Basilius

2044 1615 2144 1669 pro
2179 1598 2386 1667 Spiritu
2447 1608 2638 1657 sancto
2696 1602 2963 1657 adversus
3015 1603 3342 1656 Eunomium
3392 1600 3635 1671 Spiritus

2046 1695 2258 1748 hostem
2306 1693 2623 1756 decertans,
2662 1709 2769 1749 non
2828 1696 2904 1748 illi
2947 1696 3277 1750 contradicit
3338 1695 3631 1759 asserenti,

2045 1801 2110 1840 ex
2156 1786 2295 1840 Filio
2325 1802 2450 1841 esse
2500 1787 2793 1856 Spiritum,
2827 1798 2882 1843 et
2909 1788 3271 1843 nihilominus
3312 1790 3357 1844 si
3407 1799 3634 1844 sanctus

361 1879 471 1948 πὴν
498 1883 598 1950 μὲν
623 1882 1056 1954 τῆςοδυαρχίας,
1091 1883 1447 1953 κατασκευὴν
1494 1882 1550 1935 δὲ
1594 1881 1696 1951 τῆς
1736 1896 1939 1952 μοναρ-

2044 1893 2109 1933 ex
2146 1868 2287 1933 Filio
2323 1893 2449 1933 esse
2481 1877 2746 1953 Spiritum
2780 1895 2889 1934 non
2939 1880 3270 1945 admitteret,
3309 1879 3451 1936 lorte
3504 1882 3633 1938 inde

348 1974 474 2042 χίας
510 1974 539 2024 6
580 1975 772 2042 Ἀγιος
814 1972 974 2039 οὗτος
1000 1978 1140 2029 κατὰ
1171 1976 1234 2029 τὸ
1274 1976 1451 2045 πάντη
1475 1974 1743 2046 πρόδηλον
1785 1973 1943 2043 εῐρη-

346 2079 465 2119 κεν.
495 2064 571 2118 Σὺ
599 2064 643 2117 δ’
668 2065 786 2119 ἀλλ’
817 2068 866 2119 εἰ
896 2066 972 2138 μὴ
1010 2068 1104 2120 τὸν
1142 2068 1319 2138 μέγαν
1347 2067 1735 2135 διαγινώσκεις
1767 2065 1933 2118 Βασί-

344 2153 513 2219 λειον,
532 2156 593 2208 ὲν
617 2151 699 2219 οἷς
727 2156 879 2227 λέγει
904 2159 966 2212 τὸ
994 2158 1146 2227 παρὰ
1169 2159 1265 2211 τοῦ
1298 2158 1432 2214 Υίοῦ
1450 2153 1597 2211 εἶναι
1620 2156 1938 2226 λεγόμενον,

341 2252 486 2321 πρὸς
516 2252 619 2323 τὴν
648 2254 877 2325 πρώτην
917 2254 1100 2307 αἰτίαν
1126 2254 1228 2323 τὴν
1255 2254 1536 2322 ἀναφοράν
1566 2250 1735 2321 ἔχειν,
1767 2262 1942 2302 κατα-

340 2344 697 2409 σκευάζοντα
736 2347 838 2415 τὴν
866 2346 970 2415 τῆς
1007 2345 1277 2418 δυαρχίας
1314 2342 1653 2414 ἀνατροπὴν,
1706 2345 1801 2397 καὶ
1842 2342 1944 2413 τὴν

336 2436 445 2506 τῆς
489 2438 623 2507 μιᾶς
669 2438 850 2508 ἀρχῆς
890 2440 1306 2509 παρεισάγοντα
1345 2437 1581 2499 ἔννοιαν,
1622 2435 1751 2489 ἀλλ’
1781 2436 1945 2505 ἀκρι-

339 2529 459 2595 σῶς
500 2533 809 2604 ἐπιστήσας
865 2527 949 2597 οἷς
986 2533 1015 2586 6
1055 2531 1213 2602 ἅγιος
1263 2532 1381 2589 ἐκεῖ
1410 2530 1599 2599 λέγει,
1641 2530 1722 2593 εἰς
1776 2529 1942 2597 τάχος

337 2621 547 2695 neris-9
589 2623 730 2693 πρὸς
763 2624 867 2695 τὴν
904 2623 1114 2678 τούτων
1154 2623 1469 2692 διάγνωσιν.
1527 2620 1732 2674 Σκόπει
1761 2618 1891 2687 γάρ’
1914 2619 1943 2670 6

345 2716 528 2782 μέγας
575 2713 891 2780 Βασίλειος,
919 2716 1050 2787 περί
1087 2714 1182 2769 τοῦ
1239 2715 1400 2784 ἁγίου
1445 2713 1765 2782 Πνεύματος
1818 2709 1940 2764 κατ’

357 2804 655 2875 Ἐὑνομίου
685 2806 781 2861 τοῦ
807 2807 1284 2879 Πνευματομάχου
1313 2804 1762 2877 μαχόμενος,οὐκ
1795 2804 1943 2855 ἀντι-

340 2890 497 2956 λέγει
520 2890 694 2961 αὐτῷ,
731 2892 819 2960 ἐφ’
849 2889 933 2954 οἷς
979 2893 1168 2945 ἀκούει
1213 2892 1467 2960 λέγοντος
1518 2890 1686 2945 αὑτοῦ
1728 2890 1797 2942 ἐκ
1843 2886 1942 2940 τοῦ

344 2980 477 3033 Υίοῦ
508 2977 652 3036 εἶναι
685 2983 749 3057 τὸ
782 2982 1031 3055 Πνεῦμα.
1062 2986 1261 3038 Καίτοι
1287 3000 1353 3052 γε
1387 2985 1436 3036 εἰ
1474 2982 1551 3052 μὴ
1576 2984 1638 3036 ἐκ
1666 2981 1762 3035 τοῦ
1813 2980 1943 3034 Υίοῦ

342 3069 489 3127 εἶναι
526 3075 590 3128 τὸ
627 3076 855 3147 Πνεῦμα
881 3078 910 3128 6
938 3077 1094 3145 ἆγιος
1125 3076 1475 3146 παρεδέχετο,
1510 3074 1633 3146 τάχ’
1662 3074 1730 3129 ἂν
1757 3073 1945 3127 ἐντεῦ-

2044 1971 2220 2040 magis
2261 1986 2326 2026 ac
2382 1972 2557 2042 magis
2611 1987 2675 2027 os
2720 1970 2924 2027 eﬂ‘rene
2985 1970 3238 2041 Eunomii
3293 1973 3636 2043 obturasset,

2042 2077 2165 2117 cum
2208 2059 2400 2130 pOsset
2447 2063 2652 2127 dicere,
2687 2062 2935 2129 Quanam
2955 2064 3203 2128 ratione,
3236 2062 3497 2131 Eunomi,
3533 2081 3593 2120 ar
3622 2094 3635 2102 ο

2043 2152 2142 2208 des
2165 2154 2375 2219 dicere,
2405 2169 2472 2208 ex
2505 2152 2644 2208 Filio
2683 2168 2805 2209 esse
2843 2152 3106 2225 Spiritum
3134 2164 3411 2221 sanctum,
3442 2155 3537 2226 qui
3563 2170 3630 2215 ex

2045 2247 2166 2301 solo
2197 2245 2361 2303 Patre
2409 2247 2533 2301 est?
2580 2245 2683 2303 Sed
2715 2249 2960 2317 pessimo
2990 2247 3195 2319 Deique
3232 2249 3378 2304 hosti
3414 2261 3636 2305 contra-

2007 2340 2197 2404 .dicit,
2245 2339 2395 2409 quod
2430 2340 2522 2394 ille
2555 2355 2622 2395 ex
2658 2342 2776 2395 solo
2833 2339 2978 2394 Fiiin
3023 2340 3293 2411 Spiritum
3352 2358 3474 2399 esse
3525 2353 3640 2399 sta-

2044 2441 2241 2486 tueret.
2273 2430 2389 2484 Hoc
2427 2432 2574 2486 enim
2607 2433 2787 2487 innuit
2812 2434 3027 2499 dicens,
3062 2452 3080 2486 ι
3116 2433 3409 2500 Quomodo
3446 2436 3636 2506 itaque

2046 2539 2269 2579 causam
2299 2524 2539 2594 Spiritus
2579 2522 2868 2594 Unigenito
2899 2526 3003 2580 soli
3044 2526 3320 2581 vindicat?
3348 2526 3503 2593 Quod
3535 2546 3637 2583 au-

2047 2627 2155 2669 tem
2193 2616 2302 2670 duo
2340 2616 2611 2686 principia
2672 2618 3020 2687 apertissime
3062 2618 3313 2687 inferret,
3356 2623 3521 2690 quo'd.
3551 2624 3636 2679 ,ιώ

2047 2708 2320 2763 Ειιιιοηιίο
2365 2708 2679 2771 dicebatur,
2727 2725 2792 2765 ex
2837 2709 2999 2765 Patre
3044 2711 3221 2766 solum
3274 2710 3472 2768 Filium
3513 2729 3639 2769 esse

2046 2800 2399 2867 decernente,
2439 2812 2497 2856 et
2549 2800 2815 2871 Spiritum
2873 2818 2939 2856 ex
2987 2802 3126 2858 Filio
3173 2806 3354 2859 solum
3382 2844 3398 2869 ,
3448 2811 3634 2861 statim

2049 2902 2277 2947 sanctus
2299 2892 2525 2948 subdit:
2560 2912 2578 2946 ι
2618 2892 2675 2948 Si
2702 2894 2889 2964 itaque
2924 2895 3036 2949 duo
3073 2895 3343 2967 principia
3362 2898 3466 2953 sibi
3501 2915 3636 2954 cor:-

2051 2985 2221 3039 traria
2244 2985 2519 3039 inducens
2544 2985 2669 3041 haec
2687 2985 2785 3050 ait,
2816 3004 2835 3037 ι
2863 2983 3171 3042 Eunomius
3195 2989 3429 3055 scilicet,
3462 3008 3482 3042 ι
3507 3006 3631 3045 cum

2048 3076 2352 3133 Manicbazo
2397 3088 2561 3149 atque
2599 3076 3265 3149 Marcione'conteretur;
3319 3082 3368 3138 si
3410 3099 3538 3137 vero
3566 3085 3637 3139 ab

345 3167 443 3221 θεν
472 3169 676 3238 μᾶλλον
704 3168 997 3240 άπὲφραξε
1027 3172 1204 3239 στόμα
1241 3170 1511 3239 Εὑνομίου
1544 3170 1607 3222 τὸ
1632 3168 1941 3232 ἀπύλωτον,

342 3264 523 3315 εἰπεῖν
560 3261 700 3334 ἔχων
722 3278 743 3297 ’ν
769 3265 894 3326 Πῶς
924 3265 1084 3331 ὅλως,
1121 3264 1376 3333 Εύνόμιε,
1420 3263 1625 3332 τολμᾷς
1662 3261 1846 3330 λέγειν
1877 3263 1939 3314 ὲκ

2046 3265 2272 3329 seritur,
2293 3263 2360 3317 ad
2378 3262 2612 3333 primam
2629 3278 2850 3317 causam
2880 3263 3200 3319 relationem
3224 3266 3407 3321 habet.
3437 3286 3456 3319 ι
3482 3268 3639 3322 Anne

341 3355 442 3409 τοῦ
484 3355 619 3409 Υίοῦ
673 3352 815 3409 εἶναι
858 3356 921 3410 τὸ
963 3358 1029 3409 ἑκ
1060 3357 1225 3422 μόνου
1283 3356 1378 3409 τοῦ
1422 3357 1639 3420 Πατρὸς
1688 3354 1939 3427 ὑπάρχον

2047 3364 2133 3410 est
2172 3355 2279 3409 hoc
2319 3354 2692 3421 manilestius,
2731 3369 2901 3409 unum
2954 3355 3284 3425 principium
3323 3365 3378 3411 et
3409 3373 3633 3413 causam

2049 3186 2182 3236 una,
2215 3186 2338 3241 quae
2365 3178 2515 3236 sunt,
2552 3171 2846 3242 appendet,
2882 3172 3028 3240 quod
3066 3188 3096 3227 a
3142 3171 3282 3227 Filio
3313 3172 3518 3229 factum
3550 3190 3639 3230 as-
3710 3180 3714 3185 ’

341 3447 505 3515 ἅγιον
530 3446 790 3518 Πνεῦμας
829 3448 975 3517 Ἀλλ’
1007 3449 1281 3517 ἀντιλέγει
1303 3448 1382 3521 τῷ
1414 3450 1658 3519 κακίστῳ
1687 3449 1781 3503 καὶ
1815 3450 1939 3501 θεο-

2050 3461 2215 3500 unam
2234 3445 2525 3507 inducens,
2540 3460 2665 3500 cum
2684 3445 2811 3514 quis
2827 3461 2890 3500 ex
2907 3444 3047 3499 Filio
3061 3445 3475 3516 dicitSpiritum
3492 3451 3639 3506 esse?
3740 3516 3743 3523 ί

344 3542 533 3612 μάχῳ.
565 3542 649 3594 δτι
678 3543 745 3594 ἐκ
777 3543 942 3612 μόνου
987 3541 1086 3595 τοῦ
1128 3539 1262 3595 Υίοῦ
1312 3541 1675 3611 ἐδογμάτιζεν
1727 3543 1938 3603 ἐκεῖνος

2046 3537 2186 3594 Cum
2228 3547 2455 3594 sanctus
2493 3537 2560 3592 ad
2609 3538 2998 3593 stabiliendum
3033 3539 3188 3603 illud,
3232 3555 3356 3608 quae
3387 3550 3540 3603 sunt,
3568 3557 3637 3596 ex

340 3628 491 3687 εἶναι
517 3634 582 3687 τὸ
613 3634 864 3705 Πνεῦμα.
896 3634 1072 3688 Τοῦτο
1092 3634 1203 3705 γὰρ
1226 3634 1378 3706 δηλοί
1403 3634 1577 3702 λέγων
1596 3651 1608 3664 ·
1646 3651 1664 3685 ι
1689 3633 1814 3697 Πῶς
1844 3633 1938 3688 οῦν

2051 3647 2164 3686 ιιηο
2185 3630 2498 3701 dependere
2527 3630 2821 3700 principio,
2851 3631 2987 3687 illud
3013 3642 3279 3698 assumat,
3312 3634 3377 3687 ad
3406 3634 3637 3701 primam

338 3727 445 3799 τὴν
470 3728 569 3782 τοῦ
593 3730 913 3800 Πνεύματος
942 3729 1126 3782 αἰτίαν
1156 3730 1235 3801 τῷ
1253 3730 1553 3798 Μονογενεῖ
1582 3727 1729 3798 μόνῳ
1760 3743 1935 3797 7:903-

2046 3740 2271 3781 causam
2297 3723 2626 3778 relationem
2652 3724 2873 3787 habere,
2892 3725 3038 3792 quod
3058 3740 3088 3779 a
3113 3725 3249 3780 Filio
3267 3741 3388 3781 esse
3410 3728 3635 3783 dicitur.

341 3824 609 3893 τίθησιν;
652 3843 673 3876 ι
712 3824 836 3877 Ὅτι
878 3825 936 3878 δὲ
966 3824 1230 3895 δυαρχίας
1285 3822 1530 3893 ἔμφασιν
1570 3818 1684 3892 εἶχε
1751 3821 1813 3874 τὸ
1844 3820 1978 3891 παρ’
2021 3818 2291 3889 Εὑνομίου
2323 3817 2618 3886 λεγόμενον
2651 3818 2718 3870 ὲκ
2779 3816 2874 3870 τοῦ
2908 3818 3143 3889 Πατρδς,
3190 3820 3352 3889 μόνον
3381 3820 3475 3874 τὸν
3508 3821 3638 3877 Υίὸν

338 3914 777 3987 δογματίζοντος
835 3914 1004 3985 εἶναι,
1043 3919 1139 3973 καὶ
1215 3917 1277 3971 τὸ
1322 3916 1547 3986 Πνεῦμα
1590 3919 1655 3970 ὲκ
1701 3914 1795 3969 τοῦ
1847 3915 1979 3970 Υίοῦ
2024 3914 2205 3983 μόνον,
2240 3911 2437 3979 ἐπάγει
2484 3913 2514 3965 6
2580 3914 2736 3980 ἅγιος
2766 3912 3088 3980 παρευθύς·
3125 3931 3144 3965 ι
3188 3914 3249 3967 Εἰ
3283 3915 3383 3984 μὲν
3422 3910 3515 3969 οῦν
3543 3916 3638 3970 δύο

337 4011 527 4085 ἀρχὰς
573 4012 1039 4080 ἀντιπαρεξάγων
1077 4009 1360 4079 ἀλλήλαις,
1398 4008 1573 4062 ταῦτά
1619 4010 1811 4077 φησὶν,
1854 4026 1873 4060 ι
1918 4009 1946 4060 6
1985 4005 2252 4075 Εύνόμιος
2291 4002 2559 4072 δηλονότι,
2609 4020 2629 4054 ι
2656 4002 2796 4072 μετά
2826 4003 3134 4073 Μανιχαίου
3167 4004 3262 4057 καὶ
3309 4005 3637 4076 Μαρκίωνος

340 4086 773 4182 συντριϐήσεται
798 4124 814 4140 ο
842 4110 891 4160 εἰ
920 4108 979 4160 δὲ
1013 4109 1145 4178 μιᾶς
1174 4107 1399 4170 ἐξάπτει
1449 4105 1518 4159 τὰ
1554 4105 1703 4171 ὄντα,
1760 4105 1821 4158 τὸ
1853 4104 2006 4174 παρὰ
2045 4102 2141 4156 τοῦ
2179 4101 2315 4156 Υίοῦ
2360 4100 2692 4172 γεγενῆσθαι
2731 4098 3026 4170 λεγόμενον
3070 4100 3209 4171 πρὸς
3256 4100 3356 4170 τὴν
3414 4100 3637 4172 πρώτην

338 4189 531 4263 αἰτίαν
554 4206 656 4279 τήν
688 4206 974 4277 ἀναφορὰν
1001 4206 1136 4276 ἔχει.
1176 4224 1196 4257 ι
1233 4205 1296 4258 Τί
1323 4205 1518 4258 τούτου
1588 4202 1978 4275 ἀριδηλότερον
2016 4204 2097 4264 εἰς
2141 4203 2204 4254 τὸ
2241 4199 2372 4271 μίαν
2442 4198 2621 4270 ἀρχὴν
2660 4198 2757 4252 καὶ
2804 4198 2936 4268 μίαν
2982 4197 3162 4252 αἰτίαν
3200 4200 3465 4265 νοεῖσθαι,
3505 4203 3636 4256 ὅταν

340 4304 441 4358 καὶ
473 4303 539 4355 ἐκ
566 4300 665 4355 τοῦ
700 4300 834 4353 Υίοῦ
864 4299 997 4373 λέγῃ
1026 4315 1111 4362 τις
1160 4294 1303 4352 εἶναι
1350 4298 1412 4352 τὸ
1443 4297 1706 4368 Πνεῦμα;
1755 4296 1915 4351 Ἐπεὶ
1957 4298 1984 4349 6
2021 4295 2176 4363 ἅγιος
2216 4296 2295 4356 εἰς
2330 4291 2682 4360 κατασκευὴν
2712 4292 2815 4345 τοῦ
2851 4292 2984 4360 μιᾶς
3030 4288 3364 4355 ἐξάπτεσθαι
3403 4293 3472 4346 τὰ
3503 4294 3636 4349 ὄντα

335 4400 548 4462 αἰτίας,
571 4396 731 4450 τοῦτο
762 4396 1055 4466 λαμϐάνει,
1088 4396 1149 4449 τὸ
1177 4396 1315 4467 πρὸς
1344 4396 1447 4466 τὴν
1473 4393 1696 4466 πρώτην
1728 4392 1907 4446 αἰτίαν
1945 4394 2046 4461 τὴν
2076 4386 2359 4460 ἀναφορὰν
2388 4389 2557 4458 ἔχειν,
2592 4388 2654 4442 τὸ
2685 4389 2837 4460 παρὰ
2864 4391 2959 4443 τοῦ
2991 4390 3122 4443 Υίοῦ
3147 4387 3288 4447 εἶναι
3313 4376 3632 4464 λεγόμενον.

414 4495 509 4565 ιβ’.
558 4489 702 4545 Ἀλλ’
727 4490 855 4544 ὲπεί
880 4507 1025 4554 τινες
1056 4489 1360 4555 κάνταῦθα,
1389 4488 1465 4553 ὡς
1500 4490 1595 4542 καὶ
1635 4492 1693 4543 ὲν
1718 4488 1932 4550 πολλοῖς

2115 4486 2201 4541 12.
2228 4484 2614 4541 Verumtamen
2636 4499 2759 4539 cum
2791 4486 3035 4540 nonnulli
3058 4488 3144 4543 hic
3166 4504 3406 4558 quoque,
3433 4505 3630 4560 quem-

336 4586 551 4651 ἄλλοις,
583 4582 825 4658 ἀναιδῶς
856 4583 960 4636 οὐκ
1008 4583 1231 4636 ὀκνοῦσι
1260 4584 1330 4635 τὰ
1360 4583 1454 4636 τοῦ
1500 4582 1741 4653 μεγάλου
1774 4580 1939 4643 Βασι-

2043 4579 2342 4635 admodum
2392 4588 2447 4633 et
2491 4577 2545 4632 in
2581 4578 2860 4647 plerisque
2902 4578 3047 4658 aliis,
3105 4580 3454 4651 impudenter
3497 4584 3633 4638 satis

338 4679 497 4735 λείου
558 4674 872 4731 διαῦάλλειν
923 4675 1201 4744 λέγοντες,
1262 4676 1401 4746 Περὶ
1440 4674 1551 4729 τῶν
1609 4673 1938 4746 ποιημάτων

335 4773 517 4827 ταῦτα
545 4766 773 4844 ἒρῥάθη,
807 4767 900 4823 καὶ
927 4769 988 4822 ού
1031 4769 1162 4838 7:59l.
1193 4766 1288 4820 τοῦ
1336 4767 1674 4836 Πνεύματος,
1711 4767 1803 4820 διὰ
1837 4764 1938 4836 τὴν

346 4860 716 4936 γεγενῆσθαι
761 4857 910 4924 λέξιν
931 4875 948 4892 ο
980 4858 1041 4912 τὸ
1063 4860 1174 4929 γὰρ
1208 4859 1362 4928 παρὰ
1389 4858 1484 4912 τοῦ
1526 4857 1659 4911 Υίοῦ
1707 4874 1940 4928 γεγενη-

342 4959 513 5027 μένον
567 4953 690 5017 πῶς
746 4952 816 5007 ἂν
862 4953 951 5021 εἴη
1005 4953 1070 5005 τὸ
1127 4952 1375 5022 Πνεῦμα,
1430 4951 1693 5020 ἀποίητον
1743 4950 1803 5004 ὃν
1841 4952 1935 5005 καὶ

340 5048 662 5121 ἁγένητονς
735 5044 853 5100 ἀλλ’
928 5044 1373 5115 αἰσχυνέσθωσαν
1434 5036 1581 5096 οὗτοι
1650 5043 1935 5114 προδήλως

341 5138 493 5195 οὕτω
517 5138 616 5194 τὸν
644 5138 746 5209 τῆς
785 5137 1122 5208 Ἐκκλησίας
1172 5135 1440 5206 φωστῆρα
1477 5134 1568 5189 καί
1608 5136 1935 5189 διδάσκαλον

337 5231 748 5295 διαϐάλλοντες.
774 5229 867 5302 Μὴ
897 5231 1028 5300 γὰρ,
1058 5230 1140 5282 ὃτι
1166 5229 1228 5281 τὸ
1250 5228 1402 5296 παρὰ
1427 5227 1522 5282 τοῦ
1546 5226 1675 5282 Υίοῦ
1703 5228 1938 5295 γεγενῆ-

344 5324 477 5380 σθαι
504 5322 805 5395 λεγόμενον
837 5323 866 5378 6
897 5322 1055 5391 ἅγιος
1087 5320 1207 5375 εἶπε
1238 5321 1368 5388 περὶ
1402 5318 1730 5388 ποιημάτων
1766 5310 1935 5383 εἶναι,

343 5417 501 5490 αὐτῷ
537 5416 634 5472 τὸν
677 5414 839 5485 λόγον
869 5415 1339 5470 ιδιαῦαλλέτωσαν.
1391 5411 1549 5466 Ἀλλὰ
1600 5414 1935 5465 συνιέτωσαν

341 5513 477 5583 περὶ
503 5508 605 5564 τοῦ
634 5506 965 5580 Πνεύματος
986 5502 1128 5560 εἶναι
1162 5506 1254 5558 τὸν
1287 5505 1446 5573 λόγον
1485 5505 1549 5557 ὲκ
1580 5504 1677 5574 τῆς
1704 5520 1931 5574 περικο-

342 5602 461 5675 πῆς
484 5602 711 5675 ἀπάσης
752 5601 883 5674 περὶ
932 5599 1148 5662 οὐδενὸς
1174 5599 1368 5669 ἑτέρου
1402 5599 1743 5668 γεγενημένη
1751 5613 1799 5662 ς’
1821 5594 1940 5650 ἀλλ’

2047 4681 2416 4742 praesumunt,
2469 4671 2650 4740 magni
2689 4670 2874 4726 Basilii
2910 4656 3075 4727 verba
3106 4672 3160 4727 in
3192 4675 3401 4730 crimen
3459 4677 3637 4732 addu-

2047 4778 2194 4826 cere,
2238 4762 2485 4818 dicentes
2534 4777 2599 4815 ea
2633 4761 2702 4816 de
2738 4763 3010 4817 creaturis
3032 4756 3111 4817 et"
3140 4778 3249 4818 non
3310 4766 3377 4819 de
3430 4763 3635 4834 Spiritu

2046 4854 2329 4909 enuntiata
2382 4867 2543 4917 esse,
2599 4862 2826 4924 propter
2883 4852 3119 4909 Verbum
3174 4857 3427 4925 factum;
3477 4860 3628 4928 quod

2046 4946 2193 5002 enim
2228 4961 2260 5002 a
2290 4945 2432 5001 Filio
2459 4944 2666 5001 iactum
2707 4951 3126 5015 est,’quomodo
3172 4947 3418 5016 Spiritus
3447 4946 3634 5015 fuerit,

2049 5029 2358 5113 qui‘iieque
2381 5038 2565 5097 factus
2590 5047 2699 5104 est,
2737 5052 2918 5109 neque
2970 5039 3313 5109 productus?
3334 5038 3442 5095 Sed
3473 5040 3635 5096 dede-

2045 5150 2178 5193 core
2235 5129 2624 5191 suﬂundantur
2674 5130 2754 5197 hi,
2796 5133 2890 5201 qui
2940 5132 3077 5186 adeo
3124 5130 3415 5187 manifeste
3443 5132 3628 5187 lumen

2054 5228 2313 5287 Ecclesiae
2338 5237 2404 5281 ac
2450 5226 2728 5281 doctorem
2771 5222 3161 5279 criminantur.
3194 5220 3266 5278 Et
3286 5223 3532 5293 quidem,
3558 5224 3633 5288 si,

2046 5320 2195 5394 quod
2218 5336 2250 5376 a
2288 5319 2429 5375 Filio
2458 5318 2663 5373 factum
2690 5320 2814 5372 esse
2860 5315 3087 5381 dicitur,
3114 5324 3337 5371 sanctus
3385 5316 3453 5370 de
3467 5327 3635 5371 erea-

2014 5466 2015 5469 η
2051 5407 2193 5469 turis
2240 5411 2568 5476 enuntiavit,
2628 5412 2936 5466 orationem
2973 5414 3257 5464 accusent.
3290 5405 3399 5462 Sed
3433 5407 3636 5463 intelli-

2049 5516 2182 5578 gant
2212 5505 2282 5561 de
2306 5503 2525 5572 Spiritu
2589 5517 2899 5559 sermonem
2938 5514 3069 5589 esse
3093 5512 3223 5554 cum
3263 5502 3318 5554 in
3348 5508 3500 5556 texm
3533 5502 3631 5557 illo

2042 5599 2303 5671 universo
2360 5597 2563 5652 nullius
2620 5593 2763 5651 alius
2794 5594 3002 5649 mentio
3067 5590 3180 5657 ﬁat,
3239 5593 3349 5649 nisi
3391 5594 3476 5650 de
3509 5593 3628 5671 ipsa

340 5692 382 5777 ᾗ
408 5663 545 5767 περὶ
582 5663 757 5766 αὐτῆς
788 5663 890 5763 cii;
938 5690 1035 5746 τοῦ
1096 5663 1424 5761 Ηνεύματοςν
1465 5663 1841 5753 ύποστάσεως.
1876 5689 1939 5742 Εἰ

2043 5663 2302 5759 ΒρίτὶιιιεΧ
2321 5686 2624 5759 hypostasi.
2648 5684 2807 5753 Quod
2840 5684 2889 5740 si
2911 5681 3233 5750 dictionem,
3255 5698 3379 5754 quae
3392 5770 3395 5771 ν
3408 5663 3623 5739 creatu-

342 5774 405 5853 δι
434 5788 539 5862 τῆς
562 5786 944 5862 ἑμφαινούσης
973 5786 1041 5839 τὰ
1076 5787 1359 5855 ποιήματα
1390 5782 1588 5851 λέξεως
1612 5782 1939 5856 πανούργως

2045 5795 2140 5837 ras
2188 5779 2438 5851 respicit,
2471 5776 2747 5834 malitiose
2780 5774 3131 5846 arripientes,
3168 5775 3529 5861 repudium
3558 5775 3631 5834 de

343 5876 713 5959 δραττόμενοι
745 5879 889 5955 πρὸς
931 5876 1258 5937 ιθελόκακον
1302 5876 1618 5949 ἀντιλογίαν
1645 5876 1937 5954 χωροῦσινι

2048 5873 2333 5933 industria
2359 5869 2857 5959 contradictionem
2884 5869 3137 5939 veniunt,
3154 5864 3483 5941 meum,
3511 5866 3629 5967 Ιιςιιο

220 6286 233 6307 Γ
310 6284 319 6287 “
394 6284 435 6309 ιτ
444 6278 459 6315 ξ
470 6308 473 6311 η

462 6324 475 6345 17
484 6338 521 6363 ἂν

496 6376 505 6387 ζ
