4058 6428
435 353 511 430 τῃ
1498 333 1718 414 'JOAN.
1766 345 1980 416 vacet
2018 354 2127 416 cr.
2173 353 2682 414 PATRIARCHE
2936 395 2939 398 .
3629 354 3701 424 ts

438 471 606 527 nomii
635 471 918 527 intentioni
947 481 1195 528 sanctum
1235 469 1676 540 respondentem,
1715 470 2002 525 dictionem

2116 470 2235 524 ἀλλ’
2287 471 2641 524 ἀκουέτωσαν
2693 470 2771 534 ὡς
2817 471 2955 540 πρὸς
3011 469 3108 541 τὴν
3162 469 3434 536 Εὐνομίαν
3488 469 3698 525 ἔννοιαν

435 565 582 618 illam
629 578 948 633 usurpasse,
981 563 1136 633 quasi
1173 563 1420 616 diceret:
1466 559 1638 614 Etiam
1683 561 1727 614 si
1759 570 2012 616 creatura

433 655 556 710 Filii
587 665 736 712 esset
763 656 1025 724 Spiritus,
1059 666 1119 709 ut
1149 661 1206 707 tu
1233 653 1436 722 inquis,
1468 652 1730 717 Eunomi,
1761 668 1868 705 non
1907 652 2011 706 soli

435 744 727 815 Unigeirito
749 763 914 800 causa
951 746 1096 799 illius
1125 743 1466 814 appingenda
1497 752 1662 806 esset,
1689 743 1833 811 quod
1868 744 2012 796 nulla

434 841 684 910 operatio
709 839 831 894 Filii
857 851 940 894 est
963 854 994 894 a
1048 838 1204 893 l‘atre
1254 837 1522 899 abscissa,
1549 845 1605 890 et
1635 838 1782 905 quod
1812 851 1842 890 a
1876 834 2015 892 Filio

435 933 551 985 tieri
581 933 804 995 dicitur,
834 930 899 984 ad
935 931 1168 1000 primam
1201 943 1422 984 causam
1470 927 1790 982 relationem
1823 929 2012 983 habet.

433 1024 502 1078 Et
525 1024 640 1080 haec
666 1010 910 1094 quidem,
940 1023 1085 1093 quod
1119 1023 1458 1090 amplissima
1490 1023 1562 1076 sit
1587 1019 1774 1077 Basilii
1820 1031 2016 1076 aucto-

434 1115 770 1182 ritas,-hunc
809 1117 862 1170 in
923 1119 1165 1179 modum,
1229 1131 1350 1182 quae
1409 1114 1474 1168 ad
1505 1130 1727 1169 causam
1773 1115 2013 1184 Spiritus

433 1208 687 1273 attinent,
715 1208 1083 1276 explanantis,
1125 1207 1344 1262 abunde
1401 1207 1544 1261 dicta
1577 1223 1700 1262 esse
1735 1207 2010 1272 videntur,

429 1303 499 1356 ad
529 1302 938 1365 stabiliendum,
977 1317 1085 1354 non
1122 1300 1350 1369 intelligi
1379 1301 1519 1354 duas
1567 1314 1765 1354 causas
1794 1297 2010 1354 Patrem

428 1404 485 1447 et
528 1392 728 1448 Filium
782 1393 1044 1464 Spiritus,
1081 1409 1204 1447 cum
1255 1393 1379 1462 quis
1435 1408 1501 1446 ex
1551 1392 1714 1447 Patre
1771 1401 1826 1448 et
1872 1391 2012 1449 Filio

432 1487 698 1554 Spiritum
725 1495 978 1542 sanctum
1013 1501 1135 1542 esse
1175 1483 1426 1540 allii-mat.

500 1765 588 1820 15.
622 1763 759 1820 Cum
790 1777 922 1820 vero
981 1778 1083 1835 pro
1109 1763 1467 1833 responsione
1518 1764 1781 1821 Italorum
1831 1765 2010 1821 oratio

2120 562 2148 615 6
2178 561 2334 629 ἅγιος
2373 561 2656 625 ἀπαντῶν,
2699 561 2799 630 τὴν
2841 561 2994 626 λέξιν
3027 563 3218 631 εἰρηκε
3254 561 3480 631 ταύτην.
3533 563 3700 616 οἱονεὶ

2122 650 2298 720 λέγων
2328 653 2426 719 ὡς,
2461 653 2521 706 Ei
2559 655 2652 707 καὶ
2685 654 2901 721 ποίημα
2935 650 3002 720 ἦν
3050 655 3143 707 τοῦ
3174 653 3304 707 Υίοῦ
3340 653 3402 706 τδ
3451 655 3698 721 Πνεῦμα.

2122 745 2376 816 Εὑνόμιε,
2416 747 2558 801 κατὰ
2591 746 2672 810 σὲ,
2709 746 2824 801 ἀλλ’
2856 746 2979 817 οὐχὶ
3009 749 3154 816 μόνῳ
3173 748 3252 816 τῷ
3277 749 3576 812 Μονογενεῖ
3591 749 3700 802 ἔδει

2121 839 2472 908 προστιθέναι
2527 840 2626 910 τὴν
2682 841 2862 893 αἰτίαν
2921 839 3114 899 αὐτοῦ,
3165 839 3256 893 διὰ
3307 841 3370 892 τὸ
3429 839 3700 910 μηδεμίαν

2121 932 2404 999 ἐνέργειαν
2435 930 2531 984 τοῦ
2566 930 2696 985 Υίοῦ
2721 933 3180 1002 ἁποτετμημένην
3203 930 3298 985 τοῦ
3319 931 3528 1002 Πατρός
3561 928 3701 982 εἶναι

2121 1024 2218 1075 καὶ
2252 1022 2341 1075 διὰ
2372 1022 2436 1076 τὸ
2467 1025 2598 1088 πᾶν,
2637 1024 2697 1076 τὸ
2729 1024 2880 1094 παρᾶ
2908 1025 3002 1078 τοῦ
3033 1024 3162 1077 Υίοῦ
3187 1024 3514 1092 γεγενῆσθαι
3547 1025 3702 1090 λεγο-

2125 1130 2306 1182 μενον,
2329 1115 2466 1184 πρὸς
2491 1115 2592 1184 τὴν
2619 1115 2846 1186 πρώτην
2877 1117 3058 1170 αίτίαν
3097 1118 3196 1187 τὴν
3218 1116 3500 1184 ἀναφορὰν
3532 1116 3696 1184 ἔχειν.

2120 1206 2230 1258 Καὶ
2257 1207 2432 1261 ταῦτα
2475 1209 2574 1276 μὲν
2597 1209 2686 1262 διὰ
2713 1212 2774 1263 τὸ
2815 1211 2908 1262 τοῦ
2947 1210 3188 1280 μεγάλου
3235 1209 3520 1262 Βασιλείου
3550 1209 3700 1274 015.6-

2120 1313 2337 1362 πιστον,
2393 1298 2540 1352 οὕτω
2588 1300 2658 1353 τὰ
2706 1301 2835 1370 περὶ
2887 1301 2987 1371 τῆς
3037 1300 3133 1354 τοῦ
3176 1293 3488 1370 Πνεύρατος
3521 1301 3699 1362 αἰτίας

2119 1388 2512 1460 ἐξηγουμένου,
2554 1391 2872 1463 ἀρκούντως
2905 1393 3004 1462 μὲν
3043 1392 3194 1447 δοκεῖ
3221 1393 3368 1462 ἔχειν
3401 1393 3480 1456 είς
3509 1392 3694 1462 παρὰ·

2119 1497 2312 1534 στασιν
2343 1482 2434 1534 τοῦ
2473 1485 2547 1553 μὴ
2597 1484 2690 1536 δύο
2737 1485 2918 1548 αίτίας
2972 1485 3212 1538 νοεῖσθαι
3243 1488 3338 1538 τοῦ
3371 1483 3686 1554 Πνεύματος

2117 1569 2212 1623 τὸν
2245 1571 2472 1641 Πατέρα
2504 1575 2597 1626 καὶ
2628 1575 2718 1627 τὸν
2763 1575 2911 1641 Υίὸν,
2953 1575 3082 1629 ὅταν
3115 1593 3198 1638 τις
3236 1580 3300 1630 ἐκ
3338 1575 3432 1628 τοῦ
3474 1576 3690 1646 Πατρὶς

2116 1665 2214 1714 καὶ
2239 1661 2332 1714 τοῦ
2369 1662 2498 1716 Υίοῦ
2540 1658 2684 1718 εἶναι
2705 1665 2839 1736 λέγῃ
2867 1666 2928 1718 τὸ
2963 1666 3194 1734 Πνεῦμα
3221 1668 3284 1719 τὸ
3316 1667 3493 1734 ἆγιον.

2163 1753 2282 1834 Ἷιγ⁹.
2329 1755 2483 1809 Ἐπεὶ
2511 1757 2568 1810 δὲ
2599 1760 2681 1820 si;
2711 1759 3012 1826 ἀπολογίαν
3047 1759 3157 1812 τῶν
3205 1758 3423 1813 Ἰταλῶν
3466 1761 3494 1812 6
3539 1758 3697 1826 λόγος

425 1869 696 1930 proponat
749 1859 1009 1915 dictionis
1041 1860 1327 1928 procedere
1368 1875 1658 1930 compares
1701 1863 1848 1916 vires
1879 1877 2002 1916 cum

2114 1849 2478 1921 προϐάλλεται
2511 1850 2576 1903 τὸ
2603 1852 2702 1920 τῆς
2725 1851 3160 1918 ἐκπορεύεσθαι
3208 1852 3406 1918 λέξεως
3453 1853 3696 1906 ίσοδὺνα-

423 1953 558 2018 illis,
615 1955 886 2022 provenire
934 1961 990 2008 et
1031 1954 1302 2023 progredi,
1349 1953 1674 2023 digerantur
1729 1955 1818 2009 hic
1863 1970 1893 2010 a
1924 1971 2011 2010 me

423 2045 573 2099 dicta
630 2054 973 2108 sanctorum,
1033 2044 1240 2115 quibus
1270 2045 1601 2106 innotescat,
1656 2059 1763 2099 non
1797 2055 2008 2101 tantum

427 2137 799 2208 processionis
831 2152 1056 2203 nomen,
1113 2137 1208 2192 sed
1241 2145 1295 2190 et
1325 2137 1462 2192 alias
1495 2141 1760 2208 quasdam
1818 2140 2014 2196 dictio-

426 2244 526 2283 nes
552 2228 918 2298 apertissime,
949 2236 1004 2282 et
1051 2227 1174 2284 sine
1223 2229 1333 2282 ullo
1385 2229 1657 2285 velamine
1709 2234 1776 2287 de
1807 2235 1923 2302 ipsa
1943 2249 2010 2289 ex

419 2324 590 2377 Patre
611 2321 894 2377 essentiali
931 2321 1170 2391 Spiritus
1202 2321 1517 2376 exsistentia
1547 2323 1776 2376 assumi.
1807 2321 2008 2380 Statim

421 2415 570 2468 enim
605 2429 837 2483 magnus
862 2413 1092 2467 Basdius
1125 2414 1180 2466 in
1208 2414 1451 2467 Secundo
1473 2414 1538 2467 ad
1561 2413 2006 2482 Amphilochium

419 2509 604 2578 capite
647 2509 794 2562 inter
831 2508 969 2562 alias
1000 2507 1205 2562 multas
1263 2507 1554 2573 dictiones,
1592 2509 1798 2578 quibus
1832 2509 2009 2578 Spiri—

421 2617 510 2658 tus
533 2620 656 2658 cum
681 2604 848 2658 Patre
879 2611 934 2658 et
978 2594 1114 2656 Filio
1147 2603 1596 2656 connnunimiem
1621 2603 1866 2672 exponit,
1895 2605 2009 2660 inec

415 2709 638 2766 quoque
673 2695 858 2748 addit:
885 2711 904 2746 ι
944 2691 1134 2764 Neque
1163 2693 1294 2750 hinc
1335 2693 1516 2748 solum
1555 2695 1823 2749 naturalis
1854 2713 2006 2751 coin-

420 2786 701 2842 munionis
739 2787 1155 2851 demonstratio,
1216 2787 1311 2840 sed
1351 2787 1514 2839 etiam
1573 2785 1718 2856 quod
1763 2801 1831 2842 ex
1899 2785 2008 2844 Deo

418 2897 542 2935 esse
569 2881 790 2942 dicitur,
834 2895 939 2934 non
960 2887 1030 2932 .ut
1061 2877 1247 2934 omnia
1299 2894 1365 2933 ex
1411 2878 1544 2944 Deo,
1579 2879 1676 2933 sed
1732 2879 1899 2934 veluti
1934 2895 2004 2934 ex

419 2971 601 3036 Patre,
633 2985 912 3041 egressus,
947 2984 1055 3023 non
1097 2971 1316 3039 genitus
1348 2977 1406 3023 ut
1435 2969 1632 3035 Filius,
1667 2971 1762 3025 sed
1787 2981 1846 3025 ut
1877 2972 2001 3042 Spi-

421 3066 559 3119 ritus
591 3065 702 3118 oris
719 3066 868 3131 ejus.
900 3061 1059 3117 Hisce
1087 3063 1439 3118 familiaritas
1465 3073 1523 3117 et
1568 3066 1840 3119 connexio
1869 3081 2003 3136 ape-

419 3157 582 3222 ritur,
615 3157 710 3211 sed
746 3159 940 3208 modus
971 3155 1311 3238 exsistentiae
1334 3155 1558 3210 silentio
1619 3155 1936 3210 imoivilur.
1975 3176 1996 3208 ι

2117 1959 2218 2013 μον
2255 1942 2393 2014 πρὸς
2426 1943 2487 1996 τὸ
2516 1944 2786 2011 προϊέναι
2819 1959 2876 1997 τε
2915 1946 3012 1998 καὶ
3057 1945 3475 2015 προέρχεσθαι,
3524 1953 3696 1999 κατα-

2114 2035 2415 2106 στρωθήτω
2452 2051 2542 2105 μοι
2577 2029 2678 2091 ὧδε
2711 2040 2805 2090 καὶ
2842 2035 2910 2091 τὰ
2948 2036 3060 2091 τῶν
3103 2037 3275 2105 ἁγίων
3315 2038 3478 2108 ῥητὰ,
3516 2039 3574 2104 ἐξ
3619 2033 3694 2090 ὧν

2115 2144 2208 2190 μοι
2239 2127 2628 2195 διαγινώσκειν
2670 2130 2948 2198 ἐγγίνεται
2979 2129 3056 2192 ὡς
3103 2130 3229 2200 οὐχὶ
3275 2133 3437 2199 μόνον
3483 2131 3544 2184 τὸ
3593 2133 3696 2200 τῆς

2119 2219 2500 2292 ἑκπορεύσεως
2545 2222 2750 2291 ὄνομα,
2811 2222 2948 2276 ἀλλὰ
2990 2222 3082 2276 καὶ
3123 2223 3281 2278 ἄλλαι
3333 2222 3476 2285 τινὲς
3520 2221 3696 2287 λέξεις

2107 2309 2383 2380 λαμπρῶς
2419 2310 2515 2364 καὶ
2543 2313 2986 2375 ἀνεπισκιάστως
3019 2311 3108 2367 ἐπ’
3141 2312 3316 2382 αὐτῆς
3351 2313 3450 2384 τῆς
3488 2315 3552 2366 ἐκ
3596 2311 3692 2365 τοῦ

2109 2401 2328 2472 Πατρός
2350 2401 2644 2466 οὐσιώδους
2665 2403 2761 2457 τοῦ
2811 2404 3132 2476 Πνεύματος
3169 2404 3457 2474 ὑπάρξεως
3491 2403 3696 2474 ἐκλαμ-

2108 2495 2398 2551 ϐάνονται.
2463 2495 2672 2550 Αὐτίκα
2731 2501 2839 2570 γὰρ
2891 2501 2920 2552 6
2975 2500 3148 2568 μέγας
3193 2497 3474 2560 Βασίλειος
3511 2500 3570 2550 ὲν
3616 2497 3694 2566 τῷ

2108 2587 2324 2658 ἑϐδόμῳ
2351 2589 2460 2642 τῶν
2481 2589 2626 2661 Πρὸς
2665 2589 3017 2662 Ἀμφιλόχιον
3039 2591 3370 2660 κεφαλαίων,
3390 2591 3528 2661 μετὰ
3551 2590 3611 2643 τὸ
3635 2592 3694 2642 ὲν

2110 2681 2302 2745 ἄλλαις
2331 2683 2557 2746 πολλαῖς
2589 2684 2770 2751 λέξεσι
2802 2685 3138 2756 παρατίθησι
3165 2685 3264 2756 τὴν
3302 2684 3396 2738 τοῦ
3441 2685 3696 2754 Πνεῦμα·

2109 2791 2204 2836 τος
2239 2775 2528 2830 κοινωνίαν
2557 2776 2692 2844 πρὸς
2729 2776 2822 2829 τὸν
2873 2777 3095 2847 Πατέρα
3124 2777 3221 2830 καὶ
3261 2777 3353 2831 τὸν
3392 2777 3546 2840 Υίὸν,
3595 2776 3694 2830 καὶ

2107 2869 2280 2922 ταῦτὰ
2309 2886 2478 2940 φησιν
2509 2884 2524 2900 ·
2559 2888 2577 2921 ι
2619 2869 2731 2922 Καὶ
2766 2870 2868 2922 οὐκ
2902 2869 3154 2923 ἐντεῦθεν
3187 2871 3352 2939 μόνον
3403 2871 3504 2940 τῆς
3549 2873 3695 2924 κατὰ

2107 2961 2208 3031 τὴν
2240 2960 2402 3030 φύσιν
2430 2961 2714 3025 κοινωνίας
2742 2963 2774 3032 ἡ
2802 2961 3098 3028 ἀπόδειξις,
3125 2961 3243 3016 ἀλλ’
3267 2965 3351 3017 ὅτι
3377 2962 3470 3014 καὶ
3500 2962 3564 3014 ὲκ
3595 2959 3691 3015 τοῦ

2112 3055 2250 3108 Θεοῦ
2296 3049 2438 3108 εἶναι
2467 3054 2712 3122 λέγεται,
2743 3054 2844 3125 οὐχ
2875 3054 2951 3116 ὡς
2981 3055 3051 3108 τὰ
3085 3054 3265 3107 πάντα
3299 3056 3364 3108 ὲκ
3402 3053 3496 3106 τοῦ
3531 3052 3690 3120 Θεοῦ,

2108 3149 2227 3202 ἀλλ’
2281 3149 2357 3212 ὡς
2387 3150 2451 3203 ὲκ
2497 3147 2593 3202 τοῦ
2632 3146 2769 3200 Θεοῦ
2809 3147 3096 3218 προελθὸν,
3143 3147 3206 3200 οὐ
3251 3147 3526 3216 γεννητῶς
3556 3147 3630 3210 ὡς
3661 3149 3692 3201 6

414 3245 648 3320 Eritque
723 3264 792 3303 ne
851 3225 1167 3302 mortalium
1230 3248 1488 3316 cuiquam
1558 3247 1877 3312 obscurum,
1942 3250 1997 3303 in

2108 3243 2254 3312 Υίδς,
2307 3241 2422 3294 ἀλλ’
2459 3239 2534 3305 ὡς
2581 3239 2808 3306 Πνεῦμα
2854 3239 3126 3308 στόματος
3171 3237 3340 3291 αὑτοῦ
3377 3253 3390 3268 ·
3434 3238 3536 3308 τῆς
3588 3240 3689 3308 μὲν

417 3346 572 3401 hisce
617 3344 994 3409 dictionem,-t
1061 3342 1248 3412 egre-li
1298 3341 1568 3411 Spiritum
1604 3357 1670 3397 est
1727 3343 1837 3396 Dee
1889 3358 1997 3397 non

414 3434 668 3504 genitum
694 3429 1010 3496 ut'Filium,
1031 3431 1128 3486 sed
1159 3441 1216 3483 ut
1249 3428 1515 3498 Spiritum
1547 3431 1660 3484 oris
1683 3431 1830 3511 ejus,
1873 3448 1891 3482 ι
1932 3445 1999 3484 ex

418 3527 584 3582 Patre
635 3525 1010 3587 essentialem,
1041 3532 1099 3578 et
1129 3523 1438 3578 naturalem
1495 3523 1670 3594 ipsius
1727 3525 2000 3578 exsisten-

417 3619 551 3672 tiain
583 3619 910 3674 connotari?
938 3617 1169 3687 Magnus
1191 3629 1244 3672 et
1288 3617 1748 3672 admirandorum
1778 3616 2000 3671 effector

414 3709 716 3780 GregOrins
744 3708 1205 3766 Neocaesariensis
1231 3710 1521 3778 episcopus
1551 3709 1823 3772 oratione,
1840 3707 2000 3775 cujus

410 3803 776 3872 principium,
815 3819 834 3853 ι
879 3801 1254 3856 Inimicissimi
1295 3811 1348 3855 et
1377 3801 1544 3857 alieni
1589 3801 1660 3856 ab
1696 3802 1996 3871 apostolica

411 3897 768 3952 confessione
812 3905 963 3962 sunt,
1018 3897 1112 3964 qui
1175 3893 1376 3949 Filium
1437 3909 1500 3950 ex
1561 3895 1655 3961 iis;
1708 3911 1831 3964 quae
1889 3910 1996 3948 non

413 4001 652 4054 exstant,
682 3999 956 4053 asserunt,
989 3989 1202 4058 inquit:
1236 3987 1446 4042 Domini
1481 3986 1641 4042 Pater
1668 3987 1996 4056 principium

415 4095 519 4146 eat,
548 4084 617 4137 ab
645 4092 853 4136 aeterno
903 4097 1027 4136 cum
1057 4094 1348 4151 generatis,
1379 4089 1434 4134 et
1473 4077 1737 4133 Dominus
1768 4087 1851 4131 est
1877 4091 2002 4144 pro-

417 4187 638 4246 totypus
661 4174 916 4243 Spiritus.
960 4193 980 4224 ι
1009 4171 1074 4226 Ει
1104 4182 1225 4242 post
1256 4187 1430 4240 pauca
1463 4169 1696 4224 ibidem:
1730 4187 1748 4218 ι
1779 4167 1998 4238 ingeni-

419 4279 509 4323 tus
551 4281 674 4322 cum
709 4263 982 4332 sit'Pater,
1022 4269 1242 4336 genitus
1277 4279 1406 4318 vero
1436 4278 1502 4316 ex
1527 4260 1690 4316 Patre
1720 4261 1915 4325 Filius,
1946 4269 1999 4313 et

420 4357 660 4429 Spiiitus
682 4373 747 4412 ex
777 4359 1014 4412 essentia
1054 4356 1232 4410 Patris
1262 4369 1356 4424 per
1407 4352 1609 4408 Filium
1662 4351 1998 4420 sempiterne

429 4454 691 4507 emissus.
731 4470 748 4504 ι
784 4450 920 4516 Quis
969 4451 1023 4504 in
1059 4451 1288 4503 dubium
1331 4447 1580 4510 verterit,
1619 4448 1848 4501 emissus
1893 4446 1998 4497 hoc

427 4558 482 4595 in
521 4540 662 4604 loco,
697 4554 805 4594 non
858 4547 1024 4592 tanta:
1054 4551 1194 4591 esse
1227 4537 1468 4600 virtutis,
1519 4533 1587 4588 ad
1645 4533 1992 4589 essentialem
2031 4563 2070 4616 υ

415 4635 654 4703 Spiritus
697 4630 1070 4688 exsistentiam
1103 4626 1668 4688 commonstrandam,
1735 4637 1992 4694 quantam

416 4727 730 4787 haberel,si
767 4725 1076 4795 appositum
1131 4720 1348 4782 fuisset,
1394 4717 1724 4787 procedens?
1759 4715 1996 4770 Theolo-

413 4838 514 4894 gus
546 4821 845 4892 Gregorius
870 4819 1151 4874 nonnullis
1176 4831 1402 4870 suarum
1434 4814 1792 4883 scriptionum
1835 4813 1992 4878 locis,

419 4939 436 4968 ι
469 4916 648 4972 Audis
682 4910 1143 4986 generationem?
1179 4907 1405 4962 modum
1439 4921 1507 4960 ne
1535 4907 1809 4960 curiosius
1841 4906 1981 4958 inve-

413 5009 636 5075 stigato.
677 5003 848 5059 Audis
869 5002 1144 5071 Spiritum
1174 5015 1254 5055 .ex
1283 4997 1448 5052 Patre
1483 4995 1783 5068 progredi?
1827 4997 1993 5050 ratio-

413 5113 535 5150 nem
571 5110 639 5148 ne
661 5093 822 5148 anxie
848 5091 1134 5159 inquirito.
1173 5087 1327 5154 Quod
1353 5087 1396 5141 si
1431 5085 1552 5140 Filii
1581 5087 1988 5156 generationem

411 5201 464 5243 et
505 5187 747 5258 Spiritus
802 5197 1156 5255 progressum
1199 5180 1466 5237 sollicitus
1515 5179 1855 5241 estcrebras,
1888 5192 1991 5248 ego

411 5295 629 5352 quoque
669 5293 699 5333 a
750 5289 800 5332 te
842 5276 1217 5346 pervestigabo
1263 5289 1459 5330 anima:
1513 5281 1568 5328 et
1608 5271 1858 5341 corporis
1888 5272 1992 5323 mi-

413 5375 674 5428 stionem.
725 5388 745 5422 ι
779 5369 915 5436 Quis
971 5368 1059 5424 hic
1125 5367 1379 5431 audiens,
1414 5364 1678 5434 Spiritum
1739 5359 1990 5431 progredi

411 5481 441 5517 ιι
474 5459 658 5524 Patre,
687 5460 836 5514 aliud
869 5459 1166 5513 dictionem
1218 5469 1412 5511 natare
1436 5451 1790 5517 existimabit,
1823 5464 1988 5518 quam

411 5554 543 5608 illud
565 5553 731 5616 idem,
753 5551 800 5606 si
836 5552 956 5607 loco
978 5551 1124 5604 illius
1165 5549 1523 5605 substitutum
1559 5545 1773 5608 fuisset,
1795 5557 1990 5610 proce-

407 5647 560 5712 dere,
593 5647 764 5714 ipsam
800 5645 1010 5698 scilicet
1047 5658 1111 5696 ex
1145 5639 1306 5696 Patre
1339 5637 1688 5696 essentialem
1724 5642 1776 5688 et
1825 5641 1987 5686 natu-

412 5740 580 5793 ralem
640 5736 878 5806 Spiritus
932 5731 1355 5790 exsistentiain?
1413 5729 1564 5784 idem
1613 5725 1864 5782 oratione
1920 5725 1986 5777 ad

411 5829 682 5886 Πιι-υυυιιι
715 5828 1104 5902 philosophum
1133 5829 1252 5882 ait:
1294 5843 1311 5876 ι
1349 5822 1493 5888 Quin
1529 5819 1755 5892 pietatis
1785 5826 1988 5874 nostrae

2105 3335 2445 3406 οἰκειότητος
2471 3333 2818 3404 δηλουμένης
2847 3331 3108 3398 ἐνταῦθα,
3138 3329 3233 3384 τοῦ
3273 3330 3330 3384 δὲ
3358 3331 3560 3400 τρόπου
3587 3331 3689 3402 τῆς

2103 3429 2395 3501 ὑπάρξεως
2423 3429 2667 3499 ἀρρήτου
2703 3424 3141 3494 φυλασσομένου.
3177 3424 3297 3477 Τίνι
3327 3425 3438 3477 τῶν
3470 3425 3690 3478 πάντων

2105 3521 2304 3591 ἄδηλον
2332 3520 2408 3582 ὡς
2435 3517 2674 3572 ἐνταῦθα
2717 3520 2750 3588 ἡ
2799 3517 2947 3580 λέξις
2979 3519 3012 3586 ἡ
3043 3515 3138 3568 τοῦ
3201 3535 3220 3568 ι
3253 3517 3570 3584 προελθεῖν
3622 3517 3690 3572 τὸ

2101 3614 2346 3682 Πνεῦμα
2369 3613 2438 3666 ἐκ
2466 3611 2573 3666 τοῦ
2607 3610 2757 3665 Θεοῦ
2789 3613 2862 3664 οὑ
2883 3591 3189 3680 γδεννητῶς
3207 3612 3290 3676 ὡς
3312 3612 3346 3664 ό
3377 3611 3530 3676 Υἱὸς,
3549 3610 3688 3666 ἀλλ’

2101 3706 2177 3771 ὡς
2205 3705 2447 3773 Πνεῦμα
2477 3705 2779 3772 στόματος
2803 3699 3046 3768 αὐτοῦ,›
3064 3701 3235 3771 αὐτὴν
3257 3703 3355 3772 τὴν
3382 3704 3445 3755 ὲκ
3475 3702 3690 3772 Πατρὺς

2100 3795 2334 3868 οὑσιώδη
2381 3801 2480 3850 καὶ
2539 3795 2777 3866 φυσικὴν
2835 3795 2992 3866 δηλοί
3045 3795 3213 3850 αὐτοῦ
3263 3793 3564 3864 ΰπαρξιν;
3627 3794 3688 3848 Ὁ

2104 3887 2278 3956 μέγας
2305 3884 2404 3938 καὶ
2443 3885 2876 3954 Θαυματουργὸς
2903 3885 3230 3957 Γρηγόριος,
3251 3885 3688 3954 Νεοκαισαρείας

2099 3979 2422 4045 ἐπίσκοπος,
2461 3983 2518 4033 ὲν
2549 3978 2627 4050 τῷ
2659 3979 2827 4049 λόγῳ,
2859 3971 2921 4032 06
2952 3981 2984 4048 ἠ
3029 3981 3192 4050 ἀρχὴ,
3230 3997 3248 4030 ι
3285 3978 3564 4048 Ἐχθιστοι
3593 3979 3690 4032 καὶ

2101 4073 2377 4140 ἀλλότριοι
2415 4075 2514 4143 τῆς
2547 4073 2916 4142 ἁποστολικῆς
2955 4072 3248 4142 ὁμολογίας
3294 4073 3342 4136 0i
3395 4073 3490 4124 τὸν
3561 4071 3691 4124 Υίὸν

2103 4165 2162 4228 ἐξ
2189 4165 2291 4218 οὐκ
2317 4165 2488 4220 ὄντων
2530 4165 2834 4234 λέγ’ὀντες,ι
2872 4167 3038 4236 φησὶν
3071 4165 3176 4229 ὅτι,
3213 4183 3233 4218 ι
3264 4165 3371 4218 Τοῦ
3415 4164 3622 4232 Κυρίου
3659 4167 3688 4218 6

2103 4256 2298 4328 Πατὴρ
2325 4257 2492 4328 ἁρχὴ,
2525 4258 2712 4320 ἁῖδίως
2751 4256 2916 4312 αὑτὸν
2944 4257 3236 4327 γεννήσας,
3281 4258 3372 4312 καὶ
3404 4257 3688 4327 πρωτότο-

2102 4367 2204 4412 πος
2229 4348 2324 4403 τοῦ
2352 4349 2673 4416 Πνεύματος
2706 4352 2733 4403 6
2760 4349 2990 4420 Κύριος.
3019 4368 3039 4400 ι
3078 4351 3190 4403 Καὶ
3214 4349 3354 4418 μετὰ
3377 4367 3496 4402 τινα
3529 4353 3586 4403 ὲν
3608 4351 3685 4420 τῷ

2101 4441 2254 4512 αὐτῴ
2277 4457 2293 4470 ·
2333 4459 2353 4492 ι
2399 4442 2730 4511 ’Λγεννήτου
2753 4445 2853 4512 μὲν
2883 4441 3038 4504 ὄντος
3070 4441 3166 4494 τοῦ
3199 4441 3438 4514 Πατρὸς,
3488 4458 3683 4510 γεννηο

2103 4535 2292 4596 θέντος
2330 4533 2386 4586 δὲ
2423 4533 2518 4587 τοῦ
2552 4533 2684 4587 Υίοῦ
2730 4536 2794 4586 ἐκ
2849 4533 3088 4603 Πατρὸς,
3135 4532 3230 4586 τοῦ
3262 4549 3320 4586 τε
3365 4532 3684 4602 Πδνεόματος

2101 4627 2164 4679 ἐκ
2189 4626 2292 4694 τῆς
2313 4625 2502 4690 οὐσίας
2531 4623 2627 4678 τοῦ
2659 4625 2878 4695 Πατρὺς
2915 4625 2986 4678 δι’
3029 4624 3160 4677 Υἱοῦ
3208 4623 3394 4688 ἅῖδίως
3430 4625 3682 4692 ἐκπεμφ-

2101 4719 2310 4780 Οέντος.
2325 4737 2340 4768 ι
2365 4717 2458 4780 Τίς
2483 4717 2788 4786 ἁμφιὸαλεῖ
2805 4717 2887 4768 ὃτι
2908 4717 2968 4768 τὸ
2985 4715 3429 4786 ἐκπεμφθέντος
3445 4714 3680 4770 ἐνταῦθα

2097 4811 2368 4878 τοσαύτην
2400 4810 2554 4880 ἰσχὺν
2599 4808 2712 4879 ἔχει
2743 4810 2825 4870 εἰς
2867 4807 2966 4877 τὴν
3016 4809 3117 4873 τῆς
3167 4809 3462 4871 οὑσιώδους
3503 4810 3682 4882 ὑπάρ-

2097 4903 2231 4969 ξεως
2255 4903 2349 4956 τοῦ
2378 4903 2696 4972 Πνεῦματος
2731 4901 2992 4972 δήλωσιν,
3029 4902 3162 4971 ὅσην
3204 4903 3272 4954 ἂν
3317 4899 3460 4971 εἶχεν
3495 4905 3544 4954 εί
3585 4905 3678 4956 καὶ

2095 4997 2156 5050 τὸ
2187 4995 2661 5063 ἑκπορευθέντος
2707 4994 2926 5061 hanc;
2977 4992 3038 5048 '0
3072 4995 3334 5059 Θεολόγος
3375 4995 3413 5046 Γ
3419 4977 3677 5066 ρηγόριος

2096 5087 2154 5138 έν
2177 5103 2286 5139 τισι
2324 5087 2433 5139 τῶν
2469 5087 2635 5139 αὑτοῦ
2658 5085 2833 5150 οὕτως
2871 5088 3014 5158 ἔφη·
3057 5105 3075 5138 ι
3103 5087 3345 5149 Ἀκούεις
3381 5090 3675 5157 γέννησινς

2093 5179 2154 5230 τὸ
2203 5178 2321 5240 πῶς
2383 5178 2468 5248 ,μὴ
2524 5179 2918 5249 περιεργάζου.
2984 5179 3234 5242 Ἀκούεις
3303 5179 3387 5232 ὅτι
3449 5179 3678 5250 Πνεῦμα

2097 5268 2286 5336 προϊὸν
2339 5267 2404 5319 ἐκ
2442 5266 2537 5319 τοῦ
2575 5268 2788 5337 Πατρός
2821 5284 2836 5334 ;
2879 5269 2942 5320 τὸ
2976 5270 3126 5330 ὅπως
3166 5269 3242 5338 μὴ
3283 5265 3678 5339 πολυπραγμό-

2094 5375 2198 5412 νει.
2265 5359 2326 5410 Εἰ
2378 5359 2435 5410 δὲ
2485 5359 2976 5430 πολυπραγμονεῖς
3035 5361 3168 5415 Υίοῦ
3226 5363 3517 5432 γέννησιν,
3585 5364 3677 5415 καὶ

2096 5451 2416 5516 Πνεῦματος
2471 5451 2720 5522 πρόοδον,
2786 5453 2941 5520 κάγὼ
2986 5471 3083 5506 σου
3127 5455 3571 5526 πολυπραγμονῶ
3615 5455 3676 5508 τὸ

2096 5543 2285 5614 κρᾶμα
2333 5543 2512 5614 ψυχῆς
2559 5544 2654 5598 καὶ
2715 5543 2994 5616 σώματος.
3027 5547 3121 5611 Τίς
3176 5547 3393 5600 ἁκούων
3439 5549 3674 5602 ἐνταῦθα

2095 5635 2286 5702 προϊὸν
2317 5636 2378 5687 τὸ
2411 5635 2638 5704 Πνεῦμα
2670 5635 2735 5688 ὲκ
2777 5635 2870 5688 τοῦ
2919 5637 3157 5707 Πατρός,
3198 5637 3329 5691 ἄλλο
3369 5654 3422 5690 τι
3473 5639 3674 5707 δηλοῦν

2098 5727 2198 5795 τὴν
2243 5725 2392 5792 λέξιν
2423 5730 2692 5796 οἰήσεται,
2729 5729 2760 5800 ἢ
2787 5731 2966 5783 ἐκεῖνο
2999 5731 3138 5800 ὅπερ
3171 5733 3239 5784 ἂν
3281 5732 3330 5783 εί
3371 5731 3551 5784 καὶτὸ
3583 5732 3674 5783 ὲκ-

2093 5818 2466 5890 πορευόμενον
2501 5819 2696 5888 ἔκειτο,
2747 5821 2918 5894 αὐτὴν
2963 5820 3166 5895 δηλαδὴ
3201 5820 3300 5896 τὴν
3346 5824 3410 5875 ἐκ
3460 5820 3673 5890 Πατρὸς
