4058 6432
734 338 813 349 ,νς-ν’-

400 408 462 469 Μ
1086 398 1093 403 ·
1467 393 1683 458 JOAN.
1716 395 1934 459 VECCI
1974 396 2081 458 cr.
2128 395 2651 458 PATRIARCHA!
3590 374 3672 463 ’δε

399 523 464 561 ex
500 506 712 562 duabus
736 505 921 564 causis
943 506 1097 563 illum
1119 515 1175 589 et
1197 509 1474 581 progredi,
1506 519 1560 566 et
1580 511 1893 581 provenire,
1926 519 1981 567 et

2106 510 2181 563 ,ἀν
2203 512 2231 564 ὁ
2256 504 2434 581 λέγων
2458 513 2522 567 ἐκ
2539 511 2634 566 τοῦ
2661 511 2880 582 Πατρδς
2902 512 3000 567 καὶ
3038 511 3133 568 τοῦ
3175 513 3306 569 Υἱοῦ
3336 513 3470 570 αὐτὸ
3512 514 3676 569 ἔκπο-

401 600 578 654 emitti
639 600 846 655 dicere.
904 600 1008 656 Sed
1052 615 1235 669 nemo,
1275 601 1576 658 dummodo
1611 603 1871 675 pietatem
1923 603 1977 659 in
2022 614 2031 621 "

398 701 620 755 pectore
654 693 817 762 gerit,
840 708 909 747 ex
941 692 1155 749 duabus
1195 695 1380 750 causis
1418 706 1517 750 aut
1546 696 1859 765 provenire,
1888 708 1984 753 aut

403 784 680 852 progredi,
711 793 805 838 aut
856 785 1033 838 emitti
1070 785 1241 841 dicet.
1278 786 1345 843 Et
1390 787 1613 859 quidem
1650 804 1680 845 a
1718 791 1982 851 Romanis

399 876 453 924 in
484 872 607 927 ﬁdei
655 870 918 946 symbolo
962 873 1224 931 dictionis
1270 877 1632 945 additionem,
1697 895 1823 935 cum
1866 881 1980 951 jam

401 965 546 1021 facta
571 966 662 1031 sit,
721 983 831 1021 non
888 970 1029 1026 bene
1076 969 1273 1024 factam
1318 985 1442 1026 esse
1494 971 1729 1028 dixero?
1775 975 1981 1031 bonum

402 1058 545 1111 baud
586 1059 876 1114 dicendum
932 1071 1037 1127 est,
1068 1063 1334 1132 quidquid
1392 1062 1659 1119 fratribus
1689 1065 1980 1125 dissidium

402 1148 577 1204 amart.
610 1149 743 1205 Mihi
786 1167 1011 1221 quoque
1053 1163 1233 1208 tecum
1294 1154 1411 1210 haec
1463 1156 1666 1210 dicenti
1700 1158 1981 1212 convenit.

402 1242 798 1298 Verumtamen
860 1260 985 1298 cum
1048 1245 1309 1302 dictionis
1339 1248 1569 1318 hujusce
1624 1248 1833 1307 additio
1882 1264 1987 1306 suo

404 1346 570 1388 sensu
606 1334 862 1402 pietatem
894 1336 1057 1393 nobis
1089 1338 1343 1393 traditam
1369 1339 1684 1394 nullatenus
1706 1340 1985 1406 vulneret,

403 1424 609 1495 {neque
640 1426 784 1480 enim
824 1444 994 1482 unum
1037 1431 1311 1496 essentiae,
1350 1447 1530 1502 neque
1572 1433 1776 1487 trinum
1817 1431 1988 1503 hypo-

405 1525 627 1572 staseon
662 1520 854 1591 laedit),
904 1520 1171 1579 fratribus
1205 1525 1415 1581 veniam
1469 1525 1561 1590 do,
1616 1533 1672 1579 et
1727 1524 1987 1580 dictionis

405 1609 741 1666 additionem
779 1616 1117 1684 praeteriens,
1171 1617 1607 1672 consentientem
1655 1617 1981 1671 sententiam

405 1701 634 1770 arripio,
696 1705 1107 1777 discipulusque
1171 1708 1383 1764 efﬁcior
1440 1724 1628 1763 eorum
1675 1709 1985 1773 doctorum,

2085 602 2344 674 ρεύεσθαι
2379 604 2474 657 δύο
2502 604 2598 659 τοῦ
2627 603 2950 673 Πνειεματος
2977 604 3126 659 αἴτια
3161 604 3318 680 λέγῃ,
3342 606 3432 659 τδν
3458 605 3680 675 Πατέρα

2087 698 2183 749 καὶ
2216 697 2305 749 τὸν
2340 695 2492 759 Υἱδν,
2525 696 2622 749 καὶ
2652 698 2681 749 ὁ
2726 698 2792 749 ὲκ
2820 696 2916 749 τοῦ
2975 697 3191 769 Πατρδς
3245 700 3340 751 καὶ
3382 697 3480 751 τοῦ
3544 697 3676 752 Υἰοῦ

2086 787 2477 857 προέρχεσθαι,
2543 788 2576 859 ἢ
2641 789 2915 858 προϊέναι,
2973 788 3005 861 ἢ
3063 788 3450 857 ἐκπέμπεσθαι
3497 788 3677 857 λέγων

2083 880 2245 945 αὐτὸ,
2272 880 2338 932 ὲκ
2370 879 2464 932 δύο
2493 879 2682 935 αἰτίων
2710 880 2805 934 καὶ
2843 880 3122 950 προϊέναι,
3149 882 3244 933 καὶ
3279 880 3674 952 προέρχεσθαι,

2087 972 2183 1027 καὶ
2246 972 2639 1042 ἐκπέμπεσθαι
2694 971 2845 1040 λέγει
2890 972 3044 1026 αὐτό.
3098 972 3416 1043 Ἀλλὰ’μὴν
3475 974 3674 1039 οὖδεῖς,

2088 1060 2415 1132 βουλόμενος
2446 1062 2694 1116 εὐσεϐεῖν
2749 1062 2824 1125 ὡς
2854 1064 2916 1117 ὲκ
2984 1064 3078 1117 δύο
3125 1062 3316 1117 αἰτίων
3347 1066 3377 1133 ἢ
3410 1066 3681 1134 προϊέναι,

2087 1153 2121 1223 ἢ
2163 1154 2534 1224 προέρχεσθαι
2560 1154 2620 1205 τὸ
2655 1154 2882 1224 Πνεῦμα
2908 1157 3043 1225 ἐρεῖ.
3070 1156 3181 1207 Καὶ
3208 1157 3289 1209 ὅτι
3329 1157 3426 1226 μὲν
3449 1158 3482 1225 ἡ
3526 1157 3680 1224 παρὰ

2087 1245 2201 1300 τῶν
2249 1246 2543 1316 Ῥωμαίων
2577 1250 2837 1314 γεγονυῖα
2877 1247 2970 1300 ὲπί
3006 1246 3083 1316 τῷ
3110 1248 3210 1317 τῆς
3252 1249 3491 1309 πίστεως
3532 1247 3682 1317 Συμ-

2089 1339 2235 1409 ϐόλῳ
2259 1326 2686 1408 προσθήκη’τῆς
2716 1337 2941 1403 λέξεως,
2996 1341 3079 1393 ὅτι
3122 1341 3215 1393 καὶ
3261 1339 3402 1401 ὅλως¹
3433 1339 3685 1406 γέγονεν,

2087 1433 2149 1485 οὐ
2191 1431 2370 1493 καλῶς
2400 1433 2623 1499 γέγονεν
2650 1433 2827 1506 arma;
2861 1430 3026 1484 καλὸν
3072 1431 3172 1484 οὐκ
3202 1430 3349 1484 ἐστιν
3374 1433 3549 1485 εἰπεῖν
3582 1432 3694 1484 πᾶν

2088 1523 2151 1577 τὸ
2188 1522 2473 1576 διάστασιν
2525 1525 2639 1587 τοῖς
2670 1524 2921 1593 ἀδελφοῖς
2954 1523 3271 1593 προξενοῦψ
3308 1523 3567 1594 σύμφημί
3607 1539 3695 1575 σοι

2090 1615 2171 1685 τῷ
2210 1615 2433 1683 λέγοντι
2465 1615 2561 1669 καὶ
2599 1616 2765 1679 αὐτός
2788 1633 2802 1645 ⁸
2835 1618 2919 1670 ὅτι
2954 1616 3009 1670 δὲ
3045 1619 3078 1687 ή
3126 1618 3226 1688 τῆς
3255 1616 3457 1681 λέξεων
3486 1616 3693 1685 ταύτης

2096 1709 2392 1780 προσθήκη
2424 1708 2575 1761 οὐδέν
2605 1725 2658 1762 τι
2680 1708 3136 1779 ,παρατιτρώσκει
3181 1709 3319 1779 πρὸς
3351 1709 3562 1761 ἔννοιαν
3593 1708 3695 1779 τὴν

405 1791 589 1860 quiin
649 1793 982 1852 dictionibus
1035 1798 1438 1855 discordantias
1497 1798 1857 1870 negligentes.
1916 1800 1989 1854 ob

2106 1802 2226 1871 ήμῖν
2257 1799 2658 1869 παραδοθεῖσαν
2682 1801 2965 1854 εὐσέϐειαν
2985 1819 2999 1833 ·
3031 1800 3155 1854 οῦτε
3172 1803 3282 1871 γὰρ
3317 1802 3378 1853 τὸ
3413 1801 3698 1871 μοναδικὶν

406 1887 826 1943 consensionem
861 1892 1147 1946 sententiae
1177 1906 1366 1961 pacem
1421 1891 1914 1961 amplectebantur.

2106 1892 2191 1962 τῆς
2206 1891 2396 1954 οὐσίας
2409 1891 2471 1952 λυ
2482 1892 2735 1962 μαίνεται
2753 1892 2877 1946 οὔτε
2890 1893 2952 1946 τὸ
2969 1893 3079 1946 τῶν
3096 1894 3451 1948 ὑποστάσεων
3485 1910 3513 1945 τ
3521 1893 3697 1964 ριαδι..

408 1984 506 2033 κόν
534 1982 944 2052 ’ζσυγγινώσκω
981 1990 1091 2050 τοῖς
1133 1988 1407 2057 ἀδελφοῖς,
1454 1989 1547 2041 καὶ
1597 1987 1920 2058 προσθήκην
1956 1987 2156 2055 λέξεως
2200 1989 2584 2059 παρατρέχων,
2621 1989 2682 2042 τὸ
2723 1990 3019 2059 σύμφωνον
3055 1992 3154 2062 τῆς
3199 1989 3411 2053 ἐννοίας
3440 1990 3697 2058 ἀρπὰζω.

410 2077 508 2131 καὶ
554 2081 805 2152 μαθητὴς
842 2081 1179 2138 διδασκάλων
1222 2085 1469 2149 ἐκείνων,
1505 2084 1554 2137 οἳ
1602 2084 1662 2139 τὸ
1704 2084 1764 2138 ἐν
1810 2084 1989 2150 λέξεσι
2031 2084 2384 2156 παρορῶντες
2430 2084 2762 2157 ἀσύμφωνον
2796 2085 2898 2156 τὴν
2937 2086 3028 2138 ἐπὶ
3057 2084 3135 2156 τῷ
3177 2085 3459 2155 συμφώνῳ
3487 2083 3698 2147 ἑννοίας

410 2172 638 2242 εἰρήνην
675 2173 1011 2243 ἠσπάζοντο.

487 2270 576 2324 t5.
612 2267 709 2323 Sat
727 2271 842 2325 scio
873 2281 925 2327 te
954 2287 1171 2328 rursum
1193 2272 1730 2330 contradictionibus
1755 2274 1953 2331 studen
1971 2306 1984 2315 -

414 2370 547 2427 tem,
578 2362 845 2431 ingerere,
877 2373 931 2418 et
959 2367 1239 2434 quomodo
1277 2366 1670 2437 proprietatem
1719 2366 1997 2423 conlusio-

417 2470 537 2508 nem
573 2470 679 2509 non
712 2456 1040 2521 introdnret,
1089 2457 1180 2529 qni
1234 2459 1453 2527 asserit,
1498 2460 1797 2529 procedere
1824 2459 2002 2530 Spiri-

413 2554 531 2599 tum
562 2555 615 2600 et
639 2562 704 2599 ex
726 2542 906 2601 Filio?
932 2546 1042 2616 Ego
1076 2549 1171 2603 lilii
1203 2548 1409 2619 scripto
1441 2547 1659 2604 traditis
1685 2549 1995 2603 auctorita-

414 2636 828 2706 tibusLTriadis
874 2641 1286 2709 propriissimas
1330 2641 1694 2712 proprietates
1726 2639 1830 2695 tria
1884 2639 2002 2696 haec

416 2731 641 2785 nomina
683 2747 829 2795 esse,
862 2732 1120 2805 {Patrem
1173 2732 1398 2799 Filium,
1432 2743 1487 2788 et
1531 2732 1796 2802 Spiritum
1830 2748 1987 2788 com-

419 2831 756 2886 menstraus,
795 2832 945 2876 tuam
979 2824 1120 2879 hanc
1140 2824 1633 2880 contradictionem
1660 2825 1990 2881 convellam.

413 2906 627 2964 Etenim
645 2913 687 2967 si
710 2928 833 2967 vera
851 2915 1152 2982 proprietas
1172 2914 1434 2984 Spiritus,
1452 2915 1552 2970 hoc
1574 2916 1750 2985 ipsum
1771 2925 1875 2982 est,
1896 2932 2003 2972 non

414 3018 541 3058 esse
573 3021 698 3059 eum
742 3004 981 3073 Patrem,
1031 3024 1209 3079 neque
1235 3008 1457 3071 Filium,
1488 3011 1579 3064 sed
1615 3010 1992 3066 tantummodo

420 3095 712 3163 Spiritum,
746 3107 800 3152 et
832 3098 1091 3168 Spiritum
1137 3099 1314 3154 Patris
1344 3114 1396 3154 et
1437 3099 1581 3166 Filii,
1612 3102 1817 3172 poteris
1865 3101 1996 3157 hinc

419 3201 675 3245 accurate
708 3190 1052 3260 dignoscere,
1099 3207 1165 3248 ea
1212 3194 1423 3248 ratione
1466 3210 1575 3262 qua
1621 3193 1855 3263 Spiritus
1888 3193 2001 3249 Pa-

2115 3197 2209 3251 θεν
2241 3196 2488 3266 ἀκριϐῶς
2515 3196 2825 3264 διαγνῶναιέ
2844 3197 2951 3261 ὅτι,
2976 3193 3167 3264 ὥσπερ
3200 3192 3429 3261 Πνεῦμα
3460 3190 3697 3260 Πατρὸς,
3798 3225 3807 3236 .

422 3281 543 3343 Iris,
580 3289 634 3335 et
669 3283 908 3352 Spiritus
954 3282 1079 3338 Filii
1130 3292 1353 3339 sanctus
1401 3286 1641 3355 Spiritus
1680 3287 1907 3351 dicitur,
1953 3295 2009 3342 et

420 3371 791 3442 liypostaseon
816 3375 1181 3444 pr0prietates
1213 3391 1324 3430 non
1351 3362 1788 3445 confunduntur,
1817 3380 2009 3434 eadem

420 3480 547 3519 eum
582 3481 611 3519 a
646 3467 805 3521 nobis
830 3482 897 3521 ex
947 3468 1111 3522 Patre
1152 3470 1448 3537 procedere
1482 3471 1707 3537 dicitur,
1741 3480 1795 3527 et
1836 3487 1867 3527 a
1904 3473 2011 3527 Ro-

420 3562 602 3616 manis
628 3577 693 3615 ex
723 3562 883 3617 Patre
913 3571 967 3618 et
998 3562 1160 3625 Filio,
1207 3563 1560 3618 iuconlusum
1603 3564 2003 3635 proprietatum

422 3657 760 3710 conservari.
800 3657 866 3709 At
912 3670 1165 3724 quamam
1217 3667 1345 3711 sunt
1390 3657 1622 3725 hujusce
1653 3659 2009 3729 proprietatis

420 3749 631 3816 scripta
693 3747 1045 3803 testimonia?
1092 3745 1401 3819 Nyssenus,
1437 3750 1678 3804 secunda
1746 3752 2008 3805 adversus

423 3838 753 3893 Eunomiuni
788 3839 1034 3893 oratione
1063 3854 1079 3892 :
1107 3856 1125 3891 ε
1158 3836 1559 3910 llypostaseon,
1584 3840 1683 3904 ait,
1703 3842 2009 3909 proprietas

423 3942 668 4002 apertam
705 3942 757 3986 et
805 3930 1155 3987 inconfusant
1200 3931 1368 3986 elIicit
1398 3947 1764 4000 personarum
1810 3933 2011 3988 distiu-

421 4026 686 4089 ctionem,
722 4024 923 4089 Patris,
968 4024 1216 4093 inquam,
1253 4032 1304 4079 et
1335 4022 1480 4088 Filii,
1515 4033 1570 4078 et
1614 4023 1854 4093 Spiritus
1884 4041 2010 4079 san—

424 4120 494 4172 eti
545 4138 557 4174 ;
612 4120 699 4174 liis
738 4118 884 4172 enim
946 4116 1465 4186 compellationibus
1519 4131 1629 4170 non
1686 4125 2005 4171 naturarum

424 4212 723 4267 discrimen
802 4209 1142 4274 edocemur,
1231 4207 1326 4263 sed
1415 4207 1565 4261 solas
1642 4205 2009 4277 hypostascon

422 4305 736 4375 exploratas
800 4303 1175 4373 proprietates.
1210 4302 1640 4371 Clirysostomus
1667 4300 1719 4353 in
1746 4314 1853 4353 uno
1880 4314 2011 4353 suo-

424 4414 546 4451 rum
582 4410 900 4451 sermonum
945 4395 1061 4449 haec
1090 4394 1315 4463 inquit:
1358 4412 1376 4444 ι
1416 4391 1811 4462 Proprietatem
1859 4392 2009 4446 enim

424 4508 548 4543 t‘lilli
568 4491 779 4555 dixero,
804 4487 1019 4543 Patrem
1044 4484 1260 4538 Patrem
1283 4483 1594 4554 intelligito,
1626 4491 1681 4536 et
1704 4480 1899 4537 Filium
1923 4481 2010 4536 Fi-

2189 2281 2274 2331 te'.
2300 2270 2430 2329 Οἶδα
2463 2275 2545 2329 ὅτι
2568 2273 2732 2330 πάλιν
2766 2273 3091 2343 βουλόμενος
3117 2270 3420 2338 ἀντιλέγειν
3454 2288 3566 2339 μοι,
3603 2269 3697 2324 καὶ

2121 2368 2263 2434 πῶς,
2295 2371 2510 2439 φήσεις,
2544 2367 2605 2420 οὒ
2642 2365 2903 2437 σύγχυσις
2940 2366 3049 2419 τῶν
3083 2365 3360 2435 ἰδιοτήτων
3420 2362 3575 2416 ἔσται
3640 2362 3698 2414 τὺ

2108 2461 2290 2530 λέγειν
2329 2459 2729 2533 ἐκπορεύεσθαι
2776 2460 2838 2514 τὸ
2882 2457 3108 2528 Πνεῦμα
3134 2458 3230 2510 καί
3260 2459 3324 2510 ὲκ
3369 2455 3467 2508 τοῦ
3522 2454 3695 2519 Υἱοῦς

2123 2551 2267 2622 Ἐγὼ
2301 2552 2358 2605 δέ
2394 2569 2477 2606 σοι
2500 2553 2589 2607 διὰ
2618 2551 2912 2623 γραφικῶν
2957 2551 3318 2618 παραστήσας
3378 2547 3699 2618 μαρτυριῶν

2110 2645 2188 2708 ὡς
2218 2645 2275 2697 αἱ
2304 2645 2403 2714 τῆς
2434 2644 2668 2713 Τριάδος
2696 2643 2907 2715 κυρίως
2952 2643 3217 2711 ἰδιότητες
3240 2641 3306 2694 τὰ
3338 2640 3468 2709 τρία
3522 2640 3699 2693 ταῦτα

2108 2735 2356 2806 ὀνόματά
2384 2736 2519 2801 εἰσι,
2550 2735 2608 2792 τὸ
2641 2735 2854 2805 Πατὴρ,
2889 2732 3019 2795 Υἱός
3042 2749 3122 2794 τε,
3158 2733 3254 2784 καὶ
3307 2730 3560 2799 Πνεῦμα,
3598 2730 3699 2799 τὴν

2112 2827 2213 2901 σὴν
2241 2828 2449 2902 ταύτην
2475 2829 2803 2900 ἀντίρρησιν
2834 2825 3247 2894 ἀποτρέψομαιο
3276 2827 3324 2878 εἰ
3356 2827 3463 2896 γὰρ
3503 2825 3537 2891 ή
3604 2839 3671 2875 κυ

2112 2921 2243 2992 ρίως
2277 2920 2477 2991 ἰδιότης
2502 2919 2597 2973 τοῦ
2654 2918 2973 2990 Πνεύματος
3028 2919 3164 2972 αὐτὸ
3207 2916 3374 2969 τοῦτό
3430 2920 3569 2976 ἐστι,
3635 2914 3698 2967 τὸ

2114 3015 2255 3085 μήτε
2290 3013 2514 3082 Πατέρα
2552 3009 2696 3067 εἶναι
2741 3013 2899 3077 αὐτὸ,
2949 3011 3088 3080 μήτε
3148 3008 3299 3071 Υἰδν,
3347 3008 3484 3062 ἀλλὰ
3538 3007 3700 3077 μόνον

2111 3106 2363 3176 Πνεῦμα,
2394 3105 2490 3158 καὶ
2528 3103 2759 3175 Πνεῦμα
2785 3103 3002 3174 Πατρδς
3031 3102 3125 3157 καὶ
3162 3100 3317 3163 Υἱοῦ,
3343 3101 3488 3170 ἔχεις
3512 3097 3693 3153 ὲντεῦ-

2118 3291 2213 3345 καὶ
2244 3287 2469 3358 Πνεῦμα
2497 3288 2628 3341 Υἰοῦ
2663 3287 2724 3341 τὸ
2753 3286 2908 3357 ἅγιον
2940 3287 3160 3355 λέγεται
3198 3283 3440 3353 Πνεῦμα,
3495 3288 3587 3335 καὶ
3641 3281 3699 3333 αἰ

2115 3379 2226 3434 τῶν
2260 3380 2619 3433 ὑποστάσεων
2639 3379 2902 3450 ἰδιότητες
2923 3378 2984 3430 οὒ
3009 3376 3405 3446 συγκέχυνται,
3437 3373 3581 3427 οὕτω
3602 3373 3699 3426 καὶ

2115 3473 2244 3527 ὅταν
2268 3472 2387 3526 καθ’
2418 3473 2568 3542 ἡμᾶς
2602 3473 2702 3541 μὲν
2728 3474 2792 3524 ὲκ
2832 3470 3049 3541 Πατρδς
3082 3467 3483 3537 ἐκπορεύεσθαι
3533 3464 3699 3535 λέγη-

2113 3579 2230 3628 ται,
2276 3562 2420 3615 κατέι
2470 3561 2526 3615 δὲ
2572 3561 2701 3623 τοὺς
2743 3550 3052 3630 Ῥωμαίους
3087 3563 3149 3613 ὲκ
3175 3559 3390 3629 Πατρὺς
3420 3558 3515 3610 καὶ
3541 3554 3698 3620 Υἱοῦ,

2114 3653 2176 3707 τὸ
2216 3652 2531 3723 ἀσύγχυτον
2551 3652 2664 3706 τῶν
2701 3652 2986 3720 ἰδιοτήτων
3020 3653 3343 3721 τετήρηται.
3369 3649 3527 3711 Τξνες
3553 3647 3608 3700 δὲ
3641 3649 3699 3701 αἰ

2113 3747 2390 3816 γραφικαὶ
2447 3746 2547 3815 τῆς
2602 3743 2863 3814 τοιαύτης
2918 3743 3183 3813 ἰδιότητος
3258 3742 3593 3813 μαρτυρίαις
3639 3740 3700 3793 '0

2115 3838 2343 3906 Νύσσης
2385 3838 2442 3890 ἐν
2470 3836 2549 3906 τῷ
2577 3836 2702 3889 κατ’
2734 3835 3004 3904 Εὐνομίου
3031 3835 3271 3906 δευτέρῳ
3310 3834 3453 3902 λόγῳ
3506 3828 3696 3895 αὐτοῦ,

2121 3948 2139 3981 ι
2163 3930 2230 3983 Ἡ
2250 3929 2360 3980 τῶν
2396 3927 2809 3992 ὑποστάσεων,ι
2850 3925 3040 3994 φησιν,
3081 3941 3100 3975 ι
3136 3924 3336 3993 ἰδιότης
3368 3922 3576 3993 τρανὴν
3604 3920 3699 3973 καὶ

2114 4019 2427 4090 ἁσύγχυτον
2464 4021 2703 4072 ποιεῖται
2735 4016 2836 4086 τὴν
2858 4015 2969 4069 τῶν
3023 4014 3336 4085 προσώπων
3386 4010 3695 4081 διαστολὴν,

2113 4111 2327 4179 Πατρὸς
2358 4109 2502 4177 λέγω
2533 4110 2627 4163 καὶ
2677 4107 2835 4169 Υἱοῦ.
2894 4107 2986 4160 καὶ
3015 4106 3176 4173 ἁγίου
3221 4102 3573 4173 Πνεύματος.
3598 4102 3698 4155 Διὰ

2115 4204 2226 4273 γὰρ
2251 4202 2364 4256 τῶν
2402 4203 2647 4272 κλήσεων
2670 4198 2880 4253 τούτων
2914 4197 2977 4251 οὐ
3006 4197 3224 4266 φύσεων
3251 4195 3521 4265 διαφορὰν
3553 4195 3698 4247 διδα-

2117 4297 2387 4366 σκόμεθα,
2427 4294 2563 4350 ἀλλά
2583 4295 2757 4360 μόνας
2782 4295 2885 4355 τὰς
2907 4292 3019 4344 τῶν
3071 4291 3432 4344 ὑποστάσεων
3494 4304 3697 4357 γνωρι-

2116 4392 2308 4452 στικὰς
2343 4391 2639 4459 ἰδιότητας.
2672 4408 2691 4442 ι
2739 4389 2801 4441 ⁸0
2831 4387 3219 4455 Χρυσόστομος
3247 4385 3305 4437 εν
3327 4400 3436 4437 τινι
3465 4383 3573 4435 τῶν
3598 4382 3697 4435 αὑ-

2114 4483 2209 4537 τοῦ
2242 4483 2418 4549 λόγων
2449 4481 2592 4535 οὕτω
2623 4480 2813 4551 φησιν’
2852 4497 2870 4532 ι
2924 4478 3192 4547 ’ἰδιότητα
3214 4477 3324 4546 γὰρ
3364 4477 3497 4529 ὅταν
3532 4473 3695 4541 εἴπω,

425 4586 538 4639 ium
567 4624 581 4648 ,
608 4596 662 4638 et
686 4582 947 4652 Spiritum
990 4589 1242 4636 sanctum
1294 4577 1555 4646 Spiritum
1602 4585 1878 4631 sanctum.
1920 4577 2001 4632 lla-

2117 4576 2207 4630 τὸν
2234 4576 2458 4646 Πατέρα
2484 4576 2708 4643 Πατέρα
2747 4576 2965 4641 νόησον,
2992 4571 3085 4623 τὸν
3120 4571 3249 4621 Υἰὸν
3312 4570 3460 4631 Υἱὸν,
3510 4567 3604 4620 καὶ
3640 4570 3698 4619 τὸ

424 4677 569 4731 enim
605 4677 965 4746 proprietates
994 4686 1102 4725 non
1128 4678 1543 4725 convertuntur.
1579 4666 1717 4723 Nam
1774 4684 1880 4723 non
1907 4686 2007 4740 po-

427 4778 532 4822 test
556 4770 714 4823 Pator
746 4765 917 4822 Filius
944 4779 1088 4827 esse,
1121 4761 1408 4818 autFilius
1438 4760 1620 4826 Pater,
1646 4771 1741 4817 aut
1773 4761 2011 4830 Spiritus

426 4869 652 4914 sanctus
686 4857 887 4920 Pater,
936 4864 1025 4909 aut
1059 4854 1309 4909 Filius.)
1364 4855 1431 4908 Et
1473 4854 1644 4910 abbas
1691 4855 2011 4910 Theodorus

426 4952 808 5020 plllloSopltus,
840 4966 859 4999 ι
889 4949 1017 5002 Haec
1041 4947 1144 4999 tria
1170 4946 1342 5001 nihilo
1372 4946 1513 5000 inter
1528 4962 1646 5002 sese
1676 4947 2011 5011 discordant,
2046 5015 2051 5020 _

430 5045 532 5098 nisi
567 5040 922 5098 solummodo
955 5041 1306 5109 proprietate,
1343 5040 1488 5093 hunc
1515 5040 1728 5095 scilicet
1751 5056 1873 5097 esse
1910 5041 2011 5096 Pa-

428 5143 592 5202 trem,
625 5136 771 5189 hunc
822 5131 1043 5194 Filium,
1078 5130 1232 5186 illum
1279 5131 1542 5187 Soiritum
1568 5142 1838 5188 sanctum.
1880 5152 1899 5185 ι

505 5317 596 5371 16.
642 5312 892 5369 Visneet
932 5311 1079 5366 aliud
1111 5328 1257 5367 nunc
1299 5313 1352 5367 in
1401 5328 1631 5367 examen
1666 5314 2014 5383 proponere?

432 5412 544 5473 Ait,
574 5407 799 5478 effundi,
847 5406 1115 5476 progredi,
1166 5423 1437 5473 emanare,
1477 5419 1531 5461 et
1571 5408 1793 5472 similia,
1821 5408 1920 5462 etsi
1960 5408 2011 5460 in

433 5499 713 5556 nonnullis
761 5498 896 5556 locis
945 5497 1294 5566 reperiuntur
1340 5498 1409 5553 de
1446 5497 1651 5568 Spiritu
1688 5510 1897 5553 asserta
1947 5515 2013 5552 ex

433 5593 617 5652 Patre.
653 5589 1002 5645 essentialem
1037 5588 1278 5644 indicant
1323 5599 1377 5645 et
1427 5592 1733 5644 naturalem
1773 5591 1919 5644 illius
1944 5605 2008 5644 ex

435 5685 597 5741 Patre
616 5682 993 5739 exsistentiam
1018 5699 1033 5737 :
1057 5697 1164 5737 non
1196 5698 1353 5753 aeque
1387 5698 1540 5751 vero,
1568 5698 1693 5739 cum
1725 5690 1788 5738 ea
1815 5683 2014 5737 dicun-

437 5791 527 5834 tur
555 5795 617 5833 ex
669 5777 830 5844 Filio,
879 5775 1141 5841 inferunt,
1189 5776 1514 5832 naturaliter
1542 5784 1599 5843 et
1638 5775 2008 5831 essentialiter

438 5872 702 5938 Spiritum
739 5886 860 5926 esse
900 5886 964 5926 ex
993 5869 1153 5938 Filio,
1182 5870 1275 5926 sed
1305 5886 1372 5925 ex
1414 5883 1480 5925 eo
1518 5866 1850 5936 spiritalium
1891 5884 2012 5922 mu-

2118 4668 2346 4737 Πνεῦμα
2375 4670 2436 4721 τὸ
2461 4668 2618 4735 ἅγιον
2649 4666 2877 4736 Πνεῦμα
2903 4664 3079 4733 ἆγιον.
3114 4656 3286 4716 Abeant
3310 4661 3419 4730 γὰρ
3478 4660 3534 4714 αἰ
3575 4659 3697 4712 ἰδιό-

2113 4776 2274 4828 τητες
2300 4760 2399 4812 οὐκ
2430 4758 2876 4827 ἀντιστρέφονται
2901 4774 2914 4788 ·
2940 4756 3000 4808 οῦ
3033 4755 3257 4808 δύναται
3291 4754 3400 4824 γὰρ
3429 4754 3456 4805 ό
3510 4751 3699 4821 Πατὴρ

2115 4851 2245 4914 Υἱὸς
2283 4849 2449 4914 εἶναι,
2480 4850 2512 4919 ἢ
2542 4852 2570 4902 ὁ
2601 4850 2731 4912 Υἱὸς
2764 4847 2976 4919 Πατὴρ,
3008 4848 3039 4917 ἢ
3080 4848 3141 4899 τὸ
3171 4845 3398 4915 Πνεῦμα
3426 4844 3488 4896 τὸ
3542 4845 3699 4910 ἅγιον

2115 4942 2257 4997 εἶναι
2289 4944 2501 5014 Πατὴρ,
2531 4941 2564 5013 ἢ
2596 4940 2749 5004 Υἱός.
2819 4959 2838 4993 ι
2876 4942 2989 4994 Καὶ
3026 4940 3055 4991 ὁ
3112 4939 3288 5000 ἁϐϐἄς
3345 4936 3622 5006 θεὸδωρος
3671 4934 3701 4985 ὁ

2116 5035 2428 5105 φιλόσοφος,
2473 5053 2493 5087 ι
2533 5033 2739 5100 Ταῦτα,
2785 5035 2941 5105 φησὶ,
2973 5033 3042 5085 τὰ
3096 5031 3233 5102 τρία.
3264 5029 3417 5082 οὐδὲν
3452 5028 3699 5099 ἀλλήλων

2114 5127 2465 5198 διαφέρουσιν
2513 5128 2563 5180 εἰ
2601 5125 2675 5197 μὴ
2715 5127 2874 5198 μόνον
2918 5125 3060 5179 κατά
3094 5124 3162 5176 τὰ
3194 5124 3481 5192 ἰδιώματα,
3518 5121 3700 5175 καὶτὸ

2114 5225 2208 5273 τὸν
2243 5221 2341 5289 μὲν
2367 5218 2508 5273 εἶναι
2540 5221 2784 5289 Πατέρα,
2823 5218 2915 5272 τὸν
2946 5219 3002 5271 δὲ
3019 5217 3170 5281 Υἰὺν,
3196 5215 3256 5270 τὸ
3277 5215 3335 5268 δὲ
3353 5215 3596 5285 Πνεῦμα.
3613 5233 3631 5264 ι

2193 5313 2291 5378 ιςέ.
2325 5313 2390 5365 Τί
2422 5311 2602 5383 βούλει
2633 5312 2843 5382 ἀπάρτι
2871 5311 2965 5363 καὶ
2994 5310 3185 5377 ἕτερον
3239 5307 3562 5378 προσθεῖναι
3619 5309 3700 5371 εἰς

2118 5408 2347 5476 σκέψινς
2380 5406 2484 5473 ὅτι,
2520 5407 2676 5474 φησὶ,
2728 5405 2791 5457 τὸ
2823 5402 3202 5471 προχεῖσθαι,
3251 5400 3547 5468 apati-Erat,
3602 5402 3700 5453 καὶ

2117 5497 2492 5561 ἀναϐλύζειν,
2522 5499 2616 5550 καὶ
2650 5495 2990 5578 τὰεοιαῦτα,
3025 5493 3075 5545 εἰ
3118 5493 3213 5545 καὶ
3257 5491 3406 5545 ἐστιν
3433 5486 3496 5545 οὗ
3541 5492 3698 5559 λεγό-

2121 5609 2260 5663 μενα
2281 5593 2413 5662 περὶ
2433 5590 2530 5644 τοῦ
2570 5590 2891 5658 Πνεύματος
2936 5591 3002 5642 ἐκ
3033 5586 3268 5657 Πατρδς,
3299 5586 3576 5650 οὐσιωδῶς
3605 5586 3698 5658 δη-

2073 5747 2083 5755 .
2117 5640 2269 5737 λοῦσι
2302 5640 2395 5738 aratri
2422 5683 2691 5752 φυσικῶς,
2720 5640 3005 5752 ⁸ὑπάρχειν
3040 5640 3173 5732 αὐτό
3202 5640 3267 5729 ἐκ
3295 5640 3727 5748 Πατριῦςύὰλίθ¹

2121 5777 2220 5829 οὐκ
2248 5776 2387 5828 ὲπὰν
2409 5775 2679 5841 λέγωνται
2709 5773 2882 5825 ταῦτα
2911 5771 3004 5824 καὶ
3038 5772 3102 5822 ὲκ
3126 5766 3220 5820 τοῦ
3269 5765 3421 5831 Υἰοῦ,
3472 5766 3698 5835 δηλοῦσι

2121 5868 2181 5921 τὸ
2213 5867 2457 5932 φυσικῶς
2487 5867 2583 5920 καὶ
2627 5864 2899 5927 οῦσιωδῶς
2943 5863 3213 5931 ὑπάρχειν
3251 5859 3312 5913 τὸ
3347 5859 3569 5927 Πνεῦμα
3606 5861 3698 5912 καὶ
