4058 6446
418 384 486 448 55
1486 387 1695 450 JOAN.
1736 389 1952 451 VECCI
1994 389 2106 450 CP.
2146 390 2655 455 PATRIARCII/E
3610 385 3679 449 56

411 498 656 568 propria,
703 506 758 553 et
797 497 909 567 jam
947 497 1287 569 intelligatur
1322 497 1627 554 secundum
1685 512 1745 552 se
1790 498 1995 567 ipsum,

2105 498 2270 569 ίδικῇ,
2309 501 2404 553 καὶ
2442 500 2506 571 δὴ
2559 502 2762 554 νοεῖται
2822 498 2946 555 καθ’
2978 499 3163 564 ἑαυτὸ,
3190 496 3314 551 καθ’
3367 497 3394 551 δ
3452 497 3678 568 Πνεῦμα

414 603 522 659 qua
557 586 794 659 Spiritus
819 598 924 656 est,
969 598 1025 646 et
1056 606 1162 644 nou
1224 590 1419 657 Filius,
1461 599 1843 645 verumtamen
1888 605 1996 644 non

413 690 500 736 est
520 681 734 736 alienus
777 681 846 736 ab
870 697 976 748 eo;
1023 680 1262 752 Spiritus
1294 681 1443 736 enim
1486 681 1736 736 veritatis
1766 681 1999 750 appella—

413 780 504 828 tus
526 785 630 839 est,
655 785 710 829 et
736 783 818 830 est
847 776 1097 831 Christus
1114 778 1338 841 veritas,
1362 786 1418 830 et
1440 774 1755 843 eﬂ‘unditur
1782 775 1849 829 ab
1872 777 1996 845 ipso

415 866 629 931 eadem,
673 883 781 937 qua
834 878 889 922 et
929 885 960 923 a
1010 868 1171 924 Patre
1209 869 1447 924 ratione.
1484 886 1504 921 ι
1553 867 1700 935 Quid
1747 869 1836 921 hic
1868 867 1949 922 ais
1974 867 2000 920 ἲ

415 954 715 1012 Videturne
754 958 889 1023 tibi,
945 957 1014 1013 de
1061 960 1346 1015 essentiali
1380 960 1706 1015 exsistentia
1756 958 1998 1028 Spiritus

412 1063 476 1101 ex
531 1047 671 1102 Fiiio
724 1062 1034 1103 sermonem
1077 1049 1313 1115 haberi,
1371 1066 1496 1105 cum
1555 1056 1781 1107 sanctus
1842 1050 1994 1115 dicit,

412 1140 616 1195 eﬂ‘undi
660 1141 921 1210 Spiritum
970 1158 999 1196 a
1026 1141 1167 1198 Filio
1184 1149 1354 1214 ineque
1388 1155 1550 1215 atque
1580 1144 1882 1200 effunditur
1928 1146 1997 1200 ab

412 1234 531 1300 ipSo
566 1232 764 1288 Patre?
795 1250 865 1288 an
915 1249 1051 1290 vero
1099 1235 1167 1290 de
1210 1236 1483 1292 donorum
1531 1236 1997 1308 dispensatione?

412 1325 557 1378 ldem
590 1325 730 1379 libro
776 1326 1022 1381 secundo
1054 1324 1493 1392 Tltesaurorum,
1525 1312 1780 1383 sermone
1839 1326 1995 1393 cujus

413 1415 506 1469 illa
556 1416 854 1486 epigraphe
900 1425 1006 1482 est,
1053 1436 1073 1469 ι
1112 1416 1193 1471 Ex
1245 1418 1487 1473 essentia
1538 1415 1720 1471 Patris
1759 1424 1814 1470 et
1860 1415 1993 1473 Filii

414 1503 680 1575 Spiritum
728 1517 983 1561 sanetum
1037 1522 1180 1574 esse,
1218 1526 1237 1561 ι
1277 1509 1389 1568 ait:
1431 1525 1451 1560 ι
1492 1506 1631 1562 Cum
1661 1507 1847 1575 itaque
1877 1504 1999 1575 Spi-

412 1595 556 1652 ritus
582 1608 806 1654 sanctus
829 1600 895 1652 ad
938 1614 1040 1655 nos
1068 1599 1359 1668 accedens,
1390 1599 1711 1656 conformes
1744 1613 1847 1655 nos
1880 1596 1996 1654 elli-

414 1691 490 1743 eit
549 1688 677 1753 Deo,
718 1690 1063 1762 progreditur
1109 1706 1245 1747 vero
1302 1700 1359 1748 et
1421 1708 1489 1747 ex
1545 1692 1707 1749 Patre
1739 1702 1794 1746 et
1827 1691 1992 1757 Filio,

414 1782 768 1839 manifestum
797 1799 883 1840 est
920 1785 1073 1840 illum
1108 1786 1306 1842 divinae
1348 1789 1603 1843 essentiae
1631 1802 1774 1851 esse,
1805 1802 1994 1842 essen-

413 1874 614 1932 tialitcr
642 1878 695 1930 in
736 1876 853 1943 ipsa
888 1889 943 1933 et
970 1893 1036 1933 ex
1070 1879 1185 1948 ipsa
1218 1878 1687 1949 progredientem,
1731 1880 2000 1950 quemad-

412 1968 637 2023 modum
692 1983 889 2039 nempe
936 1985 1001 2025 ex
1048 1973 1292 2027 humano
1339 1987 1434 2027 ore
1464 1971 1633 2035 ﬂatus
1675 1986 1998 2036 excurrens,

415 2057 543 2111 licet
574 2057 858 2126 pusillum,
893 2073 994 2113 nec
1025 2069 1189 2114 tantae
1239 2059 1526 2130 dignitatis
1557 2067 1872 2130 exemplum
1905 2061 1996 2114 sit.

413 2147 592 2218 Super
619 2150 761 2204 enim
786 2150 970 2205 omnia
990 2149 1131 2207 Deus
1152 2162 1254 2207 est.
1282 2171 1301 2204 ι
1331 2151 1635 2208 Considera
1664 2153 1755 2208 hic
1782 2167 2001 2222 quoque

414 2245 696 2311 quomodo
729 2243 939 2298 scribat
995 2245 1382 2300 sanctissimus
1419 2244 1678 2315 Cyrillns,
1714 2264 1733 2297 ι
1773 2243 2001 2314 Progre-

413 2333 563 2387 ditur
617 2332 857 2403 Spiritus
910 2350 977 2390 ex
1024 2334 1185 2391 Patre
1238 2345 1294 2391 et
1342 2335 1504 2399 Filio,
1546 2354 1565 2387 ι
1616 2344 1672 2390 et
1708 2335 1998 2405 intelligis,

413 2425 781 2480 essentialiter
814 2441 940 2480 eum
993 2427 1248 2498 progredi
1275 2435 1331 2483 et
1358 2443 1425 2483 ex
1456 2426 1618 2494 Filio,
1651 2443 1776 2483 eum
1812 2436 1867 2482 et
1907 2443 1999 2483 es-

412 2515 716 2569 sentialiter
764 2519 994 2585 prodeat
1041 2519 1204 2573 etiam
1267 2533 1331 2572 ex
1390 2517 1577 2576 Patre.
1637 2517 1706 2573 Et
1738 2518 1998 2588 profundi

413 2607 654 2674 quidem,
690 2608 963 2679 progredi,
990 2616 1044 2663 et
1069 2624 1348 2676 emanare,
1380 2617 1545 2680 atque
1575 2611 1779 2666 similia
1811 2625 2002 2666 essen-

412 2700 594 2753 tialem
616 2700 852 2769 Spiritus
879 2716 947 2756 ex
974 2699 1136 2757 Patre
1167 2711 1222 2758 et
1253 2701 1393 2757 Filio
1423 2702 1803 2758 ersistentiam
1830 2703 2002 2759 deno-

412 2803 553 2861 tare,
591 2793 706 2863 jam
739 2794 929 2858 dictis,
978 2806 1038 2849 ut
1060 2803 1217 2866 puto,
1261 2795 1593 2851 testimoniis
1643 2797 1781 2851 satis
1829 2798 2002 2851 abun-

413 2886 597 2957 deque
629 2892 1072 2942 demonstratum
1110 2898 1214 2945 est.

489 2979 577 3032 l7.
635 2980 793 3045 Quod
837 2994 971 3035 vero
1005 2981 1447 3036 consideratione
1474 2982 1698 3052 dignum
1742 2984 1906 3048 duco,
1940 2983 1995 3038 id

413 3086 565 3126 nunc
629 3072 840 3127 tradam
898 3072 1164 3128 orationi.
1216 3092 1235 3125 ι
1269 3072 1651 3144 Progreditur,
1681 3077 1822 3131 dixit
1872 3092 2001 3133 san-

2099 593 2195 645 καὶ
2220 593 2317 662 οὐχ
2353 593 2503 659 Υἱὸς,
2536 594 2654 647 ἀλλ’
2687 588 2781 647 οὖν
2814 594 2962 646 ἐστιν
3001 593 3104 645 οὐκ
3150 591 3436 659 ἀλλότριον
3484 590 3676 647 αὑτοῦ.

2098 685 2325 754 Πνεῦμα
2361 685 2472 755 γὰρ
2515 683 2776 754 ἀληθείας
2801 684 3144 754 ὠνόμασται,
3165 683 3259 735 καὶ
3294 681 3411 735 ἔστι
3443 681 3680 751 Χριστὸς

2098 780 2130 847 ὴ
2166 777 2412 844 ἀλήθεια,
2443 777 2539 829 καὶ
2569 779 2857 849 προχεῖται
2879 774 3011 846 παρ’
3038 774 3232 841 αὑτοῦ,
3263 773 3517 844 καθάπερ
3544 774 3682 843 ἀμέ-

2096 871 2181 924 λει
2212 870 2303 922 καὶ
2339 869 2405 922 ἐκ
2426 866 2520 922 τοῦ
2553 869 2791 939 Πατρός.
2826 888 2845 922 ι
2878 869 2943 925 Τί
2979 868 3084 939 φὴς
3139 866 3375 921 ἐνταῦθα
3415 867 3546 935 περὶ
3583 864 3679 919 τοῦ

2100 959 2375 1020 οὐσιωδῶς
2402 959 2674 1030 ὑπάρχειν
2706 960 2770 1013 τὸ
2801 958 3031 1030 Πνεῦμα
3061 958 3123 1023 ἐξ
3155 957 3330 1024 Υιοῦ;
3377 958 3539 1010 Δοκιῖ
3597 972 3705 1010 σοι.

2099 1053 2376 1107 ποιεῖσθαι
2410 1053 2503 1106 τὸν
2526 1053 2687 1120 λόγον
2728 1053 2757 1104 ό
2798 1050 2979 1119 ἅγιος,
3033 1048 3365 1120 προχεῖσθαι
3409 1047 3586 1116 λέγων
3624 1049 3684 1099 τὸ

2098 1144 2325 1213 Πνεῦμα
2362 1144 2513 1217 παρά
2542 1143 2636 1198 τοῦ
2668 1143 2823 1209 Υίοῦ,
2857 1143 3114 1211 καθάπερ
3142 1143 3342 1212 ἀμέλει
3373 1141 3471 1194 καὶ
3502 1140 3561 1204 ἐξ
3585 1141 3685 1194 αύ-

2095 1238 2195 1292 τοῦ
2226 1238 2322 1292 τοῦ
2354 1237 2593 1307 Πατρὸς,
2632 1237 2665 1308 ἢ
2698 1236 2831 1306 περὶ
2858 1236 3223 1306 χαρισμάτων
3266 1232 3572 1303 διανομῆ;;
3620 1228 3685 1284 Ὀ

2097 1332 2263 1395 αὐτὸς
2297 1333 2355 1384 ἐν
2383 1330 2462 1401 τῷ
2507 1331 2753 1399 δευτέρῳ
2784 1329 2893 1382 τῶν
2939 1328 3267 1399 Θησαυρῶν,
3315 1326 3373 1378 ἐν
3431 1324 3509 1393 τῷ
3542 1322 3686 1392 λόγῳ

2097 1417 2223 1493 ubi)
2262 1422 2569 1491 ἐπιγραφὴ,
2608 1438 2628 1473 ι
2661 1419 2788 1475 ’Ότι
2817 1422 2881 1475 ὲκ
2908 1421 3010 1489 τῆς
3066 1418 3269 1481 οὐσίας
3323 1417 3420 1470 τοῦ
3470 1414 3687 1481 Πατρὸς

2098 1513 2311 1569 καὶτοῦ
2348 1512 2477 1566 Υίοῦ
2516 1513 2578 1565 τὸ
2605 1511 2834 1582 Πνεῦμα
2862 1511 2924 1565 τὸ
2953 1511 3132 1579 ἅγιον,
3178 1527 3199 1562 ι
3256 1508 3422 1578 φησίν
3443 1519 3460 1535 ⁸
3493 1523 3513 1557 ι
3557 1506 3686 1557 Ὅτε

2097 1605 2279 1658 τοίνυν
2314 1605 2376 1657 τὸ
2410 1602 2640 1672 Πνεῦμα
2664 1604 2725 1655 τὸ
2745 1602 2905 1670 ἆγιον
2942 1604 3000 1655 ἐν
3031 1602 3166 1672 ἡμῖν
3195 1600 3487 1669 γινόμενον
3541 1614 3684 1665 συμ-

2103 1694 2349 1765 μόρφους
2383 1695 2532 1765 ἡμᾶς
2565 1691 2917 1746 ἀποδεικνύει
2941 1690 3101 1758 Θεοῦ,
3130 1691 3347 1761 πρόεισι
3379 1687 3438 1741 δὲ
3472 1687 3569 1739 καὶ
3623 1688 3688 1738 ἐκ

2102 1787 2319 1857 Πατρὸς
2348 1788 2442 1840 καὶ
2475 1785 2633 1851 Υεοῦ,
2674 1783 2940 1855 πρόδηλον
2962 1784 3045 1835 ὅτι
3077 1772 3185 1850 τῆς
3210 1780 3364 1842 θείας
3396 1779 3547 1830 ἐστὶν
3582 1777 3676 1829 οῦ-

2106 1880 2248 1944 σίας,
2280 1877 2553 1942 οὐσιωδῶς
2579 1880 2636 1931 ὲν
2663 1878 2801 1947 αὐτῇ
2838 1878 2935 1931 καὶ
2968 1875 3027 1940 ἐξ
3052 1874 3226 1945 αὐτῆς
3256 1872 3469 1943 προῖόν·
3496 1869 3689 1938 ῶσπερ

2105 1970 2201 2027 οῦν
2227 1973 2420 2043 ἀμέλει
2449 1972 2545 2025 καὶ
2573 1969 2633 2023 τὸ
2660 1968 2720 2034 ἐξ
2745 1967 3090 2037 ἀνθρωπείου
3126 1965 3400 2035 στόματος
3426 1961 3687 2031 ἐκτρέχον

2105 2064 2434 2135 ἐμφύσημα,
2468 2063 2518 2116 εί
2551 2061 2648 2116 καὶ
2685 2061 2884 2131 μικρὸν
2923 2058 3019 2112 καὶ
3052 2057 3156 2110 ούκ
3208 2054 3360 2120 ἄξιον
3400 2053 3496 2105 τοῦ
3528 2053 3690 2119 λόγου

2104 2157 2167 2210 τὸ
2192 2156 2521 2226 ὑπόδειγμα·
2568 2152 2748 2207 πάντα
2777 2152 2886 2223 γὰρ
2937 2149 3199 2222 ὑπερέχει
3249 2146 3416 2208 Θεός.
3464 2164 3484 2196 ι
3542 2143 3693 2213 Ὅρα

2106 2247 2392 2304 κάνταῦθα
2429 2248 2547 2310 πῶς
2572 2264 2737 2316 φησιν
2768 2247 2797 2299 ὁ
2831 2244 3009 2315 μέγας
3054 2243 3114 2294 ἐν
3171 2238 3350 2307 ἁγίοις
3396 2235 3694 2306 Κύριλλος,

2110 2359 2129 2392 ι
2174 2341 2394 2412 Πρόεισι
2419 2340 2480 2393 τὸ
2506 2338 2729 2409 Πνεῦμα
2753 2339 2816 2390 ἐκ
2838 2333 3050 2405 Ηατρδς
3087 2332 3183 2386 καὶ
3219 2330 3380 2395 Υἱοῦ,
3417 2347 3436 2380 ›
3479 2326 3570 2381 καὶ
3597 2323 3693 2377 σύ-

2103 2450 2193 2497 νες
2222 2431 2495 2495 ούσιωδῶς
2528 2429 2663 2484 αὐτὸ
2692 2426 2959 2500 προϊέναι
2991 2429 3085 2477 καὶ
3122 2424 3187 2475 ἐκ
3214 2419 3310 2475 τοῦ
3343 2416 3498 2484 Υἰοῦ,
3535 2416 3693 2468 ἐπει-

2102 2527 2277 2597 δήπερ
2314 2523 2590 2585 οὒσιωδῶς
2620 2522 2837 2594 πρόεισι
2870 2521 2967 2574 καὶ
2998 2518 3062 2570 ἐκ
3122 2513 3362 2586 Πατρός.
3429 2509 3573 2563 Ἀλλ’
3604 2507 3690 2560 ὅτι

2106 2620 2204 2689 μὲν
2232 2616 2292 2670 τὸ
2329 2613 2706 2685 προχεῖσθαι,
2733 2612 2830 2666 καὶ
2858 2608 3154 2679 προϊέναι,
3182 2608 3274 2660 καὶ
3302 2599 3693 2663 ἀναϐλύζειν,

2104 2711 2198 2764 καὶ
2224 2711 2295 2764 τὰ
2322 2709 2572 2773 τοιαῦτα,
2610 2707 2670 2761 τὸ
2714 2704 2993 2768 ούσιωδῶς
3019 2703 3289 2774 ὑπάρχειν
3339 2699 3402 2752 τὸ
3434 2718 3438 2723 ·
3466 2694 3693 2765 Πνεῦμα

2103 2803 2363 2874 δηλοῦσιν
2396 2788 2467 2857 ἐκ
2510 2800 2725 2881 Πατρδς
2761 2800 2859 2853 καὶ
2911 2796 3068 2864 Υίοῦ,
3118 2797 3206 2850 διὰ
3244 2794 3355 2848 τῶν
3395 2789 3691 2864 ῥηθεισῶν,

2104 2898 2181 2961 ὡς
2208 2893 2383 2969 οἶμαι,
2414 2893 2739 2967 μαρτυριῶν
2764 2892 2965 2955 ἱκανῶς
3002 2889 3407 2945 ἀποδέδεικται.

2179 2989 2265 3055 ιζ’.
2309 2989 2376 3042 Ὀ
2409 2988 2465 3041 δέ
2498 3004 2593 3058 μοι
2626 2983 2864 3039 ἐνταῦθα
2885 2979 3211 3043 ἐπιστασίας
3243 2976 3499 3049 ὴξίωται,
3527 2970 3687 3028 τοῦτο

2102 3082 2263 3139 δώσω
2295 3081 2373 3152 τῷ
2397 3080 2562 3151 λόγῳ.
2597 3098 2614 3131 ι
2647 3077 2906 3145 Πρόεισιν
2928 3070 3085 3128 εἶπεν
3118 3075 3146 3125 ὁ
3174 3071 3332 3141 ἅγιος
3375 3069 3436 3121 τὸ
3462 3064 3693 3136 Πνεῦμα

414 3172 559 3228 ctus,
620 3160 858 3230 Spiritus
908 3178 976 3218 ex
1030 3163 1193 3219 Patre
1261 3175 1315 3220 et
1376 3165 1534 3233 Filio,
1570 3187 1587 3219 ι
1652 3177 1706 3223 et
1760 3169 1993 3223 duarum

2107 3180 2173 3232 ἐκ
2204 3175 2424 3246 Πατρὺς
2447 3158 2544 3227 καὶ
2572 3170 2733 3238 Υίοῦ,
2763 3190 2783 3225 ι
2814 3169 2908 3222 καὶ
2939 3166 3035 3221 δύο
3073 3164 3286 3218 τούτων
3334 3159 3695 3215 ὑποστάσεων

412 3254 615 3306 harum
679 3253 1050 3324 hypostaseon
1105 3253 1285 3309 Patris
1347 3264 1402 3309 et
1467 3256 1588 3311 Filii
1657 3258 1997 3313 mentionem

415 3344 586 3409 fecit;
643 3353 758 3399 tum
810 3359 879 3401 ne
927 3347 1051 3416 quis
1112 3362 1209 3417 per
1266 3347 1366 3402 has
1432 3346 1570 3403 duas
1628 3350 1995 3420 hypostases,

415 3440 554 3496 duas
597 3440 835 3511 Spiritus
889 3457 1085 3498 causas
1126 3441 1317 3497 inferri
1357 3443 1762 3511 suspicaretur,
1814 3445 1998 3498 statim

416 3535 727 3605 subjunxit,
769 3553 787 3588 ι
831 3535 986 3590 illum
1019 3536 1218 3591 divina:
1257 3551 1381 3591 esse
1416 3538 1692 3599 essentiae,
1724 3536 1999 3592 essentia-

418 3629 540 3683 litcr
564 3627 616 3682 in
650 3615 797 3698 ipsa,
836 3636 891 3685 et
932 3645 996 3684 ex
1032 3630 1146 3700 ipsa
1176 3630 1587 3700 provenientcm
1616 3649 1629 3695 ;
1658 3649 1676 3682 ι
1711 3631 1764 3684 in
1809 3630 2000 3699 singu-

415 3720 516 3773 lari
575 3735 806 3774 numero
842 3719 1096 3786 efferens,
1147 3720 1282 3775 nihil
1315 3719 1468 3775 aliud
1530 3735 1760 3790 prorsus
1811 3729 2002 3772 osten-

416 3812 516 3876 dit,
548 3824 740 3882 quam,
778 3828 901 3868 cum
931 3827 997 3868 ex
1025 3813 1185 3869 Patre
1216 3822 1270 3868 et
1299 3812 1440 3868 Filio
1468 3812 1675 3868 diceret
1705 3811 1997 3882 Spiritum,

415 3918 529 3957 non
579 3912 839 3974 tanquam
911 3920 978 3959 ex
1036 3906 1249 3960 duabus
1305 3904 1489 3960 causis
1544 3918 1670 3958 eum
1725 3917 2001 3957 asserere.

336 4065 343 4073 .
416 3997 611 4050 Adhuc
663 3997 829 4051 etiam
883 3996 1227 4052 manifestius
1295 4011 1488 4051 rursus
1547 3994 1947 4050 demonstravit
1981 4033 1997 4059 ,

421 4105 529 4142 non
561 4104 681 4144 esse
710 4091 844 4143 duas
881 4089 1121 4157 Spiritus
1160 4103 1383 4153 causas,
1419 4102 1548 4142 cum
1603 4087 1695 4140 ille
1727 4102 1794 4141 ex
1843 4086 2004 4140 Patre

419 4188 474 4233 et
500 4178 642 4233 Filio
670 4179 1011 4250 progeditur,
1039 4179 1168 4233 dum
1218 4179 1428 4245 subdit,
1480 4196 1499 4229 ι
1540 4177 2005 4247 quemadmodum

422 4288 617 4343 nempe
648 4282 697 4327 et
729 4288 793 4327 ex
828 4273 1068 4326 humano
1121 4286 1216 4327 ore
1254 4270 1415 4325 ﬂatus
1447 4285 1769 4326 excurrens.
1808 4289 1829 4322 ι
1863 4269 2004 4324 Cum

421 4366 566 4420 enim
606 4376 764 4422 antea
810 4365 1056 4431 dixisset,
1092 4384 1111 4418 ι
1142 4381 1207 4421 ex
1255 4366 1415 4420 Patre
1466 4374 1520 4418 et
1573 4362 1723 4439 Filio.
1754 4363 2003 4434 pregredi

422 4458 707 4529 Spiritum,
748 4478 767 4512 ι
806 4466 912 4514 no'n
944 4459 1206 4514 adnexuit
1254 4458 1592 4525 inductioni,
1641 4459 2003 4526 quemadmo-

2102 3268 2323 3340 Πατρδς
2348 3266 2442 3320 καὶ
2469 3265 2601 3318 Υίοῦ
2640 3260 3073 3334 ἐμνημόνευσεν
3104 3253 3222 3309 εἶτα
3250 3255 3337 3324 μή·
3358 3269 3443 3315 τις
3461 3250 3580 3340 ᾧδιά
3630 3249 3691 3340 τό

2103 3359 2292 3416 δυῖκὺν
2324 3358 2434 3411 τῶν
2465 3355 2823 3409 ὑποστάσεων
2861 3351 2937 3414 ὡς
2968 3350 3034 3402 ἐκ
3082 3346 3176 3401 δύο
3207 3344 3397 3399 αἰτίων
3431 3336 3572 3395 εἶναι
3632 3338 3701 3393 τὸ

2104 3454 2338 3523 Πνεῦμα
2366 3450 2638 3520 οἰήσαιτο,
2679 3447 2928 3516 ἐπήγαγε
2957 3439 3238 3512 παρευθϋς
3281 3439 3362 3490 ὅτι
3410 3437 3508 3504 τῆς
3543 3433 3694 3495 θείας

2104 3546 2254 3600 ἐστὶν
2272 3543 2483 3607 οὐσίας,
2518 3538 2794 3602 ούσιωδῶς
2816 3541 2873 3590 ὲν
2901 3537 3038 3605 αὐτῇ
3069 3533 3163 3586 καὶ
3194 3530 3252 3597 ἐξ
3275 3530 3447 3599 αὐτῆς
3471 3526 3688 3596 προϊὸν,

2105 3636 2302 3699 ἑνικῶς
2332 3634 2492 3688 τοῦτο
2520 3633 2713 3697 εἰπὼν,
2769 3629 2923 3683 οὐδὲν
2980 3626 3110 3680 ἄλλο
3174 3624 3395 3683 πάντως
3443 3616 3694 3671 ἐντεῦθεν

2105 3728 2416 3800 ἐμφαίνων,
2470 3725 2504 3795 ἦ
2558 3723 2644 3776 ὅτι
2700 3722 2764 3774 ἐκ
2819 3718 3039 3790 Πατρὸς
3065 3716 3160 3770 καὶ¹
3218 3711 3349 3767 Υἱοῦ
3405 3711 3579 3777 λέγων
3626 3707 3694 3800 τὸ

2105 3799 2352 3889 Πνεῦμα,
2380 3818 2479 3887 οὐχ
2506 3816 2582 3880 ὡς
2618 3817 2679 3868 ἐκ
2712 3812 2805 3868 δύο
2835 3814 3026 3865 αἰτίων
3078 3808 3228 3876 λέγει
3274 3804 3429 3858 αὑτό.
3464 3803 3575 3855 Καὶ
3608 3799 3694 3853 ἔτι

2105 3913 2165 3967 δὲ
2191 3911 2581 3982 ἀριδηλότερον
2610 3906 2774 3961 πάλιν
2826 3904 3057 3971 ἐνέφηνε
3099 3900 3174 3970 μὴ
3238 3897 3333 3951 δύο
3389 3890 3530 3948 εἶναι
3594 3892 3695 3955 τὰς

2107 4004 2288 4066 αίτίας
2316 4001 2410 4055 τοῦ
2441 3999 2792 4070 Πνεύματος,
2826 3996 2968 4050 κατά
2996 3992 3057 4046 τὸ
3090 3994 3155 4045 ἐκ
3177 3988 3391 4059 Πατρδς
3434 3987 3529 4040 καὶ
3559 3983 3693 4038 Υίοῦ

2110 4097 2365 4169 προϊέναι
2397 4094 2552 4156 αὐτὸ,
2579 4096 2635 4148 ἐν
2660 4091 2738 4158 τῷ
2768 4088 3096 4158 ἐπαγαγεῖν,
3158 4082 3407 4151 «Ὥσπερ
3436 4078 3529 4132 οῦν
3558 4077 3697 4169 ἀμέ-

2108 4168 2192 4239 λει
2229 4185 2326 4239 καὶ
2357 4183 2418 4238 τὸ
2446 4183 2503 4250 ἐξ
2533 4180 2887 4253 ἀνθρωπείου
2952 4176 3226 4245 στόματος
3281 4171 3541 4240 ἐκτρέχον
3595 4168 3697 4234 ἐμο

2110 4277 2362 4350 φύσημα.
2396 4297 2414 4330 ι
2446 4275 2635 4330 Εἰπὼν
2675 4274 2786 4343 γὰρ
2823 4270 3096 4341 πρότερον
3158 4286 3177 4317 ι
3234 4267 3297 4318 ἐκ
3330 4261 3545 4332 Πατρὸς
3598 4258 3697 4313 καὶ

2109 4370 2241 4424 Υίοῦ
2274 4369 2529 4441 προϊέναι
2550 4367 2609 4420 τὸ
2637 4364 2884 4433 Πνεῦμα,
2922 4380 2941 4413 ι
2994 4360 3055 4414 ού
3091 4356 3402 4427 προσέθηκε
3457 4354 3694 4441 τῇγὲπα-

2110 4466 2292 4536 γωγῇ,
2329 4461 2520 4530 ὥσπερ
2560 4455 2654 4513 οὖν
2683 4456 2779 4510 καὶ
2807 4457 2869 4508 τὸ
2900 4454 2961 4518 ἐξ
2990 4449 3348 4522 ἀνθρωπείων
3383 4444 3691 4515 στομάτων,

418 4549 553 4603 dum
591 4564 658 4603 ex
692 4549 949 4604 humanis
999 4549 1213 4614 oribus,
1263 4566 1281 4599 ι
1312 4548 1410 4603 sed
1443 4564 1510 4602 ex
1542 4549 1788 4602 humano
1822 4563 1940 4612 ore,
1980 4566 1998 4598 ι

2111 4555 2249 4611 ἀλλά
2281 4556 2342 4606 τὸ
2363 4552 2423 4617 ἐξ
2453 4549 2801 4620 ἀνθρωπείου
2831 4546 3104 4615 στόματος
3138 4561 3155 4593 ι
3195 4539 3410 4601 ἑνικῶς.
3446 4536 3560 4607 Τὴν
3590 4550 3698 4586 τοι-

421 4656 652 4696 numero
677 4641 961 4706 singulari,
991 4649 1045 4695 et
1066 4641 1312 4710 ejusdem
1333 4641 1553 4696 unionis
1591 4642 1822 4710 speciem
1849 4641 2005 4695 exhi-

420 4736 577 4800 bens,
608 4736 736 4791 dum
777 4751 845 4789 ex
873 4736 1030 4789 Patre
1076 4742 1127 4789 et
1174 4734 1311 4789 Filio
1353 4732 1589 4803 Spiritus
1639 4735 2001 4802 progreditur.

424 4826 696 4882 llocidem
728 4826 874 4881 aliud
913 4826 1094 4895 magni
1127 4825 1321 4879 Basilii
1353 4825 1567 4880 dictum
1600 4826 1865 4895 scriptum
1910 4826 2003 4879 tibi

420 4918 789 4973 conﬁrmabit.
836 4919 937 4974 Hic
992 4932 1228 4988 namque
1311 4918 1364 4971 in
1417 4932 1529 4972 uno
1590 4917 1802 4986 capite,
1847 4919 2006 4987 cujus

419 5009 727 5080 inscriptio,
748 5009 1023 5062 «Divinam
1050 5017 1299 5063 naturam
1317 5023 1436 5063 esse
1457 5006 1740 5078 Spiritum,
1755 5026 1774 5059 ι
1807 5008 2002 5062 tradit:

421 5101 656 5172 Spiritus
690 5102 837 5155 enim
861 5114 984 5157 cum
1028 5100 1227 5155 viventi
1259 5098 1438 5156 Verbo
1488 5100 1544 5154 in
1573 5101 1767 5155 eodum
1816 5099 2007 5155 ordine

420 5195 797 5252 eollocaturad
817 5195 1135 5261 creandum,
1162 5196 1283 5251 viva
1301 5195 1500 5259 virtus,
1517 5204 1571 5249 et
1587 5204 1781 5249 natura
1800 5194 2002 5257 divina,

422 5287 738 5353 ineﬂ‘ahilis,
758 5302 822 5340 ex
845 5286 1102 5341 ineffabili
1126 5303 1221 5343 ore
1237 5287 1512 5343 cxsistens
1534 5286 1792 5341 ineﬂ'ahili
1818 5286 2002 5346 modo.

421 5390 476 5436 et
506 5396 599 5449 per
632 5378 877 5435 inﬂatum
923 5380 975 5433 in
1002 5379 1281 5437 hominem
1319 5381 1505 5441 missa,
1542 5394 1665 5447 qua:
1694 5377 2001 5431 secundum

423 5488 749 5549 corporeum
772 5488 801 5527 a
836 5474 1053 5528 Christo
1100 5483 1311 5544 typum,
1362 5482 1670 5532 ostensum,
1708 5484 1900 5523 rursus
1934 5468 2001 5521 ab

422 5581 490 5620 eo
536 5563 904 5635 peginﬂatutn
937 5565 1206 5620 restituta.
1264 5561 1609 5618 Concurrere
1661 5560 1806 5613 enim
1844 5559 2006 5613 debet

422 5581 490 5620 eo
536 5578 601 5635 pe
646 5576 904 5623 “allatum
937 5576 1206 5620 restttuta.
1264 5576 1609 5618 Concurrere
1661 5576 1806 5613 enim
1844 5576 2005 5613 uertet

422 5674 544 5711 cuni
569 5576 1035 5739 pplm’noritate,
1070 5672 1132 5711 ea
1163 5672 1285 5724 qua:
1320 5669 1466 5708 nunc
1498 5653 1555 5707 lit
1608 5653 1905 5711 innovatio.
1941 5651 2005 5703 Et

423 5750 1039 5820 concursu‘mbxpressit
1057 5748 1305 5809 sufﬂans,
1326 5746 1464 5800 idem
1487 5745 1577 5799 ille
1590 5744 1881 5809 exsistens,
1908 5745 2001 5814 qui

424 5858 453 5897 δ
488 5843 755 5915 ptimipio
795 5839 1117 5921 insufﬂat-it,
1176 5839 1441 5907 idemque,
1480 5851 1573 5906 per
1632 5852 1794 5907 quem
1852 5838 1997 5893 Deus

2115 4648 2289 4718 αὐτην
2324 4646 2422 4714 τῆς
2451 4644 2707 4711 ἐνότητος
2739 4639 2999 4708 ἔμφασιν,
3028 4637 3087 4687 ὲν
3118 4632 3196 4702 τῷ
3239 4634 3302 4685 ἐκ
3339 4627 3553 4697 Πατρδς
3602 4625 3697 4679 καὶ

2115 4716 2252 4795 Υἱοῦ
2278 4738 2540 4808 ’προϊέναι
2567 4733 2627 4786 τὸ
2659 4731 2908 4800 Πνεῦμα,
2946 4729 3039 4781 καὶ
3087 4724 3252 4795 ἑτέρα
3300 4739 3385 4786 τις
3445 4716 3693 4808 γραιξικὴ

2117 4836 2277 4906 ρἧις
2321 4828 2415 4884 τοῦ
2453 4827 2693 4897 μεγάλου
2728 4822 3014 4876 Βασιλείου
3050 4815 3338 4890 βεϐαιώσει
3391 4827 3496 4864 σοι·
3540 4802 3694 4870 οὗτος

2114 4902 2209 4980 καὶ
2226 4925 2335 4992 γὰρ
2364 4925 2419 4974 ὲν
2440 4923 2518 4972 ἐνὶ
2540 4917 2648 4969 τῶν
2677 4914 3015 4985 κεφαλαίων,
3038 4905 3149 4980 οῦὴ
3173 4905 3481 4977 ἐπιγραφὴ,
3519 4920 3537 4952 ι
3568 4902 3696 4952 Ὅτι

2115 4990 2414 5083 θείανφύσις
2434 5011 2491 5062 τὸ
2510 4990 2786 5075 Πνεῦμαρ
2811 5005 2965 5075 φησί⁹
2995 5024 3013 5055 ι
3040 5000 3261 5069 Πνεῦμα
3289 5001 3398 5067 γὰρ
3428 4993 3504 5064 τῷ
3531 4991 3697 5057 ζῶντι

2115 5108 2272 5176 Λόγῳ
2300 5100 2731 5171 συντεταγμένον
2777 5101 2857 5161 εἰς
2880 5099 2941 5149 τδ
2991 5094 3366 5165 δημιουργεῖν,
3419 5085 3568 5152 ζῶσα
3601 5084 3698 5137 δύ-

2114 5214 2300 5267 ναμις,
2338 5194 2435 5247 καὶ
2469 5193 2589 5245 θεία
2621 5196 2805 5261 φύσις,
2835 5190 3074 5260 ἇρῤητος
3097 5184 3158 5249 ἐξ
3198 5183 3443 5255 ἁρῤήτου
3490 5176 3698 5245 στόμα-

2110 5306 2204 5349 τος
2230 5286 2527 5355 πεφηνυῖα,
2555 5284 2834 5355 ἀρρήτως,
2864 5280 2959 5333 καὶ
2983 5275 3125 5331 κατὰ
3152 5275 3250 5344 τὴν
3273 5272 3586 5342 ἐμφύσησιν
3612 5267 3692 5330 είς

2111 5377 2204 5429 τὸ)
2229 5376 2521 5445 ἄνθρωπον
2550 5372 2963 5442 ἀπεσταλμένη,
3007 5368 3103 5423 καὶ
3156 5366 3300 5418 κατὰ
3328 5364 3418 5417 τὸν
3446 5376 3694 5430 σωματι-

2114 5468 2225 5532 κῶς
2250 5456 2355 5521 ὑπὸ
2395 5468 2488 5522 τοῦ
2522 5466 2729 5537 Κυρίου
2753 5463 3033 5534 δειχθέντα
3058 5460 3251 5524 τύπον,
3281 5453 3439 5517 αὖθις
3466 5453 3561 5506 ὑπ’
3597 5451 3695 5504 αύ-

2112 5562 2206 5615 τοῦ
2258 5562 2325 5616 δι’
2390 5563 2756 5632 ἐμφυσήσεως
2806 5552 3295 5622 ἀποκαθισταμένη
3351 5544 3692 5615 (συντρέχειν

2112 5655 2223 5725 γὰρ
2254 5655 2336 5707 δεῖ
2364 5656 2431 5724 τῇ
2471 5652 2613 5707 κατά
2647 5649 2822 5721 ἀρχὴν
2864 5646 3146 5714 καινότητι
3182 5643 3282 5712 τὴν
3322 5638 3418 5694 νῦν
3454 5632 3686 5690 ἀνακαί-

2113 5746 2277 5815 νισιν)
2309 5747 2404 5801 καὶ
2454 5745 2551 5816 τὴν
2601 5743 2909 5813 συνδρομὴν
2946 5738 3293 5803 ἐξετύπωσεν
3342 5732 3687 5804 ἐμφυσήσαῇ

2114 5839 2211 5909 οὐχ
2236 5838 2421 5909 ἕτερος
2447 5838 2524 5891 ῶν
2556 5837 2706 5907 παρὰ
2728 5835 2820 5890 τὸν
2848 5834 2906 5899 ἐξ
2926 5831 3103 5903 ἀρχῆς
3120 5828 3542 5901 ἐμφυσήσαντα,
3565 5822 3685 5879 ἀλλ’
