4058 6418
475 379 548 444 63
1549 383 1755 446 ΙΟΑΝ.
1801 382 2018 446 VECCI

2154 427 2170 442 .
2210 382 2722 446 PATRIARCHE
3607 478 3613 484 _
3679 383 3746 448 οι

472 505 574 559 per
597 486 825 546 Filium.
853 487 1102 560 Namque
1123 531 1139 556 ,
1164 488 1294 546 dum
1324 489 1553 546 audiunt
1581 493 1854 559 nonnulli,
1885 491 2047 562 Spirii

2169 493 2307 547 ΥΙοῦ
2356 495 2421 547 ἐκ
2499 495 2735 564 Πατρὸς,
2783 491 3076 557 άκοῦοντές
3130 511 3276 558 τινες
3311 494 3374 548 τὸ
3407 495 3635 566 Πνεῦμα
3683 497 3733 550 δι

471 591 588 636 tum
623 583 828 638 habere
863 598 962 653 per
984 577 1208 648 Filium,
1244 584 1389 652 quod
1427 584 1520 649 sil,
1552 592 1606 638 et
1635 601 1732 655 per
1761 584 1959 640 Filium
1991 601 2059 641 ex

468 670 630 727 Patre
683 675 979 744 procedere
1013 693 1026 730 :
1060 673 1266 746 Ecquid
1331 676 1481 740 novi,
1536 677 1816 748 inquiunt,
1870 688 1976 745 est,
2013 678 2061 734 si

475 781 574 828 per
605 765 804 819 Filium
842 765 1315 836 Spiritus'dicitur
1358 785 1504 834 esse,
1542 780 1593 824 et
1636 785 1731 840 per
1755 769 1957 824 Filium
1991 785 2060 826 ex

472 855 636 910 Patre
681 858 1015 926 procedere?
1062 874 1240 929 neque
1297 862 1468 926 enim,
1513 878 1627 930 per,
1679 863 1768 916 hic
1813 863 2060 918 ministe-

471 949 612 1001 rium
643 949 926 1015 denotare,
985 952 1382 1018 coueedemus,
1419 968 1601 1022 neque
1643 955 1964 1021 essentiam,
2005 962 2061 1009 ct

469 1035 612 1092 forte
645 1041 811 1092 etiam
836 1050 1096 1095 neutrum
1129 1059 1195 1096 ex
1232 1043 1338 1100 his.
1369 1043 1436 1098 Et
1459 1045 1590 1112 quid
1623 1061 1718 1100 vos
1751 1046 1940 1102 adhmc
1973 1047 2058 1100 di-

467 1130 634 1184 citis?
658 1131 796 1196 Quid
829 1133 1110 1188 dicimus?
1146 1133 1285 1202 Erga
1332 1135 1534 1190 Filium
1570 1135 1752 1193 Patris
1804 1139 2055 1193 habitum

467 1223 634 1277 dictio
680 1225 928 1290 indicat;
966 1227 1129 1280 veluti
1155 1228 1328 1287 enim,
1362 1244 1488 1284 cum
1519 1229 1760 1284 dicimus
1787 1230 2054 1299 Spiritum

465 1315 856 1381 piocedentem
896 1331 964 1371 ex
1002 1317 1185 1382 Patre,
1241 1335 1352 1374 non
1405 1321 1652 1376 valemus
1695 1323 2059 1391 comprehen-

466 1408 602 1463 dere
659 1410 959 1465 dictionem
1012 1412 1192 1482 ipsum
1250 1429 1452 1469 nomen
1506 1413 1686 1469 Patris
1739 1416 2056 1486 signiﬁcan-

465 1509 600 1566 tem,
651 1504 860 1573 absque
897 1504 1083 1586 Filia}
1116 1522 1357 1576 namque
1408 1508 1580 1563 Patris
1628 1510 1921 1578 appellatio
1967 1526 2052 1565 re.

465 1592 726 1649 lationem
756 1596 822 1650 ad
863 1597 1092 1663 Filium;
1106 1615 1334 1668 prorsus
1363 1599 1550 1666 infert,
1586 1601 1668 1657 sic
1704 1619 1826 1657 cum
1851 1620 1917 1658 ex
1945 1603 2054 1659 Pa-

467 1695 554 1738 tre
583 1702 678 1754 per
703 1686 902 1742 Filium
939 1689 1144 1744 dicitur
1167 1693 1409 1761 Spiritus
1433 1696 1752 1762 procedere,
1777 1695 1829 1750 id
1853 1695 2055 1752 dicitur

466 1787 692 1842 propter
726 1775 905 1830 Patris
927 1793 1056 1848 erga
1092 1778 1290 1834 Filium
1318 1782 1664 1850 relationem,
1691 1793 1743 1839 et
1777 1803 1884 1840 non
1907 1790 2050 1858 quod

463 1867 834 1924 essentialiter
883 1870 957 1924 sit
1009 1872 1224 1928 medius
1273 1872 1447 1929 Filius
1499 1876 1648 1932 inter
1733 1879 1952 1935 Patrem
2000 1892 2056 1936 et

468 1953 735 2025 Spiritum
771 1976 1052 2032 :namque
1080 1975 1139 2020 ut
1187 1965 1584 2024 administrum
1654 1972 1897 2026 medium
1929 1989 2056 2030 esse

465 2046 760 2130 aﬂirmare,
787 2051 1148 2120 detestamur,
1191 2064 1244 2110 et
1271 2057 1620 2114 anathemate
1655 2061 1872 2118 ieimus.
1913 2063 2052 2130 Quid

461 2149 630 2203 porro
678 2125 745 2193 ad
795 2140 916 2196 ι]ωο
955 2143 1092 2198 nos?
1142 2142 1214 2198 Ut
1240 2145 1630 2204 administrum
1659 2152 1899 2206 medium
1923 2125 2058 2210 esse

462 2225 688 2295 Filium,
728 2231 786 2286 in
826 2233 1154 2289 exsistentia
1191 2235 1432 2302 Spiritus
1457 2255 1523 2294 ex
1568 2241 1755 2308 Patre,
1819 2245 2058 2303 detesta-

465 2321 626 2387 mini,
661 2332 715 2377 et
745 2325 1096 2382 anathemate
1127 2329 1300 2394 icitis,
1338 2347 1447 2386 non
1489 2344 1688 2390 vestrae
1717 2336 1768 2391 id
1817 2336 2058 2395 benevo-

469 2412 660 2468 lentiae
696 2415 971 2483 dedimus,
998 2419 1091 2474 sed
1126 2421 1370 2476 debitum
1421 2439 1652 2494 prorsus
1683 2443 1712 2482 a
1759 2429 1916 2485 vobis
1945 2433 2058 2487 sol-

459 2509 696 2562 vendum
719 2520 1062 2580 reputamus.
1089 2512 1293 2570 Verum
1321 2532 1418 2573 vos
1445 2522 1824 2578 csseutialiter
1847 2525 2050 2581 Filium

458 2616 584 2656 esse
610 2603 848 2658 medium
881 2605 935 2659 in
965 2607 1288 2664 exsistentia
1313 2611 1555 2680 Spiritus
1586 2628 1654 2667 ex
1680 2614 1840 2672 Patre
1872 2619 2051 2687 palam

455 2695 704 2773 conﬁteri
778 2701 1202 2768 procrastinare,
1259 2711 1313 2758 et
1369 2703 1667 2762 habitualis
1715 2711 2055 2778 operationis

463 2786 970 2844 nianii'estationem
997 2807 1123 2847 esse
1150 2808 1336 2848 vocem
1357 2810 1451 2863 per
1473 2794 1680 2851 Filium
1700 2801 2049 2870 contendere,

455 2893 639 2947 neque
697 2881 880 2946 nobis,
914 2899 1092 2954 neque
1113 2886 1330 2942 veritati
1355 2887 1660 2945 allubescit.
1703 2889 1824 2958 Quo
1847 2895 2048 2948 etenim

456 2969 565 3025 alio
613 2971 720 3028 nisi
752 2978 993 3030 essentia
1051 2977 1265 3034 medius
1311 2981 1419 3035 erit
1475 2981 1669 3046 Filius,
1705 2984 1758 3039 in
1813 2984 2052 3056 Spiritus
2107 3017 2119 3032 ι

455 3078 521 3116 ex
554 3061 720 3120 Patre
745 3068 1113 3124 exsistentia?
1146 3071 1330 3136 Quare
1377 3083 1592 3130 attento
1643 3077 1832 3132 animo
1887 3095 2050 3135 aures

2167 581 2300 634 Υίοῦ
2323 581 2384 636 τὸ
2430 579 2572 637 εἶναι
2607 583 2749 655 ἔχον,
2787 585 2882 638 καὶ
2911 585 2979 638 δι’
2999 584 3132 638 Υίοῦ
3193 585 3630 655 ἐκπορευόμενον
3684 587 3746 638 ἐν

2167 673 2380 745 Πατρός
2411 691 2425 707 ·
2447 677 2556 729 Καὶ
2570 675 2622 729 τί
2639 679 2848 737 καινὸν.
2869 676 3055 744 φασιν.
3089 677 3138 730 εί
3159 675 3227 728 δι’
3259 676 3388 729 Υίοῦ
3432 675 3490 728 τὺ
3527 675 3746 746 Π-νεῦμα

2162 763 2385 832 λέγεται
2409 763 2573 830 εἶναι,
2600 768 2696 822 καὶ
2723 768 2792 822 δι’
2827 767 2958 821 Υίοῦ
2977 769 3042 820 ὲκ
3061 767 3274 838 Ιιατρὸς
3306 767 3708 838 ἐκπορεύεσθαι
3731 784 3746 833 ;

2161 855 2284 909 οὔτε
2308 857 2415 928 γὰρ
2449 859 2809 928 ὑπουργικῶς
2838 861 2940 931 τὴν
2969 860 3068 914 διὰ
3119 857 3354 913 ἐνταῦθα
3379 857 3626 930 δώσομεν
3657 861 3747 912 ὲκ·

2161 946 2564 1016 λαμϐάνεσοαι,
2615 949 2742 1003 οὔτε
2771 951 2880 1020 μὴν
2906 952 3206 1016 οὐσιωὸῶς,
3261 951 3395 1004 ἀλλ’
3425 951 3559 1016 ἴσως
3622 953 3748 1004 κατ’

2161 1040 2444 1110 οὐδέτερον
2477 1041 2706 1096 τούτων.
2727 1043 2835 1096 Καὶ
2858 1043 2913 1096 τί
2945 1061 3104 1114 φατε,
3125 1037 3170 1096 ὧ
3200 1045 3336 1116 πρὸς
3361 1043 3535 1097 ταῦτα
3561 1043 3744 1112 ὑμεῖς;

2159 1133 2226 1184 Τί
2256 1149 2470 1202 φαμεν;
2522 1134 2635 1202 Τὴν
2672 1135 2807 1205 πρὸς
2840 1135 2930 1188 τὸν
2962 1135 3092 1188 Υἱδν
3120 1134 3216 1188 τοῦ
3277 1135 3492 1204 [ἰατρὸς
3557 1133 3746 1204 σχέσιν

2159 1221 2382 1292 ήλέξις
2428 1222 2708 1292 ἐμφαίνει.
2773 1223 2928 1276 Ἐπεὶ
3002 1225 3133 1289 γὰρ,
3200 1222 3330 1276 ὅταν
3389 1221 3640 1290 λέγωμεν
3687 1221 3749 1274 τὸ

2159 1315 2384 1383 Πνεῦμα
2439 1316 2878 1387 ἐκπορευόμενον
2917 1317 2981 1370 ἐκ
3046 1315 3279 1386 Πατρὸς,
3345 1315 3407 1366 οὑ
3467 1313 3746 1380 δυνάμεθα

2156 1408 2350 1475 νοῆσαι
2385 1407 2678 1480 αὑτὴντὴν
2707 1409 2976 1474 δηλοῦσαν
3031 1409 3091 1462 τὸ
3147 1407 3244 1462 τοῦ
3305 1407 3518 1478 Πατρδς
3573 1406 3748 1474 ὄνομα

2156 1497 2302 1562 λέξιν
2335 1500 2466 1553 ἄνευ
2503 1501 2600 1555 καὶ
2631 1501 2789 1554 Υἱοῦ·
2822 1502 2882 1555 τὸ
2903 1504 3013 1572 γὰρ
3053 1501 3245 1572 Πατὴρ
3277 1500 3447 1570 ὄνομα
3479 1500 3579 1569 τὴν
3611 1499 3748 1570 πρὸς

2155 1589 2246 1642 τὸν
2279 1589 2410 1642 Υἱὸν
2450 1591 2638 1662 σχέσιν
2683 1593 2904 1653 πάντως
2943 1593 3224 1662 ἐμφαίνει,
3259 1592 3388 1646 ὅταν
3431 1594 3496 1645 ἐκ
3534 1591 3748 1660 Πατρδς

2154 1682 2223 1735 δι’
2273 1683 2402 1735 Υἱοῦ
2438 1683 2666 1753 λέγηται
2695 1685 2758 1738 τὸ
2811 1685 3038 1756 Πνεῦμα
3084 1683 3486 1756 ἐκπορεύεσθαι
3515 1683 3605 1737 διὰ
3647 1684 3749 1754 τὴν

2155 1773 2250 1824 τοῦ
2289 1775 2502 1844 Πατρδς
2533 1775 2669 1844 πρὸς
2702 1775 2794 1829 τὸν
2857 1777 2984 1830 Υίὸν
3043 1778 3234 1846 σχέσιν
3281 1777 3496 1848 εἴρηται
3563 1773 3746 1839 τοῦτο,

2158 1866 2258 1919 καὶ
2284 1867 2342 1918 οὐ
2371 1867 2460 1919 διὰ
2490 1867 2550 1920 τδ
2581 1867 2856 1930 οὐσιωδῶς
2891 1868 3202 1938 μεσιτεύειν
3243 1869 3338 1920 τὸν
3388 1868 3516 1922 Υίὸν
3567 1866 3746 1934 Πατρί

2157 1973 2216 2009 τε
2245 1958 2338 2010 καὶ
2372 1958 2680 2026 Πνεύματι.
2724 1959 2797 2011 Τὸ
2841 1959 2950 2029 γὰρ
3010 1958 3362 2028 ὑπουργικῶς
3431 1956 3742 2028 μεσιτεύειν

2159 2049 2332 2100 εἰπεῖν
2363 2047 2776 2120 ἶκαταργοῦμεν
2847 2051 2942 2104 καὶ
3007 2051 3505 2120 ἀναθεματίξομεν.
3560 2049 3626 2103 Τί
3687 2049 3747 2102 δὲ

2157 2143 2296 2212 πρὸς
2329 2143 2506 2196 ταῦτα
2532 2145 2734 2212 ὴμεῖς;
2779 2143 2904 2198 Ὅτι
2939 2145 3041 2215 μὲν
3073 2145 3132 2198 τὸ
3172 2145 3530 2215 ὑπουργικῶς
3582 2161 3758 2215 μεσι-·

2155 2234 2335 2288 τεῦξιν
2385 2235 2477 2288 τὸν
2520 2236 2730 2306 Υίὸντῇ
2763 2238 2828 2290 ἐκ
2874 2237 3090 2308 Πατρδς
3149 2237 3387 2308 ὑπάρξει
3429 2237 3526 2292 τοῦ
3573 2237 3748 2290 Πνεῦ-

2157 2343 2328 2397 ματος
2385 2331 2714 2399 καταργεῖτε
2773 2330 2869 2384 καὶ
2910 2329 3371 2399 ἀναθεματίςετε,
3455 2329 3518 2382 οὗ
3575 2328 3744 2400 χάριν

2156 2417 2432 2488 ὑμετέραν
2471 2418 2656 2488 coiit-,0,
2689 2421 2827 2474 ἀλλὰ
2856 2422 3014 2492 χρέος
3043 2421 3413 2492 ἀπαραίτησιν
3461 2419 3618 2490 ὑμῶν
3648 2419 3742 2472 λο·

2159 2509 2427 2580 γιιζὸμεθα
2451 2527 2466 2540 ·
2523 2512 2606 2566 ὅτι
2637 2505 2720 2567 ’δὲ
2748 2513 2810 2566 τὸ
2835 2514 3110 2578 οὐσιωδῶς
3141 2513 3454 2583 μεσιτεύειν
3481 2513 3572 2568 τὸν
3611 2513 3746 2567 Υίδν

2159 2601 2256 2653 ἐπὶ
2304 2605 2374 2672 τῇ
2409 2604 2472 2656 ὲκ
2500 2603 2716 2674 Πατρὺς
2749 2603 2983 2674 ὑπάρξει
3015 2603 3111 2656 τοῦ
3147 2604 3466 2674 Πνεῦματος
3515 2604 3747 2678 διαρρή-

2154 2693 2252 2761 δην
2296 2694 2580 2764 ὁμολογεῖν
2614 2695 3004 2760 ἀναϐάλλεσθε,
3029 2699 3126 2749 καὶ
3150 2697 3406 2768 σχετικῆς
3437 2697 3735 2767 ἐμφάσεως

2154 2784 2389 2854 δήλωσιν
2463 2783 2602 2842 εἶναι
2665 2790 2764 2858 τὴν
2830 2788 2905 2842 δι’
2941 2789 3081 2843 Υίοῦ
3149 2789 3334 2858 φωνὴν
3387 2787 3742 2848 διατείνεσθε.

2155 2877 2282 2934 οὔτε
2309 2883 2440 2950 ἡμῖν
2466 2881 2590 2934 οὔτε
2633 2885 2698 2954 τῇ
2730 2882 2961 2956 ἀληθείᾳ
2998 2880 3162 2938 τοῦτο
3215 2884 3464 2954 ἀρέσκει.
3500 2883 3658 2935 Κατὰ
3686 2881 3743 2935 τί

2155 2971 2266 3044 γὰρ
2296 2973 2444 3039 ἄλλο,
2479 2975 2566 3028 ὅτι
2603 2975 2677 3046 μὴ
2721 2959 2866 3028 κατᾶ
2896 2976 3255 3040 charismata;
3308 2979 3376 3048 τῇ
3409 2977 3474 3028 ἐκ
3527 2974 3744 3043 Πατρὸς

2155 3065 2390 3137 ὑπάρξει
2449 3061 2554 3121 τοῦ
2615 3068 2935 3140 Πνεῦματος
2999 3069 3316 3139 μεσιτεὺσει
3373 3067 3742 3132 ὀΥίὸςςΚαι

457 3153 717 3222 praebete.
756 3157 836 3212 Ex
888 3157 1051 3216 Patre
1081 3161 1286 3217 dicitur
1321 3163 1563 3235 Spiritus
1591 3183 1688 3238 per
1737 3167 1962 3238 Filium,
1995 3181 2047 3228 et

2154 3157 2283 3227 γοῦν
2318 3159 2674 3231 προσχόντες,
2698 3161 2990 3216 ἀκούσατε.
3033 3161 3128 3214 Ἐκ
3173 3162 3384 3231 Πατρὺς
3432 3160 3648 3229 λέγεται
3681 3161 3743 3214 τὸ

453 3263 520 3300 ex
556 3247 737 3306 Patris
767 3252 1008 3308 essentia
1031 3253 1321 3324 Spiritum,
1356 3273 1478 3314 esse
1510 3277 1541 3315 a
1566 3277 1676 3330 quo
1703 3273 1950 3319 vertatur
1987 3267 2042 3322 in

453 3337 723 3393 dubium?
749 3339 815 3396 Et
849 3357 974 3396 cum
1003 3357 1066 3398 ex
1107 3346 1284 3402 Patris
1326 3351 1568 3406 essentia
1599 3353 1692 3418 sit,
1755 3365 1809 3409 et
1859 3355 2036 3426 ipsam

456 3431 755 3486 essentiam
804 3449 928 3489 esse
985 3435 1039 3491 in
1091 3437 1392 3509 hypostasi,
1456 3442 1581 3512 quis
1613 3460 1720 3500 non
1752 3447 1931 3518 palam
1967 3447 2048 3503 fa-

455 3524 700 3578 tebitur?
730 3527 938 3596 Spiritu
967 3529 1133 3600 igitur
1167 3535 1537 3592 essentialiter
1565 3549 1620 3594 et
1652 3540 1706 3594 in
1761 3542 2044 3611 hypostasi

371 3633 380 3648 ι
456 3631 550 3682 per
579 3615 782 3672 Filium
807 3635 872 3674 ex
896 3625 1137 3678 essentia
1167 3623 1349 3682 Patris
1377 3631 1728 3698 procedente,
1751 3634 1878 3704 quis
1908 3636 2044 3692 illud

454 3723 551 3778 per
583 3708 785 3768 Filium
821 3714 889 3768 ad
932 3717 1398 3775 manifestandam
1461 3723 1792 3782 habitualem
1845 3729 2048 3784 intellil-

454 3802 720 3871 gentiam,
747 3815 800 3860 et
823 3821 932 3862 non
985 3807 1052 3863 ad
1089 3811 1564 3872 conﬁrmationem
1614 3818 1923 3876 intermedii
1955 3838 2046 3878 es—

455 3893 704 3950 sentialis
761 3897 1022 3954 decernet
1069 3917 1191 3957 esse
1223 3905 1646 3974 accipiendum?
1691 3910 1848 3978 Quod
1893 3912 2041 3968 enim

456 3985 826 4042 csseutialiter
849 4003 918 4042 ex
952 3994 1191 4047 essentia
1225 3993 1400 4050 Patris
1427 4007 1536 4065 est,
1569 4015 1694 4054 cum
1730 4002 2044 4057 immediate

456 4090 564 4128 non
599 4076 674 4130 sit
693 4092 760 4140 ex
784 4079 969 4148 Patre,
999 4085 1362 4142 csseutialiter
1385 4093 1612 4146 omnino
1649 4092 1815 4148 habet
1838 4093 2041 4148 Filium

457 4167 938 4239 intervenientem,
968 4173 1022 4228 in
1057 4192 1154 4230 sua
1188 4193 1256 4232 ex
1287 4177 1448 4236 Patre
1476 4183 1820 4238 exsistentia.
1853 4185 2044 4258 Neque

453 4260 601 4313 cnim
638 4260 960 4321 immediate
989 4269 1281 4341 quisquam
1312 4275 1551 4344 reperiet
1580 4275 1848 4346 Spiritum
1891 4282 2043 4335 exsi-

452 4359 641 4418 stere;
677 4364 772 4408 aut
799 4359 1100 4426 procedere
1123 4378 1188 4416 ex
1221 4364 1408 4432 Patre,
1443 4365 1572 4422 licet
1605 4369 1900 4425 admodum
1949 4373 2045 4426 de-

451 4441 711 4514 iatigetur
755 4464 948 4507 sacras
995 4453 1310 4524 Scripturas
1335 4459 1717 4518 exterebrans.
1747 4462 1850 4528 Qui
1885 4467 2032 4520 enim

2153 3251 2379 3322 Πνεῦμα
2401 3253 2470 3308 δι’
2502 3253 2629 3309 Υίοῦ
2649 3273 2664 3286 ·
2715 3257 2810 3310 καὶ
2852 3257 2935 3310 ὅτι
2971 3257 3033 3308 ἐκ
3062 3257 3160 3324 τῆς
3181 3255 3372 3316 οὐσίας
3398 3253 3494 3307 τοῦ
3527 3254 3742 3324 Πατρὸς

2147 3353 2209 3406 τὸ
2234 3347 2485 3419 Πνεῦμα,
2510 3347 2732 3402 τίνικαὶ
2775 3349 2930 3403 ἔσται
2965 3347 3482 3417 άμῳιὸαλλόμενονς
3519 3347 3643 3402 Ὀτι
3681 3347 3742 3401 δὲ

2148 3445 2213 3498 ὲκ
2279 3443 2380 3514 τῆς
2427 3442 2524 3496 τοῦ
2587 3443 2809 3514 Πατρός
2887 3442 3134 3511 ὑπάρχον
3186 3440 3399 3505 οὐσίας,
3459 3441 3555 3494 καὶ
3607 3440 3741 3494 αὐτὸ

2146 3537 2306 3592 οὐσία
2350 3537 2499 3590 ἐστὶν
2533 3536 2926 3600 ὲνυπόστατος,
2960 3535 3045 3598 τίς
3069 3535 3165 3604 οὐχ
3224 3534 3556 3604 ὁμολογήσει
3603 3549 3738 3605 τρα-

2147 3629 2432 3696 νῶςςΤοῦ
2453 3624 2548 3682 οὖν
2599 3627 2922 3697 Πνεῦματος
2946 3628 3225 3690 οὐσιωδῶς
3287 3627 3386 3680 καὶ
3443 3625 3740 3682 ἐνυποστά·

2145 3739 2255 3784 τως
2285 3720 2354 3774 δι’
2420 3721 2555 3775 Υἱοῦ
2617 3723 2678 3774 ὲκ
2729 3722 2830 3792 τῆς
2878 3720 2975 3774 τοῦ
3059 3720 3277 3791 Πατρὶς
3316 3719 3508 3780 οὐσίας
3571 3721 3738 3774 ἐκπο-

2149 3813 2474 3884 ρευομένου,
2509 3813 2594 3876 τίς
2640 3815 2708 3868 ἂν
2756 3813 2994 3868 ἐνταῦθα
3033 3813 3096 3868 τὸ
3125 3813 3194 3867 δι’
3224 3813 3358 3868 1⁸ίοῦ
3387 3816 3470 3877 είς
3497 3813 3738 3885 δήλωσιν

2149 3909 2408 3978 σχετικῆς
2439 3910 2667 3971 ἑννοίας,
2709 3908 2806 3962 καὶ
2841 3908 2942 3960 οὐκ
2968 3909 3048 3972 εἰς
3080 3908 3426 3976 παράστασιν
3453 3907 3738 3976 μεσιτείας
3821 3944 3831 3954 .

2145 3999 2441 4064 οὐσιώδους
2469 4000 2773 4072 δογματίσῃ
2810 3997 3350 4070 παραλαμϐάνεσθε;
3391 3996 3465 4051 Τὸ
3497 3999 3606 4070 γὰρ
3641 4000 3736 4053 οῦ-

2147 4093 2354 4157 σιωδτῗις
2381 4095 2446 4145 ὲκ
2479 4094 2580 4162 τῆς
2611 4092 2706 4146 τοῦ
2767 4091 2982 4161 Πατρδς
3033 4092 3226 4154 οὐσίας
3271 4091 3538 4162 ὑπάρχον,
3609 4095 3735 4146 ἐπεὶ

2149 4188 2224 4258 μὴ
2257 4187 2480 4256 άμέσως
2526 4186 2678 4239 ἐστὶν
2735 4186 2802 4238 ὲκ
2849 4183 3092 4253 Πατρδς,
3119 4185 3216 4239 καὶ
3264 4183 3542 4248 οὐσιωδῶς
3596 4186 3736 4240 πάν-

2145 4295 2255 4340 τως
2302 4278 2416 4349 ἔχει
2453 4278 2548 4332 τὸν
2579 4278 2708 4332 Υίὸν
2771 4278 3130 4347 μεσιτεύοντα
3157 4279 3306 4332 κατὰ
3343 4279 3442 4348 τὴν
3497 4280 3562 4331 ὲκ
3617 4279 3731 4332 Πα-

2145 4371 2274 4440 ’πρὸς
2323 4371 2488 4426 αὑτοῦ
2522 4371 2780 4442 ὕπαρξιν.
2823 4371 2960 4426 Οὐδὲ
3002 4371 3110 4442 γὰρ
3139 4371 3362 4441 άμέσως
3397 4371 3618 4442 εὑρήσει
3648 4388 3733 4436 τις

2143 4467 2205 4518 τὸ
2251 4464 2473 4534 Πνεῦμα
2502 4465 2748 4542 ὑπάρχον
2797 4464 2829 4534 ἢ
2877 4463 3312 4534 ἐκπορευόμενον
3358 4465 3421 4516 ὲκ
3491 4465 3730 4532 Πατρὺς,

449 4539 764 4596 iinnn-diate
793 4543 934 4627 dicis
967 4561 1034 4600 ex
1066 4545 1232 4602 Patre
1289 4547 1584 4618 Spiritum,
1622 4552 1843 4608 irritum
1896 4557 2033 4612 facis

2150 4560 2247 4614 κᾶν
2285 4559 2456 4630 μυρία
2478 4557 2632 4630 κάμῃ
2655 4539 2853 4626 narravi
2884 4555 3239 4608 θεόπνευστον
3265 4553 3560 4623 ἀνιχνεύων
3587 4555 3730 4624 Γρα-

446 4630 580 4684 illud
613 4648 708 4702 per
739 4633 960 4703 Filium,
994 4646 1047 4692 et
1077 4640 1170 4707 qui
1219 4655 1316 4710 per
1373 4639 1570 4697 Filium
1608 4645 1742 4701 dicit
1772 4661 1836 4701 ex
1871 4647 2036 4706 Patre

449 4725 714 4792 Spiritum
747 4745 890 4795 esse,
923 4731 1242 4786 immediate
1271 4734 1426 4788 illum
1461 4750 1526 4790 ex
1563 4735 1726 4792 Patre
1766 4755 1892 4796 esse
1922 4758 2033 4796 non

444 4820 658 4888 ῐιιιτίρίι.
693 4820 823 4876 llaec
847 4824 994 4876 enim
1032 4825 1198 4878 simul
1239 4843 1344 4880 una
1373 4843 1496 4883 esse
1537 4831 1653 4884 ﬁeri
1691 4835 1898 4902 nequit,
1935 4837 2037 4890 in:-

445 4911 701 4973 tnediate,
745 4922 800 4966 et
857 4929 952 4983 per
1013 4913 1234 4971 Filium.
1287 4920 1389 4974 Cui
1442 4921 1608 4991 igitur
1641 4927 2032 4984 attendendum

441 5010 546 5062 est,
596 5002 915 5058 decernenti
969 5020 1037 5060 cx
1089 5021 1148 5062 se
1201 5007 1346 5078 ipso,
1397 5010 1731 5082 immediate,
1781 5033 1847 5071 an
1903 5036 2032 5076 vero

443 5091 574 5154 iiiis,
639 5094 734 5163 qui
793 5110 893 5164 per
937 5097 1138 5153 Filium
1175 5119 1240 5156 ex
1294 5103 1456 5159 Patre
1505 5122 1630 5161 cum
1675 5115 2030 5168 asseveranti

445 5185 667 5240 Sanctis
716 5188 906 5258 utique
961 5189 1241 5260 Patrihus,
1305 5205 1360 5250 ct
1409 5197 1678 5268 theologis
1727 5215 1914 5271 aperte
1960 5220 2028 5260 ex

446 5277 627 5340 Patre.
659 5297 756 5350 per
791 5282 989 5338 Filium
1025 5283 1293 5356 Spiritum
1323 5306 1446 5347 esse
1500 5295 1870 5362 tradentibus,
1917 5311 2030 5352 non

443 5389 510 5427 ex
542 5387 729 5431 ventre
759 5379 1054 5446 crucianti,
1087 5380 1467 5452 eiiutientique
1497 5387 1760 5456 quidquid
1804 5389 1856 5442 in
1905 5391 2034 5445 buc-

437 5481 561 5522 cam
588 5471 816 5527 venerit.
864 5470 929 5526 Et
955 5487 1084 5527 voce
1113 5490 1204 5541 per
1224 5474 1428 5530 Filium
1460 5479 1736 5550 redargui,
1761 5498 1868 5536 non
1895 5483 2034 5540 bene

437 5560 657 5626 Opinari
692 5577 842 5626 cum,
895 5567 985 5634 qui
1041 5568 1354 5626 immediate
1399 5572 1680 5629 existimat
1729 5590 1852 5630 esse
1908 5575 2032 5646 Spi-

441 5655 606 5709 ritum
634 5673 700 5712 ex
737 5657 919 5724 Patre,
955 5661 1312 5718 manifestum
1335 5677 1419 5721 est
1459 5681 1524 5720 ex
1559 5681 1648 5731 eo,
1683 5669 1827 5736 quod
1861 5669 2030 5722 simul

441 5762 548 5802 una
580 5765 700 5808 esse
729 5770 836 5810 non
875 5767 1126 5825 possunt,
1158 5767 1212 5814 et
1235 5760 1569 5826 immediate,
1591 5771 1645 5816 et
1662 5776 1760 5831 per
1799 5759 2022 5816 Filium.

2142 4654 2273 4722 φήν.
2329 4651 2391 4706 Ὀ
2434 4651 2542 4722 γὰρ
2595 4649 2818 4718 άμὲσως
2842 4651 2906 4700 ἐκ
2940 4646 3155 4714 Πατρδς
3201 4646 3380 4712 λέγων
3405 4647 3466 4699 τὸ
3504 4646 3730 4715 Πνεῦμα
3793 4729 3806 4742 ο

2140 4745 2462 4816 κατήργησε
2495 4743 2557 4796 τὸ
2579 4742 2644 4796 δι’
2675 4743 2974 4802 Υἱοῦ.,Καὶ
2993 4743 3022 4793 ὁ
3048 4739 3114 4792 δι’
3145 4739 3279 4792 Υἰοῦ
3303 4739 3476 4806 λέγων
3516 4741 3581 4792 ὲκ
3613 4741 3729 4794 Πα-

2139 4837 2265 4906 τρὸς
2317 4833 2457 4890 εἶναι
2486 4835 2548 4888 τὸ
2572 4833 2798 4901 Πνεῦμα
2827 4833 3048 4900 άμὲσως
3082 4826 3221 4884 εἶναι
3252 4831 3385 4885 αὐτὸ
3419 4834 3483 4884 ὲκ
3509 4833 3728 4900 Πατρὸς

2137 4929 2197 4982 οὐ
2261 4929 2574 4998 προσίεται.
2636 4924 2822 4978 Ταῦτα
2890 4926 3000 4993 γὰρ
3049 4923 3424 4993 συνυπάρχειν
3470 4923 3725 4993 ἀλλήλοις

2139 5021 2428 5084 ἀδύνατον,
2461 5019 2523 5072 τό
2553 5036 2614 5070 τε
2666 5019 2891 5089 άμέσως
2915 5017 3011 5070 καὶ
3042 5017 3102 5070 τὸ
3135 5015 3204 5068 δι’
3237 5016 3390 5069 Υίοῦ.
3425 5016 3546 5069 Τίνι
3595 5015 3726 5083 γοῦν

2138 5112 2492 5182 προσθετέον,
2531 5110 2610 5180 τῷ
2643 5109 2702 5176 ἐξ
2731 5109 2927 5163 ἑαυτοῦ
2954 5107 3337 5178 δογματίζοντι
3368 5107 3450 5174 τὸ,
3476 5109 3724 5178 ἁμέσως,

2139 5206 2172 5276 ἦ
2207 5207 2318 5268 τοῖς
2353 5203 2441 5257 διὰ
2476 5202 2572 5256 τοῦ
2603 5203 2738 5256 Υίοῦ
2788 5205 2852 5256 ὲκ
2883 5203 3098 5272 Πατρδς
3153 5201 3498 5270 θεολογοῦσιν
3551 5203 3721 5269 αὐτός

2139 5298 2265 5360 Τοῖς
2289 5298 2465 5364 ἁγίοις
2490 5297 2761 5366 Πατράσι,
2796 5297 2893 5349 καὶ
2919 5295 3193 5363 Θεολόγοις
3221 5298 3464 5360 πάντως,
3520 5301 3636 5360 τοῖς
3659 5301 3725 5350 ἐκ

2143 5390 2354 5460 maga,-
2383 5391 2471 5442 διὰ
2509 5389 2603 5443 τοῦ
2629 5389 2759 5443 Υἱοῦ
2788 5385 3016 5442 εἶναιτὸ
3058 5389 3284 5459 Πνεῦμα
3336 5388 3722 5462 θεολογήσασι.

2139 5482 2233 5533 sui
2283 5480 2402 5549 οὐχὶ
2431 5480 2508 5550 τῷ
2563 5481 2671 5532 ἀπὸ
2736 5479 2944 5540 κοιλίας
3002 5479 3352 5550 ὲρευγομένῳ
3409 5479 3633 5551 σύμπαν
3663 5481 3724 5532 τὸ

2119 5567 2572 5642 παριστάμενον.
2607 5573 2714 5624 Καὶ
2741 5573 2823 5625 ὅτι
2851 5573 2948 5642 μὲν
2993 5573 3058 5624 ἐκ
3092 5571 3189 5640 τῆς
3231 5571 3306 5626 δι’
3345 5573 3480 5626 Υίοῦ
3537 5573 3722 5642 φωνῆς

2138 5666 2424 5736 ἐλέγχεται
2457 5666 2516 5720 οὐ
2551 5665 2730 5728 καλῶς
2759 5664 2971 5719 οἴεσθαι
2995 5667 3024 5718 ὁ
3056 5666 3283 5736 άμέσως
3303 5665 3550 5734 οἰόμενος
3578 5663 3722 5718 εἶναι

2135 5759 2196 5812 τὸ
2227 5755 2454 5828 Πνεῦμα
2485 5761 2548 5813 ὲκ
2581 5759 2817 5828 Πατρῦς,
2871 5758 3031 5828 δῆλον
3083 5761 3149 5811 ἐκ
3209 5757 3302 5810 τοῦ
3337 5756 3411 5827 μὴ
3461 5756 3719 5810 δύνασθαι

2137 5852 2504 5923 συνυπάρχειν
2550 5851 2796 5922 ἀλλήλοις
2821 5853 2878 5904 τό
2906 5851 3207 5922 trait-5m;
3245 5851 3339 5904 xuii.
3375 5850 3434 5904 τι
3473 5849 3539 5903 δι’
3567 5849 3718 5904 Υίοῦ.
