4058 6424
304 374 380 439 ὕ5
1415 367 1510 427 DE
1550 364 1845 426 UNIONE
1883 362 2441 424 EtZCLESlARUM.
3506 359 3575 422 66

370 485 462 556 κβ.
495 485 617 539 Ὀτι
653 482 710 536 δὲ
738 482 801 536 οὑ
832 480 1023 552 μόναις
1046 480 1162 541 ταῖς
1185 476 1564 546 θεολογούσαις
1585 476 1643 529 τὸ
1667 477 1892 545 Πνεῦμα

2066 475 2157 527 22.
2186 473 2373 543 Neque
2406 471 2577 539 solas,
2600 486 2720 541 quae
2741 471 2809 526 de
2841 471 3046 542 Spiritu
3078 483 3575 543 pertractarerunt,

310 581 522 648 φωναῖς
566 577 599 645 ἡ
644 575 879 643 δήὶωσις
928 572 1109 624 ἔνεστι
1170 569 1263 622 τοῦ
1310 568 1533 639 ἀμέσως
1570 569 1634 620 ἐκ
1684 570 1895 638 Πατρός

310 666 458 723 εἶναι
495 666 559 719 τὸ
597 664 849 734 Πνεῦμα,
881 662 1018 716 ἀλλὰ
1047 660 1243 714 πολλαὶ
1272 660 1369 713 καὶ
1400 659 1558 713 ἄλλαι
1621 660 1896 728 γραφικαὶ

308 762 540 832 χρήσεις
572 759 687 821 τοῖς
721 758 800 819 είς
827 756 988 824 βάθος
1009 754 1421 822 διανοουμένοις
1451 752 1512 804 τὸ
1529 751 1662 805 αὑτὸ
1714 757 1895 820 νόημα

307 848 686 919 παριστῶσιν,
716 847 953 916 δηλώσει

306 944 441 997 ἄλ)εο
508 938 857 1009 διανοήσαιτό
900 955 1001 1001 τις,
1035 936 1115 1006 τῷ
1164 935 1579 1004 Θαυματουργῷ
1609 935 1898 1006 Γρηγορίῳ

204 1028 229 1043 ’
306 1036 530 1102 λέγοντι
587 1031 955 1099 ἐντυγχάνων,
998 1030 1102 1093 ὅτι,
1148 1045 1165 1080 ι
1206 1028 1312 1081 Τοῦ
1354 1028 1559 1099 Κυρίου
1624 1030 1652 1082 ὁ
1700 1028 1895 1098 Πατὴρ

309 1129 483 1199 ἁρχὴ,
516 1126 704 1187 ἁῖδίως
748 1125 913 1177 αὑτὸν
962 1122 1257 1192 γεννήσας,
1286 1124 1380 1175 καὶ
1421 1122 1778 1191 πρωτότυπος
1801 1122 1894 1204 τοῦ

314 1219 637 1286 Πνεύματος
661 1219 689 1270 6
714 1214 962 1284 Κύριος;
993 1233 1010 1264 ι
1040 1213 1163 1274 Πῶς
1198 1213 1523 1281 νοηοήσεται
1556 1211 1616 1264 τὸ
1673 1208 1897 1278 Πνεῦμα

309 1311 409 1365 τοῦ
445 1310 656 1380 Κυρίου
690 1309 1068 1378 πρωτότυπον,
1104 1307 1152 1358 εἰ
1181 1305 1274 1359 καὶ
1304 1305 1363 1358 τὸ
1394 1304 1622 1372 Πνεῦμα
1671 1304 1897 1374 ἀμέσως

246 1400 251 1405 ⁷
312 1404 388 1468 ὡς
435 1402 616 1465 ὀΥἱὸς
661 1403 726 1454 ὲκ
762 1401 1013 1471 Πατρός;
1072 1398 1141 1451 Ἣ
1174 1397 1293 1461 πῶς
1321 1397 1663 1469 ινοηοήσεται
1714 1399 1743 1449 6
1797 1395 1897 1467 μὲν

309 1495 447 1558 Υἱὸς
486 1495 653 1547 εἰκὼν
682 1493 777 1546 τοῦ
808 1493 1045 1563 Πατρὸς,
1082 1490 1143 1544 1:6
1190 1489 1249 1543 δὲ
1300 1490 1526 1559 Πνεῦμα
1582 1490 1749 1543 εἰκὼν
1798 1488 1895 1543 τοῦ

310 1586 443 1640 Υἱοῦ
469 1602 487 1653 ;
526 1585 596 1638 Ἢ
622 1585 740 1647 πῶς
770 1583 1099 1653 νοηθήσεται
1136 1583 1164 1633 6
1195 1582 1293 1650 μὲν
1320 1582 1512 1652 Πατὴρ
1538 1579 1897 1651 προεπινοού-

316 1695 478 1750 μενος
508 1676 602 1731 τοῦ
625 1676 757 1730 Υἱοῦ
804 1676 884 1746 τῷ
930 1676 1109 1746 αἰτίῳ,
1154 1677 1181 1727 6
1209 1675 1267 1727 δὲ
1303 1674 1429 1737 Υἱὸς
1482 1675 1628 1727 κατὰ
1677 1674 1769 1726 τὸν
1800 1676 1896 1742 τῆς

318 1771 497 1834 αἰτίας
519 1770 680 1838 λόγον
734 1767 1235 1839 προεπινοούμενος
1295 1767 1396 1835 τῆς
1436 1764 1532 1818 τοῦ
1570 1764 1894 1834 Πνεύματος

325 1824 707 1929 ὑποστάσείικςς
745 1824 814 1914 "il
853 1861 969 1924 πῶς
989 1824 1317 1930 νοτξθήσεται
1350 1824 1502 1928 ὑῠμὲν
1538 1824 1734 1926 Πατὴρ·
1770 1824 1891 1926 μείζ
1929 1824 1969 1881 Β

317 1955 427 2019 ζων
467 1955 559 2009 τοῦ
592 1956 750 2021 Υίοῦ,
784 1957 812 2008 6
836 1954 893 2006 δὲ
927 1953 1053 2015 Υἱὸς
1080 1951 1282 2023 μείζων
1308 1950 1783 2022 τοῦῆηνεύματοκ
1822 1949 1893 2004 ’Ἠ

312 2046 430 2110 πῶς
483 2047 814 2118 νοηθήσεται
842 2045 905 2099 τὸ
932 2041 1173 2113 Πνεῦμα·
1202 2041 1293 2096 διὰ
1326 2042 1422 2096 τοῦ
1438 2042 1569 2095 Υἱοῦ
1621 2041 1894 2097 συναπτό-

312 2155 476 2212 μενον
521 2139 599 2209 τῷ
626 2139 804 2210 Πατρί
830 2155 846 2203 ;

378 2235 487 2296 κγ’.
534 2229 697 2284 Ἄ).λὰ
726 2231 911 2295 πάλιν,
936 2231 982 2285 εί
1012 2230 1104 2283 καὶ
1151 2230 1446 2294 οὑσιωδῶς,
1479 2230 1667 2301 φασὶν,
1693 2230 1758 2283 ὲκ
1779 2220 1895 2281 Πα-

302 2323 437 2393 τρδς
468 2321 536 2375 δι’
590 2322 723 2376 Υίοῦ
786 2323 1022 2394 ὑπάρχει
1066 2325 1128 2378 τὸ
1157 2323 1407 2394 Πνεῦμα,
1436 2323 1522 2399 τίς
1578 2326 1607 2377 6
1645 2323 1801 2391 λόγος
1836 2325 1894 2378 ἐν

302 2418 427 2477 ταῖς
458 2415 600 2485 ὑπὲρ
628 2416 809 2468 πᾶσαν
839 2415 993 2481 τάξιν
1014 2416 1419 2485 θεωρουμέναις
1443 2416 1777 2469 ὑποστάσεσι
1796 2418 1896 2485 τῆς

304 2508 564 2580 Τριάδος,
583 2509 683 2580 τὴν
713 2507 807 2561 τοῦ
837 2507 969 2561 Υίοῦ
1002 2510 1301 2562 ὑπόστασιν
1337 2510 1506 2579 μέσου
1554 2509 1769 2580 Πατρὸς
1801 2511 1895 2562 καὶ

305 2592 630 2670 Πνεύματος
659 2601 865 2669 λέγειν,
892 2601 966 2664 ὡς
1008 2604 1543 2673 κατηναγκασμένης
1586 2603 1765 2656 ἐκεῖσε
1793 2601 1888 2654 οὑ-

305 2710 411 2763 σης
437 2692 539 2760 τῆς
564 2691 774 2758 τάξεως
827 2693 963 2764 Περὶ
994 2696 1092 2764 τῆς
1119 2694 1328 2760 τάξεως
1363 2694 1569 2765 ταύτης
1595 2694 1750 2748 οὐδὲν
1784 2695 1896 2763 ἐγὼ

304 2782 423 2855 ἐρῶ
449 2801 537 2837 σοι
579 2783 678 2836 ἀπ’
731 2784 995 2854 ἐμαυτοῦ,
1033 2784 1229 2848 αὐτοὺς
1263 2782 1309 2837 δ’
1338 2786 1584 2849 ἐκείνους
1614 2787 1740 2849 τοὺς
1766 2786 1896 2857 περὶ

306 2879 520 2948 ταύτης
550 2877 815 2946 εἰρηκότα
828 2897 871 2939 ς.
906 2878 1157 2949 Πατέρας
1184 2876 1530 2948 προθήσομαί
1564 2895 1646 2932 σοι
1679 2880 1773 2931 ἐπὶ
1801 2879 1896 2932 τοῦ

310 2969 505 3040 μέσου,
529 2970 606 3032 ὡς
638 2969 870 3032 ἕκαστος
896 2968 990 3022 ἐπὶ
1052 2968 1247 3033 λέξεως
1327 2964 1573 3040 εἴρηκεν.
1628 2969 1839 3023 Αὐτίκα
1869 2971 1896 3021 6

306 3062 537 3130 Νύσσης
595 3062 899 3132 Γρηγόριος
927 3062 986 3115 ὲν
1023 3061 1101 3131 τῷ
1150 3062 1288 3129 πρὸς
1330 3061 1617 3115 Ἀὃλάόιον
1645 3062 1811 3130 λόγῳ,
1836 3056 1897 3116 οὗ

308 3156 343 3226 ἠ
402 3155 570 3227 ἁρχὴ,
637 3173 656 3207 1
690 3155 872 3224 ’Υμᾶς
905 3153 1005 3225 μὲν
1044 3154 1253 3208 δίκαιον
1300 3154 1428 3218 τοὺς
1460 3153 1811 3223 ἀκμάζοντας
1840 3156 1899 3208 ἒν

310 3248 469 3321 πάσῃ
506 3249 737 3317 δυνάμει
793 3246 1268 3315 διαγωνίζεσθαι,ι
1302 3245 1437 3317 φησί
1465 3262 1479 3278 ·
1519 3246 1623 3299 «Τὸ
1656 3246 1903 3317 ἀπαράλ-

310 3339 517 3394 λακτον
543 3340 642 3410 τῆς
666 3339 888 3410 φύσεως
921 3337 1333 3408 ὁμολογοῦντες,
1360 3337 1458 3409 τὴν
1480 3338 1622 3391 κατὰ
1643 3339 1706 3391 τὸ
1730 3338 1903 3393 αἴτιον

312 3432 411 3485 καὶ
442 3432 687 3486 αίτιατδν
711 3430 980 3502 διαφορὰν
1006 3431 1109 3484 οὑκ
1159 3430 1497 3500 ἀρνούμεθα.
1546 3431 1635 3486 Ἐν
1679 3426 1723 3501 ᾧ
1757 3433 1905 3505 μόνῳ

312 3524 695 3592 διακρίνεσθαι
730 3523 792 3577 τὸ
845 3524 1034 3594 ἕτερον
1088 3523 1183 3577 τοῦ
1239 3524 1428 3592 ἐτέρου
1482 3525 1905 3596 καταλαμϐάνοι

316 3637 441 3689 μεν,
495 3617 575 3687 τῷ
601 3618 663 3671 τὸ
693 3619 792 3688 μὲν
815 3619 992 3672 αἴτιον
1048 3617 1326 3671 πιστεύειν
1359 3612 1521 3684 εἶναι,
1553 3618 1613 3671 τὸ
1633 3618 1691 3672 66
1721 3621 1784 3673 ἐκ
1808 3619 1903 3673 τοῦ

311 3710 517 3764 αἱτίου⁶
553 3711 650 3763 καὶ
686 3710 783 3764 τοῦ
818 3710 877 3776 ἐξ
912 3710 1094 3773 αἰτίας
1126 3710 1281 3773 ὄντος
1330 3708 1498 3779 ἄλλην
1531 3711 1694 3766 πάλιν
1721 3712 1908 3781 διαφοο

316 3805 420 3875 ραν
462 3801 774 3872 ἐννοοῦμεν.
833 3801 908 3856 T6
932 3802 1032 3872 μὲν
1063 3802 1171 3872 γὰρ
1203 3801 1488 3873 προσεχῶς
1526 3803 1591 3855 ὲκ
1623 3803 1719 3855 τοῦ
1752 3802 1909 3872 πρώοι

311 3914 435 3961 του,
469 3898 532 3951 τὸ
561 3897 620 3949 δὲ
653 3897 742 3951 διὰ
775 3897 871 3950 τοῦ
912 3897 1197 3965 προσεχῶς
1220 3897 1284 3948 ἐκ
1323 3895 1417 3948 τοῦ
1464 3896 1707 3965 πρώτου.
1742 3898 1906 3950 Ὥστε

312 3993 412 4044 καὶ
440 3990 500 4042 τὸ
552 3987 845 4058 μονογενὲς
880 3988 1251 4057 ἀναμφίὃολον
1282 3991 1377 4044 ἐπὶ
1407 3992 1500 4044 τοῦ
1534 3992 1664 4047 Υίοῦ
1697 3994 1905 4063 μένειν,

312 4084 410 4136 καὶ
460 4082 521 4135 τὸ
568 4082 628 4134 ὲκ
689 4080 787 4133 τοῦ
838 4081 1051 4150 Πατρδς
1077 4076 1306 4135 εἶναιτὸ
1360 4082 1587 4153 Πνεῦμα
1633 4085 1909 4157 μὴκάμφι-

313 4176 565 4240 ϐάλλειν,
589 4174 688 4244 τῆς
718 4173 815 4227 τοῦ
844 4172 975 4226 Υίοῦ
1028 4174 1312 4244 μεσιτείας
1351 4176 1447 4230 καὶ
1481 4177 1660 4248 ἑαυτῷ
1699 4177 1760 4231 τὸ
1812 4195 1907 4248 μο-

312 4270 538 4338 νογενὲς
586 4266 987 4336 φυλαττούσης,
1051 4268 1145 4321 καὶ
1179 4268 1241 4320 τὸ
1266 4270 1494 4338 Πνεῦμα
1526 4272 1624 4341 τῆς
1669 4273 1909 4342 φυσικῆς

314 4363 458 4433 πρὸς
508 4360 602 4412 τὸν
666 4359 887 4443 Πατέρα
925 4360 1161 4429 σχέσεως
1192 4360 1273 4438 μὴ
1317 4362 1715 4432 ἁπειργούσης.
1756 4383 1775 4415 ι
1814 4365 1908 4427 Τίς

312 4453 426 4505 τῶν
487 4449 662 4517 ἁγίων
719 4450 1106 4519 ἀριδηλότερον
1155 4453 1506 4522 παραστήσει
1585 4454 1684 4524 τὴν
1721 4457 1780 4507 ὲν
1837 4456 1904 4527 τῇ

1027 845 1097 897 τὰ
1133 844 1502 915 ῥηθησόμενα.
1562 843 1627 895 Τί
1659 844 1768 914 γὰρ
1830 842 1925 895 ἂνη

2000 580 2163 621 voces
2190 577 2376 635 aperte
2407 572 2649 631 notasse,
2678 579 2783 619 non
2815 579 2939 619 esse
2969 566 3286 622 immediate
3312 567 3576 636 Spiritum

1997 675 2060 712 ex
2088 658 2388 722 Palre,sed
2419 661 2589 714 multa
2628 659 2733 711 alia
2765 660 2971 727 scripto
3000 659 3203 713 tradita
3242 644 3575 723 testimonia,

1998 748 2127 813 illis,
2160 751 2255 819 qui
2306 752 2637 805 sententiam
2690 764 2882 803 eorum
2938 750 3576 819 accurate‘percipiunt.

1999 845 2388 907 conﬁrmasse,
2428 843 2569 920 inira
2626 842 2855 896 dicenda
2905 841 3212 895 ostendent.
3248 840 3398 907 ‘Quid
3433 843 3577 897 enim

1999 933 2144 988 aliud
2178 945 2356 988 mente
2380 934 2772 1003 apprehendat,
2807 933 2899 1002 qui
2927 932 3402 1005 Thaumaturgum
3449 934 3567 989 Gre

1999 1025 2211 1095 gorium
2240 1025 2566 1080 scribentem
2593 1027 2867 1094 percurrit
2895 1036 2910 1081 :
2950 1044 2968 1076 ι
3008 1025 3221 1079 Domini
3255 1026 3413 1079 Pater
3435 1028 3570 1095 prii;-

1999 1118 2225 1184 cipium,
2275 1118 2344 1171 ab
2384 1128 2593 1172 aeterno
2641 1119 2820 1186 ipsum
2858 1134 3150 1187 generatis,
3206 1126 3261 1171 et
3313 1118 3579 1172 Dominus
3682 1158 3687 1163 ι

1998 1219 2323 1279 protOtypus
2353 1208 2633 1278 Spiritus?
2665 1228 2683 1260 ι
2741 1208 2806 1262 Et
2839 1226 3077 1279 quanam
3113 1209 3324 1264 ratione
3355 1209 3580 1277 intelligi

1997 1302 2203 1370 poterit
2228 1302 2443 1356 Domini
2468 1312 2800 1373 prclotypon
2828 1319 2959 1370 erga
2992 1302 3283 1371 Spiritum,
3308 1302 3352 1354 si
3378 1311 3429 1356 et
3457 1302 3570 1370 Spi-

1997 1394 2137 1447 ritus
2170 1393 2489 1448 immediate
2541 1395 2622 1448 uti
2670 1404 2723 1448 et
2756 1393 2930 1449 Filius
2963 1410 3031 1448 ex
3087 1395 3284 1449 Patre?
3319 1393 3414 1448 Vel
3445 1410 3576 1465 quo-

1998 1487 2166 1541 modo
2215 1487 2555 1559 intelligetur
2597 1486 2772 1542 Filius
2802 1487 2982 1557 imago
3015 1487 3212 1553 Patris,
3255 1497 3309 1542 et
3336 1487 3581 1558 Spiritus

1997 1578 2180 1649 imago
2197 1577 2356 1632 Filii?
2382 1580 2476 1634 Vel
2501 1581 2778 1649 quomodo
2797 1579 3132 1650 intelligetur
3155 1580 3316 1634 Pater
3336 1591 3397 1634 ut
3419 1596 3583 1651 causa

1998 1670 2173 1737 prius,
2209 1686 2372 1740 quam
2406 1670 2617 1738 Filius;
2670 1672 3004 1741 percipietur
3055 1684 3111 1727 et
3139 1671 3316 1728 Filius
3366 1674 3583 1728 ratione

2001 1776 2183 1816 causae
2212 1771 2339 1816 ante
2367 1763 2702 1833 hypostasim
2753 1763 2959 1841 ipsam.
2987 1763 3262 1834 Spiritus?
3309 1763 3403 1820 Vel
3451 1778 3586 1832 quo-

2004 1855 2167 1907 modo
2200 1856 2537 1924 intelligetur
2564 1858 2723 1912 Pater
2742 1857 2917 1926 major
2940 1857 3103 1925 Filio,
3135 1870 3187 1913 et
3209 1856 3382 1914 Filius
3412 1858 3585 1927 major
3644 1896 3649 1905 .

2006 1940 2251 2011 Spiritu?
2275 1944 2373 2000 Vel
2404 1948 2684 2017 quomodo
2721 1949 3058 2019 intelligetur
3095 1950 3334 2020 Spiritus
3376 1967 3468 2020 per
3501 1950 3583 2004 Fi'

2002 2035 2135 2091 lium
2162 2037 2306 2093 Patri
2344 2041 2767 2097 adhaerescens?

2072 2223 2166 2281 25.
2198 2223 2303 2281 Sed
2337 2242 2549 2289 rursus,
2592 2227 2720 2283 licet
2767 2228 3157 2294 essentialitar,
3191 2228 3467 2299 inquiunt,
3504 2247 3573 2286 ex

2002 2311 2164 2372 Patre
2197 2334 2293 2387 per
2324 2316 2524 2373 Filium
2553 2321 2795 2389 Spiritus
2825 2332 2931 2387 est,
2971 2339 3096 2391 quae
3137 2324 3280 2377 ratio
3308 2326 3494 2391 fuerit,
3531 2326 3585 2380 in

2003 2406 2223 2464 Triadis
2253 2410 2642 2479 hypostasibus
2670 2428 2833 2480 supra
2862 2428 3081 2468 omnem
3124 2415 3370 2469 ordinem
3401 2418 3585 2471 consi-

2003 2501 2209 2557 deratis
2243 2502 2369 2556 Filii
2403 2504 2745 2574 hypostasim
2811 2507 3050 2560 mediam
3108 2508 3253 2561 inter
3289 2509 3503 2563 Patrem
3535 2520 3590 2564 et

2005 2593 2270 2663 Spiritum
2303 2594 2487 2669 fateri,
2522 2596 2681 2665 quasi
2730 2598 3047 2651 necessario
3098 2597 3178 2653 ibi
3251 2580 3388 2654 ordo
3422 2600 3591 2653 intro.-

2005 2684 2288 2739 ducendus
2318 2683 2422 2738 sit?
2460 2684 2533 2739 De
2565 2687 2670 2739 hoc
2700 2686 2896 2740 ordine
2925 2687 3060 2740 nihil
3107 2690 3224 2759 ipse
3255 2690 3322 2742 de
3354 2705 3475 2743 meo
3511 2690 3592 2742 af-

2004 2776 2202 2843 feram,
2253 2777 2350 2831 sed
2382 2776 2572 2832 Patres
2601 2779 2749 2842 illos,
2778 2780 2871 2848 qui
2920 2779 2987 2834 de
3023 2794 3090 2834 eo
3141 2794 3447 2836 sermmiem
3499 2782 3593 2835 ha—

2007 2870 2199 2932 buere,
2259 2869 2315 2922 in
2379 2869 2620 2922 medium
2683 2868 2988 2938 producam
3052 2870 3340 2934 verbatim,
3391 2880 3446 2924 ut
3511 2872 3590 2924 illi

2005 2962 2391 3019 enuntiarnnt.
2428 2962 2640 3016 l‘rimus
2688 2958 2973 3032 Nyssenus
3008 2959 3310 3030 Gregorius
3342 2962 3592 3016 oratione

2008 3054 2073 3106 ad
2110 3052 2421 3117 Ablabium,
2475 3055 2635 3122 cujus
2678 3051 2811 3106 illud
2862 3053 3193 3122 principium
3236 3064 3361 3106 est:
3401 3070 3421 3103 ι
3466 3051 3594 3106 Ju‘s-

2007 3151 2124 3197 tum
2156 3150 2240 3196 est
2268 3144 2522 3213 equidem
2564 3157 2686 3207 vos,
2723 3142 2820 3212 qui
2858 3142 3070 3196 viribus
3108 3144 3332 3212 polletis
3357 3143 3408 3197 in
3440 3143 3591 3196 omni

2008 3236 2201 3290 robore
2214 3236 2518 3300 decertare,
2541 3253 2559 3286 ›
2584 3236 2803 3290 scribit:
2830 3255 2848 3287 ι
2873 3235 3274 3291 immutabilem
3295 3245 3458 3306 etper
3477 3251 3596 3290 om-

2005 3329 2097 3381 nia
2127 3328 2365 3382 similem
2400 3336 2658 3383 naturam
2696 3328 3044 3395 conﬁtentes,
3075 3330 3376 3384 discrimen
3408 3344 3592 3384 causa:

2005 3429 2061 3474 et
2095 3420 2323 3477 eﬂ‘eetus
2352 3436 2459 3475 non
2489 3422 2825 3487 inliciamur,
2876 3425 2928 3477 in
2977 3438 3089 3493 quo
3135 3424 3313 3479 solum
3353 3422 3595 3491 disjungi

2014 3510 2249 3566 alterum
2282 3511 2350 3565 ab
2378 3515 2552 3566 altero
2599 3513 3094 3581 deprehendimus;
3139 3528 3264 3567 cum
3298 3516 3594 3585 credamus

2006 3603 2111 3658 hoc
2138 3606 2359 3673 quidem
2390 3618 2616 3658 causam
2643 3620 2786 3672 esse,
2813 3604 2943 3659 illud
2973 3621 3042 3659 ex
3077 3620 3246 3659 causa
3284 3622 3298 3657 :
3332 3615 3386 3659 et
3410 3604 3584 3669 illius,

2007 3697 2156 3765 quod
2189 3709 2449 3749 excausa
2485 3703 2591 3760 est,
2629 3694 2777 3749 aliud
2815 3711 3012 3752 rursus
3038 3697 3599 3766 diserimeueompre—

2010 3789 2329 3844 hendimus.
2357 3787 2609 3857 Namque
2657 3789 2763 3843 hoc
2809 3790 3028 3859 quidem
3064 3798 3150 3845 cst
3203 3790 3520 3845 immediate
3563 3807 3595 3844 a

2008 3882 2209 3951 primo,
2246 3882 2350 3934 hoc
2397 3896 2527 3934 vero
2567 3896 2632 3934 ex
2687 3881 2947 3950 contiguo
3002 3896 3034 3935 a
3084 3883 3285 3951 primo.
3348 3880 3507 3936 Adeo
3538 3891 3595 3936 ut

2009 3972 2353 4042 unigenitum
2412 3971 2783 4026 indubitatum
2838 3983 3055 4028 maneat
3095 3973 3153 4027 in
3216 3972 3378 4039 Filio,
3428 3982 3483 4027 et
3527 3989 3595 4028 ex

2008 4063 2169 4119 Patre
2223 4079 2345 4118 esse
2384 4062 2677 4133 Spiritum,
2730 4062 2854 4118 Filii
2913 4065 3272 4131 mediatione,
3334 4046 3440 4121 sibi
3491 4065 3597 4135 ipsi

2009 4159 2360 4228 unigenitum
2396 4160 2804 4225 conservantis,
2831 4169 2884 4212 et
2909 4158 3175 4227 Spiritum
3197 4174 3226 4213 a
3261 4159 3501 4214 naturali
3526 4160 3594 4214 ad

2008 4252 2225 4306 Patrem
2265 4251 2593 4307 habitudine
2623 4267 2730 4306 non
2762 4254 3026 4308 arcentis.
3064 4271 3084 4305 ›
3124 4251 3259 4318 Quis
3301 4268 3368 4307 ex
3416 4254 3596 4308 Patri-

2009 4344 2114 4399 bus
2141 4345 2408 4413 apertius,
2442 4343 2535 4414 qui
2570 4345 2622 4397 in
2661 4341 2862 4398 Triade
2905 4353 3011 4408 est,
3043 4344 3293 4399 ordinem
3340 4348 3600 4412 explana-

2012 4438 2113 4502 bit,
2147 4448 2202 4491 et
2256 4452 2488 4507 prorsus
2542 4436 2911 4491 necessariam
2964 4436 3031 4490 ad
3072 4435 3288 4491 Patrem
3321 4449 3376 4491 et
3425 4437 3600 4503 Spiri-

311 4539 513 4610 Τριάδι
545 4538 722 4605 τάξιν,
741 4538 836 4592 καὶ
860 4538 960 4608 τὴν
983 4537 1125 4591 κατὰ
1155 4539 1337 4591 πᾶσαν
1370 4539 1621 4610 ἀνάγκην
1647 4541 1783 4611 πρὸς
1814 4541 1903 4593 τὸν

2014 4540 2127 4588 tum
2171 4529 2295 4585 Filii
2336 4530 2763 4585 mediationcm?
2802 4529 2958 4596 Quod
3016 4529 3062 4584 si
3104 4529 3173 4584 ad
3207 4530 3595 4586 stabiliendum

311 4629 543 4700 Πατέρα
574 4631 671 4683 καὶ
730 4630 789 4682 τὸ
840 4627 1067 4699 Πνεῦμα
1103 4630 1385 4699 μεσιτείαν
1413 4630 1508 4684 τοῦ
1556 4630 1686 4684 Υίοῦ
1709 4650 1724 4697 ;
1751 4632 1812 4685 Ei
1850 4631 1908 4684 66

309 4728 392 4789 εἰς
450 4724 800 4793 παράστασιν
827 4723 929 4792 τῆς
952 4723 1010 4775 ἐν
1040 4726 1104 4793 τῇ
1132 4723 1175 4774 Τ
1178 4721 1323 4793 ριάδι
1382 4723 1589 4791 τάξεως
1622 4725 1650 4777 6
1686 4723 1909 4794 Νύσσης

312 4817 629 4888 Γρηγόριος
681 4815 782 4868 οὑκ
835 4815 1020 4882 ἀρκεῖ,
1063 4818 1609 4888 συνεπιμαρτυρήσει
1656 4816 1810 4887 αὑτῴ
1838 4817 1907 4870 τὰ

309 4913 450 4983 περὶ
474 4911 576 4979 τῆς
606 4908 812 4972 τάξεως
862 4908 958 4960 καὶ
989 4909 1017 4960 6
1057 4907 1228 4976 μέγας
1272 4908 1577 4971 Βασίλειος.
1612 4904 1781 4973 Οὗτος
1814 4909 1910 4962 καὶ

310 5006 426 5072 γὰρ
459 5002 522 5052 ἐν
549 4999 629 5068 τῷ
663 4998 871 5068 πρώτῳ
890 4998 999 5051 τῶν
1027 5000 1165 5068 πρὸς
1183 5000 1445 5069 Εὐνόμιον
1480 5001 1910 5072 Ἀντιρῤητικῶν

310 5096 487 5164 λόγῳ,
525 5084 586 5144 οὗ
619 5093 652 5161 ἡ
678 5089 842 5161 ἀρχὴ,
891 5110 909 5141 t
937 5091 1001 5143 Εί
1059 5090 1158 5160 μὲν
1219 5090 1506 5145 ἐϐούλοντο
1561 5097 1784 5158 πάντες,
1813 5093 1912 5160 ἐφ’

309 5181 395 5247 οἷς
447 5183 512 5236 τὸ
547 5182 724 5252 ὄνομα
770 5179 863 5232 τοῦ
907 5179 1046 5233 Θεοῦ
1105 5181 1201 5233 καὶ
1258 5181 1509 5253 Σωτῆρος
1532 5182 1696 5252 ἡμῶν
1731 5180 1908 5251 Ἰησοῦ

311 5275 564 5347 Χριστοῦ
594 5272 1013 5342 extat-faciant,»
1072 5273 1237 5343 φησίν
1264 5291 1276 5304 ·
1309 5293 1328 5324 ι
1353 5274 1514 5327 Ἀλλὰ
1543 5275 1696 5340 τάξις
1748 5277 1780 5344 ἡ
1812 5275 1910 5343 μὲν

313 5367 531 5438 φυσική
553 5365 640 5427 τίς
660 5366 833 5429 ἐστιν,
862 5365 896 5433 ὴ
920 5363 978 5416 δὲ
1007 5379 1115 5416 κατ
1155 5365 1523 5435 ἐπιτήδευσιν
1558 5367 1762 5437 φυσικὴ
1789 5366 1909 5437 μὲν,

310 5465 387 5526 ὼς
452 5464 489 5532 ἡ
560 5457 676 5512 τῶν
731 5457 1057 5527 κτισμάτων
1104 5457 1251 5511 κατὰ
1310 5459 1438 5522 τοὺς
1482 5459 1913 5530 δημιουργικοὺς

311 5558 515 5620 λόγους
536 5550 830 5618 ταχθεῖσα,
865 5548 959 5599 καὶ
975 5548 1009 5618 ὴ
1041 5549 1136 5601 τοῦ
1158 5546 1394 5618 ἀριθμοῦ
1419 5547 1590 5615 θέσις,
1624 5551 1718 5602 καὶ
1740 5551 1772 5618 ή
1804 5548 1913 5602 τῶν

311 5646 509 5698 α.τίων
550 5641 693 5712 πρὸς
723 5641 793 5695 τὰ
819 5642 1041 5694 αἰτιατὰ
1093 5641 1300 5711 σχέσις,
1353 5640 1566 5693 ἐκείνου
1601 5640 1913 5711 προδιωμο·

310 5734 634 5807 λογημὲνου
697 5732 794 5785 τοῦ
855 5732 953 5784 καὶ
1016 5731 1115 5802 τῆς
1144 5732 1360 5800 φύσεως
1381 5733 1549 5802 αὐτῆς
1578 5733 1805 5804 ποιητὴν
1838 5730 1913 5787 εἷ-

314 5848 402 5886 ναι
434 5831 536 5885 καὶ
565 5824 912 5900 δημιουργὸν
935 5824 1025 5879 τὸν
1049 5825 1202 5879 Θεόν·
1234 5823 1700 5897 insanae-apem
1732 5825 1785 5877 δὲ
1818 5827 1914 5879 καὶ

2013 4621 2067 4674 in
2109 4616 2314 4676 Triade
2349 4622 2598 4675 ordinem
2645 4619 2943 4690 Gregorius
2985 4620 3271 4692 Nyssenus
3314 4624 3449 4677 satis
3487 4639 3594 4676 non

2010 4724 2118 4777 est,
2149 4724 2347 4768 testem
2378 4730 2437 4768 se
2463 4715 2697 4767 alterum
2732 4716 2799 4769 de
2829 4715 2934 4768 hoc
2961 4714 3154 4769 ordine
3185 4704 3415 4785 magnus
3445 4713 3600 4768 Basi—

2012 4806 2120 4861 lius
2142 4807 2433 4876 ‘adjunget.
2475 4805 2552 4859 Ita
2581 4806 2728 4860 enim
2763 4808 2943 4875 primo
2969 4806 3234 4861 adversus
3267 4805 3592 4860 Eunomium

2012 4898 2398 4962 antirrhetico,
2435 4899 2595 4967 cujus
2634 4898 2989 4968 principium,
3020 4917 3042 4951 ι
3081 4896 3362 4967 Siquidem
3402 4912 3596 4953 omnes

2017 4990 2240 5055 vellent,
2273 5005 2439 5060 super
2473 5005 2615 5060 quos
2643 5005 2846 5044 nomen
2873 4988 2968 5043 Dei
2999 5000 3055 5044 et
3089 4988 3398 5045 Servatoris
3422 4990 3597 5043 nostri

2012 5082 2139 5138 Jesu
2168 5082 2375 5138 Christi
2418 5070 2730 5138 invocatum
2755 5088 2911 5149 est,;>
2946 5081 3149 5147 tradit;
3186 5080 3281 5136 sed
3308 5080 3444 5157 ordo
3463 5079 3599 5135 alter

2014 5176 2287 5231 naturalis
2336 5183 2461 5239 est,
2534 5176 2674 5229 alter
2729 5173 3090 5233 artiﬁciosus,
3135 5170 3447 5238 Naturalis,
3501 5173 3598 5242 qui

2014 5278 2402 5325 creaturarum
2428 5266 2586 5338 juxta
2618 5267 2841 5322 creandi
2874 5268 3121 5321 rationes
3149 5265 3449 5334 dispositus
3488 5272 3597 5325 est,

2013 5373 2069 5419 et
2100 5364 2301 5434 positio
2333 5361 2578 5427 numeri,
2614 5369 2670 5416 et
2695 5376 2990 5416 causarum
3020 5361 3089 5415 ad
3117 5358 3344 5414 effectus
3377 5356 3595 5420 relatio.

2016 5465 2144 5510 ante
2200 5453 2388 5509 omnia
2448 5469 2575 5510 cum
2631 5453 2762 5507 illud
2817 5449 3200 5507 in.confessis
3255 5448 3369 5515 sit,
3424 5449 3600 5518 ipsius
3670 5446 3673 5453 ’

2014 5558 2229 5604 naturae
2260 5546 2429 5603 Deum
2464 5556 2522 5603 et
2558 5555 2864 5602 creatorem
2896 5554 2951 5602 et
2981 5543 3233 5615 Opiﬁcem
3269 5558 3412 5600 esse.
3444 5544 3600 5599 Arti-

2017 5643 2242 5697 lieiosus
2290 5656 2420 5696 vero
2469 5649 2525 5696 et
2572 5638 2845 5697 indusuia
2895 5636 3183 5694 hominum
3230 5636 3598 5708 excogitatas,

2018 5737 2111 5804 qui
2149 5737 2201 5788 in
2236 5734 2556 5795 structuris,
2592 5743 2648 5788 et
2678 5730 3009 5799 disciplinis,
3045 5736 3102 5784 et
3125 5728 3514 5801 dignitatibus,
3544 5738 3602 5784 et

2017 5842 2272 5898 numero,
2322 5836 2376 5889 et
2416 5812 2723 5882 similibus.
2762 5823 2971 5881 Horum
3018 5823 3263 5905 primum
3311 5823 3603 5880 occultans
