4058 6444
432 386 507 448 67

1514 377 1727 439 ιῡιΝ.
1769 371 1979 437 VECCI
2028 369 2138 430 cr.
2186 350 2696 429 eammeam

3646 363 3720 425 (8

443 486 751 552 Euno'mius
777 533 791 556 ,
845 490 1102 546 secundae
1156 489 1362 561 speciei
1396 487 1630 565 ordinis
1688 486 2061 541 mentionem,

2166 477 2373 545 εχνικὴ,
2429 476 2561 545 ὼςὴ
2615 477 2676 527 ὲν
2714 477 2825 538 τοῖς
2872 472 3370 539 κατασκευάσμασι
3400 471 3497 527 καὶ
3550 473 3725 543 μαθή-

447 587 595 651 fecit,
635 596 845 655 aitque,
896 600 1005 638 non
1043 598 1165 639 esse
1203 594 1344 653 opus
1390 594 1640 635 asserere
1680 577 1929 631 ordinem
1973 576 2027 629 in

447 680 597 744 Deo,
657 694 781 733 cum
849 678 987 732 ordo
1049 678 1339 731 ordinante
1400 674 1675 744 posterior
1731 671 1821 726 sil.
1892 669 2030 725 Illud

446 784 628 830 autem
664 775 748 827 vel
798 790 906 827 non
943 771 1355 832 animadvertit,
1398 772 1482 825 vel
1518 768 1711 822 volens
1759 767 2034 837 prudens-

449 882 558 939 que
594 866 914 928 occultavit,
961 880 1087 919 esse
1141 879 1317 931 genus
1363 861 1585 931 aliquod
1630 860 1869 921 ordinis,
1923 870 2032 912 non

450 968 638 1014 nostra
690 957 961 1011 industria
1007 957 1393 1017 constitutum,
1446 956 1538 1007 sed
1589 954 1894 1007 secundum
1940 964 2037 1003 na-

456 1062 591 1104 turre
648 1051 846 1103 seriem
898 1050 1253 1115 contingens,
1304 1046 1471 1101 veluti
1508 1046 1651 1114 ignis
1706 1045 1771 1097 ad
1828 1045 2032 1109 lumen,

452 1140 602 1212 quod
656 1157 720 1195 ex
782 1156 847 1195 eo
903 1149 1006 1196 est.
1075 1140 1132 1193 lu
1198 1139 1283 1192 his
1342 1138 1542 1192 etenim
1596 1137 1749 1207 prius
1811 1147 2037 1190 causam

454 1236 714 1294 dicimus,
745 1232 1027 1302 posterius
1059 1232 1206 1301 quod
1250 1231 1319 1284 ab
1343 1245 1408 1283 eo
1456 1240 1561 1293 est,
1593 1244 1700 1282 non
1751 1226 2038 1282 interiallo

450 1342 517 1382 ea
549 1329 618 1381 ab
662 1328 893 1379 invicem
936 1324 1279 1387 dirimentes,
1324 1324 1416 1377 sed
1453 1321 1859 1384 anteeﬂectum
1909 1334 2041 1374 cau-

465 1436 582 1476 sam
624 1420 1015 1485 inlelligentes.
1048 1418 1339 1485 Quomodo
1371 1419 1557 1486 itaque
1583 1415 1780 1469 rationi
1814 1428 2043 1468 consen-

461 1526 682 1569 tanetun
736 1511 920 1573 fuerit,
975 1511 1225 1564 ordinem
1262 1509 1553 1579 denegare,
1608 1507 1664 1563 in
1712 1508 1914 1577 quibus
1958 1515 2044 1561 est

460 1609 615 1676 prius
660 1615 716 1659 et
748 1603 1051 1675 posterius,
1095 1618 1201 1655 non
1245 1613 1435 1656 nostra
1490 1600 1786 1661 industria.
1840 1599 1933 1654 sed
1974 1612 2044 1654 ex

463 1698 698 1752 naturali
753 1698 807 1751 in
877 1696 1010 1765 ipsis
1070 1696 1372 1749 exsistente
1434 1693 1870 1748 consecutione?
1925 1692 2044 1757 Qua

460 1806 593 1859 ergo
627 1792 698 1844 de
736 1804 902 1844 causa
939 1787 1186 1843 ordinem
1237 1801 1522 1841 assumere
1557 1786 1612 1841 in
1644 1785 1757 1841 Deo
1789 1785 2045 1853 respuit?

460 1884 755 1952 Opinatur,
787 1880 834 1935 si
865 1881 1171 1935 ostenderit
1201 1895 1550 1949 nequaquam
1597 1879 1757 1933 aliter
1786 1880 1943 1950 prius
1989 1880 2043 1932 in

468 1977 579 2030 Deo
640 1975 904 2045 intelligi,
963 1975 1234 2043 reliquum
1290 1989 1349 2027 se.
1404 1973 1762 2035 habiturum,
1820 1972 1873 2025 in
1930 1970 2049 2041 ipsa

462 2065 679 2120 scilicet
725 2064 1040 2119 substantia
1090 2064 1449 2116 eminentiam
1497 2061 1887 2118 demonstrari.
1936 2060 2051 2117 Nos

468 2171 598 2210 vero
622 2154 927 2210 secundum
958 2169 1254 2208 causarum
1286 2153 1352 2206 ad
1385 2169 1470 2215 ea,
1497 2168 1619 2221 qua:
1648 2170 1713 2206 ex
1739 2154 1874 2222 ipsis
1900 2160 2050 2217 sunt,

468 2248 818 2312 relationem,
855 2246 1102 2315 praeponi
1140 2245 1279 2299 Filio
1306 2244 1526 2300 Patrem
1559 2244 1817 2313 fatemur,
1842 2256 2054 2300 natura:

471 2340 973 2395 vermdivorsitate
1040 2340 1193 2392 nullo
1247 2339 1451 2402 modo,
1512 2354 1690 2408 neque
1748 2338 2053 2393 secundum

469 2433 942 2502 exsuperantiam.
1009 2432 1099 2486 Sic
1148 2432 1293 2485 enim
1336 2442 1390 2486 et
1435 2432 1648 2487 Patrem
1704 2446 1825 2487 esse
1881 2431 2053 2486 Deum

473 2523 847 2593 rejiceremus,
883 2538 1006 2577 cum
1046 2524 1361 2578 essentialis
1408 2523 1702 2579 diversitas
1748 2525 2054 2579 naturalem

474 2616 921 2683 conjunctionem
993 2622 1241 2683 respuat.
1279 2632 1299 2666 ι
1374 2613 1521 2668 Idem
1602 2613 1668 2667 ad
1728 2611 2056 2680 Gregorium

479 2706 699 2759 fratrem
764 2705 995 2775 epistola
1028 2744 1043 2769 ,
1101 2705 1262 2775 cujus
1324 2703 1704 2775 principium,
1775 2725 1793 2757 ι
1826 2704 2061 2770 Quando

477 2797 727 2867 plerique
751 2812 1048 2851 commune
1080 2796 1335 2849 essentia:
1368 2796 1422 2849 in
1455 2795 1676 2850 arcanis
1707 2794 2062 2866 dogmatibus

479 2907 586 2944 non
612 2892 963 2959 dignoseunt,
1002 2906 1020 2939 ›
1058 2888 1285 2942 scribit:
1325 2905 1342 2938 ι
1383 2887 1483 2953 Qui
1517 2886 1780 2956 Spiritum
1815 2888 2061 2958 attraxit,

482 2998 578 3051 per
596 2996 722 3037 eum
744 2991 795 3034 et
816 2978 1015 3032 Filium
1036 2988 1089 3033 et
1113 2980 1329 3034 Patrem
1348 2978 1511 3032 simul
1532 2978 1778 3043 attraxit,
1796 2988 1849 3032 et
1868 2978 2065 3033 Filium

480 3090 610 3129 vere
660 3075 752 3143 qui
784 3072 1224 3142 apprelienderit,
1249 3070 1470 3124 habebit
1497 3072 1752 3126 eumdem
1780 3073 2062 3142 utrinque,

2139 584 2299 638 μασι,
2330 566 2426 621 καὶ
2455 568 2753 637 ἀξιώμασι,
2784 565 2877 620 καὶ
2899 564 3143 635 ἀριθμῳ,
3169 563 3263 617 καὶ
3297 567 3411 627 τοῖς
3435 562 3721 626 τοιούτοις.

2137 661 2358 713 Τούτων
2392 659 2576 713 τοίνυν
2626 658 2687 712 τί,
2731 657 3003 730 πρότερον
3048 656 3517 725 ἀποκρυψάμενος
3548 655 3716 708 Εὐνό-

2138 770 2281 824 μιος,
2344 752 2441 806 τοῦ
2496 752 2749 824 δευτέρου
2779 753 2954 814 εἴδους
2992 752 3091 821 τῆς
3147 750 3354 817 τάξεως
3378 746 3724 819 ἐπεμνήσθη,

2137 847 2231 899 καί
2252 862 2385 917 φησι
2410 844 2487 916 μὴ
2515 834 2715 915 χρῆναι
2768 844 2949 911 λέγειν
2986 844 3080 896 ἐπὶ
3112 842 3248 897 Θεοῦ
3282 839 3460 908 τάξιν,
3490 842 3725 908 ἐπείπερ

2137 939 2355 1010 ὴτάξις
2414 939 2645 1008 δευτέρα
2695 935 2793 990 τοῦ
2843 936 3154 998 τάττοντος.
3228 934 3438 988 Ἐκεῖνο
3478 932 3536 987 δὲ
3579 931 3613 1001 ἢ
3663 932 3727 985 οὐ

2141 1029 2472 1102 σύνοιδεν,ῆ
2526 1029 2669 1084 ἑκὼν
2725 1028 3111 1099 ἀπεκρύψατο,
3163 1028 3245 1082 ὅτι
3281 1028 3399 1081 ἔστι
3425 1045 3478 1080 τι
3524 1025 3732 1090 τάξεως

2142 1120 2310 1187 εἶδος,
2334 1124 2435 1176 οὐκ
2462 1126 2526 1176 ὲκ
2552 1114 2654 1193 τῆς
2678 1122 2811 1192 παρ’
2863 1121 3025 1191 ἡμῶν
3059 1120 3265 1182 θέσεως
3313 1120 3729 1187 συνιστάμενον,

2142 1215 2261 1269 ἀλλ’
2297 1217 2433 1286 αὐτῇ
2470 1217 2536 1287 τῇ
2564 1216 2709 1267 κατά
2755 1214 2921 1283 φύσιν
2952 1211 3246 1283 ἀκολουθίᾳ
3295 1208 3619 1280 συμϐαῖνον,
3655 1208 3732 1270 ὡς

2140 1308 2219 1378 τῷ
2249 1309 2386 1379 πυρὶ
2416 1309 2553 1378 πρὸς
2585 1309 2647 1360 τὸ
2668 1306 2813 1375 ’φῶς
2839 1308 2955 1360 ἐστι
2983 1306 3046 1358 τὸ
3083 1304 3145 1369 ὲξ
3184 1303 3353 1356 αὐτοῦ
3376 1321 3393 1335 ·
3434 1304 3492 1355 ὲν
3522 1301 3737 1363 τούτοις

2145 1406 2254 1473 γάρ
2290 1401 2557 1471 πρότερον
2582 1400 2645 1453 τὸ
2686 1400 2863 1454 αἴτιτν
2895 1400 3151 1468 λέγομενο
3187 1397 3443 1466 δεύτερον
3473 1393 3531 1447 δὲ
3553 1394 3612 1445 τὸ
3640 1390 3739 1445 ἀπ’

2148 1494 2429 1558 αὖτοῦ,ὀὺ
2457 1494 2794 1564 διαστήματι
2822 1494 3159 1563 χωρίζοντες
3186 1490 3284 1544 ἀπ’
3305 1486 3550 1557 ἀλλήλων
3600 1481 3742 1536 ταῦ-

2145 1603 2236 1649 τα,
2263 1585 2399 1640 ἀλλὰ
2437 1584 2514 1653 τῷ
2557 1582 2808 1653 λογισμῷ
2856 1582 2951 1636 τοῦ
2989 1581 3235 1635 αἰτιατοῦ
3271 1576 3739 1649 προεπινοοῦντες

2146 1681 2207 1732 τὸ
2238 1680 2432 1731 αἴτιον.
2496 1676 2621 1739 Πῶς
2653 1671 2748 1729 οὖν
2804 1673 3035 1741 εὔλογον
3089 1672 3375 1744 ἀρνεῖσθαι
3410 1672 3511 1738 τὴν
3558 1664 3742 1735 τάξιν,

2151 1774 2237 1844 ἐφ’
2262 1768 2336 1826 ὦν
2382 1777 2498 1827 ἐστι
2530 1770 2747 1844 πρῶτον
2786 1771 2881 1824 καὶ
2905 1769 3164 1840 δεύτερον
3202 1769 3263 1821 ού
3296 1767 3441 1820 κατά
3464 1765 3565 1835 τὴν
3599 1764 3744 1833 ἡμε-

2152 1869 2317 1938 τέραν
2348 1864 2653 1931 θέσιν,ἀλλ’
2686 1867 2752 1918 ὲκ
2779 1864 2882 1933 τῆς
2908 1862 3054 1917 κατά
3076 1861 3242 1931 φύσιν
3273 1860 3462 1923 αὐτοῖς
3489 1861 3739 1927 ἐνυπαρ-

2150 1960 2356 2030 χούσης
2407 1957 2771 2021 ἁκολουθίαςς
2833 1954 2992 2017 Τίνος
3047 1954 3143 2009 οῦν
3204 1954 3394 2007 ἕνεκεν
3436 1950 3621 2006 ἀθετεῖ
3641 1949 3745 2019 τὴν

2152 2050 2308 2116 τάξιν
2345 2047 2830 2118 λαμϐάνεσθαιὲπὶ
2860 2045 3032 2113 Θεοῦ;
3077 2046 3346 2111 Ἥγείται,
3370 2045 3419 2097 εί
3452 2040 3744 2107 ἐπιδείξειε

2158 2143 2298 2214 μηόα
2311 2142 2427 2211 μῶς
2445 2140 2619 2203 ἄλλως
2637 2140 2697 2193 τὸ
2716 2140 2984 2210 πρότερον
2999 2138 3094 2191 ἐπὶ
3115 2134 3254 2191 Θεοῦ
3277 2135 3540 2195 νοεῖσθαι,
3560 2130 3749 2185 λειπόο
3786 2118 3796 2125 “

2159 2252 2320 2305 μενον
2343 2234 2485 2301 ἕξειν
2516 2231 2637 2286 κατ’
2662 2232 2836 2301 αὐτὴν
2856 2232 2959 2303 τὴν
2981 2230 3175 2284 οὐσίαν
3200 2232 3300 2298 τὴν
3323 2225 3599 2297 ὑπεροχὴν
3623 2225 3749 2277 ἑπι-

2155 2327 2493 2385 δείκνυσθαι.
2531 2325 2733 2395 Ἡμεῖς
2762 2323 2817 2378 δὲ
2841 2323 2984 2376 κατά
3014 2323 3114 2393 μὲν
3131 2321 3232 2391 τὴν
3257 2319 3368 2373 τῶν
3398 2320 3587 2371 αἰτίων
3608 2315 3751 2385 πρὸς

2156 2423 2227 2475 τὰ
2246 2420 2306 2486 ἐξ
2335 2419 2518 2474 αὐτῶν
2548 2420 2757 2489 σχέσιν,
2802 2416 3176 2487 προτετάχθαι
3202 2413 3296 2468 τοῦ
3329 2411 3463 2466 Υίοῦ
3501 2411 3595 2463 τὸν
3638 2406 3751 2463 [ἰα-

2157 2517 2295 2584 τέρα
2337 2514 2539 2583 φαμὲν,
2593 2511 2736 2564 κατὰ
2784 2508 2839 2564 δὲ
2894 2511 2995 2580 τὴν
3046 2509 3147 2578 τῆς
3199 2506 3418 2576 φύσεως
3481 2502 3752 2572 διαφοράν

2158 2605 2371 2671 οὐκέτι,
2407 2606 2529 2658 οὐδὲ
2554 2604 2696 2657 κατά
2711 2600 2819 2675 ’τὴν
2844 2600 2939 2655 τοῦ
2986 2601 3181 2672 χρόνον
3216 2597 3513 2669 ὑπεροχὴνο
3545 2596 3581 2667 ἡ
3607 2594 3753 2648 οὕτω

2161 2717 2227 2768 γε
2256 2698 2353 2752 καὶ
2394 2697 2526 2750 αὐτὸ
2554 2695 2617 2748 τὸ
2651 2695 2873 2765 Πατέρα
2917 2689 3060 2746 εἶναι
3095 2693 3186 2746 τὸν
3225 2692 3357 2744 Θεὸν
3384 2689 3753 2757 ἀθετήσομεν,

2162 2793 2264 2861 τῆς
2290 2788 2435 2843 κατά
2485 2788 2586 2859 τὴν
2650 2786 2845 2841 οὐσίαν
2918 2785 3337 2855 ἀλλοτριότητος
3366 2782 3465 2853 τὴν
3515 2779 3753 2851 φυσικὴν

2167 2882 2469 2952 συνάφειαν
2490 2880 2811 2950 ἀθετούσης.
2828 2896 2847 2931 ι
2892 2875 2951 2931 Ὀ
2970 2877 3131 2940 αὐτὸς
3158 2879 3216 2930 ὲν
3239 2880 3304 2947 τῇ
3325 2877 3461 2946 πρὸς
3488 2873 3580 2928 τὸν
3610 2872 3754 2943 Γρη-

2167 2976 2355 3043 γὸριον
2380 2974 2474 3024 τὸν
2514 2970 2747 3039 ἀδελφὸν
2783 2969 3065 3039 ἐπιστολῇ,
3099 2964 3166 3040 ἦς
3192 2970 3225 3038 ἡ
3257 2966 3402 3038 ἀρχὴ
3425 3004 3441 3030 ,
3473 2982 3492 3017 ι
3533 2960 3755 3033 Ἐπειδὴ

2170 3065 2357 3119 πολλοὶ
2378 3065 2441 3117 τὸ
2471 3064 2650 3116 κοινὸν
2671 3064 2771 3127 τῆς
2801 3062 2989 3125 οὐσίας
3020 3061 3114 3114 ἐπὶ
3152 3061 3261 3114 τῶν
3297 3059 3584 3131 μυστικῶν
3634 3055 3757 3125 δογ-

482 3168 610 3223 ltinc
653 3167 800 3221 illius
833 3163 1074 3230 Patrem,
1116 3165 1246 3219 hinc
1276 3163 1541 3233 Spiritum
1568 3172 1820 3219 sanctum
1858 3165 2061 3220 condu-

2173 3159 2360 3229 μάτων
2391 3158 2465 3228 μὴ
2494 3155 2887 3237 διακρίνοντες,
2931 3155 3120 3225 φησὶν,
3161 3154 3220 3207 '0
3247 3153 3307 3206 τὸ
3339 3152 3565 3221 Πνεῦμα
3594 3148 3757 3203 uxo-

480 3271 653 3314 ctum.
678 3258 863 3328 Neque
885 3258 1030 3311 enim
1057 3259 1138 3311 vel
1162 3257 1405 3311 scissura
1434 3256 1615 3326 aliqua
1641 3256 1753 3310 ullo
1775 3267 1956 3325 pacto,
1981 3258 2068 3311 vel

483 3355 685 3408 divisio
744 3352 1109 3423 exrogilauda
1159 3360 1279 3415 est,
1330 3360 1420 3413 ut,
1480 3361 1578 3405 aut
1637 3348 1808 3406 Filius
1860 3352 2070 3421 absque

483 3448 647 3502 Patre
673 3445 1032 3514 intelligatur,
1058 3453 1155 3498 aut
1182 3442 1419 3513 Spiritus
1450 3460 1479 3498 a
1530 3443 1669 3497 Filio
1703 3455 2006 3512 separetur.
2046 3463 2065 3497 ι

483 3536 597 3591 Hac
656 3538 890 3600 ratione,
940 3545 995 3590 et
1049 3551 1080 3589 a
1137 3536 1413 3591 similibus
1469 3536 1706 3591 testibus
1761 3537 1953 3590 ordine
2000 3537 2068 3591 'in

476 3627 687 3683 Triade
739 3628 1136 3697 comprobato,
1205 3628 1485 3697 quomodo
1546 3629 1758 3696 absque
1817 3630 2068 3698 periculo

475 3721 792 3790 intelligere
823 3719 1323 3789 deprchendemur,
1354 3720 1445 3788 qui
1489 3720 1683 3773 dicunt
1710 3739 1724 3775 :
1749 3705 1883 3787 Qua:
1933 3722 2073 3775 ratio

474 3822 613 3876 est,
670 3815 818 3870 inttr
870 3827 1035 3883 super
1101 3827 1321 3866 omnem
1377 3813 1626 3866 ordinem
1695 3813 2075 3869 cousideratas

472 3904 706 3960 “'l‘riadis
744 3905 1091 3975 byposlases,
1124 3902 1247 3956 Filii
1281 3902 1619 3972 liypos'lasim
1662 3904 1896 3958 mediam
1933 3904 2076 3958 inter

476 3998 705 4053 [Patrem
759 4006 816 4050 et
858 3996 1121 4065 Spiritum
1160 3996 1453 4059 atlirmare,
1484 3996 1644 4065 quasi
1694 3996 1766 4049 ibi
1801 3997 1937 4050 ordo
1980 4011 2077 4065 per

493 4091 602 4146 vim
657 4085 1143 4142 introduceretur?
1194 4085 1300 4139 Sed
1360 4086 1514 4149 illud,
1542 4102 1636 4155 per
1686 4084 1914 4152 Filium,
1967 4103 2076 4142 non

490 4182 694 4238 inferre
727 4182 1074 4246 relationem,
1110 4189 1166 4234 ut
1195 4179 1447 4233 nonnulli
1476 4179 1820 4242 existimant,
1871 4195 2075 4235 conse-

490 4276 681 4344 quitur
714 4288 782 4326 cx
842 4268 1149 4340 Scripturis
1193 4270 1484 4339 redargui;
1522 4279 1579 4324 et
1631 4270 1845 4325 abunde
1894 4274 2081 4325 redar-

493 4365 586 4435 gui
622 4365 725 4417 hac
754 4361 996 4417 dictione
1022 4377 1140 4427 eos,
1174 4361 1270 4432 qui
1307 4361 1625 4417 immediate
1662 4362 1981 4432 opinantur,
2014 4378 2081 4419 ex

486 4460 652 4515 Patre
699 4475 825 4515 esse
875 4458 1192 4528 Spiritum:
1225 4473 1328 4512 nec
1387 4473 1496 4513 non
1554 4458 1828 4523 ordinem,
1872 4462 1964 4529 qui
2021 4461 2074 4515 in

2174 3267 2274 3315 σας
2321 3252 2390 3305 δι’
2430 3248 2599 3304 αὑτοῦ
2657 3250 2755 3303 καὶ
2802 3249 2893 3304 τὸν
2946 3249 3073 3303 Υἱὸν
3127 3248 3222 3301 καὶ
3262 3247 3354 3301 τὸν
3377 3246 3598 3313 Πατέρα
3636 3262 3756 3297 συνο

2144 3336 2533 3415 εφελκύσατο·
2575 3343 2669 3397 καὶ
2706 3343 2798 3396 τὸν
2835 3342 2962 3395 Υἱὸν
2989 3341 3208 3412 ἀληθῶς
3263 3341 3413 3402 ὅστις
3444 3335 3608 3410 λάϐῃ,
3647 3338 3760 3402 ἔξει

2174 3440 2341 3494 αὑτὸν
2387 3436 2755 3507 ἑκατέρωθεν,
2786 3436 2862 3506 πῆ
2910 3435 3007 3506 μὲν
3032 3437 3124 3488 τὸν
3174 3432 3370 3487 ἑαυτοῦ
3398 3433 3645 3503 Πατέρα,
3683 3433 3762 3489 πῆ

2173 3531 2230 3585 δὲ
2272 3533 2334 3585 τὸ
2384 3533 2517 3586 ἴδιον
2550 3532 2791 3598 ’Πνεῦμα
2844 3529 3305 3598 συνεπαγόμενον.
3348 3528 3424 3581 Οὐ
3460 3526 3570 3596 γὰρ
3612 3527 3762 3579 ἔστιν

2174 3626 2465 3695 ἐπινοῆσαι
2494 3623 2726 3697 τομὴνῆ
2763 3623 3055 3693 διαίρεσιν,
3081 3622 3156 3685 ὡς
3191 3621 3224 3691 ἢ
3260 3620 3393 3674 Υἱὸν
3447 3624 3619 3691 χωρὶς
3651 3622 3736 3672 [lat

2174 3720 2303 3788 τρὸς
2332 3718 2614 3787 νοηθῆναι,
2641 3716 2673 3787 ἢ
2699 3718 2759 3769 τὸ
2788 3715 3014 3785 Πνεῦμα
3038 3714 3132 3769 τοῦ
3166 3713 3297 3769 Υῐοῦ
3319 3712 3759 3783 διαζευχθῆναι.»

2178 3809 2337 3863 Οὕτω
2374 3813 2469 3862 καὶ
2535 3810 2689 3874 παρὰ
2747 3808 3007 3861 τοιούτων
3073 3807 3372 3879 μαρτύρων
3429 3810 3530 3878 τῆς
3577 3808 3765 3876 ὲπίτῇ

2177 3902 2374 3973 Τριάδι
2420 3898 2632 3965 τάξεως
2696 3900 3118 3971 συνισταμένης,
3150 3900 3265 3963 πῶς
3314 3901 3415 3953 οὐκ
3445 3898 3766 3968 ἐπισφαλῶς

2179 3998 2323 4049 νοεῖν
2341 3995 2763 4066 ἐλεγχθήσονται
2789 3995 2839 4049 οἱ
2870 3995 3144 4064 λέγοντες,
3186 3995 3285 4057 Τίς
3318 3995 3347 4047 ὁ
3379 3993 3540 4062 λόγος
3563 3994 3620 4045 ὲν
3650 3992 3768 4055 τοῖς

2182 4088 2322 4159 ὑπὲρ
2361 4089 2545 4141 πᾶσαν
2606 4086 2762 4152 τὰξν
2811 4087 3221 4157 θεωρουμέναις
3284 4086 3619 4140 ὑποστάσεσι
3666 4084 3769 4154 τῆς

2182 4180 2433 4249 Τριάδος,
2456 4181 2558 4251 τὴν
2579 4177 2675 4232 τοῦ
2729 4177 2862 4232 Υἱοῦ
2896 4179 3198 4232 ὑπόστασιν
3237 4180 3401 4249 μέσον
3434 4178 3767 4250 Πατρδςκλλ

2185 4274 2506 4345 Πνεύματος
2581 4272 2817 4342 λέγειν,
2867 4270 2943 4334 ὡς
3002 4270 3538 4344 κατηναγκασμένης
3592 4272 3769 4323 ἐκεῖσε

2184 4367 2351 4438 οὔσης
2386 4348 2484 4440 τῆς
2527 4367 2737 4432 τάξεως
2772 4384 2789 4435 ;
2835 4365 2979 4419 Ἀλλ’
3034 4367 3117 4421 ὅτι
3174 4368 3275 4438 μὶν
3306 4366 3367 4421 τὸ
3389 4366 3464 4419 δι’
3507 4363 3644 4420 Υἱοῦ
3672 4366 3770 4418 οὐκ

2188 4460 2285 4513 ἐπὶ
2338 4461 2588 4533 σημασῐα
2629 4460 2892 4530 σχέσεως,
2927 4459 3004 4523 ὦς
3031 4477 3178 4525 τινες
3203 4461 3432 4525 οἴονται,
3479 4459 3774 4531 παραλαμ-

475 4552 691 4606 "l‘riade
735 4561 844 4613 est,
898 4551 1001 4606 hac
1051 4566 1187 4606 voce
1233 4550 1609 4622 comprobari,
1664 4551 1800 4606 satis
1848 4566 1914 4608 ex
1958 4552 2061 4622 jam

2180 4530 2425 4608 6dvetati
2466 4554 2589 4616 ταῖς
2634 4552 2900 4623 Γραφαῖς,
2963 4553 3061 4606 καὶ
3106 4553 3189 4607 ὅτι
3239 4553 3463 4623 ἔλεγχον
3522 4530 3709 4606 ἱκανὸν
3738 4555 3774 4624 ὴ

477 4644 675 4700 allatis
706 4645 1147 4698 demonstratum
1179 4653 1284 4698 est.

2179 4646 2408 4715 τοιαύτη
2432 4646 2658 4700 δύναται
2704 4644 2849 4711 λέξις
2877 4644 2986 4700 τῶν
3038 4645 3263 4717 ἀμέσως
3285 4644 3550 4717 οἰομένων
3569 4647 3634 4700 ὲκ
3657 4646 3776 4697 Πα-

478 4736 626 4808 «pb;
650 4733 865 4788 εἶναιτὸ
902 4733 1148 4804 Πνεῦμα,
1195 4734 1289 4787 καὶ
1336 4736 1424 4787 ὅτι
1462 4736 1763 4807 συστατική
1812 4736 1898 4800 τίς
1957 4738 2077 4792 ἐστι
2114 4737 2217 4810 τῆς
2279 4741 2336 4794 ὲν
2371 4741 2439 4810 τῇ
2470 4738 2667 4810 Τριάδι
2722 4738 2932 4802 τάξεως
2990 4739 3026 4810 ὴ
3053 4738 3206 4810 φωνὴ
3246 4737 3412 4810 αὕτη,
3454 4738 3777 4811 ἀρκούντως

486 4829 612 4891 τοῖς
642 4827 953 4899 εἰρημένοις
999 4827 1099 4898 ἤδη
1122 4827 1584 4883 ὲναποδέδεικται.

568 4920 669 4974 24.
720 4920 893 4973 Porro
941 4920 1231 4989 inquibus
1262 4922 1367 4973 Per
1413 4922 1766 4978 essentialem
1812 4923 2086 4979 exsisten—

496 5013 632 5070 tiam
684 5021 859 5077 notat,
901 5011 972 5066 ita
1017 5026 1137 5066 eam
1184 5012 1381 5081 accipi,
1437 5022 1498 5068 ut
1543 5014 1627 5068 Ex
1674 5016 2083 5085 praepositionis

496 5104 648 5158 sine
676 5111 947 5173 exaequet,
987 5103 1149 5157 etiam
1185 5120 1252 5159 ex
1278 5106 1407 5169 illis,
1440 5121 1563 5174 qua:
1589 5107 1917 5161 naturaliter
1949 5110 2085 5162 liunt

498 5207 956 5266 comparentque,
998 5209 1388 5267 cognoscetur.
1439 5199 1517 5255 Ex
1574 5199 1762 5255 radice
1809 5178 2080 5268 siquidem

502 5306 603 5361 per
630 5302 837 5343 ramum
865 5300 1174 5344 astruentes
1202 5290 1464 5353 fructum,
1498 5290 1631 5361 quid
1658 5291 1804 5346 aliud
1838 5291 2082 5359 agimus,

502 5396 672 5451 quam
704 5396 828 5434 eum
857 5395 923 5435 ex
974 5396 1130 5435 ramo
1172 5384 1573 5438 enuntiamus?
1603 5384 1669 5438 Et
1701 5399 1767 5438 ex
1801 5384 1962 5439 oculo
1992 5399 2093 5454 per

499 5475 705 5530 fontem
765 5473 992 5529 ﬂuvium
1044 5475 1325 5541 dicentes,
1388 5478 1518 5548 quid
1576 5477 1727 5532 aliud
1786 5492 1951 5547 quam
2013 5491 2081 5531 ex

503 5568 657 5623 fonte
684 5568 1022 5624 asserimus?
1067 5568 1173 5624 Sed
1194 5582 1350 5623 ‘sunt
1382 5578 1643 5639 praeterea
1677 5569 1793 5632 alii,
1830 5569 1923 5639 qui
1958 5583 2089 5622 con-

502 5661 756 5723 tendunt,
787 5675 914 5716 esse
959 5660 1223 5731 Spiritum
1270 5675 1338 5716 ex
1381 5662 1542 5716 Patre
1583 5671 1638 5716 et
1668 5660 1831 5725 I'iiio,
1871 5677 1979 5716 non
2012 5659 2092 5716 af-

505 5753 716 5809 lirmari
752 5768 819 5809 ex
872 5753 1150 5817 Patribus,
1205 5755 1354 5821 quod
1404 5753 1772 5810 essentialiter
1801 5755 1951 5809 inter
1988 5752 2092 5809 Pa-

509 5856 647 5903 trem
704 5855 760 5902 et
816 5844 1081 5920 Spiritum
1146 5845 1348 5921 mediet
1406 5845 1609 5915 Filius,
1667 5850 1760 5905 sed
1816 5847 1961 5920 quod
2018 5849 2091 5907 sit

2268 4917 2367 4974 κδ’.
2433 4919 2558 4973 Ὅτι
2604 4918 2662 4972 δὲ
2697 4918 2784 4988 ἐφ’
2813 4913 2894 4983 οἷς
2944 4919 2978 4989 ὴ
3009 4917 3111 4972 διὰ
3174 4918 3411 4989 δήλωσιν
3478 4917 3778 4985 οὐσιὼδους

2188 5010 2482 5081 ὑπάρξεως
2543 5012 2656 5081 ἔχει
2689 5055 2704 5079 ,
2766 5013 2846 5075 είς
2899 5012 2961 5065 τὸ
3025 5013 3125 5083 τῆς
3165 5011 3244 5065 ἐκ
3283 5011 3780 5083 παραλαμὸἀνεται

2197 5105 2544 5173 ίσοόύναμον,
2590 5107 2686 5156 καὶ
2716 5106 2824 5158 ἀπὸ
2861 5104 2975 5158 τῶν
3028 5103 3274 5174 φυσικῶς
3330 5106 3638 5174 γινομένων
3684 5107 3779 5159 καὶ

2189 5199 2533 5269 φαινομένων
2560 5199 2961 5269 γνωσθήσεται.
2997 5196 3092 5251 Ἐκ
3120 5197 3219 5267 τῆς
3249 5197 3407 5270 ῥίζης
3438 5198 3650 5269 γάρδιά
3680 5199 3778 5254 τοῦ

2194 5290 2393 5345 κλάδου
2425 5291 2679 5360 λέγοντες
2722 5291 2816 5344 τὸν
2865 5291 3102 5359 καρπὸν,
3162 5291 3215 5344 τί
3246 5289 3377 5345 ἄλλο
3414 5293 3446 5364 ἢ
3480 5293 3561 5347 ὅτι
3592 5295 3656 5346 ὲκ
3683 5295 3780 5347 τοῦ

2197 5384 2396 5438 κλάδου
2436 5385 2601 5439 αὐτὸν
2673 5384 2907 5454 λέγομεν
2937 5401 2952 5449 ;
2986 5384 3098 5437 Καὶ
3151 5386 3216 5437 ὲκ
3260 5383 3357 5438 τοῦ
3379 5385 3661 5455 ὀφθαλμοῦ
3692 5387 3784 5441 διὰ

2193 5480 2291 5547 τῆς
2343 5479 2527 5546 πηγῆς
2560 5477 2653 5531 τὸν
2711 5476 2961 5545 ποταμὸν
2987 5475 3263 5544 λέγοντες,
3284 5477 3334 5531 τί
3361 5477 3491 5531 ἄλλο
3521 5479 3554 5549 ἢ
3581 5480 3665 5533 ὃτι
3718 5482 3785 5531 ὲκ

2197 5571 2295 5638 τῆς
2343 5570 2527 5640 πηγῆς
2558 5570 2724 5625 αὑτὸν
2758 5569 3043 5637 λέγομεν;
3095 5567 3239 5623 Ἀλλ’
3275 5570 3384 5623 εἰσί
3406 5587 3551 5634 τινες
3580 5572 3785 5643 ἕτεροι,

2195 5663 2244 5715 οἳ
2274 5664 2493 5730 λέγουσι
2518 5662 2577 5714 τὸ
2606 5657 2748 5714 εἶναι
2774 5662 2834 5715 τὸ
2864 5660 3094 5733 Πνεῦμα
3113 5664 3179 5717 ἐκ
3204 5664 3419 5733 Πατρδς
3448 5666 3516 5717 δι’
3549 5664 3684 5719 Υἰοῦ
3706 5666 3785 5739 μὴ

2197 5756 2453 5847 λέγεσθαι
2511 5754 2665 5823 παρά
2719 5753 2831 5807 τῶν
2878 5754 3049 5823 ἀγίων
3079 5754 3167 5811 διὰ
3201 5757 3263 5809 τὸ
3302 5754 3601 5834 ούσιωδῶς
3627 5774 3788 5827 μεσι-

2204 5849 2382 5908 τεύειν
2445 5848 2624 5921 Πατρὶ
2689 5848 2785 5903 καὶ
2823 5847 3107 5922 Πνιύματι
3137 5850 3229 5904 τὸν
3261 5848 3412 5919 Υίὸν,
3439 5849 3573 5907 ἀλλὰ
3606 5851 3697 5909 διὰ
3723 5853 3785 5910 τὸ
