4058 6412
359 370 428 432 59
778 324 783 327 ’
1451 357 1550 419 οε
1591 351 1946 416 cuream

2050 350 2471 413 ILESIARUM.
3528 351 3600 412 το

356 478 581 535 dwarf:
610 476 835 547 Πνεῦμα
887 477 1007 547 ἅμα
1052 474 1165 543 Υίῷ
1194 476 1258 525 ἐκ
1292 470 1527 542 Πατρός.
1586 468 1649 521 Εἰ
1681 466 1791 536 γὰρ
1851 464 1929 534 μὴ

2050 462 2273 529 Spiritus
2297 462 2458 517 simul
2488 477 2612 515 cu.n
2648 460 2784 515 Filio
2816 477 2880 516 ex
2908 462 3085 517 Patre.
3114 458 3389 532 Namque,
3419 463 3595 528 aiunt,

357 572 498 641 πρὸς
519 570 732 623 ἔννοιαν
757 570 860 638 τῇς
897 566 991 621 τοῦ
1022 566 1137 637 ἅμα
1181 563 1483 635 σημασίας,
1535 560 1724 628 φασιν,
1765 557 1927 626 ἐκλη-

356 663 629 737 φθήσεται
680 660 741 713 τὸ
767 659 843 713 δι’
881 659 1040 717 Tim").
1090 658 1281 727 χρόνος
1305 657 1362 708 ὲν
1389 656 1454 723 τῇ
1514 656 1578 704 ἐκ
1625 648 1932 721 Πατρὸςδι⁹

358 752 494 805 Υίοῦ
528 750 856 821 ἐκπορεύσει
889 750 982 802 τοῦ
1020 748 1338 815 Πνεύματος
1366 744 1716 814 νοηϐήσεται.
1756 742 1928 812 Keil)

359 845 594 912 εὐσεϐὴς
639 843 893 898 ἐντεῦθεν
920 841 1380 911 ὲμποδισθήσεται
1420 838 1620 890 ἔννοια.
1649 836 1931 906 Πρόσσχες

356 936 519 1004 γοῦν,
546 935 823 1003 ἀγαπητὲ,
881 928 964 996 οἷς
1003 934 1251 1002 καὶπρὸς
1299 935 1458 983 τοῦτο
1487 930 1742 1000 ἐροῦμεν.
1777 929 1931 997 ’Δμα

359 1028 463 1097 μὲν
494 1023 636 1079 εἶναι
668 1026 801 1078 Υίὸν
830 1026 925 1094 καὶ
962 1026 1183 1093 Πνεῦμα
1215 1028 1280 1077 ὲκ
1309 1023 1403 1077 τοῦ
1446 1024 1660 1093 [ἰατρὸς
1693 1023 1775 1086 τίς
1808 1025 1934 1076 ἀντ-

355 1122 499 1188 ερεῖ,
546 1119 594 1170 εί
632 1116 872 1187 μὴκατὰ
902 1117 995 1185 τῆς
1030 1116 1315 1178 εὐσεϐείας
1346 1115 1556 1185 μέμηνε
1585 1116 1879 1196 προφανῶς
1911 1131 1927 1181 ;

359 1213 422 1265 οὐ
445 1211 538 1263 διὰ
582 1209 741 1262 τοῦτο
766 1209 822 1261 δὲ
860 1209 920 1262 τὸ
949 1208 1018 1261 δι’
1052 1208 1179 1261 Υἰοῦ
1208 1211 1269 1261 ἐκ
1298 1210 1391 1263 τοῦ
1445 1210 1655 1277 Πατρὸς
1685 1205 1824 1263 εἶναι
1872 1211 1933 1261 τὸ

258 1314 269 1364 ζ
360 1304 590 1373 Πνεῦμα
654 1306 769 1367 τοῖς
819 1302 1131 1368 Θεολογοῦσι
1179 1304 1584 1373 τεοεολόγηται,
1640 1303 1754 1357 ἀλλ’
1786 1305 1930 1374 ἴναή

262 1408 266 1421 ·
357 1394 631 1463 οὐσιὼδης
654 1394 910 1462 μεσιτεία
949 1393 1072 1446 Υἱοῦ
1100 1395 1193 1446 ἐπὶ
1213 1397 1279 1464 τῇ
1313 1395 1377 1446 ἐκ
1428 1394 1642 1463 Πατρδς
1666 1392 1735 1446 δι’
1801 1392 1931 1446 Υἱοῦ

358 1484 596 1556 ὑπάρξει
626 1482 722 1535 τοῦ
757 1484 1076 1553 Πνεύματος
1106 1484 1218 1545 τοῖς
1275 1484 1526 1536 εὐσεϐέσι
1585 1484 1929 1553 πιστεῦηται.

359 1578 426 1629 Ol.
452 1576 511 1629 δὲ
538 1577 736 1645 χρόνου
767 1573 1010 1644 ἔμφασιν
1035 1577 1093 1627 ἐν
1117 1578 1183 1645 τῇ
1208 1573 1283 1628 δι’
1328 1576 1464 1629 Υἱοῦ
1492 1579 1642 1644 φωνῇ
1676 1576 1932 1637 δεδιότες,

361 1670 457 1722 καὶ
503 1670 717 1721 ἔννοιαν
745 1667 847 1737 τῆς
874 1666 967 1720 τοῦ
991 1666 1109 1736 ἅμα
1146 1667 1422 1737 σημασίας
1452 1667 1622 1737 αὐτὴν
1653 1668 1933 1737 ἐκλαμϐά-

364 1776 561 1823 νοντες,
604 1761 679 1821 ὡς
711 1759 778 1813 ἂν
820 1761 997 1829 μήτ;ς
1023 1760 1359 1829 ἐμποδισμὸς
1394 1760 1646 1812 ἐντεῦθεν
1677 1762 1742 1829 τῇ
1780 1762 1934 1813 εὐσε-

2031 555 2078 608 si
2106 554 2236 607 illud
2265 569 2356 622 per
2392 552 2596 607 Filium
2646 554 2700 606 iu
2735 555 2828 607 illo
2872 552 3180 619 signiﬁcatu
3226 540 3334 607 non
3366 556 3603 623 accipia-

2034 651 2143 707 tur,
2176 654 2388 713 tempus
2432 644 2486 697 in
2521 645 2873 714 precessione
2921 643 3157 713 Spiritus
3205 659 3271 698 ex
3314 644 3474 697 Patre
3505 660 3601 712 per

2032 736 2228 790 Filium
2278 739 2674 805 interponetnr,
2729 746 2783 790 et
2813 738 2934 806 pius
2988 736 3067 790 rei
3116 736 3427 791 intellectus
3475 736 3602 790 inde

2031 828 2438 883 amandabitur.
2463 828 2690 883 Intende
2719 830 2901 897 itaque
2929 828 3196 891 animum,
3222 827 3597 889 dilectissime,

2031 920 2101 974 ad
2153 935 2240 987 ea,
2291 935 2414 989 qua:
2460 920 2661 973 dicturi
2707 934 2920 973 sumus.
2972 916 3088 974 Una
3136 933 3257 971 esse
3309 916 3510 969 Filium
3549 926 3604 971 et

2035 1012 2305 1078 Spiritum
2358 1024 2426 1063 ex
2479 1009 2660 1073 Patre,
2711 1011 2834 1076 quis
2882 1008 3120 1075 negabit,
3179 1008 3281 1062 nisi
3336 1008 3604 1061 adversus

2034 1102 2290 1168 pietatem
2340 1099 2518 1167 palam
2571 1098 2836 1152 insaniit?
2886 1098 2990 1151 Sed
3041 1114 3149 1150 non
3188 1105 3474 1164 propterea
3506 1112 3602 1164 per

2020 1188 2232 1246 'Filium
2264 1207 2331 1246 ex
2363 1190 2524 1245 Patre
2543 1206 2664 1245 esse
2691 1189 2984 1257 Spiritum,
3022 1189 3116 1258 qui
3146 1204 3233 1243 res
3267 1189 3604 1258 theologicas

2035 1289 2438 1348 pertractarunt
2478 1290 2901 1339 asseverarunt;
2936 1280 3030 1333 sed
3067 1288 3123 1332 ut
3155 1279 3463 1333 essentialis
3488 1276 3608 1333 tne-

2032 1375 2204 1428 diatio
2250 1372 2371 1426 Filii
2408 1376 2462 1426 in
2499 1373 2739 1440 Spiritus
2779 1387 2842 1426 ex
2878 1370 3041 1425 Patre
3089 1386 3184 1439 per
3216 1369 3417 1423 Filium
3463 1369 3610 1424 exsi-

2036 1466 2235 1519 stentia
2301 1466 2406 1533 piis
2474 1464 2798 1519 hominibus
2853 1462 3123 1518 credenda
3185 1470 3607 1530 proponeretur.

2037 1558 2140 1622 Qui
2174 1572 2302 1611 vero
2326 1558 2586 1626 temporis
2612 1556 3019 1625 expressionem
3055 1557 3108 1608 in
3140 1569 3267 1607 voce
3290 1570 3379 1621 per
3406 1552 3606 1604 Filium

2042 1650 2259 1710 timent,
2304 1658 2358 1701 et
2388 1649 2441 1701 in
2472 1647 2811 1700 intellectum
2845 1644 3262 1713 signiﬁcationis
3294 1642 3453 1696 simul
3486 1656 3608 1693 eam

2037 1741 2336 1808 accipiunt,
2370 1755 2437 1795 ne
2462 1740 2592 1808 quid
2630 1740 2756 1792 inde
2792 1737 3012 1806 pietatis
3040 1735 3490 1803 impedimentum
3529 1734 3613 1783 in»

373 1850 495 1919 ϐεὶᾳ
530 1852 926 1920 προσγένηται,
988 1852 1337 1905 ἁκουέτωσαν
1366 1852 1443 1913 ὡς
1468 1851 1671 1921 οὐδὲνὴ
1705 1852 1934 1921 εὐσεϐὴς

2050 1841 2323 1899 nascatur,
2370 1832 2618 1893 audiant,
2654 1830 2806 1883 nullo
2846 1830 3009 1881 modo
3038 1828 3183 1895 piam
3223 1824 3610 1893 cogitatimiem

365 1941 829 2012 ἐμποδισθήσεται
883 1944 1081 2006 ἔννοια,
1115 1947 1162 1997 εί
1215 1945 1332 2013 ἅμα
1356 1944 1431 2013 τῷ
1470 1944 1583 2013 Υίῷ
1611 1945 1674 1997 ὲκ
1697 1945 1931 2015 Πατρός,

361 2036 459 2089 καὶ
491 2038 543 2088 εί
583 2037 652 2090 δι’
683 2033 814 2087 Υἱοῦ
849 2036 915 2090 ἐκ
949 2036 1164 2105 Πατρὸς
1212 2035 1273 2089 τὸ
1310 2036 1534 2104 Πνεῦμά
1578 2038 1748 2091 ἐστιν.
1781 2038 1936 2089 Ἐπεὶ

361 2127 459 2178 καὶ
490 2127 520 2178 6
576 2127 702 2189 Υἱὸς
750 2124 867 2196 ἅμα
922 2126 1023 2196 μέν
1071 2130 1191 2179 ἐστι
1217 2125 1296 2196 τῷ
1358 2128 1556 2198 Πατρὶ,
1582 2128 1720 2180 ἀλλὰ
1750 2132 1846 2181 καὶ
1870 2130 1935 2180 ὲκ

358 2218 606 2287 Πατρὸς,
657 2217 751 2272 καὶ
797 2215 927 2271 οὔτε
968 2234 1054 2279 τις
1098 2218 1293 2287 χρόνον
1329 2219 1655 2288 προεπίνοια
1681 2220 1936 2272 ἐντεῦθεν

358 2309 691 2381 ἐμφαίνεται
724 2309 814 2363 διὰ
854 2310 916 2361 τὸ
959 2311 1050 2363 τὸν
1083 2311 1207 2363 Υίὸν
1266 2312 1681 2381 συνυπάρχοντα
1711 2313 1789 2383 τῷ
1825 2315 1938 2366 [Ια-

357 2404 476 2471 cpt,
506 2405 606 2454 καὶ
630 2402 750 2470 ἅμα
788 2403 964 2474 Ιιατρὶ
992 2401 1120 2456 ὄντα
1167 2397 1308 2457 εἶναι
1335 2406 1425 2457 καὶ
1454 2406 1519 2456 ὲκ
1549 2404 1780 2475 Ματρὸς,
1811 2406 1937 2458 οὔτε

357 2499 557 2560 τόπου,
590 2495 712 2549 οὔτε
746 2496 841 2550 τοῦ
878 2498 985 2550 τῶν
1016 2498 1193 2552 ἄλλων
1224 2500 1334 2551 τῶν
1357 2501 1456 2552 ὅσα
1493 2501 1586 2552 ἐπὶ
1633 2500 1756 2554 καθ’
1788 2502 1939 2570 ἡμᾶς

360 2589 558 2643 αίτίων
573 2591 665 2643 καὶ
691 2592 952 2644 αίτωτῶν
984 2593 1366 2663 ἀναφαίνεται.
1399 2594 1611 2662 Ὥσπερ
1658 2592 1791 2660 γοῦν
1818 2611 1941 2646 συν-

363 2682 630 2751 υπάρχων
658 2682 688 2733 6
716 2681 846 2746 Υἱὸς
871 2683 952 2754 τῷ
992 2684 1188 2753 Πατρὶ,
1252 2685 1348 2737 καὶ
1377 2684 1495 2754 ἅμα
1530 2683 1608 2753 τῷ
1642 2685 1814 2755 Πατρὶ
1839 2684 1937 2749 ὣν,

363 2772 581 2835 οὐδενὸς
610 2773 806 2843 χρόνου
833 2773 1044 2829 ἔννοιαν
1097 2776 1213 2846 ἔχει
1258 2778 1756 2846 προεπινοουμένην
1780 2779 1839 2830 ἐν
1865 2778 1942 2849 τῷ

361 2861 626 2932 λέγεσθαι
652 2866 717 2918 ὲκ
743 2867 978 2937 [ἰατρὸς.
1025 2866 1168 2920 οὕτω
1199 2869 1293 2920 καὶ
1317 2870 1378 2920 τὸ
1412 2868 1636 2938 Πνεῦμα
1681 2870 1797 2938 ἅμα
1831 2870 1942 2939 Υἰῷ

368 2954 634 3027 ὑπάρχων
656 2958 721 3008 ἐκ
768 2956 864 3007 τοῦ
919 2957 1131 3025 Πατρδς
1190 2957 1259 3011 δι’
1317 2957 1449 3012 Υἰοῦ
1499 2958 1717 3027 λέγεται
1777 2958 1942 3023 εἶναι,

366 3048 466 3101 καὶ
510 3047 693 3100 πᾶσαν
722 3046 980 3118 χρονικὴν
1006 3048 1379 3119 ἀποτρέπεται
1407 3049 1670 3119 ἔμφασιν.
1697 3049 1808 3103 Καὶ
1839 3049 1947 3104 πά.-

365 3138 472 3200 λιν,
502 3138 695 3209 ὥσπερ
727 3142 754 3193 6
803 3140 933 3205 Υίὸς
986 3142 1101 3210 ἅμα
1159 3144 1277 3195 ἐστὶ
1311 3142 1389 3213 τῷ

366 3233 781 3300 προεπινοεῖται
808 3236 835 3285 6
869 3232 1057 3304 Πατὴρ
1112 3235 1207 3286 τοῦ
1270 3234 1401 3289 Υἱοῦ
1431 3236 1508 3306 τῷ
1559 3236 1740 3307 αἰτίῳ,
1772 3238 1855 3290 ὅτι
1880 3237 1943 3289 ὲκ

364 3323 460 3375 τοῦ
489 3324 705 3393 Πατρὸς
740 3327 767 3378 ό
806 3325 955 3389 Υἱὸς,
1000 3326 1145 3381 οὕτω
1174 3330 1268 3383 καὶ
1302 3331 1362 3383 τὸ
1414 3330 1639 3401 Πνεῦμα
1662 3330 1779 3399 ἅμα
1826 3328 1945 3383 ἐστὶ

366 3414 448 3483 τῷ
491 3414 608 3484 Υἱῴ
664 3417 730 3469 ἐκ
775 3418 872 3471 τοῦ
933 3418 1169 3489 Πατρὸς,
1230 3421 1325 3472 καὶ
1378 3423 1788 3491 προεπινοείται
1849 3419 1943 3473 τοῦ

370 3508 694 3579 Πνεῦματος
716 3513 744 3564 6
772 3510 900 3573 Υἱὸς
929 3515 1075 3565 κατὰ
1099 3513 1191 3565 τὸν
1211 3515 1308 3579 τῆς
1347 3514 1529 3575 αἰτίας
1552 3513 1728 3580 λόγον,
1758 3513 1841 3567 ὅτι
1864 3511 1946 3566 δι’

368 3602 505 3656 Υίοῦ
530 3604 596 3655 ἐκ
627 3604 841 3675 [ἰατρὸς
879 3606 941 3657 τὸ
975 3604 1203 3675 Πνεῦμα
1226 3608 1396 3660 ἐστιν.
1463 3606 1630 3660 Οὐδὲν
1684 3608 1794 3679 γὰρ
1850 3608 1947 3659 καὶ

366 3695 819 3765 ὑποστελλόμεθα
840 3698 1020 3764 λέγειν
1050 3698 1118 3752 τὰ
1140 3699 1288 3766 παρᾶ
1312 3699 1419 3753 τῶν
1441 3697 1637 3767 ἁγίων,
1663 3700 1757 3752 καὶ
1773 3697 1948 3752 ταῦτα

364 3787 534 3839 τίνων
559 3803 575 3854 ;
602 3787 697 3851 οὒς
748 3790 1030 3853 εὐσεϐείας
1078 3795 1325 3860 κήρυκας
1368 3794 1402 3861 ή
1458 3791 1759 3859 Ἐκκλησία
1803 3804 1947 3861 παρ-

365 3877 558 3941 έλαϐε,
607 3879 844 3948 ρηθέντα
876 3895 935 3932 τε
974 3881 1068 3933 καὶ
1127 3881 1581 3950 δογματισοέντα.
1620 3878 1854 3933 Ἔπειτα
1893 3878 1949 3930 δὲ

369 3971 471 4022 καί
496 3970 661 4023 τοῦτο
684 3972 865 4036 καλῶς
901 3972 980 4043 τῷ
1034 3973 1347 4045 βουλομένῳ
1378 3974 1821 4043 διανεηθήσεται,
1849 3970 1946 4034 ὡς,

369 4063 423 4114 εί
477 4068 933 4134 κατευστοχεῖται
973 4066 1133 4119 τοῦτο
1176 4069 1289 4130 τοῖς
1318 4067 1535 4134 λέγουσι
1589 4067 1772 4120 πάντα
1848 4067 1950 4119 ὅσα

368 4157 505 4225 περὶ
539 4156 638 4225 τῆς
693 4158 750 4209 ἐν
804 4161 871 4228 τῇ
932 4158 1125 4227 Τριάόι
1157 4158 1364 4222 τάξεως
1400 4160 1451 4211 οἱ
1481 4159 1626 4226 ἆγιοι
1668 4159 1949 4228 εἰρήκασι,

372 4249 560 4320 μάτην
585 4248 840 4319 εἰρήκασι
868 4252 960 4302 καὶ
979 4250 1315 4317 ἐπισφαλῶς.
1342 4248 1436 4313 Τίς
1457 4252 1564 4320 γὰρ
1595 4250 1688 4302 καὶ
1711 4250 1953 4314 διανοίας

373 4341 650 4413 μετέχων,
708 4341 802 4394 καὶ
831 4343 896 4412 τῇ
925 4345 989 4395 ὲκ
1020 4343 1195 4409 λόγων
1242 4343 1455 4396 συνέσει
1482 4341 1858 4412 κοσμούμενος
1891 4343 1953 4395 τὸ

370 4434 499 4501 ἅμα
541 4433 829 4504 σημαίνειν
872 4436 988 4505 ipsi
1020 4435 1118 4506 τὴν
1150 4434 1250 4490 διὰ
1281 4438 1339 4488 ἐν
1379 4435 1457 4505 τῷ
1492 4437 1556 4488 ὲκ
1604 4435 1817 4505 Πατρὸς
1876 4434 1951 4488 δι’

2037 1923 2313 1991 impediri,
2345 1924 2391 1977 si
2423 1923 2586 1977 simul
2616 1938 2739 1974 cum
2795 1919 2934 1974 Filio
2987 1935 3056 1973 ex
3097 1917 3280 1985 Patre,
3333 1928 3387 1968 et
3438 1916 3482 1969 si
3516 1930 3613 1984 per

2037 2012 2239 2067 Filium
2290 2030 2354 2068 ex
2403 2012 2564 2068 Patre
2612 2013 2853 2082 Spiritus
2901 2012 2995 2064 sit.
3045 2008 3499 2077 Quandoquidem
3551 2014 3607 2058 et

2035 2101 2213 2158 Filius
2260 2105 2422 2158 simul
2470 2115 2554 2158 est
2587 2120 2711 2158 cum
2754 2102 2946 2166 Patre,
2978 2103 3071 2171 qui
3109 2112 3290 2154 tamen
3334 2115 3398 2151 ex
3432 2096 3593 2152 Patre

2038 2204 2142 2258 cst,
2188 2206 2240 2250 et
2286 2197 2495 2250 nullum
2544 2204 2760 2262 tempus
2809 2195 2933 2250 inde
2973 2192 3421 2262 prmintelligitur,
3452 2190 3597 2257 quod

2040 2286 2215 2341 Filius
2262 2287 2426 2342 simul
2474 2302 2598 2343 cum
2653 2286 2813 2341 Patre
2867 2287 3101 2347 exsistit,
3154 2294 3210 2338 et
3264 2282 3429 2338 simul
3485 2296 3609 2333 cuni

2040 2373 2203 2427 Patre
2232 2382 2337 2436 est,
2380 2385 2437 2428 et
2477 2390 2543 2429 ex
2574 2372 2757 2439 Patre,
2793 2390 2969 2441 neque
2998 2374 3172 2435 locus,
3223 2387 3398 2440 neque
3431 2369 3608 2423 ullum

2046 2463 2194 2517 aliud
2233 2479 2298 2517 ex
2329 2463 2418 2524 iis.
2455 2479 2576 2531 qua:
2607 2464 2907 2518 secundum
2948 2478 3045 2514 nos
3079 2461 3146 2515 de
3176 2462 3362 2515 causis
3403 2470 3453 2512 et
3493 2458 3622 2512 elle-

2043 2553 2228 2609 ctibiIs
2268 2553 2643 2608 innotescunt.
2683 2555 2767 2608 Uti
2796 2556 2979 2622 itaque
3012 2554 3104 2621 qui
3152 2569 3259 2606 una
3290 2568 3411 2606 cum
3457 2550 3623 2605 Patre

2042 2644 2261 2698 exsistit
2311 2642 2511 2709 Filius,
2557 2654 2612 2697 ct
2658 2644 2821 2697 simul
2873 2660 2995 2696 t‘Ultl
3042 2642 3205 2696 Patre
3251 2656 3353 2704 εει,
3412 2642 3617 2696 nullam

2044 2733 2310 2802 temporis
2354 2733 2842 2800 pt'aacxsistentiam
2893 2733 3121 2796 inducit,
3160 2749 3285 2787 cum
3323 2732 3521 2785 dicitur
3554 2746 3619 2784 cx

2044 2819 2209 2874 Patre
2244 2840 2257 2872 :
2287 2821 2369 2873 sic
2410 2827 2465 2873 et
2512 2820 2749 2889 Spiritus
2790 2821 2951 2876 simul
3000 2837 3140 2880 cum,
3162 2820 3301 2875 Filio
3351 2833 3623 2877 exsistens

2045 2930 2112 2968 ex
2146 2913 2329 2977 Patre,
2361 2927 2454 2981 per
2483 2909 2678 2966 Filium
2720 2929 2844 2968 esse
2877 2914 3099 2977 dicitur,
3128 2923 3181 2968 et
3213 2914 3474 2982 temporis
3508 2930 3625 2967 um-

2051 3020 2174 3058 nem
2210 3004 2554 3060 intellectum
2582 3005 2864 3060 abhorret.
2894 3006 3236 3076 Rursusque,
3268 3006 3628 3075 quemadmo-

2048 3096 2175 3151 dum
2225 3094 2399 3149 Filius
2436 3096 2598 3149 simul
2640 3104 2726 3150 est
2771 3111 2895 3150 cum
2926 3096 3110 3159 Patre,
3166 3104 3222 3150 et
3266 3096 3628 3149 nihilominus

1424 3144 1622 3213 Ηατρὶ,
1674 3146 1770 3197 καὶ
1795 3145 1944 3214 ὅμως

2050 3185 2185 3239 Filio
2221 3185 2665 3254 pracintelligitur
2701 3183 2864 3238 Pater
2896 3186 3108 3238 ratione
3145 3198 3346 3250 causae,
3379 3186 3524 3251 quod
3558 3199 3624 3237 ex

2053 3275 2215 3330 Patre
2242 3273 2438 3339 Filius,
2474 3274 2545 3327 ita
2571 3283 2625 3328 et
2653 3273 2894 3343 Spiritus
2922 3273 3087 3327 simul
3120 3282 3203 3327 est
3233 3289 3357 3327 eum
3395 3273 3534 3327 Filio
3555 3286 3624 3325 ex

2052 3363 2236 3425 Patre,
2285 3375 2336 3418 et
2385 3362 2747 3417 nihilominus
2786 3360 2960 3416 Filius
3014 3360 3451 3434 praxintelligitur
3504 3361 3629 3430 Spi-

2055 3456 2161 3509 ritu
2211 3454 2512 3509 sccundum
2564 3468 2741 3507 causa:
2777 3453 3082 3517 notionem,
3124 3456 3270 3524 quod
3298 3460 3399 3524 per
3430 3452 3625 3507 Filium

2054 3561 2119 3597 ex
2157 3546 2316 3596 Patre
2358 3541 2596 3612 Spiritus
2639 3553 2741 3596 est.
2793 3540 2939 3597 Nihil
2988 3544 3134 3598 enim
3190 3560 3257 3597 ex
3308 3545 3374 3597 iis
3423 3559 3543 3612 quze
3593 3558 3624 3598 a

2054 3635 2334 3699 Patribus,
2369 3645 2424 3688 et.
2448 3633 2688 3703 quibus?
2718 3650 2858 3703 quos
2882 3637 3098 3704 pietatis
3131 3651 3406 3704 pracones
3442 3635 3633 3689 Eccle-

2057 3727 2137 3783 sia
2187 3724 2589 3795 coniprobarit,
2627 3725 2770 3779 dicta
2801 3735 2893 3779 aut
2931 3727 3147 3780 decreta
3179 3736 3329 3792 sant,
3377 3742 3624 3782 asserere

2056 3817 2447 3871 detrectamus.
2477 3815 2830 3869 Postmodum
2855 3825 2908 3869 et
2942 3816 3045 3869 hoc
3073 3832 3293 3884 quoque
3323 3818 3493 3886 probe
3538 3834 3635 3869 vo-

2057 3907 2177 3961 lens
2228 3905 2531 3974 intelligat,
2582 3909 2626 3960 si
2689 3904 2742 3959 id
2804 3905 3114 3960 dicentibus
3168 3907 3305 3960 bene
3357 3909 3625 3973 cesserit,

2058 4000 2315 4053 universa
2349 4012 2443 4067 per
2481 4007 2703 4052 sanctos
2735 3999 2802 4051 de
2828 3998 3039 4061 ordine,
3076 3999 3169 4066 qui
3206 3997 3259 4050 in
3290 3995 3488 4051 Triade
3517 4009 3631 4064 est,

2061 4093 2281 4156 tradita,
2322 4090 2501 4163 gratis
2534 4105 2655 4144 esse
2701 4090 2866 4149 dicta,
2920 4100 2973 4144 ct
3022 4105 3128 4142 non
3161 4089 3369 4158 absque
3415 4104 3626 4143 errore.

2058 4182 2194 4249 Quis
2217 4183 2384 4246 enim,
2417 4181 2712 4235 dummodo
2739 4182 3022 4235 cerebrum
3063 4180 3279 4245 habeat,
3314 4179 3635 4249 prudentia-

2059 4290 2166 4345 que
2205 4288 2327 4342 qua:
2374 4286 2439 4326 ex
2470 4272 2774 4341 disciplinis
2824 4274 3020 4336 oritur,
3057 4272 3255 4339 sapiat,
3289 4272 3636 4340 praepositi.»
3724 4258 3731 4267 ”

2061 4381 2188 4422 nem
2240 4364 2365 4429 Per,
2412 4364 2574 4418 simul
2630 4372 2822 4416 notare
2863 4361 3171 4421 aﬂirtnahit,
3223 4376 3346 4413 cum
3393 4361 3631 4416 dicimus

2063 4474 2130 4512 ex
2159 4457 2317 4512 Patre
2349 4470 2442 4525 per
2474 4452 2673 4509 Filiqu
2721 4453 2984 4523 Spiritum
3023 4450 3184 4505 esse?
3210 4449 3363 4505 Licet
3395 4450 3538 4503 enim
3574 4451 3634 4505 in

370 4524 513 4579 Υίοῦ
550 4526 611 4577 τὸ
643 4526 869 4595 Πνεῦμα
895 4526 1301 4595 θεολογεῖσθαι;
1334 4528 1397 4579 Εἰ
1428 4528 1538 4596 γὰρ
1562 4528 1657 4580 καὶ
1682 4527 1741 4581 ἂν
1783 4529 1848 4597 τῇ
1893 4528 1946 4579 ta

2067 4549 2302 4618 Spiritus
2350 4524 2423 4601 ex
2470 4544 2629 4599 Patre
2674 4559 2772 4614 per
2809 4542 3024 4597 ~Filinm
3076 4539 3422 4606 exsistentia,
3470 4540 3632 4594 simul

376 4617 597 4688 Ιιατρὺς
619 4616 688 4671 δι’
712 4618 842 4672 Υίοῦ
868 4618 1100 4688 ὑπάρξει
1124 4621 1218 4673 τοῦ
1238 4618 1553 4688 Πνεύματος
1582 4618 1681 4690 τὴν
1710 4618 1805 4672 τοῦ
1835 4618 1957 4687 ἅμα

375 4712 662 4785 σημασίαν
678 4713 797 4782 ἐρεῖ
816 4728 902 4774 τις
931 4710 1191 4774 νοεῖσθαι,
1216 4711 1359 4764 ἀλλὰ
1381 4710 1661 4782 προδήλως
1690 4711 1957 4781 ἐλεγχθή-

377 4822 540 4858 σεται
567 4805 950 4876 ἀπατώμενος,
978 4805 1107 4857 ὅταν
1139 4803 1239 4874 τὴν
1282 4804 1455 4869 αὐτὴν
1480 4804 1687 4875 εὑρήσῃ
1733 4805 1832 4858 διὰ
1863 4804 1959 4857 καὶ

374 4899 436 4949 ὲν
497 4895 580 4966 τῷ
636 4894 725 4947 διὰ
783 4892 877 4947 τοῦ
906 4894 1083 4961 Λόγου
1138 4897 1200 4947 τὸ
1228 4893 1450 4962 Πνεῦμα
1490 4894 1855 4951 συνάπτεσθαι
1880 4892 1959 4966 τῷ

380 4987 594 5058 Πατρί.
633 4986 740 5040 Καὶ
761 4986 956 5040 τούτου
990 4972 1072 5039 σοι
1102 4987 1456 5053 ἀξιοπίστους
1486 4985 1599 5054 ἐγὼ
1622 4987 1961 5058 παραστήσω

378 5085 511 5141 τοὺς
556 5080 865 5149 μάρτυρας.
898 5078 1110 5133 Λύτίκα
1165 5079 1195 5129 6
1244 5077 1417 5147 μέγας
1457 5076 1779 5139 Ἀθανάσιος
1811 5094 1868 5129 εν
1893 5078 1977 5147 τῇε

381 5173 524 5242 πρὸς
555 5172 879 5242 Σεραπίωνα
909 5170 1191 5240 ἐπιστολῇ,
1222 5165 1292 5240 ἧς
1329 5172 1362 5239 ἡ
1383 5170 1546 5239 ἁρχὴ,
1574 5188 1593 5221 ι
1642 5168 1798 5231 Ἴσως
1831 5167 1963 5221 θαυ-
1991 5190 1997 5198 ·

385 5266 585 5335 μάσεις
616 5264 732 5325 πῶς
766 5263 1169 5331 ἐντειλάμενον,
1202 5281 1221 5315 ι
1258 5263 1424 5331 φησίν
1446 5278 1463 5294 ο
1510 5281 1529 5313 ι
1553 5262 1630 5315 Οὐ
1651 5260 1761 5329 γὰρ
1809 5261 1965 5323 ἐκτός

383 5360 507 5411 ἐστι
534 5355 631 5409 τοῦ
663 5356 841 5423 Λόγου
869 5354 931 5407 τὸ
962 5354 1211 5425 Πνεῦμα,
1261 5354 1377 5408 ἀλλ’
1410 5356 1467 5407 ἐν
1489 5353 1568 5422 τῷ
1590 5355 1750 5423 Λόγῳ
1793 5351 1874 5415 ὃν,
1908 5355 1965 5403 ἐν

384 5450 465 5519 τῷ
500 5448 622 5520 Θεῷ
657 5449 727 5502 δι’
755 5448 923 5502 αὑτοῦ
951 5451 1124 5502 ἐστιν.
1165 5469 1182 5501 ι
1216 5449 1327 5502 Καὶ
1357 5450 1479 5519 μετ’
1511 5448 1687 5518 ὀλίγα·
1722 5468 1741 5502 ι
1774 5447 1880 5501 Τοῦ
1910 5447 1966 5500 δὲ

387 5541 718 5611 Πνεὺματος
746 5540 901 5604 ὄντος
931 5543 988 5595 ἐν
1021 5542 1100 5612 τῷ
1126 5542 1307 5613 Λόγῳ,
1338 5542 1497 5613 δῆλον
1528 5541 1596 5595 ἂν
1623 5541 1814 5614 εἴτμὼς
1872 5539 1968 5592 καὶ

388 5636 446 5687 ὲν
477 5635 558 5706 τῷ
582 5633 703 5704 Θεῷ
735 5629 805 5704 ἦν
854 5622 944 5686 διὰ
974 5635 1067 5687 τοῦ
1097 5634 1271 5702 Λόγου
1317 5633 1380 5686 τδ
1406 5631 1652 5702 Πνεῦμα.
1700 5633 1754 5685 Ὀ
1776 5632 1832 5684 δὲ
1867 5632 1967 5701 μέ-

389 5744 492 5795 γας
528 5726 813 5789 Βασίλειος
844 5727 904 5778 ὲν
930 5725 1009 5796 τῷ
1065 5726 1279 5797 ἑϐδόμῳ
1309 5726 1405 5779 καὶ
1436 5727 1649 5795 Beati-up
1684 5725 1794 5779 τῶν
1832 5726 1969 5795 πρὸς

404 5823 756 5895 ’Δμφιλόχιον
812 5822 1128 5893 κεφαλαίων
1185 5822 1329 5876 οὔτω
1386 5823 1589 5892 φησίν·
1646 5840 1664 5874 ι
1693 5821 1758 5874 El
1822 5821 1880 5874 δὲ
1909 5819 1969 5874 τὸ

2058 4638 2427 4708 significatum.
2451 4635 2677 4704 intelligi
2713 4635 2879 4697 dicet,
2923 4633 3019 4688 sed
3046 4643 3231 4703 aperte
3260 4628 3639 4701 deprehende—

2061 4742 2151 4787 tur
2176 4730 2455 4796 aberrare,
2484 4744 2609 4783 eum
2639 4728 2885 4781 eamdem
2922 4728 3152 4795 reperiet
3179 4723 3304 4790 Per,
3336 4733 3390 4778 et
3426 4724 3478 4778 in
3513 4725 3634 4796 illo,

2061 4840 2155 4895 per
2188 4822 2421 4877 Verbum
2470 4822 2733 4891 Spiritum
2781 4820 2923 4873 Patri
2969 4819 3250 4890 conjungi.
3304 4816 3368 4871 Et
3405 4817 3641 4884 hujusce

2064 4917 2141 4969 rei
2190 4924 2358 4970 testes
2405 4928 2508 4984 ego
2547 4914 2643 4967 tibi
2691 4912 2797 4967 [ille
2843 4913 3036 4981 dignos
3079 4926 3372 4980 apponam.
3416 4908 3638 4967 Primus

2067 5021 2300 5075 magnus
2331 5004 2666 5059 Athanasius
2699 5004 2765 5057 ad
2807 5001 3160 5071 Serapionem
3195 4999 3444 5070 epistola,
3475 5000 3638 5067 rujus

2064 5100 2458 5170 principium:
2524 5117 2544 5151 ι
2614 5096 2869 5153 Fortasse
2927 5096 3284 5151 admiraberis
3358 5095 3641 5162 quomodo

2065 5191 2422 5262 praecipiens,
2475 5191 2669 5244 scribit
2704 5187 2931 5259 :Neque
2985 5188 3127 5242 enim
3182 5196 3336 5240 extra
3394 5183 3634 5237 Verbum

2072 5284 2312 5352 Spiritus
2349 5290 2454 5345 est,
2502 5284 2596 5337 sed
2647 5281 2700 5335 in
2736 5274 2913 5336 Verbo
2967 5281 3260 5340 exsistens,
3312 5276 3364 5329 in
3401 5274 3512 5328 Deo
3544 5277 3645 5343 per'

2070 5377 2247 5444 ipsum
2274 5383 2377 5428 est.
2419 5391 2436 5424 ι
2475 5371 2537 5426 Ει
2569 5374 2761 5442 paucis
2800 5371 3101 5441 interjectis
3131 5386 3147 5425 :
3181 5386 3199 5419 ι
3234 5365 3471 5436 Spiritus
3506 5381 3637 5418 vero
3702 5440 3707 5445 ἡ

2070 5476 2195 5515 cum
2234 5461 2307 5514 sit
2333 5460 2385 5513 in
2406 5457 2607 5524 Verbo,
2640 5459 2991 5513 manifestum
3028 5456 3213 5519 fuerit,
3240 5455 3292 5506 in
3328 5453 3438 5506 Deo
3468 5453 3639 5507 fuisse

2070 5568 2166 5623 per
2218 5551 2456 5606 Verbum
2510 5553 2801 5620 Spiritum.
2838 5570 2858 5604 ι
2915 5550 2980 5604 Et
3018 5561 3248 5616 magnus
3283 5544 3513 5600 Basilius
3550 5560 3642 5599 ca-

2072 5646 2181 5714 pite
2208 5644 2423 5699 oecimo
2454 5644 2686 5713 septimo
2720 5643 2784 5697 ad
2812 5638 3256 5712 Amphilochium
3287 5637 3402 5692 hac
3435 5636 3634 5691 habet:

2079 5751 2100 5784 ι
2131 5734 2188 5788 Si
2220 5746 2345 5787 vero
2376 5731 2615 5803 Spiritus
2654 5731 2848 5788 eodem
2885 5739 3048 5800 atque
3081 5728 3259 5784 Filius
3301 5728 3493 5783 ordine
3527 5726 3649 5780 cols

2075 5826 2305 5893 locatur,
2343 5825 2515 5884 Filius
2546 5836 2729 5882 autem
2776 5824 2967 5881 eodem
3006 5834 3169 5895 atque
3201 5821 3384 5889 Pater,
3430 5829 3485 5876 et
3516 5819 3638 5889 Spi-
