4058 6454
412 373 479 439 7t
1478 367 1687 428 JOAN.
1730 334 1944 425 vacet
1985 364 2091 422 cr.
2134 360 2649 422 rnamacna
3618 357 3691 418 τε

413 489 582 548 ritus,
633 490 688 539 et
741 481 902 537 Pater
938 458 1226 535 duntaxat.
1260 498 1278 530 ι
1335 477 1401 532 Ει
1451 477 1652 531 iterum
1699 474 1753 527 in
1786 473 2008 551 decimo

2121 469 2342 540 Πνεῦμα
2398 469 2475 538 τῷ
2518 466 2631 537 Υίῷ
2693 465 3078 530 συντέτακται,
3119 466 3148 519 ὁ
3193 464 3249 519 δὲ
3310 465 3436 528 Υίδς
3464 465 3546 533 τῷ
3579 466 3696 519 Πα-

417 585 615 631 octavo
677 575 855 643 capite
908 573 974 624 ad
1035 571 1288 625 eumdem
1335 584 1350 620 :
1396 585 1415 617 ι
1454 564 1611 621 Unus
1673 571 1729 617 et
1777 569 2001 616 sanctus

425 666 687 736 Spiritus,
722 679 817 732 per
848 678 1016 716 unum
1052 661 1246 714 Filium
1281 658 1376 712 uni
1409 657 1556 712 Patri
1588 654 1943 723 conjunctus.
1979 668 1998 702 ι
2049 694 2057 701 .

418 757 475 812 Si
521 773 651 827 ergo
699 764 865 810 testes
916 755 1018 810 [ide
1070 752 1217 822 digni
1272 761 1403 805 sunt
1475 764 1571 819 per
1623 748 1821 802 Filium
1877 757 2002 798 cum

422 850 583 903 Patre
609 847 1017 917 conjunctiouis
1044 845 1284 914 Spiritus
1319 841 1654 895 Athanasius
1680 847 1737 893 et
1770 837 2006 891 Basilius

424 941 633 1009 magni,
681 941 899 1009 planum
947 946 1051 1001 est,
1107 935 1574 1004 quemadmodum
1618 928 2006 985 mediationem

422 1032 551 1086 Filii
592 1030 693 1085 Per
732 1028 1047 1100 prazpositio
1088 1028 1142 1081 iu
1190 1026 1365 1080 simili
1417 1023 1806 1092 conjunctione
1842 1019 2009 1073 deno-

428 1134 527 1191 tat,
562 1124 636 1177 ita
673 1132 727 1176 et
757 1125 811 1176 in
850 1122 1092 1193 Spiritus
1124 1135 1192 1174 ex
1232 1119 1395 1172 Patre
1430 1132 1524 1185 per
1555 1115 1754 1169 Filium
1789 1126 2009 1182 proces-

423 1218 623 1279 sione,
676 1216 745 1269 ab
794 1215 985 1268 eadem
1039 1214 1141 1266 Per
1195 1211 1545 1266 essentialem
1602 1205 2003 1261 meditationem

423 1307 727 1378 signiticari
761 1324 774 1359 :
811 1318 864 1361 et
890 1306 1100 1360 insulse
1133 1303 1353 1374 quidem
1389 1302 1481 1369 qui
1511 1299 1673 1354 simul
1695 1312 1884 1353 vocem
1916 1310 2009 1365 per

424 1400 631 1455 Filium
657 1409 849 1455 notare
871 1398 1170 1461 allirmant,
1204 1396 1337 1450 illud
1366 1394 1646 1464 accepisse
1672 1407 1737 1447 ex
1768 1391 1857 1455 iis,
1887 1403 2009 1460 quae

425 1495 694 1559 diximus,
727 1501 788 1548 ut
818 1506 964 1557 reor,
991 1490 1208 1545 abunde
1235 1499 1517 1543 ostensum
1544 1493 1649 1540 est.

493 1771 586 1827 25.
637 1769 742 1835 Qui
784 1784 915 1823 vero
967 1765 1432 1822 contradictiones
1468 1762 1847 1832 intempestive
1894 1776 2011 1816 am-

425 1865 586 1920 biunt
612 1872 664 1918 et
685 1863 918 1932 jactant,
946 1875 1135 1914 rursus
1168 1858 1464 1927 inquiunt:
1493 1854 1558 1909 Et
1588 1855 1718 1926 quid
1749 1854 1875 1908 novi
1900 1864 2005 1917 est,

429 1958 474 2010 si
528 1954 804 2024 Nyssenus
855 1950 1150 2021 Gregorius
1199 1950 1252 2003 in
1301 1949 1536 2016 quadam
1595 1961 1696 2000 sua
1757 1944 2006 1998 oratione

428 2048 608 2101 dixit:
643 2063 661 2097 ι
689 2044 1041 2113 Praeintelligi
1083 2042 1302 2113 quidem
1347 2039 1487 2095 Filio
1527 2040 1743 2095 Patrem
1796 2037 2008 2092 ratione

426 2153 631 2199 causae,
664 2136 1010 2206 praeimelligi
1054 2151 1186 2190 vero
1217 2132 1418 2188 Filium
1471 2130 1674 2201 Spiritu
1705 2136 2006 2185 secundum

425 2244 611 2283 causae
656 2229 969 2283 rationem?
1007 2245 1026 2279 ι
1082 2225 1215 2293 Quae
1259 2228 1407 2280 enim
1459 2224 1515 2278 in
1569 2221 1865 2276 universali
1916 2236 2013 2274 au-

428 2321 633 2374 dientia
678 2320 870 2390 synodi
920 2334 951 2373 a
985 2319 1199 2373 dicente
1246 2332 1354 2371 non
1405 2324 1534 2370 sunt
1568 2314 1875 2379 enuntiata,
1914 2312 2009 2367 sed

430 2412 485 2464 in
514 2410 751 2480 angulis,
784 2418 839 2463 et
860 2408 1270 2462 commentariis
1296 2407 1551 2477 privatim
1588 2405 1844 2474 digestis,
1875 2403 2011 2457 nihil

432 2505 559 2558 novi
591 2504 773 2565 fuerit,
810 2503 853 2557 si
882 2517 945 2555 ea
981 2517 1083 2557 nos
1116 2500 1540 2569 neglexerimus.
1583 2496 1725 2564 Quid
1755 2494 2008 2564 inquitis,

432 2595 668 2649 fratres?
700 2593 846 2648 Nihil
884 2592 1008 2646 novi
1042 2591 1227 2656 fuerit,
1266 2592 1471 2661 scripta
1506 2589 1736 2661 Nysseni
1771 2587 2012 2658 negligi?

430 2684 698 2757 Nysseni?
739 2686 912 2750 illius,
957 2685 1118 2753 cujus
1151 2700 1251 2754 ego
1284 2685 1489 2737 nullam
1530 2680 2011 2751 compellationem

431 2793 617 2847 parem
671 2779 880 2845 habeo;
929 2779 1079 2847 quod
1131 2776 1512 2831 laudationum
1560 2784 1718 2828 extra
1775 2782 2009 2843 tempus,

431 2879 649 2935 tempus
705 2867 868 2921 nobis
929 2881 1038 2920 non
1100 2872 1390 2934 suppetat,
1446 2878 1622 2932 neque
1676 2862 1734 2915 in
1797 2860 1850 2915 id
1898 2870 2015 2915 stu-

431 2959 583 3012 dium
658 2957 983 3013 incumbere
1050 2968 1297 3026 praesens
1378 2963 1763 3025 argumentum
1830 2952 2013 3018 sinit,

356 3066 364 3076 '
431 3058 494 3104 ut
553 3049 934 3104 excellentiam
996 3049 1146 3113 viri,
1202 3049 1248 3102 si
1310 3038 1475 3103 modo
1535 3050 1620 3101 vir
1667 3046 1759 3103 ille
1813 3059 2018 3100 vocan-

2105 567 2219 634 τρὶ,
2281 563 2377 615 καὶ
2409 565 2470 615 τδ
2539 560 2768 641 Πνεῦμα
2797 560 2877 629 τῷ
2904 561 3084 629 ﬂat-pi.
3145 559 3415 630 δηλονότι.
3448 577 3467 611 ι
3518 559 3606 612 Ἐν
3637 557 3694 611 δὲ

2105 655 2184 723 τῷ
2242 654 2458 723 δεκάτῳ
2501 653 2676 723 ὀγδόῳ
2727 653 2891 705 πάλιν
2948 651 3058 704 τῶν
3115 650 3299 705 αὐτῶν
3357 650 3690 718 κεφαλαίων·

2114 767 2133 800 ι
2163 747 2261 801 Ἐν
2281 748 2340 800 δὲ
2372 751 2471 801 καὶ
2503 747 2564 800 τὸ
2601 745 2757 814 ἅγιον
2819 744 3069 814 Πνεῦμα,
3099 744 3167 796 δι’
3196 743 3315 807 ὲνὸς
3345 743 3480 798 Υίοῦ
3507 742 3587 814 τῷ
3617 744 3698 796 ἑνὶ

2107 841 2286 910 Πατρὶ
2315 840 2747 909 συναπτόμενον,
2768 856 2786 888 ι
2825 839 2889 890 Ei
2918 837 3052 907 γοῦν
3082 838 3388 901 ἀξιόπιστοι
3424 836 3698 906 μάρτυρές

2108 939 2217 989 εἰσι
2249 936 2349 1005 τῆς
2384 935 2474 989 διὰ
2518 935 2614 989 τοῦ
2676 934 2807 988 Υίοῦ
2840 934 2980 1006 πρὸς
3016 934 3111 988 τὸν
3140 934 3367 1003 Πατέρα
3398 932 3697 1000 συναφείας

2108 1029 2202 1081 τοῦ
2231 1026 2552 1096 Πνεύματος
2622 1027 2966 1092 Ἀθανάσιος,
3004 1025 3102 1080 καί⁵
3125 1025 3414 1087 Βασίλειος
3442 1025 3491 1076 oi
3526 1023 3700 1092 μεγά-

2107 1119 2213 1183 λοι,
2248 1118 2473 1188 εὔδηλον
2505 1120 2589 1172 ὅτι
2621 1119 2809 1188 ὥσπερ
2847 1119 3137 1188 μεσιτείαν
3178 1117 3276 1169 τοῦ
3323 1116 3457 1168 Υἱοῦ
3511 1117 3544 1185 ἡ
3599 1114 3701 1168 διὰ

2110 1211 2373 1282 πρόθεσις
2433 1213 2490 1279 ὲν
2525 1214 2594 1282 τῇ
2621 1212 2850 1281 τοιαύτῃ
2901 1209 3174 1280 συναφείᾳ
3219 1208 3392 1278 δηλοῖ,
3428 1207 3573 1260 οὕτω
3605 1207 3703 1259 καὶ

2110 1306 2170 1358 ὲν
2197 1307 2263 1374 τῇ
2299 1306 2363 1358 ὲκ
2388 1305 2605 1375 Πατρὸς
2646 1303 2713 1356 δι’
2742 1303 2873 1355 Υίοῦ
2903 1302 3232 1374 ἐκπορεύσει
3252 1298 3347 1353 τοῦ
3381 1299 3704 1368 Πνεύματος

2108 1398 2143 1467 ἡ
2176 1397 2312 1467 αὐτὴ
2332 1397 2431 1451 διὰ
2458 1396 2693 1467 οὐσιώδη
2730 1395 3011 1465 μεσιτείαν
3049 1394 3220 1464 δηλοῖ.
3273 1392 3381 1445 Καὶ
3405 1393 3491 1445 ὅτι
3521 1391 3621 1459 μὲν
3650 1389 3704 1442 οἱ

2109 1493 2171 1545 τὸ
2198 1491 2319 1560 ἅμα
2377 1491 2669 1561 σημαίνειν
2716 1490 2819 1559 τὴν
2875 1488 3112 1542 δι’Υἱοῦ
3170 1486 3356 1556 φωνὴν
3414 1485 3705 1555 εἰρηκότες

2112 1581 2299 1644 κακῶς
2337 1582 2468 1633 αὐτὸ
2530 1580 2876 1645 ὲξελάὸοντο,
2900 1580 2965 1631 ὲκ
2989 1576 3099 1630 τῶν
3153 1574 3496 1645 εἰρημένων,
3516 1571 3592 1634 ὡς
3625 1566 3707 1623 οἶ·-

2116 1690 2239 1742 μαι,
2279 1671 2480 1733 ἱκανῶς
2512 1670 2917 1724 ἀποδέδεικται.

2185 1773 2283 1820 κε’.
2319 1767 2383 1818 Οἱ
2405 1766 2463 1818 δὲ
2492 1767 2615 1829 ταῖς
2655 1763 2995 1833 ἀντιλογίαις
3027 1763 3277 1834 ἀκαίρως
3307 1757 3706 1832 φιλοτιμούμεο

2112 1876 2195 1913 νοι
2217 1860 2311 1913 καὶ
2337 1857 2504 1912 πάλιν
2526 1859 2681 1928 φασί*
2719 1860 2829 1912 Καὶ
2851 1857 2910 1910 τί
2950 1857 3138 1911 καινὸν
3160 1857 3208 1909 εί
3238 1858 3266 1909 ὁ
3310 1854 3535 1926 Νύσσης
3562 1852 3707 1923 Γρη-

2112 1950 2296 2020 γόριος
2322 1949 2380 2001 ἐν
2405 1966 2515 2002 τινι
2546 1948 2655 2001 τῶν
2701 1948 2870 2002 αὐτοῦ
2930 1949 3106 2017 λόγων
3138 1947 3327 2017 Equus
3361 1944 3706 2016 Προθεωρεῖ-

2113 2045 2241 2096 σθαι
2275 2043 2374 2111 μὲν
2404 2042 2498 2094 τοῦ
2522 2042 2658 2095 Υίοῦ
2711 2041 2804 2095 τὸν
2831 2042 3053 2112 Πατέρα
3071 2047 3077 2053 ⁴
3096 2041 3176 2112 τῷ
3197 2042 3300 2110 τῆς
3324 2039 3509 2102 αίτίας
3530 2037 3697 2106 λόγῳ,

2111 2136 2555 2206 προθειυρεῖσθαι
2587 2135 2644 2188 δὲ
2694 2135 2790 2189 τοῦ
2851 2134 3174 2205 Πνεύματος
3226 2134 3322 2188 τὸν
3392 2133 3522 2187 Υίδν
3557 2132 3705 2186 κατὰ

2108 2226 2200 2278 τὸν
2231 2227 2328 2296 τῆς
2360 2227 2543 2288 αἰτίας
2570 2227 2726 2295 λόγον
2750 2243 2803 2293 ς»
2849 2227 2917 2278 "A
2939 2227 3048 2298 γὰρ
3074 2226 3176 2279 οὐκ
3196 2228 3273 2289 είς
3304 2224 3485 2279 κοινὸν
3502 2225 3712 2293 ἀκροα·
3802 2213 3815 2216 ’

2109 2319 2301 2387 τήριον
2331 2318 2557 2371 συνόδου
2615 2318 2768 2387 παρὰ
2809 2317 2905 2370 τοῦ
2932 2316 3183 2380 είπόντος
3222 2316 3450 2386 ἐρρέθη,
3484 2314 3601 2369 ἀλλ’
3639 2317 3701 2367 ὲν

2112 2408 2288 2478 γωνίᾳ
2341 2408 2437 2462 καὶ
2467 2408 2904 2479 συγγράμμασιν
2959 2406 3146 2468 ἰδικῶς
3176 2407 3504 2472 ἐκτεθεῖσιν,
3549 2406 3708 2459 οὐδέν

2111 2518 2164 2553 τι
2198 2501 2406 2564 καινὸν,
2440 2503 2488 2554 εί
2520 2503 2809 2571 παροπτέα
2830 2500 3008 2554 ταῦτα
3059 2501 3217 2570 ἡμῖν.
3246 2499 3314 2553 Τί
3347 2516 3510 2571 φατε,
3542 2499 3701 2552 ἀδελ-

2115 2592 2213 2661 φοί
2254 2609 2270 2659 ;
2320 2592 2488 2645 Οὐδέν
2521 2610 2574 2647 τι
2631 2593 2818 2647 καινὸν
2877 2593 2947 2646 τὰ
2982 2591 3075 2646 τοῦ
3134 2590 3362 2663 Νύσσης
3414 2592 3711 2663 παροπτέα

2115 2685 2408 2754 γενέσθαι;
2454 2684 2551 2739 τοῦ
2612 2686 2878 2754 Νύσσης;
2939 2687 3059 2750 τοῦ,
3092 2685 3154 2739 ὃν
3208 2685 3327 2747 πῶς
3372 2684 3441 2738 ἂν
3491 2683 3713 2738 καλέσω

2116 2780 2216 2833 οὐκ
2252 2777 2396 2848 ἔχω·
2452 2778 2535 2831 ὅτι
2589 2777 2724 2848 μηδὲ
2783 2777 3064 2850 παροδίων
3106 2778 3302 2849 καιρὸς
3351 2779 3489 2848 ἡμῖν
3523 2779 3712 2845 ἐγκω-

2121 2872 2280 2941 μίων,
2308 2870 2431 2923 οὐδὲ
2482 2870 2691 2941 σπουδὴ
2744 2872 2907 2943 ἡμῶν
2936 2873 2999 2925 τὸ
3024 2874 3397 2943 προκείμενον
3421 2871 3482 2926 τὸ
3540 2887 3716 2943 μεγα-

2120 2964 2267 3017 λεῖον
2304 2963 2399 3016 τοῦ
2430 2963 2626 3033 ἀνδρὸς
2649 2963 2956 3030 ἀποδεῖξαι,
2986 2966 3106 3033 εῖγε
3135 2965 3307 3036 ἄνδρα
3333 2965 3495 3019 αὑτὸν
3524 2966 3714 3017 καλεῖν

2119 3057 2244 3126 χρὴ.
2270 3057 2365 3110 καὶ
2394 3058 2497 3111 οὐκ
2546 3056 2803 3125 ἄγγελον.
2852 3057 3016 3111 Ἀλλὰ
3062 3060 3223 3128 μόνον
3263 3059 3346 3112 ὅτι
3380 3057 3549 3120 αὐτὸς
3580 3056 3716 3125 ἔφη,

433 3142 537 3195 dus
579 3150 683 3207 est,
736 3153 791 3194 et
821 3155 932 3195 non
976 3140 1227 3211 angelus,
1254 3138 1635 3194 ostendamus.
1678 3138 1785 3193 Sed
1831 3137 2011 3192 solum

2121 3149 2219 3203 καὶ
2276 3149 2569 3218 παροπτέα
2596 3150 2668 3201 τὰ
2693 3149 2940 3220 ῥήματα,
2974 3150 3055 3203 ὅτι
3083 3149 3272 3204 αὐτοῦ.
3305 3150 3370 3204 Τί
3405 3150 3515 3223 γάρ
3569 3152 3709 3221 ἡμῖν

433 3235 563 3301 quia
636 3233 751 3303 ipse
791 3232 968 3299 dixit,
1023 3247 1201 3305 neque
1246 3231 1546 3301 rejicieuda
1594 3233 1762 3287 verba
1790 3269 1806 3296 ,
1873 3229 2019 3300 quod

428 3326 584 3380 illius
609 3333 757 3379 sunt.
789 3323 930 3390 QUId
958 3324 1103 3379 enim
1145 3340 1174 3378 a
1217 3323 1381 3379 nobis
1440 3322 1722 3393 despectui
1785 3319 2017 3391 dignum

433 3415 760 3485 jndicatur?
814 3415 967 3481 Quod
1016 3431 1158 3470 unus
1219 3424 1325 3482 est,
1377 3414 1552 3480 aiunt,
1606 3422 1662 3470 et
1709 3414 1859 3485 quod
1908 3429 2021 3468 non

436 3507 597 3575 plena
639 3508 850 3574 synodo
898 3505 989 3559 illa
1045 3505 1288 3560 dictavit.
1339 3505 1621 3571 Sedenim,
1670 3518 1846 3574 neque
1902 3510 2025 3558 tan-

2120 3243 2218 3296 καὶ
2248 3241 2611 3311 παροράσεως
2639 3242 2885 3312 κρίνεται
2907 3259 2921 3307 ;
2944 3243 3073 3296 Ὅτι
3097 3240 3200 3308 εἷς,
3231 3243 3388 3314 φασὶ,
3413 3245 3510 3297 καὶ
3536 3244 3617 3298 ὅτι
3649 3245 3716 3298 οὐ

2122 3332 2419 3396 συνοόικῶς
2449 3336 2646 3406 εἴρηκε
2695 3335 2891 3389 ταῦτα.
2930 3335 3073 3390 Ἀλλ’
3109 3336 3192 3390 ὅτι
3221 3336 3321 3408 μὲν
3359 3337 3458 3408 οὐχ
3486 3336 3563 3399 ὡς
3616 3335 3718 3391 ἕνα

2120 3424 2231 3479 τῶν
2260 3425 2475 3479 πολλῶν
2522 3428 2635 3482 ἔδει
2698 3430 2795 3482 καὶ
2842 3428 2935 3481 τὸν
2990 3427 3458 3496 θεολογικὼτατον
3489 3428 3719 3498 Νύσσης

2121 3518 2220 3573 ἕνα
2268 3521 2479 3589 λέγειν,
2534 3523 2678 3590 ὑμᾶς
2706 3522 2909 3585 αὐτοὺς
2950 3521 3227 3594 διακρῖναι
3272 3523 3442 3593 ζητῶ,
3474 3523 3569 3576 καὶ
3601 3521 3705 3593 τὴν

437 3613 606 3668 quam
634 3615 802 3653 unum
834 3613 900 3653 ex
944 3599 1138 3661 multis
1173 3599 1536 3669 reputandum
1571 3613 1692 3654 esse
1715 3596 2017 3668 Nyssenuut

2125 3612 2256 3680 παρ’
2287 3612 2464 3666 ἄλλων
2510 3614 2612 3666 οὐκ
2662 3613 2966 3684 ἐκδέχομαι
3018 3613 3202 3684 ψῆφον
3226 3629 3244 3646 ·
3292 3614 3375 3667 ὅτι
3409 3613 3469 3666 δὲ
3501 3613 3603 3684 οὐχ
3628 3600 3712 3678 εἷς

438 3690 493 3745 in
512 3690 678 3745 rebus
696 3691 1025 3762 theologicis
1053 3693 1454 3762 pertractandis
1474 3689 2017 3756 excellentissimum,

2124 3699 2215 3773 ἦν,
2247 3704 2385 3758 ἀλλὰ
2414 3708 2567 3776 τρεῖς
2596 3707 2646 3759 οί
2691 3706 2962 3770 εἰπόντες,
3026 3708 3172 3778 ἅπερ
3228 3703 3383 3761 εἶπεν
3408 3706 3436 3759 ὁ
3460 3702 3710 3776 Νόσσῆς,

436 3799 535 3839 vos
568 3786 715 3853 ipsos
741 3785 1044 3856 dijudicare
1076 3786 1321 3856 postulo,
1353 3794 1404 3841 et
1433 3786 1668 3842 aliorum
1704 3785 1886 3839 abnuo
1908 3781 2017 3838 cal-

2129 3797 2332 3850 ὲκεῖνοί
2364 3815 2455 3868 μοι
2500 3797 2579 3867 τῷ
2628 3799 2774 3869 λόγῳ
2837 3800 3432 3872 συμμαρτυρήσουσιν,
3493 3800 3608 3853 ὅσοι
3658 3806 3721 3853 τὸ

438 3876 646 3932 culum.
668 3876 1056 3934 Verumtamen
1090 3895 1198 3934 non
1233 3894 1428 3947 unum,
1457 3880 1552 3936 sed
1584 3888 1745 3934 tresa
1777 3875 2017 3948 Nyssenc

2129 3889 2432 3958 σύγχρονον
2485 3887 2665 3943 οἴδασι
2715 3889 2823 3943 τῶν
2856 3890 3095 3961 ἀνδρῶν,
3130 3889 3297 3943 αὑτοῦ
3352 3907 3410 3943 τε
3439 3890 3536 3943 τοῦ
3570 3889 3723 3943 Νύσ-

439 3970 583 4024 dicta
616 3971 930 4037 tradidisse,
967 3972 1046 4025 illi
1086 3973 1217 4025 mihi
1263 3973 1640 4027 testimonium
1680 3969 2017 4041 praebebunt.

2129 3996 2256 4050 σης,
2284 3987 2451 4050 φημι,
2486 3981 2583 4034 καὶ
2605 3980 2700 4035 τοῦ
2755 3981 3019 4050 μεγίστου
3062 3982 3393 4053 Γρηγορίου,
3426 3985 3523 4038 καὶ
3558 3968 3723 4038 Βασιέ

439 4061 531 4130 qui
554 4062 799 4117 eamdem
832 4079 1023 4118 eorum
1067 4062 1311 4118 virorum
1339 4071 1787 4134 aetatem-,tenent,
1825 4060 2017 4129 ipsius‘

2126 4065 2270 4120 λείου
2299 4068 2393 4120 τοῦ
2420 4068 2585 4132 πάνυ,
2630 4070 2722 4123 καὶ
2772 4072 2891 4124 ὅσοι
2946 4072 3049 4126 οὐκ
3093 4072 3357 4141 ἀγνοοῦσι
3393 4076 3453 4127 τὸ
3484 4074 3578 4127 ἐπὶ
3611 4077 3722 4130 πᾶ-

443 4161 557 4206 met
588 4153 820 4224 Nysseni
852 4153 1101 4224 inquam,
1158 4156 1404 4222 maximi
1433 4156 1712 4228 Gregorii,
1754 4166 1808 4212 et
1838 4154 2017 4216 Basilii

2132 4173 2217 4209 σιν
2245 4157 2527 4226 ὀμόπνουν
2556 4161 2738 4213 αὐτῶν
2765 4163 2860 4216 καὶ
2887 4161 3183 4234 ὁμόψυχον.
3213 4165 3279 4217 Τί
3302 4166 3411 4235 γὰρ
3433 4167 3499 4221 ἄν
3519 4184 3605 4232 τις
3624 4170 3724 4222 καὶ

346 4273 353 4280 ~
442 4245 879 4314 praeclarissinti,
924 4255 977 4301 et
1000 4245 1095 4316 qui
1128 4246 1448 4301 eorumdem
1475 4248 1641 4303 rebus
1670 4248 1723 4303 in
1770 4252 2017 4309 omnibus

2128 4248 2319 4322 εἴρηκε
2376 4252 2486 4305 τῶν
2542 4252 2731 4321 τριῶν,
2774 4254 2912 4323 ὅπερ
2967 4257 3043 4325 μὴ
3090 4257 3422 4313 ἐκοινώσατο
3462 4263 3556 4313 καὶ
3609 4264 3722 4326 τοῖς

446 4354 613 4392 unam
647 4347 884 4393 mentem
918 4349 973 4395 et
1002 4341 1303 4397 concordes
1331 4340 1547 4397 animos
1594 4356 1704 4396 non
1750 4343 2017 4416 ignorant.

2133 4343 2363 4411 ἄλλοις;
2418 4343 2549 4399 είδέ
2605 4361 2712 4397 τινι
2763 4346 2912 4400 δοκεῖ
2971 4343 3115 4404 εἷναί
3169 4366 3293 4404 τινα
3324 4351 3455 4415 ἴσως
3485 4353 3724 4423 ρηθέντα

442 4430 589 4497 Quid
620 4447 685 4486 ex
719 4431 829 4486 illis
861 4433 1037 4487 tribus
1070 4433 1348 4504 quispiam
1383 4432 1542 4499 dixit,
1566 4434 1712 4504 quod
1749 4450 1873 4490 cum
1901 4438 2017 4494 aliis

2131 4437 2285 4508 παρὰ
2319 4437 2415 4491 τοῦ
2455 4438 2753 4508 ἐσύστερον
2787 4439 2866 4510 τῷ
2914 4438 3015 4512 βίῲ
3075 4442 3567 4514 ὲναπομείναντος,
3623 4446 3726 4515 ἐφ’

446 4539 556 4579 non
586 4525 1241 4593 communicavit?Quod
1293 4526 1339 4583 si
1382 4526 1598 4582 videtur
1642 4544 1750 4584 non
1797 4532 2017 4597 nemini,

2131 4505 2267 4595 οἷς-ὀ
2288 4531 2461 4585 εἰπὼν
2515 4505 2855 4604 σκεμμάτων
2885 4505 2966 4604 τῷ
2986 4505 3381 4609 ’προοιχομένῳ
3435 4505 3540 4594 οὐκ
3557 4505 3725 4595 δὲκοι-

445 4616 697 4685 quaedam
733 4616 969 4674 fortasse
1001 4620 1359 4683 esse,dictata
1386 4635 1418 4674 a
1469 4622 1785 4691 posteriori,
1838 4625 1931 4694 qui
1971 4625 2017 4679 in

2130 4623 2393 4696 νώνησενο
2421 4624 2536 4678 ἀλλ’
2567 4627 2691 4680 ἐπεὶ
2719 4628 2817 4681 καὶ
2845 4627 3049 4692 ζῶντες
3079 4631 3159 4701 τῷ
3184 4631 3333 4702 αὐτῷ
3360 4635 3722 4705 ἐμπνεόμενοι

448 4705 557 4760 vita
614 4719 956 4763 remanserat
1025 4719 1080 4763 et
1158 4711 1659 4767 considerationum
1706 4712 2026 4771 defunctum

445 4808 607 4853 antea
641 4801 959 4871 participem
984 4818 1089 4858 non
1120 4802 1335 4869 fecisse,
1369 4814 1423 4860 at
1451 4822 1574 4875 cum
1617 4816 1671 4862 et
1701 4808 2024 4865 adhuccum

447 4893 717 4956 viverent,
753 4895 821 4947 ah
851 4894 1043 4950 eodem
1110 4894 1315 4965 Spiritu
1349 4897 1541 4961 inﬂati,
1593 4900 1660 4955 dc
1700 4904 1863 4958 rebus
1905 4905 2027 4972 Spi-

447 4984 587 5040 ritus
621 4986 1003 5054 decernerent,
1045 4998 1100 5042 et
1128 4991 1233 5043 line
1263 4990 1385 5045 vitae
1427 4992 1625 5061 posito,
1656 4996 1845 5050 eodem
1876 4996 2031 5051 colli-

446 5088 702 5149 garentur
743 5079 970 5148 Spiritu,
1011 5096 1120 5135 non
1143 5081 1438 5151 {admisero
1486 5101 1724 5155 unquam
1765 5103 1886 5157 ego,
1933 5086 2027 5140 uni

448 5173 657 5243 aliquid
702 5174 1036 5245 inspiratum
1094 5178 1261 5232 etiam
1309 5178 1538 5248 reliquis
1571 5180 1679 5235 vita
1726 5182 2025 5246 defunctis,

448 5267 595 5336 quod
628 5281 660 5321 a
692 5275 876 5322 mente
909 5282 1123 5332 eorum,
1162 5269 1255 5339 qui
1287 5278 1446 5323 antea
1497 5280 1730 5325 mortem
1757 5272 2028 5336 obierant,

451 5374 559 5413 non
595 5357 779 5414 fuerit.
812 5357 872 5414 Si
924 5369 1101 5414 autem
1158 5362 1304 5431 quod
1341 5361 1499 5430 plena
1557 5363 1766 5433 synodo
1800 5363 2033 5432 hujusce

452 5444 538 5499 vel
568 5445 798 5516 hujusce
826 5447 959 5503 dicti
993 5449 1333 5504 audientiam
1369 5466 1476 5505 non
1520 5450 1669 5517 fecit,
1724 5453 1866 5507 dicta
1900 5468 2034 5507 con—

452 5535 821 5604 demnamur,
867 5554 970 5610 ego
1024 5541 1395 5596 universalem
1451 5557 1642 5596 eorum
1697 5544 2033 5601 audientiam

450 5628 624 5685 fuisse
657 5633 949 5687 contendo.
986 5633 1055 5687 Et
1076 5648 1316 5702 quanam
1372 5635 1587 5688 ratione
1615 5634 1896 5706 despectui
1933 5638 2031 5693 ha-

450 5722 627 5776 benda
689 5733 840 5790 sunt,
901 5738 1027 5794 quae
1071 5724 1476 5780 universalibus
1525 5726 1813 5783 audientiis
1869 5729 2033 5801 digna

453 5816 644 5878 ntere?
672 5832 737 5872 ex
771 5833 837 5873 eo
869 5816 1140 5889 siquidem
1172 5824 1422 5888 tempore
1469 5819 1538 5875 ad
1602 5823 1742 5878 hanc
1789 5834 2031 5882 nostram

2134 4716 2414 4784 Πνεὺματι
2440 4716 2508 4769 τὰ
2554 4717 2694 4787 ὑπὲρ
2723 4717 2818 4771 τοῦ
2850 4719 3170 4790 Πνεύματος
3198 4722 3588 4793 ὲδογμάτιζον,
3624 4728 3723 4779 καὶ

2136 4810 2279 4881 μετὰ
2311 4809 2411 4880 τὴν
2444 4810 2663 4865 ἐνθένδε
2694 4812 2848 4883 λῆξιν
2878 4813 2959 4885 τῷ
2986 4815 3138 4887 αὑτῷ
3184 4816 3526 4871 συνδέδενται
3553 4817 3727 4873 Πνεῦ-

2135 4918 2293 4972 ματι,
2328 4902 2388 4952 οὐ
2417 4900 2648 4972 δέχομαι
2680 4902 2861 4973 ἔγωγε
2884 4905 3309 4977 ἑμπνευσθῆναί
3338 4926 3388 4962 τι
3415 4910 3493 4981 τῷ
3516 4911 3598 4965 ἑνὶ
3630 4928 3727 4987 καὶ

2137 4995 2277 5065 μετὰ
2300 4994 2533 5048 θάνατον
2589 4996 2699 5050 τῶν
2726 4998 2953 5065 λοιπῶν,
2995 5001 3137 5073 ὅπερ
3176 5003 3299 5074 οὐχὶ
3347 5003 3446 5058 καὶ
3484 5004 3587 5074 τῆς
3615 5005 3729 5061 τῶν

2098 5088 2552 5158 ’προοιχομένων
2566 5090 2796 5162 γνώμης
2830 5090 3128 5164 ἐξήρτητο.
3160 5095 3223 5147 ΕΞ
3250 5096 3308 5150 δὲ
3355 5098 3438 5150 ὅτι
3471 5099 3547 5169 μὴ
3575 5115 3731 5152 συνο-

2133 5178 2281 5232 δικὸν
2322 5178 2547 5233 ἐκάθισε
2604 5181 2760 5235 τοῦδε
2833 5183 2862 5253 ἦ
2922 5183 3078 5237 τοῦδε
3145 5185 3237 5239 τοῦ
3298 5188 3466 5257 ῥητοῦ
3519 5190 3726 5259 ἀκροα-

2134 5272 2349 5341 τήριον,
2403 5273 2471 5327 τὰ
2512 5274 2653 5345 ῥητὰ
2709 5276 2887 5330 ταῦτα
2934 5277 2997 5329 τὸ
3054 5281 3447 5351 παρεωρᾶσθαι
3503 5283 3731 5337 καταδι-

2138 5365 2402 5432 κάζεται,
2458 5366 2573 5420 ἀλλ’
2612 5367 2724 5436 ἐγὼ
2761 5369 3148 5441 οίκουμενικδν
3217 5378 3362 5444 φημὶ
3418 5375 3480 5429 τὸ
3522 5376 3730 5432 τούτων

2138 5457 2527 5529 ἀκροατήριον.
2587 5460 2701 5513 Καὶ
2757 5460 2875 5525 πῶς
2956 5466 3248 5532 πςεροπτέα
3307 5467 3378 5520 τά
3421 5469 3731 5540 οἰκουμενι-

2140 5552 2254 5605 κῶν
2324 5551 2626 5617 ἀξιωθέντα
2706 5553 3129 5626 ἀκροατηρίων;
3202 5558 3262 5624 ἐξ
3336 5560 3547 5613 ἐκείνου
3621 5563 3729 5633 γὰρ

2139 5643 2237 5696 καὶ
2261 5643 2341 5706 είς
2369 5644 2529 5714 δεῦρο
2568 5644 2692 5697 ὅσαι
2721 5645 2811 5697 διὰ
2873 5647 3041 5717 μέσου
3097 5647 3196 5701 καὶ
3226 5649 3607 5719 οίκουμενικαὶ
3636 5651 3734 5704 καὶ

2141 5736 2368 5792 τοπικαὶ
2396 5738 2659 5806 γεγόνασι
2685 5738 2916 5805 σύνοδοι,
2937 5741 3024 5805 τίς
3045 5741 3349 5811 ἁμφιϐαλεῖ
3380 5743 3455 5808 ὡς
3479 5743 3731 5808 ἐδέξαντο

2156 5832 2314 5900 αὐτὰ,
2370 5832 2467 5884 καὶ
2505 5833 2843 5901 ἠσπάσαντο,
2900 5836 2991 5889 καὶ
3045 5833 3237 5906 ὥσπερ
3296 5839 3417 5891 τινὰ
3454 5838 3731 5908 θησαυρὸν
