4058 6430
261 360 336 422 73
1370 357 1466 416 DE
1507 354 1798 416 UNIONE
1840 355 2426 416 ECCLESIARUM.‘
3453 362 3522 425 74

255 466 545 528 εὐσεϐείας
609 463 995 518 ἐναποκεῖσθαι
1047 466 1110 533 τῇ
1174 465 1470 534 Ἐκκλησία
1536 461 1839 533 παραδεδώ-

1948 472 2184 528 aetatem,
2241 481 2362 534 qua:
2403 465 2850 534 intercesserunt,
2894 470 3228 528 universales
3283 489 3346 529 ac
3399 491 3525 543 pro-

251 579 458 628 κασιν;
501 560 616 614 Οὐκ
674 559 791 629 ἔχει
833 558 963 626 γοῦν
1014 559 1140 610 τινὰ
1167 559 1372 629 χώραν,
1403 552 1446 611 ὧ
1470 557 1710 625 ἀδελφοὶ,
1741 557 1840 608 ὅσα

249 671 335 717 τις
365 651 474 706 τῶν
528 651 702 720 ἁγίων
755 651 947 721 εἴρηκε
985 648 1215 716 τούτων,
1268 651 1632 720 παροράσεως
1661 649 1841 716 κρίνε-

253 744 380 798 σθαι
455 745 566 806 τοῖς
625 741 726 812 τῆς
776 742 1106 812 Ἐκκλησίας
1145 741 1469 812 τροφίμοιςο
1512 737 1704 811 ὥσπερ
1747 739 1842 792 οῦν

247 834 360 886 οὐδ’
386 835 490 886 ὅσα
515 833 543 884 ὁ
581 832 757 902 μέγας
802 832 1123 894 Ἀθανάσιος
1153 831 1396 902 εἴρηκεν,
1423 831 1532 884 οὐδ’
1565 833 1664 884 ὅσα
1689 833 1716 884 ὁ
1743 833 1842 902 τὴν

249 923 536 993 θεολογίαν
590 923 846 992 μέγιστος
899 922 1191 993 Κύριλλος.
1255 923 1365 974 Καὶ
1403 923 1512 990 γὰρ
1583 923 1846 992 ἑκάτερος

247 1013 463 1067 τούτων
501 1011 723 1066 συνόδου
757 1007 826 1082 ἦν
863 1011 1127 1082 ἀρχηγὸς,
1193 1011 1290 1065 καὶ
1320 1010 1494 1080 αὐτῆς
1531 1011 1843 1077 οἰκουμενι-

249 1106 428 1175 κῆς,ὀ
468 1106 569 1176 μὲν
617 1105 717 1174 τῆς
750 1107 808 1157 ὲν
857 1103 1063 1175 Νικαίᾳ
1115 1106 1210 1156 καὶ⁸
1237 1103 1481 1175 πρώτης,
1514 1105 1542 1154 6
1571 1103 1630 1155 δὲ
1656 1103 1754 1170 τῆς
1780 1103 1839 1154 ἐν

263 1199 475 1268 Ἐφέσῳ
527 1199 626 1252 καὶ
690 1198 905 1269 τρίτης.
963 1197 1072 1249 Καὶ
1112 1197 1196 1250 ὅτι
1228 1195 1330 1264 μὲν
1359 1196 1419 1247 οὐ
1464 1195 1750 1265 παροπτέα
1771 1193 1840 1248 τὰ

253 1287 360 1340 τῶν
387 1286 562 1355 ἁγίων
596 1285 805 1340 τούτων
832 1288 997 1358 ῥητά,
1023 1287 1089 1339 ἐκ
1120 1285 1216 1338 τοῦ
1239 1286 1634 1357 οίκουμενικῶν
1671 1284 1843 1352 ἀξιω-

251 1374 410 1445 θῆναι
441 1375 828 1447 ἀκροατηρίων
861 1373 1202 1432 συνίσταται.

1942 555 2203 609 vinciales
2234 555 2494 625 synodos,
2531 572 2592 610 ea
2616 567 2669 611 ct
2692 559 3030 628 amplexatus
3079 571 3134 617 et
3178 567 3522 622 exosculatas

1943 641 2136 703 fuisse,
2181 654 2230 696 et
2283 644 2447 698 veluti
2503 647 2723 714 pictatis
2774 651 3066 719 quemdam
3120 655 3438 712 thesaurum
3465 660 3519 713 in

1946 735 2186 790 Ecclesia
2217 738 2403 806 reponi
2430 739 2740 806 tradidisse,
2769 743 2965 808 eritne,
3002 746 3098 815 qui
3154 747 3522 805 haesitaverit?

1945 826 2061 881 Non
2100 827 2300 883 debent
2335 831 2538 897 itaque,
2598 832 2818 898 fratres,
2857 852 2888 890 a
2939 839 3174 909 singulis
3235 843 3522 910 quibusvis

1945 919 2240 988 separatim
2304 921 2509 978 dictata
2580 924 2863 992 Patribus,
2941 937 3200 1000 tanquam
3262 935 3520 1005 despectu

1944 1010 2109 1078 digna
2149 1012 2502 1068 condemnari
2536 1018 2678 1086 apud
2716 1016 2977 1074 Ecclesiae
3005 1022 3259 1079 alumnos
3293 1020 3524 1096 :‘quem-

1941 1101 2235 1162 admodum
2297 1119 2478 1174 neque
2545 1122 2668 1174 quae
2694 1123 2926 1178 magnus
2958 1111 3315 1180 Athanasius,
3348 1132 3524 1187 neque

1942 1207 2065 1260 quae
2094 1191 2149 1245 in
2179 1193 2344 1249 rebus
2378 1195 2700 1264 theologicis
2743 1200 3017 1255 maximus
3061 1203 3298 1273 Cyl-illus
3327 1207 3523 1264 eli‘atus

1941 1283 2246 1336 est.Ambo
2277 1284 2422 1338 enim
2480 1285 2533 1339 hi
2582 1287 2828 1357 synodis,
2873 1290 3092 1361 illisque
3141 1298 3518 1364 meumenicis,

1941 1372 2032 1427 ille
2056 1370 2287 1429 Nicaeum
2303 1375 2512 1445 primae,
2538 1377 2625 1434 hic
2643 1377 2934 1448 Ephesius:
2951 1391 3005 1438 et
3035 1386 3206 1442 tertia:
3228 1389 3522 1458 praefuere.

250 1467 316 1522 Et
373 1476 697 1522 sanctorum
766 1469 965 1521 horum
1027 1466 1382 1538 pronuntiata
1441 1481 1550 1522 non
1634 1481 1755 1523 esse
1792 1465 2183 1534 despicienda,
2267 1468 2413 1537 quod
2489 1470 2785 1529 audientiis
2871 1476 3270 1536 universalibus
3359 1483 3522 1554 digna

247 1557 490 1627 iudicata
522 1573 680 1626 sunt,
715 1563 817 1617 hac
849 1563 1059 1618 ratione
1101 1563 1260 1632 plane
1308 1563 1651 1634 ﬁrmiterque
1693 1560 2105 1632 comprobatur.

323 1655 437 1724 κς’.
464 1657 530 1711 Τί
557 1659 614 1712 δὲ
643 1658 780 1722 τέως
807 1658 901 1712 καὶ
924 1658 1068 1727 ἔχειν
1094 1657 1319 1711 δοκεῖτὸ
1338 1656 1830 1728 ἀναγεγραμμένον

2014 1653 2108 1709 26.
2147 1653 2217 1710 Ει
2251 1656 2381 1726 quid
2425 1657 2648 1714 tandem
2681 1662 2924 1718 continet
2955 1665 3264 1734 appositum
3281 1665 3521 1739 Nysseni

255 1753 348 1805 τοῦ
371 1751 587 1821 Νὐσσης
624 1752 810 1822 ῥητὸν,
855 1752 930 1821 μὴ
962 1750 1040 1821 τῷ
1071 1749 1258 1803 κανόνι
1287 1749 1701 1820 διευθυνόμενον
1733 1752 1834 1821 τῆς

1941 1745 2171 1812 dictum,
2203 1749 2350 1818 quod
2379 1752 2661 1807 a'traditae
2707 1754 2866 1810 nobis
2913 1755 3128 1824 pietatis
3175 1761 3358 1829 regula
3411 1777 3522 1816 non

267 1843 665 1914 παραδοθείσης
697 1842 980 1906 εὐσεϐείας
1010 1843 1176 1913 ἡμῖνς
1207 1842 1324 1895 Πᾶν
1351 1841 1460 1913 γὰρ
1489 1841 1545 1894 εἴ
1569 1842 1620 1895 τί
1649 1858 1714 1910 γε
1745 1843 1838 1894 καὶ
1871 1923 1878 1930 .

258 1935 569 2003 εὑρίσκεται
625 1935 886 2004 κείμενον
934 1933 1275 2005 ὁπουδήποτε
1315 1933 1425 1987 τῶν
1470 1934 1728 2006 Γραφῶν,
1761 1934 1838 1999 ὡς

251 2027 389 2096 πρὸς
421 2026 628 2104 κανόνα
655 2027 688 2098 ἢ
747 2025 1008 2097 γνώμονα
1037 2027 1162 2096 τὴν
1184 2028 1489 2098 παράδοσιν
1523 2027 1626 2097 τῆς
1679 2027 1837 2099 ἡμῶν

245 2119 536 2182 εὐσεϐείας
559 2117 1027 2190 άπευθυνόμενον,
1078 2121 1178 2190 τὴν
1207 2119 1489 2174 εὐσέϐειαν
1519 2122 1834 2190 συγκροτεῖ,

244 2209 341 2261 καὶ
369 2209 470 2280 τὴν
489 2209 660 2279 αὐτῆς
685 2208 946 2279 ἀλήθειαν
970 2210 1030 2263 οὐ
1049 2210 1388 2280 λυμαίνεται.
1411 2210 1554 2264 ’Δλλ’
1576 2210 1834 2277 ἐνταῦθα,

243 2303 438 2368 φασὶν,
478 2301 506 2352 6
558 2302 748 2374 Πατὴρ
779 2294 935 2362 οὗτος
964 2304 992 2355 6
1018 2302 1244 2373 Νύσσης
1282 2305 1338 2357 ὲν
1385 2303 1462 2374 τῷ
1497 2303 1698 2374 πρώτῳ
1727 2303 1838 2356 τῶν

240 2395 380 2465 πρὸς
417 2393 688 2463 Εὐνόμιον
725 2395 1178 2466 ’Δντιρρητικῶι.ι,
1205 2395 1332 2466 περὶ
1352 2396 1410 2448 τὸ
1434 2395 1584 2459 τέλος
1607 2395 1836 2468 διαρρή-

241 2489 337 2557 δην
356 2487 506 2541 οὕτω
528 2487 727 2556 λέγων’
755 2488 890 2540 (Τὸν
921 2487 1140 2559 Πατέρα
1167 2487 1261 2541 τοῦ
1287 2485 1420 2541 Υίοῦ
1457 2490 1603 2558 μόνῳ
1627 2489 1706 2556 τῷ
1738 2490 1837 2559 τῆς

241 2579 425 2642 αἰτίας
453 2579 602 2648 λόγῳ
627 2577 1064 2648 προθεωρεῖῖιθαι
1083 2594 1098 2610 ο
1137 2595 1156 2628 ι
1194 2578 1288 2632 καὶ
1315 2577 1479 2631 πάλιν
1509 2579 1650 2646 μετά
1679 2596 1798 2632 τινα
1818 2597 1830 2610 ·

249 2690 265 2722 ι
318 2671 408 2732 Ὠς
467 2671 577 2739 γὰρ
625 2669 958 2722 συνάπτεται
1008 2668 1084 2738 τῷ
1116 2670 1296 2739 Πατρὶ
1329 2670 1358 2721 6
1391 2669 1538 2731 Υἱὸς,
1567 2671 1658 2722 καὶ
1688 2670 1746 2722 τὸ
1778 2669 1836 2734 ἐξ

243 2761 408 2814 αὐτοῦ
443 2759 589 2813 εἶναι
639 2761 800 2831 ἔχων,
849 2761 948 2830 οὐχ
981 2761 1253 2832 ὑστερίζει
1276 2760 1418 2814 κατὰ
1448 2760 1547 2832 τὴν
1578 2760 1834 2833 ὕπαρξιν,

243 2853 388 2906 οὕτω
413 2855 512 2907 καὶ
530 2854 629 2906 τοῦ
677 2842 1020 2922 Μονογενοῦς
1043 2852 1224 2924 ἔχεται
1250 2854 1312 2906 τὸ
1342 2854 1564 2923 Πνεῦμα
1581 2858 1639 2907 τὸ
1658 2857 1831 2922 ἅγιον,

245 2946 461 3015 ἐπινοίᾳ.
497 2946 639 3016 μόνῃ
665 2945 809 2998 κατὰ
838 2947 930 2998 τὸν
959 2945 1054 3014 τῆς
1079 2944 1256 3008 αἰτίας
1288 2945 1447 3014 λόγον
1481 2946 1835 3018 προθεωρου-

245 3035 419 3105 μένης
465 3039 568 3106 τῆς
622 3035 718 3088 τοῦ
751 3036 1068 3106 Πνεύματος
1117 3035 1492 3100 ὑποστάσεως.
1529 3056 1546 3088 ι
1587 3038 1709 3102 Πῶς
1735 3040 1834 3094 οὐκ

242 3128 453 3181 ἔννοιαν
496 3129 753 3198 ἐμφαίνει
801 3129 949 3193 τινὰ,
984 3127 1077 3180 δύο
1115 3123 1351 3181 εἶναιτὰ
1377 3128 1470 3181 τοῦ
1517 3130 1836 3200 Πνεύματος

243 3223 393 3275 αἴτια
427 3223 522 3274 τὸν
564 3223 786 3292 Πατέρα
821 3225 916 3276 καὶ
957 3224 1047 3275 τὸν
1082 3223 1243 3292 Υἱόν;
1293 3221 1454 3290 Ἀλλ’,
1492 3219 1539 3278 ὦ
1563 3226 1707 3294 φίλοι
1744 3228 1836 3280 καὶ

240 3315 488 3379 ἀδελφοὶ,
535 3315 658 3366 ἐπεὶ
707 3315 806 3383 οὐχ
856 3315 1044 3378 ἁπλῶς
1108 3315 1174 3367 τά
1206 3315 1318 3368 τῶν
1349 3317 1523 3384 ἁγίων
1565 3319 1644 3370 δεῖ
1692 3336 1835 3390 παρ-

240 3408 476 3476 ορᾶσθαι
520 3409 663 3477 ῥητά
689 3447 703 3470 ,
741 3407 1177 3477 συμϐιϐάζεσθαι
1211 3408 1268 3461 δὲ
1301 3411 1479 3463 πάντα
1523 3413 1837 3481 ἐπάναγκες

240 3499 370 3568 παρ’
422 3499 622 3569 ἡμῶν,
664 3497 855 3569 ὥσπερ
910 3501 1041 3570 πρὸς
1091 3501 1291 3554 κανόνα
1336 3503 1370 3575 ἢ
1415 3502 1674 3572 γνώμονα
1737 3505 1836 3572 τὴν

241 3590 553 3659 παράδοσιν
600 3591 698 3659 τῆς
735 3591 1019 3653 εὐσεϐείας
1059 3593 1213 3662 ἡμῶν
1236 3608 1252 3624 ο
1293 3595 1340 3645 εί
1372 3595 1465 3648 καὶ
1497 3594 1836 3666 προθεωρεί-

243 3682 370 3736 σθαι
404 3682 500 3734 τοῦ
541 3681 672 3734 Υἱοῦ
707 3682 797 3734 τὸν
842 3683 1065 3753 Πατέρα
1101 3687 1128 3737 ὁ
1161 3685 1316 3752 ἆγιος
1365 3685 1468 3756 ἔφη
1501 3685 1578 3757 τῷ
1605 3686 1706 3756 τῆς
1747 3687 1837 3738 ai-

238 3775 357 3836 τίας
397 3773 583 3844 λόγῳ·
623 3775 718 3826 καὶ
759 3774 920 3826 πάλιν
964 3776 1392 3848 προθεωρείσθαι
1426 3779 1519 3834 τὸν
1554 3782 1836 3850 Μονογενῆ

239 3865 337 3934 τῆς
370 3864 470 3917 τοῦ
505 3863 823 3934 Πνεύματος
857 3867 1211 3931 ὑποστάσεως
1244 3871 1385 3924 κατὰ
1403 3873 1494 3923 τὸν
1522 3872 1622 3940 τῆς
1656 3871 1836 3934 αἰτίας

241 3955 436 4023 λόγον,
471 3955 592 4008 ἀλλ’
631 3956 693 4008 οὐ
742 3955 837 4009 δύο
894 3958 1292 4026 ἀναφαίνεσθαι
1343 3960 1593 4015 ἐντεῦθεν
1637 3964 1706 4017 τὰ
1740 3962 1836 4016 τοῦ

189 4105 206 4119 ο
240 4049 568 4119 Πνεύματος
628 4050 824 4102 αἴτια·
865 4051 1112 4119 "Arta-ra!
1167 4051 1487 4122 βλάσφημον
1546 4053 1656 4125 γὰρ
1725 4055 1838 4124 ἐγὼ

242 4140 413 4207 κρίνω
443 4138 692 4192 διάνοιάν
721 4155 781 4190 τε
822 4142 915 4191 καὶ
948 4141 1232 4208 γλῶσσαν,
1262 4142 1384 4212 ἥτις
1411 4141 1570 4196 τοῦτο
1594 4145 1626 4214 ἢ
1654 4146 1838 4216 ἐννοή-

244 4247 346 4291 σει,
381 4231 416 4298 ἦ
451 4228 683 4298 λαλήσει
732 4235 883 4284 ποτέ.
927 4230 1089 4286 Ἀλλά
1121 4233 1563 4304 προθεωρείσθαι
1613 4236 1709 4305 μὲν
1745 4237 1838 4289 τὸν

243 4323 470 4392 Πατέρα
518 4323 612 4375 τοῦ
658 4324 788 4377 Υίοῦ
818 4325 894 4394 τῷ
925 4324 1024 4391 τῆς
1053 4325 1235 4387 αἰτίας
1270 4325 1415 4395 λόγῳ
1459 4327 1626 4396 φημὶ,
1652 4328 1732 4380 ὅτι
1773 4329 1839 4382 ἐκ

241 4414 336 4466 τοῦ
363 4415 590 4484 Πατρὺς
635 4417 662 4468 ὁ
691 4415 816 4478 Υἱός
845 4431 859 4445 ο
910 4415 1348 4485 προθεωρείσθαι
1374 4416 1430 4468 δὲ
1460 4417 1550 4470 τὸν
1585 4417 1711 4472 Υίὸν
1740 4421 1838 4490 τῆς

241 4508 335 4560 τοῦ
383 4507 719 4576 Πνεύματος
771 4507 1133 4570 ὑποστάσεως
1183 4507 1326 4561 κατὰ
1363 4510 1457 4562 τὸν
1505 4509 1604 4580 τῆς
1657 4511 1834 4573 αίτίας
1869 4524 1911 4578 ι)

241 4598 422 4667 λόγον,
460 4600 548 4651 ὅτι
597 4600 686 4652 διά
709 4599 802 4652 τοῦ
842 4599 974 4652 Υίοῦ
1009 4599 1066 4652 τὸ
1104 4601 1329 4670 Πνεῦμα
1354 4601 1418 4656 ἐκ
1457 4601 1552 4654 τοῦ
1593 4602 1829 4672 Πατρός.

245 4692 350 4744 Καὶ
401 4690 557 4744 οῦτω
603 4689 691 4744 διὰ
718 4692 814 4761 τῆς
839 4690 1157 4762 ἐξηγήσεως
1204 4693 1412 4762 ταύτης
1457 4693 1549 4746 τὸν
1586 4692 1710 4747 νοῦν
1739 4693 1832 4746 τοῦ

242 4783 411 4853 ρης-,ὓ
452 4782 751 4852 σύμφωνον
775 4783 1082 4852 καθίστημι
1108 4784 1173 4853 τῇ
1203 4783 1383 4854 ὲννοίᾳ
1402 4784 1510 4837 τῶν
1534 4787 1598 4838 ὲκ
1621 4784 1832 4853 Πατρὶς

241 4872 382 4927 εἶναι
435 4873 510 4926 δι’
556 4872 692 4926 Υίοῦ
748 4872 1194 4941 θεολογησάντων
1237 4872 1297 4925 τὸ
1323 4872 1571 4946 Πνεῦμα.
1607 4873 1694 4936 Ὠς
1724 4876 1835 4946 γὰρ

192 4971 208 4990 ’
243 4968 446 5018 ἐκεῖνοι
477 4965 546 5017 ix
577 4964 794 5035 Πατρδς
825 4964 891 5018 δι’
922 4964 1053 5017 Υἱοῦ
1086 4965 1156 5021 τὸ.
1178 4962 1405 5036 Πνεῦμα
1432 4964 1700 5032 εἰπόντες,
1735 4968 1835 5036 οὐχ

243 5058 314 5118 ὡς
356 5060 438 5120 εἰς
487 5055 587 5110 δύο
624 5055 965 5128 διαιροῦντες
1000 5055 1098 5125 τὴν
1131 5057 1314 5110 αἰτίαν
1356 5055 1452 5109 τοῦ
1496 5057 1834 5127 Πνεύματος,

244 5150 401 5202 τοῦτο
422 5151 738 5218 εἰρήκασιν,
774 5148 913 5213 ἀλλ’,
941 5148 1017 5210 ὡς
1049 5146 1365 5218 βουλόμενοι
1394 5149 1751 5219 παραστῆσαι
1777 5151 1837 5202 τὸ

246 5241 475 5312 Πνεῦμα
503 5241 607 5293 οὐκ
639 5240 858 5310 άμέσως
881 5239 1068 5309 προϊὸν
1097 5241 1163 5291 ἐκ
1186 5239 1423 5310 Πατρός.
1462 5239 1584 5304 Πῶς
1615 5242 1724 5311 γὰρ
1770 5241 1838 5294 ἂν

246 5335 339 5386 καὶ
378 5331 607 5402 νοηθείη
640 5331 702 5384 τὸ
735 5331 843 5386 τῶν
870 5330 1041 5400 τριῶν
1067 5331 1428 5387 ὑποστάσεων
1453 5333 1698 5402 συνεχὲς,
1731 5351 1749 5384 ι
1787 5335 1841 5386 εὶ

251 5426 324 5496 μη
367 5425 432 5478 τὸ
480 5425 672 5495 τρίτον
716 5425 783 5493 τῇ
829 5421 984 5487 τάξει
1030 5423 1188 5493 ἆγιον
1213 5422 1464 5494 Πνεῦμα,
1495 5442 1515 5475 ›
1554 5425 1696 5480 κατὰ
1749 5425 1840 5478 τὸν

252 5517 423 5584 μέγαν
452 5517 637 5568 εἰπεῖν
670 5513 977 5582 Βασίλειον,
1003 5533 1023 5565 ι
1051 5515 1142 5568 διὰ
1176 5514 1269 5567 τοῦ
1295 5515 1550 5584 δευτέρου
1580 5518 1646 5586 τῇ
1689 5516 1840 5581 τάξει

251 5604 376 5659 Υἱοῦ
392 5607 462 5675 τῇ
480 5603 723 5674 Θεογόνῳ
747 5602 1046 5674 συναφθείη
1073 5605 1214 5674 ἀρχῇ
1232 5619 1248 5668 ;
1264 5621 1283 5654 ι
1310 5602 1389 5673 τῷ
1422 5605 1598 5674 Πατρὶ
1615 5603 1838 5674 δηλαδήο

256 5695 387 5750 δῦτω
434 5699 533 5752 καὶ
578 5697 610 5750 6
673 5697 833 5763 ἅγιος
887 5689 1042 5758 οὗτος
1076 5695 1506 5766 προθεωρεῖσθαι
1537 5696 1709 5750 εἰπὼν
1753 5699 1844 5751 τὸν

255 5790 466 5863 Πατέρα
496 5791 591 5845 τοῦ
630 5789 790 5854 Υίοῦ,
830 5788 913 5860 τῷ
935 5787 1035 5858 τῆς
1090 5789 1268 5849 αἰτίας
1306 5787 1472 5858 λόγῳ,
1528 5789 1609 5844 ὅτι
1643 5793 1704 5843 ίκ
1745 5790 1842 5847 τοῦ

728 5885 1000 5950 PATROL.
1035 5882 1150 5944 Gn.
1182 5882 1389 5944 CXLI.

1937 1834 2248 1906 dirigatur?
2281 1837 2418 1894 Nam
2473 1843 2738 1914 quidquid
2800 1845 3114 1917 ubicunque
3143 1852 3348 1922 scripto
3371 1869 3524 1908 man-

1937 1926 2126 1982 datum
2155 1931 2449 2000 reperitur,
2489 1942 2544 1988 et
2575 1936 2742 1990 veluti
2778 1937 2845 1991 ad
2874 1953 3141 1995 canonem
3169 1951 3223 1996 et
3269 1960 3520 2000 normam

1938 2017 2156 2088 pietatis
2215 2021 2376 2077 nobis
2428 2027 2802 2082 concreditam
2867 2031 3207 2101 adsequatur,
3261 2035 3520 2104 pietatem
3599 2049 3614 2060 ·’

1937 2111 2254 2168 constabilit
2281 2123 2336 2169 et
2375 2115 2524 2172 illius
2568 2121 2856 2176 veritatem
2903 2137 3016 2178 non
3049 2125 3243 2182 'laadit.
3273 2126 3380 2184 Sed
3432 2131 3523 2186 hic

1938 2200 2120 2268 Pater,
2151 2205 2428 2276 inquiunt,
2460 2209 2637 2279 prima
2669 2213 2934 2270 adversus
2967 2215 3301 2280 Eunomium
3329 2227 3523 2284 Antir-

1938 2293 2146 2349 rhetica
2190 2297 2540 2366 apertissime
2604 2304 2750 2358 circa
2815 2305 2977 2361 tinem
3038 2309 3189 2378 dicit,
3254 2313 3520 2375 «Patrem

1937 2381 2076 2439 Filio
2131 2392 2514 2446 tantummodo
2583 2408 2763 2450 causae
2819 2398 3036 2455 ratione
3086 2405 3453 2480 praeiutelligi.
3496 2431 3516 2464 ι

1939 2472 2265 2546 Rursusque
2286 2480 2569 2536 nonnullis
2609 2483 2914 2554 interjectis
2947 2506 2961 2542 :
2999 2506 3018 2540 ι
3047 2472 3519 2558 Quemadmodum

1937 2566 2292 2637 conjungitur
2322 2572 2468 2626 Patri
2504 2573 2693 2641 Filius,
2726 2587 2779 2632 et
2806 2593 2871 2633 ex
2892 2585 3140 2652 eo,quod
3167 2586 3259 2653 sit,
3287 2589 3519 2657 habens,

1939 2661 2211 2728 posterior
2238 2680 2345 2718 nou
2379 2675 2461 2720 est
2524 2672 2827 2725 secundum
2885 2675 3285 2747 exsistentiam,
3337 2685 3523 2756 itaque

1937 2761 1990 2806 et
2022 2750 2312 2824 Unigenito
2357 2759 2601 2815 adhaeret
2657 2775 2882 2820 sanctus
2927 2765 3184 2839 Spiritus,
3240 2750 3519 2833 intellectu

1939 2844 2055 2898 solo
2082 2849 2384 2903 secundum
2423 2853 2689 2908 rationem
2721 2869 2903 2911 causae
2934 2861 3324 2929 praeintellecta
3351 2869 3524 2937 Spiri-

1940 2944 2028 2989 tus
2057 2939 2395 2995 exsistentia.
2435 2961 2454 2994 ι
2492 2943 2690 3000 Annon
2732 2947 2882 3004 hisce
2910 2955 3315 3020 quodammodo
3340 2962 3525 3031 suspi-

1940 3029 2150 3083 cionem
2173 3031 2455 3102 importat,
2488 3035 2625 3093 duas
2650 3053 2769 3094 esse
2789 3040 3027 3112 Spiritus
3054 3061 3269 3119 causas,
3298 3029 3520 3110 Patrem

1940 3129 1993 3173 et
2031 3119 2272 3178 Filium?
2303 3123 2430 3194 Sed,
2465 3143 2497 3182 ο
2529 3130 2690 3184 amici
2721 3131 3048 3205 fratresque,
3081 3154 3188 3194 non
3238 3155 3363 3198 sunt
3386 3147 3519 3200 sim-

1942 3213 2156 3281 pliciter
2188 3214 2410 3273 Patrum
2448 3225 2612 3277 verba
2664 3225 3034 3295 despicienda,
3061 3233 3156 3288 sed
3208 3239 3519 3294 necessario

1940 3306 2124 3361 omnia
2155 3309 2481 3366 conferenda
2527 3327 2557 3366 a
2617 3315 2774 3372 nobis
2827 3319 2992 3374 veluti
3051 3323 3117 3377 ad
3169 3327 3412 3396 regulam
3464 3344 3520 3387 et

1941 3409 2212 3463 normam,
2249 3399 2524 3467 pietatem,
2556 3417 2719 3473 quam
2747 3411 2900 3477 sequi
2931 3411 3190 3470 debemus
3206 3417 3517 3476 docentem.

1939 3483 2092 3540 Licet
2136 3491 2505 3564 prwintelligi,
2554 3507 2779 3554 sanctus
2823 3505 3077 3571 asseruit,
3132 3504 3270 3563 Filio
3304 3508 3518 3566 Patrem

1940 3581 2240 3634 secundum
2273 3597 2454 3639 causae
2495 3588 2780 3656 rationem,
2831 3602 2884 3647 et
2936 3610 3128 3651 rursus
3179 3601 3520 3673 praeintclligi

1942 3667 2292 3738 Uuigenitum
2331 3675 2655 3733 exsistentia
2703 3681 2943 3750 Spiritus
2997 3667 3298 3746 secundum
3340 3709 3520 3749 causa:

1941 3763 2234 3829 rationem,
2268 3774 2324 3818 at
2356 3782 2464 3820 non
2497 3771 2605 3823 duo
2639 3771 2767 3826 inde
2799 3773 3040 3844 Spiritus
3067 3795 3250 3837 causae
3277 3784 3522 3840 inferun-

1942 3865 2050 3909 tur.
2085 3856 2269 3926 Apage
2297 3875 2313 3924 ;
2346 3859 2724 3930 blasphemam
2745 3867 2892 3921 enim
2933 3869 3252 3941 ipsejudico
3279 3885 3334 3930 et
3363 3893 3518 3930 meu-

1943 3955 2071 4013 tem,
2099 3957 2153 4001 et
2179 3950 2442 4018 linguam,
2470 3969 2591 4022 qua:
2626 3955 2676 4010 id
2722 3960 2807 4012 vel
2826 3964 3151 4030 cogitaverit
3181 3967 3263 4020 vel
3299 3969 3518 4025 elocuta

1943 4035 2132 4092 fuerit.
2161 4039 2265 4093 Sed
2298 4043 2642 4116 praeintelligi
2696 4048 2856 4117 plane
2902 4050 3118 4108 Patrem
3151 4051 3290 4112 Filio
3322 4074 3520 4116 secun-

1942 4128 2073 4183 dum
2104 4145 2286 4186 causae
2317 4137 2587 4190 rationem
2624 4127 2739 4206 aio,
2764 4141 2911 4210 quod
2935 4160 2998 4198 ex
3029 4144 3190 4202 Patre
3219 4147 3516 4223 Filiussit,

1941 4228 1994 4273 et
2017 4221 2361 4292 prwintelligi
2398 4225 2596 4280 Filium
2626 4227 2864 4298 Spiritus
2897 4235 3173 4306 hypostasi
3215 4221 3517 4300 secundum

1940 4327 2121 4367 causa:
2168 4317 2461 4385 rationem,
2494 4321 2640 4388 quod
2677 4338 2774 4392 per
2827 4323 3024 4381 Filium
3059 4332 3297 4401 Spiritus
3355 4340 3426 4392 sit
3451 4354 3518 4394 ex

1941 4404 2121 4463 Patre.
2157 4407 2224 4462 Et
2252 4410 2324 4464 ita
2358 4413 2459 4466 hac
2491 4415 2832 4482 expositione
2874 4419 3003 4475 dicti
3054 4425 3330 4481 notionem
3383 4445 3516 4486 con-

1942 4500 2162 4552 cordem
2205 4516 2329 4555 cum
2372 4518 2562 4558 eorum
2617 4510 2908 4575 sententia,
2962 4515 3057 4583 qui
3113 4531 3177 4570 ex
3226 4516 3388 4575 Patre
3419 4538 3517 4593 per

1939 4587 2137 4644 Filium
2177 4607 2303 4648 esse
2333 4594 2598 4664 Spiritum
2632 4601 2995 4670 tradiderunt,
3021 4605 3215 4666 cilicio.
3256 4611 3327 4667 Ut
3369 4587 3514 4671 enim

1938 4682 2017 4734 illi
2060 4697 2126 4738 ex
2154 4681 2317 4741 Patre
2348 4700 2446 4756 per
2472 4686 2672 4743 Filium
2705 4689 2970 4759 Spiritum
3001 4695 3269 4765 dicentes,
3312 4717 3419 4759 non
3457 4717 3517 4760 ut

1940 4772 1993 4826 in
2021 4773 2127 4828 duo
2160 4773 2466 4843 dividentes
2483 4793 2702 4834 causam
2733 4779 3125 4854 Spiritus,illud
3151 4791 3512 4862 atIirmaruut,

1940 4863 2034 4919 sed
2075 4869 2475 4935 tantummodo,
2502 4880 2560 4925 ut
2598 4876 3039 4947 comprobarent,
3089 4879 3356 4953 Spiritum
3406 4903 3518 4944 non

1943 4960 2260 5017 immediate
2327 4979 2393 5018 ex
2439 4966 2600 5022 Patre
2659 4972 2970 5038 provenire.
3004 4973 3252 5040 Quanam
3315 4981 3517 5035 etenim

1945 5051 2157 5106 ratione
2187 5053 2355 5107 trium
2399 5055 2764 5126 bypostaseon
2809 5063 3140 5121 cohaerentia
3188 5067 3518 5139 intelligere-
3566 5069 3587 5103 δ”

1941 5150 2052 5208 tur,
2100 5161 2119 5195 ι
2177 5145 2231 5198 [ἱ
2265 5147 2459 5204 tertius
2483 5150 2675 5206 ordine
2697 5150 2934 5222 Spiritus
2959 5169 3183 5215 sanctus
3213 5177 3232 5211 ι
3254 5169 3308 5213 ut
3329 5158 3518 5214 Basilii

1939 5235 2125 5290 verbis
2157 5245 2301 5302 utar,
2341 5256 2361 5290 ι
2399 5253 2498 5310 per
2545 5239 2741 5298 Filium
2793 5246 2993 5303 ordine
3041 5251 3370 5316 secundum,
3399 5250 3520 5306 Dei-

1941 5341 2082 5397 geno
2113 5331 2386 5402 principio
2420 5334 2877 5407 conjungeretur?
2907 5356 2926 5390 ι
2967 5339 3114 5396 Patri
3171 5341 3405 5406 scilicet,
3439 5343 3522 5398 sic

1941 5431 1997 5476 et
2044 5435 2272 5480 sanctus
2317 5426 2419 5483 iste
2473 5429 2812 5500 praiutelligi
2859 5431 3052 5490 dicens
3111 5431 3326 5490 Patrem
3376 5434 3520 5492 Filio

1945 5513 2158 5570 ratione
2185 5531 2390 5581 causae,
2413 5521 2556 5589 quod
2581 5536 2646 5575 ex
2675 5520 2837 5578 Patre
2870 5523 3040 5580 Filius
3079 5525 3171 5588 sit,
3217 5540 3518 5600 rursusque

1949 5605 2288 5676 unigenitum
2321 5613 2655 5685 praaintelligi
2703 5613 2938 5685 Spiritus
3002 5618 3282 5687 hypostasi
3321 5636 3523 5677 secun-

1946 5698 2078 5752 dum
2111 5715 2294 5756 causa:
2318 5705 2611 5770 rationem,
2662 5709 2807 5777 quod
2847 5721 2945 5776 per
2998 5706 3197 5764 Filium
3257 5709 3516 5782 Spiritus,

1949 5807 2058 5848 non
2091 5793 2228 5852 duas
2270 5795 2509 5869 Spiritus
2555 5815 2752 5856 causas
2775 5801 3126 5858 asseveravit.
3159 5803 3224 5860 Et
3253 5804 3518 5886 Sanctum

3101 5894 3136 5957 3
