4058 6412
2368 233 2401 250 φ

559 348 636 411 ’ῖὸ
1643 340 1853 407 JOAN.
1892 344 2101 407 VECCI

2223 348 2258 407 ’.
2299 347 2811 411 PATRIARCILE
3746 363 3818 430 τῦ

565 475 673 516 non
708 459 775 516 ad
805 457 1159 515 insinuandas
1184 460 1321 514 duas
1355 471 1552 511 causas
1598 456 1652 510 id
1688 455 2026 518 enuntiasse.
2076 471 2122 509 ιιι

2246 458 2459 529 Πατρδς
2484 463 2511 513 ό
2544 460 2692 525 Υίδς,
2726 463 2823 516 καὶ
2854 463 3013 519 πάλιν
3040 466 3130 520 τὸν
3159 468 3445 540 Μονογενῆ
3476 471 3814 547 προοεωρεῖι

564 557 656 618 iis,
713 569 837 625 quae
892 553 1018 608 alibi
1056 551 1213 616 dixit,
1275 548 1741 620 comprobabitur,
1804 547 1908 602 hoc
1953 557 2134 618 pacto.

560 646 809 719 Namque
855 647 1031 717 prima
1086 645 1349 699 adversus
1379 641 1709 697 Eunomium
1748 641 2137 704 Antirrhetica,

559 742 719 812 cujus
761 739 1107 810 principium,
1147 754 1167 788 ι
1204 735 1369 802 Fieri,
1400 744 1460 790 ut
1508 734 1742 796 videtur,
1776 748 1884 787 non
1936 742 2136 803 potest,

520 862 525 865 -
561 848 625 889 ut
656 836 780 905 quis
809 832 878 887 de
907 832 1164 885 omnibus
1205 829 1344 883 bene
1395 828 1615 894 mereri,
1645 846 1665 880 ι
1695 827 1812 882 ιιωο
1840 825 1918 881 ait
1946 842 1960 879 :
1999 843 2019 877 ι
2056 824 2137 881 Ex

556 926 804 995 ingenito
821 923 935 979 sole
978 922 1142 975 alium
1181 920 1352 976 solem
1398 917 1594 973 Filium
1633 917 2003 985 intelligimus,
2041 913 2134 984 qui

556 1000 723 1074 simul
779 1030 902 1068 cum
964 1014 1144 1081 primo
1187 1009 1514 1082 cogitatione
1570 1024 1667 1079 per
1727 1008 2133 1078 generationem

561 1110 821 1172 illuxerit,
842 1116 896 1161 et
924 1106 980 1159 in
1015 1105 1274 1158 omnibus
1305 1102 1532 1170 adaeque
1566 1116 1624 1156 se
1651 1100 1899 1155 habens:
1940 1108 1994 1153 et
2017 1113 2137 1152 rur-

553 1216 654 1257 sus
721 1197 866 1252 aliud
921 1195 1099 1251 simile
1144 1195 1330 1248 lumen
1398 1192 1467 1248 ad
1520 1191 1839 1262 praedictum
1889 1189 2130 1253 modum,

562 1291 714 1345 nullo
739 1286 1025 1358 temporali
1068 1284 1352 1340 intervallo
1388 1298 1417 1337 a
1464 1281 1669 1336 lumine
1698 1280 1881 1352 genito
1926 1279 2135 1335 abscis-

550 1396 702 1444 sum,
733 1380 827 1435 sed
863 1393 957 1449 per
999 1379 1176 1447 ipsum
1195 1375 1454 1446 equidem
1479 1373 1764 1441 effulgens,
1802 1370 2128 1442 principium

557 1488 688 1527 vero
715 1487 829 1527 sua:
855 1472 1208 1543 hypostaseos
1229 1483 1259 1523 a
1282 1476 1569 1539 prototjpo
1598 1464 1806 1520 lumine
1830 1463 2128 1533 accipiens,

551 1572 738 1619 lumen
758 1563 977 1634 quidem
1003 1569 1058 1616 et
1090 1561 1265 1630 ipsum
1299 1559 1364 1613 ad
1414 1557 1826 1612 similitudinem
1872 1555 2126 1627 praecepti

554 1650 792 1711 lumini:
818 1658 1004 1708 lucens
1025 1661 1079 1709 et
1098 1651 1434 1707 illuminans.
1464 1667 1484 1701 ι
1511 1648 1839 1715 Considera,
1873 1647 2127 1718 quisquis

550 1763 636 1814 es,
671 1748 718 1802 si
774 1747 925 1811 libet,
959 1746 1013 1799 in
1038 1742 1309 1815 profundo
1333 1741 1622 1798 sententia:
1655 1740 1989 1809 theologiam
2030 1740 2127 1795 ab-

2245 550 2370 603 σθαι
2397 553 2498 621 τῆς
2529 553 2625 606 τοῦ
2660 554 2981 626 Πνεύματος
3012 560 3368 626 ὑποστάσεως
3409 563 3554 620 κατὰ
3597 567 3690 620 τδν
3716 568 3816 637 τῆς

2242 643 2422 709 αίτίας
2453 644 2642 714 λόγον,
2685 649 2767 701 δτι
2801 649 2891 703 διὰ
2921 651 3016 705 τοῦ
3048 652 3179 706 Υἰοῦ
3203 655 3266 708 τδ
3296 656 3543 727 Πνεῦμα,
3575 659 3694 729 οὐχὶ
3720 659 3814 713 δύο

2239 731 2340 795 τὰς
2374 735 2552 799 αἰτίας
2594 738 2689 790 τοῦ
2754 740 3076 809 Πνεύματος
3109 744 3322 815 εἴρηκε.
3359 746 3470 800 Καὶ
3498 750 3579 800 ὅτι
3603 749 3701 801 οὐκ
3730 752 3815 813 εἰς

2240 822 2335 877 δύο
2364 826 2552 881 αἰτίων
2578 829 2786 885 ἔννοιαν
2812 832 3033 904 εἴρηκεν
3080 838 3107 889 ό
3134 836 3289 905 ἅγιος
3315 836 3492 902 τοῦτο,
3522 841 3584 893 ἐκ
3615 842 3720 894 τῶν
3755 845 3814 896 ἐν

2240 914 2420 981 ἄλλοις
2450 920 2759 990 εἰρημένων
2781 924 2929 990 αὐτῷ
2964 925 3222 997 συστήσει
3256 931 3283 981 ὁ
3312 929 3493 998 λόγος.
3521 924 3693 996 Οὗτος
3718 934 3813 987 καὶ

2238 1007 2347 1095 γαρ
2374 1010 2429 1063 ἐν
2454 1010 2528 1081 τῷ
2552 1013 2755 1083 πρώτῳ
2777 1014 2884 1069 τῶν
2905 1019 3043 1088 πρὸς
3066 1019 3331 1090 Εὐνόμιον
3365 1023 3808 1095 Ἀντιρρητικῶν,

2235 1092 2297 1151 οῦ
2332 1101 2364 1169 ή
2408 1101 2586 1171 ἀρχὴ*
2626 1122 2643 1155 ι
2685 1105 2799 1159 Οὐκ
2829 1103 2921 1178 ἦν,
2952 1109 3026 1172 ὡς
3057 1109 3235 1177 ἔοικε,
3266 1111 3327 1165 τδ
3355 1092 3561 1177 πάντας
3603 1092 3810 1168 ἐθέλειν

2236 1187 2577 1260 εὐεργετεῖν,
2633 1214 2652 1246 ι
2701 1195 2845 1251 οὕτω
2881 1198 3078 1271 φησιν’
3115 1220 3132 1253 ι
3189 1202 3278 1269 Ἐξ
3313 1204 3610 1275 ἀγεννήτου
3655 1206 3808 1276 tilica

2235 1281 2393 1336 ἄλλον
2423 1284 2579 1354 ἥλιον
2613 1285 2705 1341 τὸν
2747 1288 2877 1343 Υἰδν
2914 1291 3169 1363 νοοῦμεν,
3203 1295 3338 1364 ὁμοῦ
3368 1298 3434 1368 τῇ
3453 1296 3547 1350 τοῦ
3585 1300 3808 1369 πρώτου

2234 1376 2456 1447 ἐπινοίᾳ
2494 1380 2769 1450 γεννητῶς
2824 1382 2974 1453 αὐτῷ
3017 1384 3493 1458 συνεκλάμποντα,
3527 1393 3621 1441 καὶ
3668 1394 3811 1446 κατὰ

2237 1468 2415 1522 πάντα
2453 1468 2712 1535 ὡσαύτως
2745 1472 2974 1544 ἔχοντα’
3004 1495 3023 1529 ι
3053 1479 3146 1532 καὶ
3170 1480 3331 1535 πάλιν
3351 1498 3364 1512 ·
3396 1499 3416 1534 ι
3445 1482 3672 1554 Ἕτερον
3702 1501 3813 1537 τοι-

2234 1555 2393 1612 οῦτον
2444 1561 2560 1628 φῶς
2612 1561 2673 1615 τὸ
2700 1563 2924 1636 Πνεῦμα
2960 1569 3104 1624 κατὰ
3152 1571 3244 1624 τὸν
3274 1572 3439 1627 αὐτὸν
3470 1574 3692 1642 τρόπον,
3742 1575 3808 1628 οὺ

2233 1650 2469 1721 χρονικῷ
2508 1669 2616 1707 τινι
2640 1653 2967 1726 διαστήματι
2989 1661 3083 1714 τοῦ
3113 1663 3375 1734 γεννητοῦ
3402 1667 3582 1734 φωτὸς
3610 1668 3814 1721 ἀποτε-

2236 1743 2525 1813 μνόμενον,
2574 1747 2710 1802 ἀλλὰ
2737 1748 2805 1802 δι’
2837 1751 3002 1806 αὑτοῦ
3032 1753 3130 1824 μὲν
3160 1754 3459 1827 ἐκλάμπον,
3496 1757 3594 1830 τὴν
3621 1758 3679 1813 δὲ
3707 1760 3809 1829 τῆς

552 1843 828 1902 ditam,et
891 1805 1057 1908 quam
1113 1835 1477 1890 libentissime
1526 1843 1777 1889 sanctum
1837 1805 2122 1887 exoscula-

2237 1805 2249 1812 '
2343 1805 2355 1813 '
2511 1805 2520 1809 '
2987 1805 2990 1806 ⁷
3032 1805 3120 1824 Κ“⁷
3165 1805 3459 1827 ”""'r""'7
3507 1805 3586 1830 "J'
3625 1805 3677 1813 "
3718 1805 3803 1829 '1‘

2233 1833 2584 1899 ὑποστάσεως
2613 1838 2793 1892 αἰτίαν
2833 1840 2971 1910 ἔχων
3000 1846 3064 1896 ὲκ
3085 1848 3177 1899 τοῦ
3217 1851 3572 1919 πρωτοτῠπου
3604 1850 3803 1918 φωτὸς.

552 1934 721 1990 beris.
752 1932 882 1997 Quae
916 1930 1063 1985 enim
1112 1928 1186 1982 ibi
1248 1925 1583 1982 dictionibus
1632 1922 1761 1978 aliis
1809 1922 2125 1992 expressit:

558 2045 580 2079 ι
618 2024 859 2086 Patrem,
892 2039 912 2072 I
974 2018 1248 2082 astruens,
1279 2035 1300 2069 ι
1354 2016 1498 2071 Filio
1543 2015 1885 2086 prreintelligi
1936 2029 2126 2083 causa,

550 2114 751 2172 Filium
797 2126 927 2168 vero
975 2109 1310 2181 praeintelligi
1372 2107 1578 2179 Spiritu
1613 2106 1916 2162 secundum
1950 2120 2129 2161 causae

551 2210 844 2269 rationem,
881 2222 904 2257 ι
944 2202 1065 2256 aliis
1103 2212 1266 2271 atque
1298 2200 1419 2254 aliis
1455 2200 1547 2253 hic
1576 2197 1895 2268 explanavit
1925 2214 1940 2249 :
1968 2212 2127 2251 nam-

550 2290 658 2373 que
684 2315 815 2352 cum
846 2294 1098 2359 dixisset,
1126 2308 1147 2343 σ
1183 2306 1249 2345 ex
1297 2290 1538 2360 ingenito
1585 2289 1725 2354 'sole,
1759 2287 1930 2343 solem
1961 2286 2126 2342 alium

506 2404 525 2409 ί
550 2392 749 2448 Filium
768 2389 1146 2457 intelligimus,
1164 2397 1466 2453 rursusque
1490 2382 1636 2437 aliud
1666 2382 1847 2437 simile
1866 2381 2072 2442 lumen,
2101 2397 2119 2431 ι

551 2483 810 2555 Spiritus,
853 2480 1080 2535 minime
1122 2474 1407 2541 adnexuit,
1440 2473 1595 2533 nullo
1642 2472 1904 2543 temporis
1956 2472 2127 2527 inter.

552 2578 692 2632 vallo
721 2575 1029 2631 abscissum
1070 2573 1250 2641 ipsum
1296 2567 1364 2622 ab
1414 2567 1655 2636 ingenito
1698 2565 1927 2628 lumine.
1979 2565 2125 2636 quod

549 2667 705 2725 innui
733 2663 1093 2726 contendunt,
1132 2660 1227 2731 qui
1254 2658 1628 2714 immediatum
1663 2656 1814 2711 illum
1849 2672 1917 2711 ex
1964 2654 2127 2712 Patre

550 2759 810 2822 fatentur,
846 2754 940 2809 sed
970 2753 1232 2816 suh‘ilidit,
1266 2768 1285 2801 ι
1335 2750 1486 2804 nullo
1526 2748 1789 2818 temporis
1837 2748 2124 2801 intervallo

549 2867 581 2904 a
621 2850 805 2919 genito
829 2846 1035 2899 lumine
1065 2843 1407 2907 abscissum;
1433 2839 1526 2895 sed
1545 2854 1644 2909 per
1674 2840 1849 2910 ipsum
1877 2838 2122 2903 elucens,

549 2953 606 2998 et
657 2943 1013 3012 hypostaseos
1062 2948 1283 2989 causam
1328 2932 1598 3003 accipiens
1652 2944 1682 2985 a
1715 2938 2006 3001 prototypo
2036 2928 2123 2983 lu-

553 3037 719 3094 mine.
758 3052 778 3086 ι
823 3033 959 3086 Dum
1020 3029 1167 3084 enim
1212 3027 1343 3082 dicit
1375 3041 1442 3081 ex
1494 3024 1737 3094 ingenito
1791 3023 1906 3078 sole
1951 3022 2121 3076 solem

548 3126 739 3187 alium,
782 3121 977 3176 Filium
1007 3117 1358 3187 intelligimus
1382 3115 1546 3171 simul
1577 3129 1699 3169 cum
1739 3113 1899 3183 primi
1946 3110 2121 3165 medi-
2146 3142 2193 3204 ο

550 3219 760 3273 talione
788 3231 884 3284 per
910 3209 1318 3282 generatitxnem
1345 3221 1452 3261 una
1493 3205 1970 3264 collucescentem,
2020 3202 2121 3255 imo

553 3309 845 3367 mediatam
875 3302 1053 3358 Patris
1090 3309 1146 3354 et
1207 3298 1330 3352 Filii
1377 3293 1683 3352 naturalem
1738 3302 1793 3346 ct
1848 3291 2120 3345 essentia-

549 3404 656 3458 lem
689 3393 1097 3469 repraesentavit
1119 3391 1382 3446 unitatem
1415 3406 1429 3442 :
1459 3400 1582 3441 cum
1610 3399 1739 3438 vero
1787 3381 1919 3436 dicit
1945 3379 2117 3450 Spiri-

546 3505 665 3550 tum
706 3491 853 3547 aliud
886 3506 918 3545 a
971 3486 1153 3558 genito
1182 3483 1389 3538 lumine
1442 3479 1629 3534 lumen
1658 3493 1765 3531 non
1791 3473 2117 3537 abscissum,

549 3584 786 3655 Spiritus
818 3593 1013 3636 rursus
1037 3575 1104 3631 ad
1146 3574 1343 3629 Filium
1399 3568 1706 3626 naturalem
1755 3574 1811 3620 et
1853 3564 2121 3618 essentia-

545 3679 652 3731 lem
700 3674 960 3728 unitatem
1010 3666 1301 3737 expressit.
1346 3659 1703 3718 Postmodum
1768 3672 1893 3712 eum
1964 3656 2120 3710 hisce

544 3765 876 3823 dictionibus
954 3761 1218 3830 Spiritum
1298 3754 1565 3810 univisset
1634 3766 1757 3806 cum
1819 3748 1991 3812 Filio,
2063 3757 2120 3801 et

545 3857 742 3913 Filium
794 3853 926 3912 cum“
972 3851 1157 3917 Patre,
1191 3864 1260 3905 ne
1291 3848 1559 3920 quispiam
1614 3841 1852 3914 Spiritus
1896 3856 1926 3894 a
1959 3840 2119 3895 Patre

543 3950 780 4020 aliquam
815 3940 1325 4002 secretiunemtsive
1350 3939 1680 4007 diremptum
1724 3933 2119 4003 imaginaretur

543 4035 867 4094 admirando
893 4034 1133 4105 quodam
1162 4030 1349 4095 modo,
1378 4039 1432 4084 et
1464 4043 1530 4084 ex
1560 4025 1900 4098 penitissima
1929 4038 2120 4094 specu-

541 4132 749 4186 latione
781 4129 1014 4200 petitum
1046 4122 1232 4178 statim
1267 4119 1574 4189 subiunxit,
1630 4136 1650 4168 ι
1685 4117 1779 4172 sed
1812 4131 1908 4186 per
1939 4117 2117 4185 ipsum

540 4223 787 4289 elucens,
853 4220 1211 4289 bypostaseos
1267 4227 1398 4268 vero
1454 4223 1680 4265 causam
1744 4208 1986 4264 referens
2049 4224 2115 4264 ex

540 4319 831 4380 prototypo
868 4306 1092 4375 lumine.
1120 4300 1312 4357 iVides
1340 4314 1453 4356 non
1476 4299 1612 4353 duas
1640 4312 1834 4353 causas
1865 4290 2117 4353 astruen-

541 4414 649 4458 tem
748 4408 998 4457 sanciunt
1098 4395 1348 4461 dixisse,
1410 4411 1428 4445 ι
1492 4383 1829 4462 przeintelligi
1894 4391 2111 4461 quidem

540 4495 753 4549 Patrem
789 4490 931 4551 Filio
952 4503 1154 4559 causa;
1197 4485 1535 4557 prmintclligi
1583 4497 1713 4539 vero
1749 4482 1941 4538 Filium
1992 4483 2114 4553 Spi-
2147 4476 2191 4531 ι)

539 4585 683 4639 ritus
735 4579 1015 4653 hypostasi
1064 4577 1366 4635 secundum
1399 4589 1582 4632 causa
1628 4574 1932 4628 rationem?
1963 4593 1983 4627 ι
2018 4575 2113 4629 At-

540 4674 705 4729 tende
727 4680 782 4728 et
831 4667 1230 4740 comprehende
1283 4678 1395 4721 nou
1448 4667 1613 4720 aliam
1666 4668 1736 4721 ob
1809 4678 2028 4720 cauam:
2080 4680 2110 4718 a

541 4774 739 4823 saneto
767 4760 860 4819 illa
895 4761 1101 4829 scripta
1137 4772 1277 4824 esse,
1313 4758 1417 4812 nisi
1475 4765 1534 4811 ut
1563 4756 1741 4810 oratio
1792 4754 1938 4810 illius
1980 4752 2112 4810 edo~

538 4866 708 4919 ceret,
736 4852 1033 4913 naturalem
1056 4863 1108 4907 et
1137 4850 1481 4906 essentialem
1538 4848 1778 4918 Spiritus
1826 4848 2109 4911 unionem,

541 4963 651 5003 non
680 4945 991 5001 immediate
1026 4956 1147 4999 esse
1179 4943 1249 4998 ad
1307 4939 1547 5007 Patrem,
1608 4942 1703 4996 sed
1755 4956 1852 5011 per
1886 4939 2105 4997 Filium.

541 5039 600 5092 Si
631 5039 813 5109 itaque
843 5050 910 5093 ex
969 5034 1126 5091 Patre
1165 5050 1261 5105 per
1303 5031 1503 5089 Filium
1565 5031 1828 5103 Spiritum
1881 5045 2004 5089 esse
2054 5035 2109 5086 in

540 5135 683 5187 hanc
741 5131 1064 5186 sententiam
1123 5126 1351 5198 accipis,
1403 5127 1717 5197 quicunque
1764 5125 1972 5188 fueris,
2013 5125 2106 5195 qui

538 5236 728 5280 eorum
791 5221 889 5293 qui
947 5236 1038 5277 res
1098 5218 1436 5291 theologicas
1484 5227 1907 5288 pertractarunt,
1943 5216 2105 5273 verba

536 5332 692 5387 tuque
725 5317 912 5372 animo
948 5315 1127 5379 aridis,
1169 5327 1277 5369 non
1314 5312 1455 5366 nltra
1513 5311 1611 5365 tibi
1662 5308 1884 5364 diilicile
1919 5309 2107 5365 existi-

536 5412 773 5466 mabltur
821 5423 945 5464 eum
999 5406 1242 5462 Ecclesia
1299 5403 1545 5458 Romana
1597 5403 1762 5455 uniri.
1806 5399 1926 5455 Non
1958 5402 2109 5456 enim

536 5504 631 5573 qui
680 5503 870 5557 dicunt
920 5501 1158 5555 Romani
1212 5497 1478 5568 Spiritum
1534 5511 1599 5551 ex
1650 5494 1812 5551 Putre
1861 5505 1915 5550 et
1966 5495 2106 5552 Filio

536 5597 850 5665 procedere,
881 5592 1061 5666 statim
1094 5601 1148 5645 et
1176 5591 1314 5659 duas
1348 5586 1585 5655 Spiritus
1618 5600 1813 5640 causas
1843 5586 2101 5642 fatentur.

535 5687 783 5757 quinimo
818 5684 952 5739 ditis
998 5693 1256 5750 tanquam
1319 5678 1677 5734 inl‘ensissimi
1709 5676 1993 5745 devorent,
2049 5688 2104 5735 et

535 5782 877 5834 attamenaale
915 5775 1216 5844 subjiciunt
1249 5787 1401 5839 eum,
1436 5772 1530 5842 qui
1591 5770 1768 5827 simile
1819 5775 2095 5846 quidpiam

2233 1925 2348 1993 φῶς
2378 1928 2563 1996 μέντοι
2592 1930 2688 1983 καὶ
2719 1933 2853 1986 αὐτὸ
2879 1934 3000 1987 καθ’
3031 1938 3323 2007 ὁμοιότητα
3345 1940 3440 1993 τοῦ
3472 1960 3808 2014 προεπινοη-

2233 2015 2417 2080 θέντος
2448 2019 2667 2091 λάμπον
2710 2024 2807 2077 καὶ
2834 2026 3092 2094 φωτίζον.
3127 2047 3145 2081 ι
3192 2030 3391 2085 Σκόπει
3419 2034 3445 2085 ὁ
3473 2032 3811 2104 βουλόμενος

2229 2108 2464 2162 ενταῦθα
2495 2110 2595 2183 τὴν
2642 2112 2721 2184 τῷ
2742 2113 2897 2184 βάθει
2933 2116 3027 2170 τοῦ
3058 2116 3224 2190 ῥητοῦ
3272 2122 3596 2196 έγκειμένην
3626 2123 3811 2179 Θεολοο

2230 2199 2375 2268 γίαν,
2414 2201 2507 2254 καὶ
2562 2204 2770 2275 σφόδρα
2796 2206 2887 2259 τὸν
2942 2208 3099 2276 ἆγιον
3144 2212 3403 2285 ἀποδέξῃ.
3434 2215 3501 2267 ’Ἃ
3550 2215 3658 2286 γὰρ
3689 2219 3813 2271 ἐκεῖ
3902 2252 3923 2265 ι

2228 2293 2288 2345 ὲν
2324 2292 2514 2357 ἄλλαις
2554 2293 2765 2362 λέξεσιν
2799 2294 2943 2368 εἷπε,
3000 2320 3017 2353 ι
3047 2301 3151 2356 Τὸν
3179 2304 3279 2373 μὲν
3302 2307 3522 2377 Πατέρα
3558 2327 3575 2359 ι
3621 2308 3781 2364 θεολο

2228 2384 2343 2453 γῶν
2384 2405 2402 2438 ι
2434 2390 2879 2457 προεπινοεῖσθαι
2938 2392 3035 2446 τοῦ
3086 2394 3217 2448 Υίοῦ
3269 2396 3349 2467 τῷ
3408 2399 3586 2469 αἰτίῳ,
3634 2401 3731 2453 τὸν
3754 2401 3810 2455 δὲ

2227 2473 2359 2530 Υἱὸν
2408 2478 2844 2549 προθεωρείσθαι
2904 2481 2998 2535 τοῦ
3050 2484 3367 2555 Πνεύματος
3419 2491 3562 2544 κατὰ
3585 2491 3676 2544 τὸν
3705 2494 3809 2564 τῆς

2228 2566 2408 2630 αἰτίας
2431 2567 2611 2636 λόγον,
2638 2588 2657 2620 ι
2692 2570 2752 2623 ἐν
2797 2571 2986 2635 ἄλλαις
3030 2574 3261 2630 ἐνταῦθα
3302 2578 3577 2649 ἐνέφηνεν.
3617 2582 3809 2638 Εἰπὼν

2227 2655 2337 2725 γὰρ
2376 2676 2395 2708 ι
2426 2657 2484 2723 ἐξ
2514 2659 2811 2729 ἀγεννήτοὺ
2844 2660 2996 2731 ἡλίου
3026 2660 3183 2716 ἄλλον
3208 2666 3359 2737 ἣλιον
3377 2670 3467 2724 τὸν
3490 2671 3617 2724 Υἰὸν
3646 2673 3800 2726 νοοῦ-

2230 2760 2352 2817 μεν,
2386 2749 2483 2801 καὶ
2543 2750 2711 2804 πάλιν
2761 2751 2950 2823 ἕτερον
2994 2755 3235 2811 τοιοῦτον
3263 2757 3376 2827 φῶς
3404 2779 3423 2812 ο
3462 2762 3521 2815 τὸ
3552 2762 3805 2834 Πνεῦμα,

2226 2841 2327 2894 οὐκ
2372 2842 2675 2912 ἐπήγαγεν,
2715 2844 2776 2896 οὐ
2815 2848 3054 2920 χρονικῷ
3099 2865 3208 2903 τινι
3242 2850 3573 2923 διαστήματι
3602 2855 3808 2911 ἀποτε-

2228 2933 2497 3004 μνόμενον
2513 2935 2643 2987 αὐτὸ
2670 2935 2765 2989 τοῦ
2796 2939 3093 3011 ἁγεννήτου
3125 2943 3324 3009 φωτὸς,
3353 2946 3491 3015 ὅπερ
3509 2950 3650 3001 νοεῖν
3669 2948 3805 3018 βού-

2224 3022 2404 3076 λονται
2455 3025 2505 3078 οἰ
2559 3027 2785 3096 ἅμέσως
2842 3028 2975 3083 αὐτὸ
3035 3030 3285 3100 λέγοντες
3308 3035 3372 3089 ἐκ
3397 3036 3630 3108 Πατρός,
3670 3042 3806 3096 ἀλλ’

2222 3111 2401 3181 εἶπεν,
2466 3132 2488 3167 ι
2512 3116 2573 3169 οὐ
2604 3118 2846 3191 χρονικῷ
2888 3138 2993 3175 τινι
3050 3122 3383 3196 διαστήματι
3410 3127 3505 3181 τοῦ
3531 3135 3801 3202 γεννητοῦ

2224 3205 2402 3274 φωτὸς
2428 3207 2922 3281 ’ἁποτεμνόμενον,
2979 3212 3118 3268 ἀλλὰ
3153 3214 3221 3270 δι’
3261 3219 3426 3272 αὐτοῦ
3459 3221 3559 3290 μὲν
3587 3224 3803 3296 ἐκλάμ-

2222 3314 2345 3366 πον,
2394 3298 2491 3370 τὴν
2522 3299 2580 3353 δὲ
2622 3302 2725 3372 τῆς
2794 3303 3145 3371 ὑποστάσεως
3196 3310 3375 3364 αἰτίαν
3430 3312 3552 3382 ἔχον
3606 3316 3671 3369 ἐκ
3701 3318 3801 3371 τοῦ

2221 3391 2582 3462 πρωτοτύπου
2642 3395 2841 3471 φωτός.
2872 3415 2893 3449 ι
2978 3399 3065 3453 Ἐν
3128 3402 3262 3470 γοῦν
3314 3402 3392 3475 τῷ
3427 3407 3623 3474 εἰπεῖν,
3701 3409 3802 3477 Ἐξ

2220 3483 2521 3556 ἀγεννήτου
2552 3484 2705 3557 ἡλίου
2739 3487 2899 3543 ἄλλον
2922 3489 3073 3560 ἥλιον
3104 3492 3197 3546 τὸν
3220 3493 3346 3548 Υἰδν
3376 3495 3626 3567 νοοῦμεν,
3654 3499 3799 3569 ὁμοῦ

2219 3576 2286 3646 τῇ
2325 3574 2419 3629 τοῦ
2464 3575 2683 3646 πρώτου
2719 3578 2935 3648 ἐπινοίᾳ
2962 3583 3236 3654 γεννητιῖμς
3278 3584 3428 3655 αὐτῷ
3483 3589 3800 3661 συνεκλάμ-

2171 3711 2176 3717 .
2221 3682 2416 3731 ποντα,
2468 3668 2569 3739 τὴν
2606 3668 2812 3740 ᾶμεσον
2840 3671 2937 3725 τοῦ
3000 3675 3213 3745 Πατρὸς
3242 3678 3337 3731 καὶ⁵
3372 3679 3504 3733 Υἰοῦ
3553 3685 3799 3757 φυσικὴν

2222 3757 2317 3811 καὶ
2345 3757 2577 3829 οὐσιὼδη
2611 3762 2957 3833 παρέστησεν
2981 3763 3176 3822 ἕνωσιν
3200 3785 3215 3800 ’
3248 3769 3307 3820 ὲν
3336 3770 3393 3824 δὲ
3427 3771 3503 3843 τῷ
3529 3775 3705 3827 εἰπεῖν
3733 3779 3800 3831 τὸ

2221 3850 2446 3921 Πνεῦμα
2474 3851 2661 3923 ἕτερον
2712 3856 2849 3922 φῶς,
2899 3856 2992 3913 τοῦ
3051 3860 3313 3931 γεννητοῦ
3346 3864 3522 3930 φωτὸς
3558 3864 3633 3937 μὴ
3660 3868 3800 3922 ἁπο-

2219 3944 2575 4013 τεμνόμενον,
2635 3946 2734 4015 τὴν
2786 3946 2879 3999 τοῦ
2943 3948 3261 4020 Πνεύματος
3331 3954 3494 4007 πάλιν
3536 3959 3674 4027 πρὸς
3703 3962 3798 4015 τὸν

2219 4032 2348 4086 Υἰὸν
2378 4034 2613 4106 φυσικὴν
2641 4039 2732 4090 καὶ
2766 4037 2995 4108 οὑσιώδη
3027 4041 3374 4109 παρέστησεν
3399 4043 3614 4100 ἕνωσιν.
3655 4038 3795 4105 Εἶτα

2221 4125 2344 4178 ἐπεὶ
2371 4128 2490 4190 ταῖς
2511 4126 2691 4194 λέξεσι
2724 4146 2736 4154 ο
2754 4131 2980 4194 ταύταις
3004 4133 3066 4184 τὸ
3101 4133 3202 4203 μὲν
3264 4136 3484 4207 Πνεῦμα
3507 4140 3687 4209 ἧνωσε
3713 4143 3794 4213 τῷ

2222 4215 2359 4287 Υίῷ,
2388 4216 2478 4270 τὸν
2544 4217 2601 4271 δὲ
2651 4218 2781 4272 Υἰὸν
2838 4220 2915 4289 τῷ
2955 4221 3152 4293 Πατρὶ,
3197 4226 3283 4279 ἵνα
3314 4228 3389 4297 μή
3427 4244 3510 4291 τις
3543 4231 3795 4300 οἱήσαιτο

2217 4306 2500 4361 διάστασίν
2549 4325 2672 4361 τινα
2732 4309 2828 4364 τοῦ
2899 4313 3218 4384 Πνεύματος
3260 4318 3368 4372 ἀπὸ
3415 4321 3508 4373 τοῦ
3550 4323 3789 4394 Πατρὺς,

2220 4397 2541 4485 θαυμασίως
2576 4400 2784 4472 σφόδρα
2821 4403 2914 4456 καὶ
2946 4404 3403 4477 θεωρητικώτατα
3425 4411 3587 4475 εὐθὺς
3618 4431 3791 4485 προσ-

2215 4490 2521 4560 επήγαγεν,
2568 4508 2587 4542 ι
2613 4491 2749 4545 ἀλλὰ
2780 4493 2849 4547 δι’
2880 4495 3047 4549 αὐτοῦ
3086 4496 3186 4567 μὲν
3241 4500 3547 4569 ἐκλάμπον,
3583 4505 3683 4576 τὴν
3728 4507 3786 4562 δὲ

2214 4581 2310 4653 τῆς
2337 4583 2689 4646 ὑποστάσεως
2736 4585 2916 4640 αἰτίαν
2982 4587 3122 4667 ἔχων
3154 4590 3218 4644 ὲκ
3265 4591 3358 4646 τοῦ
3425 4597 3787 4666 πρωτοτύπου

2215 4675 2412 4740 φωτός.
2453 4692 2471 4724 ι
2521 4674 2687 4743 Ὁρᾷς
2713 4676 2860 4741 ὅπως
2913 4679 3014 4732 οὐκ
3047 4680 3129 4743 εἰς
3181 4681 3273 4735 δύο
3300 4684 3489 4739 αἰτίων
3519 4686 3732 4743 ἔννοιαν
3761 4695 3790 4745 ό

2213 4763 2368 4830 ἅγιος
2393 4764 2583 4835 εἴρηκε
2609 4768 2669 4819 τὸ
2694 4767 3124 4839 προθεωρεῖσθαι
3174 4773 3276 4844 μὲν
3319 4776 3412 4831 τὸν
3439 4778 3657 4850 Πατέρα
3688 4782 3785 4836 τοῦ

2216 4855 2347 4909 Υίοῦ
2400 4856 2477 4927 τῷ
2501 4857 2680 4929 αἰτίῳ,
2700 4856 3147 4934 Ξτίροθεωρεϊσθαι
3177 4866 3233 4920 δὲ
3264 4868 3356 4922 τὸν
3398 4868 3525 4924 Υίὸν
3556 4873 3653 4943 τῆς
3684 4874 3783 4928 τοῦ

2214 4946 2537 5018 Πνεύματος
2568 4949 2920 5018 ὑποστάσεως
2952 4956 3093 5010 κατὰ
3146 4957 3239 5010 τὸν
3267 4957 3366 5027 τῆς
3390 4960 3570 5024 αἰτίας
3595 4960 3787 5031 λίγονς

2215 5038 2353 5108 Ὅρα
2375 5039 2471 5093 καὶ
2521 5040 2677 5106 cuius;
2710 5043 2778 5096 δι’
2804 5044 2959 5099 οὐδὲν
2994 5046 3181 5118 ἕτερον
3211 5047 3286 5120 τῷ
3314 5048 3458 5122 ἁγίῳ
3486 5052 3660 5108 ταῦτα
3683 5057 3786 5125 pq.
3856 5038 3861 5042 ’

2212 5126 2390 5196 θῆναι,
2442 5128 2556 5182 ἀλλ’
2589 5132 2679 5185 ἵνα
2706 5130 2921 5205 δηλώσῃ
2945 5136 2973 5187 ὁ
3000 5136 3154 5204 λόγος
3199 5138 3364 5193 αὑτοῦ
3395 5140 3493 5210 τὴν
3543 5143 3784 5211 φυσικὴν

2212 5219 2308 5271 καὶ
2355 5218 2589 5290 οὑσιώδη
2658 5222 2752 5275 τοῦ
2816 5224 3133 5296 Πνεῦματος
3188 5227 3387 5282 ἕνωσιν
3430 5229 3507 5302 μὴ
3557 5231 3783 5301 ἀμέσως

2210 5303 2352 5363 εἶναι
2407 5309 2544 5380 πρὸς
2590 5312 2683 5365 τὸν
2724 5314 2969 5386 Πατέρα,
3005 5315 3140 5371 ἀλλὰ
3202 5318 3272 5371 δι’
3311 5320 3467 5375 Υἰοῦ.
3493 5321 3666 5388 Εἴπερ
3688 5319 3784 5377 οῦν

2208 5401 2269 5455 τὺ
2299 5403 2364 5455 ὲκ
2398 5403 2613 5474 Harpx
2646 5405 2714 5459 δι’
2753 5407 2881 5459 Υἰοῦ
2904 5403 3051 5461 εἰναι
3071 5410 3130 5462 τὸ
3161 5410 3386 5481 Πνεῦμα
3416 5414 3497 5476 εἰς
3531 5414 3630 5484 τὴν
3663 5431 3782 5469 τοι-

2209 5495 2377 5567 αύτην
2398 5497 2609 5553 ἔννοιαν
2629 5501 2779 5570 δέχῃ,
2806 5502 2955 5566 ὅστις
2978 5503 3041 5555 ἂν
3060 5506 3154 5557 καὶ
3175 5505 3292 5575 εἰης
3328 5508 3354 5559 ὁ
3378 5506 3487 5559 τῶν
3520 5506 3779 5577 θεολογηο

2211 5585 2420 5640 σάντων
2444 5588 2512 5640 τὰ
2568 5590 2837 5659 εἰρημένα
2889 5592 3137 5662 εὐμενῶς
3181 5595 3552 5665 ἀκροώμενος,
3592 5599 3780 5650 οὐκέτι

2207 5681 2271 5733 ἄν
2306 5695 2387 5732 σοι
2445 5679 2706 5751 δυσχερὲς
2758 5683 2912 5736 οὐδὲν
2943 5685 3081 5750 ὅλως
3126 5687 3317 5759 φανείη
3371 5691 3437 5760 τῇ
3485 5688 3781 5760 Ἐκκλησία

2205 5771 2533 5843 τῆςῬὼμης
2577 5774 2842 5832 ένοῦπθαι.
2879 5779 2951 5832 Οὐ
2979 5780 3088 5850 γὰρ
3120 5781 3203 5834 ὅτι
3229 5781 3408 5840 ὲκ,τοῦ
3441 5784 3650 5853 [ἰατρὸς
3681 5782 3777 5837 καὶ
