4058 6446
298 395 364 456 77
1396 388 1494 448 DE
1534 386 1828 451 UNIONE
1869 388 2423 452 ECCLESIARUM.
3473 390 3544 452 78

295 507 388 563 τοῦ
429 502 560 561 Υίοῦ
612 500 1016 575 ἐκπορεύεσθαι
1073 502 1327 571 λέγουσιν
1380 503 1431 555 oi
1494 504 1759 574 Ῥωμαῖοι
1815 505 1876 555 τὸ

1980 503 2063 556 vel
2092 504 2319 568 sentire,
2351 503 2433 557 Vel
2470 502 2655 559 dicere
2682 503 2928 571 auserit;
2964 505 3058 560 sed
3078 504 3222 574 quod
3253 507 3549 575 procedere

295 598 546 668 Πνεῦμα,
568 596 672 668 ἥδη
724 596 824 649 κει)⁹
850 595 944 655 δύο
983 593 1159 665 ἀρχὰς
1193 590 1289 646 τοῦ
1325 594 1644 663 Πνεῦματος
1681 594 1876 661 λέγους’

296 709 380 746 σιν
413 707 433 723 ο
464 688 664 761 μᾶλλον
717 689 821 759 μὲν
876 685 971 741 οὖν
1009 687 1104 741 καὶ
1152 684 1659 755 παλαμναιοτάταις
1711 686 1872 756 ἀραῖς

294 785 390 837 καὶ
419 780 683 853 φρικώδει
707 775 1217 832 καθυποὸάλλουσιν
1252 776 1554 845 ἁναθέματι
1586 775 1678 827 τὸν
1702 774 1876 828 τοιοῦ-

294 875 387 928 τόν
407 890 465 926 τι
500 874 641 927 νοεῖν
686 871 720 940 ἢ
785 869 966 939 λέγειν
992 867 1296 937 τολμῶνταο
1331 866 1450 922 ἀλλ’
1487 868 1572 921 ὅτι
1602 867 1665 920 τὸ
1711 868 1876 920 ἐκπο-

301 966 557 1036 ρεύεσθαι
593 963 830 1032 δήλωσιν
864 960 1072 1014 οίδασιν
1122 959 1275 1028 ἔχειν
1314 957 1410 1012 τοῦ
1447 959 1511 1011 ὲκ
1533 958 1629 1011 τοῦ
1661 957 1875 1028 [ἰατρὸς

293 1056 544 1127 φυσικῶς
578 1056 675 1109 καὶ
703 1051 977 1118 οὐσιωδῶς
1014 1052 1075 1105 τὸ
1106 1050 1333 1121 Πνεῦμα
1361 1051 1630 1122 ὕπὶρχειν
1655 1069 1671 1085 ο
1699 1050 1874 1105 οίδασι

294 1150 349 1203 δὲ
380 1150 506 1211 τοὺς
562 1150 622 1201 ὲν
678 1148 789 1208 τοῖς
854 1145 1138 1216 Πατρὰσιν
1167 1143 1330 1214 ἡμῶν
1372 1142 1664 1211 θεολόγοις,
1694 1142 1874 1209 mea

296 1242 425 1295 Υίοῦ
450 1244 515 1293 τὸ
545 1239 767 1310 Πνεῦμα
818 1237 1097 1300 οὐσιωδῶς
1137 1236 1406 1307 ὑπάρχειν
1462 1234 1868 1304 Θεολογοῦντας,

295 1336 358 1387 ὲκ
400 1332 613 1402 Πατρὸς
638 1331 737 1384 καὶ
788 1329 922 1383 Υίοῦ
983 1327 1391 1399 ἐκπορεύεσθαι
1461 1326 1593 1380 αὐτὸ
1624 1328 1869 1396 λέγουσι,

292 1424 353 1477 τὸ
384 1424 447 1487 ἐξ
478 1425 683 1493 ἀμφοῖν
713 1421 992 1483 οὐσιωδῶς
1044 1420 1312 1491 ὑπάρχειν
1344 1418 1479 1472 αὐτὸ
1498 1417 1751 1473 ἐντεῦθεν
1779 1417 1874 1488 δη·

294 1514 536 1578 λοῦντες,
592 1515 766 1585 τρανῇ
823 1514 891 1584 τῇ
950 1511 1168 1584 γλώττῃ
1210 1510 1677 1580 ἁνακηρύττοντες
1710 1551 1725 1574 ,
1781 1510 1877 1564 καὶ

296 1604 427 1659 Θεὸν
485 1603 1011 1674 διαμαρτυρόμενοι,
1041 1602 1118 1665 ὡς
1174 1604 1224 1656 οἱ
1260 1602 1508 1673 Πατέρες
1554 1602 1737 1655 αὐτῶν
1761 1604 1876 1665 τοῖς

299 1696 571 1765 θεολόγοις
629 1695 911 1765 Πατράσιν
963 1693 1126 1765 ἡμῶν
1181 1692 1292 1747 τῶν
1339 1693 1593 1765 Γραικῶν
1650 1693 1877 1757 τούτους

301 1785 874 1857 κατακολουθήσαντες
903 1785 1161 1855 είρήκασι
1191 1782 1371 1838 τοῦτο.
1413 1783 1579 1846 Τίνας
1624 1780 1875 1849 λέγοντες

1978 602 2035 646 ut
2064 592 2168 661 ipsi
2201 601 2322 646 cate
2353 594 2552 659 sciunt,
2589 594 2858 663 exprimat
2897 609 2965 649 ex
3016 592 3177 650 Patre
3225 596 3549 652 naturaliter

1974 693 2028 738 et
2053 685 2422 740 essentialiter
2478 684 2744 755 Spiritum
2779 700 2922 754 esse,
2971 695 3026 743 et
3079 686 3225 758 quod
3286 700 3548 757 praeterra

1975 772 2157 828 sciunt
2193 772 2385 830 Patres
2441 785 2677 840 nostros,
2739 776 2831 847 qui
2865 777 3007 832 inter
3040 778 3325 850 theologos
3374 779 3547 835 collo-

1976 875 2194 933 cantur,
2231 876 2286 924 et
2317 884 2385 924 ex
2416 867 2555 926 Filio
2588 868 2854 940 Spiritum
2885 885 3008 926 esse
3038 871 3263 938 docent,
3297 888 3361 926 ex
3384 870 3548 927 Patrc

1975 965 2029 1010 et
2064 955 2201 1012 Filio
2230 957 2383 1012 illum
2413 960 2708 1028 procedere
2768 960 3052 1029 conﬁteri;
3101 972 3154 1017 et
3180 977 3248 1017 ex
3279 962 3562 1039 ambobus

1976 1044 2128 1101 illum
2162 1049 2530 1119 essentjaliter
2561 1064 2682 1104 esse
2707 1059 3037 1117 astruentes,
3066 1067 3264 1107 sonora
3288 1054 3584 1124 claraque:

1977 1152 2112 1193 voce
2148 1139 2493 1205 denuntiant.
2520 1149 2575 1195 et
2627 1139 2719 1195 Dei
2767 1141 2926 1197 ﬁdem
2974 1144 3349 1214 implorantes,
3396 1161 3546 1202 asse-

1975 1240 2105 1286 runt
2132 1242 2385 1303 parentes
2419 1234 2949 1303 suostbeologorum
2980 1236 3202 1291 Patrum
3235 1250 3546 1295 nostrorum

1976 1323 2293 1380 Graecorum
2327 1325 2553 1397 vestigia
2577 1338 2795 1385 secutos
2825 1331 2879 1385 id
2923 1330 3258 1386 cnuntiasse.
3298 1330 3546 1403 .Quinam

1980 1432 2110 1472 vero
2140 1417 2197 1472 bi
2222 1419 2391 1474 sunt?
2421 1419 2887 1478 Praeclarissimus
2922 1438 3263 1494 magnusque
3292 1425 3550 1491 Basilius,

1976 1508 2231 1565 excelsus
2261 1510 2862 1579 Atltanasius,divinus
2882 1513 3330 1585 Chrysostomus,
3380 1521 3553 1572 maxi-

1978 1618 2102 1657 mus
2129 1600 2386 1671 Cyr-illus,
2419 1615 2473 1660 ct
2508 1606 2600 1675 qui
2626 1606 2914 1677 plerasque
2943 1618 2995 1664 et
3045 1609 3444 1679 pulcherrimas
3482 1613 3551 1667 de

1979 1692 2207 1763 Spiritu,
2259 1696 2545 1762 oratione,
2592 1700 2865 1769 Ancyroto
2918 1701 3102 1769 dicta,
3145 1703 3549 1772 speculationcs

1980 1774 2222 1852 tradidit,
2255 1787 2721 1856 speculationibus
2751 1792 3068 1860 aptissimus
3092 1792 3449 1864 Epiphanius.

308 1885 548 1949 106100;;
583 1883 691 1936 Τὸν
715 1881 886 1934 πολὺν
908 1884 1002 1934 καὶ
1032 1881 1208 1950 μέγαν
1258 1879 1559 1946 Βασίλειον,
1582 1879 1675 1933 τὸν
1725 1877 1928 1947 ὑψηλὸν
1975 1879 2316 1948 Ἀθανάσιον,
2367 1883 2457 1936 τὸν
2525 1883 2668 1938 θεῖον
2706 1885 3116 1957 Χρυσόστομον,
3158 1887 3251 1942 τὸν
3295 1894 3551 1961 μέγιστον

304 1975 586 2047 Κύριλλον,
616 1975 711 2028 καὶ
738 1974 832 2027 τὸν
858 1972 1027 2027 πολλὰ
1056 1973 1153 2028 καὶ
1173 1971 1439 2028 κάλλιστα
1508 1972 1909 2043 θεολογήσαντα
1948 1975 2076 2044 περὶ
2118 1972 2215 2028 τοῦ
2276 1977 2596 2048 Ιινεύματος
2647 1979 2707 2030 ἐν
2774 1977 2881 2049 τῷρ
2919 1978 3063 2048 λόγῳ
3094 1979 3172 2049 τῷ
3234 1980 3554 2057 καλουμένῳ

307 2065 641 2140 Ἄγκυρωτῷ
686 2065 1177 2138 θεωρητικὼτατον
1220 2064 1566 2133 Ἐπιφάνιον.

365 2159 467 2227 κζ’.
499 2162 656 2232 Τάχα
685 2161 743 2215 δὲ
768 2163 870 2215 οὐκ
918 2161 1126 2232 ἀπᾷδον
1181 2159 1262 2229 τῷ
1319 2158 1413 2212 τοῦ
1443 2158 1606 2228 λόγου
1659 2156 1873 2228 σκοπῷ,

2045 2160 2136 2216 27.
2152 2160 2313 2218 Forte
2337 2178 2466 2220 vero
2492 2180 2601 2220 non
2630 2168 2698 2222 ab
2722 2169 2989 2226 orationis
3020 2185 3185 2243 scopo
3202 2175 3550 2244 aberravero,

293 2253 388 2307 καὶ
410 2254 604 2323 ῥήσεις
646 2251 827 2307 αὐτῶν
853 2251 952 2316 τὰς
980 2251 1250 2323 ἁριδήλως
1279 2249 1674 2321 διατρανούσας
1692 2249 1869 2318 ὑπάρ-

289 2363 409 2417 χειν
438 2346 498 2398 sb
517 2344 745 2416 Πνεῦμα
767 2345 863 2399 καὶ
885 2345 951 2398 ὲκ
981 2345 1075 2398 τοῦ
1100 2343 1236 2397 Υίοῦ
1253 2343 1706 2414 ὲγκαταστρῶσαι
1736 2340 1872 2411 τῷδε

291 2438 372 2507 τῷ
410 2436 578 2504 λόγῳ,
613 2438 688 2501 ὡς
719 2440 813 2492 ἐπὶ
836 2435 1038 2501 λέξεων
1071 2437 1308 2508 ἔχουσιν,
1342 2435 1371 2489 ὃ
1393 2435 1457 2506 δή
1496 2434 1699 2505 μοικαὶ
1726 2432 1872 2501 γίνε-

288 2548 404 2586 ται.
441 2530 657 2587 Αὐτίκα
685 2531 715 2584 ὀ
756 2531 931 2601 μέγας
974 2529 1259 2594 Βασίλειος
1319 2530 1376 2581 ὲν
1405 2527 1486 2599 τῷ
1543 2528 1715 2597 τρίτῳ
1763 2525 1871 2579 τῶν

293 2622 431 2690 πρὸς
459 2622 728 2693 Εὐνόμιον
771 2623 1223 2695 Ἀντιρῥητικῶν,
1250 2614 1369 2693 ob!)
1424 2621 1589 2692 ἀρχὴ,
1623 2638 1643 2672 ι
1699 2619 1872 2682 Μόλις

293 2720 426 2772 ποτὲ
454 2718 741 2789 κορεσθεὶς
765 2719 874 2773 τῶν
905 2720 986 2782 είς
1012 2719 1103 2775 τὸν
1132 2717 1417 2789 Μονογενῆ
1450 2716 1869 2786 βλασφημιῶν,›

291 2811 451 2881 φησί·
495 2829 516 2865 ι
553 2810 650 2873 Τίς
671 2811 779 2882 γὰρ
809 2811 1044 2880 ἀνάγκη,
1113 2811 1163 2863 εί
1212 2808 1289 2880 τῷ
1343 2809 1614 2879 ἀξιώματι
1666 2807 1759 2860 καὶ
1804 2810 1871 2879 τῇ

289 2903 447 2968 τάξει
477 2903 663 2973 τρίτον
693 2903 938 2973 ὑπάρχει
1001 2901 1062 2955 τὸ
1082 2900 1333 2969 Πνεῦμα,
1360 2898 1544 2970 τρίτον
1573 2893 1714 2952 εἶναι
1740 2899 1874 2952 αὐτὸ

292 2997 390 3049 καὶ
418 2997 489 3065 τῇ
521 2994 721 3063 φύσεις
770 2993 1072 3064 ’Δξιὼματι
1117 2992 1219 3065 μὲν
1271 2993 1383 3062 γὰρ
1408 2990 1749 3062 δευτερεύειν
1776 2987 1873 3043 τοῦ

293 3088 452 3153 Υἰοῦ,
481 3087 611 3158 παρ’
641 3087 808 3141 αὐτοῦ
837 3086 901 3140 τὸ
923 3082 1062 3139 εἶναι
1085 3087 1231 3157 ἔχον,
1261 3084 1353 3138 καὶ
1376 3081 1510 3152 παρ’
1539 3083 1708 3137 αὐτοῦ
1737 3082 1877 3153 λαμ-

293 3183 462 3237 εὰνον
495 3183 592 3234 καὶ
618 3179 955 3249 ἀναγγέλλον
980 3180 1133 3248 ἡμῖν,
1182 3178 1277 3231 καὶ
1308 3175 1445 3247 ὅλως
1503 3176 1731 3245 ἐκείνης’
1775 3175 1874 3245 τῆς

290 3272 477 3335 αἰτίας
507 3270 844 3342 ἐξημμένον,
878 3270 1252 3340 παραδίδωσιν
1273 3270 1303 3323 ὁ
1330 3267 1429 3338 τῆς
1478 3265 1760 3329 εὐσεϐείας
1789 3266 1876 3320 λό-

290 3378 412 3433 γος’
447 3363 614 3432 φύσει
643 3364 701 3417 δὲ
730 3363 895 3435 τρίτῃ
932 3361 1169 3434 χρῆσθαι
1196 3360 1322 3416 οὔτε
1350 3359 1503 3431 παρὰ
1531 3359 1646 3413 τῶν
1699 3359 1877 3425 ἁγίων

1979 2254 2027 2308 si
2058 2259 2379 2312 eorumdem
2411 2258 2556 2315 dicta
2591 2263 2771 2331 palam
2806 2266 3098 2333 edicentia,
3127 2283 3251 2325 esse
3288 2270 3549 2341 Spiritum

1976 2354 2033 2401 et
2061 2362 2127 2405 ex
2160 2347 2319 2416 Filio,
2349 2351 2405 2407 in
2433 2352 2539 2407 hoc.
2576 2355 2983 2413 Commentario
3027 2359 3319 2430 ipsisstmis
3359 2380 3551 2422 eorum

1979 2442 2162 2496 verbis
2195 2457 2487 2513 apponam,
2529 2450 2675 2516 quod
2714 2456 2959 2503 actutum
3008 2466 3295 2523 exsequor.
3331 2453 3551 2514 Primus

1980 2542 2206 2588 sanctus
2256 2532 2495 2590 Basilius
2536 2538 2785 2593 oratione
2821 2541 3000 2605 tertia,
3052 2544 3316 2602 adversus
3364 2548 3553 2607 Euno-

1980 2625 2153 2679 mium
2214 2625 2609 2693 Antirrbctica,
2640 2629 2801 2698 cujus
2833 2633 3187 2704 principium,
3233 2654 3253 2688 ι
3299 2635 3395 2692 Vix
3425 2647 3556 2694 tan-

1980 2717 2102 2772 dem
2158 2718 2454 2788 aliquando
2501 2732 2849 2779 exsaturatus
2881 2724 2935 2780 in
2980 2723 3329 2798 Unigenitnm
3363 2733 3554 2791 eﬂ‘usis

1980 2809 2356 2880 blasphemiis,
2401 2831 2420 2865 ι
2459 2813 2594 2869 dicit
2628 2830 2642 2868 :
2699 2833 2719 2866 ι
2752 2814 2883 2882 Qua:
2910 2819 3055 2873 enim
3091 2827 3387 2880 necessitas
3444 2837 3553 2892 est,

1980 2899 2025 2956 si
2058 2901 2320 2972 dignitate
2359 2912 2415 2959 et
2448 2905 2642 2960 ordine
2672 2907 2868 2964 tertius
2905 2918 2988 2965 est
3034 2908 3294 2984 Spiritus,
3332 2919 3555 2973 tertium

1979 3008 2197 3065 quoque
2215 3010 2337 3052 esse
2356 2997 2606 3053 eumdem
2640 3008 2836 3056 natura
2853 3002 2875 3056 ?
2895 3001 3168 3074 Dignitate
3186 3007 3331 3062 enim
3359 3024 3559 3067 secun-

1983 3086 2112 3139 dum
2145 3102 2270 3143 esse
2307 3104 2336 3142 a
2370 3086 2528 3157 Filio,
2573 3091 2642 3146 ab
2676 3091 2794 3162 ipso
2825 3109 2949 3149 esse
2984 3097 3370 3165 possidentem,
3403 3104 3556 3156 etab

1982 3175 2104 3244 ipso
2152 3177 2533 3246 accipientem,
2589 3188 2643 3236 et
2687 3183 2849 3239 nobis
2898 3185 3346 3255 denuntiantem,
3393 3201 3448 3246 ct
3496 3194 3552 3248 in

1982 3279 2196 3322 summa
2237 3269 2306 3322 ab
2334 3285 2396 3324 ea
2445 3286 2610 3326 causa
2648 3274 3066 3344 dependentem,
3119 3281 3286 3337 tradit
3336 3283 3554 3353 pietatis

1982 3357 2124 3412 ratio
2165 3377 2178 3413 :
2214 3361 2310 3415 sed
2339 3372 2532 3417 natura
2565 3364 2722 3419 tertia
2757 3366 2857 3433 uti,
2890 3383 3066 3439 neque
3097 3386 3125 3422 a
3157 3373 3362 3429 sanctis
3390 3371 3583 3430 Litte-.

289 3457 656 3528 δεδιδάγμεθα
704 3457 963 3530 Γραφῶν,
1007 3452 1134 3507 οὔτε
1165 3455 1231 3508 ἐκ
1262 3453 1372 3507 τῶν
1394 3453 1704 3523 εἰρημένων
1732 3450 1875 3504 κατὰ

1985 3450 2062 3505 ris
2093 3453 2411 3519 edocemur,
2440 3469 2617 3525 neque
2647 3472 2709 3511 ex
2737 3456 2844 3525 his,
2879 3474 3001 3530 quae
3035 3461 3177 3517 dicta
3208 3475 3357 3531 sunt,
3406 3479 3552 3523 recta

290 3551 352 3602 τὸ
376 3549 678 3603 ἀκόλουθον
708 3529 940 3602 δυνατὸν
975 3544 1413 3615 συλλογίζεσθαι.
1440 3545 1531 3608 Ὠς
1557 3545 1666 3615 γὰρ
1690 3545 1721 3596 δ
1743 3543 1874 3606 Υἱὸς

1980 3542 2144 3598 ducta
2187 3545 2409 3614 sequela
2437 3561 2724 3615 possumus
2769 3529 3166 3610 demonstrare.
3194 3553 3556 3622 Quemadmo-

292 3642 449 3707 τάξει
497 3643 602 3712 μὲν
649 3640 903 3710 δεύτερος
957 3639 1053 3693 τοῦ
1110 3638 1346 3708 [ἰατρὸς.
1388 3638 1472 3690 ὅτι
1505 3638 1601 3692 ἀπ’
1642 3638 1876 3704 ἐκείνου,

291 3737 389 3790 καὶ
421 3736 721 3804 ἀξίωματι,
749 3734 831 3786 ὅτι
855 3731 999 3803 ἁρχὴ
1032 3732 1130 3783 καὶ
1161 3729 1308 3783 αἰτία
1373 3728 1451 3798 τῷ
1485 3724 1625 3781 εἶναι
1659 3728 1878 3798 Πατέρα

292 3827 489 3891 αὐτοῦ,
520 3825 618 3879 καὶ
647 3826 730 3878 ὅτι
758 3824 828 3877 δι’
862 3822 1028 3875 αὐτοῦ
1060 3823 1095 3893 ἠ
1129 3820 1387 3893 πρόσοδος
1425 3820 1515 3873 καὶ
1544 3817 1881 3890 προσαγωγὴ

290 3920 433 3991 πρὸς
462 3919 557 3973 τὸν
578 3917 713 3972 Θεὸν
745 3917 840 3971 καὶ
861 3915 1103 3986 Πατέρα,
1131 3913 1292 3997 reticet
1313 3913 1373 3965 δὲ
1400 3911 1584 3964 οὐκέτι
1603 3910 1877 3978 δεύτερος,

292 4012 436 4065 διότι
460 4012 494 4080 ή
520 4010 713 4079 θεότης
742 4010 800 4062 ὲν
842 4006 1092 4077 ἐκατέρῳ
1129 4005 1249 4076 μία⁶
1297 4003 1442 4057 οὕτω
1490 4001 1734 4072 δηλονότι
1784 3999 1880 4054 καὶ

289 4105 357 4157 τὸ
386 4101 623 4173 Πνεῦμα
644 4103 706 4156 τὸ
729 4102 910 4169 Ξιγιον,
963 4100 1016 4152 εί
1048 4099 1141 4152 καὶ
1180 4095 1494 4166 ὑτωὸέϐηκε
1520 4095 1613 4149 τὸν
1634 4094 1763 4147 Υἰδν
1809 4094 1879 4164 τῇ

291 4193 453 4258 τάξει
480 4191 581 4244 καὶ
612 4190 695 4261 τῷ
721 4189 1024 4255 ἀξιώματι,
1051 4186 1241 4240 οὐκέτι
1265 4185 1331 4239 ἂν
1360 4185 1593 4246 εἰκότως
1621 4183 1693 4246 ὡς
1718 4181 1885 4235 ἀλλο-τ

290 4287 463 4357 τρίας
494 4283 746 4355 ὑπάρχον
771 4281 991 4351 φύσεως
1017 4278 1336 4332 ἀκολουθεῖν
1366 4276 1641 4347 εἴποιμεν.
1676 4293 1695 4327 ι
1738 4276 1880 4347 Ὅρα

292 4376 569 4441 ἐνταῦθα,
600 4376 751 4438 ὅπως
773 4375 803 4427 ὀ
832 4374 987 4443 ἅγιος
1019 4372 1197 4442 πάντη
1226 4370 1524 4442 διαρρήδην
1549 4369 1883 4437 διετράνωσεν

286 4472 353 4524 τὸ
385 4468 620 4537 Πνεῦμα
656 4467 808 4538 παρὰ
841 4464 939 4518 τοῦ
962 4462 1099 4517 Υίοῦ
1119 4462 1181 4517 τὸ
1209 4458 1350 4516 εἶναι
1402 4461 1546 4532 ἔχον.
1615 4460 1878 4515 Ἐνταῦθα

286 4562 350 4617 δὲ
374 4560 700 4631 γενομένοις
735 4560 869 4630 ἡμῖν
897 4556 992 4611 τοῦ
1026 4556 1209 4626 λόγου,
1256 4554 1361 4609 οὐκ
1412 4556 1645 4625 ἄκαιρον
1690 4556 1879 4608 ἐκεῖνα

288 4656 499 4718 είπεῖν,
541 4653 580 4707 a
607 4651 963 4721 παραστῆσαι
1000 4650 1216 4719 ἔχουσιν
1245 4644 1492 4718 ἀκριϐῶς
1543 4644 1627 4709 ὡς
1665 4646 1727 4699 τὸ
1766 4646 1876 4700 τῶν

298 4742 658 4815 Ἐκκλησιῶν
693 4740 992 4796 σκάνδαλον
1014 4739 1074 4806 ἐξ
1097 4737 1340 4810 ἐριθείας
1365 4732 1436 4810 ἦν
1465 4736 1534 4791 τὰ
1582 4736 1756 4792 πολλὰ
1783 4739 1878 4793 καὶ

282 4836 592 4905 ἀλογίστου
624 4834 795 4903 φορᾶς
828 4831 938 4886 τῶν
986 4829 1198 4883 πολλῶν
1219 4844 1234 4860 ο
1269 4827 1537 4898 εὕρηνται
1565 4829 1674 4899 γάρ
1731 4845 1875 4892 τινες

1983 4848 2042 4894 ut
2102 4834 2400 4906 plurimum
2487 4847 2554 4887 ex
2633 4834 2986 4889 contentione
3027 4873 3043 4899 ,

284 4931 496 5001 βίϐλοι,
530 4927 591 4993 ἐξ
613 4920 689 4980 ὧν
718 4924 1122 4994 διαγέγραπται
1151 4922 1211 4976 τὸ
1241 4940 1261 4974 ι
1292 4923 1423 4993 παρ’
1451 4920 1624 4974 αὑτοῦ
1651 4922 1712 4975 τὸ
1735 4919 1878 4975 εἷναι

280 5026 437 5095 ἔχον,
461 5022 561 5076 καὶ
587 5018 722 5090 παρ’
741 5018 909 5074 αὐτοῦ
938 5016 1220 5088 λαμϐάνον
1241 5016 1337 5070 καὶ
1356 5014 1698 5082 ἀναγγέλλον
1716 5017 1875 5086 ἡμῖν,

282 5118 388 5171 καὶ
412 5117 553 5177 ὅλως
578 5115 683 5185 τῆς
707 5113 888 5174 αἰτίας
917 5110 1138 5181 ἐκείνης
1194 5108 1522 5180 ἐξημμένον.
1552 5127 1573 5161 ι
1621 5108 1694 5161 Σὺ
1745 5107 1879 5177 γοῦν

280 5209 557 5281 ἀρρεπῶς
592 5205 832 5261 ἐνταῦθα
888 5204 1130 5269 δικάζων
1177 5203 1298 5256 sine
1356 5202 1488 5272 πρὸς
1538 5201 1712 5271 αὐτῆς
1777 5200 1917 5272 τῆςΔ

282 5292 554 5372 ἰ’ριὰδος,
577 5299 608 5351 ὁ
640 5300 781 5369 πρὸς
827 5297 971 5351 αὐτὰ
1013 5294 1086 5349 τὰ
1121 5294 1235 5348 τῶν
1289 5295 1462 5361 ἁγίων
1488 5295 1879 5366 κακουργήσας

280 5392 435 5465 ῥητά
467 5392 567 5444 καὶ
592 5387 908 5460 διαγράψας
929 5388 1026 5442 τοῦ
1048 5383 1328 5458 γραφικοῦ
1344 5381 1548 5455 χωρίου
1578 5382 1679 5454 τὴν
1713 5400 1874 5452 περι-

276 5483 494 5554 κοπὴν,
514 5483 582 5553 ἣν
612 5481 969 5548 διεγίνωσκεν
1003 5478 1136 5546 ὓλην
1161 5478 1231 5549 τῇ
1270 5477 1703 5547 ὲκκλησιαστικῇ
1734 5491 1878 5546 παρ-

276 5580 565 5648 εχομένην
617 5576 835 5646 εἰρήνῃ,
891 5573 1010 5636 πῶς
1042 5574 1144 5626 οὐκ
1182 5572 1240 5637 ἐξ
1290 5570 1531 5641 ἐριθείας
1567 5563 1721 5633 οὗτος
1782 5568 1878 5622 καὶ

276 5667 579 5737 ἀλογίστου
621 5666 853 5736 γνώμης
890 5664 1261 5745 διειγνωσθείη
1286 5663 1424 5734 πρὸς
1464 5661 1568 5732 τὴν
1590 5662 1696 5728 τῆς
1722 5661 1877 5730 είρή“

278 5759 735 5832 νηςάποτροπὴν
768 5758 1160 5828 διακείμενος;
1208 5757 1403 5828 Ὅμως
1458 5757 1508 5809 εί
1570 5755 1732 5825 καὶὴ
1781 5755 1878 5825 ρη-

284 5855 449 5911 etin
487 5853 774 5921 περικοπή
837 5851 935 5907 τοῦ
984 5850 1263 5917 γραφικοῦ
1319 5851 1522 5917 χωρίου
1578 5846 1875 5919 διεγράφη,

1981 3636 2111 3689 dum
2146 3635 2289 3690 enim
2336 3635 2507 3694 Filius
2536 3640 2731 3695 ordine
2787 3642 3007 3711 quidem
3066 3647 3343 3704 secundus
3398 3660 3481 3704 est
3522 3668 3552 3703 a

1982 3727 2164 3795 Patre,
2196 3730 2456 3800 quoniam
2510 3746 2578 3787 ex
2615 3732 2728 3800 illo,
2766 3742 2817 3788 et
2851 3736 3139 3807 dignitate,
3168 3741 3315 3810 quod
3350 3742 3555 3811 princi-

1982 3823 2134 3893 pium
2175 3832 2229 3878 ct
2260 3837 2447 3888 causa,
2475 3822 2634 3879 Pater
2674 3826 2820 3881 illius
2845 3837 2950 3894 est,
2978 3837 3033 3885 et
3064 3832 3208 3900 quod
3240 3848 3334 3902 per
3373 3835 3553 3904 ipsum

1983 3928 2242 3969 accessus
2278 3925 2332 3969 et
2382 3915 2637 3972 adductio
2667 3917 2734 3971 ad
2762 3915 2932 3973 Deum
2962 3931 3015 3976 et
3059 3919 3300 3991 Patrem,
3351 3934 3551 3982 natura

1982 4019 2114 4060 vero
2148 4005 2468 4075 neutiquam
2494 4008 2792 4075 secundus,
2828 4011 2972 4080 quod
3017 4011 3197 4068 Deitas
3242 4014 3296 4069 in
3323 4026 3555 4090 utroque

1986 4111 2123 4162 una,
2180 4098 2254 4152 ita
2300 4098 2551 4154 videlicet
2577 4109 2631 4155 et
2662 4100 2900 4180 Spiritus
2934 4112 3158 4160 sanctus
3187 4114 3244 4161 et
3291 4111 3337 4163 si
3362 4110 3556 4165 ordine

1984 4187 2126 4244 Filio
2152 4187 2382 4245 inferior
2413 4200 2516 4258 est,
2553 4200 2607 4246 et
2626 4193 2909 4260 dignitate,
2935 4211 3219 4265 nunquam
3251 4207 3428 4255 tamen
3454 4203 3555 4258 rite

1982 4279 2234 4341 dicemus
2276 4284 2431 4355 sequi
2464 4300 2589 4340 eum
2618 4287 2845 4342 alterius
2881 4301 3002 4342 esse
3029 4298 3258 4345 naturae.
3290 4290 3557 4365 Conspice

1981 4375 2039 4430 in
2068 4374 2155 4429 bis
2194 4378 2452 4443 ‘quanam
2505 4375 2718 4429 ratione
2765 4385 2990 4430 sanctus
3022 4376 3314 4433 manifeste
3367 4381 3558 4443 adntoe

1981 4464 2110 4521 dum
2128 4465 2444 4529 declaravit,
2465 4462 2726 4536 Spiritum
2755 4480 2819 4520 ex
2857 4463 2993 4521 Filio
3016 4464 3237 4533 habere,
3273 4471 3418 4539 quod
3461 4472 3554 4528 sit.

1982 4557 2374 4615 Verumtamen
2418 4572 2542 4611 cum
2568 4557 2635 4611 ad
2684 4555 2830 4612 hunc
2872 4557 3053 4612 locum
3085 4560 3332 4615 oratione
3372 4577 3556 4633 perre-

1983 4653 2181 4718 ncrim,
2237 4666 2346 4705 non
2403 4649 2851 4720 intempestivum
2903 4649 3067 4706 fuerit
3103 4666 3396 4723 exponere,
3431 4672 3554 4727 qua:

1979 4753 2236 4801 accurate
2285 4741 2740 4813 comprobabunt,
2794 4738 3171 4799 Ecclesiarum
3224 4746 3547 4802 scandalum

3111 4843 3170 4890 et
3245 4838 3551 4915 irrationali

1979 4926 2274 4984 multorum
2330 4923 2534 4994 impetu
2591 4934 2842 4978 exortum
2892 4923 3082 4981 fuisse.
3142 4924 3392 4998 Namque
3462 4946 3549 4986 rc~

1980 5020 2266 5089 periuntur
2316 5015 2563 5070 nonnulli
2586 5016 2824 5080 codices,
2877 5032 2942 5071 ex
2975 5018 3176 5086 quibus
3218 5020 3354 5093 illud
3396 5021 3554 5077 abre-

1981 5127 2103 5166 sum
2156 5118 2259 5173 est,
2311 5127 2331 5162 ι
2366 5113 2435 5163 ab
2475 5110 2593 5179 ipso
2638 5124 2760 5164 esse
2817 5109 3150 5177 habentem,
3210 5123 3265 5169 et
3309 5115 3378 5169 ab
3430 5113 3551 5185 ipso

1981 5200 2358 5273 accipientem,
2418 5211 2473 5256 et
2523 5201 2681 5257 nobis
2734 5201 3148 5257 annuntiantem
3185 5244 3200 5271 ,
3265 5212 3320 5259 et
3372 5209 3551 5263 modis

1982 5293 2239 5350 omnibus
2262 5292 2330 5348 ab
2346 5305 2409 5348 ea
2425 5292 3029 5363 causa_dependentcm.
3057 5311 3077 5346 ι
3100 5291 3180 5348 Tu
3206 5294 3392 5365 itaque
3422 5310 3554 5350 neu-

1975 5400 2117 5446 trarn
2148 5387 2205 5443 in
2247 5397 2455 5460 partem
2487 5402 2798 5459 propensus
2834 5388 3098 5457 judicium
3133 5387 3335 5453 ferens,
3384 5390 3552 5447 dicito

1975 5498 2073 5554 per
2102 5480 2388 5547 Triadem,
2416 5482 2509 5552 qui
2538 5479 2681 5537 dicta
2725 5490 3041 5539 sanctorum
3072 5479 3297 5534 Patrum
3343 5481 3550 5550 pcrdite

1978 5573 2296 5646 depravavit
2343 5583 2397 5628 et
2444 5573 2609 5628 verba
2672 5572 2763 5628 illa
2814 5588 2877 5628 ex
2910 5573 3118 5642 scripto
3166 5572 3394 5639 abrasit,
3427 5589 3551 5644 quae

1978 5666 2308 5736 agnoscebat
2350 5666 2635 5722 materiam
2668 5666 2819 5734 pacis
2846 5663 3230 5721 ecclesiasticae
3263 5665 3546 5732 exhibere,

1978 5760 2253 5838 quomodo
2282 5759 2657 5820 contentione.
2711 5767 2767 5814 et
2799 5759 3011 5814 insulso
3060 5760 3295 5816 consilio
3326 5761 3393 5815 ad
3448 5774 3550 5829 pa.

1977 5865 2096 5908 cem
2124 5849 2536 5908 convellenda'm
2569 5848 2797 5906 aﬂ'ectus
2845 5863 2956 5906 non
3001 5852 3413 5921 cognosceturl
3446 5848 3547 5908 Ni-
