4058 6450
2088 214 2096 223 ·
2130 196 2279 241 Ἔπη.
2312 231 2345 241 ς-
2402 228 2412 239 .

463 348 551 417 ’79
1536 348 1749 414 JOAN.
1786 351 2002 413 VECCI
2038 350 2077 409 C

2190 348 2705 410 PATRIARCHzE
3647 352 3655 394 ἶ
3662 349 3739 413 80

480 466 940 523 hilominus-licet
968 466 1163 522 allatus
1193 474 1374 522 textus
1401 481 1462 521 cx
1502 468 1706 539 scripto
1724 468 1916 524 codice
1939 482 2032 522 era
2050 495 2064 505 -

2182 464 2305 519 ma
2336 465 2400 519 σὺ
2426 468 2520 520 καὶ
2550 463 2658 517 ἀπὸ
2685 462 2795 516 τῶν
2831 460 3129 515 ἐπιλοίπων
3161 460 3466 533 σημείωσαι
3494 461 3570 526 ὡς
3608 463 3742 517 πολ-

488 576 585 616 sns
614 569 721 625 est,
772 569 828 615 tu
879 574 945 615 ex
999 560 1126 626 illis,
1180 575 1303 630 qua:
1342 559 1550 630 reliqua
1592 570 1743 625 sunt,
1775 560 2060 622 adnotato,

477 657 704 722 quantis
728 662 783 709 et
817 654 932 724 ipsa
968 654 1206 724 polleant
1246 651 1313 707 ad
1347 653 1626 723 parandos
1656 653 1895 715 animos,
1933 652 2065 705 viri-

482 747 608 801 bus.
651 746 790 801 Dicit
826 761 1062 816 namque
1125 746 1212 800 hic
1268 755 1494 800 sanctus
1551 743 1604 798 in
1659 744 2061 814 sequentibus:

488 858 507 890 ι
545 838 1018 906 Quemadmodum
1054 839 1199 892 enim
1233 836 1405 892 Filius
1435 837 1625 891 ordine
1673 834 1820 891 Patri
1872 851 2067 890 secun-

488 925 616 993 dus,
651 926 797 999 quod
829 927 899 982 ab
929 927 1044 993 illo,
1075 938 1130 982 et
1161 927 1445 998 dignitate,
1486 927 1627 996 quod
1654 926 1980 997 principium
2012 936 2065 981 et

454 1048 459 1051 -
489 1035 657 1076 causa
715 1020 872 1076 illius
919 1021 1083 1076 Pater
1115 1030 1222 1085 est,
1279 1031 1474 1073 natura
1511 1035 1640 1074 vero
1680 1036 1790 1075 non
1823 1020 1948 1074 item
1978 1033 2066 1074 se-

489 1114 725 1177 cundus,
772 1113 920 1182 quod
968 1110 1147 1167 Deitas
1199 1113 1252 1166 ill
1295 1112 1564 1166 ambobus
1595 1126 1724 1174 una,
1767 1128 1787 1162 ι
1819 1111 1933 1180 pari
1979 1125 2067 1164 ra-

486 1205 643 1259 tione
677 1204 892 1260 scilicet
919 1212 972 1256 et
1004 1203 1249 1273 Spiritus
1286 1214 1507 1257 sanctus
1540 1202 1585 1257 si
1624 1202 1762 1257 Filio
1794 1202 1986 1257 ordine
2011 1211 2065 1256 et

482 1298 749 1369 dignitate
802 1295 1034 1351 inferior
1066 1306 1169 1361 est,
1208 1310 1487 1365 nunquam
1531 1304 1712 1349 tamen
1770 1294 1871 1349 rite
1915 1294 2064 1347 dice-

485 1403 613 1443 mus
649 1383 829 1457 sequi,
855 1402 979 1441 eum
1012 1386 1241 1440 alterius
1271 1400 1393 1441 esse
1427 1395 1649 1440 naturae.
1681 1383 1823 1450 Quid
1854 1384 1951 1438 tibi
1998 1383 2065 1438 de

475 1479 575 1536 ‘bis
619 1477 875 1533 videtur?
910 1475 1145 1532 Prorsus
1192 1477 1328 1530 nihil
1381 1476 1527 1530 aliud
1582 1477 1709 1530 inde
1762 1476 2063 1546 colligitur,

484 1572 614 1638 nisi,
652 1570 731 1625 uti
761 1580 843 1625 est
877 1568 1047 1624 Filius
1077 1569 1272 1624 ordine
1299 1578 1351 1623 et
1383 1568 1645 1637 dignitate
1684 1567 1829 1621 Pnil'i
1871 1583 2066 1623 secun-

481 1665 608 1731 dus,
639 1664 715 1717 ita
735 1671 786 1718 et
817 1660 1056 1731 Spiritus
1096 1671 1319 1716 sanctus
1345 1660 1539 1714 ordine
1581 1670 1635 1713 et
1678 1661 1948 1730 dignitate
1981 1675 2067 1714 se-

482 1756 697 1812 cundus
750 1765 833 1810 est
865 1753 1028 1808 Filio.
1079 1751 1295 1807 Etenim
1359 1753 1404 1806 si
1436 1768 1523 1808 res
1560 1751 1690 1808 .Filii
1726 1753 1792 1807 ad
1838 1753 2063 1807 Patrem

2168 554 2264 626 λὴν
2294 555 2483 625 ἔχουσι
2513 553 2609 608 καὶ
2642 552 2817 606 ταῦτα
2850 551 2987 624 πρὸς
3019 550 3371 621 καταλλαγὴν
3428 550 3526 620 τὴν
3562 551 3741 622 ἰσχύν·

2168 646 2317 715 λέγει
2344 646 2456 717 γὰρ
2485 647 2514 699 ό
2539 647 2693 713 ἅγιος
2717 636 2876 705 οὗτος
2934 645 2992 695 ὲν
3024 645 3139 706 τοῖς
3177 640 3325 711 ἑξῆς
3362 660 3382 694 ι
3422 640 3512 703 Ὠς
3547 643 3654 712 γὰρ
3711 645 3744 695 ὁ

2170 740 2299 803 Υἱὸς
2350 737 2499 803 τάξει
2537 735 2635 808 μὲν
2666 737 2925 806 δεύτερος
2954 733 3048 788 τοῦ
3073 734 3310 806 Πατρὸς,
3336 735 3419 787 ὅτι
3450 734 3554 787 ἀπ’
3597 735 3745 787 ὲκεί-

2171 850 2284 900 νου,
2320 833 2418 887 καὶ
2460 830 2759 903 ἀξιώματι,
2804 830 2887 884 ὅτι
2928 829 3072 900 ἀρχὴ
3121 828 3217 883 καὶ
3271 828 3419 881 αίτία
3473 827 3551 898 τῷ
3599 824 3746 881 εἶναι

2171 925 2392 997 Πατέρα
2433 923 2623 990 αὑτοῦ,
2688 922 2851 992 φύσει
2888 921 2945 974 δὲ
2992 920 3176 973 οὐκέτι
3230 919 3507 991 δεύτερος,
3550 920 3745 989 διότιὴ

2170 1014 2361 1086 θεότης
2389 1017 2447 1068 ὲν
2492 1015 2742 1085 ἑκατέρῳ
2808 1013 2931 1084 μία’
2976 1030 2997 1065 ο
3052 1011 3196 1065 οὕτω
3250 1011 3498 1082 δηλονότι
3536 1014 3636 1065 οιαὶ
3673 1014 3751 1067 τὸ

2169 1108 2399 1181 Πνεῦμα
2429 1109 2491 1163 τὸ
2517 1109 2696 1177 ἅγιον,
2725 1109 2776 1161 εί
2800 1108 2897 1161 καὶ
2938 1108 3250 1177 ὑποϐέϐηκε
3272 1107 3365 1159 τὸν
3400 1107 3532 1161 Υίὸν
3556 1110 3622 1177 τῇ
3649 1107 3750 1160 τά-

2169 1202 2249 1268 ξει
2274 1203 2368 1255 καὶ
2390 1202 2470 1273 τῷ
2501 1202 2802 1271 ἀξιώματι,
2863 1202 3053 1255 οὐκέτι
3089 1200 3157 1254 ἂν
3201 1199 3429 1264 εἰκότως
3467 1198 3544 1264 ὡς
3582 1197 3747 1251 ἀλλο·

2166 1296 2325 1365 τρίας
2356 1294 2604 1365 ὑπάρχον
2632 1292 2851 1363 φύσεως
2876 1293 3194 1347 ἀκολουθεῖν
3242 1291 3518 1360 εἴποιμεν.
3572 1291 3637 1344 Τί
3660 1307 3750 1343 σοι

2167 1390 2232 1441 ἐκ
2264 1386 2472 1441 τούτων
2507 1386 2693 1453 δοκεῖς
2730 1385 2954 1449 Πάντως
2975 1385 3128 1439 οὐδὲν
3151 1384 3283 1438 ἄλλο
3305 1383 3457 1436 ἐστὶν
3489 1382 3749 1436 ἐντεῦθεν

2170 1477 2231 1531 τὸ
2254 1479 2645 1548 συναγόμενον,
2685 1477 2719 1548 ἦ
2750 1477 2854 1542 ὅτι,
2876 1475 3063 1549 ὥσπερ
3094 1475 3241 1530 ἐστὶν
3272 1476 3301 1528 ὀ
3325 1476 3451 1539 Tib;
3475 1474 3628 1542 τάξει
3652 1472 3753 1526 καὶ

2167 1570 2444 1641 ἀξιώματι
2480 1566 2735 1639 δεύτερος
2758 1568 2852 1622 τοῦ
2877 1569 3111 1638 Πατρὺς,
3128 1567 3271 1622 οὕτω
3301 1567 3474 1621 καὶτὸ
3516 1567 3754 1639 Πνεῦμα

2164 1662 2319 1728 τάξει
2359 1662 2456 1714 καὶ
2487 1658 2762 1730 ἀξιώματι
2791 1659 3046 1730 δεύτερόν
3074 1658 3304 1712 ὲστιτοῦ
3326 1658 3484 1713 Υίοῦ.
3542 1659 3603 1712 Ei
3638 1661 3753 1730 γὰρ

2168 1756 2234 1810 τὰ
2264 1755 2363 1826 μὲν
2383 1755 2477 1809 τοῦ
2509 1754 2641 1807 Υίοῦ
2682 1754 2819 1822 πρὸς
2846 1754 2939 1808 τὸν
2971 1752 3195 1823 Πατέρα
3222 1753 3454 1821 δεύτερα
3486 1753 3631 1805 εἴποι
3661 1771 3755 1815 τις

483 1849 755 1905 secundas
806 1847 930 1916 quis
993 1844 1395 1900 asseveraverit
1421 1845 1617 1899 ordine
1665 1853 1723 1899 et
1773 1844 2064 1913 dignitate,

2182 1851 2233 1919 τῇ
2275 1846 2428 1912 τάξει
2457 1847 2553 1901 καὶ
2583 1843 2664 1916 τῷ
2693 1844 2990 1916 ἀξιώματι,
3035 1844 3103 1897 τὰ
3154 1844 3211 1898 δὲ
3266 1841 3362 1896 τοῦ
3428 1842 3754 1912 Πνεύματος

484 1939 724 2009 Spiritus
758 1950 941 1993 autem
977 1937 1043 1991 ad
1079 1931 1278 1989 Filium
1311 1935 1463 1991 nullo
1510 1935 1700 1999 modo,
1739 1936 1907 1990 simul
1940 1951 2066 1989 cum

485 2031 611 2088 aliis
637 2040 691 2086 et
716 2043 975 2100 magnum
1014 2025 1377 2081 Athanasium
1419 2026 1830 2093 criminabitur,
1865 2026 1951 2080 bis
1978 2026 2072 2081 iis-

483 2125 607 2182 dem
630 2124 813 2179 verbis
837 2122 1110 2178 dicentem
1139 2137 1153 2175 :
1193 2137 1214 2172 ι
1240 2120 1596 2190 Qumcullque
1612 2118 1785 2175 Filius
1815 2118 2070 2191 ergaPa-

485 2229 646 2283 trem,
679 2226 735 2273 et
765 2214 1005 2286 Spiritus
1034 2229 1160 2283 erga
1180 2212 1400 2268 Filium.
1437 2232 1457 2266 ι
1490 2211 1545 2268 Si
1575 2227 1705 2267 vero
1740 2212 1979 2284 Spiritus
2004 2211 2071 2269 ad

485 2309 687 2365 Filium
749 2308 1005 2363 secundae
1044 2316 1246 2376 partes
1303 2306 1661 2375 proportione
1718 2306 2073 2376 respondent,

488 2401 753 2458 secundis
791 2400 1046 2471 partibus
1087 2397 1211 2452 Filii
1242 2398 1309 2453 ad
1345 2397 1584 2463 Patrem,
1642 2399 1759 2470 ipse
1792 2398 1937 2479 quod
1988 2414 2074 2453 se-

486 2496 694 2566 quitur,
764 2493 1199 2548 ratioeinationis
1249 2491 1685 2562 consequentia,
1758 2491 1924 2547 ctiam
1987 2507 2073 2547 me

487 2596 724 2651 tacente,
755 2583 1166 2656 deprehendere
1207 2581 1435 2652 poteris.
1469 2581 1625 2648 Quod
1661 2582 1707 2637 si
1740 2580 1937 2636 durum
1977 2582 2073 2637 tibi

486 2681 705 2737 videtur
726 2692 981 2743 rursum,
1053 2683 1107 2732 et
1149 2684 1418 2746 perceptu
1475 2672 1736 2740 diliicile,
1805 2673 2073 2745 Spiritum

488 2786 612 2829 esse
644 2768 781 2825 Filio
811 2765 1119 2824 secundum
1153 2775 1208 2822 et
1236 2766 1431 2821 ordine
1459 2772 1515 2819 et
1545 2763 1839 2833 dignitate,
1879 2780 2077 2821 securi.

491 2866 621 2918 dum
680 2858 1097 2932 proportionem
1161 2856 1525 2914 secundarum
1589 2858 1871 2929 partium,
1938 2870 2077 2926 quas

491 2954 657 3009 habet
723 2951 896 3007 Filius
957 2949 1023 3005 ad
1069 2947 1300 3005 ‘Patrem
1366 2949 1559 3005 ordine
1607 2958 1663 3004 et
1707 2948 1996 3020 dignitate,
2029 2947 2076 3004 si

493 3042 726 3113 Nysseni
752 3040 918 3095 verba
967 3040 1022 3093 in
1079 3042 1402 3095 memoriam
1462 3039 1830 3106 revocaveris,
1873 3040 2076 3110 quibus

2170 1941 2309 2011 πρὸς
2335 1939 2429 1994 τὸν
2461 1939 2590 1992 Υίὸν
2616 1938 2895 2008 οὐδαμῶς,
2935 1939 3074 2008 μετά
3123 1937 3233 1990 τῶν
3280 1936 3460 1990 ἄλλων
3514 1935 3610 1989 καὶ
3653 1935 3757 1987 τὸν

2171 2032 2351 2101 μέγαν
2395 2030 2716 2085 Ἀθανάσιον
2735 2029 3003 2096 διαϐαλεῖ,
3039 2029 3234 2093 αὐταῖς
3269 2028 3450 2096 λέξεσι
3492 2027 3753 2095 λέγοντα·

2177 2124 2349 2178 ι”Οσα
2377 2127 2406 2178 ὁ
2429 2124 2554 2187 Υίὸς
2579 2123 2721 2195 πρὶς
2748 2123 2840 2177 τὸν
2866 2123 3113 2195 Πατέρα,
3140 2122 3236 2176 καὶ
3269 2121 3331 2174 τὸ
3357 2120 3585 2198 Πνεῦμα
3609 2118 3759 2190 πρὸς

2170 2214 2263 2269 τὸν
2291 2215 2443 2270 Υίόν.
2477 2234 2495 2267 ι
2528 2216 2592 2269 Ei
2619 2214 2678 2269 δὲ
2703 2216 2765 2268 τδ
2795 2214 2888 2268 τοῦ
2921 2213 3240 2285 Πνεύματος
3287 2214 3427 2284 πρὸς
3468 2210 3563 2266 τὸν
3621 2211 3789 2264 Υἱδν

2171 2309 2477 2381 δευτερεῖον
2513 2311 2779 2379 ἀνάλογόν
2816 2311 2933 2364 ἔστι
2961 2310 3042 2381 τῷ
3080 2309 3215 2381 πρὸς
3236 2310 3351 2363 τὸν·
3382 2310 3601 2381 Πατέρα
3622 2310 3759 2364 δευ-

2171 2403 2374 2475 τερείῳ
2410 2402 2508 2457 τοῦ
2540 2403 2698 2466 Υἱοῦ,
2738 2403 2904 2466 αὐτὸς
2935 2403 2998 2457 τὸ
3021 2400 3318 2456 ἀκόλουθον
3354 2404 3421 2473 τῇ
3450 2401 3543 2456 τοῦ
3589 2402 3764 2472 λόγου

2172 2496 2413 2569 ἀνάγκῃ,
2441 2496 2539 2551 καὶ
2566 2496 2707 2569 ἐμοῦ
2740 2496 3081 2560 σιωπῶντος,
3118 2484 3264 2548 νοεῖν
3294 2494 3461 2566 ἔχεις.
3506 2494 3648 2549 Ἀλλ’
3678 2497 3768 2549 εῖ-

2174 2603 2282 2659 mp
2315 2588 2490 2658 τραχύ
2520 2603 2573 2640 τι
2604 2586 2701 2641 καὶ
2734 2584 2891 2648 αὖθις
2919 2584 3072 2638 δοκεῖ
3104 2588 3188 2637 σόι
3235 2584 3340 2637 καὶ
3401 2581 3766 2652 δυσπαράδες

2175 2695 2304 2735 κτον
2333 2678 2396 2731 τὸ
2420 2675 2564 2732 εῖναι
2594 2677 2656 2731 τὸ
2684 2675 2910 2746 Πνεῦμα
2943 2675 3198 2746 δεύτερον
3222 2674 3315 2729 τοῦ
3356 2674 3490 2729 Υίοῦ
3522 2673 3678 2741 τάξει
3694 2691 3768 2729 τε

2176 2769 2273 2825 καὶ
2310 2770 2587 2841 ἀξιώματι
2621 2771 2767 2824 κατά
2818 2768 2922 2839 τὴν
2972 2768 3269 2836 ἀναλογίαν
3326 2766 3423 2821 τοῦ
3474 2768 3616 2840 πρὸς
3665 2772 3771 2824 τὸν

2178 2862 2404 2934 Πατέρα
2429 2861 2743 2934 δευτερείου
2775 2860 2870 2915 τοῦ
2902 2861 3031 2915 Υίοῦ
3078 2859 3173 2913 ἐπὶ
3200 2862 3268 2930 τῇ
3324 2858 3479 2926 τάξει
3536 2863 3628 2915 καὶ
3681 2863 3772 2933 τῷ

2177 2953 2480 3026 ἀξιώματι,
2508 2954 2607 3010 ἐὰν
2630 2953 2743 3010 τῶν
2771 2953 2866 3009 τοῦ
2886 2953 3112 3024 Νύσσης
3165 2956 3432 3025 ῥημάτων
3484 2956 3771 3029 μνησθῇς,

2179 3046 2237 3101 ὲν
2261 3044 2344 3111 οἷς
2365 3046 2520 3116 ἔλεγε
2567 3065 2587 3100 ι
2616 3047 2709 3103 τὸν
2746 3047 2973 3117 Πατέρα
3015 3047 3114 3118 μὲν
3156 3047 3601 3118 προεπινοεῖσθαι
3661 3049 3771 3103 τοῦ

493 3134 777 3190 indicabat
806 3151 820 3187 :
855 3151 874 3184 ι
921 3130 1141 3188 Patrem
1168 3131 1305 3188 Filio
1333 3132 1670 3203 praeintelligi
1701 3133 1914 3188 ratione
1939 3148 2073 3187 cau-

2182 3137 2312 3192 Υίοῦ
2340 3138 2419 3210 τῷ
2454 3140 2553 3210 τῆς
2586 3138 2766 3203 αἰτίας
2801 3139 2969 3212 λόγῳ,
3015 3139 3106 3194 τὸν
3136 3140 3193 3193 δὲ
3234 3140 3364 3195 Υίὸν
3425 3141 3771 3223 προθεωέρεῖ-

494 3243 590 3290 ειε,
656 3225 855 3281 Filium
893 3239 1025 3280 vero
1084 3224 1429 3297 prazintelligi
1483 3224 1722 3295 Spiritus
1784 3226 2068 3296 ltypostasi

495 3319 800 3375 secundum
833 3331 1016 3398 causae
1039 3317 1331 3383 rationem,
1367 3336 1386 3369 ι
1442 3319 1625 3374 omnis
1674 3318 1771 3374 tibi
1804 3317 2072 3386 asperitas

493 3413 755 3474 lenietur,
788 3411 1011 3480 etquod
1052 3410 1108 3463 in
1148 3409 1331 3465 verbis
1367 3410 1546 3481 magni
1588 3409 1773 3466 Basilii
1815 3420 2075 3482 perceptu

495 3490 713 3558 difﬁcile
746 3511 854 3569 est,
888 3502 1161 3557 similibus
1196 3500 1426 3572 Nysseni
1457 3502 1635 3558 verbis
1670 3502 1929 3558 facillime
1954 3519 2076 3573 per-

497 3595 755 3666 cipietur,
794 3604 848 3650 et
896 3593 1094 3648 Filium
1130 3594 1347 3664 quidem
1391 3595 1739 3650 continenter
1790 3611 1855 3650 ex
1910 3594 2076 3650 Patre

498 3685 798 3756 concipias,
835 3686 1099 3758 Spiritum
1124 3701 1250 3740 vero
1276 3702 1338 3740 ex
1371 3701 1457 3751 eo,
1487 3687 1577 3757 qui
1615 3686 1965 3741 continenter
1993 3697 2078 3741 est

499 3798 623 3839 cum
643 3781 830 3838 Patre.
870 3779 1008 3847 Quid
1040 3780 1184 3835 enim
1218 3777 1366 3834 aliud
1390 3781 1579 3833 borum
1618 3779 1909 3834 verborum
1954 3795 2078 3833 sen-

501 3875 672 3932 tentia
706 3874 889 3940 tinnit,
928 3886 1094 3944 quam
1126 3871 1353 3926 Patrem
1420 3870 1762 3941 praeintelligi
1806 3868 1945 3925 Filio
1986 3886 2076 3924 ra-

500 3968 907 4031 tione'causaa,
953 3964 1095 4033 quod
1152 3978 1217 4017 ex
1272 3960 1434 4016 Patre
1472 3959 1671 4027 Filius,
1734 3962 2078 4033 praeintelligi

503 4074 633 4116 vero
658 4068 712 4114 et
741 4057 1007 4127 Spiritum
1050 4053 1189 4108 Filio
1219 4053 1525 4107 secundum
1576 4053 1842 4109 rationem
1877 4070 2076 4122 causae,

503 4151 648 4223 quod
680 4163 747 4202 ex
796 4145 940 4200 Filio
974 4144 1236 4214 Spiritus.
1291 4141 1372 4197 Tu
1425 4143 1610 4213 itaque
1645 4144 1874 4199 audiens
1906 4143 2083 4214 Spiri-

505 4253 623 4296 tum
659 4254 725 4294 ει
775 4238 1074 4306 Patrepcr
1105 4231 1303 4288 Filium
1358 4234 1670 4302 procedere,
1730 4244 1782 4288 et
1817 4250 1881 4289 ex
1919 4234 2083 4289 Patre

507 4331 794 4394 exsistere,
838 4338 893 4384 et
928 4343 959 4382 a
998 4325 1157 4392 Filio,
1189 4325 1333 4396 quod
1372 4325 1462 4390 sit,
1489 4323 1715 4389 habere,
1739 4335 1794 4378 et
1823 4340 1888 4378 ex
1921 4322 2081 4379 Patre

506 4421 872 4480 essentialiter
910 4417 1138 4484 eliundi,
1167 4426 1223 4473 et
1280 4416 1533 4471 similiter
1587 4430 1653 4470 ex
1696 4412 1836 4471 Filio
1891 4430 2084 4471 essen-

2183 3230 2309 3284 σθαι
2334 3233 2436 3302 τῆς
2467 3231 2563 3285 τοῦ
2606 3231 2928 3303 Πνεύματος
2958 3233 3318 3299 ὑποστάσεως
3350 3236 3495 3289 κατά
3522 3235 3614 3289 τὸν
3654 3237 3770 3305 τῆς

2182 3323 2366 3387 αἰτίας
2397 3325 2574 3392 λόγον,
2611 3343 2629 3376 ι
2692 3324 3049 3396 λεανθήσεταί
3114 3342 3199 3379 σοι
3240 3314 3409 3382 ¹πᾶσα
3457 3328 3768 3400 τραχύτης,

2182 3416 2278 3469 καὶ
2306 3414 2367 3469 τό
2393 3416 2451 3468 ἐν
2485 3418 2599 3476 τοῖς
2627 3414 2809 3483 λόγοις
2842 3415 2937 3469 τοῦ
2972 3417 3212 3487 μεγάλου
3237 3418 3518 3473 Βασιλείου
3552 3420 3770 3475 δυσπαο

2189 3505 2445 3577 ράδεκτον
2478 3505 2566 3559 διὰ
2598 3506 2705 3559 τῶν
2729 3507 2933 3577 ὁμοίων
2963 3507 3058 3561 τοῦ
3089 3508 3316 3579 Νύσσης
3348 3509 3769 3580 εὐπαράδεκτόν

2187 3612 2271 3649 σοι
2304 3594 2614 3665 γενήσεται,
2637 3594 2850 3650 καὶτὸν
2887 3596 2988 3666 μὲν
3030 3586 3159 3651 Ῡίὺν
3197 3597 3482 3669 προσεχῶς
3551 3601 3617 3653 ἐκ
3667 3600 3770 3653 τοῦ

2187 3688 2406 3757 Πατρὸς
2435 3688 2674 3759 νοήσεις,
2700 3687 2759 3741 τὺ
2788 3688 2849 3742 δὲ
2879 3689 3105 3760 Πνεῦμα
3137 3690 3228 3745 διὰ
3258 3690 3354 3746 τοῦ
3391 3690 3676 3763 προσεχῶς
3697 3694 3771 3747 ἐκ

2185 3776 2278 3833 τοῦ
2314 3779 2551 3850 Πατρός.
2582 3778 2681 3843 El;
2708 3778 2760 3833 τί
2790 3779 2902 3851 γάρ
2931 3779 3063 3835 ἀλλο
3096 3782 3192 3835 καὶ
3219 3782 3400 3854 ἀφορᾷ
3430 3785 3463 3853 ἡ
3509 3783 3616 3837 τῶν
3677 3782 3770 3837 λό-

2184 3890 2298 3941 γων
2330 3872 2537 3926 τούτων
2563 3871 2796 3938 διάνοια,
2822 3872 2856 3944 ἢ
2891 3874 2975 3927 ὅτι
3004 3877 3425 3945 ρπροεπινοεῖται
3464 3875 3566 3946 μὲν
3587 3879 3614 3929 ὁ
3646 3876 3767 3930 Πα-

2188 3964 2291 4035 τὴρ
2326 3962 2421 4017 τοῦ
2452 3963 2583 4018 Υίοῦ
2608 3965 2686 4035 τῷ
2714 3946 3009 4033 αίτίῳίὸτι
3042 3968 3106 4020 ἐκ
3138 3965 3233 4020 τοῦ
3285 3967 3499 4039 Πατρὸς
3531 3971 3566 4021 ὀ
3611 3969 3766 4034 rm,

2189 4059 2595 4126 προεπινοεῖται
2619 4057 2676 4111 δὲ
2707 4059 2736 4111 ὸ
2761 4057 2888 4122 Υίδς
2906 4056 3002 4110 τοῦ
3017 4058 3346 4129 -Πνεύματος
3369 4061 3511 4113 κατὰ
3541 4060 3634 4114 τὸν
3663 4060 3771 4133 τῆς

2189 4149 2372 4211 αἰτίας
2412 4148 2599 4217 λόγον,
2625 4149 2710 4202 ὃτι
2762 4147 2851 4202 διὰ
2897 4148 2994 4202 τοῦ
3029 4148 3183 4205 Υίοῦ.
3207 4151 3278 4205 Σὺ
3329 4150 3512 4206 τοίνυν
3543 4151 3770 4208 ἀκούων

2188 4238 2252 4291 τὸ
2280 4237 2590 4308 Πνεῦμαὲκ
2622 4238 2840 4309 Πατρὸς
2881 4232 3115 4294 δι”Υἱοῦ
3165 4243 3622 4313 ἐκπορευόμενον,
3670 4244 3774 4298 καὶ

2192 4332 2257 4384 ὲκ
2287 4330 2504 4402 Πατρδις
2545 4331 2815 4404 ὑπάρχον,
2862 4334 2961 4389 καὶ
3005 4333 3159 4406 παρὰ
3195 4333 3291 4388 τοῦ
3354 4334 3485 4388 Υίοῦ
3532 4335 3594 4388 τὸ
3627 4330 3774 4390 εἶναι

2195 4422 2340 4493 ἕχον,
2376 4422 2472 4476 καὶ
2505 4424 2570 4477 ὲκ
2594 4423 2806 4494 Πατρδς
2826 4423 3104 4488 οὐσιωδῶς
3139 4425 3531 4498 προχεόμενον,
3577 4427 3673 4479 καὶ
3711 4428 3774 4493 ἐξ

510 4517 709 4572 tiaiiter
764 4510 992 4575 edundi,
1029 4509 1087 4565 si
1120 4509 1187 4563 ad
1216 4506 1537 4562 sententiam
1568 4507 1750 4576 magni
1779 4505 1966 4562 Basilii
2003 4507 2077 4562 di-

2193 4511 2327 4566 Υίοῦ
2350 4511 2617 4577 ὡσαύτως
2644 4515 2923 4580 οὺσιωδῶς
2964 4517 3359 4589 προχεόμενον,
3391 4520 3440 4571 εί
3489 4518 3627 4589 πρὸς
3669 4518 3772 4591 τὴν

448 4594 463 4615 Χ
510 4610 724 4664 etiones
774 4600 1169 4670 interpretatus
1209 4598 1387 4653 'l‘ueris
1411 4638 1425 4662 ,
1462 4611 1787 4666 semperque
1822 4598 2087 4652 memoria

514 4695 809 4754 recolueris
842 4693 1047 4748 dictum
1091 4689 1224 4746 illtld
1262 4706 1275 4743 :
1318 4707 1339 4740 ι
1367 4688 1640 4758 Quidquid
1663 4687 1861 4743 dicitur
1894 4705 1925 4743 a
1950 4686 2089 4744 Filio

511 4804 657 4853 csse,
694 4787 747 4841 ill
782 4784 999 4839 Patrem
1060 4780 1291 4853 primam
1327 4793 1550 4834 causam
1618 4777 1938 4833 relationem
1999 4778 2092 4833 lla—

518 4884 629 4945 ιηιι,
671 4896 690 4930 ι
748 4891 874 4933 cum
939 4874 1190 4929 Romana
1250 4869 1493 4925 Ecclesia
1547 4867 1994 4923 conciliationem
2022 4885 2087 4924 ex

516 4971 680 5026 corde
711 4963 1075 5036 amplecteris,
1102 4974 1159 5019 et
1219 4977 1285 5016 ex
1310 4956 1452 5014 Filio
1478 4966 1781 5026 asserente,
1826 4959 2089 5030 Spiritum

516 5079 660 5129 esse,
706 5065 1146 5127 decernenteque
1195 5054 1262 5109 ad
1296 5052 1517 5108 Patrem
1548 5051 1800 5108 universa
1836 5049 1958 5106 Filii
2010 5068 2095 5106 rc-

517 5156 674 5212 :‘crri.
708 5155 844 5208 llllld
873 5164 1036 5222 porro
1070 5162 1267 5203 rursus
1297 5144 1574 5218 quomodo
1604 5146 1763 5199 aliter
1815 5138 2094 5216 percipere

517 5247 840 5318 poterimus,
870 5242 1016 5314 quod
1055 5254 1287 5311 magnus
1327 5237 1660 5293 Athanasius
1692 5236 2092 5302 dixit,‘Filiutn

525 5337 732 5407 Spiritu
765 5336 1023 5406 majorem
1051 5329 1397 5402 apertissime
1442 5328 1760 5383 enuntians.
1803 5327 1903 5383 Hie
1948 5330 2093 5383 enim

524 5428 775 5484 oratione
792 5427 979 5497 'prima
1008 5432 1199 5478 contra
1231 5422 1495 5488 Arianos,
1536 5421 1695 5489 cuius
1719 5422 2049 5492 principium
2076 5438 2090 5475 :

532 5540 553 5574 ι
586 5520 833 5576 llazrcses
888 5530 1231 5586 quaecunque
1264 5515 1547 5570 veritatem
1596 5514 2099 5585 apprellenderullt,

524 5612 795 5668 insaniam
830 5610 956 5674 sibi,
982 5627 1001 5661 ι
1030 5608 1258 5665 scribit:
1284 5626 1302 5660 ι
1345 5604 1580 5677 Spiritus
1599 5607 1777 5673 dator,
1808 5608 1860 5662 in
1889 5606 2096 5677 Spiritu

527 5707 662 5764 dicit
700 5720 847 5760 nune
882 5705 1081 5776 ejicere
1114 5703 1408 5768 daemonia,
1462 5704 1568 5758 hoc
1612 5719 1742 5760 vero
1780 5721 1887 5758 non
1941 5703 2102 5759 aliter

531 5801 736 5855 dictum
767 5807 876 5861 est.
913 5812 1073 5861 quam
1116 5807 1337 5861 propter
1391 5798 1633 5852 carnem.
1675 5793 1809 5851 Nam
1839 5811 1963 5851 cum
2004 5812 2100 5850 na-

2193 4603 2453 4675 ρηθεῖσαν
2481 4606 2694 4661 ἔννοιαν
2721 4606 2799 4678 τῷ
2827 4607 3052 4679 μεγάλῳ
3078 4608 3348 4680 Βασιλείῳ
3385 4609 3774 4680 διερμηνεύεις

2189 4697 2292 4759 τὰς
2325 4695 2519 4765 λέξεις,
2558 4699 2655 4755 καὶ
2679 4700 2895 4754 ἐκείνου
2921 4700 2978 4754 δὲ
3010 4703 3375 4772 μνημονεύεις
3409 4702 3498 4755 ἀεὶ
3540 4699 3637 4755 τοῦ
3668 4703 3774 4771 ρη-

2191 4787 2288 4842 τοῦ
2326 4789 2422 4844 τοῦ
2442 4790 2719 4861 λέγοντος,
2746 4792 2848 4846 «Εἴ
2877 4809 2934 4846 τι
2965 4792 3185 4862 λέγεται
3217 4796 3368 4865 παρὰ
3389 4794 3486 4847 τοῦ
3523 4791 3653 4847 Υίοῦ
3689 4788 3772 4845 εῖ-

2194 4897 2306 4946 ναι,
2333 4882 2416 4946 είς
2438 4881 2531 4935 τὸν
2562 4883 2785 4954 Πατέρα
2813 4885 2913 4955 τὴν
2952 4885 3176 4956 πρώτην
3223 4886 3405 4940 αίτίαν
3436 4886 3535 4957 τὴν
3568 4888 3774 4954 ἀναφο-

2199 4970 2300 5044 ράν
2329 4973 2465 5045 ἔχει,
2500 4992 2520 5028 ι
2554 4975 2655 5045 τὴν
2689 4979 2790 5046 τῆς
2831 4978 3151 5049 Ῥωμαῖκῆς
3189 4978 3522 5049 Ἐκκλησίας
3562 4977 3790 5053 καταλο,

2197 5067 2368 5137 λαγὴν
2393 5068 2715 5139 ένστερνίσῃ
2739 5070 2845 5122 ἀπὸ
2875 5070 3127 5141 καρδίας,
3161 5071 3259 5125 καὶ
3278 5074 3341 5124 ὲκ
3370 5070 3467 5124 τοῦ
3507 5070 3630 5123 Υίοῦ
3680 5070 3773 5122 λε-

2197 5160 2402 5230 γούσης
2453 5156 2593 5214 εἶναι
2643 5163 2704 5213 τὸ
2764 5161 3015 5233 Πνεῦμα,
3062 5165 3160 5218 καὶ
3204 5164 3343 5235 πρὸς
3398 5164 3490 5217 τὸν
3550 5164 3776 5235 Πατέρα

2200 5253 2380 5307 πάντα
2417 5253 2512 5305 τοῦ
2542 5252 2672 5306 Υίοῦ
2703 5253 3143 5326 δογματιςούσης
3166 5255 3487 5326 ἀνάγεσθαι.
3564 5256 3776 5310 Ἐκεῖνο

2199 5345 2257 5398 δὲ
2283 5344 2446 5400 πάλιν
2471 5345 2590 5407 πῶς
2620 5345 2797 5408 ἄλλως
2840 5347 3031 5416 νοῆσαι
3079 5346 3299 5417 ἔχομεν,
3339 5349 3478 5417 ὅπερ
3523 5350 3551 5401 ό
3600 5348 3778 5418 μέγας

2202 5437 2428 5508 εἴρηκεν
2475 5438 2814 5505 Ἀθανάσιος,
2843 5437 2934 5490 τὸν
2958 5438 3086 5492 Υίὸν
3123 5440 3351 5510 μείζονα
3384 5440 3478 5494 τοῦ
3525 5440 3779 5511 Πνεύμα-

2201 5546 2293 5593 τος
2317 5531 2584 5601 ἀριδήλως
2620 5531 2822 5598 είπών;
2851 5526 3019 5597 Οὗτος
3076 5534 3183 5604 γὰρ
3209 5536 3269 5586 ὲν
3281 5533 3359 5604 τῷ
3385 5533 3527 5587 κατά
3562 5534 3777 5602 Ἀρεια-

2206 5623 2312 5675 νῶν
2345 5621 2547 5691 πρώτῳ
2568 5622 2734 5692 λόγῳ,
2800 5616 2864 5676 οὗ
2916 5625 3166 5705 ἡάρχὴ.
3203 5644 3220 5676 ι
3259 5626 3323 5678 Ai
3371 5625 3469 5693 μὲν
3531 5624 3778 5695 αἱρέσεις

2204 5712 2327 5765 ὅσαι
2362 5715 2458 5784 τῆς
2487 5713 2749 5783 ἀληθείας
2784 5715 3144 5786 ὲπινοήσασαι
3179 5715 3375 5786 μανίαν
3419 5716 3641 5778 ἑαυταῖς
3671 5733 3777 5787 φαο

2209 5807 2361 5878 νεραὶ
2392 5806 2742 5875 τυγχάνουσι,
2783 5826 2801 5859 ι
2838 5809 3021 5878 φησίνο
3069 5828 3087 5861 ι
3125 5809 3182 5861 ’0
3210 5808 3305 5862 τοῦ
3339 5809 3655 5873 Πνεύματος
3690 5809 3769 5862 δο-
