4058 6412
2883 370 2965 417 ,

262 412 316 479 81
765 394 863 438 ,ηιξ
913 365 1061 421 μιν
1354 422 1452 486 DE
1484 424 1777 513 UNIOXE
1819 423 2378 489 ECCLES’IAR‘UM‘.
2684 364 2708 383 ἦ
3168 407 3173 413 ’
3419 433 3491 499 82

260 525 349 597 τηρ
385 524 438 578 ἐν
467 523 750 596 Πνεῦματι
787 526 935 596 λέγει
975 528 1072 585 νῦν
1106 530 1390 586 ἐκϐάλλειν
1420 535 1487 588 τὰ
1532 535 1807 604 δαιμόνια·

1940 550 2035 589 ura
2066 536 2480 606 humanapotis
2510 554 2613 593 non
2663 542 2754 606 sit,
2794 558 2858 598 ex
2893 560 2950 599 se
2994 543 3109 614 ipsa
3137 544 3336 615 ejicere
3379 544 3491 601 dae-

261 616 401 671 τοῦτο
429 617 482 669 δὲ
512 617 612 671 οὐκ
642 617 793 671 ἔστιν
817 619 994 683 ἄλλως
1010 623 1301 694 εἰρημένον
1324 624 1465 694 ἢδιὰ
1485 626 1582 695 τὴν
1608 628 1808 698 σάρκα·

259 708 326 771 ὡς
351 707 452 777 γάρ
475 708 576 776 τῆς
609 709 920 776 ἀνθρώπων
976 711 1194 779 φύσεως
1247 714 1349 766 οὐκ
1387 714 1557 785 οὔσης
1621 717 1811 787 ἱκανῆς

262 801 342 869 ἀφ’
383 800 582 861 ἑαυτῆς
631 801 920 855 ἐκϐάλλειν
981 805 1111 868 τοὺς
1141 805 1431 876 δαίμονας,
1469 808 1518 860 εί
1552 808 1627 877 μὴ
1658 808 1813 865 δυνά-

266 904 342 957 μει
363 885 452 940 τοῦ
494 887 836 957 Πνεῦματος,
864 891 951 944 διὰ
996 892 1156 946 τοῦτο
1184 893 1259 956 ὡς
1284 894 1572 964 ἄνθρωπος
1604 897 1809 966 ἑ>εγεψ

267 994 283 1028 ι
306 979 358 1029 El
380 976 430 1029 δὲ
459 976 570 1044 ἐγὼ
594 980 652 1030 ὲν
683 979 958 1048 Πνεῦματι
984 981 1119 1035 Θεοῦ
1149 983 1396 1038 ἐκὸάλὶω
1409 986 1477 1039 τά
1501 986 1805 1055 δαιμόνιαι»

266 1067 489 1123 Τοιαῦτα
530 1070 630 1141 μὲν
661 1065 756 1124 οῦν
781 1075 896 1136 τοῖς
934 1072 1208 1140 Ἰουδαίοις
1237 1076 1314 1141 ὡς
1344 1077 1629 1149 ἄνθρωπος
1657 1079 1809 1151 εἴρη-

266 1176 345 1213 κεν
365 1161 391 1214 ὁ
412 1161 619 1229 Κύριος
640 1178 655 1193 ⁸
678 1166 791 1226 τοῖς
815 1164 875 1217 δὲ
910 1165 1183 1237 μαθηταῖς
1202 1169 1304 1240 τὴν
1332 1169 1564 1241 θεότητα
1593 1171 1686 1224 καὶ
1716 1188 1814 1240 μεο

267 1250 568 1322 γαλειότητα
605 1253 822 1318 δεικνὺς
852 1256 1070 1319 ἑαυτοῦ,
1101 1259 1286 1313 οὐκέτι
1317 1260 1576 1316 ἐλάττονα
1615 1262 1812 1317 ἑαυτὸν

266 1344 345 1397 τοῦ
364 1345 694 1413 Πνεῦματος,
724 1346 863 1401 ἀλλὰ
900 1348 1125 1418 μείζονα
1149 1352 1243 1405 καὶ
1281 1351 1399 1405 ἴσον
1450 1352 1581 1406 ὄντα
1609 1354 1811 1423 σημαί-

269 1453 374 1500 νων,
398 1437 571 1492 ὲδίδου
607 1439 707 1508 μὲν
732 1440 793 1493 τὸ
813 1440 1057 1512 Πνεῦμα,
1085 1444 1181 1497 καὶ
1210 1443 1419 1512 ἔλεγεν,
1469 1464 1489 1498 ι
1511 1445 1652 1515 Ἐγὼ
1680 1448 1812 1501 αὐτὸ

271 1532 579 1599 ἀποστέλλω,
616 1535 870 1601 κάκεῖνος
896 1537 999 1608 spe
1033 1537 1271 1605 δοξάσει,
1296 1541 1393 1594 καὶ
1428 1542 1528 1595 ὅσα
1563 1541 1809 1610 ἀκούσει,

272 1619 520 1692 λαλήσει.»
558 1622 763 1678 Σκόπει
787 1626 852 1679 τὸ
882 1626 1048 1698 ῥητὸν
1070 1627 1255 1695 τοῦτο,
1289 1629 1379 1684 καὶ
1408 1631 1546 1701 πρὸς
1575 1634 1645 1685 τά
1683 1633 1814 1686 ἀνα.

274 1715 607 1783 γεγραμμένα
661 1716 991 1786 συμσίσαζε,
1051 1718 1141 1774 ἵνα
1180 1724 1332 1793 τρεῖς
1385 1715 1531 1776 οῦτοι
1593 1723 1813 1795 ἀπαρά-

280 1820 476 1873 γραπτοι
513 1806 888 1874 λαμδάνοιντο
921 1810 1227 1883 μάρτυρες.
1282 1813 1643 1877 ωνιστῶντες
1678 1815 1813 1868 Ῥω⁸

1914 642 2126 693 mones,
2171 629 2274 684 nisi
2325 630 2526 685 virtute
2580 630 2840 701 Spiritus,
2886 645 3167 705 propterea
3220 645 3281 691 ut
3327 637 3494 691 homo

1912 719 2185 785 dicebatf:
2244 719 2301 774 Si
2352 736 2479 776 vero
2531 738 2630 791 ego
2681 724 2734 777 in
2793 724 2999 795 Spiritu
3043 727 3134 781 Dei
3184 727 3348 795 ejicio
3383 726 3494 782 dte-

1912 812 2095 866 monia
2140 812 2183 866 '.
2256 804 2383 869 Haec
2436 816 2619 884 itaque
2667 815 2871 872 Iudaeis
2921 829 2980 873 ιιι
3018 820 3182 875 homo
3228 818 3492 875 Dominus

1913 902 2162 960 elocutus
2193 914 2276 961 est
2319 924 2332 960 :
2386 907 2671 977 discipulis
2713 925 2841 965 vero
2890 910 3146 965 deitatem
3184 920 3235 965 et
3287 910 3494 980 magni-

1916 996 2156 1051 tudinem
2182 1011 2338 1052 suam
2372 1006 2681 1065 ostentans,
2717 1017 2821 1056 non
2848 1002 3111 1057 minorem
3132 1004 3490 1072 semetipsum

1915 1087 2145 1156 Spiritu,
2185 1088 2282 1142 sed
2316 1091 2581 1158 majorem
2627 1103 2682 1145 et
2722 1093 2986 1161 aqualem
3032 1097 3320 1156 denotans,
3350 1093 3494 1149 elar-

1914 1178 2163 1247 giebatur
2196 1179 2485 1250 Spiritum,
2514 1183 2821 1252 aiebatque,
2851 1184 2959 1251 Ego
2992 1184 3143 1239 illum
3180 1185 3416 1248 mittam,
3442 1194 3496 1240 et

1914 1269 2007 1323 ille
2031 1286 2115 1324 me
2134 1270 2478 1341 gloriﬁcabit,
2498 1281 2549 1327 et
2568 1288 2906 1344 quacunque
2921 1273 3102 1328 audiet
3134 1275 3386 1344 loquetur
3403 1274 3445 1327 '.
3470 1295 3490 1327 ι

1912 1359 2209 1415 Considera
2242 1362 2447 1416 dictum
2475 1362 2599 1429 hoc,
2628 1373 2683 1419 et
2711 1380 2832 1419 cum
2853 1380 3018 1434 supra
3036 1365 3256 1435 scriptis
3282 1365 3493 1429 confer,

1914 1458 1974 1503 ut
2000 1460 2108 1506 tres
2139 1451 2226 1506 isti
2252 1452 2369 1509 sine
2398 1456 2717 1522 exceptione
2747 1456 2981 1528 majores
3020 1464 3183 1510 testes
3211 1471 3500 1510 assuman-

1915 1552 2025 1609 tur,
2075 1544 2487 1610 conﬂrmantes,
2525 1545 2800 1601 Romanos
2855 1562 2960 1600 non
2991 1545 3171 1601 dicere
3199 1546 3337 1602 duas
3367 1561 3498 1601 cau-
3527 1598 3537 1607 ,

1916 1650 2007 1691 sas
2060 1635 2321 1709 Spiritus,
2355 1635 2484 1692 licet
2517 1636 2765 1707 illumfex
2794 1636 2977 1702 Patre,
3005 1647 3060 1693 et
3088 1653 3154 1694 ex
3180 1637 3317 1692 Filio
3351 1653 3502 1692 asse-

1915 1734 2060 1783 rant.
2087 1726 2296 1782 Etenim
2321 1728 2369 1783 si
2401 1744 2576 1799 neque
2600 1744 2830 1800 magnus
2852 1728 3244 1784 Basilius‘duas
3263 1729 3499 1797 Spiritus

1918 1834 2115 1875 causas
2154 1820 2471 1876 constabilit
2518 1820 2730 1885 dicens,
2767 1838 2787 1873 ι
2828 1818 3089 1889 Spiritum
3136 1836 3202 1875 ex
3242 1819 3381 1874 Filio
3412 1820 3502 1879 ha-

281 1894 440 1989 μαὶους
571 1898 666 1989 δύο
694 1897 878 1968 λέγειν
928 1903 997 1955 τὰ
1033 1903 1130 1956 τοῦ
1162 1904 1482 1974 Πνεῦματος
1531 1906 1698 1967 αἴτια,
1765 1906 1814 1957 εἰ

1932 1910 2048 1963 bere
2086 1925 2245 1977 esse;
2307 1930 2326 1963 ι
2362 1926 2539 1983 neque
2571 1911 2870 1984 Nyssenus,
2919 1930 2938 1963 ‹
2971 1910 3168 1967 Filium
3200 1911 3500 1971 decernens

277 1987 352 2038 καὶ
388 1989 444 2041 ὲκ
466 1988 687 2059 Πατρδς
705 1992 803 2045 καὶ
857 1992 990 2047 Υίοῦ
1048 1995 1210 2049 τοῦτο
1276 1996 1547 2062 λέγουσιν·
1601 1998 1650 2050 εί
1706 1996 1818 2068 γὰρ

1932 2001 2266 2072 praeintelligi
2293 2001 2497 2072 Spiritu
2529 2002 2828 2058 secundum
2850 2003 3114 2057 rationem
3132 2017 3334 2066 causae;
3365 2019 3384 2052 ι
3406 2017 3496 2056 nc-

273 2080 388 2149 μήτε
413 2084 440 2135 ὀ
478 2082 662 2153 μέγας
697 2083 979 2151 Βασίλειος
1011 2086 1106 2141 δύο
1140 2088 1322 2152 αίτίας
1352 2090 1445 2143 τοῦ
1499 2091 1816 2161 Πνεῦματος

268 2170 652 2243 εἴρηκε,λέγων
687 2177 770 2243 τὸ,
803 2196 823 2230 ι
880 2177 1109 2250 Πνεῦμα
1146 2181 1300 2251 παρὰ
1349 2181 1444 2234 τοῦ
1491 2182 1620 2237 Υίοῦ
1676 2183 1815 2252 ἔχων

266 2262 315 2316 τὸ
338 2261 488 2334 εἶναι,
539 2287 563 2322 ι
609 2271 747 2339 μήτε
800 2271 830 2323 δ
889 2271 1114 2342 Νύσσης
1153 2272 1246 2325 τὸν
1294 2273 1423 2326 Υἱὸν
1471 2274 1817 2343 δογματίζων

1923 2106 2030 2161 que
2059 2108 2290 2165 magnus
2321 2093 2659 2149 Athanasius
2683 2096 2937 2150 scribens
2972 2112 2985 2148 :
3035 2113 3057 2145 (
3087 2093 3281 2148 Filium
3329 2094 3497 2159 majo-

1924 2197 2039 2237 rem
2079 2183 2304 2253 Spiritu,
2347 2204 2368 2238 ι
2404 2201 2580 2256 neque
2604 2185 2835 2247 Romani
2878 2186 3013 2240 duas
3047 2184 3281 2255 Spiritus
3308 2199 3503 2240 causas

1926 2277 2195 2345 inferunt,
2227 2278 2470 2333 dicentes
2504 2278 2657 2337 illum
2678 2294 2743 2332 ex
2779 2276 2937 2333 Patre
2954 2287 3007 2332 et
3031 2276 3165 2331 Filio
3185 2275 3502 2346 procedere.

266 2362 744 2432 προεπινοούμένον
770 2363 866 2420 τοῦ
906 2365 1226 2436 Πνεῦματος
1264 2366 1407 2420 κατὰ
1452 2367 1545 2420 τὸν
1587 2368 1689 2436 τῆς
1738 2368 1918 2432 αίτίας
1954 2370 2134 2439 λόγον,
2169 2388 2187 2422 ι
2254 2370 2395 2440 μήτε
2425 2372 2451 2423 ὁ
2502 2370 2671 2436 μέγας
2736 2367 3077 2432 Ἀθανάσιος,
3123 2368 3299 2434 λέγων
3354 2385 3373 2418 ι
3411 2367 3504 2420 τὸν

265 2450 375 2504 Υἱδν
405 2455 633 2524 μείζονα
655 2457 753 2512 τοῦ
779 2458 1119 2530 Πνεῦματος,
1146 2478 1166 2514 ι
1198 2461 1320 2516 οῦδὶ
1347 2462 1397 2514 οἱ
1439 2461 1701 2532 Ῥωμαῖοι
1722 2461 1813 2515 δύο
1853 2461 2031 2525 αἰτίας
2059 2461 2153 2516 τοῦ
2217 2462 2538 2533 Πνεῦματος
2565 2460 2840 2530 λέγουσιν,
2877 2459 2942 2514 ἐκ
3002 2460 3217 2530 Πατρδς
3243 2459 3337 2511 καὶ
3371 2457 3503 2511 Υίοῦ

264 2543 376 2598 αὐτὸ
394 2545 651 2613 λέγοντες
675 2548 1096 2619 ἐκπορεύεσθαι.

321 2639 420 2709 κη’.
460 2640 611 2695 Ἀλλ’
645 2642 741 2694 ἐπὶ
773 2642 926 2712 τρισὶ
954 2643 1167 2708 τούτοις
1216 2646 1459 2720 μάρτυσι
1514 2646 1669 2717 δέχου
1718 2650 1815 2700 καὶ

265 2732 349 2796 τὰς
376 2732 771 2803 ρηθησομὲνας
801 2735 968 2799 ἄλλας
1001 2737 1310 2809 μαρτυρίας
1335 2741 1414 2801 εἰς
1446 2739 1547 2810 τὴν
1600 2739 1819 2793 ἀπόδει-

266 2824 339 2891 ξιν
373 2826 460 2879 τοῦ
488 2822 645 2880 εἶναι
683 2826 744 2880 τὸ
764 2825 992 2898 Πνεῦμα
1021 2831 1120 2882 καὶ
1162 2830 1228 2884 ἑκ
1251 2828 1348 2883 τοῦ
1395 2830 1547 2885 Υίοῦ.
1582 2831 1644 2886 '0
1672 2832 1827 2900 ἅγιος

262 2915 509 2987 Κύριλλος
526 2921 594 2973 ὲν
621 2922 687 2989 τῇ
706 2920 980 2992 ἑρμηνείᾳ
1004 2924 1071 2993 τῇ
1099 2924 1178 2987 είς
1196 2921 1289 2977 τὸν
1319 2925 1608 2995 προφήτην
1649 2925 1829 2995 ’Ῑωὴλ,

263 3010 377 3065 ἔνθα
399 3011 479 3078 τὸ,
513 3031 534 3065 ι
550 3012 739 3083 ἐκχεῶ
759 3013 868 3067 ἀπὸ
891 3015 987 3067 τοῦ
1005 3015 1328 3087 Πνεῦματός
1361 3034 1493 3086 μουι
1518 3017 1824 3086 ἐξηγεῖται,

264 3106 429 3172 φησίν*
470 3125 489 3159 ι
532 3099 622 3178 *ῌ
660 3104 761 3176 μὲν
796 3106 910 3177 γάρ
932 3107 1050 3161 ἔστι
1084 3106 1239 3173 Θεὸς,
1274 3109 1371 3162 καὶ
1405 3111 1472 3163 ὲκ
1513 3108 1648 3162 Θεοῦ
1683 3109 1827 3162 κατὰ

1994 2649 2085 2705 28.
2123 2649 2225 2704 Sed
2261 2665 2368 2716 prae
2400 2647 2486 2702 bis
2533 2648 2709 2703 tribus
2742 2646 2974 2703 testibus
3004 2645 3201 2702 habeto
3239 2647 3335 2702 tibi
3362 2647 3503 2703 infra

1923 2740 2177 2811 ponenda
2228 2740 2337 2796 alia
2386 2739 2734 2806 testimonia,
2789 2739 2991 2809 quibus
3054 2737 3501 2802 demonstratur,

1930 2831 2192 2902 Spiritum
2243 2847 2367 2888 esse
2425 2840 2479 2887 et
2533 2848 2595 2887 ex
2645 2816 2806 2886 Filio.
2871 2831 3106 2886 Sanctus
3156 2830 3394 2903 Cyrillus
3450 2831 3502 2884 in

1927 2926 2270 2996 expositione
2315 2924 2483 2981 Joclis
2555 2926 2855 2996 pr0phette,
2906 2940 2973 2979 eo
3017 2925 3073 2978 in
3127 2916 3269 2990 loco,
3304 2924 3356 2976 in
3394 2938 3505 2993 quo

1928 3015 2060 3070 illud
2096 3032 2110 3070 :
2153 3034 2172 3067 ι
2203 3013 2487 3069 Effundam
2518 3030 2546 3068 e
2576 3012 2784 3084 Spiritu
2811 3013 2987 3077 meo",
3026 3014 3045 3063 ι
3074 3011 3501 3080 interpretatur:

1939 3126 1967 3159 ι
1995 3106 2225 3161 Ratione
2256 3106 2499 3176 quidem,
2529 3120 2634 3175 qua
2658 3112 2743 3160 est
2770 3104 2938 3171 Deus,
2971 3113 3025 3158 et
3053 3118 3120 3158 ex
3157 3102 3267 3158 Deo
3307 3119 3508 3158 secun-

262 3197 406 3265 φῦσιν
444 3199 471 3252 ό
506 3197 668 3261 Υἱός
706 3197 1035 3270 γεγέννηται
1058 3200 1170 3272 γὰρ
1198 3202 1262 3254 ὲκ
1285 3201 1422 3255 Θεοῦ
1458 3201 1554 3256 καὶ
1589 3204 1821 3274 Πατρός·

1932 3198 2067 3254 dum
2111 3208 2363 3254 naturam
2413 3197 2582 3255 Fdius
2627 3215 2641 3252 :
2688 3214 2925 3267 namque
2979 3212 3045 3252 ex
3082 3197 3192 3252 Deo
3239 3208 3293 3251 et
3347 3194 3509 3251 Patre

265 3287 381 3342 ίδιον
409 3289 577 3344 αὐτοῦ
608 3307 671 3344 τε
703 3292 800 3345 καὶ
819 3292 878 3344 ὲν
911 3291 1060 3363 αὐτῷ
1082 3292 1177 3346 καὶ
1213 3294 1272 3359 ἐξ
1306 3294 1472 3348 αὐτοῦ
1504 3296 1565 3349 τὸ
1598 3295 1827 3366 Πνεῦμά

265 3381 384 3445 ἐστι.
418 3383 686 3453 καθάπερ
715 3385 912 3455 ἀμέλει
944 3384 1036 3440 ἐπ’
1070 3387 1239 3440 αὑτοῦ
1297 3391 1503 3442 νοεῖται
1531 3390 1628 3443 τοῦ
1686 3389 1824 3443 Θεοῦ

264 3478 346 3530 καὶ
367 3480 602 3551 Πατρός.
630 3497 652 3532 ι
701 3479 765 3532 '0
791 3478 956 3543 αὐτὸς
1007 3480 1065 3532 ἐν
1097 3478 1175 3550 τῷ
1215 3481 1355 3551 προς
1420 3481 1643 3552 βασιλέα
1700 3483 1831 3537 Θεο-

263 3568 422 3624 δόσιον
456 3572 631 3643 λόγῳ,
663 3564 727 3627 οὗ
757 3571 981 3644 ἡάρχὴ,
1021 3591 1040 3624 ι
1068 3572 1184 3642 Τῆς
1225 3573 1335 3643 μὲν
1390 3575 1463 3627 ἐν’
1518 3572 1829 3644 ἀνθρώποις

265 3666 496 3729 εὐκλείας
527 3667 593 3719 τὸ
622 3665 944 3729 ἁνωτάτω,ι
978 3665 1134 3735 φησί·
1178 3682 1197 3716 ι
1237 3665 1574 3729 Βαπτίζοντα
1607 3665 1712 3737 εφη
1739 3667 1830 3722 τὸν

276 3756 466 3826 Ἰησοῦν
493 3762 553 3812 ἐν
584 3759 747 3829 πυρὶ,
789 3758 850 3811 οὐ
878 3758 938 3810 τδ
967 3757 1249 3827 ἀλλότριον
1280 3760 1393 3821 τοῖς
1412 3757 1831 3829 βαπτιζομένοις

266 3849 460 3904 ἔνιέντα
491 3849 729 3918 Πνεῦμα
755 3847 1143 3920 δουλοπρεπιῖκ
1172 3850 1265 3902 καὶ
1323 3850 1695 3918 ὑπηρετικῶς,
1716 3850 1830 3904 ἀλλ’

261 3939 329 4004 ὡς
352 3942 481 3997 Θεὸν
514 3943 640 4013 μετ’
676 3940 927 4007 ἐξουσίας
945 3941 1045 4009 τῆς
1095 3941 1380 4007 ἀνωτάτω,
1414 3943 1501 3996 στδ
1557 3943 1618 4008 ἐξ
1670 3943 1832 3996 αὑτοῦ

267 4035 352 4087 καὶ
378 4037 509 4089 ίδιον
538 4032 738 4089 αὐτοῦ.
777 4052 797 4087 ι
843 4032 903 4087 '0
931 4033 1107 4103 μέγας
1143 4034 1467 4097 Ἀθανάσιος
1489 4036 1548 4087 ἒν
1577 4034 1654 4105 τῷ
1703 4038 1835 4107 περὶ

268 4124 357 4195 τῆς
387 4128 661 4197 ὲνσάρκου
722 4128 1051 4194 ἐπιφανείας
1104 4126 1199 4180 τοῦ
1261 4126 1398 4180 Θεοῦ
1463 4127 1659 4196 Λόγου,
1707 4123 1768 4183 οὗ
1800 4131 1834 4200 ἡ

269 4217 418 4288 ἀρχὴ,
449 4238 468 4271 ι
496 4221 561 4274 οι
581 4218 935 4286 κακοτέχνως
959 4218 1056 4279 τὰς
1085 4217 1236 4280 θείας
1263 4218 1487 4289 Γραφὰς
1521 4219 1836 4289 βουλόμενοι

268 4311 414 4377 νοεῖν,
454 4328 474 4363 ι
514 4310 712 4381 φησίν’
747 4327 767 4360 ι
798 4309 972 4371 Ait-cl;
1015 4309 1125 4380 γάρ
1154 4310 1286 4362 αὐτὸ
1337 4310 1545 4363 ἄνωθεν
1588 4310 1838 4382 ἔπεμπεν

269 4401 335 4464 ὡς
355 4403 506 4469 Θεὸς,
568 4404 670 4458 καὶ
716 4402 880 4465 αὐτὸς
921 4402 1055 4455 αὐτὸ
1117 4402 1364 4456 κάτωθεν
1410 4402 1705 4475 ὑπεδέχετο
1762 4403 1839 4468 ὡς

1929 3300 2219 3365 generatus
2268 3301 2384 3356 est;
2440 3291 2698 3361 preprius
2744 3291 2963 3359 ipsius,
3030 3300 3081 3344 et
3132 3290 3185 3343 in
3252 3288 3395 3358 ipso,
3457 3297 3510 3342 et

1928 3383 2174 3453 ex'ipso
2232 3394 2316 3440 est
2387 3382 2624 3454 Spiritus
2702 3393 2969 3448 sanctus,
3044 3380 3504 3464 quemadmodum

1930 3476 2141 3533 scilicet
2190 3475 2257 3532 de
2288 3477 2407 3547 ipso
2437 3476 2759 3546 intelligitur
2806 3475 2916 3531 Deo
2957 3484 3012 3531 et
3046 3473 3250 3528 'Patre.
3295 3491 3315 3525 ι
3362 3471 3505 3526 Idem

1931 3571 2180 3627 oratione
2254 3570 2321 3624 ad
2405 3569 2791 3639 imperatorem
2872 3564 3244 3622 Theodosium
3280 3604 3294 3628 ,
3354 3562 3511 3634 cujus

1931 3661 2258 3733 principium
2317 3678 2332 3714 :
2389 3677 2408 3712 ι
2445 3660 2650 3725 Gloria,
2706 3675 2827 3730 qua:
2886 3659 2943 3715 in
3008 3657 3326 3714 hominibus
3386 3664 3510 3719 est,

1934 3768 2248 3824 supremum
2277 3792 2293 3818 ,
2339 3770 2358 3803 ι
2405 3753 2475 3807 ait
2513 3770 2526 3806 :
2576 3770 2596 3803 ι
2632 3749 3005 3819 Baptizautem
3050 3749 3185 3804 dixit
3225 3746 3413 3807 Jesum
3454 3746 3506 3801 in

1933 3851 2080 3920 igne,
2122 3863 2232 3904 non
2276 3848 2515 3903 alienum
2566 3847 2663 3912 iis,
2705 3847 2800 3917 qui
2847 3845 3213 3914 baptizantur,
3262 3842 3510 3915 injicien-

1934 3951 2043 3998 tem
2087 3938 2377 4008 Spiritum,
2427 3937 2570 3993 servi
2627 3937 2803 3992 instar
2841 3943 2895 3990 et
2923 3932 3255 3999 administri,
3311 3932 3403 3986 sed
3452 3941 3510 3986 ut

1935 4030 2107 4086 Deum
2148 4044 2273 4084 cum
2326 4042 2579 4099 suprema
2615 4026 2893 4087 facultate,
2929 4023 3023 4093 qui
3059 4041 3125 4078 ex
3155 4024 3273 4093 ipso
3303 4032 3407 4085 est,
3460 4028 3508 4073 et

1940 4137 2074 4178 Suus
2098 4119 2377 4190 proprius.
2402 4137 2420 4170 ι
2468 4117 2703 4172 Sanctus
2722 4114 3055 4173 Athanasius
3079 4112 3328 4167 oratione
3347 4108 3412 4163 de
3431 4108 3507 4162 iu-

1937 4223 2163 4270 carnata
2176 4212 2505 4282 apparitione
2525 4209 2615 4264 Dei
2643 4206 2819 4274 Verbi,
2837 4207 2991 4276 cujus
3005 4203 3351 4274 principium.
3375 4221 3393 4254 ι
3417 4199 3510 4275 Qui

1939 4305 2211 4360 malitiose
2254 4303 2467 4359 divinas
2516 4301 2825 4369 Scripturas
2878 4299 3068 4352 volunt
3116 4294 3436 4364 intelligere,
3495 4312 3529 4344 I-

1942 4397 2111 4452 tradit
2141 4413 2154 4450 :
2199 4376 2348 4465 «ipse
2376 4393 2522 4449 enim
2552 4393 2703 4446 ilIum
2728 4391 2959 4458 desuper
2990 4386 3240 4441 mittebat
3267 4394 3324 4438 ut
3352 4383 3511 4450 Deus;

272 4491 569 4564 ἄνθρωπος.
607 4491 705 4557 Ἐξ
730 4489 901 4546 αὐτοῦ
930 4489 1024 4546 οῦν
1069 4493 1150 4555 είς
1197 4491 1361 4544 αὐτὸν
1392 4473 1684 4563 κατῄει-ἐκ
1736 4491 1827 4561 τῆς

1948 4497 2004 4545 et
2028 4489 2145 4558 ipse
2185 4488 2337 4541 illum
2370 4484 2424 4539 in
2464 4484 2571 4537 imo
2608 4480 2934 4551 accipiebat,
2966 4488 3027 4533 ut
3067 4478 3252 4532 homo.
3286 4474 3364 4530 E‘x
3402 4473 3515 4564 ipse

281 4553 726 4652 θεότητος-*αὑτοῦ
757 4586 838 4646 είς
864 4585 964 4653 τὴν
1015 4553 1415 4655 ἀνθρωπότητα
1469 4553 1660 4638 αῦτοῦ.
1692 4603 1712 4637 ι
1779 4553 1827 4639 ’θ

1951 4553 2137 4650 itaque
2162 4578 2213 4631 in
2246 4577 2423 4647 ipsum
2452 4573 2833 4637 descendebat,
2871 4585 2934 4625 ex
2958 4568 3241 4627 divinitate
3269 4565 3440 4634 ipsius
3469 4562 3517 4617 in

270 4673 657 4748 Χρυσόστομος
688 4679 749 4730 ἐν
781 4674 861 4746 τῷ
890 4675 1034 4745 λόγῳ
1068 4675 1148 4745 τῷ
1205 4677 1285 4739 είς
1329 4676 1430 4745 τὴν
1482 4674 1841 4746 άνθρὼπησιν

242 4748 353 4821 λαιοῦ
383 4771 591 4841 Κυρίου
620 4768 782 4840 ἡμῶν
832 4767 1007 4837 Ἰησοῦ
1038 4767 1298 4837 Χριστοῦ.
1334 4769 1429 4821 καὶ
1452 4768 1533 4828 ei;
1564 4767 1646 4834 τὸ,
1681 4765 1844 4821 Ἑκά-

240 4904 246 4915 .
275 4874 374 4930 στῳ
392 4862 622 4931 κλίματι
653 4860 1036 4931 ἐφεστήκεσαν
1053 4859 1299 4929 ἄγγελοι,
1331 4852 1392 4913 οῦ
1418 4861 1452 4930 ἠ
1480 4859 1645 4930 ἀρχὴ,
1678 4860 1844 4912 «Ὄν-

271 4967 366 5014 τως
385 4955 637 5024 ἐπεφάνη
668 4950 799 5023 ἡμῖν
829 4955 864 5021 ἡ
890 4950 984 5004 τοῦ
1013 4950 1149 5004 Θεοῦ
1174 4951 1355 5020 χάρις,
1393 4970 1411 5003 ι
1454 4951 1639 5020 φησίν·
1675 4946 1845 5004 FH):-

277 5043 358 5097 θεν
392 5049 420 5099 ό
449 5046 690 5118 Χριστὸς
738 5046 875 5116 πρὸς
901 5044 1072 5114 ἡμᾶς’
1107 5044 1311 5097 ἔδωκεν
1350 5045 1483 5114 ἡμῖν
1512 5044 1572 5096 τὸ
1592 5045 1653 5108 ἐξ
1679 5042 1845 5097 αὐτοῦ

276 5133 509 5205 Πνεῦμα,
576 5135 680 5197 καὶ
724 5133 1020 5189 ἀνελάϐετο
1076 5133 1137 5187 τδ
1185 5133 1457 5203 ἡμέτερον
1496 5132 1676 5201 σῶμα.
1717 5153 1735 5181 ι
1786 5134 1845 5186 Ὀ

277 5223 426 5288 αὐτὸς
450 5228 511 5279 ὲν
539 5225 626 5296 τῷ
662 5225 826 5295 λόγῳ,
858 5224 938 5297 τῷ
962 5225 1045 5286 είς
1075 5228 1137 5277 τὸ
1170 5226 1470 5294 μυστήριον
1508 5223 1603 5277 τοῦ
1652 5223 1848 5293 βαπτί-

280 5333 495 5385 σματος,
529 5314 597 5371 οῦ
643 5319 679 5389 ἡ
719 5316 884 5388 ἀρχὴ,
918 5315 1130 5371 «Πάλιν
1175 5316 1362 5387 ἡμῖνὴ
1421 5313 1516 5368 τοῦ
1570 5315 1847 5386 μακαρίου

281 5408 431 5460 Δαυῖδ
463 5411 819 5478 πνευματικὴ
843 5407 1068 5479 κιθάρα,
1111 5425 1130 5459 ι
1162 5405 1316 5474 φησί’
1381 5422 1409 5456 ι·
1461 5404 1561 5456 Διὰ
1601 5402 1760 5457 τοῦτο
1820 5404 1849 5456 ό

281 5497 462 5570 Σωτὴρ
490 5501 772 5554 δείκνυσιν
802 5499 995 5554 ἑαυτὸν
1020 5498 1204 5567 πηγὴν
1237 5497 1405 5564 ζωῆς,
1440 5497 1535 5549 καὶ
1564 5494 1707 5565 ὕδωρ
1738 5494 1849 5559 ζῶν

283 5590 336 5638 τὸ
362 5590 590 5662 Πνεῦμα
619 5589 687 5644 τὸ
706 5590 879 5661 ἅγιον.
908 5609 927 5642 ι
973 5591 1034 5643 Ὀ
1056 5589 1220 5653 αὐτὸς
1250 5592 1308 5643 ὲν
1344 5588 1424 5660 τῷ
1456 5589 1585 5658 περὶ
1618 5588 1728 5642 τῶν
1754 5587 1850 5641 δύο

284 5683 558 5754 Διαθηκιῖιν
586 5682 756 5754 λόγῳ,
784 5677 845 5737 οῦ
878 5686 910 5755 ἡ
941 5684 1105 5754 ἀρχὴ,
1137 5701 1156 5734 ί
1192 5681 1333 5735 Θεὸν
1368 5680 1423 5734 δὲ
1466 5681 1561 5733 ἕνα
1621 5681 1716 5733 καὶ
1760 5679 1849 5731 τὸν

387 5840 407 5870 ³
437 5841 629 5896 Matth.
668 5857 763 5905 xu,
799 5842 895 5898 38.
1001 5844 1022 5873 ⁵
1052 5840 1358 5898 Joan..xrt,
1392 5839 1474 5902 I5,
1541 5837 1602 5892 ιι

1947 4669 2346 4725 humanitatem
2393 4667 2586 4737 ipsius.
2628 4684 2659 4717 ι
2698 4663 3119 4733 Chrysostomus
3171 4659 3418 4719 oratione
3469 4655 3519 4709 in

1947 4758 2376 4812 incarnationem
2424 4754 2637 4810 Domini
2685 4752 2854 4807 nostri
2897 4750 3041 4807 Jesu-
3075 4747 3318 4809 Christi,
3370 4753 3424 4800 et
3470 4743 3518 4799 in

1947 4851 2118 4915 illud,
2159 4851 2220 4906 In
2276 4862 2604 4919 quacunque
2659 4846 2878 4915 regione
2942 4841 3271 4898 assistebant
3323 4838 3521 4909 angeli,

1953 4946 2114 5014 cujus
2163 4942 2512 5014 principium,
2553 4959 2573 4992 ‹
2631 4937 2766 4993 Vere
2823 4935 3076 5006 apparuit
3128 4933 3292 4989 nobis
3343 4931 3519 4987 divina

1954 5036 2147 5107 gratia,
2189 5054 2207 5086 ι
2242 5032 2414 5088 reI‘crt
2450 5052 2462 5083 :
2502 5048 2521 5082 ι
2564 5028 2725 5085 Venit
2749 5027 3005 5083 Christus
3036 5026 3101 5080 ad
3141 5039 3272 5089 nos,
3309 5022 3522 5078 tradidit

1957 5128 2139 5193 nobis,
2188 5127 2281 5197 qui
2334 5141 2397 5179 ex
2453 5126 2571 5193 ipso
2616 5132 2732 5188 est,
2786 5120 3080 5189 Spiritum,
3131 5128 3186 5172 ct
3234 5114 3521 5182 assumpsit

1958 5229 2204 5275 nostrum
2257 5233 2477 5287 Corpus.
2543 5234 2561 5266 ι
2615 5215 2758 5270 Idem
2812 5213 3057 5266 oratione
3106 5210 3160 5264 in
3213 5208 3523 5278 mysteriutr

1959 5311 2329 5378 baptismatis,
2354 5310 2510 5375 cujus
2536 5306 2883 5376 principium,
2904 5323 2924 5355 ι
2947 5302 3157 5358 Rursus
3180 5299 3339 5354 nobis
3356 5300 3523 5351 sanet‘

1963 5404 2179 5459 Da'ridis
2208 5402 2469 5471 spiritalis
2494 5401 2724 5454 cithara.
2750 5397 3041 5465 Propterea
3073 5396 3328 5448 Set-valor
3349 5399 3524 5445 ostcn-
3552 5402 3559 5407 '

1959 5492 2038 5548 dit
2094 5492 2442 5561 semetipsum
2483 5489 2685 5545 fontem
2732 5490 2885 5552 vitae,
2933 5496 2987 5541 et
3015 5497 3211 5553 aquam
3264 5481 3525 5535 viventem

1961 5586 2224 5654 Spiritum
2282 5594 2554 5639 sanctum.
2614 5601 2635 5634 ι
2691 5581 2834 5637 Idem
2891 5578 3140 5633 oratione
3201 5574 3269 5628 de
3321 5571 3527 5627 duobus

1960 5675 2347 5743 Testamentis,
2376 5673 2534 5745 cujus
2568 5671 2917 5743 principium,
2948 5685 2968 5719 ι
3006 5665 3173 5723 Deum
3206 5679 3333 5721 vero
3366 5674 3527 5717 unum

1736 5836 1754 5866 ⁷
1806 5832 1948 5889 loc].
1984 5848 2043 5900 ιι,
2091 5832 2184 5887 28.
