4058 6446
516 397 589 462 83
1543 400 1752 463 JOAN.
1793 401 2009 463 \‘ECCI
2045 402 2105 462 Cl

2207 400 2713 464 PATRIARCH/E
2970 468 2975 475 ,
3689 394 3771 463 84

517 510 887 580 cumdentque
915 524 945 564 a
979 510 1247 580 principio
1280 509 1723 577 manilestarunt,
1759 512 1843 568 lex
1873 522 1926 567 et
1963 529 2087 582 pro-

2207 514 2354 566 ιύτδν
2379 511 2747 583 δεδηλῶκασιν
2778 511 2837 577 ἐξ
2867 511 3035 583 ἀρχῆς
3068 510 3257 583 νόμος,
3296 510 3395 565 καὶ
3429 514 3771 583 «meﬁtes,»

514 604 712 673 phetae.
764 600 1058 671 Propterea
1112 603 1260 657 enim
1319 603 1461 671 quod
1508 602 1712 658 factum
1764 615 1849 659 est
1897 605 2094 659 divinae

516 694 738 751 virtutis
784 694 1043 765 templum
1089 707 1287 764 corpus
1329 694 1546 749 Domini
1586 694 1854 750 deiferum
1882 735 1897 760 ,
1935 698 2000 751 lis
2036 706 2093 752 et

517 798 572 838 tu
608 787 868 857 templum
904 786 1209 842 secundum
1243 786 1389 841 illius
1419 787 1851 843 similitudinem.
1881 788 2095 858 Accipis

448 924 457 933 .
518 878 662 931 enim
709 879 779 933 ab
833 879 951 947 ipso
1005 879 1233 933 missum
1288 878 1569 949 Spiritum.
1623 877 2094 945 Quemadmodum

516 984 648 1040 ergo
697 971 973 1025 Christum
1027 986 1328 1041 agnoscens
1374 972 1541 1026 Deum
1601 972 1903 1040 agnovisti,
1933 973 2098 1028 ita’et

525 1062 785 1133 Spiritum
810 1062 1012 1120 Chriin
1045 1065 1349 1135 accipiens,
1387 1065 1553 1120 Deum
1582 1064 1859 1136 accepisti.
1895 1083 1913 1117 ι
1951 1065 2095 1120 Idem

520 1155 573 1209 in
600 1156 777 1225 prima
803 1156 1239 1227 Pr0pltylactica,
1261 1156 1420 1228 cufus
1448 1156 1801 1226 principium,
1825 1173 1843 1206 ι
1868 1156 2097 1222 Quando

519 1247 584 1299 ad
612 1248 816 1301 bonum
843 1249 1177 1315 accedimus,
1211 1264 1514 1319 prmcavere
1539 1258 1786 1321 oportet,
1816 1250 1910 1321 qui
1949 1250 2095 1304 bono

517 1345 711 1389 contra
742 1345 1021 1406 operatur,
1055 1338 1353 1393 diabolum.
1387 1336 1452 1393 Et
1485 1338 1587 1395 hac
1617 1340 1828 1394 ratione
1858 1340 2098 1395 servabit

520 1441 622 1480 nos
664 1425 922 1497 Spiritus,
963 1428 1057 1498 qui
1110 1445 1172 1483 ex
1208 1429 1424 1485 Christo
1474 1439 1586 1495 est,
1630 1431 1683 1485 in
1722 1431 1865 1486 diem
1899 1430 2098 1489 futura:

519 1518 933 1587 redemptionis.
985 1539 1004 1572 ι
1039 1518 1274 1576 Sanctus
1319 1521 1500 1577 itidem
1543 1520 1778 1594 Cyrillus
1823 1523 1877 1578 itt
1921 1524 2098 1594 capite

452 1628 457 1631 Α
520 1610 755 1676 quodam
803 1611 924 1665 libri
974 1612 1200 1667 secundi
1258 1610 1687 1674 Thesaurorum.
1759 1631 1778 1664 ι
1836 1612 2096 1683 Proprias

522 1712 653 1751 vero
684 1700 907 1754 omnino
950 1708 1033 1755 est
1072 1698 1305 1770 Spiritus
1343 1701 1592 1754 essentia:
1632 1698 1789 1766 Filii,
1827 1714 2000 1771 neque
2029 1715 2097 1756 ex

523 1799 752 1844 externo
781 1791 965 1860 aliquo
991 1790 1326 1862 Iiypostasim
1368 1790 1552 1843 habet.
1593 1809 1614 1842 ι
1646 1791 1704 1846 In
1738 1791 1846 1846 alio
1880 1806 2096 1856 rursus,

531 1898 548 1928 ι
597 1877 794 1949 Legem
843 1880 1051 1935 ferente
1084 1882 1269 1950 itaque
1299 1878 1555 1946 Christo,
1598 1890 1858 1950 tanquam
1890 1881 1945 1935 in
1980 1883 2099 1951 ipso
2129 1862 2174 1920 Β

525 1977 578 2023 et
607 1985 671 2024 ex
716 1971 837 2040 ipso
884 1970 1090 2041 Spiritu
1134 1972 1281 2027 illius
1326 1972 1650 2038 exsistente,
1690 1974 1861 2043 legem
1907 1972 2031 2026 fert.
2075 1991 2094 2023 ι

531 2061 595 2113 lit
631 2076 822 2116 rursus
852 2061 905 2116 in
937 2061 1082 2116 alio:
1114 2081 1133 2114 ‹
1164 2060 1399 2117 Necesse
1435 2072 1517 2118 est
1548 2063 1729 2134 itaque
1761 2077 1826 2118 ex
1864 2062 2100 2118 essentia

524 2155 790 2210 exsistere
824 2155 1069 2210 conﬁteri
1099 2155 1275 2224 ipsum
1310 2153 1455 2221 Filii,
1486 2166 1540 2210 et
1567 2156 1680 2223 Dei,
1708 2171 1924 2212 omnem
1954 2156 2101 2211 illius

529 2246 842 2301 facultatem
863 2258 915 2302 et
938 2248 1308 2317 operationem
1336 2248 1679 2303 habentem»
1708 2247 1842 2302 Item
1870 2248 1924 2301 in
1951 2247 2058 2302 alio
2084 2265 2098 2302 :

536 2358 554 2391 ι
582 2340 792 2393 Nullam
843 2340 1026 2410 itaque
1065 2350 1274 2397 natura:
1318 2340 1675 2396 dilIerentiam
1713 2341 1863 2396 novit
1904 2340 2102 2396 Paulus

529 2429 675 2495 Filii,
709 2439 762 2485 et
797 2429 1035 2500 Spiritus
1060 2433 1235 2488 sancti
1271 2451 1285 2488 :
1311 2434 1406 2489 sed
1437 2443 1691 2501 tauquam
1722 2433 1775 2487 in
1806 2434 1925 2503 ipso
1954 2445 2005 2489 et
2033 2450 2100 2489 es

528 2523 649 2591 ipso
682 2523 1007 2579 naturaliter
1036 2525 1414 2591 exsisteutem,
1454 2525 1845 2581 dominationis
1881 2527 2103 2582 nomine

526 2624 829 2684 nuncupat.
871 2632 891 2666 ι
934 2615 1135 2670 Iterum
1174 2618 1230 2669 in
1277 2617 1424 2670 alio:
1464 2634 1483 2667 ι
1538 2616 1707 2685 Igitur
1750 2632 1816 2671 ex
1864 2619 2102 2672 essentia

526 2704 652 2760 Filii
692 2716 773 2762 est
826 2707 1062 2777 Spiritus
1109 2716 1352 2764 sanctus.
1408 2727 1428 2759 ι
1469 2705 1617 2763 Idem
1662 2708 1715 2761 in
1764 2710 2103 2780 expositione

528 2798 806 2870 Evangelii
846 2800 1147 2855 secundum
1193 2798 1456 2854 Joannem
1495 2800 1607 2854 ait:
1656 2818 1675 2852 ι
1718 2797 1964 2872 Namque
2008 2802 2100 2857 Dei

529 2902 586 2944 et
630 2891 806 2947 Patris
854 2891 1182 2946 naturalium
1230 2891 1505 2947 bonorum
1551 2893 1914 2948 essentialiter
1953 2894 2102 2949 exsi-

530 2994 681 3040 stens
713 2985 1005 3054 particeps,
1042 2984 1205 3040 habet
1242 2993 1295 3039 et
1328 2984 1616 3055 Spiritum,
1644 2987 2102 3057 quemadmodum

533 3076 910 3146 unusquisque
934 3086 1180 3133 nostrum
1207 3078 1485 3148 proprium
1517 3080 1569 3133 in
1603 3094 1662 3136 se
1689 3080 1806 3151 ipso
1841 3079 2101 3151 Spiritum

2195 606 2349 676 φησί·
2388 607 2516 659 «Διὰ
2544 608 2605 660 τδ
2631 607 2743 677 γὰρ
2761 604 3015 674 γενέσθαι
3036 604 3163 659 ναὸν
3189 605 3287 674 τῆς
3309 605 3458 666 θείας
3486 605 3778 676 δυνάμεως

2195 699 2259 752 τὸ
2296 700 2455 767 σῶμα
2482 698 2579 753 τοῦ
2612 701 2819 768 Κυρίου
2847 698 2911 750 τὸ
2940 698 3223 767 θεοφόρον,
3255 700 3385 769 γίνῃ
3426 700 3520 751 καὶ
3551 699 3617 753 σύ
3643 699 3780 762 ναὸς

2196 789 2324 842 καθ’
2346 790 2608 858 ὁμοίωσιν
2640 787 2807 844 αὐτοῦ
2829 804 2843 818 ·
2877 788 3008 859 δέχῃ
3030 789 3138 859 γὰρ
3170 790 3599 858 ἐκπεμπόμενον
3634 787 3778 855 παρ’

2196 881 2363 936 αὐτοῦ
2382 881 2442 933 τὸ
2460 882 2703 950 Πνεῦμα.
2732 881 2944 948 Ὥσπερ
2968 879 3063 933 οῦν
3098 880 3334 949 Χριστὸν
3360 879 3637 946 ἐπιγνοὺς,
3672 880 3783 931 £7:-

2199 969 2371 1037 έγνως
2398 970 2552 1031 Θεὸν,
2573 970 2715 1023 οὕτω
2740 969 2965 1039 Πνεῦμα
2993 966 3229 1038 Χριστοῦ
3255 966 3567 1036 δεξάμενος,
3611 966 3781 1030 ἐδέξω

2197 1062 2350 1116 Θεόν.
2403 1081 2422 1113 ι
2463 1062 2524 1117 '0
2562 1062 2728 1125 αὐτὸς
2757 1063 2816 1115 ὲν
2849 1060 2927 1130 τῷ
2952 1058 3156 1130 πρώτῳ
3184 1058 3650 1129 Προφυλακτικῷ,
3708 1053 3781 1111 οὗ

2199 1156 2233 1222 ἡ
2264 1155 2426 1225 ἀρχὴ,
2468 1173 2488 1205 ι
2511 1153 2730 1225 Ἐπειδὴ
2758 1153 2837 1223 τῷ
2867 1150 3060 1221 ἁγαθῷ
3094 1149 3534 1221 προσερχόμεθα,
3563 1150 3784 1217 φυλάσ-

2202 1248 2396 1301 σεσθαι
2425 1249 2508 1301 δεῖ
2530 1247 2623 1300 τὸν
2653 1245 3092 1316 ἀντιπράσσοντα
3119 1242 3200 1313 τῷ
3234 1244 3337 1310 ἁγσ
3349 1241 3429 1314 θῷ
3467 1241 3775 1305 διὰόολον,›

2202 1340 2339 1411 φησί
2368 1357 2382 1371 ⁸
2423 1359 2443 1393 ι
2479 1340 2592 1395 Καὶ
2616 1338 2788 1401 οὕτως
2814 1338 2961 1408 ἡμᾶς
2994 1334 3218 1405 φυλάξοι
3247 1333 3307 1386 τὸ
3332 1333 3483 1403 παρὰ
3533 1334 3781 1403 Χριστοῦ

2201 1431 2428 1502 Πνεῦμα
2474 1432 2554 1493 είς
2588 1431 2689 1501 τὴν
2719 1429 2934 1499 ἡμέραν
2963 1430 3065 1497 τῆς
3111 1425 3418 1496 μελλούσης
3443 1424 3782 1496 ἀπολυτρώ-

2202 1541 2363 1587 σεως.
2399 1541 2419 1576 ι
2464 1523 2525 1576 '0
2556 1523 2712 1589 ἅγιος
2736 1519 2901 1575 πάλιν
2926 1518 3201 1590 Κύριλλος
3227 1518 3287 1571 ὲν
3308 1517 3391 1570 ἑνὶ
3435 1517 3545 1571 τῶν
3604 1535 3784 1586 usrpa-

2200 1616 2368 1671 λαίων
2398 1614 2491 1669 τοῦ
2521 1613 2780 1681 δευτέρου
2827 1612 2938 1665 τῶν
2994 1610 3298 1682 Θησαυρῶν
3325 1626 3515 1679 φησιν’
3559 1630 3578 1662 ε
3614 1611 3784 1664 Ἶδιον

2198 1708 2256 1761 δὲ
2284 1706 2502 1768 πάντως
2532 1705 2594 1758 τὸ
2619 1703 2845 1774 Πνεῦμα
2860 1703 2963 1772 τῆς
2989 1703 3180 1766 οὐσίας
3204 1702 3301 1757 τοῦ
3342 1701 3494 1767 Υίοῦ,
3554 1703 3650 1756 καὶ
3672 1704 3784 1757 οὐκ

2200 1798 2400 1866 ἔξωθεν
2426 1798 2780 1853 ὑποστατόν.»
2833 1797 2922 1849 Ἐν
2944 1795 3090 1866 ἄλλῳ
3120 1795 3306 1849 πάλιν·
3337 1811 3358 1846 ι
3400 1795 3787 1862 Νομοθετοῦν-

2202 1911 2292 1956 τος
2348 1891 2641 1962 τοιγαροῦν
2691 1890 2787 1945 τοῦ
2823 1889 3089 1959 Χριστοῦ,
3132 1890 3211 1952 ὡς
3252 1890 3314 1943 ὲν
3367 1889 3519 1958 αὐτῷ
3567 1890 3664 1944 καὶ
3723 1888 3787 1957 ἐξ

2200 1984 2368 2039 αὐτοῦ
2400 1984 2650 2052 φυσικῶς
2679 1984 2924 2055 ὑπάρχον
2950 1982 3011 2036 τὸ
3051 1979 3279 2052 Πνεῦμα
3311 1981 3502 2044 αὐτοῦ,
3547 1982 3786 2052 νομοθε-

2202 2080 2305 2130 τεῖ·
2335 2096 2352 2129 ι
2387 2077 2499 2131 Καὶ
2541 2076 2703 2129 πάλιν
2733 2077 2792 2128 ὲν
2819 2074 2985 2145 ἄλλῳ·
3020 2093 3039 2126 ι
3061 2073 3306 2145 Ἀνάγκη
3364 2073 3558 2127 λοιπὸν
3588 2074 3652 2125 ὲκ
3679 2074 3789 2140 τῆς

2203 2168 2391 2232 οὐσίας
2424 2168 2694 2238 ὑπάρχειν
2722 2165 3011 2237 ὁμολογεῖν
3042 2166 3176 2221 αὐτὸ
3205 2165 3305 2235 τῆς
3336 2164 3432 2218 τοῦ
3494 2162 3628 2219 Υἱοῦ
3683 2165 3793 2218 καὶ

2203 2262 2364 2326 Θεοῦ,
2389 2262 2571 2315 πᾶσαν
2588 2258 2758 2314 αὐτοῦ
2774 2260 2876 2331 τήν
2889 2276 2947 2312 τε
2977 2259 3211 2328 δύναμιν
3236 2260 3330 2312 καὶ
3358 2256 3460 2326 τὴν
3492 2255 3791 2327 ἐνέργειαν

2205 2356 2353 2426 ἕχον.
2384 2374 2403 2408 ι
2436 2355 2548 2409 Καὶ
2579 2354 2744 2407 πάλιν
2774 2354 2831 2405 έν
2859 2351 3022 2419 ἀλλῳο
3056 2370 3077 2403 ε
3112 2350 3385 2419 Οὐδεμίαν
3406 2350 3513 2418 ἄρα
3561 2349 3792 2417 φύσεως

2204 2444 2346 2500 οἶδεν
2379 2447 2408 2498 ὸ
2441 2445 2650 2517 Παῦλος
2681 2441 2950 2513 διαφορὰν
2971 2443 3072 2511 τῆς
3116 2441 3213 2495 τοῦ
3271 2441 3407 2495 Υιοῦ
3465 2440 3561 2495 καὶ
3618 2440 3791 2507 ἁγίου

2206 2535 2549 2602 Πνεῦματος’
2583 2532 2698 2584 ἀλλ’
2723 2532 2799 2593 ὡς
2835 2531 2892 2595 ἐξ
2926 2530 3092 2583 αὐτοῦ
3128 2532 3222 2583 καὶ
3255 2531 3314 2584 έν
3344 2529 3493 2599 αὐτῷ
3531 2528 3793 2599 φυσικῶς

2205 2625 2452 2695 ὑπάρχον
2479 2624 2557 2690 τῷ
2586 2625 2684 2694 τῆς
2706 2626 3028 2694 κυριότητος
3079 2623 3303 2691 ὀνόματι
3362 2622 3543 2675 καλεῖ.
3582 2640 3600 2673 ι
3661 2621 3787 2674 Καὶ

2206 2718 2371 2772 πάλιν
2402 2720 2460 2771 ὲν
2486 2718 2651 2787 ἄλλφο
2687 2735 2707 2769 ι
2745 2716 2961 2771 Οὐκοῦν
2990 2717 3055 2770 ὲκ
3075 2716 3172 2786 τῆς
3203 2712 3391 2772 οὐσίας
3412 2711 3508 2767 τοῦ
3549 2712 3682 2766 Υἱοῦ
3728 2714 3795 2767 τὸ

2206 2811 2454 2882 Πνεῦμα.
2489 2829 2508 2860 ι
2548 2810 2605 2864 Ὀ
2631 2810 2794 2874 αὐτὸς
2819 2811 2879 2865 ὲν
2906 2812 2973 2880 τῇ
3006 2808 3269 2880 ἑρμηνεῖᾳ
3299 2807 3394 2859 τοῦ
3427 2806 3567 2860 κατὰ
3599 2805 3794 2860 Ἰωαν-

2206 2923 2304 2976 νην
2328 2905 2481 2974 φησί·
2529 2923 2550 2955 ‹
2581 2905 2701 2959 Τῶν
2721 2905 2828 2975 γὰρ
2852 2903 2947 2959 τοῦ
2982 2903 3119 2957 Θεοῦ
3139 2902 3235 2956 καὶ
3272 2901 3485 2971 Πατρδς
3533 2901 3795 2968 φυσικῶν

2204 2997 2429 3065 ἀγαθῶν
2452 2996 2731 3060 οὐσιωδῶς
2758 2996 3017 3068 ὑπάρχων
3055 2998 3083 3050 ὁ
3114 2995 3243 3057 Υἱὸς
3267 2994 3525 3058 κοινωνὸς
3549 2992 3662 3063 ἔχει
3687 2993 3796 3047 καὶ

2206 3088 2268 3141 τὸ
2297 3089 2542 3161 Πνεῦμα,
2579 3090 2771 3159 ὥσπερ
2798 3089 2957 3161 ἡμῶν
2998 3088 3227 3152 ἕκαστος
3253 3087 3317 3140 τὸ
3345 3087 3478 3141 ίδιον
3516 3087 3573 3138 ιν
3601 3086 3733 3138 έαυτ
3750 3085 3794 3155 ῷ

531 3168 791 3231 continet,
817 3176 869 3221 et
892 3183 958 3222 ex
982 3168 1187 3223 intimis
1216 3168 1518 3224 visceribus
1542 3170 1608 3224 ad
1630 3170 1900 3226 exteriora
1927 3170 2101 3239 ipsum

2209 3179 2427 3250 πνεῦμα
2458 3181 2690 3250 συνέχει·
2718 3179 2799 3234 διὸ
2823 3181 2913 3234 καὶ
2961 3179 3294 3250 σωματικῶς
3320 3178 3451 3231 αὐτὸ
3472 3177 3586 3240 τοῖς
3608 3174 3794 3245 μαθη-

529 3259 760 3316 ell‘undit
792 3281 805 3317 :
831 3269 1163 3334 quapropter
1186 3271 1238 3317 et
1265 3279 1491 3332 corpore
1529 3263 1677 3319 illum
1702 3266 1981 3335 discipulis
2019 3267 2105 3321 in-

533 3355 786 3413 sumavit.
815 3375 835 3408 ι
872 3356 1017 3412 Idem
1045 3358 1099 3412 in
1130 3372 1240 3413 uno
1266 3357 1442 3427 capite
1466 3358 1690 3413 secundi
1715 3358 1838 3413 libri
1861 3358 2110 3413 Thesau-

538 3463 743 3502 rorum.
780 3467 799 3502 ι
847 3446 1162 3503 Ostenditur
1197 3447 1373 3518 palam
1414 3462 1521 3502 non
1557 3462 1679 3504 esse
1710 3446 1948 3502 alienum
1987 3445 2107 3500 Filii

535 3542 799 3610 Spiritum
825 3552 1096 3609 sanctum,
1127 3542 1221 3598 sed
1253 3542 1307 3596 in
1337 3541 1455 3612 ipso
1492 3551 1547 3595 et
1584 3557 1648 3595 ex
1681 3540 1821 3612 ipso,
1850 3539 2110 3611 quemad-

535 3634 755 3688 modum
786 3635 928 3690 actio
954 3632 1197 3704 quaedam
1225 3634 1489 3689 naturalis
1514 3632 1693 3687 omnia
1716 3642 1932 3704 potens,
1959 3648 2110 3703 quaa-

533 3743 751 3798 cunqne
782 3728 916 3791 vult,
945 3729 1174 3796 replere.
1207 3747 1225 3780 ι
1254 3724 1487 3783 Sanctus
1510 3726 1847 3796 Epiphanius
1879 3725 2110 3796 Cyprius

535 3820 781 3874 oratione
826 3818 893 3873 de
935 3817 1133 3875 Triade
1164 3828 1218 3874 et
1256 3818 1707 3884 Resurrectione,
1750 3819 1910 3889 cujus
1957 3818 2108 3888 prin-

534 3913 760 3980 cipium,
805 3930 824 3964 ι
862 3911 966 3966 Sed
1013 3911 1081 3967 de
1120 3910 1316 3967 Triade
1350 3910 1445 3966 Dei
1477 3919 1533 3966 et
1560 3908 1759 3975 Patris,
1794 3920 1845 3965 et
1874 3908 2015 3972 Filii,
2056 3917 2110 3962 et

536 4005 774 4074 Spiritus
820 4003 1016 4068 sancti,
1062 4017 1165 4057 nos
1209 4003 1415 4058 debiles
1476 4010 1530 4058 et
1587 4002 1787 4067 rudes,
1862 4001 1994 4056 nihil
2044 4014 2109 4055 ex

537 4107 723 4151 nostra
762 4095 991 4151 scicntia
1030 4094 1396 4163 proferentes,
1433 4108 1612 4163 neque
1650 4093 1781 4149 alea:
1823 4093 2107 4147 hominum

538 4186 906 4256 nosmetipsos
940 4184 1277 4249 addicentes,
1314 4199 1381 4238 ex
1411 4183 1611 4238 divinis
1643 4182 1941 4254 Scripturis
1971 4198 2112 4253 pre-

538 4282 696 4347 cipue
733 4276 1049 4332 testimonia
1087 4276 1336 4346 apposita
1373 4274 1718 4346 colligentes,
1751 4276 1819 4331 ad
1860 4276 2112 4332 consola-

539 4376 740 4427 tionem
776 4370 1036 4438 ﬁdelium,
1079 4379 1133 4425 et
1170 4369 1312 4424 male
1354 4383 1601 4439 novaque
1633 4366 1982 4425 sentientium
2023 4383 2112 4422 re-

535 4465 935 4540 dargutionem.
984 4487 1004 4516 ο
1050 4462 1182 4517 Post
1239 4460 1409 4517 multa
1465 4461 1583 4515 haec
1632 4459 1833 4517 habet:
1880 4478 1899 4510 ‹
1952 4457 2113 4513 Pater

2206 3274 2328 3336 ταῖς
2360 3272 2809 3344 ὲμπεφύσηκεν.»
2855 3272 2915 3325 ’0
2943 3272 3104 3336 αὐτὸς
3134 3272 3191 3326 ἐν
3226 3272 3309 3325 ένὶ
3337 3271 3444 3323 τῶν
3474 3268 3793 3337 κεφαλαίων

2207 3364 2303 3417 τοῦ
2320 3364 2579 3435 δευτέρου
2606 3364 2711 3418 τῶν
2726 3364 3032 3435 Θησαυρῶν
3045 3379 3199 3433 φησιν
3225 3381 3244 3415 ι
3269 3362 3561 3415 Δείκνυται
3598 3360 3795 3427 σαφῶς

2209 3459 2311 3510 οὐκ
2331 3455 2614 3527 ἀλλότριον
2633 3456 2727 3510 τοῦ
2747 3455 2880 3509 Υίοῦ
2900 3456 2962 3509 τὸ
2983 3454 3210 3524 Πνεῦμα
3249 3454 3309 3508 τδ
3351 3454 3528 3522 ἅγιον,
3579 3450 3701 3505 ἀλλ’
3733 3456 3794 3507 ὲν

2210 3549 2357 3619 αὐτῷ
2388 3548 2483 3601 καὶ
2512 3548 2568 3614 ἐξ
2598 3548 2786 3615 αὐτοῦ,
2821 3548 2914 3602 καὶ
2943 3548 3132 3618 ὥσπερ
3163 3545 3416 3616 ἐνέργειά
3443 3561 3527 3606 τις
3555 3543 3791 3611 φυσικὴ,

2211 3638 2392 3692 πάντα
2420 3638 2697 3708 δυναμένη
2732 3636 3002 3708 πληροῦν,
3051 3637 3160 3697 ὅσα,
3201 3636 3296 3688 καὶ
3346 3633 3626 3705 βούλεται.
3662 3651 3683 3685 ι
3733 3634 3793 3686 '0

2212 3734 2370 3800 ἆγιος
2409 3730 2732 3801 Ἐπιφάνιος
2762 3729 2995 3800 Κύπρου
3027 3730 3086 3784 ἐν
3121 3727 3200 3797 τῷ
3244 3728 3376 3797 περὶ
3421 3724 3652 3796 Τριάδος
3693 3726 3794 3777 καὶ

2225 3824 2782 3894 Ἀναστάσεωςλόγῳ,
2801 3816 2863 3878 οὗ
2891 3824 2924 3894 ἡ
2949 3822 3113 3893 ἀρχὴ,
3146 3838 3167 3873 ι
3211 3818 3371 3873 Ἀλλὰ
3400 3819 3531 3887 περὶ
3554 3817 3794 3887 Τριάδος

2210 3918 2349 3973 Θεοῦ
2382 3918 2477 3971 καὶ
2508 3917 2720 3987 Πατρὸς
2752 3915 2849 3970 καὶ
2872 3914 3027 3980 Υίοῦ,
3054 3914 3147 3967 καὶ⁵
3170 3913 3326 3981 ἁγίου
3355 3909 3693 3978 Πνεύματος,
3738 3911 3791 3961 οἱ

2209 4011 2457 4075 ἀσθενεῖς
2490 4011 2671 4081 ἡμεῖς,
2686 4010 2733 4063 oi
2756 4008 2984 4073 ἰδιῶται,
3002 4006 3169 4077 μηδὲν
3188 4001 3553 4072 σηφιζόμενοι,
3576 4000 3710 4070 μηδὲ
3721 4003 3793 4071 τῇ

2212 4102 2322 4155 τῶν
2342 4102 2648 4172 ἀνθρώπων
2671 4099 2870 4173 κυϐεία
2895 4098 3127 4163 ἑαυτοὺς
3151 4095 3505 4156 ἀνατιθέντες
3533 4094 3598 4147 ὲκ
3624 4092 3793 4146 θείων

2213 4189 2448 4260 Γραφῶν
2504 4189 2654 4260 μάλα
2699 4188 2803 4250 τὰς
2851 4187 3161 4258 μαρτυρίας
3227 4183 3636 4252 συναγαγόντες
3688 4183 3796 4244 τὰς

2216 4285 2655 4357 παρακειμένας,
2689 4285 2768 4347 εἰς
2812 4281 3115 4351 εὐφρασίαν
3142 4278 3352 4334 πιστῶν
3383 4279 3479 4333 καὶ
3522 4278 3796 4348 ἀντίρρη-

2218 4392 2302 4430 σιν
2330 4376 2684 4430 κακοπίστων
2714 4373 2808 4427 καὶ
2842 4371 3158 4435 κενοδόξων,
3198 4388 3218 4423 ι
3266 4368 3412 4423 οὕτω
3457 4369 3591 4437 φησὶ
3647 4368 3797 4436 μετα

2216 4468 2386 4523 πολλά
2418 4485 2431 4499 ·
2471 4487 2489 4519 ι
2531 4467 2724 4537 Πατὴρ
2762 4465 2893 4535 μὲν,-
2916 4464 2991 4527 ὡς
3018 4465 3218 4528 εἰπεῖν,
3250 4462 3311 4515 τὸ
3344 4458 3485 4519 εἶδος
3506 4477 3520 4492 ·
3550 4459 3677 4523 Υἱὸς
3705 4458 3795 4524 δί,

460 4622 467 4627 η
537 4557 811 4624 equidem,
844 4563 905 4608 ut
933 4555 1007 4607 ita
1030 4553 1233 4619 dicam,
1261 4551 1490 4621 species,
1523 4548 1696 4605 Filius
1726 4550 1861 4604 utin
1888 4549 2105 4605 homine

2213 4562 2289 4624 ὡς
2317 4563 2376 4613 ὲν
2412 4560 2493 4630 τῷ
2518 4557 2789 4628 ἀνθρώπῳ
2824 4558 2858 4629 ἡ
2888 4555 3033 4626 ψυχή
3055 4571 3067 4587 ’
3102 4552 3327 4624 Πνεῦμα
3356 4552 3437 4618 δὲ,
3470 4551 3546 4616 ὡς
3576 4551 3665 4604 διὰ
3690 4549 3792 4604 τοῦ

538 4650 719 4701 anima
742 4685 757 4709 ,
791 4644 1029 4714 Spiritus
1063 4651 1123 4697 ut
1161 4657 1258 4713 per
1297 4644 1573 4695 hominem
1610 4640 1846 4709 spirans.
1882 4637 2113 4705 Quidam

537 4740 683 4793 enim
719 4736 941 4791 fraudes
967 4742 1155 4800 suunt,
1190 4748 1289 4787 nec
1320 4730 1585 4785 Deitatem
1611 4737 1816 4787 tenent.
1848 4726 1961 4784 Nos
1984 4742 2114 4783 vero

538 4847 648 4886 non
684 4833 784 4885 ista
821 4828 1138 4883 didicimus.
1173 4824 1279 4880 Sed
1309 4840 1377 4879 en
1411 4821 1573 4878 Pater
1604 4823 1654 4876 iu
1687 4820 1864 4888 coelo,
1894 4837 1960 4877 en
1987 4819 2115 4891 Spi-

540 4927 679 4979 ritus
710 4932 933 4981 sanctus
967 4920 1195 4973 formam
1234 4916 1533 4980 columbae,
1575 4929 1699 4969 cum
1737 4914 2110 4980 descenderet,

540 5017 643 5071 sibi
677 5012 999 5081 assumpsit,
1031 5010 1156 5066 licet
1186 5026 1292 5064 non
1324 5023 1523 5077 corpus
1555 5006 1821 5062 columbae
1853 5005 2111 5071 induerit,

540 5110 634 5163 sed
692 5107 922 5177 ligurem
972 5112 1184 5158 tantum
1244 5101 1541 5157 secundum
1598 5101 1841 5169 seipsum
1888 5099 2114 5153 descen-

541 5206 677 5257 deus
722 5200 963 5268 accepit,
1008 5210 1135 5251 non.
1159 5195 1392 5249 alienam
1435 5192 1503 5247 ab
1548 5191 1785 5247 essentia
1832 5190 2013 5246 Patris
2059 5199 2113 5244 et

540 5296 688 5359 Filii,
718 5295 811 5350 scd
844 5291 1113 5353 eamdem,
1143 5284 1455 5360 hypostasis
1486 5300 1549 5340 ex
1593 5283 1872 5357 hypostasi
1910 5284 2107 5343 Patris.

543 5399 597 5442 rt
620 5388 739 5442 Filii
765 5386 1001 5456 Spiritus
1025 5391 1269 5437 sanctus.
1301 5399 1320 5432 ι
1342 5380 1514 5443 Idem,
1539 5378 1785 5431 oratione
1808 5377 1893 5431 cui
1915 5392 2109 5431 nomen

542 5481 677 5537 fecit
705 5484 980 5552 Ancyroto
1007 5494 1021 5531 :
1070 5496 1089 5528 ι
1117 5476 1315 5530 Emitte
1354 5474 1533 5526 lumen
1554 5480 1705 5524 tuum
1737 5478 1793 5525 et
1826 5471 2111 5524 veritatem

547 5584 719 5635 tuam,
752 5570 921 5627 David
957 5570 1160 5638 inquit.
1204 5565 1321 5635 Ipse
1363 5574 1448 5619 est
1482 5562 1765 5625 Dominus,
1803 5565 1895 5634 qui
1930 5563 2066 5618 dixit
2097 5579 2109 5615 :

541 5700 617 5713 μ-
660 5664 952 5720 Postremis
993 5654 1184 5719 diebus
1224 5656 1497 5714 eﬂundam
1549 5671 1616 5710 ex
1664 5654 1870 5726 Spiritu
1900 5670 2021 5709 meo
2059 5655 2111 5708 in

547 5759 861 5814 universam
909 5768 1163 5815 carnem,
1205 5757 1260 5804 et
1298 5746 1743 5802 vaticinabuntur
1784 5744 1877 5798 lilii
1923 5761 2111 5800 eorum

550 5862 605 5911 et
635 5850 788 5914 ﬁlia,
852 5854 906 5900 et
960 5840 1350 5899 adolescentuli
1405 5854 1615 5901 eorum,
1653 5837 1895 5891 visiones
1963 5838 2116 5891 vidc-

2217 4649 2511 4721 ἀνθρωπου
2552 4647 2815 4718 ὲμπνέον.
2846 4646 3005 4707 Τινὲς
3026 4644 3136 4713 γὰρ
3170 4642 3504 4697 δολιεύονται
3531 4640 3627 4717 καὶ
3646 4630 3795 4693 οὕτω

2214 4741 2497 4811 νομίζουσι
2520 4739 2619 4809 τὴν
2645 4739 2896 4808 θεότητα.
2950 4734 3141 4804 Ἡμεῖς
3183 4734 3241 4787 δὲ
3293 4733 3391 4802 οὐχ
3445 4731 3617 4793 οὔτως
3649 4730 3793 4797 ἐμά-

2202 4833 2400 4904 θομεν.
2457 4831 2600 4885 Ἀλλ’
2660 4830 2773 4883 ίδού
2833 4832 2863 4882 ὁ
2924 4827 3121 4898 Πατὴρ
3166 4828 3225 4879 ὲν
3270 4820 3507 4895 οὐρανῷ,
3557 4823 3669 4875 ἰδοὺ
3726 4823 3794 4876 τὸ

2215 4925 2439 4992 Πνεῦμα
2464 4924 2526 4978 τὸ
2562 4922 2720 4992 ἅγιον
2751 4923 2811 4976 ὲν
2842 4923 2976 4974 εἴδει
3004 4920 3344 4990 περιστερᾶς
3376 4912 3794 4986 ἐσχηματίζετο

2214 5017 2635 5087 κατερχόμενον,
2664 5013 2844 5068 καίτοι
2873 5030 2937 5082 γε
2980 5013 3041 5065 οὐ
3075 5012 3236 5081 σῶμα
3273 5008 3605 5079 περιστερᾶς
3644 5005 3792 5074 λαμ-

2215 5108 2378 5160 ϐάνον
2408 5105 2566 5177 τύπῳ
2590 5103 2991 5175 ἐσχηματίζετο
3014 5101 3418 5171 κατερχόμενον
3452 5096 3577 5151 καθ’
3598 5097 3790 5162 ἑαυτὸ,

2213 5199 2314 5252 οὐκ
2344 5197 2562 5260 ἀλλοίας
2591 5196 2739 5267 παρὰ
2784 5194 2884 5266 τὴν
2912 5193 3006 5247 τοῦ
3042 5191 3256 5263 Πατρύς
3296 5192 3390 5244 καὶ
3450 5188 3599 5252 Υίοῦ,
3655 5188 3793 5241 ἀλλὰ

2214 5291 2314 5361 τῆς
2367 5288 2541 5358 αὐτῆς
2591 5287 2781 5350 οὐσίας
2823 5285 3122 5345 ὑπόστασις
3182 5284 3241 5348 ἐξ
3293 5283 3649 5342 ὑποστάσεως
3693 5280 3792 5349 τῆς

2218 5382 2431 5452 Πατρὸς
2464 5381 2556 5433 καὶ
2587 5378 2718 5433 Υίοῦ
2750 5379 2810 5431 τὸ
2830 5375 3294 5444 ἆγιονἫνεῦμει.»
3342 5375 3401 5428 Ὀ
3430 5373 3593 5435 αὐτὸς
3630 5376 3687 5427 ὲν
3711 5374 3790 5441 τῷ

2215 5475 2359 5543 λόγῳ
2379 5472 2454 5542 τῷ
2480 5471 2799 5543 καλουμένῳ
2814 5467 3143 5538 Ἀγκυρωτῷ
3167 5484 3351 5537 φησιν·
3396 5486 3413 5517 ι
3436 5464 3790 5530 Ἐξαπόστει-

2216 5569 2304 5622 λον
2332 5570 2392 5619 τό
2422 5565 2537 5633 φῶς
2564 5582 2659 5617 σου
2687 5565 2780 5617 καὶ
2798 5564 2897 5632 τὴν
2920 5562 3179 5632 ἀλήθειάν
3210 5577 3326 5625 σου,
3351 5562 3378 5613 ὁ
3399 5559 3566 5612 Ant-air}
3600 5576 3791 5627 φησιν.
3814 5554 3825 5563 ’

2217 5661 2385 5722 Αὐτός
2408 5661 2555 5713 ἐστιν
2593 5660 2621 5710 ὁ
2656 5655 2880 5726 Κύριος,
2909 5656 2937 5708 ό
2960 5655 3127 5707 εἰπών
3149 5652 3345 5705 ὀ--Ἒν
3380 5652 3504 5712 ταῖς
3533 5650 3789 5719 ἐσχάταις

2220 5753 2451 5823 ἡμέραις
2496 5749 2670 5820 ἐκχεῶ
2697 5749 2803 5802 ἀπὸ
2849 5747 2941 5801 τοῦ
2975 5746 3291 5815 Πνεύματός
3325 5762 3424 5812 μου
3468 5742 3561 5796 ἐπὶ
3610 5743 3789 5793 πᾶσαν

2224 5845 2402 5911 σάρκα
2439 5840 2531 5895 καὶ
2566 5837 3037 5909 προφητεύσουσιν
3069 5836 3117 5885 οἱ
3146 5833 3254 5886 υἱοὶ
3293 5832 3472 5885 αὐτῶν
3499 5830 3593 5882 καὶ
3617 5829 3672 5881 αἱ
3697 5826 3789 5878 θυσ-
