4058 6472
524 374 639 452 ,ετ
684 402 707 421 ,

1569 391 1778 454 JOAN.
1823 393 2040 456 VECCI
2079 395 2188 457 ΟΡ.
2231 396 2743 458 ΡΑΤΒῘΑΠΩΠπΕ

3737 399 3820 464 88

536 500 689 558 aliud
717 514 843 559 esse
876 502 1162 572 exsistere,
1195 513 1250 560 et
1282 503 1429 561 aliud
1468 506 1843 563 essistentiam
1879 507 2081 565 habere
2108 527 2123 565 :

2241 508 2360 565 ἰλλο
2389 509 2450 563 τὸ
2477 510 2576 579 τὴν
2605 507 2842 580 ὕπαρξιν
2893 506 3041 577 ἔχειν
3080 525 3093 541 ο
3138 507 3232 563 καὶ
3281 509 3364 564 ὅτι
3426 510 3528 582 μέν
3576 509 3691 565 ἐστί
3753 518 3820 564 τι

528 604 591 648 λοι
616 608 738 651 esse
767 594 972 666 aliquid
1007 597 1150 667 quod
1170 596 1385 654 exsistit
1413 611 1479 653 ex
1507 597 1713 669 aliquo,
1750 599 1845 656 sed
1875 614 1983 655 non
2020 601 2120 655 Ita-

525 679 677 754 Ebens
707 687 1083 744 exsisteutiam
1111 689 1181 744 ab
1220 702 1318 755 eo,
1354 703 1546 745 verum
1587 690 1689 747 hoc
1717 698 1825 757 est;
1865 706 1968 747 nec
2006 693 2124 762 ipse

523 761 749 853 iabnuo,
776 780 1024 851 mihique
1050 780 1462 853 astipulabitur,
1498 784 1644 853 quod
1673 783 1887 840 exsistit
1924 798 1988 840 ex
2021 761 2125 840 hac

525 850 701 935 lurbe,
738 886 803 927 ex
843 887 906 927 ea
934 850 1106 928 suam
1144 850 1411 944 originem
1457 850 1736 944 agnoscit,
1780 885 1835 932 et
1871 875 2018 947 quod
2055 891 2119 931 ex

539 963 648 1019 hoc
688 965 858 1021 choro
906 965 1152 1030 exsistit,
1184 980 1311 1022 cum
1357 966 1515 1033 aliis,
1566 981 1632 1023 ex
1673 968 1875 1038 quibus
1923 970 2124 1025 chorus

538 1064 773 1120 constat,
825 1056 1056 1112 chorum
1112 1058 1327 1129 replet:
1375 1068 1452 1127 et,
1497 1069 1557 1116 ut
1602 1062 1767 1118 verbo
1817 1061 2122 1133 expediam,

538 1147 683 1214 quod
710 1158 935 1205 externe
962 1150 1033 1206 ab
1064 1151 1251 1222 aliquo
1278 1152 1515 1217 exsistit,
1544 1162 1600 1209 et
1627 1169 1733 1209 non
1759 1153 2124 1211 essentialiter

538 1238 608 1291 ab
656 1238 796 1309 ipso.
853 1238 1246 1317 Verumtamen
1296 1244 1443 1314 quod
1492 1259 1559 1300 ex
1604 1247 1843 1301 essentia
1888 1246 2122 1316 alicujus

536 1335 660 1393 est,
699 1330 979 1399 quomodo
1011 1331 1177 1390 fuerit
1205 1333 1352 1390 aliud
1375 1374 1392 1401 ,
1424 1350 1588 1406 quam
1623 1336 1755 1395 illud
1792 1338 1940 1408 quod
1976 1337 2123 1393 exsi-

544 1419 800 1474 stentiam
822 1434 889 1476 ex
912 1435 977 1478 eo
1001 1422 1184 1489 habet,
1212 1426 1369 1497 cujus
1396 1441 1464 1483 ex
1493 1429 1728 1484 essentia
1764 1429 1885 1486 est?
1910 1428 2121 1488 Etenim

542 1512 690 1579 quod
713 1527 778 1566 ex
807 1514 1048 1571 essentia
1077 1515 1234 1574 bovis
1260 1529 1367 1586 est,
1394 1530 1479 1577 est
1509 1521 1631 1589 bos,
1663 1531 1720 1578 et
1748 1524 2122 1580 exsistentiam

542 1616 770 1669 prorsus
812 1604 1058 1673 possidet
1101 1621 1167 1663 ex
1203 1595 1374 1674 bove.
1418 1626 1485 1667 ex
1530 1614 1689 1685 cujus
1728 1616 1966 1673 essentia
1999 1625 2121 1673 est:

542 1696 599 1742 et
628 1691 775 1760 quod
803 1709 871 1749 ex
898 1698 1137 1753 essentia
1169 1698 1430 1769 hominis,
1455 1703 1619 1759 homo
1641 1712 1743 1772 est,
1768 1715 1823 1762 et
1854 1707 2126 1763 exsisten-

541 1780 673 1834 tiam
715 1785 940 1841 omnino
971 1786 1134 1843 habet
1175 1804 1241 1845 ex
1279 1791 1535 1858 homine,
1575 1809 1640 1849 ex
1681 1794 1842 1863 cujus
1883 1798 2122 1853 essentia

541 1883 644 1927 est.
700 1874 990 1948 PrOpterea
1031 1895 1139 1936 non
1172 1883 1375 1939 arridet
1412 1886 1542 1940 mihi
1597 1902 1787 1943 eorum
1831 1890 2121 1954 sententia,

544 1967 635 2034 qui
659 1968 878 2023 tradunt
901 1971 1233 2042 {simpliciter
1262 1982 1428 2046 atque
1456 1977 1786 2047 indistincte,
1824 1981 1973 2036 aliud
2001 1996 2124 2037 esse

544 2056 838 2124 exsistere,
869 2068 923 2115 et
956 2060 1104 2117 aliud
1136 2064 1511 2120 exsistentiam
1555 2068 1771 2124 habere.
1803 2068 1939 2124 Nam
1978 2073 2122 2139 quod

542 2161 612 2200 ex
646 2148 883 2203 essentia
912 2149 1148 2220 alicujus
1179 2159 1287 2221 est,
1315 2162 1371 2209 et
1406 2155 1463 2210 in
1495 2157 1731 2212 essentia
1762 2166 1817 2212 et
1846 2159 2122 2231 hypostasi

544 2253 613 2292 ex
651 2251 720 2294 eo
751 2240 1017 2297 exsistere
1054 2243 1513 2313 deprehendetur.
1548 2246 1650 2314 Qui
1697 2263 1822 2305 vero
1863 2249 2124 2307 Romanis

547 2333 891 2388 contentiose
926 2337 1324 2404 contradicunt,
1363 2355 1495 2395 vero
1535 2342 1811 2398 intellectu
1846 2347 2123 2415 despecto,

546 2422 641 2490 qui
675 2432 778 2492 est,
816 2426 999 2483 dicere
1031 2427 1296 2501 Spiritum
1337 2442 1389 2487 et
1419 2449 1482 2489 ex
1512 2432 1671 2498 Filio,
1703 2446 1757 2491 et
1790 2452 1853 2491 ex
1889 2439 2125 2493 essentia

544 2511 707 2580 Filii,
751 2526 806 2573 et
853 2519 1206 2579 nihilominus
1251 2539 1358 2579 non
1408 2527 1545 2582 duas
1590 2528 1888 2600 intelligere
1931 2543 2127 2586 causas

548 2609 817 2678 Spiritus.
860 2623 1080 2683 propter
1121 2616 1325 2672 dictum
1364 2618 1544 2688 magni
1580 2617 1766 2675 Basilii
1808 2622 2124 2686 asserentis,

553 2719 574 2751 ι
608 2703 755 2774 quod
807 2720 836 2760 a
881 2705 1021 2763 Filio
1067 2708 1264 2766 dicitur
1302 2727 1458 2780 esse,
1506 2715 1571 2768 ad
1620 2714 1855 2785 primam
1904 2732 2125 2772 causam

546 2792 763 2849 Patrem
804 2795 1124 2853 relationem
1157 2800 1351 2869 habet;
1391 2822 1411 2855 ι
1445 2819 1619 2874 neque
1662 2805 1806 2860 enim
1840 2807 2127 2862 molestum

550 2891 636 2932 est
679 2894 1058 2951 saepenumero
1104 2890 1294 2944 eadem
1339 2893 1586 2947 oratione
1635 2904 1912 2965 repetere,
1966 2908 2130 2968 atque

550 2971 870 3039 inculcare,
915 2993 1039 3033 cum
1073 2996 1139 3036 eo
1178 2984 1535 3054 opportunius
1586 2987 1790 3043 dictum
1827 2989 1972 3045 aliud
2021 3008 2127 3047 non

555 3075 832 3135 suppetat,
859 3070 913 3124 in
948 3071 1182 3128 absurda
1205 3076 1309 3130 alia
1340 3087 1503 3148 atque
1534 3079 1636 3133 alia
1663 3090 1968 3137 commenta
2000 3097 2131 3139 con-

2225 599 2474 672 ὑπάρχον
2501 599 2569 655 ἐκ
2603 615 2776 662 τινος,
2812 599 2889 671 μὴ
2926 600 3052 671 ἕχον
3088 598 3151 654 δὲ
3199 600 3296 655 καὶ
3322 600 3423 672 τὴν
3460 600 3698 672 ὕπαρξιν
3737 602 3810 668 ἐξ

2225 691 2415 757 αὐτοῦ,
2441 690 2639 760 ἀληθὲς
2671 691 2853 756 τοῦτο,
2888 692 2982 746 καὶ
3028 691 3259 762 δέχομαι
3317 694 3415 754 καὶ
3457 693 3643 757 αὐτὸς,
3705 693 3820 748 καὶ

2229 785 2571 856 μαρτυρήσει
2608 801 2702 854 μοι
2752 784 2911 840 τοῦτο
2944 784 3007 839 τδ
3056 785 3300 856 ὑπάρχον
3361 786 3427 840 ἐκ
3469 787 3639 857 τῆσδε
3700 787 3817 857 τῆς

2226 874 2461 940 πόλεως,
2493 874 2570 939 ὡς
2602 875 2662 942 ἐξ
2689 876 2860 946 αὐτῆς
2886 875 3051 947 τυχδν
3094 876 3453 947 ὡρμημένον,
3508 877 3605 932 καὶ
3639 877 3700 931 τὸ
3736 881 3816 931 ἐκ

2224 969 2377 1024 τοῦδε
2399 971 2492 1025 τοῦ
2529 970 2692 1042 χοροῦ
2724 971 2995 1043 ὑπάρχον,
3033 970 3094 1026 τὸ
3124 973 3223 1025 σῦν
3263 974 3378 1034 τοῖς
3403 972 3605 1039 ἄλλοις,
3637 973 3695 1039 ἐξ
3729 966 3820 1025 ὧν

2224 1064 2253 1115 δ
2286 1063 2470 1134 χορὸς,
2509 1064 2867 1136 συμπληροῦν
2895 1064 2990 1119 τὸν
3015 1066 3211 1136 χορόν·
3245 1065 3342 1119 καὶ
3383 1064 3569 1129 ἁπλῶς
3607 1066 3718 1118 πᾶν
3746 1065 3819 1119 τὸ

2226 1153 2566 1226 ἐξωτερικῶς
2597 1154 2660 1209 ἐκ
2689 1173 2834 1220 τινος
2862 1156 3131 1226 ὑπάρχον,
3172 1156 3269 1209 καὶ
3317 1155 3392 1226 μὴ
3432 1154 3702 1218 οὐσιωδῶς
3749 1154 3820 1218 ἐξ

2223 1245 2413 1302 αὐτοῦ.
2439 1246 2513 1300 Τὸ
2538 1246 2594 1299 δέ
2625 1247 2689 1300 ἐκ
2716 1245 2818 1316 τῆς
2861 1246 3053 1310 οὐσίας
3100 1246 3343 1319 ὐπάρχον
3373 1245 3539 1312 τινος,
3582 1245 3702 1309 πῶς
3740 1244 3819 1300 ἂν

2225 1337 2314 1407 εῐη
2357 1337 2487 1392 ἄλλο
2517 1355 2593 1399 τι,
2624 1337 2658 1407 ἦ
2688 1338 2789 1409 τὴν
2819 1336 3055 1405 ὓπαρξιν
3081 1337 3231 1409 ἔχειν
3259 1335 3320 1403 ἐξ
3347 1337 3581 1403 ἐκείνου,
3611 1331 3673 1393 οῦ
3708 1337 3819 1391 καὶ

2224 1429 2289 1483 ἐκ
2318 1428 2418 1498 τῆς
2442 1428 2632 1493 οὐσίας
2661 1428 2811 1482 ἐστίν
2836 1446 2851 1494 ;
2887 1427 2962 1482 Τὸ
3006 1429 3117 1499 γὰρ
3140 1430 3205 1482 ἐκ
3235 1429 3334 1498 τῆς
3355 1426 3543 1491 οὐσίας
3561 1426 3656 1481 τοῦ
3683 1426 3821 1497 βοὸς

2229 1521 2356 1591 βοῦς
2390 1522 2530 1588 ἐστι,
2586 1521 2685 1576 καὶ
2730 1521 2830 1592 τὴν
2882 1520 3121 1591 ὓπαρξιν
3169 1521 3390 1584 πάντως
3429 1522 3494 1574 ἐκ
3538 1520 3632 1573 τοῦ
3686 1519 3821 1589 βοὸς

2228 1614 2366 1685 ἔχει,
2403 1606 2465 1668 οῦ
2496 1613 2590 1669 καὶ
2618 1613 2684 1666 ἐκ
2717 1612 2816 1683 τῆς
2846 1612 3037 1675 οὐσίας
3062 1610 3181 1664 ὲστί
3209 1626 3227 1642 ο
3261 1610 3360 1664 καὶ
3379 1609 3442 1663 τὸ
3469 1611 3533 1662 ἐκ
3566 1609 3667 1679 τῆς
3722 1608 3822 1662 ού-

2230 1702 2351 1767 σίας
2376 1702 2473 1757 τοῦ
2514 1701 2807 1775 ἀνθρώπου
2851 1701 3144 1773 ἄνθρωπός
3179 1703 3323 1767 ἐστι,
3362 1700 3461 1753 καὶ
3490 1702 3591 1771 τὴν
3628 1699 3822 1770 ῦπαρ-

2231 1793 2311 1857 ξιν
2346 1792 2567 1854 πάντως
2602 1793 2666 1845 ἐκ
2691 1790 2787 1845 τοῦ
2819 1790 3115 1862 ἀνθρώπου
3152 1790 3290 1862 ἔχει,
3346 1783 3408 1843 οὗ
3456 1790 3562 1843 καὶ
3606 1789 3675 1842 ἐκ
3707 1789 3821 1858 τῆς

2229 1884 2420 1948 οὐσίας
2449 1884 2587 1937 ἐστί.
2646 1883 2746 1936 Διὰ
2802 1881 2937 1951 γοῦν
2987 1883 3159 1936 ταῦτα
3212 1883 3315 1936 οὐκ
3350 1880 3584 1952 ἀρέσκει
3618 1890 3709 1951 μοι
3752 1882 3823 1934 τὸ

2232 1975 2411 2046 νόημα
2439 1976 2549 2028 τῶν
2582 1974 2853 2044 λεγόντων
2905 1972 3094 2036 ἁπλῶς
3131 1973 3276 2027 οὕτω
3322 1973 3420 2027 καὶ
3477 1972 3816 2042 ἀδιορίστως

2231 2068 2360 2123 ἄλλο
2392 2064 2531 2121 εἶναι
2561 2068 2623 2120 τὸ
2658 2067 2949 2136 ὑπάρχειν,
3009 2066 3104 2118 καὶ
3146 2064 3277 2119 ἄλλο
3323 2065 3384 2118 τὺ
3426 2064 3527 2134 τὴν
3568 2063 3821 2132 ὓπαρξιν

2233 2158 2402 2227 ἔχειν.
2433 2157 2507 2210 Τὸ
2536 2155 2643 2228 γὰρ
2687 2156 2752 2209 ἐκ
2798 2158 2899 2224 τῆς
2946 2155 3139 2219 οὐσίας
3189 2153 3338 2218 τινὸς
3390 2153 3660 2224 ὑπάρχον,
3717 2153 3827 2207 καὶ

2232 2250 2492 2311 ἐνουσίως
2542 2250 2640 2301 καὶ
2692 2246 3072 2310 ἐνυποστάτως
3121 2247 3369 2318 ὑπάρχον
3401 2245 3463 2309 ἐξ
3496 2244 3661 2299 αὐτοῦ
3689 2262 3829 2316 νοη-

2234 2341 2482 2410 θήσεται.
2514 2341 2579 2393 Οί
2615 2339 2674 2393 δὲ
2712 2342 2823 2401 τοῖς
2856 2339 3154 2409 Ῥωμαίοις
3191 2336 3486 2409 ἐριστικῶς
3508 2335 3831 2403 ἀντιλέγον-

2232 2451 2345 2497 τες,
2373 2432 2474 2503 τὴν
2520 2430 2695 2500 ἁληθῆ
2738 2430 2948 2485 ἔννοιαν
2990 2429 3334 2500 παριδόντες,
3381 2428 3502 2497 ἥτις
3534 2422 3601 2498 ἦν
3641 2425 3702 2479 τὸ
3733 2426 3828 2480 λέ-

2234 2527 2430 2597 γεσθαι
2453 2526 2514 2579 τὸ
2543 2525 2767 2596 Πνεῦμα
2798 2525 2891 2578 καὶ
2913 2525 2977 2577 ἐκ
3003 2522 3096 2576 τοῦ
3126 2522 3272 2586 Υίοῦ,
3299 2523 3394 2576 καὶ
3418 2522 3483 2575 ἐκ
3504 2520 3603 2591 τῆς
3630 2521 3825 2585 οὐσίας

2236 2619 2329 2673 τοῦ
2360 2617 2516 2685 Υίοῦ,
2563 2618 2660 2671 καὶ
2693 2618 2843 2686 ὅμως
2877 2616 2954 2686 μὴ
3001 2613 3363 2669 ὃύο.νοεῖσθαι
3395 2614 3463 2668 τὰ
3509 2613 3604 2667 τοῦ
3647 2614 3826 2666 Πνεύ-

2240 2729 2408 2782 ματος
2430 2710 2634 2773 stricta,
2687 2709 2776 2762 διὰ
2817 2709 2878 2762 τὸ
2938 2707 3082 2761 κατὰ
3143 2709 3235 2762 τὸν
3299 2709 3473 2779 μέγαν
3534 2707 3827 2760 Βασίλειον

2245 2822 2264 2855 t
2300 2804 2362 2855 τὸ
2387 2802 2539 2872 παρὰ
2571 2800 2667 2854 τοῦ
2711 2800 2841 2853 Υἱοῦ
2874 2800 3167 2869 λεγόμενον
3215 2797 3355 2853 εἶναι
3411 2801 3491 2861 εἰς
3535 2799 3632 2871 τὴν
3668 2799 3829 2868 πρώ-

2237 2910 2338 2963 την
2366 2894 2545 2947 αἰτίαν
2574 2894 2663 2946 τὸν
2692 2892 2910 2963 Πατέρα
2930 2894 3028 2964 τὴν
3058 2892 3353 2963 (Ξινσιςρορᾶιν⁸
3370 2891 3512 2963 ἔχειν
3537 2908 3551 2922 ο
3589 2911 3608 2945 ι
3642 2892 3827 2956 οὐδεὶς

2240 2987 2349 3057 γὰρ
2380 2986 2533 3048 δκνος
2566 2985 2634 3039 τὰ
2660 2985 2796 3039 αὐτὰ
2846 2985 3107 3048 πολλάκις
3145 2984 3223 3055 τῷ
3254 2984 3400 3055 λόγῳ
3456 2984 3824 3048 ἀνακοκλοῦν,

2241 3079 2480 3150 ὁπηνίκα
2535 3078 2689 3132 οὐδέν
2726 3077 2876 3131 ἐστιν
2899 3079 3073 3131 εἰπεῖν
3101 3076 3267 3129 αὐτοῦ
3308 3074 3667 3149 καιριώτερον
3690 3091 3703 3104 ·
3741 3077 3830 3139 είς

554 3161 932 3217 ιναιιίοιίοηειη
966 3180 1063 3234 per
1101 3167 1208 3221 vim
1253 3168 1579 3241 adegerunt,
1626 3172 1943 3229 discrimina
1980 3190 2130 3231 com-

2241 3171 2406 3235 ἄλλας
2438 3169 2674 3232 ἀτόπους
2696 3170 2905 3232 ἐννοίας
2929 3169 3333 3239 παρεϐιάσαντο
3354 3167 3450 3238 τὴν
3476 3166 3826 3239 ἀντίρρησιν,

555 3252 909 3312 miniscentes
943 3256 1103 3324 inter,
1137 3273 1202 3315 ex
1232 3264 1467 3317 essentia
1498 3263 1643 3332 Filii,
1675 3273 1730 3320 et
1759 3281 1821 3320 ex
1855 3267 2133 3338 ltypostasi

556 3347 701 3403 illius
723 3347 982 3418 Spiritum
1013 3352 1142 3410 dici.

626 3442 717 3501 50.
761 3444 826 3498 Et
874 3453 933 3501 ut
989 3463 1052 3503 ex
1105 3451 1337 3508 conﬁcto
1366 3452 1472 3508 isto
1519 3453 1837 3511 discrimine
1868 3456 2041 3528 magis
2073 3470 2138 3512 ac

557 3540 732 3609 magis
757 3541 1068 3600 absurditas
1098 3555 1302 3615 pateat,
1351 3549 1446 3619 qui
1475 3548 1630 3613 dicit,
1662 3564 1727 3604 ex
1758 3551 1998 3606 essentia
2031 3549 2140 3605 Pa-

559 3633 660 3688 tris
711 3632 975 3705 Spiritum
1028 3640 1349 3710 procedere,
1390 3641 1774 3713 interrogetur,
1809 3657 1879 3697 an
1921 3643 1977 3699 in
2018 3657 2142 3713 spe-

557 3724 682 3781 ciali
717 3728 1076 3801 intelligentia
1105 3733 1403 3789 essentiam
1436 3734 1676 3806 concipit
1724 3734 1906 3792 Patris
1935 3737 2144 3806 absque

558 3818 861 3890 hypostasi,
930 3833 986 3879 et
1029 3825 1158 3881 dum
1209 3827 1344 3884 dicit
1376 3843 1443 3884 ex
1497 3829 1734 3885 essentia
1762 3826 1944 3885 Patris
1988 3828 2141 3883 illum

557 3912 875 3981 procedere,
903 3917 1063 3985 quasi
1087 3917 1190 3973 alia
1221 3920 1467 3990 quaedam
1497 3929 1643 3977 esset
1663 3920 1876 3990 notitia,
1906 3933 2066 3989 quam
2099 3920 2145 3974 si

558 4003 786 4072 diceret,
817 4021 882 4062 ex
911 4006 1189 4079 hypostasi
1216 4012 1388 4081 ipsius
1411 4013 1726 4082 procedere,
1759 4028 1827 4068 an
1857 4027 1988 4068 vero
2019 4028 2143 4067 cum

560 4098 717 4166 dicit,
734 4116 799 4157 ex
821 4099 1059 4158 essentia
1082 4102 1261 4163 Patris
1289 4103 1555 4177 Spiritum
1580 4119 1830 4165 sanctum
1854 4104 2150 4178 procedere

561 4209 673 4249 non
699 4192 818 4249 sine
840 4192 1143 4264 hypostasi,
1170 4194 1265 4250 sed
1295 4210 1420 4251 cum
1450 4197 1730 4269 hypostasi
1761 4195 1937 4253 Patris
1964 4212 2153 4253 essen-

565 4286 697 4340 tiam
720 4283 969 4356 intelligit
986 4282 1009 4336 i
1029 4282 1166 4340 Nam
1190 4286 1236 4341 si
1254 4300 1319 4340 ex
1341 4288 1577 4342 essentia
1604 4285 1782 4343 Patris
1801 4288 1854 4342 in
1871 4286 2152 4358 hypostasi

566 4390 690 4431 esse
739 4373 1002 4446 Spiritum
1044 4375 1278 4442 indicat,
1310 4377 1405 4448 qui
1437 4392 1502 4432 ex
1533 4379 1765 4434 essentia
1788 4378 1965 4435 Patris
2000 4381 2151 4436 illum

564 4468 765 4524 asserit
784 4468 1099 4539 procedere,
1129 4478 1309 4525 actum
1336 4477 1482 4527 esset
1510 4470 1577 4526 de
1600 4473 1750 4542 gravi
1773 4472 1865 4528 illa
1899 4487 1963 4529 ac
1986 4489 2154 4529 vene-

472 4621 491 4652 ἴ
564 4561 738 4617 randa
755 4561 1023 4619 sententia
1044 4559 1435 4619 afﬁrmantium
1454 4578 1520 4618 ex
1534 4564 1772 4620 essentia
1793 4564 1936 4630 Filii,
1953 4574 2013 4621 ut
2033 4575 2143 4620 tra-
2174 4597 2220 4652 ο

452 4647 491 4663 ’⁴
567 4656 706 4711 dunt
728 4655 1025 4728 Scriptura:
1052 4655 1278 4724 eﬂ‘undi,
1317 4666 1370 4712 et
1424 4672 1680 4712 emanare
1723 4657 2005 4728 Spiritum,
2033 4674 2141 4713 non

569 4763 698 4803 vero
729 4765 794 4804 ex
831 4750 1130 4823 hypostasi,
1162 4748 1399 4820 indeque
1421 4765 1516 4821 per
1540 4751 1649 4804 vim
1678 4750 2144 4816 concludentium,

570 4842 831 4909 Spiritum
885 4857 989 4896 non
1048 4858 1170 4899 esse
1221 4850 1276 4896 et
1325 4856 1393 4897 ex
1442 4841 1623 4899 Filio:
1672 4852 1728 4897 et
1764 4853 1914 4906 tum,
1951 4842 2043 4914 qui
2081 4857 2148 4897 ex

570 4934 808 4989 essentia
841 4933 1021 5014 Patris
1051 4935 1333 4990 contendit
1360 4951 1482 4991 eum
1515 4937 1830 5007 procedere,
1862 4949 1930 4991 ex
1957 4949 2149 4990 essen-

573 5027 644 5080 tia
701 5027 754 5081 in
811 5027 1093 5099 hypostasi
1143 5036 1200 5083 et
1242 5043 1350 5083 non
1404 5031 1609 5100 absque
1640 5028 1916 5100 hypostasi
1957 5027 2090 5083 dicit
2134 5045 2147 5080 :

572 5135 750 5189 neque
802 5121 946 5175 enim
998 5121 1120 5176 sine
1161 5120 1443 5192 hypostasi
1480 5132 1565 5177 est
1608 5120 1784 5177 Patris
1812 5120 2070 5184 essentia,
2097 5128 2150 5173 et

573 5214 980 5284 apertissimum
1023 5216 1279 5270 omnibus
1322 5224 1585 5280 remanet,
1626 5213 1836 5270 amdem
1873 5214 1981 5267 vim
2024 5228 2152 5269 ura-

578 5308 711 5364 tioni
751 5307 957 5375 inesse,
1011 5316 1066 5363 et
1113 5323 1236 5364 cum
1266 5323 1334 5364 ex
1366 5307 1604 5364 essentia
1634 5307 1757 5363 Filii
1780 5306 1994 5361 efﬂuere
2030 5306 2152 5376 Spi-

576 5406 718 5460 ritus
757 5401 953 5457 dieitur
976 5408 1031 5456 et
1053 5416 1331 5466 emanare,
1356 5401 1498 5471 quod
1521 5399 1754 5456 essentia
1798 5397 1943 5459 Fllii,
1965 5412 2155 5466 quem-

581 5495 876 5556 admodum
920 5503 975 5552 et
1022 5493 1201 5550 Patris
1234 5494 1289 5548 in
1319 5493 1599 5564 hypostasi
1653 5500 1754 5546 est.
1806 5489 1961 5556 Quod
2005 5490 2049 5543 si
2099 5489 2152 5542 in

580 5590 793 5646 ratione
837 5587 1092 5659 specialis
1122 5586 1526 5659 intelligentiae,
1575 5584 1667 5654 qui
1723 5584 1838 5638 haec
1899 5581 2150 5642 efferunt.

581 5684 869 5755 concipere
915 5683 1225 5745 intendunt,
1270 5696 1335 5735 ex
1382 5680 1622 5733 essentia
1672 5675 1851 5731 Patris
1888 5676 2153 5744 Spiritum

586 5789 835 5835 sanctum
880 5777 1195 5847 procedere,
1229 5772 1382 5841 quasi
1421 5771 1719 5830 diceretur,
1766 5782 1830 5822 ex
1878 5766 2154 5837 Ityposiasi

583 5872 729 5927 illius
783 5868 1100 5941 procedere,
1138 5877 1182 5918 ιιι
1217 5865 1325 5930 jam
1360 5875 1608 5928 perzrqua
1668 5860 1877 5914 ratione
1908 5874 2153 5928 compre-

2234 3264 2499 3333 διαφορὰς
2523 3262 2953 3326 ἀναπλάττοντες
2978 3261 3073 3315 τοῦ
3119 3262 3184 3313 ἐκ
3210 3261 3309 3330 τῆς
3336 3261 3524 3324 οὐσίας
3558 3259 3653 3313 τοῦ
3687 3257 3828 3313 Υίοῦ

2239 3357 2336 3411 καὶ
2367 3357 2430 3411 ἐκ
2465 3359 2565 3427 τῆς
2592 3357 2950 3419 ὑποστάσεως
2986 3353 3152 3408 αὐτοῦ
3183 3353 3365 3419 λέγειν
3396 3353 3456 3406 τδ
3489 3351 3741 3422 Πνεῦμα.

2309 3453 2375 3505 λ’.
2436 3450 2549 3505 Καὶ
2583 3450 2671 3503 ἵνα
2699 3449 2760 3502 τὸ
2791 3450 2857 3502 ἐκ
2885 3448 2986 3518 τῆς
3032 3446 3425 3517 πεπλασμένης
3457 3444 3661 3516 ταύτης
3701 3444 3830 3497 δια-

2241 3543 2417 3613 φορᾶς
2443 3539 2744 3610 ἀναφανείη
2773 3541 2996 3601 ἄτοπον,
3025 3541 3052 3592 ὁ
3082 3538 3260 3607 λέγων
3286 3540 3348 3591 ἐκ
3379 3539 3480 3608 τῆς
3507 3537 3697 3599 οὐσίας
3725 3535 3828 3589 τοῦ
3906 3564 3911 3569 -

2242 3632 2455 3704 Πατρὸς
2483 3630 2884 3698 ἐκπορεύεσθαι
2934 3628 2997 3681 τὸ
3054 3628 3305 3699 Πνεῦμα,
3347 3625 3709 3698 ἐρωτηθήτω,
3762 3627 3829 3678 ἐν

2246 3725 2390 3796 ίδικῇ
2425 3723 2604 3796 ἐννοίᾳ
2630 3722 2729 3795 τὴν
2757 3723 2949 3777 οὐσίαν
2977 3722 3092 3776 νοεῖ
3133 3719 3228 3774 τοῦ
3263 3719 3484 3791 Πατρδς
3539 3719 3693 3788 παρὰ
3722 3716 3829 3787 τὴν

2246 3817 2575 3879 ὑπόστασιν,
2612 3816 2708 3868 καὶ
2759 3812 2905 3868 οὕτω
2951 3813 3104 3883 λέγει
3146 3813 3207 3867 τὸ
3243 3814 3309 3866 ἐκ
3347 3813 3447 3882 τῆς
3486 3810 3679 3874 οὐσίας
3728 3810 3830 3863 τοῦ

2246 3906 2465 3972 Πατρδς
2494 3906 2627 3961 αὐτὸ
2660 3904 3063 3977 ἐκπορεύεσθαι
3104 3903 3181 3969 ὡς
3211 3904 3378 3974 ἄλλης
3409 3904 3555 3968 τινὸς
3584 3904 3831 3971 ἀναφαι-

2247 3999 2485 4070 νομένης
2538 3998 2774 4063 ἐννοίας,
2811 3998 2846 4069 ἢ
2890 3998 3048 4068 εῐπερ
3091 3996 3275 4066 ἔλεγεν
3328 3997 3392 4049 ἐκ
3428 3995 3529 4065 τῆς
3582 3994 3830 4048 ὐποστά-

2253 4109 2390 4154 σεως
2424 4090 2590 4146 αὐτοῦ
2632 4089 3059 4162 ἐκπορεύεσθαι,
3103 4088 3132 4160 ἢ
3172 4091 3231 4142 ἐν
3279 4087 3357 4159 τῷ
3384 4086 3566 4154 λέγειν
3606 4086 3672 4138 ἐκ
3725 4084 3831 4156 τῆς

2251 4184 2442 4248 οὐσίας
2467 4182 2562 4237 τοῦ
2594 4183 2812 4254 Πατρος
2838 4182 2900 4236 τὸ
2933 4181 3090 4250 ἅγιον
3121 4177 3525 4252 ἐκπορεύεσθαι
3572 4176 3831 4247 Πνεῦμα,

2253 4278 2354 4332 οὐκ
2378 4277 2774 4341 ἀνυπόστατον,
2805 4274 2918 4330 ἀλλ’
2949 4273 3316 4328 ὲνυπόστατον
3347 4272 3446 4343 τὴν
3475 4269 3568 4324 τοῦ
3609 4270 3832 4341 Πατρδς

2255 4369 2445 4422 οὐσίαν
2473 4370 2623 4434 νοεῖς
2656 4368 2721 4421 Εἰ
2759 4367 2869 4436 γὰρ
2896 4367 2963 4420 ἐκ
2983 4365 3081 4436 τῆς
3110 4364 3480 4418 ἐνυποστάτου
3514 4361 3703 4423 οὐσίας
3729 4359 3831 4413 τοῦ

2224 4463 2473 4534 Ὶιατρδς
2504 4457 2646 4515 εἶναι
2676 4459 2739 4514 τδ
2767 4459 2996 4529 Πνεῦμα
3022 4455 3222 4528 δηλοῖό
3247 4455 3313 4508 ἐκ
3346 4455 3448 4524 τῆς
3496 4450 3684 4513 οὐσίας
3728 4449 3832 4504 τοῦ

2252 4552 2466 4623 Πατρδς
2493 4547 2896 4620 ἐκπορεύεσθαι
2920 4547 3096 4615 λέγων
3122 4544 3279 4610 αὐτὸ,
3300 4544 3509 4612 οίχεται
3536 4540 3601 4593 τδ
3629 4540 3833 4610 σεμνὸν

2249 4648 2428 4701 ἐκεῖνο
2448 4645 2626 4717 νόημα
2654 4643 2764 4697 τῶν
2791 4640 3061 4710 λεγόντων
3099 4640 3165 4692 ἐκ
3188 4639 3288 4706 τῆς
3311 4635 3501 4699 οὐσίας
3543 4632 3637 4687 τοῦ
3667 4632 3829 4698 Υίοῦ,

2248 4739 2323 4804 ὼς
2365 4738 2623 4807 λέγουσιν
2649 4737 2705 4790 αἱ
2737 4732 2954 4806 Γραφαὶ
2982 4729 3366 4798 ἀναπηγάζειν
3387 4727 3484 4782 καὶ
3502 4722 3832 4787 ἁναόλύζειν

2249 4833 2312 4886 τὸ
2338 4828 2586 4898 Πνεῦμα,
2605 4825 2876 4896 οὐμενοῦν
2904 4825 2970 4876 ἐκ
2990 4823 3090 4891 τῆς
3124 4818 3501 4883 ὑποστάσεως,
3529 4814 3831 4871 κάντεῦθεν

2253 4919 2701 4994 παραϐιαζόντων
2740 4917 2815 4988 μὴ
2849 4916 2910 4969 τδ
2936 4913 3162 4984 Πνεῦμα
3196 4910 3464 4981 ὑπάρχειν
3505 4906 3598 4962 καὶ
3625 4910 3692 4960 ἐκ
3731 4904 3832 4958 τοῦ

2258 5012 2387 5068 Υἱοῦ
2405 5030 2421 5046 ο
2456 5014 2550 5066 καὶ
2571 5009 2782 5072 λοιπὸν,
2808 5007 2969 5078 εἴπερ
2997 5008 3026 5060 ὁ
3065 5006 3131 5058 ὲκ
3155 5002 3255 5072 τῆς
3280 5001 3467 5062 οὐσίας
3497 4998 3592 5053 τοῦ
3615 4997 3833 5068 Ila-cpe;

2253 5110 2425 5176 λέγων
2445 5105 2578 5161 αὐτὸ
2606 5102 3001 5175 ἐκπορεύεσθαι
3029 5102 3093 5153 ἐκ
3126 5101 3222 5168 τῆς
3245 5094 3636 5159 ἐνυποστάτου,
3679 5090 3834 5158 λέγει

2252 5203 2351 5254 καὶ
2372 5201 2473 5253 οὐκ
2498 5188 2895 5260 ἁνυποστάτού,
2923 5195 2986 5246 οὐ
3001 5192 3109 5262 γάρ
3130 5192 3222 5243 ἐστ
3233 5207 3279 5240 ιν
3297 5187 3663 5247 ἀνυπόστατος
3685 5185 3718 5252 ὴ
3735 5182 3833 5236 τοῦ

2255 5294 2474 5366 Πατρὸς
2504 5292 2685 5345 οὐσία·
2721 5289 2886 5343 παντί
2913 5303 3016 5339 που
3049 5285 3208 5353 δῆλον
3238 5282 3316 5344 ὡς
3354 5282 3382 5334 ὁ
3407 5280 3571 5341 αὐτὸς
3619 5277 3832 5349 κρατὴ-

2258 5406 2341 5443 σει
2372 5374 2530 5455 λόγος
2563 5387 2655 5439 καὶ
2682 5382 2924 5452 ὁπηνίκα
2955 5381 3019 5432 ὲκ
3043 5380 3140 5448 τῆς
3162 5376 3353 5438 οὐσίας
3391 5373 3484 5427 τοῦ
3538 5370 3667 5424 Υἱοῦ
3700 5372 3833 5424 ἀνα-

2258 5480 2531 5553 πηγάζειν
2578 5480 2639 5532 τὺ
2685 5476 2917 5544 Πνεῦμα
2965 5472 3187 5540 λέγεται
3231 5470 3326 5523 καὶ
3359 5465 3702 5530 ἀναϐλύζειν,
3749 5463 3835 5553 ὅτι

2259 5552 2351 5627 καὶ
2393 5576 2427 5643 ἡ
2482 5571 2639 5626 οὐσία
2689 5568 2783 5622 τοῦ
2838 5565 2966 5619 Υἰοῦ
3024 5564 3416 5622 ἐνυπόστατος,
3448 5557 3637 5625 ὥσπερ
3666 5555 3700 5625 ἡ
3734 5552 3833 5607 τοῦ

2260 5666 2495 5738 Πατρός.
2528 5664 2589 5716 Εί
2613 5663 2665 5715 δὲ
2696 5663 2775 5724 εἰς
2811 5659 3005 5726 λόγους
3042 5657 3216 5725 ίδικῆς
3248 5652 3464 5713 ἐννοίας
3498 5649 3746 5702 θέλουσιν
3785 5650 3837 5700 oi

2258 5759 2432 5813 ταῦτα
2463 5758 2717 5823 λέγοντες
2749 5751 3123 5821 ἐκλαμῦάνειν
3154 5748 3307 5805 τὸέκ
3352 5744 3454 5811 τῆς
3502 5740 3697 5802 οὐσίας
3741 5739 3838 5793 τοῦ

2260 5853 2473 5920 Πατρδς
2507 5851 2565 5901 τὸ
2598 5846 2825 5916 Πνεῦμα
2861 5845 2920 5897 τὸ
2958 5844 3114 5910 ἅγιον
3150 5833 3577 5908 ἐκπορεύεσθαι,
3613 5831 3645 5901 ἢ
3678 5833 3840 5900 εἴπερ
