4058 6464
463 360 529 425 91

1487 359 1698 422 ΙΟᾹΝ.
1740 358 1955 418 VECCI
1998 357 2108 418 CP.
2149 358 2663 419 ΡΑΤΒΙᾹΠΕΗΛΞ

3645 357 3718 422 92

468 476 874 547 provenientem
907 491 970 531 ex
1001 473 1139 530 Filio
1162 472 1478 530 naturaliter
1508 474 1964 531 eLessentialiter
1985 488 2050 529 ex

2169 473 2264 535 Ξῶς
2300 472 2570 542 ὑπάρχειν
2598 472 2763 525 αὐτὸν
2797 474 2863 525 ὲκ
2893 468 3131 540 Πατρὺς,
3177 468 3445 540 πρόδηλον
3488 465 3570 521 ὅτι
3628 470 3722 523 καὶ

465 583 531 622 eo
574 584 716 623 esse.
749 568 936 639 Neque
958 570 1107 622 enim
1157 568 1276 622 sine
1322 569 1604 639 hypostasi
1652 584 1716 623 ex
1751 568 1890 623 Filio
1926 567 2047 637 Spi-

466 661 606 715 ritus
628 660 843 727 eil'usio,
882 662 1105 717 emissio
1142 670 1193 717 et
1227 659 1440 718 eﬂulsio
1472 662 1825 731 intelligetur,
1855 676 2048 729 quem-

466 752 759 805 admodum
809 770 984 822 neque
1036 754 1153 809 Filii
1206 772 1271 812 ex
1313 755 1493 809 Patre.
1522 752 1586 806 Et
1625 760 1834 807 attento
1865 751 2049 806 animo

467 852 605 896 esto.
643 841 876 899 Sanctus
904 845 1136 914 Cyrilius
1168 847 1221 900 in
1257 862 1369 901 uno
1392 861 1456 899 ex
1488 844 1778 914 capitibus,
1806 857 1929 913 qua:
1957 843 2050 897 ille

468 934 535 986 de
585 934 884 988 aeternitate
915 935 1033 989 Filii
1089 938 1456 998 concinnavit,
1495 944 1547 989 et
1576 934 1767 1003 incipit
1797 952 1810 988 :
1848 952 1869 985 ι
1905 932 2050 987 Fons

472 1027 750 1093 sapientiae
780 1037 833 1080 et
870 1027 993 1081 vita:
1014 1038 1241 1082 vocatur
1275 1029 1433 1092 Deus,
1463 1035 1635 1090 etest,
1665 1044 1683 1077 ι
1722 1027 1833 1081 ait:
1864 1042 1885 1077 ι
1920 1025 2052 1080 Erat

472 1115 636 1185 igitur
669 1116 912 1170 Genitori
974 1128 1276 1174 cozrternns
1328 1118 1515 1183 Filius,
1551 1119 1713 1172 veluti
1751 1134 1780 1172 a
1812 1118 2049 1187 quodam

471 1207 616 1261 fonte
651 1218 871 1275 paterna
903 1210 1138 1265 essentia
1168 1226 1450 1265 entanans.
1482 1229 1500 1261 ι
1524 1210 1657 1264 Vide
1690 1209 1797 1274 hic,
1823 1209 1985 1263 veluti
2018 1224 2049 1263 a

469 1298 704 1365 quodam
737 1299 885 1352 fonte
922 1310 1141 1368 paterna
1182 1303 1420 1355 essentia
1458 1300 1653 1355 Filium
1684 1312 2049 1364 emanantem,

470 1400 524 1441 et
549 1394 834 1445 sentcntiae
861 1393 1103 1447 animum
1140 1395 1401 1459 adverte;
1450 1409 1707 1449 emanare
1747 1391 1944 1446 Filium
1986 1409 2051 1447 ex

473 1489 693 1549 paterna
750 1486 1018 1551 essentia,
1097 1488 1460 1541 essentiuliter
1503 1496 1555 1542 ct
1601 1502 1725 1541 cum
1777 1485 2051 1558 Itypostasi

473 1586 596 1623 eum
628 1571 753 1627 inde
782 1592 902 1629 esse
934 1586 1105 1640 notat,
1160 1580 1304 1647 quod
1358 1579 1638 1646 aptissime
1680 1581 2055 1632 accommoda--

476 1662 643 1728 bitur,
703 1682 827 1720 cum
894 1676 948 1721 et
1006 1668 1243 1738 Spiritus
1277 1684 1341 1725 ex
1379 1670 1617 1724 essentia
1650 1668 1770 1724 Filii
1793 1667 2055 1724 emanare

473 1753 704 1809 (licetur.
742 1756 939 1812 Iterum
973 1759 1113 1813 idem
1143 1776 1371 1831 magnus
1392 1760 1631 1832 Cyrillus
1654 1762 1704 1814 in
1730 1761 1839 1816 alio
1877 1762 2055 1829 rapite

474 1844 636 1912 primi
695 1845 1104 1905 Tliesa‘urorum
1166 1852 1312 1917 libri,
1364 1863 1418 1907 et
1468 1868 1659 1907 rursns
1708 1854 1760 1906 in
1822 1854 1950 1917 alio.
2003 1863 2058 1908 ει

473 1936 671 2001 saepius
725 1940 778 1992 in
835 1941 940 1993 alio
994 1943 1460 2010 scribituQuod
1503 1960 1567 1997 ex
1616 1944 1795 1999 Patris
1819 1945 2059 1999 essentia

473 2027 727 2093 provenit
787 2027 1044 2087 Verbum.
1098 2051 1116 2084 ι
1165 2032 1306 2100 Quid
1364 2035 1511 2089 aliud
1573 2034 1756 2100 fixerit,
1813 2037 2060 2104 quodex

476 2114 658 2171 Patris
689 2123 927 2175 essentia
954 2127 1205 2192 provenit
1251 2126 1511 2188 Verbum,
1571 2144 1734 2197 quam
1786 2143 1852 2182 ex
1885 2126 2062 2183 Patris

477 2216 714 2267 essentia
747 2219 1111 2273 essentialiter
1152 2219 1386 2275 Verbum
1416 2222 1764 2278 subsistens?
1808 2226 1861 2278 Id
1909 2225 1954 2278 si
1990 2226 2062 2279 ita

477 2312 580 2368 est,
627 2308 853 2361 Omnino
924 2312 1283 2366 εεμριιιίιιιίιιξν
1328 2314 1669 2380 concipietur
1714 2327 1766 2369 et
1820 2316 2057 2385 Spiritus

479 2401 825 2464 proveniens,
862 2411 956 2455 aut
992 2405 1347 2473 progrediens
1378 2422 1442 2460 ex
1478 2406 1638 2461 Filio.
1673 2407 1816 2461 idem
1860 2410 1912 2461 in
1950 2408 2058 2462 alio

478 2492 795 2546 eornmdem
832 2497 1094 2564 capitum,
1132 2499 1260 2553 item
1309 2499 1362 2553 in
1400 2500 1527 2564 alio,
1589 2509 1644 2555 et
1687 2515 2065 2570 saepenumero

479 2583 535 2635 in
566 2584 673 2637 alio
702 2603 715 2638 :
754 2606 771 2637 ι
806 2587 965 2642 Pater
998 2591 1315 2644 elumiuavit
1338 2606 1400 2645 ex
1431 2607 1490 2647 se
1526 2592 1643 2661 ipso
1682 2590 1877 2645 Filium
1917 2593 2062 2647 iudi-

478 2679 594 2731 vise
624 2690 678 2732 et
715 2679 1169 2748 inseparabiliter.
1200 2702 1217 2733 ι
1246 2683 1647 2755 Proptereaqne
1686 2701 1788 2741 nos
1824 2683 2062 2753 Spiritus

479 2770 928 2825 elumiuationem
956 2789 1022 2828 ex
1053 2772 1192 2827 Filio
1234 2776 1584 2830 essentialem
1622 2776 1974 2851 intelligimus
2008 2784 2064 2831 et

481 2875 607 2913 cum
674 2862 978 2933 liyposlasi,
1033 2866 1492 2934 quemadmodum
1548 2876 1630 2921 est
1683 2877 1737 2920 et
1784 2885 1847 2921 ex
1905 2869 2065 2922 Patre

483 2949 605 3004 l’ilti
639 2954 976 3019 eluminatio,
1030 2973 1152 3025 qua:
1214 2957 1446 3012 indivisa
1507 2967 1561 3012 et
1608 2959 1985 3029 inseparabilis
2010 2966 2065 3014 et

483 3054 590 3108 est,
617 3056 671 3098 et
702 3047 925 3101 dicitur.

2088 1815 2127 1869 Β

2157 566 2218 618 τὸ
2254 566 2480 634 Πνεῦμα
2506 567 2811 634 ἐκλάμπον,
2849 564 2946 619 καὶ
2967 564 3367 634 προχεόμενον,
3394 564 3489 616 καὶ
3521 579 3726 633 προερ-

2151 658 2379 728 χόμενον
2425 661 2489 713 ὲκ
2523 660 2614 712 τοῦ
2663 659 2819 723 Υίοῦ,
2880 656 3130 726 φυσικῶς
3193 659 3291 710 καὶ
3341 656 3619 718 οὐσιωδῶς
3663 655 3727 721 ἐξ

2152 749 2314 802 αὐτοῦ
2359 751 2529 806 ἐστιν.
2580 752 2655 804 Οὐ
2700 751 2809 822 γὰρ
2856 748 3292 817 άνυπόστατοςὴ
3329 748 3388 810 ἐξ
3440 747 3568 800 Υῐοῦ
3628 746 3726 799 τοῦ

2153 840 2475 909 Πνεὺματος
2508 841 2801 909 πρόχυσις,
2851 840 2949 893 καὶ
3007 840 3255 908 πρίεσις,
3304 838 3400 890 καὶ
3447 836 3723 905 ἔκλαμψις

2152 935 2504 1004 νοηοήσεται,
2558 936 2750 1004 ὥσπερ
2804 933 2926 986 οὐδὲ
2980 936 3012 1003 ἡ
3078 935 3142 986 ἑκ
3196 931 3407 1002 Πατρδς
3437 930 3530 984 τοῦ
3565 930 3721 985 Υίοῦ.

2152 1029 2354 1080 Σκόπει
2401 1026 2495 1081 οὖν
2521 1043 2535 1059 ο
2572 1028 2772 1079 αὐτίκα
2824 1029 2852 1077 ὁ
2888 1026 3044 1092 ἆγιος
3098 1022 3366 1089 Κιῖριλλος
3396 1023 3453 1075 ὲν
3487 1021 3570 1073 ἑνὶ
3614 1022 3725 1074 τῶν

2154 1120 2468 1190 κεφαλαίων
2497 1120 2606 1173 τῶν
2656 1136 2720 1171 πε
2732 1120 2783 1187 pi.
2809 1120 2907 1187 τῆς
2935 1118 3238 1184 άῖδιὸτητος
3266 1116 3361 1167 τοῦ
3394 1114 3524 1168 Υἱοῦ
3546 1156 3560 1177 ,
3593 1110 3656 1169 οῦ
3688 1118 3721 1184 ἡ

2154 1213 2320 1285 ἁρχὴ,
2368 1233 2386 1265 ι
2419 1214 2577 1282 Πηγὴ
2614 1212 2807 1279 σοφίας
2840 1212 2935 1263 καὶ
2959 1209 3106 1278 ζωῆς
3144 1207 3395 1261 καλεῖται
3438 1208 3533 1260 καὶ
3576 1205 3730 1257 ἔστιν

2154 1309 2183 1362 ὁ
2216 1308 2402 1369 Θεὺςρ)
2430 1304 2616 1374 φησίν·
2646 1321 2667 1355 ι
2691 1298 2798 1354 Ἦν
2827 1301 2936 1371 ἄρα
2967 1299 3044 1369 τῷ
3093 1301 3424 1368 γεννήσαντι
3458 1298 3732 1361 συναῒδιος

2155 1400 2184 1451 ὁ
2218 1397 2372 1459 Υἱὸς,
2415 1397 2604 1463 ὥσπερ
2633 1393 2741 1444 ἀπό
2771 1407 2917 1453 τινος
2946 1390 3132 1456 πηγῆς
3155 1389 3255 1456 τῆς
3294 1385 3554 1458 πατρῴας
3594 1387 3733 1439 ἀνα-

2157 1490 2371 1555 ὃλύξων
2398 1489 2606 1551 οὐσίας.
2638 1507 2657 1537 ι
2691 1486 2837 1554 Ὅρα
2868 1483 3104 1537 ἐνταῦθα
3131 1483 3206 1545 ὡς
3239 1482 3345 1535 ἀπό
3370 1498 3517 1543 τινος
3548 1481 3734 1550 πηγῆς

2159 1585 2259 1651 τῆς
2308 1579 2570 1653 πατρῴας
2615 1579 2811 1642 οὐσίας
2855 1575 3229 1640 ὰναόλύζοντα
3280 1575 3373 1628 τὸν
3420 1573 3590 1625 Υἱόν·
3637 1574 3736 1624 καὶ

2158 1675 2357 1742 ὲιρίστα
2407 1672 2485 1741 τῷ
2530 1672 2674 1741 λόγῳ
2718 1672 2801 1722 ὅτι
2859 1669 2921 1723 τὸ
2973 1666 3302 1730 ἀναδλύζειν
3340 1666 3433 1719 τὸν
3490 1665 3620 1717 Υἱὸν
3666 1667 3737 1717 ὲκ

2162 1765 2266 1834 τῆς
2302 1762 2558 1833 πατρῴας
2615 1759 2803 1823 οὐσίας
2854 1758 2918 1812 τὺ
2971 1757 3245 1819 οὐσιωδῶς
3285 1756 3380 1809 καὶ
3424 1754 3736 1808 ὲνυποστά-

2160 1874 2269 1918 τως
2324 1854 2489 1909 αὐτὸν
2544 1852 2756 1907 ἐκεῖθεν
2804 1845 2949 1903 εἶναι
2999 1849 3190 1917 δηλοῖ,
3262 1847 3402 1915 ὅπερ
3456 1846 3740 1915 ἁρμοδίως

2159 1949 2486 2017 νοηθήσεται
2517 1944 2612 1999 καὶ
2640 1945 2768 1997 ὅταν
2798 1940 3130 2004 ἀναϐλύζειν
3178 1939 3241 1991 τὸ
3284 1936 3515 2005 Πνεῦμα
3543 1939 3608 1990 ὲκ
3632 1937 3739 2002 τῆς

2160 2042 2351 2103 οὐσίας
2380 2040 2609 2108 λέγηται
2672 2036 2768 2090 τοῦ
2820 2035 2976 2089 Υἱοῦ.
3029 2034 3203 2087 Πάλιν
3252 2033 3282 2083 ὁ
3333 2031 3498 2092 αὐτὸς
3560 2030 3743 2098 μέγας

2160 2132 2431 2198 Κύριλλος
2460 2133 2517 2181 ὲν
2548 2128 2694 2198 ἄλλῳ
2729 2126 3012 2195 κεφαλαίῳ
3062 2123 3158 2178 τοῦ
3203 2123 3422 2192 πρώτου
3483 2122 3590 2174 τῶν
3623 2122 3741 2189 Θη-

2166 2225 2413 2294 σαυρῶν,
2444 2223 2539 2277 καὶ
2579 2223 2743 2276 πάλιν
2778 2221 2835 2272 ὲν
2865 2218 3034 2287 ἄλλῳ,
3066 2217 3163 2269 καὶ
3197 2214 3469 2284 πολλαχοῦ
3503 2216 3561 2266 ὲν
3590 2212 3746 2282 ἄλλῳ

2168 2319 2334 2386 φησίν
2360 2333 2376 2350 ο
2419 2334 2437 2367 ι
2486 2315 2544 2368 ’0
2588 2316 2652 2366 ὲκ
2703 2313 2803 2381 τῆς
2839 2310 2931 2364 τοῦ
2975 2309 3186 2377 Πατρδς
3218 2308 3410 2370 οὐσίας
3452 2304 3747 2374 προελθὼν

2167 2407 2360 2471 Λόγος.
2400 2423 2418 2457 ι
2455 2406 2520 2457 Τί
2552 2407 2702 2457 ἐστιν
2739 2401 2867 2455 ἄλλο
2893 2400 2953 2453 τὸ
2978 2401 3042 2451 ἐκ
3064 2399 3163 2465 τῆς
3189 2398 3284 2449 τοῦ
3315 2398 3524 2466 Πατρὺς
3549 2396 3749 2460 οὐσίας

2166 2497 2454 2571 προελθὼν
2487 2498 2658 2563 Λόγος
2690 2494 2722 2565 ἢ
2766 2494 2849 2547 ὅτι
2888 2494 2917 2546 ὁ
2946 2494 3012 2545 ἐκ
3042 2491 3143 2558 τῆς
3168 2489 3262 2542 τοῦ
3298 2489 3514 2556 Πατρὸς
3548 2487 3750 2550 οὐσίας

2167 2589 2442 2652 οὑσιωδῶς
2467 2586 2720 2656 ὑφεστὼς
2756 2584 2970 2651 Λόγος;
3004 2582 3065 2635 Εἰ
3094 2581 3151 2633 δὲ
3179 2579 3361 2643 τοῦτο,
3394 2577 3609 2639 πάντως
3649 2578 3749 2629 οὑ-

2168 2682 2380 2744 σιωδῶς
2407 2681 2740 2748 νοηθήσεται
2784 2676 2881 2730 καὶ
2923 2675 2984 2728 τὸ
3029 2672 3254 2742 Πνεῦμα
3307 2670 3741 2739 προερχόμενον,

2167 2775 2200 2845 ἢ
2238 2773 2335 2827 καὶ
2366 2775 2563 2842 προϊὸν
2594 2770 2654 2835 ἐξ
2680 2770 2836 2823 Υεοῦ.
2878 2767 2937 2821 '0
2965 2766 3131 2828 αὐτὸς
3159 2767 3217 2818 ὲν
3248 2763 3394 2833 ἄλλῳ
3422 2760 3529 2815 τῶν
3561 2760 3746 2815 αὐτῶν

2169 2866 2514 2933 κεφαλαίων,
2547 2864 2641 2917 καὶ
2678 2863 2842 2916 πάλιν
2895 2864 2954 2913 ὲν
2986 2859 3153 2928 ἄλλῳ,
3204 2858 3302 2911 καὶ⁸
3364 2856 3628 2917 πολλάκις
3683 2855 3747 2908 ἑν

2170 2958 2315 3029 ἄλλῳ
2344 2958 2509 3024 φησίν
2554 2971 2568 2987 ’
2635 2973 2654 3005 ι
2703 2953 2765 3008 ’0
2820 2950 3009 3023 Πατὴρ
3060 2949 3366 3018 ἐξέλαμψεν
3424 2946 3484 3011 ἐξ
3542 2945 3743 3000 ἑαυτοῦ

2167 3050 2264 3104 τὸν
2315 3052 2447 3104 Υἱὺν
2504 3048 2821 3119 άμερίστως
2870 3045 2965 3098 καὶ
3015 3043 3380 3101 ἁδιαστάτως.
3430 3058 3449 3091 ι
3499 3038 3608 3091 Καὶ
3655 3036 3747 3091 διὰ

482 3136 642 3189 τοῦτο
670 3139 831 3208 ἡμεῖς
866 3142 964 3211 τὴν
993 3142 1085 3194 τοῦ
1128 3142 1451 3213 Πνεῦματος
1496 3145 1771 3216 ἔκλαμψιν
1812 3146 1873 3213 ἐξ
1920 3146 2055 3200 Υἱοῦ
2092 3143 2327 3215 οὐσιὼδη
2358 3143 2590 3212 νοοῦμεν
2655 3143 2751 3194 καὶ
2816 3138 3204 3200 ὲνυπὸστατον,
3236 3133 3429 3203 ὥσπερ
3485 3132 3578 3185 καὶ
3621 3132 3747 3201 ήὲκ

486 3233 702 3301 Πατρός
734 3234 883 3288 ἐστιν
921 3235 1191 3307 ἔκλαμψις
1242 3238 1334 3293 τοὺ
1389 3240 1541 3307 Υίοῦ,
1598 3242 1900 3311 ἀμέριστος
1950 3242 2048 3297 καὶ
2088 3241 2415 3302 ἀδιάστατος
2444 3238 2542 3291 καὶ
2574 3236 2712 3291 οὐσα
2742 3237 2837 3289 καὶ
2867 3234 3159 3302 λεγομένη.

559 3328 646 3383 55.
680 3329 925 3386 Praesens
959 3333 1116 3387 etiam
1154 3336 1538 3400 Speculationis
1570 3353 1694 3408 pars
1720 3352 1786 3393 ex
1822 3338 1980 3393 Patre
2004 3347 2058 3393 et
2089 3345 2131 3403 α

488 3419 628 3475 Filio
671 3423 722 3475 in
789 3435 981 3478 saneto
1021 3425 1229 3495 Spiritu
1283 3431 1616 3484 absolvatur.
1674 3432 1779 3498 Qui
1835 3431 2070 3486 admini-

488 3519 666 3565 etrant
694 3528 884 3568 onmes
912 3517 1157 3584 spiritus,
1183 3528 1311 3574 sunt
1341 3521 1538 3591 angeli.
1563 3522 1893 3592 archangeli.
1924 3524 2072 3590 prin-

488 3602 720 3671 cipatus,
766 3616 820 3658 ct
871 3616 1182 3676 potestates.
1243 3612 1449 3681 tltroui,
1515 3622 1569 3667 et
1616 3613 2070 3667 dominationes:

489 3707 573 3750 est
603 3712 731 3749 vero
762 3709 811 3752 et
836 3700 952 3769 ipse
992 3701 1227 3771 Spiritus
1279 3716 1528 3770 sanctus,
1578 3713 1637 3757 ut
1679 3704 1915 3774 theoIOgi
1967 3704 2070 3758 Pa-

490 3801 600 3844 tres
624 3792 789 3845 nostri
814 3793 1192 3860 decreverunt,
1217 3812 1283 3851 ex
1312 3797 1470 3852 Patre
1489 3806 1542 3851 et
1577 3796 1743 3865 Filio;
1776 3799 1866 3852 sed
1901 3798 2074 3852 adiui-

489 3882 784 3937 nistratorii
816 3900 1005 3941 omnes
1050 3889 1278 3957 spiritus
1314 3897 1525 3944 suntex
1558 3887 1719 3944 Patre
1747 3897 1800 3943 et
1836 3906 1898 3944 ex
1932 3889 2070 3944 Filio

489 3983 746 4044 tanquam
773 3975 1002 4047 factore,
1030 3990 1082 4034 et
1106 3981 1299 4049 epitice
1323 3993 1586 4037 creaturae
1608 3992 1661 4037 et
1683 3983 1928 4052 Opificia;
1952 3981 2075 4051 Spi-

490 4068 632 4123 ritus
648 4079 827 4124 autem
850 4081 1075 4127 sanctus
1102 4082 1272 4128 estex
1292 4074 1452 4128 Patre
1475 4085 1528 4128 et
1546 4073 1705 4129 Filio.
1734 4074 1898 4128 veluti
1920 4073 2076 4127 Tria-

488 4162 575 4217 dis
595 4179 757 4229 unus,
784 4172 838 4215 et
863 4164 1077 4219 'l‘riadis
1093 4167 1575 4234 complementum.
1600 4167 1753 4232 Quod
1780 4167 1961 4235 itaque
1982 4167 2074 4219 ad-

490 4254 868 4308 tninistratorii
900 4256 1126 4325 spiritus
1153 4274 1217 4310 ex
1245 4256 1405 4311 Patre
1421 4267 1548 4312 sunt
1573 4268 1626 4313 et
1653 4276 1715 4312 ea
1740 4256 1879 4313 Filio
1907 4260 2071 4314 veluti

490 4352 757 4398 creaturae
778 4353 831 4399 et
848 4348 1086 4414 opiticia,
1119 4357 1172 4402 et
1204 4346 1438 4415 Spiritus
1467 4357 1688 4403 sanctus
1720 4365 1785 4403 ex
1810 4349 1972 4411 Patre
1990 4362 2072 4406 est

490 4442 545 4490 et
573 4451 639 4489 cx
671 4435 827 4502 Filio,
862 4438 1029 4492 veluti
1059 4426 1467 4504 unus.Triadis,
1499 4449 1554 4496 et
1590 4439 1804 4496 Triadis
1831 4443 2072 4511 comple-

493 4537 762 4589 mentum,
825 4544 1048 4598 prorsus
1100 4529 1453 4597 quaerendum
1512 4542 1650 4597 erat,
1709 4504 2145 4604 accurateque”

492 4621 928 4689 diiudicandum.
966 4624 1033 4676 ab
1065 4623 1257 4678 harum
1285 4639 1469 4678 rerum
1498 4625 1865 4682 exactissimis
1891 4629 2075 4697 cogni-

424 4713 435 4719 '
494 4714 709 4769 toribus
764 4712 1038 4779 Patribus,
1077 4726 1131 4769 et
1164 4716 1455 4786 theologis,
1487 4719 1816 4787 quibusnam
1850 4712 2077 4777 vocibus

495 4805 757 4862 similium
811 4807 1259 4863 exsistentiarum
1301 4809 1596 4865 diversitas
1637 4812 2072 4881 dignosceretur,

492 4898 696 4967 quibus
745 4897 892 4951 nulla
939 4899 1130 4953 melior
1182 4901 1237 4955 in
1285 4901 1516 4956 vocibus
1548 4904 1806 4957 omnibus
1841 4903 2072 4973 relinqui

489 4990 794 5054 debuerat,
860 4990 1193 5046 discriminis
1261 4994 1680 5063 Signiﬁcantior.
1764 4992 1838 5049 Ut
1908 4997 2077 5065 igitur

497 5083 648 5146 mihi,
681 5092 735 5137 et
764 5085 978 5138 veritati
1027 5085 1261 5151 videtur,
1290 5086 1442 5140 nulla
1495 5086 1600 5140 alia
1623 5086 1863 5141 dictione
1896 5088 2076 5157 aptius

492 5175 799 5245 exprimere
853 5189 1147 5247 potuerunt
1179 5179 1539 5235 differentiam
1573 5195 1637 5235 ex
1674 5180 1832 5234 Patre
1854 5188 1908 5233 et
1938 5179 2077 5235 Filio

493 5271 827 5326 exsistentia:
851 5271 1107 5339 Spiritus,
1130 5282 1181 5326 et
1205 5289 1267 5326 ex
1297 5273 1457 5328 Patre
1487 5284 1538 5328 et
1572 5272 1711 5327 Filio
1744 5272 2077 5328 exsistentiac

499 5364 1091 5421 administratoriorum
1163 5364 1500 5435 spirituum,
1582 5366 1685 5420 nisi
1757 5366 1860 5419 bac
1934 5367 2072 5427 sola,

498 5460 667 5514 veluti
748 5460 975 5530 rcliquis
1054 5460 1174 5515 aliis
1256 5459 1430 5529 magis
1494 5462 1735 5529 propria,
1797 5477 1919 5530 quae
1975 5461 2079 5515 tin-

504 5552 664 5618 nit-et,
718 5567 786 5606 ex
853 5540 1090 5606 essentia
1146 5550 1324 5606 Patris
1400 5562 1454 5606 et
1508 5550 1630 5605 Filii
1713 5567 1835 5606 esse
1909 5549 2080 5619 Spiri-

506 5654 621 5697 tum
651 5653 923 5699 sanctnm.
960 5645 1170 5698 Etenim
1209 5645 1253 5699 si
1295 5660 1361 5698 ex
1390 5644 1627 5698 essentia
1669 5644 1845 5699 Patris
1868 5655 1922 5698 et
1952 5642 2077 5697 Filii

511 5738 774 5806 Spiritum
806 5753 926 5794 esse
980 5735 1172 5791 Patres
1211 5751 1317 5790 non
1370 5736 1765 5800 decrevissent,
1800 5736 2078 5806 quomodo

511 5834 690 5902 aptius
754 5832 900 5889 illitis
959 5829 1318 5886 differentiam
1378 5837 1432 5886 ct
1482 5830 2074 5887 administratoriorum

2236 3333 2339 3402 λγ’.
2412 3334 2523 3388 Καὶ
2541 3332 2601 3386 τὸ
2630 3330 2801 3401 παρὸν
2826 3329 2882 3382 δὲ
2915 3327 3013 3396 τῆς
3035 3327 3265 3397 θεωρίας
3285 3321 3378 3378 τοῦ
3395 3323 3552 3392 λόγου
3582 3323 3750 3393 μέρος

2174 3428 2411 3501 γινέσθω
2432 3428 2495 3480 ὲκ
2522 3426 2617 3478 τοῦ
2650 3410 2866 3492 Πατρὸς
2908 3422 3004 3475 καὶ
3038 3423 3103 3473 ἐκ
3134 3418 3227 3472 τοῦ
3256 3417 3389 3471 Υίοῦ
3421 3419 3478 3470 ὲν
3502 3417 3578 3485 τῷ
3607 3417 3752 3486 ἁγίῳ

2174 3520 2479 3591 Πνεῦματι.
2503 3519 2584 3572 Τὰ
2623 3515 2980 3586 λειτουργικὰ
3011 3512 3189 3566 πάντα
3246 3511 3553 3579 ὑπάρχουσι
3584 3507 3753 3560 πνεῦ-

2180 3634 2344 3688 ματα,
2373 3613 2612 3682 ἄγγελοι,
2656 3607 3197 3683 ἀρχάγγελοι,άρχαί
3229 3623 3285 3659 τε
3339 3608 3433 3660 καὶ
3482 3605 3752 3670 ἐξουσίαι,

2176 3710 2360 3780 θρόνοι
2420 3710 2515 3762 καὶ
2564 3706 2930 3777 κυριότητεςο
2993 3705 3228 3773 ὑπάρχει
3258 3701 3314 3755 δὲ
3372 3700 3469 3751 κοιλ⁸
3524 3698 3657 3751 αὐτὸ
3690 3697 3756 3749 τὸ

2178 3802 2407 3871 Πνεῦμα
2433 3802 2495 3854 τὸ
2559 3800 2715 3869 ἅγιον
2764 3798 2904 3850 κατὰ
2950 3796 3075 3859 τοὺς
3129 3794 3272 3847 οὑτω
3322 3792 3756 3859 θεολογήσαντας

2179 3894 2433 3962 Πατέρας
2460 3892 2615 3963 ἡμῶν
2647 3893 2709 3945 ὲκ
2738 3891 2834 3942 τοῦ
2866 3888 3082 3958 Πατρὸς
3114 3888 3210 3939 καὶ
3235 3878 3331 3937 τοῦ
3365 3883 3521 3937 Υίοῦ.
3579 3881 3756 3937 ,Ἀλλὰ

2179 3987 2247 4039 τὰ
2275 3987 2374 4056 μὲν
2406 3981 2767 4056 λειτουργικὰ
2797 3981 2976 4033 πάντα
3003 3979 3292 4046 πνεύματα
3327 3977 3391 4028 ὲκ
3418 3974 3516 4028 τοῦ
3541 3974 3758 4043 Πατρὶς

2174 4078 2412 4147 ὑπάρχει
2441 4077 2538 4130 καὶ
2559 4079 2623 4129 ἐκ
2653 4072 2746 4127 τοῦ
2778 4072 2933 4136 Υἱοῦ,
2965 4070 3040 4133 ὡς
3090 4067 3322 4138 ποιητοῦ
3347 4067 3443 4120 καὶ
3474 4065 3760 4135 δημιουρ-

2176 4168 2275 4237 γοῦ
2323 4170 2609 4235 ποιήματα
2662 4165 2757 4217 καὶ
2806 4163 3295 4232 δημιουργήματα·
3353 4158 3416 4209 τὸ
3484 4156 3541 4209 δὲ
3597 4155 3759 4223 ἅγιον

2178 4262 2406 4330 Πνεῦμα
2440 4262 2506 4313 ὲκ
2560 4257 2656 4310 τοῦ
2690 4255 2908 4325 Πατρδς
2939 4256 3179 4323 ὑπάρχει
3208 4252 3305 4304 καὶ
3334 4248 3431 4302 τοῦ
3465 4248 3620 4311 Υἱοῦ,
3677 4246 3758 4311 ὡς

2178 4353 2236 4406 ἓν
2263 4352 2363 4422 τῆς
2404 4351 2637 4422 Τριάδος
2659 4349 2756 4402 καὶ
2819 4344 3283 4416 συμπληρωτικὸν
3339 4341 3441 4411 τῆς
3496 4339 3753 4411 Τριάδος.

2182 4448 2303 4501 Ὀτι
2337 4446 2470 4512 γοῦν
2503 4444 2572 4497 τά
2623 4443 2724 4511 μὲν
2788 4440 3141 4507 λειτουργικὰ
3191 4435 3479 4504 πνεύματα
3531 4434 3597 4486 ἐκ
3658 4427 3757 4483 τοῦ

2180 4536 2397 4606 Πατρδς
2439 4536 2675 4605 ὑπάρχει
2704 4532 2918 4586 καὶτοῦ
2953 4530 3085 4583 Υἱοῦ
3114 4529 3189 4590 ὡς
3214 4528 3496 4596 ποιήματα
3536 4524 3633 4577 καὶ
3660 4524 3757 4591 δη-

2182 4631 2592 4700 μιουργήματα,
2620 4626 2682 4679 τὸ
2707 4626 2765 4679 δὲ
2797 4624 2955 4692 ἅγιον
3015 4620 3243 4691 Πνεῦμα
3282 4621 3347 4671 ὲκ
3397 4616 3493 4670 τοῦ
3541 4615 3755 4686 Πατρὸς

2178 4722 2417 4792 ὑπάρχει
2456 4720 2554 4773 καὶ
2614 4717 2708 4771 τοῦ
2758 4715 2910 4780 Υἱοῦ,
2963 4714 3039 4777 ὡς
3093 4713 3151 4766 ἓν
3192 4712 3296 4779 τῆς
3347 4711 3600 4779 Τριάδος,
3659 4708 3756 4761 καὶ

2180 4811 2646 4882 συμπληρωτικὸν
2675 4810 2775 4880 τῆς
2805 4808 3058 4877 Τριάδος.
3100 4804 3202 4857 οὐκ
3226 4800 3335 4855 ἔδει
3387 4802 3608 4862 πάντως
3675 4798 3754 4867 μὴ
3786 4846 3791 4849 .

2179 4904 2414 4974 ζητῆσαι
2454 4904 2547 4955 καὶ
2575 4898 2991 4971 ἀκριὸὠσασθαι
3025 4897 3154 4959 τούς
3208 4895 3594 4959 ἐξεταστικούς
3642 4890 3751 4943 τῶν

2181 4994 2444 5064 Πατέρων
2502 4992 2598 5045 καὶ
2631 4990 2897 5057 θεολόγων
2927 4986 3017 5040 διὰ
3037 4984 3296 5052 τοιαύτης
3318 4983 3518 5049 λέξεως
3570 4997 3754 5050 napa-

2180 5087 2374 5154 στῆσαι
2414 5086 2476 5138 τὸ
2513 5085 2623 5137 τῶν
2672 5084 2932 5136 τοιούτων
2996 5077 3285 5147 ὑπάρξεων
3338 5075 3620 5144 διάφορον,
3683 5068 3754 5145 ἧς

2178 5178 2407 5247 οὐδεμία
2435 5194 2520 5240 τις
2572 5175 2734 5247 ἑτέρα
2786 5173 2934 5241 λέξις
2962 5175 3019 5225 ὲν
3071 5172 3280 5231 πάσαις
3340 5168 3558 5234 λέξεσιν
3608 5169 3752 5222 ἀπο-

2177 5270 2465 5339 λειφθῆναι
2507 5268 2701 5338 ἔμελλε
2758 5268 2859 5335 τῆς
2886 5252 2889 5253 ν
2915 5264 3185 5332 διαφορᾶς
3259 5260 3748 5330 ἐμφαντικωτέρα.

2191 5363 2279 5426 Ὠς
2329 5362 2461 5430 γοῦν
2523 5363 2647 5431 ἐμοὶ
2671 5362 2768 5413 καὶ
2816 5362 2882 5429 τῇ
2916 5357 3146 5427 ἀληθείᾳ
3189 5355 3355 5413 δοκεῖ.
3421 5354 3480 5405 ὲν
3527 5353 3757 5422 οὐδεμιᾷ

2177 5472 2284 5509 τινι
2339 5454 2474 5525 ἄλλῃ
2515 5454 2667 5519 λέξει
2719 5451 3097 5522 διατρανῶσαι
3145 5446 3539 5516 καθαρώτερον
3595 5445 3756 5513 ἔσχον

2177 5549 2239 5602 τὸ
2290 5549 2567 5619 διάφορον,
2603 5548 2663 5600 τὺ
2694 5548 2758 5600 ὲκ
2804 5544 3020 5615 Πατρδς
3051 5542 3146 5597 καὶ
3208 5540 3335 5595 Υιοῦ
3388 5540 3656 5606 ὑπάρχειν
3687 5536 3759 5591 τὰ

2183 5642 2545 5712 λειτουργικὰ
2592 5640 2908 5707 πνεύματα,
2968 5637 3086 5690 ἀλλ’
3137 5638 3196 5689 ὲν
3251 5634 3390 5705 μόνῃ
3431 5631 3625 5701 ταύτῃ,
3680 5628 3758 5690 ὡς

2185 5735 2378 5787 πασῶν
2408 5732 2517 5787 τῶν
2558 5732 2735 5785 ἄλλων
2775 5728 3114 5799 κυριωτέρα.
3168 5729 3235 5797 τῇ
3274 5724 3508 5794 λεγούσῃ
3548 5722 3612 5776 ὲκ
3655 5720 3761 5785 τῆς

2183 5832 2233 5883 οἱ
2250 5822 2490 5890 άξετ’-τοῦ
2514 5825 2729 5894 Πατρὸς
2757 5824 2852 5878 καὶ
2878 5821 2972 5876 τοῦ
2994 5820 3125 5876 Υίοῦ
3147 5820 3414 5888 ὑπάρχειν
3431 5816 3490 5870 τὸ
3531 5810 3756 5883 Πνεῦμα
