4058 6448
506 364 579 430 95
1103 322 1108 327 ’
1537 358 1751 424 JOAN.
1784 355 2000 420 \‘ECCI
2044 355 2155 416 cr.
2198 355 2706 431 PATRIARCH/E
3687 359 3767 423 95

578 475 669 530 54.
691 473 924 542 Quando
952 489 1080 531 vero
1124 475 1177 530 in
1212 473 1479 546 principio
1506 476 1618 530 haec
1650 481 1837 528 nostra
1878 471 2083 533 oratio,

2258 470 2357 525 18'.
2417 471 2571 523 Ἐπεὶ
2595 471 2640 523 δ’
2668 472 2725 523 ἐν
2762 470 2958 539 ἀρχαῖς
2988 470 3017 522 ό
3048 468 3236 538 παρὼν
3286 459 3442 531 οὗτος
3495 467 3768 540 ἡμέτερος

518 576 644 619 ante
698 566 969 621 dictorum
1023 567 1424 637 expositionem
1486 565 1760 636 promisit,
1827 573 2083 619 auctores

516 653 681 707 etiam
715 655 1049 719 scliismatis,
1082 657 1322 721 et,illos,
1366 657 1462 727 qui
1487 672 1582 712 eos
1611 657 1780 711 secuti
1809 662 1960 719 sunt,
1996 668 2083 707 re-

517 743 804 816 darguere,
832 747 996 801 veluti
1021 762 1115 803 eos
1157 749 1248 818 qui
1273 749 1629 819 nilnil‘neque
1659 763 1877 813 sanum,
1913 761 2088 816 neque

516 838 659 905 quod
691 839 934 905 proxime
962 841 1027 893 ad
1072 855 1263 895 verum
1316 841 1620 904 accederet,
1666 840 1719 895 in
1753 849 2091 894 commenta-

476 992 480 997 _
514 926 613 981 riis
635 928 898 983 adversus
937 928 1242 984 Romanam
1297 931 1598 985 Ecclesiam
1631 930 1868 999 posteris
1899 929 2087 983 consi-

473 1000 479 1025 ⁴
514 1021 713 1089 gnatis,
733 1021 1112 1088 enuntiarunt,
1145 1037 1245 1091 age
1281 1022 1396 1092 jam
1428 1023 1652 1077 alteram
1683 1022 1846 1077 debiti
1879 1030 2085 1091 partem

511 1110 879 1167 exsolvamus.
913 1110 978 1165 Et
1013 1114 1163 1178 licet,
1192 1124 1254 1166 ut
1295 1128 1569 1169 nonnemo
1599 1112 1959 1176 existimabit,
1995 1113 2091 1166 ad-

513 1203 715 1270 scripta
750 1205 1059 1259 testimouia
1104 1206 1394 1260 videantur
1436 1206 1632 1260 rationi
1692 1213 2088 1281 consentanea,

514 1303 643 1345 sunt
672 1292 1034 1349 nihilominus
1059 1296 1114 1349 in
1139 1297 1486 1350 concinnatis
1508 1298 1776 1350 adversus
1810 1295 2090 1352 Romanos

515 1384 933 1439 commentariis
960 1384 1193 1442 diversis
1232 1387 1570 1458 temporibus
1599 1396 1784 1457 partes
1817 1389 2089 1458 quaedam,

516 1487 654 1540 quas
711 1489 873 1543 supra
930 1479 1239 1547 posuimus,
1276 1479 1528 1534 veritatis
1585 1479 1694 1533 vim
1756 1480 2088 1542 occulentes,

518 1562 635 1631 ipsa
663 1567 852 1621 eadem
885 1569 1110 1639 scripta,
1145 1586 1266 1640 quae
1296 1571 1604 1640 usquedum
1630 1571 1695 1625 ad
1728 1579 1948 1627 nostras
1978 1586 2093 1625 ma-

519 1671 622 1710 nus
648 1671 965 1728 pervenere,
997 1663 1051 1716 in
1090 1663 1331 1717 medium
1366 1663 1635 1719 aﬂ'erenda
1682 1673 1832 1731 sunt,
1881 1672 1936 1718 et
1972 1663 2092 1719 sin-

520 1743 659 1813 gulae
705 1760 888 1817 partes
941 1767 1042 1806 suo
1102 1753 1293 1809 ordine
1354 1754 1592 1810 orationi
1651 1754 1977 1821 inserendas,
2037 1765 2093 1811 et

521 1846 710 1892 contra
745 1842 1152 1912 Opponcndum,
1200 1844 1465 1915 quidquid
1501 1845 1661 1901 nobis
1702 1861 1768 1902 ex
1804 1847 1916 1902 Deo
1956 1863 2087 1917 sup.

520 1928 878 1998 peditabitur,
917 1945 969 1989 et
1002 1936 1071 1991 ad
1114 1934 1382 2008 cujusque
1431 1939 1717 1994 sententiae
1748 1940 2090 1995 eversionem

522 2023 813 2080 couduceL

597 2204 685 2259 35.
728 2205 898 2276 Igitur
930 2222 1053 2263 cum
1092 2212 1337 2267 omnium
1376 2214 1822 2285 antiquissimum
1852 2220 2090 2278 schisma

528 2293 753 2351 Photius
820 2301 1187 2368 suscitaverit,
1251 2303 1303 2358 id
1367 2306 1632 2376 temporis
1714 2310 2098 2377 patriarchalis

530 2387 807 2457 Byzantini
842 2394 1025 2447 thronl
1069 2394 1321 2462 antistes,
1354 2397 1606 2454 inventor
1662 2400 1875 2470 primus
1915 2415 1973 2459 et
2005 2419 2101 2475 pa-

526 2493 654 2533 rens
681 2483 1136 2551 propositionum,
1174 2501 1297 2557 qua:
1353 2489 1617 2546 adversus
1654 2491 1956 2548 Romanam
1991 2497 2094 2552 Ec-

524 2570 747 2624 clesiam
790 2572 929 2628 falso
981 2577 1328 2633 concinnata:
1358 2589 1508 2646 sunt,
1541 2582 1612 2636 ab
1651 2582 1801 2638 illius
1827 2587 2098 2655 expositis

526 2659 592 2712 ad
624 2662 967 2719 excitandam
994 2667 1283 2723 conﬂictus
1304 2668 1580 2726 ﬂammam
1600 2674 1933 2745 syllogismis
1965 2691 2092 2732 ora-

529 2753 732 2806 tionem
765 2765 1007 2810 nostram
1054 2760 1430 2816 cxordiamur.
1463 2761 1644 2819 Prima
1690 2766 1854 2822 illius'
1880 2771 2102 2825 ratioci-

529 2846 679 2899 natio
711 2851 982 2915 reperitur
1024 2851 1171 2906 hunc
1202 2852 1255 2907 in
1288 2854 1509 2909 modum
1546 2856 1681 2926 ipsis
1709 2858 1954 2929 ejusdem
1985 2877 2104 2916 rer-

529 2937 614 2993 bis
638 2953 917 3008 expressa.

1153 3081 1469 3145 PHOTIUS.

609 3226 627 3258 ι
669 3208 725 3262 Si
762 3210 989 3281 simplex
1023 3222 1103 3268 est
1132 3214 1391 3285 Spiritus.
1426 3222 1675 3287 procedit
1705 3239 1919 3281 veroex
1940 3227 2104 3286 Patre

530 3309 582 3352 et
615 3300 770 3368 Filio,
811 3306 986 3361 modis
1020 3309 1277 3365 omnibus
1323 3312 1375 3365 hi
1435 3328 1541 3367 una
1591 3330 1821 3384 persona
1875 3330 2103 3388 reputa-

535 3393 756 3448 buntur.
797 3394 932 3451 lline
988 3398 1371 3456 introducetur
1412 3404 1720 3463 Sabelliana
1772 3414 2101 3477 conti-aerio,

534 3500 627 3540 seu
662 3487 844 3555 potius
872 3488 1335 3548 semisabelliana.
1377 3514 1395 3547 ι

604 3670 672 3724 Ει
709 3671 798 3727 hic
821 3682 904 3728 est
953 3674 1161 3744 primus
1203 3676 1381 3735 Photii
1429 3682 1801 3753 syllogismus.
1832 3685 1944 3758 Ego
1972 3703 2104 3744 vero

528 3761 643 3831 jam
679 3762 745 3818 ad
770 3764 917 3820 illius
960 3778 1285 3838 argumenta
1324 3772 1614 3829 refellenda
1646 3777 2105 3850 dissolvendaque

533 3869 623 3909 me
647 3856 957 3925 acciugens,
1002 3861 1111 3916 mei
1160 3874 1288 3919 ante
1340 3867 1523 3921 omnia
1555 3867 1930 3926 defensionem
1969 3887 2106 3939 pra:-

532 3962 735 4018 ponere
778 3950 989 4021 judico,
1026 3969 1094 4010 ne
1121 3957 1246 4027 quis
1278 3972 1343 4013 ex
1378 3958 1505 4024 illis,
1541 3960 1634 4030 qui
1673 3970 1922 4016 nostrum
1958 3964 2107 4036 hunc

533 4042 987 4097 commentarium
1037 4044 1239 4116 legent,
1283 4051 1555 4118 superbia;
1583 4053 1973 4124 jaelantiaequc
2003 4070 2105 4111 nos

534 4139 775 4195 accuset,
818 4134 973 4200 quasi
1008 4144 1282 4193 certamen
1356 4143 1456 4195 hoc
1511 4143 1965 4200 contradictionis
2003 4147 2108 4199 ini-

533 4220 742 4277 erimus
767 4221 837 4278 ob
867 4224 1082 4283 inanem
1144 4238 1435 4297 tumorem,
1482 4232 1762 4304 animique
1792 4237 2104 4301 elationem,

2188 563 2345 630 λόγος
2380 563 2515 631 πρὸς
2553 566 2619 632 τῇ
2680 560 2896 616 ἐκθέσει
2929 560 3039 614 τῶν
3096 563 3311 631 ῥήσεων
3370 558 3769 631 ἐπηγγείλατο,

2190 657 2282 710 καὶ
2316 661 2442 719 τοὺς
2492 657 2585 709 τοῦ
2625 657 2921 725 σχίσματος
2957 655 3252 726 ἀρχηγοὺς,
3282 653 3376 706 καὶ
3409 654 3524 706 ὅσοι
3548 653 3764 716 τούτοις

2188 747 2657 818 ἐπηκολούθησαν,
2698 745 3001 814 ἀπελέγξαι
3039 746 3115 807 ὡς
3164 744 3318 797 οὐδὲν
3347 744 3501 810 ὑγιὲς
3529 744 3627 795 καὶ
3654 742 3760 811 τῆς

2190 836 2446 907 ἀληθείας
2475 836 2731 907 ἐχόμενον
2757 831 2937 901 εἷπον,
2964 835 3050 903 ἐφ’
3078 829 3161 897 οἷς
3186 834 3593 902 συγγράμμασι
3621 832 3772 884 κατὰ

2188 931 2288 999 τῆς
2343 929 2665 999 Ῥωμαῖκῆς
2722 928 3048 998 Ἐκκλησίας
3104 926 3240 997 πρὸς
3283 926 3410 988 τοὺς
3470 925 3764 994 όψιγόνους

2190 1019 2610 1073 καττλελοίπασι
2633 1033 2650 1050 ·
2692 1019 2823 1090 φέρε
2847 1017 2912 1089 δὴ
2936 1019 3030 1071 καὶ
3057 1017 3119 1070 τὸ
3138 1014 3389 1084 δεύτερον
3417 1013 3514 1066 τοῦ
3570 1013 3769 1084 χρέους

2190 1113 2545 1180 ἀφοσιωτέον.
2573 1114 2693 1167 Ἵνα
2717 1113 2825 1180 γὰρ
2855 1112 2930 1182 μή
2960 1127 3043 1173 τις
3060 1111 3330 1178 οἱήσαιτο,
3372 1107 3468 1170 ὡς,
3505 1108 3554 1159 εἱ
3581 1106 3769 1160 καὶτὰ

2192 1204 2658 1277 ἀναγεγραμμένα
2678 1204 2818 1276 ρητά
2836 1205 2949 1274 ἐχει
2966 1204 3027 1255 τὸ
3049 1199 3426 1270 εὐλογοφανές,
3448 1199 3596 1252 ἐστιν
3618 1200 3770 1267 ὅμως

2191 1299 2248 1348 ἑν
2274 1299 2387 1359 τοῖς
2414 1294 2565 1350 κατὰ
2607 1295 2900 1366 διαφόρους
2927 1295 3159 1362 καιροὶις
3188 1290 3463 1345 ἐκτεθεῖσι
3493 1289 3636 1342 κατὰ
3658 1289 3773 1341 τῶν

2205 1388 2492 1458 Ῥωμαίων
2525 1387 2929 1458 συγγράμμασι
2987 1385 3140 1448 τινὰς
3197 1380 3489 1454 εὑρεθῆναι
3542 1397 3776 1450 περικο-

2194 1484 2303 1547 πὰς
2373 1481 2436 1535 τὸ
2497 1480 2857 1550 εὐλογοφανές
2928 1478 3040 1531 τῶν
3097 1474 3634 1547 προανατεταμένων
3693 1472 3776 1542 τῷ

2195 1573 2443 1643 περιόντι
2478 1571 2578 1640 τῆς
2608 1569 2871 1640 ἀληθείας
2915 1567 3109 1638 ὥσπερ
3163 1563 3635 1636 ἐπικρυπτούσας,
3689 1561 3779 1615 δεῖ

2194 1668 2288 1718 και
2314 1665 2486 1727 αὐτὰς
2538 1662 2746 1726 ταύτας
2798 1661 2902 1724 τὰς
2952 1660 3197 1730 γραφὰς.
3252 1660 3407 1721 ὅσαις
3469 1655 3778 1724 τέωςὴμῖν

2195 1758 2478 1827 ἐξεγένετο
2521 1757 2790 1827 ἐντυχεῖν,
2824 1755 2918 1807 ἐπὶ
2950 1753 3046 1807 τοῦ
3104 1752 3271 1823 μέσου
3317 1748 3626 1820 προθεῖναι,
3671 1748 3778 1800 καὶ

2195 1851 2436 1921 ἑκάστην
2485 1849 2924 1918 ἁναλεγομένους
2979 1843 3330 1916 περικοπὴν,
3372 1840 3619 1912 στιχηδδν
3677 1840 3781 1905 ἐγ-

2196 1941 2501 2005 κατατάξαι
2535 1941 2614 2011 τῷ
2655 1941 2822 2009 λόγῳ,
2847 1940 2942 1993 καὶ
3001 1934 3413 2005 ἀντιπροθεωαι
3447 1934 3579 1998 πᾶν,
3632 1932 3781 2002 ὅπερ

2194 2037 2328 2106 ἡμῖν
2359 2034 2456 2086 σὺν
2480 2031 2601 2101 Θεῷ
2627 2031 2832 2097 δόξειεν
2854 2030 2934 2092 είς
2965 2027 3065 2098 τὴν
3084 2026 3320 2081 ἑκάστου
3345 2024 3619 2095 νοήματος
3642 2037 3781 2075 συν-

2196 2127 2372 2177 τεῖνον
2390 2124 2526 2177 ἀνατ
2535 2123 2727 2193 ροπήν.

2267 2212 2364 2265 λε’.
2402 2211 2619 2277 Τοίνυν,
2656 2211 2783 2264 ἐπεὶ
2811 2208 2907 2263 τοῦ
2934 2208 3233 2279 σχίσματος
3263 2205 3626 2278 ἀρχαιότατον
3660 2205 3784 2257 Φώ-

2197 2320 2311 2367 τιος
2328 2299 2396 2374 ἦν
2416 2305 2444 2357 ὁ
2468 2301 2589 2356 τότε
2607 2302 2701 2358 τοῦ
2726 2297 3128 2371 πατριαρχικοῦ
3144 2298 3242 2364 τῆς
3261 2296 3788 2351 Κωνσταντινουπό-

2197 2394 2335 2459 λεως
2370 2394 2634 2465 πρόεδρος
2662 2393 2876 2463 θρόνου,
2920 2390 3016 2446 καὶ
3035 2390 3200 2453 αὐτὸς
3228 2385 3296 2459 ἦν
3320 2391 3347 2442 ό
3372 2386 3591 2458 πρῶτος
3620 2386 3787 2455 εὑρε-

2198 2491 2300 2562 τὴς
2323 2492 2418 2544 καὶ
2453 2490 2736 2560 γεννήτωρ
2762 2488 2874 2541 τῶν
2903 2488 3046 2541 κατά
3073 2486 3174 2554 τῆς
3207 2483 3521 2553 Ῥωμαῖκῆς
3545 2481 3787 2551 Ἐκκληο

2202 2586 2323 2648 σίας
2373 2581 2766 2654 ἐφευρημένων
2830 2578 3170 2651 προτάσεων,
3235 2576 3361 2640 τοὺς
3414 2575 3554 2643 παρ’
3607 2570 3784 2626 αὐτοῦ

2200 2675 2523 2736 ἐκτεθέντις
2582 2670 2982 2740 συλλογισμοὺς
3010 2671 3090 2732 εἰς
3114 2667 3311 2738 ἄναψιν
3334 2666 3429 2721 τοῦ
3459 2665 3556 2735 τῆς
3592 2663 3784 2734 μάχης

2204 2763 2415 2836 πυρσοῦ
2444 2763 2621 2833 ἀρχὴν
2660 2761 2916 2829 ποιητέον
2947 2758 3059 2811 τῶν
3085 2758 3280 2827 λόγων.
3331 2753 3538 2810 Αὐτίκα
3574 2753 3603 2805 ὁ
3624 2751 3786 2823 πρῶ-

2200 2873 2293 2917 τος
2342 2855 2453 2909 τῶν
2502 2853 2694 2909 τούτου
2755 2851 3132 2921 συλλογισμῶν
3188 2849 3420 2921 εὓρηται
3456 2844 3629 2910 οὕτως
3681 2845 3784 2898 ἐπὶ

2202 2948 2397 3012 λέξεων
2422 2946 2583 3019 ἔχων.

2868 3082 3134 3137 ΦΩΤῙΟΣ.

2284 3245 2301 3277 ι
2353 3225 2415 3278 Ei
2474 3221 2681 3277 ἁπλοῦν
2738 3222 2837 3292 μὲν
2880 3223 2943 3275 τὸ
2968 3218 3214 3289 Πνεῦμα,
3269 3217 3334 3270 ἐκ
3354 3215 3450 3270 τοῦ
3478 3213 3692 3285 Πατρδς
3718 3213 3781 3267 δὲ

2205 3323 2299 3377 καὶ
2323 3324 2387 3376 ἐκ
2420 3320 2513 3374 τοῦ
2539 3319 2672 3373 Υἱοῦ
2719 3313 3105 3387 ἐκπορεύεται,
3173 3310 3394 3372 πάντως
3423 3306 3481 3360 ἓν
3530 3305 3595 3360 ἂν
3620 3298 3776 3359 οὗτοι

2205 3413 2514 3482 νομισθεῖεν
2536 3410 2848 3481 πρόσωπον,
2890 3401 3190 3460 κάντεῦθεν
3228 3397 3617 3469 εἰσαχθήσεται
3652 3412 3786 3464 συν-

2207 3504 2407 3573 αλοιιξὴ
2476 3500 2815 3563 Σαὸέλλειος,
2868 3497 2902 3569 ἢ
2943 3495 3146 3566 μᾶλλον
3194 3493 3370 3545 εἰπεῖν
3403 3527 3420 3556 ,
3478 3484 3786 3560 ήμισαϐέλ-

2205 3596 2370 3659 λειος.
2412 3614 2432 3647 ι

2282 3687 2392 3741 Καὶ
2417 3660 2593 3738 ταδτα
2619 3682 2719 3753 μὲν
2782 3681 2811 3734 ὁ
2866 3678 2962 3733 τοῦ
3000 3676 3208 3732 Φωτίου
3266 3672 3486 3745 πρῶτος
3534 3669 3789 3738 συλλογι-

2210 3778 2367 3851 σμός.
2410 3775 2553 3844 Ἐγὼ
2580 3775 2638 3828 δὲ
2671 3773 2772 3844 Ιήδη
2810 3772 2945 3840 πρὸς
2996 3771 3124 3832 τοὺς
3173 3767 3433 3836 ἐλέγχους
3485 3765 3595 3817 τῶν
3650 3761 3788 3834 παρ’

2208 3870 2375 3926 αὑτοῦ
2419 3868 2876 3939 ἐπιχειρημάτων
2918 3862 3100 3926 διδοὺς
3123 3861 3343 3926 ἐαυτὸν,
3372 3856 3615 3929 ἐμαυτοῦ
3642 3855 3784 3917 τέως

2208 3959 2811 4035 ὑπεραπολογήσασθαι
2836 3956 3064 4028 κρίνων,
3093 3955 3167 4024 μή
3204 3951 3307 4008 πού
3342 3968 3427 4014 τις
3459 3951 3570 4003 τῶν
3591 3952 3785 4002 ἐντευ-

2211 4055 2454 4124 ξομένων
2480 4053 2560 4121 τῷ
2595 4048 2825 4120 παρόντι
2872 4044 3046 4115 τούτῳ
3076 4043 3338 4114 ἡμετέρῳ
3381 4040 3788 4112 συγγράμματι

2211 4147 2444 4216 οἰήσεως
2476 4145 2625 4215 ἡμᾶς
2686 4139 2994 4212 γράψηται,
3025 4137 3101 4199 ὡς
3128 4138 3209 4200 είς
3261 4136 3353 4189 τὸν
3376 4136 3477 4204 τῆς
3535 4132 3788 4204 ἀντιρρή-

2212 4251 2351 4298 σεως
2395 4230 2851 4301 ἁποδυσαμένους
2904 4228 3093 4297 ἀγῶνα
3142 4225 3232 4280 διὰ
3288 4223 3448 4279 κενὸν
3496 4222 3789 4292 φρονήμα-

535 4310 621 4364 vel
682 4320 740 4365 ut
794 4316 1071 4373 nonnullis
1128 4321 1292 4375 etiam
1352 4320 1685 4387 videremur,
1727 4327 1865 4380 satis
1904 4325 2099 4379 virium

2209 4340 2303 4383 τος
2330 4322 2520 4389 ὄγκον,
2557 4320 2705 4382 ὅπως
2731 4318 2796 4372 ἄν
2824 4335 2937 4371 τισι
2971 4318 3067 4370 καὶ
3091 4314 3351 4384 δόξαιμεν
3384 4312 3587 4375 ἱκανῶς
3637 4311 3788 4381 ἔχειν

536 4405 755 4470 habere,
786 4421 1001 4475 eorum,
1035 4426 1172 4481 quos
1202 4427 1719 4479 commemoramus,
1781 4417 2099 4485 sapientiam

2209 4416 2341 4479 τοὺς
2392 4413 2501 4484 πρὸ
2581 4411 2741 4483 ἡμῶν
2819 4408 3223 4479 ὀνομασθέντας
3289 4408 3381 4459 ἐπὶ
3457 4405 3615 4476 σοφίᾳ
3700 4422 3790 4458 νι-

533 4499 747 4553 dicendi
785 4502 938 4570 copia
965 4512 1019 4557 et
1067 4504 1392 4575 eloquentia;
1433 4506 1766 4560 abundantia
1818 4522 2099 4576 superare.

2213 4476 2333 4579 xciv
2374 4476 2517 4559 κατά
2575 4476 2674 4575 την
2696 4506 2754 4558 ἐν
2779 4476 2963 4570 λόγοις
2985 4501 3327 4573 περιουσίαν.
3364 4499 3456 4569 Μὴ
3507 4498 3789 4569 γὰροῦτω

538 4589 715 4655 Absit,
751 4600 812 4646 ut
856 4591 930 4646 ita
979 4592 1303 4648 insaniendo
1349 4595 1673 4658 deliremus,
1708 4604 1763 4649 et
1796 4595 1995 4649 similia
2034 4598 2103 4651 de

535 4680 694 4735 nubis
725 4681 1108 4753 imaginemur,
1160 4694 1211 4738 et
1247 4683 1558 4738 beatitatem
1614 4685 1948 4755 rejiciamus,
1984 4702 2105 4756 qua:

534 4773 865 4841 pauperibus
915 4775 1106 4845 spiritu
1151 4777 1202 4829 in
1264 4774 1558 4847 Evangelio
1606 4777 1961 4846 promittitur.
1998 4778 2107 4833 Sed

533 4868 986 4924 contradictionis
1016 4872 1329 4925 universum
1371 4878 1649 4924 certamen
1683 4876 1788 4925 erit
1813 4870 1969 4925 nobis
2016 4885 2109 4925 ve-

537 4958 1027 5015 liuiEeclesiarum
1070 4961 1184 5017 Deo
1235 4961 1578 5031 complacita:
1635 4962 1860 5017 unionis
1920 4964 2106 5018 studio

538 5052 910 5116 inﬂammatis,
973 5054 1045 5108 ob
1113 5053 1255 5122 quod
1307 5054 1375 5107 ad
1426 5053 1566 5108 hanc
1611 5055 2103 5111 contradictionem

537 5145 922 5200 descendimus
959 5145 1209 5207 veritate,
1269 5145 1614 5201 mendacium
1659 5149 1932 5218 subigere,
1996 5165 2106 5205 non

537 5237 696 5290 nobis
731 5238 785 5290 in
825 5236 1091 5306 sapientia
1117 5237 1641 5307 supereminentium
1692 5241 1922 5305 gloriam
1966 5245 2108 5308 apud

539 5328 834 5391 nonnullos
866 5327 1027 5392 alios,
1059 5327 1334 5382 vindicare
1364 5338 1646 5385 conantes.
1672 5328 1920 5401 Namque
1959 5340 2111 5387 ante-

540 5438 703 5492 quam
736 5422 1008 5493 quispiam
1050 5423 1190 5477 alius
1239 5423 1440 5493 aliquid
1478 5424 1656 5479 simile
1687 5426 1753 5480 de
1794 5427 1953 5481 nobis
1992 5426 2113 5497 opi-

544 5513 851 5582 nemnjam
884 5513 1041 5581 plane
1071 5514 1414 5579 conﬁtemur,
1467 5517 1747 5582 omnibus,
1781 5518 2109 5586 quibuscum

546 5601 600 5653 in
633 5601 1123 5656 contradictionem
1172 5604 1444 5666 venimus,
1478 5615 1533 5659 et
1593 5606 1859 5676 sapientia
1903 5615 1958 5659 et
2002 5608 2117 5683 cln-

544 5694 764 5763 quentia
829 5694 1120 5764 plurimum
1175 5710 1294 5750 esse
1351 5696 1660 5763 inferiores,
1721 5708 1794 5764 et,
1861 5698 2008 5767 quod
2045 5699 2112 5751 ad

545 5785 824 5855 sapientia:
877 5786 1017 5841 vires
1072 5797 1298 5858 spectat,
1358 5806 1458 5846 nec
1507 5791 1753 5848 adversis
1804 5791 1976 5843 (Willis
2026 5805 2117 5842 (1,-—

2184 4588 2542 4676 ’μανείημεν,
2595 4602 2671 4664 ὡς
2715 4597 2945 4653 τοιαῦτα
2996 4595 3128 4669 περὶ
3177 4594 3336 4666 ἡμῶν
3397 4592 3791 4661 φαντάζεσθαι,

2211 4696 2309 4749 καὶ
2330 4697 2421 4749 τὸν
2470 4691 2820 4765 μακαρισμὸν
2870 4687 3237 4751 ἀπωθεῖσθαι,
3263 4687 3354 4739 τὸν
3399 4685 3518 4746 τοῖς
3549 4684 3788 4751 πτωχοῖς

2210 4786 2290 4856 τῷ
2325 4787 2594 4855 πνεύματι
2659 4785 2718 4836 ἐν
2767 4783 2883 4844 τοῖς
2938 4778 3293 4848 Εὑαγγελίοις
3354 4773 3789 4844 ἐπηγγελμένον.

2221 4877 2361 4932 Ἀλλ’
2401 4880 2429 4931 ό
2481 4879 2588 4940 πᾶς
2650 4876 2752 4942 τῆς
2815 4873 3193 4944 ἀντιρρήσεως
3231 4867 3379 4937 ἀγὼν
3443 4868 3575 4936 ἡμῖν
3634 4867 3790 4918 ἐστιν

2209 4970 2286 5034 ὼς
2337 4968 2736 5037 ἀναπτομένοις
2806 4964 2884 5034 τῷ
2925 4965 3074 5034 ζήλῳ
3127 4962 3224 5028 τῆς
3277 4958 3388 5011 τῶν
3449 4955 3792 5024 Ἐκκλησιῶν

2211 5064 2508 5132 θεαρὲστου
2575 5058 2822 5120 ἐνώσεως
2855 5097 2871 5120 ,
2932 5055 2997 5109 δι’
3022 5053 3080 5106 ὃν
3146 5051 3310 5120 ζῆλον
3371 5048 3620 5111 ἐνὼσεως
3692 5050 3791 5102 καὶ

2212 5154 2306 5206 ἐπὶ
2359 5154 2461 5223 τὴν
2517 5150 2843 5223 ἀντίρρησιν
2894 5144 3169 5217 ἐρχόμεθα
3251 5142 3494 5210 ταύτην,
3562 5139 3791 5213 ἀληθείᾳ

2211 5244 2272 5296 τὺ
2289 5243 2483 5308 ψεῦδος
2516 5237 2998 5304 καταγωνίσασθαι
3032 5235 3302 5295 θέλοντες,
3360 5231 3455 5286 καὶ
3486 5232 3605 5299 οὐχὶ
3636 5230 3794 5297 δόξαν

2212 5331 2625 5401 ἀπενέγκασθαι
2671 5330 2782 5383 τῶν
2825 5330 2918 5382 ἐπὶ
2987 5327 3149 5397 σοφίᾳ
3204 5325 3342 5397 πρός
3407 5341 3559 5386 τινας
3599 5326 3794 5391 ἄλλους

2215 5423 2545 5496 πρεσϐείων.
2568 5421 2761 5477 Φθάνω
2783 5420 2888 5491 γὰρ
2914 5418 3024 5488 ἐγὼ
3048 5422 3178 5489 πρὶν
3195 5419 3260 5474 ἀν
3279 5438 3400 5475 τινα
3420 5423 3517 5476 καὶ
3532 5421 3792 5489 οἰηθῆναι

2213 5534 2268 5570 τι
2295 5514 2537 5568 τοιοῦτον
2564 5513 2693 5583 περὶ
2714 5511 2871 5581 ἡμῶν
2907 5511 3186 5581 ὁμολογῶν
3219 5512 3436 5567 πάντων
3458 5511 3696 5577 τούτων,
3716 5507 3794 5567 ὧν

2218 5607 2354 5678 πρὸς
2382 5607 2508 5669 τοὺς
2537 5606 2728 5674 λόγους
2762 5605 2994 5673 ἔρχομαι
3016 5602 3114 5674 τὴν
3133 5604 3456 5677 ἀντίρρησιν
3487 5604 3788 5676 ποιησόμε-

2220 5717 2329 5762 νος,
2365 5699 2457 5751 ἐπὶ
2484 5697 2628 5768 λόγῳ
2650 5697 2745 5752 καὶ
2761 5696 2920 5767 σοφίᾳ
2946 5695 3210 5765 ἡττᾶσθαι
3231 5695 3535 5752 καταπολύ’
3557 5698 3652 5750 καὶ
3666 5698 3794 5752 ὅσον

2221 5793 2366 5845 κατὰ
2394 5790 2491 5860 τὴν
2520 5791 2615 5843 ἐπὶ
2653 5792 2719 5863 τῇ
2776 5788 2938 5859 σοφῖᾳ
2963 5788 3193 5859 δύναμιν
3232 5789 3339 5842 οὑδτ
3372 5788 3692 5859 ἀντιϐλέψαι
3724 5786 3793 5845 ἃν
