4058 6438
258 394 318 459 g7
1373 379 1476 439 DE
1496 376 1809 442 .UNIONE
1850 378 2405 439 ECCLESIARUM.
3420 381 3491 446 98

259 511 360 572 τοῖς
382 501 623 565 ἐκείνων,
656 502 733 568 μή
762 499 846 553 τοί
876 517 941 569 γε
977 501 1093 567 καὶ,
1122 500 1411 571 συστάδην
1432 484 1809 571 ἀνταγωνίσα-

1921 502 2110 556 intueri
2142 515 2325 572 posse,
2354 506 2567 553 tantum
2601 497 2778 561 abest,
2842 503 2902 550 ut
2932 495 3183 554 cominus
3214 507 3269 554 ct
3326 501 3492 558 veluti

262 600 374 654 σθαι
420 598 448 649 ὁ
490 594 757 665 ἡμέτερος
795 591 982 663 ἴσχυσε
1008 593 1189 661 λόγος.
1238 592 1394 645 Ἐπεὶ
1433 592 1491 645 δὲ
1512 593 1691 663 πάσης
1722 608 1812 644 σο-

260 692 376 762 φίας
400 688 460 741 τὸ
489 684 791 753 ἀκρότατον
828 687 860 755 ἡ
888 684 1138 753 ἀλήθεια,
1162 684 1246 738 ὅτι
1274 685 1373 737 καὶ
1407 684 1569 754 μόνος
1597 685 1760 753 σοφὸς
1781 684 1811 736 ὁ

260 783 346 851 τῆς
399 776 658 849 ἀληθείας
676 776 811 839 Θεός
847 778 1014 841 ἐστιν,
1048 776 1197 845 αὐτῷ
1228 775 1294 847 δὴ
1320 775 1399 846 τῷ
1433 777 1529 846 τῆς
1549 775 1810 844 ἀληθείας

260 871 364 940 Θεῷ
405 871 500 932 τὰς
537 867 764 930 ἐλπίδας
798 866 1126 937 ἀνάψαντες,
1167 868 1267 936 τῆς
1300 869 1438 938 πρὸς
1462 869 1554 921 τὸν
1585 867 1812 938 ἔλεγχον

261 960 552 1025 εὐοδώσεως
611 961 707 1014 ἐπὶ
767 961 860 1031 τίων
912 961 1057 1013 κατὰ
1111 961 1225 1013 τῶν
1283 961 1359 1030 μὴ
1428 959 1807 1031 ἀληθευόντων

262 1052 429 1120 ἀγῶνα
497 1049 807 1120 χωροῦμεν.
874 1051 983 1103 Καὶ
1041 1052 1168 1103 ἐπεὶ
1202 1050 1340 1104 Θεοῦ
1396 1052 1490 1104 καὶ
1552 1049 1814 1120 ἀληθείας

263 1138 588 1210 ἐμνήσθημεν
643 1140 722 1202 είς
780 1139 951 1210 αὐτὴν
1001 1142 1211 1212 ταύτην
1258 1141 1357 1212 τὴν
1404 1140 1688 1211 ἀλήθειαν,
1719 1139 1815 1193 καὶ

264 1234 330 1295 είς
367 1231 487 1283 ἄλλο
564 1230 730 1300 μηδὲν
775 1231 1072 1301 ὁρκίζομεν
1143 1234 1272 1297 τοὺς
1338 1234 1634 1302 ἐσομένους
1700 1232 1816 1286 δια-

266 1321 527 1392 γνώμονας
583 1320 866 1391 ἑκατέρων
915 1322 1024 1375 τῶν
1075 1321 1254 1391 λόγων
1301 1322 1676 1393 ἀπροσπαθῶς
1723 1322 1816 1374 ἐπὶ

264 1415 349 1483 τὴν
372 1411 653 1481 διάγνωσιν
684 1412 967 1483 ἔρχεσθαι,
997 1413 1159 1467 τοῦτο
1186 1413 1432 1485 ἁκριόὦς
1454 1415 1666 1477 εἰδότας
1684 1455 1699 1476 ,
1739 1413 1817 1478 ὡς

267 1506 400 1566 όπᾶς
424 1506 551 1574 ήμτν
582 1505 748 1568 πόνος
773 1504 916 1575 ὑπὲρ
948 1504 1197 1570 ἑνώσεώς
1252 1508 1401 1559 ἐστιν
1453 1505 1816 1576 Ἐκκλησιῶν,

268 1588 331 1648 ὧν
352 1596 381 1665 η
399 1594 678 1659 διάστασις
699 1595 905 1665 πολλὴν
933 1596 1139 1667 ζημίαν
1175 1600 1242 1667 τῇ
1298 1597 1551 1668 εὐσεϐείᾳ
1594 1596 1819 1666 προεξὲ-

272 1701 420 1755 νησεο
453 1686 601 1740 καὶὸ
660 1687 798 1757 πρὸς
864 1687 1023 1757 χάριν
1073 1687 1327 1741 ἐντεῦθεν
1375 1687 1818 1757 διαγνωσόμενος

278 1776 331 1828 ἰδ
359 1776 442 1829 τοῦ
486 1776 1057 1848 καταδραϐεύσαντος
1085 1777 1461 1832 ἐπισπάσεται
1501 1778 1680 1847 κρίμα
1712 1777 1816 1831 οὐκ

279 1867 358 1918 ἐπί
380 1883 471 1920 τισι
494 1868 607 1921 τῶν
676 1843 1002 1939 σωματικὴν
1039 1869 1173 1933 ἴσως
1233 1870 1333 1941 τὴν
1403 1843 1618 1939 ζημίαν
1664 1869 1816 1938 ὲχόν-
1850 1843 1890 1899 Β

275 1974 380 2023 των,
407 1958 513 2013 ἀλλ’
538 1959 634 2013 ἐπ’
655 1959 864 2023 αὐτοῖς,
903 1957 981 2024 οἷς
1014 1960 1148 2024 Θεὸς
1174 1960 1252 2024 ὡς
1291 1961 1619 2031 ἠδικημένος
1647 1961 1817 2028 ἄγαν·

269 2050 483 2120 ακτήσει.
546 2048 713 2105 Οὕτω
777 2053 1069 2124 τοιγαροῦν
1114 2055 1184 2109 τὰ
1226 2053 1323 2108 τοῦ
1374 2054 1536 2123 λόγου
1599 2054 1692 2106 ἐπὶ
1739 2054 1817 2123 τῷ

266 2139 474 2212 δευτέρῳ
498 2143 672 2197 αὐτοῦ
700 2142 836 2197 εἴδει
863 2146 1443 2217 προκαταστήσαντες,
1476 2146 1572 2201 καὶ
1593 2146 1660 2218 δὴ
1707 2164 1817 2217 χω·-

264 2233 440 2305 ροῦμεν
488 2237 589 2289 ἐπὶ
619 2237 681 2291 τὸ
714 2238 918 2308 λέγειν.
965 2238 1104 2292 Ἀλλ’
1126 2239 1543 2311 ἐπαναληπτέον
1584 2243 1681 2296 καλ⁸
1712 2242 1819 2296 πά-

261 2325 334 2379 λιν
369 2326 459 2381 τὸν
493 2331 1053 2401 προανατεταγμένον
1082 2330 1487 2403 συλλογισμόν.’

320 2533 425 2597 λς’.
463 2552 483 2586 ι
521 2533 590 2588 Εί
625 2534 844 2591 ἁπλοῦν
899 2536 1019 2608 μὲν,
1044 2538 1202 2608 φησὶ,
1234 2537 1297 2593 τὸ
1335 2527 1586 2610 Πνεῦμα,
1619 2542 1684 2594 ὲκ
1722 2542 1818 2595 τοῦ

264 2627 450 2698 Πατρὸς
477 2628 532 2681 δὲ
561 2627 663 2682 καὶ
710 2629 782 2683 ὲκ
832 2628 929 2684 τοῦ
975 2628 1107 2684 Υίοῦ
1160 2631 1551 2702 ἐκπορεύεται,
1603 2634 1820 2698 πάντως

259 2714 309 2768 ἓν
341 2718 401 2772 ἂν
430 2712 579 2774 οὗτοι
633 2720 945 2792 νομισθεῖεν
1004 2722 1297 2793 πρόσωπον
1321 2764 1336 2788 ,
1380 2724 1675 2778 κάντεῦθεν
1702 2727 1821 2778 είσ-

270 2810 545 2881 αχθήσεται
602 2814 908 2886 συναλοιφὴ
937 2814 1277 2881 Σαὸέλλειος,
1316 2815 1349 2890 ἦ
1393 2817 1592 2885 μᾶλλον
1647 2819 1821 2876 εἰπεῖν

261 2898 576 2968 ἡμισαῦέλλε
587 2919 692 2965 ιος.
740 2919 761 2955 ι
1092 2928 1095 2931 ι

318 2991 374 3046 Οί
412 2995 545 3064 πρὸς
589 2993 695 3057 τὰς
727 2993 816 3048 διὰ
845 2992 1224 3066 συλλογισμῶν
1259 2996 1562 3062 ἀποδείξεις
1589 2998 1822 3071 ἐρχόμε-

259 3098 327 3134 νοι
357 3083 723 3149 διαλεκτικῶς
754 3087 955 3149 παντὸς
986 3086 1152 3141 ἄλλου
1182 3086 1425 3141 τίθενται
1484 3090 1819 3162 προύργιαί-

1914 591 2126 646 statarii
2157 591 2360 644 milites
2388 604 2511 644 cum
2547 588 2650 643 illis
2678 587 2970 655 conﬂigere
3022 587 3261 644 dicendo
3289 594 3493 646 audea-

1913 698 2060 737 mus.
2095 680 2230 735 Cum
2292 697 2423 735 vero
2462 678 2742 751 sapientia:
2771 679 3044 734 universa:
3077 689 3264 734 vertex
3288 684 3491 739 veritas

1913 774 2009 836 sit,
2042 775 2187 842 quod
2229 781 2285 827 et
2332 773 2488 827 solus
2542 772 2761 840 sapiens
2801 770 3046 826 veritatis
3078 769 3242 833 Deus,
3284 772 3339 826 in
3374 774 3493 841 ipso

1920 864 2171 919 veritatis
2201 863 2311 918 Deo
2345 877 2441 933 spe
2459 862 2723 916 collocata
2752 859 2864 929 jam
2900 860 2967 915 ad
3007 874 3102 913 eos
3135 861 3486 926 relellendos,

1914 956 2006 1028 qui
2036 955 2338 1013 mendaciis
2369 953 2574 1009 addicti
2615 952 2897 1007 veritatem
2944 951 3280 1016 convellunt,
3316 956 3494 1008 ventis

1916 1047 2175 1104 secundis
2209 1046 2265 1100 in
2294 1055 2569 1100 certamen
2594 1043 3000 1098 descendimus.
3039 1042 3104 1096 Et
3141 1043 3360 1110 quando
3396 1043 3491 1097 Dei

1915 1148 1971 1196 et
2002 1140 2250 1194 veritatis
2290 1139 2496 1193 mentio
2548 1136 2769 1191 inducta
2811 1143 2914 1199 est,
2951 1149 3047 1203 per
3071 1137 3320 1189 eamdem
3346 1135 3493 1189 veri-

1918 1241 2102 1300 tatem,
2134 1246 2232 1287 nec
2290 1231 2454 1284 alium
2490 1238 2680 1285 testem
2714 1235 2771 1282 et
2825 1228 3106 1281 conscium
3145 1238 3492 1281 sacramento

1917 1326 2276 1396 asuingimus
2329 1323 2614 1378 ambarum
2670 1320 2904 1390 partium
2964 1321 3488 1374 commentariorum

1918 1417 2229 1486 cognitores
2264 1414 2500 1479 futuros,
2559 1422 2619 1469 ut
2668 1412 2835 1467 animi
2886 1411 3083 1467 affectu
3119 1413 3388 1482 deposito,
3422 1417 3488 1468 ad

1918 1509 1998 1562 rei
2045 1507 2411 1578 cognitionem
2463 1505 2748 1569 accedant,
2781 1503 2929 1559 illius
2987 1504 3147 1571 plane
3180 1504 3358 1573 gnari,
3390 1518 3494 1558 nos

1918 1612 2137 1653 omnem
2184 1598 2333 1652 hunc
2363 1597 2606 1652 laborem
2671 1611 2770 1665 pro
2824 1595 3029 1648 unione
3088 1595 3492 1659 Ecclesiarum,

1920 1703 2155 1758 quarum
2187 1687 2481 1744 dissidium
2523 1700 2879 1757 summopere
2901 1687 3089 1756 pietati
3122 1687 3334 1750 nocuit,
3367 1701 3497 1741 sus-

1921 1762 2161 1851 cepisse;
2192 1791 2247 1836 et
2270 1782 2364 1851 qui
2385 1781 2558 1851 gratia
2580 1787 2678 1834 aut
2702 1794 2891 1835 amore
2916 1779 3322 1848 dijudicaverit,
3347 1777 3498 1848 judi-

1918 1875 2063 1928 cium
2102 1873 2155 1927 in
2188 1887 2249 1928 se
2273 1871 2652 1928 defraudantis
2693 1870 2921 1941 praemio
2982 1870 3245 1933 attrahet,
3286 1884 3392 1923 non
3439 1868 3492 1923 in

1920 1964 2122 2034 quibus
2152 1963 2292 2019 forte
2324 1962 2713 2018 detrimentum
2757 1962 2971 2032 corpori
3049 1961 3129 2026 fit,
3165 1962 3258 2015 sed
3294 1963 3346 2014 in
3385 1959 3494 2014 illis

1920 2058 2079 2129 ipsis,
2108 2072 2207 2128 pro
2252 2057 2455 2127 quibus
2511 2056 2715 2127 injuria
2744 2054 2886 2110 Deus
2923 2054 3150 2109 aﬂ‘ectus
3188 2054 3498 2123 indignabi-

1921 2161 2030 2205 tur.
2064 2148 2382 2220 Hocitaque
2416 2158 2575 2219 pacto
2611 2162 2709 2217 pro
2742 2147 2984 2204 secunda
3015 2146 3165 2200 illius
3190 2154 3341 2214 parte
3364 2158 3495 2197 ora-

1922 2242 2069 2296 tione
2089 2250 2249 2295 antea
2276 2240 2565 2309 disposita,
2597 2253 2710 2293 rem
2738 2238 2911 2308 ipsam
2948 2236 3354 2307 aggrediamur.
3387 2234 3493 2288 Sed

1920 2346 2067 2391 nunc
2097 2331 2277 2386 denuo
2337 2330 2699 2385 resumendus
2750 2338 2836 2385 est
2891 2328 3242 2401 syllogismus
3281 2341 3496 2399 pra‘po-

1921 2425 2084 2480 situs.

1991 2513 2082 2570 56.
2119 2532 2138 2565 ι
2171 2514 2227 2568 Si
2259 2513 2514 2583 simplex,
2574 2511 2771 2583 inquit,
2804 2511 3044 2582 Spiritus
3091 2522 3193 2577 est,
3224 2527 3291 2567 ex
3336 2511 3498 2568 Patre

1920 2622 2050 2662 vero
2082 2620 2134 2662 et
2171 2606 2307 2660 Filio
2336 2606 2600 2675 procedit,
2636 2604 2864 2659 Omnino
2894 2604 2948 2658 hi
3003 2620 3109 2657 una
3161 2619 3392 2674 persona
3416 2620 3499 2659 re-

1920 2699 2282 2770 putabuntur,
2306 2698 2540 2769 indeque
2572 2698 2875 2754 contractio
2900 2697 3234 2762 Sabelliana,
3269 2709 3363 2753 aut
3402 2711 3497 2767 po-

1926 2797 2032 2849 tius
2063 2792 2537 2858 semisabelliana,
2569 2790 2967 2846 introducetur.
3010 2807 3030 2844 ι

1994 2977 2098 3045 Qui
2138 2978 2205 3034 ad
2228 2977 2731 3035 demonstrationes
2760 2992 2858 3047 per
2907 2975 3256 3051 syllogismos
3319 2976 3497 3033 diale-

1923 3074 2195 3128 cticorum
2252 3086 2407 3127 more
2452 3074 2774 3142 procedunt,
2807 3080 2935 3125 ante
2989 3070 3170 3125 omnia
3235 3079 3493 3141 tanquam

261 3187 397 3243 τερον
425 3175 515 3229 τὸν
573 3176 684 3242 τῆς
739 3177 1075 3249 ἐγκειμένης
1124 3179 1409 3250 σημασίας
1461 3183 1585 3246 ταῖς
1631 3182 1815 3248 λέξεσι

1926 3163 2281 3220 utilissimum
2314 3170 2638 3233 praeponth
2671 3165 2973 3228 sententiae,
2999 3177 3123 3234 qua:
3153 3163 3206 3216 in
3234 3163 3494 3217 dictioni-

263 3263 690 3334 προσδιορισμὸν,
732 3264 820 3319 ἶνα
868 3265 945 3338 μὴ
991 3267 1070 3338 τῷ
1100 3267 1410 3341 πολυσὴμῳ
1458 3270 1565 3324 τῶν
1620 3272 1822 3341 λέξεων

261 3351 312 3405 τδ
347 3352 441 3423 τῆς
469 3356 812 3423 ἀποδείξεως
853 3359 1263 3428 ὑποκλέπτηται
1305 3360 1526 3432 ἀληθές.
1568 3363 1639 3416 Συ
1667 3363 1820 3433 γοῦν,

263 3443 515 3511 σοφώτατε
557 3449 764 3513 nam,
809 3449 937 3514 τοὺς
963 3452 1070 3522 γὰρ
1106 3451 1242 3521 πρὸς
1268 3452 1328 3505 σὲ
1355 3452 1545 3522 λόγους
1578 3454 1653 3519 ὡς
1682 3456 1819 3527 πρὸς

263 3539 479 3608 παρόντα
512 3541 849 3612 ποιήσομαι,
878 3541 957 3609 τῷ
978 3544 1283 3620 ,ἐκτεθέντι
1312 3544 1393 3616 τῷ
1421 3547 1623 3618 πρώτῳ
1646 3549 1822 3619 τούτῳ

166 3634 176 3649 ‘
263 3631 611 3704 συλλογισμῷ,
666 3632 1009 3698 ὑποθετικῶς
1038 3637 1383 3707 πλεκομένῳ,
1416 3639 1466 3690 εἰ
1504 3640 1569 3691 ἐκ
1588 3639 1681 3693 τοῦ
1710 3639 1826 3692 Πα-

260 3719 387 3786 τρός,
410 3722 564 3790 ἔφης,
581 3723 686 3776 καὶ
706 3724 802 3776 τοῦ
822 3723 952 3777 Υἱοῦ
967 3723 1028 3778 τὸ
1050 3725 1273 3796 Πνεῦμα
1302 3728 1683 3798 ἐκπορεύεται,
1703 3731 1823 3783 ἐπεὶ

260 3811 309 3862 τὸ
336 3814 554 3886 Πνεῦμα
597 3813 815 3868 ἁπλοῦν
846 3815 1038 3870 ἕπεται
1069 3817 1129 3882 ἐξ
1169 3818 1418 3889 ἀνάγκης
1480 3823 1547 3892 τῇ
1607 3823 1672 3874 ὲκ
1728 3819 1822 3874 τοῦ

262 3900 454 3975 Πατρδς
476 3910 572 3962 καὶ
598 3907 701 3961 τοῦ
738 3907 870 3960 Υἱοῦ
906 3909 1240 3981 δκπορεύσει
1293 3910 1388 3964 τοῦ
1416 3912 1736 3984 Πνεύματος
1763 3914 1824 3967 τὸ

263 3995 675 4065 συναλοίφεσθαι
719 3996 947 4063 τούτους
976 4002 1057 4062 είς
1090 4001 1386 4072 πρόσωπον
1409 4001 1490 4067 ἓν,
1523 4003 1658 4074 ὅπερ
1722 3990 1822 4059 καὶ

263 4084 565 4141 Σαϐἐλλειον
600 4078 729 4142 ’καὶ
777 4089 1203 4159 ήμισαὸἐλλειον
1255 4092 1473 4162 αἵρεσιν
1521 4094 1820 4167 ἀποφαίνῃ.

271 4174 412 4229 Ἐπεὶ
435 4178 569 4244 γοῦν
603 4179 713 4250 τὴν
741 4179 852 4233 τῶν
883 4178 982 4232 δύο
1011 4180 1325 4250 προσώπων
1351 4185 1434 4246 είς
1462 4181 1520 4233 ἒν
1572 4184 1821 4238 συναλοι-

265 4267 356 4335 φὴν
386 4271 709 4324 ἀκολουθεῖν
737 4270 797 4336 ἐξ
847 4271 1094 4341 ἀνάγκης
1125 4269 1285 4343 ἔφης,
1316 4275 1412 4327 ἐάν
1455 4291 1539 4336 τις
1605 4276 1671 4328 ἐκ
1726 4275 1822 4329 τοῦ

263 4357 461 4429 Πατρδς
489 4363 591 4416 καὶ
623 4361 724 4416 τοῦ
759 4361 891 4415 Υἰοῦ
912 4364 974 4415 τὸ
1006 4364 1234 4433 Πνεῦμα
1267 4364 1670 4436 ἐκπορεύεσθαι
1720 4367 1826 4420 δώ-

265 4464 354 4513 σει,
395 4450 484 4505 διὰ
513 4455 577 4506 τὸ
619 4451 830 4507 ἁπλοῦν
865 4448 1009 4505 εἶναι
1052 4453 1114 4506 τὸ
1146 4454 1395 4525 Πνεῦμα,
1419 4455 1683 4527 ζητητέον
1705 4456 1821 4509 ἐστὶ

1925 3253 2029 3311 bus
2053 3265 2156 3318 est,
2188 3255 2723 3320 determinationem,
2741 3269 2810 3308 ne
2833 3254 3130 3310 dictionum
3154 3254 3302 3308 varia
3323 3255 3496 3326 signi-

1924 3346 2196 3412 ﬁcatione,
2226 3348 2427 3402 veritas
2463 3347 2812 3403 obscuretur.
2845 3345 2926 3400 Tu
2962 3361 3112 3411 vero,
3151 3347 3495 3416 sapientissi-

1924 3455 2012 3496 me
2038 3440 2218 3508 Photi,
2251 3455 2492 3512 namque
2519 3440 2588 3496 ad
2638 3448 2689 3496 te
2712 3441 2878 3495 veluti
2930 3451 3252 3510 pra'sentem
3289 3443 3497 3495 oratio-

1926 3544 2046 3583 nem
2074 3541 2362 3596 converto,
2393 3531 2447 3584 in
2481 3530 2730 3601 apposito
2789 3533 2965 3601 primo
2999 3531 3105 3586 hoc
3157 3530 3497 3602 syllogismo,

1924 3631 1974 3676 et
2029 3622 2131 3677 sub
2188 3622 2502 3678 conditione
2552 3623 3002 3694 circumplicato,
3068 3625 3117 3680 si
3188 3639 3254 3679 ex
3313 3623 3497 3690 Patre,

1924 3712 2026 3783 ais,
2093 3720 2149 3767 et
2199 3711 2340 3769 Filio
2428 3711 2667 3783 Spiritus
2747 3715 3015 3784 procedit,
3079 3730 3205 3770 cum
3263 3714 3500 3786 Spiritus

1924 3804 2151 3873 simplex
2187 3805 2279 3866 sit.
2314 3806 2624 3861 necessario
2675 3807 2925 3875 sequitur
2947 3847 2964 3872 ,
2992 3821 3055 3860 ex
3089 3807 3247 3863 Patre
3275 3816 3330 3862 et
3362 3808 3499 3863 Filio

1926 3894 2164 3964 Spiritus
2192 3898 2543 3965 processione
2591 3897 2842 3951 contrahi
2877 3897 3042 3952 hosce
3086 3897 3141 3951 in
3188 3913 3350 3953 unam
3381 3915 3502 3970 pcr-

1924 4004 2152 4056 sonam,
2213 3988 2359 4059 quod
2409 3987 2775 4044 Sabellianam
2845 3999 2940 4044 aut
2994 3990 3496 4046 Setnisabellianam

1923 4080 2175 4137 bmresim
2212 4080 2501 4151 indigetas.
2544 4080 2681 4136 Cum
2732 4080 2914 4151 itaque
2948 4083 3183 4137 duarum
3231 4097 3498 4153 persona-

1921 4188 2045 4228 rum
2077 4174 2132 4229 in
2157 4189 2320 4228 unam
2365 4174 2795 4240 contractionem
2834 4175 3146 4230 necessario
3174 4177 3328 4246 sequi
3359 4177 3503 4231 adir-

1924 4278 2061 4328 mas,
2097 4263 2142 4318 si
2183 4265 2307 4334 quis
2350 4278 2416 4318 ex
2460 4262 2622 4320 Patre
2654 4276 2709 4319 et
2753 4263 2891 4320 Filio
2914 4268 3175 4336 Spiritum
3209 4273 3501 4338 proi'edere

1923 4357 2216 4423 concedet,
2266 4357 2410 4427 quod
2460 4356 2696 4426 Spiritus
2743 4358 2971 4428 simplex
3017 4360 3107 4426 sit,
3144 4363 3495 4429 quaerendum

1921 4448 2078 4519 plane
2105 4455 2207 4514 est,
2236 4449 2339 4503 hoc
2361 4450 2639 4516 procedere
2662 4464 2900 4520 quonam
2934 4450 3242 4518 signiﬁcatu
3271 4453 3360 4508 hic
3389 4471 3417 4506 a
3448 4462 3502 4508 te

262 4541 315 4592 τὸ
353 4542 739 4614 ἐκπορεύεται
773 4545 955 4611 τοῦτο,
991 4548 1109 4611 πῶς
1162 4547 1568 4617 ὲκλαμὸόινεταί
1624 4566 1708 4603 σοι
1735 4552 1821 4603 ὲν-

1930 4549 2263 4597 assumatur.
2308 4539 2556 4610 Namque
2582 4541 2730 4596 dices
2765 4540 3009 4607 omnino,
3037 4557 3102 4597 ex
3145 4543 3255 4599 Deo
3276 4554 3501 4601 natura-

264 4630 441 4688 ταῦθα.
472 4635 708 4697 Πάντως
734 4634 847 4705 γὰρ
876 4635 980 4705 τὴν
1011 4635 1076 4688 ἐκ
1110 4633 1248 4688 Θεοῦ
1287 4634 1529 4705 φυσικὴν
1585 4637 1680 4690 καὶ
1726 4636 1820 4689 ού-

265 4725 415 4795 σιωδη
446 4727 541 4779 τοῦ
596 4725 925 4797 Πνεύματος
982 4725 1222 4796 ὕπαρξιν
1270 4726 1468 4796 δηλοῦν
1526 4711 1674 4798 ἐρεῖς
1720 4727 1821 4797 τὴν

263 4813 597 4886 ὲκπόρευσιν,
624 4816 724 4871 καὶ
781 4816 912 4870 ἄλλο
938 4833 991 4870 τι
1019 4818 1173 4888 παρὰ
1196 4818 1402 4888 ταύτην
1450 4817 1629 4874 οὐδέν.
1682 4818 1822 4872 Ἀλλ’

265 4906 546 4981 ἡῦπαρξις
594 4908 739 4977 αῦτη
776 4908 879 4961 οὐκ
928 4907 1015 4962 ἀεὶ
1070 4911 1130 4961 ὲν
1172 4910 1238 4979 τῇ
1269 4908 1363 4961 τοῦ
1423 4907 1823 4979 ἐκπορεύεσθαι

269 4999 389 5071 μόνη
415 5001 746 5071 σημαίνεται
776 4998 944 5064 λέξει,
967 4998 1105 5052 ἀλλὰ
1150 5000 1246 5053 καὶ
1280 5000 1342 5053 ἐν
1371 4997 1561 5062 ἄλλαις
1577 4998 1820 5065 πολλαῖς,

266 5083 329 5142 ὧν
362 5095 475 5146 ἐστι
515 5095 617 5148 καὶ
642 5093 704 5146 τὺ
729 5092 1030 5163 προϊέναι,
1073 5092 1258 5146 καὶτὸ
1298 5090 1679 5161 προχεῖσθαι,
1729 5092 1824 5145 καὶ

267 5183 648 5252 προέρχεσθαι
669 5187 814 5240 αὐτὸ
840 5184 911 5240 ἐκ
937 5185 1187 5253 Πατρός.
1216 5182 1455 5252 Οἴδαμεν
1478 5184 1537 5237 δὲ
1563 5185 1703 5238 κατὰ
1721 5185 1824 5254 τὴν

268 5274 436 5348 κοινὴν
476 5277 674 5349 ὥσπερ
740 5277 1126 5349 ὁμολογεῖσθαι
1180 5277 1280 5348 τὴν
1331 5277 1540 5330 ἔννοιαν
1583 5279 1649 5348 τῇ
1702 5276 1824 5330 καθ’

266 5369 396 5437 ἡμᾶς
455 5371 758 5444 Ἐκκλησία
808 5374 873 5426 ὲκ
902 5372 1114 5442 Πατρὸς
1140 5370 1234 5424 καὶ
1261 5370 1391 5424 Υίοῦ
1452 5368 1623 5423 ταῦτα
1648 5371 1824 5424 πάντα

270 5462 349 5514 ἐπὶ
372 5463 464 5517 τοῦ
493 5464 671 5519 ἁπλοῦ
705 5464 959 5533 λέγεσθαι
1015 5463 1355 5533 Πνεύματος,
1411 5463 1507 5516 καὶ
1539 5464 1638 5533 τὴν
1658 5460 1822 5516 αὐτοῦ

269 5557 535 5625 τηρεῖσθαι
564 5556 867 5627 ἁπλότητα,
907 5556 1002 5609 καὶ
1033 5554 1310 5626 μηδεμίαν
1339 5554 1574 5607 ἐνταῦθα
1609 5554 1825 5624 Πατρὸς

272 5645 356 5698 καὶ
434 5646 563 5700 Υἱοῦ
627 5647 953 5718 συναλοιφὴν
1012 5646 1429 5715 ἀναφαίνεσθαι.
1489 5646 1600 5700 Καὶ
1646 5646 1826 5717 σαφὴς

274 5735 417 5789 τοῦτό
439 5740 588 5790 ἔστιν
622 5738 917 5804 ἀπόδειξις,
957 5739 1018 5792 τὸ
1065 5738 1141 5809 μὴ
1169 5738 1228 5789 τὸ
1257 5735 1453 5789 δοκοῦν
1477 5752 1559 5788 σοι
1591 5735 1825 5790 ἀκολου-

278 5824 381 5883 θεῖν
402 5831 623 5900 ἄτοπον,
672 5832 761 5887 ἐὰν
790 5835 852 5885 ἐκ
916 5830 1125 5902 [ἰατρὸς
1168 5831 1264 5884 καὶ
1312 5828 1443 5882 Υἱοῦ
1469 5830 1516 5882 οἱ
1561 5823 1823 5901 Ῥωμαίοι

1923 4631 2029 4687 lem
2071 4640 2126 4687 et
2162 4632 2507 4688 essentialem
2547 4629 2783 4702 Spiritus
2822 4633 3232 4700 exsistentiam,
3273 4652 3496 4706 proces-

1923 4726 2107 4790 sione,
2149 4741 2250 4781 nec
2292 4727 2439 4781 aliud
2473 4726 2751 4798 quidpiam
2801 4726 3000 4781 notari.
3071 4727 3143 4781 At
3181 4729 3497 4784 exsistentia

1925 4819 2041 4873 haec
2076 4833 2183 4874 non
2214 4834 2428 4888 semper
2459 4819 2574 4874 sola
2602 4819 2977 4889 processionis
3008 4820 3247 4876 dictione
3289 4822 3494 4893 signiti-

1923 4922 2100 4979 catur,
2158 4913 2254 4969 sed
2299 4921 2353 4968 et
2411 4912 2687 4984 plerisque
2736 4911 2894 4976 aliis,
2942 4913 3083 4966 inter
3126 4927 3266 4983 quas
3313 4913 3493 4966 locum

1925 5003 2128 5059 habent
2152 5042 2167 5068 ,
2209 5005 2492 5073 progredi,
2521 5001 2798 5072 profundi,
2826 5004 3195 5074 provenireque
3227 5006 3397 5072 ipsum
3431 5017 3497 5064 ea:

1926 5096 2107 5151 Patre.
2158 5098 2375 5152 Scimus
2407 5105 2667 5167 praeterea
2703 5097 3015 5162 communi,
3055 5106 3113 5151 ut
3154 5101 3209 5151 in
3245 5095 3496 5173 confesso

1926 5198 2009 5245 est
2032 5228 2048 5255 ,
2092 5188 2361 5245 sententia
2406 5199 2607 5243 nostrae
2635 5188 2931 5256 Ecclesiae,
2962 5205 3026 5244 ex
3063 5188 3221 5243 Patre
3252 5197 3306 5242 et
3355 5185 3496 5240 Filio

1924 5280 2042 5336 haec
2087 5282 2269 5336 omnia
2304 5281 2370 5335 de
2412 5281 2645 5351 simplici
2686 5279 2889 5352 Spiritu
2924 5281 3029 5338 dici
3053 5322 3068 5346 ,
3098 5290 3152 5335 et
3192 5280 3337 5335 illius
3367 5280 3495 5334 sim-

1925 5374 2218 5445 plicitatem
2269 5374 2622 5441 conservari,
2678 5373 2994 5443 nullamque
3048 5373 3174 5427 inde
3224 5368 3398 5425 Patris
3441 5380 3494 5425 et

1927 5465 2048 5521 Filii
2091 5467 2517 5521 contractionem
2571 5467 2860 5522 insinuari.
2905 5456 3212 5536 Apertaque
3248 5464 3362 5518 hasc
3411 5474 3494 5516 est

1926 5558 2340 5620 demonstratio,
2369 5561 2513 5627 quod
2547 5557 2641 5613 tibi
2665 5559 2959 5614 absurdum
2992 5554 3239 5620 videtur,
3275 5571 3376 5610 non
3412 5571 3497 5610 se—

1928 5651 2043 5720 qui,
2075 5651 2119 5706 si
2148 5666 2211 5705 ex
2245 5648 2404 5705 Patre
2429 5658 2484 5704 et
2506 5646 2644 5703 Filio
2675 5649 2905 5703 Romani
2934 5648 3225 5718 procedere
3255 5649 3491 5702 tradunt.

1929 5742 2067 5796 Nam
2095 5744 2177 5799 vel
2211 5751 2321 5794 tum
2357 5740 2540 5804 etiam,
2568 5754 2691 5795 cuin
2725 5738 3091 5808 progreditur,
3122 5748 3179 5793 et
3203 5739 3498 5795 elTunditur

1929 5833 2157 5904 simplex
2190 5831 2424 5901 Spiritus
2455 5846 2518 5910 ex
2572 5829 2733 5886 Patre
2772 5838 2826 5885 et
2858 5826 3034 5896 Filio,
3089 5830 3142 5887 in
3185 5844 3350 5884 unam
3400 5843 3495 5883 eos
3564 5875 3567 5878 ί
