4058 6410
299 370 397 439 101

1405 366 1505 427 DE
1541 361 1838 425 UNIONE
1877 360 2432 422 ECCLESIARUM.

3440 369 3543 433 102

296 503 463 556 τηται
511 486 846 559 προϐλήσεις
891 486 1082 559 πόρρω
1117 482 1213 539 καὶ
1260 484 1553 553 προσεχεῖς
1600 477 1882 534 ἀναπλάτο

2008 478 2185 531 nineat
2223 476 2488 546 judicium
2539 476 2930 547 productiones
2971 479 3295 550 longinquas
3327 494 3380 539 et
3409 466 3562 539 con?

297 595 471 635 τοντι.
516 579 604 634 Ἐν
626 579 803 649 ἑτέρῳ
836 578 1000 632 πάλιν
1028 578 1210 646 λέγεις
1247 572 1626 644 συλλογισμῷ·

377 686 454 759 μ’.
513 706 532 740 ι
572 690 747 761 Εῐπερ
796 691 829 758 ἡ
877 690 943 742 ἐκ
993 686 1088 741 τοῦ
1140 687 1355 757 Πατρδς
1395 687 1720 756 ὲκπόρευσις
1784 684 1880 737 τοῦ

305 780 470 850 ἁγίου
512 781 834 853 Πνεῦματος
877 779 1119 852 ἐντελὴς,
1177 779 1408 850 περιττὴ
1445 779 1553 849 ἄρα
1604 779 1637 844 ἡ
1684 779 1748 830 ἐκ
1786 773 1879 830 τοῦ

306 869 462 924 Υιοῦ.
510 890 531 923 ι

387 962 533 1014 Ἀλλ’
558 963 720 1032 ἡμεῖς
754 959 940 1017 ἐκεῖνά
972 978 1055 1015 σοι
1087 961 1226 1032 πρὸς
1254 957 1423 1013 ταῦτα
1461 958 1637 1011 εἰπεῖν
1663 956 1882 1026 ἔχομεν,

306 1053 366 1119 δξ
393 1046 475 1107 ὧν
501 1053 572 1106 δι’
601 1053 719 1122 ἔριν
760 1047 902 1105 εἶναι
947 1053 1321 1123 γνωσθήσεται
1375 1050 1475 1122 τὴν
1515 1050 1613 1119 τῆς
1655 1048 1887 1116 Ἐκκλη-

308 1145 433 1207 σίας
472 1144 758 1197 διάστασιν
794 1145 908 1205 τοῖς
938 1145 1206 1215 νουνεχῶς
1238 1142 1640 1195 ἐπιϐάλλουσιν.
1678 1140 1738 1193 Ei
1777 1140 1885 1210 γὰρ

306 1234 397 1287 διὰ
451 1234 517 1286 τὸ
567 1235 775 1287 τέλειον
825 1235 926 1305 τῆς
982 1236 1047 1287 ὲκ
1104 1232 1198 1287 τοῦ
1245 1232 1460 1303 Πατρὸς
1501 1230 1886 1299 ὲκπορεύσεως

310 1330 581 1397 περιττὴν
614 1319 758 1378 εἶναι
789 1325 972 1392 λέγεις
999 1326 1099 1396 τὴν
1132 1329 1195 1379 ὲκ
1242 1323 1337 1378 τοῦ
1371 1323 1500 1376 Υίοῦ
1532 1322 1883 1392 ἰκπόρευσιν,

306 1415 363 1469 τί
388 1418 455 1468 σὺ
478 1416 796 1486 ἀπολογήσῃ
827 1418 940 1479 τοῖς
967 1416 1152 1486 ἐροῦσι
1176 1432 1280 1480 σοι,
1305 1416 1467 1484 εἴπερ
1500 1417 1532 1485 ἠ
1563 1416 1627 1466 ὲκ
1666 1412 1883 1483 Πατρὸς

311 1498 687 1577 χορηγῐα’τοῦ
723 1506 885 1573 ἁγίου
942 1502 1260 1577 Πνεύμιίὲος
1324 1503 1566 1574 ἐντελὴς,
1629 1501 1889 1573 περιττὴν

311 1596 422 1668 ἄρα
462 1598 499 1668 ὴ
530 1598 596 1650 ικ
628 1598 723 1650 τοῦ
766 1596 918 1652 Υἰοῦ.
958 1597 1082 1653 Ὅτι
1126 1598 1238 1668 γὰρ
1280 1598 1376 1651 καὶ
1412 1596 1592 1650 τελεία
1625 1597 1658 1666 ἡ
1690 1598 1753 1647 ὲκ
1781 1594 1892 1647 Πα-

314 1689 442 1761 τρδς
476 1690 719 1759 χορηγία
762 1689 858 1742 τοῦ
918 1689 1076 1758 ἁγίου
1124 1689 1460 1769 Πνεύματος,
1510 1688 1602 1741 καὶ⁵
1652 1689 1799 1757 ὅμως
1828 1685 1888 1738 οὐ

321 1781 545 1849 περιττὴ
599 1781 697 1834 καὶ
722 1783 757 1851 ἡ
795 1782 860 1833 ἐκ
891 1780 989 1833 τοῦ
1016 1780 1147 1834 Υίοῦ
1181 1781 1270 1833 διὰ
1298 1784 1397 1850 τὴν
1428 1778 1745 1849 τελειότητα
1796 1776 1890 1847 τὴν

324 1870 389 1922 ἐκ
417 1869 506 1923 τοῦ
529 1870 764 1941 Πατρὸς,
797 1871 1187 1941 ἁναμᾳίϐολον.
1212 1871 1283 1925 Σὺ
1314 1870 1390 1934 δὲ,
1427 1873 1475 1924 εί
1503 1869 1604 1940 μὲν
1634 1869 1732 1939 οὐχ
1761 1871 1891 1940 ὁμο-ι

318 1961 497 2029 λογεῐς
548 1965 651 2015 καὶ
689 1965 755 2016 ἐκ
790 1965 1008 2034 Harpe;
1044 1964 1259 2017 τελείαν
1296 1960 1439 2018 εἶναι
1479 1964 1578 2034 τὴν
1628 1962 1894 2035 χορηγίαν

313 2057 412 2111 τοῦ
465 2058 813 2127 Πνεῦματος,
852 2058 1075 2112 καὶτοῦ
1114 2059 1247 2112 Υίοῦ
1299 2058 1356 2113 δὲ
1400 2059 1624 2129 ὁμοίως,
1672 2059 1766 2110 καὶ
1819 2055 1895 2128 μὴ

316 2149 606 2219 περιττὴν,
639 2147 784 2202 οὕτω
807 2149 877 2203 τὰ
916 2150 1148 2221 περιττὰ
1190 2147 1293 2218 τῆς
1333 2147 1476 2201 κατὰ
1522 2147 1581 2199 σὲ
1634 2145 1896 2215 περιττῆς

314 2237 705 2309 ἑκπορεύσεως
753 2241 939 2295 λάλει·
979 2241 1028 2292 εί
1061 2240 1119 2293 δὲ
1161 2240 1256 2292 καὶ
1298 2239 1398 2310 τὴν
1439 2242 1503 2292 ὲκ
1554 2237 1648 2291 τοῦ
1684 2234 1896 2305 Πατρδς

312 2334 589 2403 χορηγίαν
633 2331 727 2385 τοῦ
763 2331 922 2399 ἁγίου
970 2332 1287 2401 Πνεύματος
1339 2329 1548 2381 τελείαν
1593 2327 1896 2397 ὁμολογεῖς,

315 2425 415 2476 καὶ
468 2426 536 2476 ἐκ
590 2423 687 2477 τοῦ
740 2423 873 2477 Υίοῦ
921 2423 979 2477 δὲ
1026 2423 1241 2476 τελείαν
1281 2421 1434 2492 δέχῃ.
1492 2421 1584 2474 καὶ
1638 2418 1898 2489 περιττὴν

316 2511 463 2568 εἶναι
489 2518 552 2569 οὐ
585 2516 788 2583 λέγεις,
814 2516 900 2569 ἵνα
927 2517 1001 2586 μὴ
1023 2515 1152 2579 τοὺς
1191 2513 1708 2584 Ἐκκλησιαστικοὶις
1733 2512 1903 2580 ὑπερ-

318 2607 466 2678 ϐήσῃ
514 2607 717 2678 ὄρους’
745 2608 979 2679 περιττά
1035 2624 1113 2660 σοι
1161 2606 1350 2659 λοιπὸν
1390 2604 1456 2656 τὰ
1502 2604 1598 2673 τῆς
1639 2602 1901 2673 περιττῆς

319 2699 731 2770 ἐκπορεύσεως.
774 2698 1002 2770 Ἕτερος
1031 2698 1142 2751 τῶν
1174 2696 1283 2750 σῶν
1321 2695 1468 2764 λέγει
1496 2692 1896 2767 συλλογισμῶνο

395 2980 512 3055 μα’.
545 2999 565 3034 ι
593 2981 657 3034 Et
683 2976 1050 3064 προϐάλλεται
1080 2974 1178 3046 μὲν
1229 2973 1322 3027 καὶ
1347 2973 1374 3025 ὁ
1405 2973 1554 3038 Υἱὸς,
1589 2973 1649 3027 τὸ
1683 2971 1906 3043 Πνεῦμα

325 3075 385 3165 δὲ
429 3076 531 3145 τῆς
583 3073 851 3146 προσυλῆς
904 3068 1298 3139 ἀπεστέρηται,
1358 3066 1790 3136 καταδεεστέρας
1842 3066 1909 3120 ἂν

1981 566 2629 636 tinu:tslcomminiscenti.
2649 566 2703 621 In
2726 568 2832 623 alio
2851 584 3041 624 rursus
3062 560 3374 645 syIIOgismo
3390 575 3545 632 inlis:

2049 658 2138 713 40.
2179 677 2198 711 (
2246 658 2302 712 Si
2328 675 2395 714 ex
2437 658 2598 714 Patre
2628 662 2906 728 processio
2938 661 3172 730 Spiritus
3208 668 3381 720 sancti
3428 683 3551 737 per-

1982 751 2134 806 fecta.
2175 761 2290 817 est,
2327 767 2729 821 supervacanea
2763 752 2927 822 igitur
2949 754 3055 808 erit
3085 770 3151 809 ex
3185 756 3345 811 Filio.
3387 778 3406 809 ι

2057 926 2162 993 Sed
2213 952 2312 991 nos
2364 936 2514 991 hisce
2566 940 2674 992 tuis
2727 937 2816 992 illa
2853 942 3180 1007 respondere
3218 959 3550 1013 possumus,

1985 1030 2185 1099 quibus
2241 1038 2459 1099 prepter
2524 1029 2921 1084 contentionem
2972 1033 3258 1087 dissidium
3303 1035 3556 1092 Ecclesia:

1988 1121 2360 1175 introductum
2387 1135 2530 1186 esse,
2555 1119 2899 1175 manifestum
2927 1123 3030 1175 erit
3061 1126 3146 1188 iis,
3177 1127 3268 1194 qui
3301 1138 3555 1183 accurate

1989 1227 2098 1265 rem
2132 1213 2482 1281 perpendent.
2525 1209 2772 1282 Namque
2810 1214 2853 1267 si
2891 1224 3110 1282 propter
3143 1231 3210 1272 ex
3239 1216 3397 1273 Patre
3427 1236 3557 1287 pro-

1988 1304 2253 1360 ccssionis
2311 1303 2643 1373 perfertum,
2707 1296 3193 1376 supervacaneum
3236 1324 3355 1364 esse
3399 1315 3554 1367 ducis

1988 1395 2393 1466 processiouem
2437 1382 2515 1451 ex.
2539 1395 2715 1466 Filio,
2765 1398 2894 1466 quid
2928 1401 3282 1469 respondebis
3321 1403 3556 1458 interro-

1990 1486 2269 1556 gantibus,
2303 1487 2348 1542 si
2391 1503 2456 1542 ex
2488 1486 2649 1543 Patre
2683 1488 2920 1558 Spiritus
2968 1492 3142 1547 sancti
3194 1497 3558 1563 suppeditatio

1990 1578 2228 1647 perfecta
2272 1588 2395 1644 est,
2448 1594 2852 1648 supervacanea
2902 1584 3070 1652 igitur
3119 1584 3224 1638 erit
3276 1601 3338 1639 ex
3394 1585 3559 1642 Filio.

1992 1668 2376 1725 Verumtamen
2422 1679 2474 1726 et
2522 1671 2815 1741 perfectam
2855 1687 2976 1728 esse
3016 1689 3081 1727 ex
3115 1674 3275 1731 Patre
3324 1677 3562 1747 Spiritus

1995 1763 2169 1815 sancti
2198 1762 2692 1831 suppeditatiouem
2715 1804 2730 1830 ,
2763 1773 2817 1817 et
2849 1764 3201 1820 nihilominus
3232 1785 3337 1822 non
3373 1786 3561 1839 super-

1994 1866 2280 1907 vacaneam
2325 1868 2390 1907 ex
2443 1853 2616 1921 Filio,
2668 1865 2887 1925 prepter
2918 1857 3343 1927 perfectionem,
3397 1880 3559 1932 quam

1993 1959 2059 1997 ex
2099 1944 2257 1999 Patre
2294 1945 2497 2011 habet,
2531 1947 2893 2003 indubitatum
2922 1960 3024 2004 est.
3058 1949 3136 2004 Tu
3171 1966 3334 2021 porro
3367 1954 3412 2009 si
3452 1968 3559 2009 non

1995 2035 2184 2092 fateris
2213 2045 2268 2093 et
2297 2038 2364 2092 ex
2394 2036 2554 2093 Patre
2575 2039 2872 2110 perfectam
2913 2058 3036 2097 esse
3074 2046 3559 2113 suppeditatiouem

1998 2129 2272 2200 Spiritus,
2312 2140 2366 2186 et
2406 2130 2528 2186 Filii
2568 2148 2700 2187 vero
2740 2134 2988 2188 similiter
3017 2145 3205 2191 etnon
3243 2152 3569 2208 supervaca-

1997 2236 2153 2275 neam
2176 2262 2191 2287 ,
2230 2232 2341 2277 tum
2377 2239 2781 2293 supervacanea
2813 2227 3116 2283 secundum
3159 2241 3210 2284 te
3243 2248 3570 2301 supe-rraca-
3598 2238 3605 2245 '

2000 2329 2115 2367 ncae
2169 2317 2536 2383 processionis
2605 2316 2790 2374 effare.
2870 2321 3025 2387 Quod
3090 2324 3137 2378 si
3183 2336 3236 2378 et
3290 2342 3353 2380 ex
3410 2331 3569 2381 t’atre

2003 2404 2238 2474 Spiritus
2277 2409 2448 2462 sancti
2493 2410 2983 2479 suppeditationem
3013 2413 3306 2482 perfectam
3342 2416 3524 2470 fateris
3551 2457 3566 2481 ,

2003 2502 2056 2550 et
2083 2511 2149 2551 ex
2190 2495 2329 2551 Filio
2368 2500 2532 2553 etiam
2573 2501 2867 2570 perfectam
2910 2505 3141 2573 recipis,
3169 2517 3223 2560 et
3250 2499 3572 2576 Supervaca-

2002 2602 2161 2642 neam
2192 2603 2313 2644 esse
2356 2605 2464 2644 non
2514 2593 2690 2657 dicis,
2744 2610 2812 2648 ne
2857 2595 3259 2653 ecclesiasticos
3311 2601 3572 2658 terminus

2003 2684 2302 2751 egrediaris
2329 2726 2343 2752 ,
2375 2699 2658 2742 remanent
2690 2689 2785 2742 tibi
2819 2705 3236 2759 supervacanea:
3266 2696 3574 2763 prcccssio-

2005 2772 2094 2828 nis
2137 2788 2557 2843 supervacanea:
2605 2779 2913 2847 argutiolze.
2966 2781 3121 2837 Alius
3146 2797 3213 2835 ex
3257 2783 3379 2851 tuis,
3412 2786 3576 2854 sylio!

2008 2865 2197 2934 gismis
2217 2880 2233 2921 :

2079 2955 2169 3011 4i.
2210 2975 2229 3008 ι
2264 2956 2320 3011 Si
2355 2959 2603 3029 producjt
2628 2961 2846 3031 quidem
2880 2975 2931 3017 ct
2962 2961 3152 3031 Filius,
3182 2965 3417 3037 Spiritus
3452 2987 3579 3026 vero

2012 3049 2370 3116 productione
2424 3053 2720 3116 viduatur,
2773 3056 3042 3112 tenuioris
3096 3068 3242 3113 esset
3304 3060 3580 3117 facultatis

326 3144 414 3238 εἰη
437 3141 598 3220 τοῦτο
627 3141 783 3230 παρὰ
805 3141 899 3216 τὸν
944 3161 1073 3215 Υἱὸν
1115 3160 1418 3229 δυνάμεως,
1454 3157 1482 3210 ὃ
1519 3158 1619 3229 τῆς
1662 3159 1906 3213 Μακεδο-

2014 3156 2176 3210 quam
2210 3141 2401 3211 Filius,
2436 3148 2580 3217 quod
2610 3145 2711 3202 fuit
2747 3148 3047 3206 Macedonii
3080 3154 3518 3214 deliramentum.
3554 3180 3575 3213 ι

324 3262 441 3314 νίου
469 3255 929 3328 παραφροσύνης.
973 3272 994 3305 ι

404 3352 631 3406 Ἑκεῖνά
667 3366 751 3411 σοι
787 3348 1009 3410 πάντως
1048 3347 1125 3410 είς
1168 3346 1485 3418 ἀνατροπὴν
1515 3346 1609 3399 καὶ
1632 3341 1727 3397 τοῦ
1774 3358 1912 3412 παρ-

323 3447 479 3506 όντος
559 3441 870 3512 ἀποχρήσει
933 3436 1316 3508 συλλογισμοῦ,
1367 3439 1512 3509 ἅπερ
1551 3440 1628 3500 εἰς
1672 3437 1772 3505 τὴν
1814 3433 1908 3487 τοῦ

324 3537 546 3609 πρώτου
590 3552 674 3588 σοι
702 3533 811 3587 τῶν
842 3530 1241 3599 συλλογισμῶν.
1297 3530 1452 3582 Ἐπεὶ
1480 3531 1588 3600 γὰρ
1631 3516 1912 3582 κὰνταῦθα

326 3632 508 3684 ἐκεῖνο
537 3628 802 3696 ἄντικρυς
837 3623 1041 3692 λέγεις,
1072 3621 1168 3688 ὡς,
1215 3622 1265 3675 εί
1305 3624 1368 3674 ἐκ
1416 3622 1627 3692 Πατρὸς
1661 3622 1755 3673 καὶ
1783 3620 1913 3674 Υίοῦ

327 3722 567 3790 ὑπάρχει
612 3717 675 3770 τὸ
735 3713 982 3783 Πνεῦμα,
1061 3715 1110 3765 εί
1160 3713 1239 3782 μὴ
1268 3712 1361 3765 καὶ
1408 3710 1466 3776 ἐξ
1499 3711 1666 3764 αὑτοῦ
1727 3710 1913 3781 ἕτερον

329 3809 557 3879 πνεῦμα
614 3805 904 3875 ὑπάρχει,
975 3801 1410 3872 καταδεεστέρας
1458 3802 1549 3871 κᾶν
1604 3799 1723 3871 εἴη’
1759 3801 1918 3854 τοῦτο

327 3899 495 3969 παρὰ
556 3893 651 3949 τὸν
714 3892 844 3946 Υἰὸν
913 3888 1197 3959 δυνάμεως
1227 3904 1244 3922 ·
1289 3888 1559 3974 ἱάκούσεις
1614 3891 1708 3941 καὶ
1756 3888 1917 3942 πάλιν

325 3989 400 4051 ὡς
448 3986 515 4041 οὒ
568 3984 692 4038 τότε
743 3983 908 4054 μόνον
963 3982 1025 4034 τὸ
1073 3981 1276 4034 ἄτοπον
1323 3980 1682 4051 ἀκολουθήσει
1735 3980 1916 4048 τοῦτο,

327 4083 412 4136 ὅτι
448 4078 823 4153 προϐάλλεται
856 4075 956 4147 μὲν
986 4074 1083 4128 καὶ
1115 4076 1144 4128 ὁ
1174 4074 1302 4138 Υἱὸς
1336 4074 1397 4127 τὸ
1436 4072 1680 4142 Πνεῦμα,
1710 4074 1843 4127 αὐτὸ
1863 4073 1920 4126 δὲ

326 4174 427 4244 τῆς
462 4169 742 4242 προϐολῆς
768 4167 1164 4238 ἀπεστέρηται,
1196 4166 1332 4220 ἀλλὰ
1356 4165 1451 4218 καὶ
1482 4167 1565 4220 ὅτι
1591 4165 1691 4236 μὲν
1727 4168 1754 4220 ὁ
1791 4166 1921 4228 Υἱὸς

329 4268 637 4336 ἐκπέμπει,
690 4262 789 4316 καὶ
840 4263 1058 4331 προχεῖ,
1109 4260 1202 4313 καὶ
1249 4259 1524 4328 ἐκλάμπει
1566 4258 1628 4311 τὸ
1670 4257 1918 4329 Πνεῦμα,

329 4359 464 4412 αὐτὸ
493 4357 553 4410 δὲ
592 4354 709 4408 οὗθ’
756 4351 924 4407 ἑαυτὸ
968 4351 1084 4405 οὐθ’
1121 4351 1310 4423 ἕτερον
1354 4349 1579 4419 Πνεῦμα
1619 4350 1919 4420 ἐκπέμπει,

2081 3327 2175 3382 Illa
2219 3327 2313 3383 tibi
2351 3328 2418 3383 ad
2456 3329 2806 3385 refellendum
2850 3332 2993 3387 hunc
3042 3334 3418 3406 syllogismum
3448 3341 3583 3394 satis

2014 3436 2290 3492 superque
2351 3421 2589 3487 fuerint,
2634 3438 2755 3493 qua:
2804 3427 2869 3479 ad
2910 3427 3144 3497 primum
3199 3439 3351 3486 tuum
3416 3432 3581 3486 refel-

2012 3513 2229 3567 lendum
2276 3513 2626 3568 adduximus.
2686 3515 2820 3584 Cum
2857 3532 2983 3572 vero
3011 3520 3174 3573 etiam
3217 3522 3319 3577 hoc
3366 3521 3419 3576 in
3464 3523 3585 3578 loco

2017 3614 2202 3674 aperte
2221 3605 2386 3659 nimis
2421 3605 2666 3662 insinuas
2693 3649 2708 3677 ,
2749 3610 2793 3665 si
2821 3625 2885 3664 ex
2916 3609 3077 3667 Patre
3105 3622 3157 3667 et
3181 3611 3321 3668 Filio
3349 3625 3430 3670 est
3466 3617 3586 3684 Spi-

2017 3700 2158 3752 ritus
2204 3705 2470 3764 sauctus,
2513 3699 2557 3753 si
2600 3715 2665 3754 ex
2716 3701 2906 3755 eodem
2943 3704 3105 3757 etiam
3162 3706 3302 3760 alius
3351 3706 3589 3776 Spiritus

2018 3804 2125 3843 non
2159 3802 2280 3853 est,
2318 3790 2580 3845 tenuioris
2616 3791 2763 3845 illum
2813 3793 3059 3848 futurum
3107 3794 3382 3853 facultatis
3407 3839 3421 3865 ,
3460 3802 3586 3854 audi

2018 3896 2238 3951 quoque
2270 3880 2492 3936 iterum.
2554 3881 2670 3937 Hoc
2718 3883 3018 3939 absurdum
3063 3902 3168 3941 non
3221 3890 3467 3958 sequitur
3501 3906 3592 3946 so-

2021 3975 2156 4039 lum,
2186 3992 2309 4030 cum
2344 3976 2594 4046 producit
2629 3978 2915 4047 Spiritum,
2954 3978 3158 4045 Filius,
3197 3981 3430 4044 Spiritus
3462 4000 3591 4040 vero
3694 4036 3699 4039 .
3808 4026 3821 4041 .

2021 4067 2381 4138 productione
2418 4069 2701 4138 privatur,
2735 4069 2831 4124 sed
2869 4079 2981 4124 tum
3009 4073 3209 4141 etiam,
3255 4090 3379 4130 cum
3419 4074 3593 4133 Filius

2022 4161 2211 4224 mittit,
2269 4157 2537 4227 effundit,
2568 4168 2623 4214 et
2669 4159 2936 4215 eluminat
2989 4159 3292 4232 Spiritum:
3350 4164 3593 4232 Spiritus

2021 4268 2150 4308 vero
2178 4267 2355 4321 neque
2377 4268 2438 4307 se
2462 4253 2641 4324 ipsum
2674 4267 2854 4324 neque
2882 4253 3048 4308 alium
3073 4253 3337 4324 Spiritum
3369 4258 3592 4325 emittit,

2025 4361 2200 4416 neque
2233 4345 2495 4412 effundit,
2537 4359 2716 4414 neque
2760 4345 3044 4400 eluminat.
3082 4344 3207 4402 Haec
3235 4349 3378 4403 enim
3409 4350 3592 4403 omnia

327 4448 453 4503 οὔτε
507 4447 728 4517 προχεῖ,
770 4441 899 4496 οὔτε
941 4441 1238 4512 ἐκλάμπει.
1281 4438 1465 4493 Ταῦτα
1494 4439 1604 4510 γὰρ
1655 4440 1832 4495 πάντα
1862 4439 1906 4504 ἐξ

2025 4454 2091 4493 ex
2123 4437 2260 4493 Filio
2308 4437 2597 4507 possidens
2644 4436 2919 4508 Spiritus,
2969 4448 3230 4508 tanquam
3285 4440 3381 4510 qui
3410 4455 3472 4494 ea
3523 4457 3591 4495 cx

331 4538 470 4593 Υἰοῦ
497 4507 724 4608 lx-ovnsb
767 4532 1017 4604 Πνεῦμα,
1065 4507 1143 4594 ὧς
1174 4533 1239 4584 ὲκ
1272 4507 1598 4602 "0195;75?
1633 4530 1763 4585 Υίοῦ
1796 4531 1906 4603 ἔχοι

2022 4531 2162 4586 Filio
2190 4531 2372 4599 habet,
2412 4538 2473 4585 ut
2493 4507 2804 4593 nostrarum
2838 4507 3242 4601 Scripturarum
3273 4507 3596 4588 auctoritate

332 4630 497 4696 αὐτὰ,
537 4626 683 4682 κατὰ
708 4624 901 4694 κοινὴν
928 4622 1038 4676 τῶν
1081 4621 1215 4691 παρ’
1246 4622 1379 4693 ἡμῖν
1416 4621 1648 4691 γραφῶν
1706 4621 1918 4674 ἔννοιαν

335 4721 689 4793 ὡμολόγηται
729 4714 1001 4789 μηδεμίαν
1020 4713 1229 4769 ἔνδειαν
1245 4714 1342 4783 τῆς
1369 4713 1460 4768 τοῦ
1482 4711 1610 4766 Υξοῦ
1635 4713 1921 4784 δυνάμεως

337 4816 608 4885 πάσχειν⁸
664 4811 750 4865 ὅτι
782 4809 860 4879 μὴ
894 4808 990 4862 καὶ
1022 4807 1155 4862 αὐτὸ
1185 4806 1244 4872 ἐξ
1293 4803 1512 4872 ἑαυτοῦ,
1558 4806 1592 4877 ἢ
1633 4806 1820 4878 ἕτερον
1861 4804 1921 4872 ὲξ

339 4906 507 4962 αὐτοῦ
560 4906 681 4959 ἐστι
729 4901 959 4973 Πνεῦμα
995 4900 1438 4971 ἐκπεμπόμενον,
1478 4900 1573 4954 καὶ
1615 4900 1917 4971 ἐκλάμπον,

340 4978 431 5054 καὶ
454 4994 851 5070 προχεόμενον.
900 4992 1016 5046 Οὐκ
1048 4989 1158 5062 ἄρα
1186 4989 1295 5044 οὐδ’
1346 4991 1432 5043 ὅτι
1481 4991 1548 5043 ἐκ
1594 4990 1807 5063 Πατρὸς
1853 4986 1925 5043 δι”

340 5095 467 5150 Υιοῦ
502 5091 901 5165 προϐέϐληται,
931 5085 1063 5141 αὐτὸ
1092 5086 1147 5140 δὲ
1169 5088 1270 5158 τῆς
1303 5084 1577 5156 προϐολῆς
1611 5085 1922 5156 ἀπεστέρη.

339 5208 449 5258 ται,
487 5184 929 5255 καταδεεστέρας
960 5182 1115 5254 παρὰ
1145 5181 1236 5235 τὸν
1267 5181 1389 5234 Υἱὺν
1420 5180 1701 5250 δυνάμεως
1748 5178 1918 5233 ἔσται.

342 5282 653 5356 Προστίθης
681 5280 795 5342 τοῖς
823 5276 1012 5339 ἄλλοις
1048 5275 1144 5329 καὶ⁵
1174 5272 1355 5327 τοῦτο’

411 5373 521 5446 μβν,
558 5388 580 5422 ι
607 5369 674 5422 Et
704 5364 806 5438 μ’ὲν
826 5356 928 5436 τῇ
971 5363 1149 5434 αὐτὴν
1186 5361 1460 5433 προὸολὴν
1483 5359 1595 5432 ἔχει
1626 5358 1720 5414 τοῦ
1752 5359 1923 5413 Πνεύ-

344 5482 515 5538 ματος
548 5465 577 5516 ὁ
609 5460 741 5522 Υἱὸς
763 5458 839 5529 τῷ
874 5455 1076 5528 Πατρὶ,
1105 5458 1261 5526 κοινὴ
1291 5452 1558 5525 τοῦτοιςή
1591 5453 1691 5524 τῆς
1724 5453 1927 5525 προσο-

338 5556 432 5629 λῆς
466 5559 691 5628 ἰδιότης.
720 5554 835 5606 Καὶ
860 5554 978 5614 πῶς
999 5550 1154 5604 ἔσται
1183 5549 1244 5602 τὸ
1268 5549 1448 5603 κοινὸν
1479 5548 1676 5616 ἰδιότης
1713 5563 1728 5613 ;
1765 5547 1830 5602 Et
1867 5547 1924 5601 δὲ

337 5651 433 5722 τὴν
465 5642 880 5711 ὲναντίαν,πῶς
907 5641 967 5696 οὐ
1005 5642 1217 5711 φθείρει
1246 5640 1454 5709 ταύτην
1481 5639 1666 5710 ἐκείνη
1696 5655 1715 5706 ;
1745 5639 1925 5709 Φθαρ-

338 5750 463 5799 ἰικα
496 5743 610 5814 γὰρ
638 5738 892 5810 ἀλλήλων
912 5735 981 5788 τὰ
1003 5735 1243 5788 ἐναντία.
1276 5734 1340 5785 Ei
1363 5732 1420 5785 δὲ
1451 5732 1724 5802 ὲτεροίαν,
1758 5732 1926 5802 μέρος

345 5838 440 5910 μιν
472 5836 568 5890 τοῦ
621 5833 950 5903 Πνεύματος
994 5825 1162 5925 οέτω,
1208 5822 1923 5925 μέρος-ἡξξφτρόῃποντςλλον

1380 5904 1527 5916 βων-ο..

2023 4624 2378 4677 confirmatur
2403 4661 2419 4690 ,
2466 4621 2597 4676 nulli
2635 4622 2944 4690 indigentiae
2969 4660 2984 4687 ,
3026 4638 3149 4694 qua:
3189 4623 3447 4679 facultate
3469 4622 3593 4678 Fihi

2024 4713 2252 4771 inferior
2277 4715 2370 4780 sit,
2394 4713 2704 4784 subjicitur,
2727 4715 2873 4785 quod
2899 4730 3077 4786 neque
3106 4717 3222 4787 ipse
3247 4732 3316 4773 ex
3356 4732 3417 4773 se
3449 4718 3593 4790 ipso,

2021 4826 2203 4882 neque
2228 4810 2368 4866 alius
2397 4825 2463 4865 ex
2495 4825 2563 4865 eo
2597 4809 2834 4881 Spiritus
2871 4818 2958 4866 est
3000 4810 3228 4878 missus,
3266 4821 3322 4867 et
3346 4813 3593 4877 elucens,

2021 4913 2076 4960 et
2106 4903 2334 4960 effusus.
2387 4902 2507 4960 Non
2556 4902 2721 4974 igitur
2772 4916 2948 4973 neque
2994 4917 3118 4957 cum
3170 4919 3237 4957 ex
3291 4902 3449 4958 Patre
3497 4918 3596 4973 per

2023 4995 2222 5052 Filium
2257 4996 2598 5067 producitur,
2630 4995 2748 5066 ipse
2782 5010 2911 5050 vero
2939 4994 3299 5065 productione
3325 4994 3593 5065 privatur,

2023 5089 2290 5147 tenuioris
2339 5104 2503 5160 quam
2542 5087 2716 5144 Filius
2774 5088 3049 5145 facultatis
3084 5090 3208 5145 erit.
3256 5090 3597 5143 Anuectebas

2024 5191 2079 5237 et
2107 5180 2335 5252 reliquis
2369 5181 2487 5236 haec
2515 5195 2532 5235 :

2095 5357 2188 5413 4‘2.
2225 5375 2245 5411 ι
2292 5355 2348 5411 Si
2381 5354 2626 5412 eamdem
2680 5351 2919 5425 Spiritus
2963 5354 3376 5425 productionem
3435 5353 3597 5407 habet

2026 5449 2199 5506 Filius
2230 5461 2394 5521 atque
2430 5447 2622 5515 Pater,
2672 5447 2985 5503 communis
3008 5446 3215 5501 horum
3259 5446 3427 5498 fuerit
3469 5460 3598 5516 pro-

2026 5545 2301 5603 ductionis
2341 5543 2683 5614 proprietas;
2723 5553 2779 5596 et
2828 5539 3104 5610 quomodo
3150 5550 3440 5592 commune
3495 5538 3600 5590 erit

2026 5636 2382 5710 preprietas?
2449 5634 2504 5690 Si
2544 5650 2671 5689 tero
2737 5633 3067 5704 oppositam,
3115 5628 3392 5698 quomodo
3455 5631 3599 5683 haue

2026 5735 2118 5790 illa
2149 5749 2254 5788 nou
2291 5731 2522 5790 destruit
2549 5730 2572 5783 ἲ
2604 5729 2888 5783 Contraria
2920 5726 3061 5781 enim
3111 5740 3275 5778 unum
3311 5724 3453 5777 aliud
3477 5738 3601 5776 cor-

2039 5825 2292 5896 rumpsit.
2315 5822 2375 5881 Si
2399 5834 2633 5893 partem,
2664 5835 2788 5891 pars
2829 5836 2933 5876 uua
2965 5818 3199 5888 Spitiius
3231 5819 3328 5873 hac
3365 5818 3601 5879 ratione,

2112 5990 2141 6005 κ
