4058 6462
452 363 553 430 103

1466 362 1672 422 JOAN.
1722 362 1937 422 VECCl
1979 362 2090 421 (ΣΡ.
2132 360 2650 420 ΡΑΤΠΙΑΒΟΗᾹΞ

3605 362 3708 427 1M

450 495 576 551 pars
606 475 768 532 modo
798 476 905 530 alio
937 474 1195 545 procedet
1221 516 1236 541 ,
1273 483 1325 528 et
1355 488 1419 528 ex
1470 472 1832 543 iurequalibus
1864 472 2033 541 parti-

2146 470 2629 541 ἐκπορευθήσεται,
2675 471 2766 524 καὶ
2796 468 2858 534 ἐξ
2901 468 3101 525 ἀνίσων
3137 470 3320 542 μερῶν
3359 472 3514 527 ἔσται
3554 473 3711 529 τοῦτο

452 572 554 624 bus
597 568 700 623 crit
730 566 1092 636 compositus.
1136 586 1154 617 ι

524 657 631 714 Sed
667 661 782 729 qui,
812 659 884 711 mi
908 661 1091 720 bomo,
1119 672 1225 711 nou
1258 657 1520 727 vertigine
1545 656 1836 716 laborabit,
1869 658 2027 710 dum-

453 749 616 803 modo
648 748 787 802 hanc
822 758 1040 801 tuorum
1079 758 1531 817 argumentorum
1572 745 2025 815 compositionem

452 842 690 896 refutare
735 840 788 891 in
817 839 1001 892 animo
1038 840 1235 892 habeat
1262 838 1285 891 ’ἶ
1317 836 1561 908 Namque
1593 838 1768 893 dicis:
1796 836 1851 892 Si
1882 852 2029 891 com-

452 932 633 988 munis
664 939 747 986 est
793 929 967 983 Patris
995 939 1046 983 et
1091 929 1212 983 Filii
1257 931 1636 999 productionis
1687 930 2023 999 pl’Opt'iclaS,

452 1025 725 1091 quomodo
749 1021 852 1075 erit
881 1035 1176 1074 commune
1222 1021 1527 1089 proprietas
1557 1020 1580 1072 ?
1641 1031 1695 1074 et
1722 1020 1823 1073 hoc
1852 1019 2028 1073 visum

449 1124 535 1168 est
578 1112 811 1166 fortasse
858 1110 954 1163 tibi
1001 1110 1239 1163 validum
1277 1118 1331 1163 et
1382 1110 1671 1164 invictum.
1704 1109 1816 1177 Ego
1864 1122 2029 1177 porro

450 1207 606 1263 dico:
647 1203 716 1258 Et
763 1218 1000 1274 quatiam
1052 1202 1263 1256 ratione
1308 1202 1545 1255 maxime
1586 1201 1886 1256 absurdum
1932 1201 2029 1254 tibi

451 1298 705 1358 videtur,
750 1309 873 1349 esse
939 1294 1158 1362 aliquod
1206 1307 1498 1347 commune
1556 1291 1703 1346 Patri
1756 1300 1805 1346 ct
1866 1291 2027 1356 Filio,

451 1387 755 1459 proprie‘in
789 1384 920 1455 ipsis
958 1385 1093 1439 solis
1144 1384 1553 1438 consideratum
1603 1384 1748 1453 quod
1793 1399 1902 1436 non
1959 1382 2032 1437 sit

451 1495 743 1536 commune
776 1477 1052 1547 Spiritui?
1097 1477 1194 1532 Est
1222 1476 1424 1531 etenim
1465 1490 1755 1529 commune
1801 1473 1946 1528 Patri
1977 1484 2032 1530 et

452 1571 614 1635 Filio,
661 1571 804 1638 quod
843 1569 1070 1639 Spiritui
1121 1583 1413 1622 commune
1469 1583 1576 1622 non
1613 1576 1735 1633 est,
1780 1578 1834 1621 et
1882 1566 2028 1635 quod

455 1679 563 1716 non
601 1664 783 1723 unius,
813 1661 906 1715 sed
948 1661 1176 1714 dttarum
1211 1672 1564 1727 personarum
1591 1658 1696 1713 hoc
1729 1667 1841 1722 est,
1882 1672 2031 1711 com-

454 1768 619 1807 mune
636 1751 834 1806 dicitur
863 1758 910 1804 el
946 1758 1066 1804 est:
1106 1747 1251 1817 quod
1278 1761 1406 1802 vero
1439 1747 1657 1817 proprie
1686 1746 1741 1801 in
1777 1745 1882 1800 illis
1899 1759 2030 1799 con-

2140 563 2516 632 συγκείμενον.
2557 583 2575 614 ι

2221 652 2377 719 Ἀλλ’,
2407 653 2452 705 ὣ
2474 655 2556 716 τίς
2573 655 2673 707 οὐκ
2706 654 2997 723 ἱλιγγιάσει
3027 654 3355 724 ἀνατρέπειν
3390 654 3709 725 βουλόμενος

2135 741 2394 797 τοιούτων
2414 745 2866 813 ἐπιχειρημάτων
2908 744 3183 815 συνθήκην
3218 762 3233 811 ;
3267 743 3445 814 Ἐφης
3480 746 3608 815 γὰρ,
3649 746 3711 799 Εἰ

2138 836 2293 905 κοινή
2325 837 2442 889 ἐστι
2478 837 2654 906 lla.sz
2685 838 2780 891 καὶ
2815 836 2931 907 Υἰῷ
2971 840 3003 909 ἡ
3035 840 3133 908 τῆς
3166 837 3440 906 προὸολῆς
3490 838 3710 908 ἰδιότης,

2143 926 2261 989 πῶς
2297 925 2451 979 ἔσται
2478 927 2536 979 τὸ
2576 926 2754 980 κοινδι
2787 928 2984 999 ἰδιότης
3009 946 3025 996 ;
3062 929 3153 984 καὶ
3180 928 3324 994 ἔδοξέ
3352 946 3434 983 σοι
3455 930 3533 993 ὡς
3559 933 3712 1000 ἰσχυ-

2141 1019 2233 1086 ρόν
2266 1036 2319 1072 τι
2369 1019 2530 1072 τοῦτο
2566 1022 2711 1091 τάχα
2756 1021 2848 1074 καὶ
2898 1020 3114 1092 ἄμαχον
3155 1018 3318 1078 εἶναι.
3362 1024 3508 1093 Ἐγὼ
3536 1025 3592 1078 δέ
3630 1043 3714 1081 σοι

2136 1109 2304 1178 λέγω,
2340 1109 2455 1174 πῶς
2487 1110 2596 1163 τῶν
2625 1112 2744 1166 λίαν
2777 1129 2859 1165 σοι
2898 1114 3117 1167 ἀτόπων
3146 1114 3297 1167 δοκεῖ
3345 1113 3486 1169 εἰναι
3514 1134 3565 1171 τι
3601 1133 3716 1172 κοι-

2139 1198 2227 1251 νὸν
2267 1199 2444 1269 Πατρὶ
2478 1201 2572 1253 καὶ
2608 1200 2747 1271 Υἰῷ,
2788 1201 2931 1264 ἰδίως
2971 1203 3155 1267 αὐτοῖς
3205 1206 3390 1273 μόνοις
3419 1205 3718 1277 ὲνῦεωρού-

2141 1308 2328 1358 μενον,
2360 1296 2456 1346 καὶ
2487 1292 2563 1363 μὴ
2593 1288 2734 1347 εἶναι
2776 1295 2910 1347 αὐτὸ
2936 1296 3118 1349 κοινὸν
3145 1299 3241 1350 καὶ
3269 1297 3348 1367 τῷ
3383 1298 3668 1367 Πνεύματι
3696 1316 3713 1364 ;

2142 1382 2300 1436 Ἐστι
2356 1384 2465 1456 γὰρ
2520 1385 2699 1441 κοινὸν
2757 1386 2934 1458 lla.th
2988 1389 3083 1442 καὶ
3129 1389 3269 1459 riga,
3321 1390 3350 1441 δ
3390 1390 3466 1459 μὴ
3513 1396 3607 1444 καὶ
3635 1392 3718 1460 τῷ

2140 1470 2420 1539 Πνεῦματί
2453 1473 2572 1527 ἐστι
2627 1476 2804 1528 κοινόν
2830 1492 2844 1505 ·
2881 1478 2975 1530 καὶ
3002 1476 3086 1530 ὃτι
3116 1477 3216 1548 μὲν
3244 1479 3368 1549 οὐχὶ
3405 1480 3544 1543 ἑνὸς,
3576 1480 3717 1534 ἀλλά

2137 1559 2231 1613 δύο
2262 1562 2569 1631 προσώπων
2598 1563 2659 1615 τὸ
2683 1563 2926 1619 τοιοῦτόν
2957 1566 3097 1630 ἐστι,
3129 1568 3310 1620 κοινὸν
3340 1569 3433 1623 καί
3459 1569 3580 1622 ἐστι
3617 1570 3718 1624 καὶ

2138 1650 2358 1720 λέγεται
2380 1667 2395 1682 ⁸
2431 1654 2511 1706 ὃτι
2544 1654 2601 1707 δὲ
2635 1655 2779 1719 ἰδίως
2815 1656 3000 1722 αὐτοῖς
3036 1658 3388 1731 ὲνθεωρείται
3415 1660 3602 1722 τοῦτο.
3637 1662 3717 1731 μὴ

2138 1746 2522 1808 κοινωνοῦντας
2556 1746 2769 1811 τούτοις
2794 1750 2887 1802 τοῦ
2907 1749 3246 1820 Πνεύμασος,
3275 1753 3491 1820 λέγεται
3512 1754 3718 1825 ἰδιότης

455 1845 748 1905 sideratur,
775 1851 829 1896 et
848 1840 1286 1911 illius-particeps
1309 1837 1545 1909 Spiritus
1567 1853 1674 1893 non
1700 1848 1806 1899 est.
1832 1836 2032 1892 dicitur

2146 1834 2317 1888 ιύτῶν
2348 1837 2506 1907 πρδςι
2525 1839 2623 1909 τὴν
2652 1837 2747 1892 τοῦ
2796 1839 3113 1911 Πνεύματος
3160 1843 3377 1906 πάντως
3405 1844 3716 1914 διαστολὴν.

454 1952 642 1991 eorum
664 1936 988 2006 proprietas,
1006 1935 1220 2002 nempe,
1250 1939 1309 1986 ut
1326 1947 1389 1986 eo
1405 1930 1772 1999 distinguatur
1805 1927 2040 1998 Spiritus

2146 1922 2338 1975 Κοινίιν
2392 1926 2504 1995 γὰρ
2564 1925 2916 1997 ὲνθεωρεῖται
2968 1931 3152 1994 αὐτοῖς
3200 1932 3262 1984 τὸ
3322 1932 3469 2004 ἔχειν
3512 1934 3720 1999 αὐτοὺς

455 2029 667 2083 abillis.
684 2027 987 2081 Commune
1006 2025 1152 2078 cnim
1172 2023 1227 2078 in
1245 2023 1376 2093 ipsis
1412 2022 1821 2086 consideratur,
1841 2023 2041 2076 habere

2146 2013 2370 2085 Πνεῦμα
2410 2015 2471 2070 ἓν
2517 2016 2843 2086 ἀδιαίρετον,
2875 2019 2966 2074 διὰ
2992 2022 3052 2074 τὸ
3089 2020 3319 2092 Πνεῦμα
3363 2025 3576 2096 Πατρδς
3620 2026 3720 2083 καὶ

456 2135 552 2174 eos
570 2120 829 2187 Spiritum
862 2132 1030 2172 unum
1062 2115 1376 2179 indivisum,
1412 2118 1555 2184 quod
1591 2112 1828 2183 Spiritus
1861 2112 2040 2168 Patris

2146 2107 2274 2162 Υἰοῦ
2314 2106 2569 2177 λέγεσθαι
2618 2110 2866 2183 Πνεῦμα.
2920 2114 3063 2168 Ἀλλ’
3115 2115 3237 2169 ἐπεὶ
3285 2114 3387 2170 οὐκ
3444 2117 3561 2172 ἐστι
3618 2122 3720 2173 καὶ

444 2222 509 2281 ,ει
538 2209 661 2265 Filii
690 2208 929 2277 Spiritus
960 2207 1180 2263 dicitur.
1213 2206 1318 2261 Sed
1353 2207 1574 2277 quando
1612 2221 1716 2259 non
1748 2213 1908 2261 estet
1942 2207 2043 2258 liu-

2146 2200 2467 2269 Πνεύματος
2498 2202 2744 2273 Πνεῦμα,
2783 2205 2872 2259 διὰ
2897 2205 3055 2261 τοῦτο
3080 2205 3226 2276 ἔχειν
3257 2207 3348 2261 τὸν
3380 2209 3601 2279 Πατέρα
3622 2211 3722 2263 καὶ

453 2304 546 2372 jus
570 2302 808 2372 Spiritus
826 2299 1081 2369 Spiritus.
1107 2310 1412 2370 propterea,
1440 2300 1583 2368 quod
1609 2296 1770 2352 Pater
1792 2305 1846 2351 et
1869 2296 2038 2351 Filius

461 2397 663 2449 habent
692 2408 859 2446 unum
890 2391 1152 2461 Spiritum
1185 2389 1820 2459 indivisum,proprietas
1844 2402 2035 2444 eorum

455 2498 559 2553 est,
585 2487 705 2541 etin
726 2487 825 2540 hoc
847 2486 1161 2539 communio
1177 2482 1357 2539 Patris
1381 2492 1435 2538 et
1457 2482 1577 2537 Filii
1597 2482 1663 2554 ab
1687 2493 1893 2536 :eterno
1909 2481 2041 2535 dua-

457 2582 559 2634 bus
597 2578 730 2633 solis
756 2577 1007 2648 personis
1036 2576 1222 2642 insita,
1256 2574 1829 2631 solvitdubitationcm
1865 2582 2037 2634 tuam,

458 2673 708 2738 Quonam
745 2679 901 2738 pacto
948 2682 1240 2723 commune
1284 2667 1387 2723 erit
1433 2658 1770 2737 proprietas?
1824 2666 2039 2720 Rursus

458 2767 600 2818 inest
636 2776 928 2817 commune
960 2758 1100 2815 Filio
1138 2768 1192 2814 et
1240 2759 1492 2827 Spiritui,
1537 2774 1632 2813 eos
1672 2773 1780 2813 non
1830 2757 2039 2827 absque

456 2864 578 2909 ortu
623 2868 768 2918 esse,
800 2863 856 2906 et
895 2852 1175 2921 proprium
1232 2865 1424 2905 corum
1478 2850 1721 2911 dicitur,
1765 2864 1834 2902 cx
1869 2863 2034 2903 causa

457 2944 677 2999 eosdem
699 2958 843 3005 esse,
872 2942 1017 3012 quod
1046 2942 1099 2996 in
1126 2941 1286 2995 Patre
1307 2940 1593 2995 admittere
1616 2950 1808 2995 natura
1835 2939 2039 2994 abhor-

459 3042 563 3087 ret.
600 3031 757 3099 Quod
786 3033 829 3087 si
869 3042 920 3083 et
949 3039 1137 3085 testem
1172 3030 1383 3100 poscis,
1414 3030 1507 3099 qni
1549 3029 1872 3097 comprobet
1904 3028 2032 3092 t‘ibi,

2139 2291 2233 2346 τὸν
2254 2293 2381 2346 Υἱδν
2413 2293 2471 2346 ἓν
2504 2294 2730 2365 Πνεῦμα
2755 2296 3068 2367 ἀδιαίρετον
3098 2297 3299 2368 ἰδιότης
3332 2300 3480 2355 ἐστὶν
3508 2294 3718 2364 αὐτῶν,

2142 2384 2240 2437 καὶ
2273 2386 2306 2455 ἡ
2337 2387 2394 2439 ὲν
2422 2387 2600 2457 τούτῳ
2650 2389 2909 2442 κοινωνία
2959 2390 3174 2459 Πατρδς
3214 2392 3309 2444 καὶ
3350 2391 3478 2445 Υἱοῦ
3524 2392 3720 2457 ἀῖδίως

2141 2479 2253 2541 τοῖς
2280 2478 2402 2531 δυσὶ
2438 2480 2623 2549 μόνοις
2658 2480 3072 2552 ἐνθεωρουμένη
3102 2481 3439 2553 προσώποις,
3486 2483 3604 2538 λύει
3633 2501 3722 2537 σοι

2139 2568 2201 2619 τὸ
2244 2568 2449 2639 ἄπορον
2483 2567 2720 2636 λέγοντι,
2765 2569 2891 2633 Πῶς
2926 2570 3081 2624 ἔσται
3127 2571 3189 2625 τὸ
3229 2572 3408 2626 κοινὸν
3464 2573 3664 2642 ἰδιότης
3699 2593 3716 2641 ;

2142 2657 2313 2711 Πάλιν
2376 2658 2641 2735 πρόσεστι
2697 2659 2876 2713 κοινὸν
2924 2661 3038 2732 Υἰῷ
3092 2663 3188 2716 καὶ
3224 2661 3506 2733 Πνεύματι
3541 2664 3603 2717 τὸ
3640 2664 3719 2735 μὴ

2139 2734 2459 2819 ἀγεννήτως
2507 2744 2671 2816 εἶναι,
2730 2753 2826 2805 καὶ
2863 2752 2995 2805 ἴδιον
3043 2753 3222 2807 αὐτῶν
3279 2754 3497 2821 λέγεται
3544 2751 3604 2808 τὸ
3660 2734 3720 2820 ἐξ

2141 2841 2323 2904 αἰτίας
2372 2843 2515 2896 αὐτὰ
2565 2837 2707 2897 εῖναι
2755 2848 2893 2914 ὅπερ
2936 2845 3013 2916 τῷ
3052 2847 3230 2917 Πατρὶ
3272 2847 3721 2918 ἐπιθεωρηοῆναι

2143 2934 2307 3003 φύσιν
2340 2936 2442 2989 οὐκ
2474 2936 2609 3005 ἔχει.
2638 2938 2698 2989 Εἰ
2725 2937 2782 2990 δὲ
2811 2939 2906 2991 καὶ
2934 2940 3188 3011 μάρτυρα
3218 2941 3395 3004 θέλεις
3422 2945 3719 3010 συστήσον-

2141 3029 2210 3080 τά
2248 3044 2351 3090 σοι,
2393 3027 2508 3090 πῶς
2543 3030 2636 3081 καὶ
2664 3030 2842 3082 κοινὸν
2875 3031 2988 3101 Υἰῷ
3032 3033 3130 3084 καὶ
3175 3032 3454 3102 Πνεύματι
3501 3033 3724 3102 λέγεται

458 3123 733 3193 quomodo
763 3136 1053 3177 commune
1081 3120 1219 3176 Filio
1243 3128 1297 3175 et
1326 3118 1551 3190 Spiritui
1574 3119 1796 3183 dicitur,
1826 3118 2037 3173 duabus

2146 3118 2252 3180 τοῖς
2286 3118 2405 3170 δυσί⁵
2439 3118 2620 3187 μόνοις
2652 3118 2964 3188 προσώποις
2996 3121 3057 3174 τὸ
3086 3121 3163 3194 μὴ
3196 3123 3510 3195 ἀγεννήτως
3557 3120 3722 3189 εἶναι,

460 3217 593 3271 solis
621 3215 1019 3284 personisnon
1056 3213 1262 3283 absque
1316 3220 1440 3267 ortu
1485 3226 1641 3277 esse,
1681 3219 1733 3266 et
1763 3211 2040 3281 quomodo

2152 3209 2269 3269 πῶς
2302 3209 2397 3263 καὶ
2454 3210 2653 3281 ἰδιότης
2683 3212 2789 3265 τῶν
2822 3212 2916 3265 δύο
2961 3214 3168 3268 τούτων
3216 3215 3379 3286 μόνον
3414 3217 3726 3287 προσώ-πων

459 3307 763 3378 proprietas
797 3308 988 3360 barum
1029 3306 1259 3359 duarum
1293 3317 1650 3373 personarum
1694 3302 2040 3357 solummodo

460 3400 694 3462 dicatur,
727 3413 790 3453 ex
822 3412 987 3453 causa
1034 3396 1253 3450 easdem
1287 3410 1408 3449 esse
1433 3434 1447 3460 ,
1480 3393 1549 3449 ad
1588 3393 1910 3449 solvendum
1940 3395 2041 3447 du-

467 3490 643 3555 bium,
676 3490 821 3559 quod
856 3490 910 3544 in
943 3488 1056 3558 jam
1086 3488 1232 3541 dicto
1264 3498 1359 3540 tuo
1389 3485 1705 3555 s3llogismo
1740 3499 2041 3555 proposue-

462 3596 574 3645 ras,
609 3579 899 3645 Quomodo
926 3577 1030 3633 erit
1067 3590 1359 3631 commune
1399 3575 1739 3645 proprietas?
1767 3572 2045 3646 Nyssenus

462 3676 657 3726 iterum
688 3671 884 3736 aderit,
917 3679 972 3724 et
1004 3665 1227 3723 humilia
1280 3668 1335 3724 in
1367 3665 1676 3722 Orationem
1709 3667 2044 3723 Doniiuicam

464 3763 753 3818 manifeste
787 3763 840 3817 id
884 3770 1094 3816 astruet
1126 3778 1140 3815 :
1181 3779 1198 3812 ι
1229 3760 1363 3815 Cum
1396 3760 1541 3815 enim
1577 3759 1747 3816 Filius
1794 3777 1860 3815 ex
1888 3760 2047 3814 Patre

461 3857 653 3918 exivit,
684 3864 744 3909 ut
789 3853 1072 3921 Scriptura
1123 3852 1324 3916 tradit,
1372 3859 1426 3906 et
1462 3852 1701 3922 Spiritus
1748 3869 1811 3908 ex
1860 3851 1967 3907 Deo
1995 3864 2046 3905 et

466 3950 622 4001 i'atre
672 3945 938 4015 procedit.
996 3942 1104 3997 Sed
1164 3946 1623 4013 quemadmodum
1699 3946 1820 3998 sine
1879 3951 2047 3997 causa

463 4054 608 4102 esse,
640 4036 814 4091 solius
841 4035 1019 4089 Patris
1047 4050 1173 4089 cum
1215 4038 1310 4099 sit,
1351 4033 1491 4088 Filio
1539 4045 1593 4089 et
1638 4033 1866 4104 Spiritui
1914 4037 2046 4089 ada-

465 4129 605 4197 piari
634 4125 851 4189 nequit;
876 4125 955 4179 sic
973 4136 1185 4191 contra,
1213 4140 1277 4179 ex
1302 4139 1468 4178 causa
1485 4139 1628 4190 esse,
1652 4124 1798 4195 quod
1823 4137 1905 4179 est
1924 4123 2045 4179 Filii

465 4230 522 4272 et
553 4216 803 4287 Spiritus
818 4215 1120 4286 proprium,
1154 4215 1219 4269 de
1248 4215 1411 4270 Patre
1437 4216 1777 4270 considerari
1810 4217 2046 4269 alienum

365 4333 370 4337 ~
468 4320 551 4363 est
590 4324 620 4363 a
648 4317 841 4362 natura
875 4323 891 4361 :
928 4321 1053 4362 cum
1086 4322 1217 4361 vero
1247 4322 1542 4363 commune
1564 4309 1634 4363 sit
1664 4306 1805 4362 Filio
1835 4316 1890 4363 et
1926 4308 2048 4377 Spi-

466 4403 598 4458 ritui
631 4417 737 4456 non
769 4415 892 4457 esse
915 4403 1122 4471 absque
1152 4410 1298 4467 ortu,
1331 4416 1522 4456 rursus
1553 4410 1639 4456 est
1671 4400 1851 4466 facile,
1891 4400 2049 4457 dill‘e-

468 4497 726 4558 ientiam,
744 4510 865 4564 qua:
881 4493 936 4548 in
957 4508 1148 4548 eorum
1168 4492 1594 4563 proprietatibus
1617 4501 1722 4557 est,
1751 4494 2043 4565 reperire.»
2079 4532 2127 4588 Β

469 4588 705 4643 Adverte
743 4587 990 4640 animum
1042 4587 1110 4639 ad
1155 4586 1267 4649 hoc
1300 4585 1535 4654 theologi
1583 4582 1765 4641 Patris
1798 4586 2047 4640 testimo-

471 4681 648 4741 nium,
666 4677 1063 4745 consideraque
1114 4676 1393 4746 quomodo
1415 4676 1800 4746 proprietatem
1816 4678 2046 4732 duarum

476 4778 689 4824 tantum
723 4781 1080 4836 personarum
1112 4766 1350 4831 vocavit,
1381 4780 1445 4820 ex
1476 4781 1641 4822 causa
1678 4782 1773 4823 eas
1802 4782 1925 4824 esse
1954 4784 1969 4822 :
1997 4777 2047 4822 et

473 4858 750 4929 quomodo
820 4857 1274 4928 repraesentavit,
1324 4872 1616 4912 commune
1673 4873 1796 4913 esse
1857 4860 2049 4914 iisdem

474 4951 690 5006 duabus
750 4952 1023 5020 personis,
1087 4950 1296 5018 absque
1361 4962 1482 5003 ortu
1536 4965 1644 5003 non
1699 4966 1869 5005 esse:
1904 4953 2053 5020 quod

477 5044 620 5098 idem
656 5042 883 5096 omnino
909 5040 1091 5105 fuerit,
1119 5055 1188 5096 ex
1218 5055 1384 5097 causa
1405 5056 1499 5096 eas
1523 5056 1645 5097 esse
1675 5057 1691 5092 :
1719 5043 2051 5107 discitouue,

477 5149 586 5188 non
623 5143 769 5188 recte
798 5143 849 5188 te
898 5141 1156 5202 tanquam
1183 5133 1251 5188 de
1285 5133 1527 5189 absurdo
1569 5132 1872 5199 liaesitasse,
1918 5148 2057 5203 quo-

479 5227 643 5282 modo
686 5228 791 5281 erit
834 5241 1126 5283 commune
1177 5227 1524 5298 proprietas?
1563 5226 1685 5294 Quo
1734 5225 1915 5281 soluto
1985 5226 2053 5280 ad

482 5319 692 5390 reliqua
737 5319 1040 5391 syllogismi
1081 5320 1381 5375 refellenda
1428 5318 1864 5375 contradictione
1899 5318 2057 5386 (opus

480 5424 587 5465 non
612 5419 715 5466 est.
759 5411 989 5476 Quando
1028 5427 1157 5465 vero
1189 5426 1298 5466 una
1326 5410 1614 5466 divisionis
1648 5423 1776 5479 pars
1810 5409 1882 5461 ita
1922 5422 2058 5462 con-

482 5513 633 5573 cepta
661 5513 775 5569 est,
808 5505 854 5558 si
885 5519 1012 5559 vero
1050 5506 1381 5562 contrariam
1428 5501 1607 5556 Patris
1641 5490 2060 5569 productionem

484 5590 727 5662 Spiritus
762 5594 941 5659 liabet,
980 5597 1188 5650 scilicet
1230 5594 1442 5659 Filius,
1487 5600 1652 5649 erunt
1686 5593 1800 5648 [nec
1821 5632 1837 5659 ,
1868 5602 1921 5648 et
1946 5594 2061 5649 iniec

486 5687 746 5742 absurda.
774 5689 910 5743 Cum
940 5704 1099 5743 nemo
1121 5688 1450 5742 contrariam
1471 5687 1614 5740 hanc
1648 5686 2061 5756 productionem

491 5789 731 5847 asserat,
777 5796 1180 5838 supervacanea
1236 5780 1460 5846 fuerint,
1505 5794 1845 5850 qumcunque
1895 5779 2063 5833 addu~

2145 3300 2367 3368 λέγεται
2415 3302 2477 3354 τδ
2532 3303 2594 3367 ἐξ
2633 3303 2812 3365 αἰτίας
2852 3299 2993 3358 εἶναι
3025 3305 3185 3370 αὐτὰ,
3218 3307 3299 3370 εἰς
3333 3306 3489 3362 λύσιν
3516 3310 3632 3377 τῆς,
3660 3311 3730 3379 ἢν

2144 3393 2203 3445 ὲν
2236 3393 2313 3463 τῷ
2345 3393 2561 3463 ῥηθέντι
2604 3394 2947 3467 συλλογισμῴ
2986 3399 3050 3450 σὺ
3095 3398 3433 3468 προέτεινας,
3470 3401 3727 3470 ἀπορίας,

2145 3485 2342 3553 λέγων,
2377 3486 2499 3547 Πῶς
2527 3487 2680 3540 ἔσται
2704 3488 2766 3541 τὸ
2802 3490 2979 3541 κοινὸν
3012 3490 3250 3559 ἰδιότης;
3295 3493 3322 3543 ὁ
3356 3491 3579 3561 Νύσσης
3631 3494 3731 3548 καὶ

2147 3578 2310 3631 πάλιν
2344 3579 2615 3649 παρέσται
2651 3579 2747 3634 καὶ
2771 3581 2828 3633 ὲν
2853 3583 2917 3649 τῇ
2944 3582 3023 3643 εἰς
3052 3580 3112 3633 τὸ
3146 3582 3328 3651 Πάτερ
3349 3582 3506 3653 ἡμῶν
3537 3583 3728 3655 ὁμιλία

2148 3670 2315 3724 αὑτοῦ
2346 3671 2617 3743 ἀριδήλως
2651 3671 2793 3726 οὕτω
2825 3674 3051 3741 φήσειεν
3079 3672 3146 3726 ἄν
3176 3691 3191 3705 ο
3235 3690 3254 3725 ι
3291 3674 3420 3727 Ὅτε
3448 3676 3562 3746 γὰρ
3593 3676 3727 3739 Υἰὸς

2149 3764 2213 3815 ἐκ
2241 3764 2335 3816 τοῦ
2372 3766 2586 3834 Πατρδς
2617 3764 2832 3835 ἐξῆλθε,
2869 3763 3052 3828 καθώς
3081 3782 3249 3835 φησιν
3300 3767 3333 3836 ὴ
3387 3767 3602 3839 Γραφὴ,
3636 3772 3735 3822 καὶ

2148 3855 2209 3908 τὸ
2240 3857 2463 3925 Πνεῦμα
2493 3860 2556 3908 ἐκ
2585 3856 2677 3910 τοῦ
2714 3856 2849 3909 Θεοῦ
2885 3857 2979 3910 καὶ
3009 3858 3161 3927 παρὰ
3189 3857 3403 3928 Πατρὸς
3430 3858 3733 3930 Europaeis-

2148 3966 2263 4002 ται.
2311 3947 2450 4001 Ἀλλ’
2497 3947 2688 4018 ὥσπερ
2726 3948 2785 4001 τὸ
2815 3949 2943 4003 ἄνευ
2987 3950 3168 4011 αἰτίας
3215 3945 3379 4014 εἶναι,
3436 3953 3602 4020 μόνου
3633 3949 3733 4005 τοῦ

2156 4037 2368 4109 Πατρδς
2402 4039 2483 4102 ὃν,
2511 4039 2588 4109 τῷ
2627 4039 2738 4110 Υἰῷ
2775 4042 2866 4094 καὶ
2902 4040 2980 4108 τῷ
3003 4041 3285 4111 Πνεύματι
3315 4041 3734 4112 ὲφαρμοσθῆναι

2150 4131 2210 4182 οἱ
2272 4130 2498 4185 δύναται
2530 4149 2544 4164 ο
2582 4132 2725 4185 οὕτω
2762 4132 2823 4184 τὸ
2850 4132 3088 4200 ἔμπαλιν
3125 4135 3186 4186 τὸ
3234 4133 3294 4198 ἐξ
3345 4134 3522 4198 αἰτίας
3566 4130 3732 4198 εἶναι,

2151 4223 2288 4293 ὅπερ
2335 4221 2466 4277 ἴδιόν
2506 4225 2626 4279 ἐστι
2679 4225 2770 4277 τοῦ
2812 4224 2943 4277 Υἱοῦ
2981 4227 3074 4279 καὶ
3123 4226 3215 4281 τοῦ
3266 4227 3603 4298 Πνεύματος,
3650 4229 3734 4299 τῷ

2154 4316 2333 4386 [inept
2384 4315 2833 4387 ὲπιθεωρηθῆναι
2891 4317 3055 4386 φύσιν
3105 4317 3206 4373 οὐκ
3259 4318 3392 4390 ἔχει.
3441 4318 3639 4373 Κοινοῦ
3673 4321 3733 4374 δὲ

2151 4406 2304 4470 ὄντος
2331 4404 2411 4477 τῷ
2448 4405 2561 4477 Υἰῷ
2590 4406 2686 4459 καὶ
2713 4405 2791 4476 τῷ
2832 4408 3113 4478 Πνεύματι
3168 4408 3266 4462 τοῦ
3313 4407 3392 4481 μὴ
3421 4408 3737 4479 ἀγεννήτως

2152 4491 2317 4562 εἶναι,
2366 4497 2529 4550 πάλιν
2585 4497 2734 4551 ἐστὶν
2770 4496 3005 4568 ἄμικτον
3056 4498 3154 4570 τὴν
3184 4501 3242 4553 ἐν
3286 4503 3397 4563 τοῖς
3438 4501 3736 4571 ἰδιώμασιν

2151 4589 2334 4643 αὐτῶν
2363 4590 2632 4660 διαφορὰν
2688 4590 2952 4661 ἐξευρεῖν.
2989 4610 3009 4645 ι
3047 4592 3329 4663 Πρόσσχες
3365 4594 3432 4664 τῇ
3481 4593 3578 4646 τοῦ
3612 4594 3737 4647 Θεο-

2149 4679 2311 4750 λόγου
2346 4683 2537 4735 τούτου
2561 4681 2773 4751 Πατρὸς
2802 4684 3104 4754 μαρτυρία,
3140 4684 3233 4736 καὶ
3259 4684 3579 4755 ἐπίστησον,
3617 4686 3736 4749 πῶς

2150 4788 2211 4825 τε
2249 4773 2487 4842 ἰδιότητα
2514 4772 2623 4826 τῶν
2653 4771 2746 4826 δύο
2772 4773 2951 4842 μόνων
2982 4776 3291 4843 προσώπων
3322 4775 3551 4828 ἐκάλεσε
3583 4775 3645 4828 τὸ
3676 4775 3738 4840 ἐξ

2155 4862 2335 4921 αἰτίας
2359 4857 2499 4915 εἶναι
2531 4862 2695 4929 αὐτὰ,
2720 4865 2812 4916 καὶ
2846 4864 2961 4927 πῶς
2994 4866 3339 4936 παρέστησεν
3387 4861 3528 4921 εἶναι
3559 4868 3735 4920 κοινὸν

2153 4955 2266 5015 τοῖς
2300 4952 2481 5017 αὐτοῖς
2512 4950 2632 5007 δυσί⁵
2678 4955 2990 5024 προσώποις
3024 4956 3086 5008 τὸ
3128 4956 3206 5025 μὴ
3237 4956 3545 5027 ἀγεννήτως
3593 4953 3737 5011 εἶναι

2156 5046 2299 5099 αὐτά
2336 5062 2351 5077 ο
2385 5046 2523 5116 ὅπερ
2558 5046 2756 5100 ταυτὸν
2788 5046 3015 5101 δύναται
3062 5050 3305 5113 πάντως,
3350 5050 3413 5102 τὸ
3454 5051 3514 5114 ἐξ
3552 5051 3736 5112 αἰτίας

2156 5134 2295 5189 εἶναι
2326 5133 2489 5189 αὐτά.
2520 5136 2627 5190 Καὶ
2658 5135 2827 5205 γνῶθι
2864 5135 2938 5200 ὡς
2973 5136 3034 5191 οὐ
3064 5136 3243 5201 καλῶς
3278 5137 3470 5209 ὥσπερ
3514 5156 3569 5193 τι
3609 5139 3738 5193 dte—

2084 5276 2094 5286 ,
2158 5238 2259 5277 πον
2282 5223 2568 5296 διηπόρεις
2601 5224 2813 5295 λέγων,’
2834 5227 2958 5289 Πῶς
2996 5226 3150 5280 ἔσται
3179 5227 3239 5280 τὸ
3271 5231 3450 5282 κοινὸν
3486 5227 3686 5300 ἰδιότης
3716 5245 3734 5295 ;

2158 5315 2364 5370 Τούτου
2398 5315 2454 5369 δὲ
2488 5317 2744 5383 λυθέντος
2789 5317 2926 5389 πρὸς
2958 5319 3020 5371 τὸ
3060 5318 3188 5387 ἑξῆς
3233 5320 3326 5373 τοῦ
3369 5319 3736 5393 συλλογισμοῦ

2164 5408 2331 5478 μέρος
2376 5410 2630 5481 οὐδεμιᾶς
2666 5411 2857 5464 λοιπὸν
2913 5411 3287 5484 ἀντιρρήσεως
3338 5415 3516 5487 χρεία.
3593 5415 3742 5468 Ἐπεὶ

2160 5501 2271 5571 γὰρ
2300 5499 2360 5551 τὸ
2398 5499 2457 5553 ἓν
2487 5502 2586 5571 τῆς
2613 5500 2934 5572 διαιρέσεως
2973 5505 3166 5568 σκέλος
3194 5505 3337 5560 οὕτω
3369 5506 3621 5574 φαίνεται
3654 5505 3743 5561 λέ-

2164 5609 2282 5660 γιν,
2327 5591 2388 5644 Εἰ
2430 5590 2486 5643 δὲ
2519 5592 2619 5661 τὴν
2662 5592 2913 5645 ὲναντίαν
2957 5593 3037 5664 τῷ
3084 5594 3258 5665 Πατρὶ
3303 5594 3607 5666 προϐολὴν,
3647 5592 3743 5647 τοῦ

2167 5680 2484 5752 Πνεύματος
2511 5680 2735 5751 δηλαδὴ,
2769 5681 2883 5753 εχει
2915 5684 2944 5736 ὁ
2970 5682 3122 5750 Υἱὸς,
3158 5683 3312 5737 ἔσται
3340 5683 3467 5736 τάδε
3495 5682 3590 5737 καὶ
3618 5681 3744 5737 τάδε

2164 5777 2230 5828 τὰ
2286 5776 2484 5839 ἄτοπα,
2524 5775 2752 5845 μηδενὸς
2809 5776 2957 5840 ὄντος
2990 5778 3082 5831 τοῦ
3112 5777 3211 5845 τὴν
3247 5776 3493 5830 ἐναντίαν
3539 5773 3747 5844 ταύτην
