4058 6414
499 283 597 347 101

1520 282 1730 349 JOAN.
1776 256 2139 348 γεραιαί).
2174 285 2695 352 PATRIARCHAE

3660 298 3756 366 1οῑ

494 403 632 456 bona
667 401 969 465 duntaxat,
1008 412 1129 468 qua:
1172 397 1494 455 naturaliter
1548 398 1657 454 illis
1711 400 1920 463 in'suut,
1970 414 2061 454 nec

2175 400 2270 454 καὶ
2310 402 2411 455 οὑκ
2443 398 2667 468 ἔξωθεν,
2722 403 2843 457 οὑδὲ
2899 403 3197 477 ἐπίκτητα,
3246 408 3322 474 ὡς
3352 408 3415 465 τὸ
3440 408 3670 475 δίκαιον.
3696 417 3756 469 τὸ

493 487 713 544 aiinnde
761 487 1060 542 adveniunt
1109 486 1398 558 acquisita,
1433 496 1492 543 ut
1540 488 1785 557 iustitia,
1829 489 2069 553 bonitas,

494 573 790 647 sapientia,
841 582 896 630 et
928 574 1124 630 similia
1162 590 1176 628 :
1214 584 1519 646 agnoscunt
1553 576 1719 631 etiam
1770 576 1898 643 alia,
1953 591 2074 647 qua:

494 666 819 723 naturaliter
876 667 1077 722 insunt
1156 664 1299 719 l‘atri
1354 675 1410 720 et
1452 664 1614 721 ‘Filio
1651 708 1668 734 ,
1721 675 1776 722 et
1824 681 1931 721 non
1963 668 2074 722 'in-

493 772 621 815 sunt
651 756 902 826 Spiritui,
954 770 1060 809 non
1098 755 1241 825 quod
1291 752 1528 824 Spiritus
1572 771 1682 811 non
1714 756 1787 814 sit
1820 757 2069 827 ejusdem

493 859 702 905 naturae
737 858 899 916 atque
928 847 1087 901 Pater
1116 858 1169 901 et
1198 845 1390 912 Filius,
1427 848 1530 903 lioc
1566 848 1896 920 enim‘louge
1917 850 2073 906 abest

493 943 562 996 ab
589 943 733 995 omni
777 940 860 1008 pia
890 939 1240 1009 cogitatione,
1274 939 1369 994 sed
1394 940 1540 1010 quod
1580 942 1859 997 naturales
1894 942 2071 997 Patris

492 1041 552 1085 ut
585 1032 764 1085 Patris
788 1070 801 1093 ,
853 1039 908 1085 et
942 1030 1058 1084 Filii
1106 1041 1162 1083 ut
1192 1029 1313 1085 Filii
1349 1032 1748 1101 proprietates,
1800 1049 1910 1088 non
1958 1034 2071 1089 sint

491 1108 810 1178 communes
841 1123 1092 1193 Spiritui.
1123 1121 1277 1178 Licet
1314 1123 1459 1179 enim
1491 1124 1739 1194 ejusdem
1769 1135 1978 1180 natura:
2001 1124 2071 1181 sit

492 1216 729 1285 Spiritus
765 1229 991 1270 sanctus
1043 1231 1109 1269 ac
1145 1216 1305 1269 Pater
1336 1223 1390 1270 et
1421 1215 1594 1271 Filius
1618 1256 1633 1283 ,
1669 1224 1912 1272 attamen
1939 1225 2067 1271 tau-

489 1323 653 1375 quam
693 1305 931 1376 Spiritus
982 1306 1036 1359 iu
1077 1305 1275 1361 Triade
1308 1305 1577 1376 accipitur
1601 1343 1616 1371 ,
1647 1314 1703 1361 et
1754 1306 2066 1361 universam

474 1398 871 1454 communium
923 1398 1255 1452 naturalium
1307 1398 1580 1453 bonorum
1630 1398 2067 1453 communionem

494 1490 710 1545 habebit
755 1498 816 1556 ut
850 1490 1124 1559 Spiritus;
1160 1490 1256 1546 sed
1287 1489 1615 1545 naturalium
1663 1491 2064 1561 proprietatum

489 1580 670 1635 Patris
703 1592 754 1635 et
780 1579 927 1644 Filii,
959 1587 1017 1633 ut
1049 1579 1229 1634 Patris
1259 1587 1313 1633 et
1338 1588 1396 1633 ut
1437 1577 1584 1645 Filii,
1619 1579 2063 1635 communionem

490 1687 597 1724 non
632 1668 868 1725 habebit.
901 1668 1146 1734 Quanam
1172 1669 1320 1723 enim
1357 1668 1573 1723 ratione
1625 1669 1902 1726 naturales
1934 1683 2064 1739 pro-

487 1764 748 1832 prietates
770 1760 885 1814 haec
900 1759 1162 1830 appellata
1187 1758 1441 1825 fuissent,
1466 1761 1511 1815 si
1542 1760 1855 1815 communia
1876 1769 2065 1816 essent

487 1866 541 1909 ct
572 1851 840 1923 Spiritui?
874 1851 1149 1907 Naturalia
1182 1851 1454 1920 siquidem
1512 1851 1647 1916 haec,
1686 1852 1832 1922 quod
1864 1859 2065 1906 natura

488 1948 679 2004 insunt
702 1945 872 2001 .Patri
907 1953 962 2002 et
989 1942 1148 1999 .Filio
1186 1962 1202 1999 :
1235 1944 1597 2015 proprietates
1643 1960 1774 2001 vero
1802 1943 1981 2000 Patris
2010 1953 2066 2001 et

488 2039 648 2100 Filii,
693 2037 834 2109 quod
879 2053 988 2091 nun
1041 2036 1211 2091 insint
1242 2035 1502 2106 Spiritui.
1534 2034 1739 2108 'ltaque
1794 2035 2064 2107 Spiritum

487 2145 597 2185 una
627 2130 790 2185 simul
848 2127 1039 2184 haberi
1073 2143 1103 2181 a
1144 2125 1305 2183 Patre
1353 2134 1409 2182 et
1440 2125 1603 2181 'Filio
1627 2168 1642 2191 ,
1703 2127 1951 2182 naturale
1985 2134 2067 2182 est

488 2223 691 2277 bonum
730 2220 903 2275 Patris
934 2227 987 2273 et
1008 2216 1152 2283 Filii,
1191 2217 1287 2274 sed
1325 2226 1384 2273 ut
1405 2219 1710 2290 proprietas
1744 2219 2063 2274 eorumdem

487 2311 773 2368 naturalis.
808 2307 925 2365 Non
975 2309 1097 2365 ideo
1135 2324 1264 2380 ergo
1297 2310 1428 2380 quia
1471 2310 1847 2366 communicat
1890 2308 2064 2367 F.lius

484 2418 608 2461 cum
638 2404 819 2467 Patre,
846 2401 989 2473 quod
1028 2418 1095 2457 ex
1143 2402 1392 2472 utrisque
1423 2402 1661 2473 Spiritus
1692 2402 1783 2471 sit,
1818 2418 2068 2459 commu-

488 2496 696 2553 uicabit
730 2496 854 2550 cum
883 2494 1090 2570 eisdem
1123 2501 1176 2548 et
1206 2492 1465 2566 Spiritus,
1494 2502 1554 2550 ut
1575 2503 1629 2552 et
1663 2495 1779 2567 ipse
1805 2497 1877 2552 sit
1903 2511 1967 2552 ex
2001 2512 2062 2553 se

484 2593 623 2660 ipso.
663 2587 777 2643 llac
826 2587 1181 2643 distinctione
1214 2588 1561 2643 considerata
1616 2604 1716 2660 pro
1749 2589 1907 2645 dictae
1933 2604 2060 2659 pro-

482 2680 773 2752 positionis
821 2680 1092 2747 examine,
1141 2694 1250 2749 qua
1306 2679 1607 2747 asseritur,
1648 2699 1667 2733 ι
1707 2681 2061 2752 Quaecunque

480 2783 609 2828 sunt
644 2773 819 2829 Patris
853 2772 1166 2827 communia
1194 2787 1318 2826 cum
1338 2772 1501 2839 Filio,
1537 2775 1876 2830 eruntetiam
1914 2789 2064 2832 com-

485 2864 669 2919 munia
710 2878 832 2918 cum
884 2860 1090 2933 Spiritu
1130 2872 1344 2927 sancto,
1384 2880 1403 2914 ι
1459 2862 1693 2935 indeque
1745 2865 2059 2935 reprobato,

487 2973 597 3011 non
628 2957 763 3011 liene
787 2954 991 3010 sentire
1022 2968 1137 3020 eos,
1171 2954 1264 3023 qui
1305 2955 1597 3024 upinantur
1617 2955 1900 3027 'Spiritum
1929 2973 2062 3028 pro-

482 3048 615 3119 priaa
645 3046 979 3102 exsisteutiae
1040 3043 1358 3100 eumPatre
1416 3056 1470 3101 et
1526 3046 1664 3103 Filio
1711 3062 2131 3139 communcmc

428 3132 431 3137 ’
483 3153 710 3194 causam
740 3153 896 3203 esse,
945 3137 990 3192 si
1022 3136 1192 3191 Filius
1226 3151 1516 3192 commune
1565 3139 1696 3210 quid
1734 3141 1897 3195 liabet
1933 3155 2058 3194 curn

479 3229 641 3284 Patre
675 3230 728 3283 iu
765 3244 828 3284 eo
849 3268 864 3294 ,
893 3228 1034 3299 quod
1059 3243 1125 3283 ex
1163 3228 1410 3299 utrisque
1440 3240 1523 3284 est
1539 3228 1777 3300 Spiritus
1812 3241 2059 3297 sanctus,

386 3330 393 3337 '
481 3335 589 3390 qua
644 3328 700 3372 tu
762 3319 973 3373 ratione
1005 3326 1060 3373 et
1102 3317 1267 3372 simili
1314 3320 1702 3375 communione
1728 3335 1885 3391 aeque
1918 3335 1983 3376 ac
2012 3321 2059 3377 si

481 3414 795 3466 necessario
863 3407 1226 3465 concluderes
1268 3410 1474 3481 aliquid
1534 3427 1762 3477 verum,
1809 3412 2059 3469 insinuas

481 3522 546 3561 ac
578 3504 829 3560 decernis
875 3503 1158 3574 gentilium
1189 3503 1406 3572 fabulis,
1440 3505 1588 3574 quod
1622 3520 1653 3560 a
1678 3506 2061 3562 Latinisassc-

480 3606 701 3651 rcratur
735 3605 792 3650 ut
819 3596 1014 3666 dogma
1036 3637 1052 3665 ,
1086 3597 1493 3653 monstruosius
1523 3597 1683 3653 esse?
1712 3597 1772 3652 ln
1805 3598 2060 3669 syllogis-

481 3690 585 3745 mis
616 3704 745 3760 ergo
785 3688 965 3744 Pliotii
1009 3690 1428 3746 continebantur
1474 3690 1589 3745 haec
1622 3699 1677 3746 et
1720 3690 1956 3755 similia,
2005 3700 2061 3746 et

480 3781 592 3851 jam
636 3796 666 3835 a
709 3781 866 3835 nobis
920 3781 1083 3836 allata
1132 3783 1266 3837 satis
1321 3791 1471 3847 sunt,
1526 3789 1585 3836 ut
1630 3783 1864 3853 opinor,
1896 3782 1961 3837 ad
1994 3798 2058 3837 ea

476 3872 792 3928 evertenda.
843 3872 1013 3927 Porro
1064 3873 1117 3925 iu
1163 3888 1457 3943 progressu
1505 3874 1792 3939 orationis,
1847 3874 2055 3929 l'utilem

477 3961 768 4015 instituens
804 3960 1233 4030 disputationem
1258 3998 1272 4023 ,
1308 3963 1424 4014 hate
1475 3963 1737 4031 praetendi
1781 3963 1851 4016 al)
1882 3962 2052 4021 Italis.

474 4055 571 4117 ait,
600 4054 992 4119 asscreutibus,
1028 4055 1094 4105 ab
1119 4053 1434 4116 Ambro~io,
1473 4056 1805 4121 Augustino,
1835 4065 1893 4109 et
1927 4055 2055 4109 Ilie-

475 4159 707 4214 ronymo
741 4159 805 4197 ex
843 4142 978 4196 Filio
1009 4145 1417 4213 processioucm
1449 4145 1722 4199 decretam
1772 4146 1963 4212 fuisse,
2003 4156 2054 4203 et

476 4243 538 4287 ut
570 4235 823 4287 mitiorem
859 4231 997 4288 forte
1026 4234 1270 4288 excutiat
1299 4234 1369 4287 ab
1396 4231 1566 4299 Italis,
1601 4250 1700 4305 pro
1738 4235 1888 4290 liisce
1917 4236 2052 4291 viris

472 4326 740 4395 sapientia
809 4326 1136 4383 clarissimis
1210 4326 1624 4397 responsionem
1679 4342 1835 4382 suam
1899 4328 2053 4384 hisce

477 4418 713 4485 derivat,
738 4433 938 4487 nempe
975 4431 991 4471 :
1837 4488 1840 4490 ν

542 4510 632 4571 45,
670 4529 689 4561 ι
726 4509 874 4564 Licet
918 4511 969 4564 id
1003 4508 1250 4564 dixerint
1293 4510 1405 4579 jam
1438 4513 1726 4566 memorati
1754 4551 1769 4577 ,
1793 4512 1932 4569 forte
1967 4530 2053 4571 se-

470 4600 1214 4669 cundumdispensationem
1252 4591 1509 4656 diiierunt
1532 4642 1547 4667 ,
1580 4618 1689 4671 qua
1732 4611 1787 4658 et
1820 4619 2052 4675 magnus

474 4690 711 4744 Basilius
739 4704 842 4743 suo
876 4700 1121 4759 tempore
1152 4706 1285 4745 usus
1314 4700 1418 4757 est,
1451 4692 1538 4745 τοι
1570 4695 1640 4747 ab
1672 4704 1927 4749 accurata
1961 4710 2047 4749 re-

474 4799 596 4838 rum
626 4782 817 4835 nctitia
850 4784 927 4836 uti
963 4784 1212 4837 homines
1262 4785 1585 4839 exciderunt
1611 4828 1627 4850 ,
1678 4788 1823 4856 quod
1895 4789 2047 4843 multi

473 4875 798 4938 przcstantes
830 4869 930 4922 viri
959 4871 1204 4939 perpessi
1240 4881 1402 4936 sunt,
1447 4874 1611 4929 veluti
1645 4877 2052 4933 Alexandrinus

472 4960 787 5029 Dionysius,
819 4958 1129 5018 Metltodius
1161 4961 1502 5031 Putat-ensis,
1543 4976 1598 5021 et
1626 4968 1766 5023 alius
1798 4978 1852 5023 et
1880 4971 2046 5033 alius,

472 5053 564 5122 qui
599 5052 901 5107 sanctitatis
950 5054 1053 5108 sibi
1115 5068 1316 5111 nomen
1374 5060 1756 5126 vendicaruut,
1812 5078 2045 5131 quorum

473 5144 734 5199 nonnulla
765 5146 908 5200 dicta
958 5144 1255 5202 Ecclesium
1295 5166 1401 5205 non
1436 5155 1709 5223 recepisse
1766 5177 1785 5205 ι
1855 5155 2044 5222 refert,

476 5256 497 5289 ι
545 5239 670 5293 licet
731 5241 785 5293 in
858 5240 982 5295 aliis
1038 5246 1282 5299 maxima
1336 5245 1395 5299 iu
1457 5248 1822 5305 admiratione
1880 5250 2048 5305 liabe—

468 5341 680 5385 ῐυιιιιιτ.
720 5349 740 5383 ι

543 5424 608 5477 Et
633 5426 736 5479 hoc
781 5435 863 5481 cst
912 5426 1088 5482 Pliotii
1121 5443 1218 5498 pro
1245 5431 1561 5498 Ambrosio,
1618 5434 1931 5502 Augustino
1953 5476 1966 5501 ,
1994 5445 2049 5490 et

471 5517 803 5589 llerouymo
831 5516 1180 5592 responsum,
1214 5524 1266 5577 in
1298 5524 1580 5579 infamiam
1615 5526 1754 5581 forte
1784 5527 2045 5584 Italorum

476 5614 581 5666 illis
629 5612 980 5681 ceguatnrum
1019 5619 1437 5685 excogitatum;
1487 5634 1588 5671 nos
1618 5634 1746 5673 vero
1796 5621 1848 5673 iu
1900 5623 2046 5677 iula-

472 5706 638 5759 niiam
668 5710 846 5775 potius
872 5723 1061 5761 eorum
1100 5708 1436 5775 iudicamus,
1495 5712 1588 5784 qui
1633 5713 1929 5783 nuntiatus,
1989 5725 2046 5772 ut

2174 492 2404 560 ἀγαθὸν,
2434 493 2493 548 τὸ
2524 495 2710 565 σοφὸν,
2745 496 2841 550 καὶ
2861 498 2929 553 τὰ
2955 498 3214 555 τοιαῦτα·
3243 502 3419 556 οἴδασι
3438 504 3494 559 δὲ
3515 506 3607 559 καί
3635 524 3756 562 τινα

2175 584 2422 653 φυσικῶς
2480 587 2580 656 μὲν
2602 588 2875 658 προσόντα
2941 590 3121 662 Harp!
3151 594 3247 647 καί
3282 594 3420 665 Υἰῷ,
3461 598 3537 668 μὴ
3591 616 3757 671 προσ-

2174 676 2304 730 όντα
2328 675 2384 729 δὲ
2435 676 2513 747 τῷ
2539 678 2842 749 Πνεύματι,
2873 682 2935 736 οὑ
2967 683 3056 738 διὰ
3085 683 3147 737 τὸ
3207 685 3283 757 μὴ
3308 687 3409 757 τῆς
3442 689 3619 760 αὐτῆς
3648 690 3758 743 Ila-

2174 766 2265 839 τρὶ
2293 767 2391 821 καὶ
2432 769 2547 840 Υίῷ
2606 771 2824 839 φύσεως
2857 768 3086 829 εἶναιτὸ
3130 776 3358 848 Πνεῦμα
3400 776 3617 850 (πόρρω
3647 780 3755 853 γὰρ

2173 857 2332 912 τοῦτο
2362 859 2547 931 πάσης
2579 862 2858 927 ἐὐσεϐοῦς
2908 864 3198 937 διανοίας),
3267 867 3404 922 ἀλλά
3433 870 3520 923 διὰ
3561 870 3623 924 τὸ
3678 872 3753 940 μὴ

2173 943 2312 1002 εῖναι
2363 949 2432 1002 τὰ
2478 951 2687 1019 φυσικά
2718 951 2814 1007 τοῦ
2841 954 3057 1024 Πατρὸς
3082 956 3228 1011 -καθὸ
3264 957 3505 1029 Πατρὸς,
3541 959 3753 1013 καὶτοῦ

2173 1040 2308 1094 Υἰοῦ
2370 1040 2508 1095 καθὸ
2539 1042 2673 1095 Υἰοῦ
2708 1042 2977 1114 ἰδιώματα
3005 1049 3165 1101 κοινά
3200 1051 3298 1102 καὶ
3322 1048 3401 1120 τῷ
3433 1050 3751 1119 ρΠνεύματι.

2174 1133 2235 1186 Εἰ
2270 1133 2380 1205 γὰρ
2422 1135 2518 1187 καὶ
2554 1136 2654 1207 τῆς
2691 1136 2869 1208 αὐτῆς
2900 1139 3020 1192 ἐστι
3047 1141 3221 1211 Πατρί
3248 1143 3343 1195 καὶ
3375 1142 3490 1212 Υἰῷ
3536 1141 3755 1212 φύσεως

2171 1218 2233 1272 τὸ
2269 1218 2496 1291 Πνεῦμα
2524 1222 2586 1275 τὸ
2624 1222 2803 1292 ἅγιον,
2838 1224 2957 1278 ἀλλ’
3003 1227 3078 1291 ὡς
3109 1229 3334 1302 Πνεῦμα
3365 1233 3424 1283 ἐν
3457 1234 3525 1302 τῇ
3562 1230 3605 1285 Τ
3611 1232 3756 1303 ριάδι

2172 1309 2689 1383 παραλαμβάνεται,
2725 1317 2818 1370 καὶ
2872 1320 3056 1373 πᾶσαν
3118 1320 3219 1390 μὲν
3273 1322 3374 1393 τὴν
3412 1323 3521 1377 τῶν
3557 1325 3757 1378 κοινῶν

2170 1402 2417 1470 φυσικῶν
2471 1403 2693 1473 ἀγαθῶν
2714 1409 3003 1464 κοινωνίαν
3056 1411 3165 1476 ἕξει
3195 1412 3272 1478 ὡς
3305 1415 3548 1485 Πνεῦμα,
3570 1416 3676 1487 τὴν
3698 1415 3759 1469 δὲ

2169 1492 2279 1547 τῶν
2306 1495 2551 1564 φυσικῶν
2608 1498 2918 1569 ἰδιωμάτων
2971 1502 3188 1573 Πατρὸς
3253 1506 3349 1558 καὶ
3404 1506 3563 1572 fieri,
3619 1506 3760 1560 καθὸ

2169 1583 2406 1651 Πατρὸς,
2465 1585 2561 1638 καὶ
2628 1586 2765 1641 καθὸ
2811 1588 2945 1643 Υίοῦ
3012 1592 3307 1647 κοινωνίαν
3334 1594 3434 1665 οὑχ
3462 1594 3597 1658 ἕξει.
3628 1595 3759 1658 Πῶς

2168 1675 2281 1747 γὰρ
2308 1677 2374 1731 ἀν
2417 1678 2628 1747 φυσικὰ
2682 1679 2949 1753 ἰδιώματα
3003 1684 3204 1756 ὲρῤἐθη
3256 1686 3468 1757 Πατρὸς
3498 1689 3593 1740 καὶ
3620 1686 3756 1741 Υἰοῦ

2169 1768 2364 1837 ταῦτα,
2388 1770 2550 1840 εἴπερ
2574 1766 2716 1842 ἦσαν
2750 1772 2905 1827 κοινά
2952 1775 3048 1828 καὶ
3072 1775 3152 1847 τῷ
3184 1775 3465 1847 Πνεύματι
3492 1793 3509 1843 ;
3539 1778 3757 1832 Φυσικὰ

2172 1860 2270 1932 μὲν
2296 1863 2406 1932 γὰρ
2434 1862 2630 1928 ταῦτα,
2663 1865 2745 1918 ὅτι
2769 1864 2929 1935 φύσει
2978 1868 3233 1939 πρόσεισι
3277 1869 3457 1941 Harp!
3484 1873 3580 1925 καὶ
3611 1871 3757 1942 mp,

2172 1952 2438 2020 ἰδιώματα
2481 1952 2538 2005 δὲ
2566 1953 2780 2027 Πατρὸς
2803 1956 2895 2010 καὶ
2931 1956 3086 2026 Υἱοῦ,
3121 1957 3203 2011 ὅτι
3245 1959 3326 2028 μὴ
3378 1959 3631 2030 πρόσεισι
3657 1962 3759 2015 καὶ

2167 2042 2244 2113 τῷ
2281 2042 2584 2115 Πνεύματι.
2614 2045 2688 2099 Τὸ
2725 2046 2858 2115 γοῦν
2907 2048 3106 2113 κοινῶς
3128 2048 3274 2121 ἔχειν
3300 2051 3368 2104 τὸ
3396 2052 3630 2123 Πνεῦμα
3652 2052 3759 2108 τὸν

2169 2134 2393 2206 Πατέρα
2440 2137 2536 2190 καὶ
2569 2136 2658 2190 τὸν
2687 2138 2817 2192 Υἰὸν
2868 2140 3105 2208 φυσικὸν
3135 2141 3238 2210 μὲν
3268 2141 3478 2212 ἀγαθόν
3500 2146 3627 2198 ἐστι
3651 2145 3755 2199 τοῦ

2170 2225 2390 2296 Πατρὸς
2457 2226 2554 2280 καὶ
2613 2226 2710 2281 τοῦ
2770 2228 2928 2296 Υἰοῦ,
2990 2228 3108 2285 ἀλλ’
3171 2232 3250 2297 ὡς
3316 2233 3513 2306 ἰδίωμα
3566 2236 3756 2291 αὑτῶν

2168 2318 2419 2388 φυσικόν.
2454 2319 2546 2372 *οὑ
2579 2319 2715 2374 διότι
2742 2321 2874 2390 γοῦν
2926 2326 3182 2379 κοινωνεῖ
3204 2328 3231 2380 6
3263 2325 3395 2390 Υἰδς
3443 2328 3521 2400 τῷ
3560 2330 3760 2402 ’Πατρῒ

2166 2410 2310 2466 κατά
2338 2411 2398 2465 τὸ
2426 2411 2698 2484 ὑπάρχειν
2723 2412 2784 2480 ἐξ
2818 2416 3025 2485 ἀμφοῖν
3051 2418 3112 2471 τὸ
3134 2416 3384 2489 Πνεῦμα,
3420 2424 3758 2493 κοινωνήσει

2165 2502 2352 2567 αὑτοῖς
2378 2502 2474 2556 καὶ
2523 2505 2585 2556 τὸ
2642 2504 2869 2576 Πνεῦμα
2911 2507 3057 2562 κατά
3086 2507 3148 2562 τὸ
3196 2509 3470 2582 ὑπάρχειν
3494 2514 3588 2566 καὶ
3616 2515 3758 2569 αὐτὸ

2164 2596 2225 2662 ἐξ
2278 2595 2496 2653 ἑαυτοῦ.
2524 2597 2798 2669 Τοιαύτης
2822 2600 2970 2668 γοῦν
2991 2603 3438 2675 ὲνθεωρουμένης
3462 2605 3758 2679 διαστολῆς

2164 2690 2229 2759 τῇ
2257 2687 2492 2763 λεγούσῃ
2523 2689 2809 2761 προτάσει,
2848 2710 2866 2743 ι
2897 2692 3082 2749 Πάντα
3109 2694 3208 2749 ὅσα
3230 2696 3326 2750 τοῦ
3351 2698 3562 2769 Πατρὸς
3592 2701 3755 2755 κοινὰ

2163 2780 2304 2850 πρὸς
2337 2781 2428 2835 τὸν
2462 2780 2609 2847 Υἰὸν,
2632 2780 2809 2836 ταῦτα
2842 2783 2936 2837 καὶ
2956 2785 3089 2857 πρὸς
3106 2786 3166 2839 τὸ
3189 2787 3417 2857 Πνεῦμα
3447 2789 3507 2842 τὸ
3530 2789 3746 2859 ἆγιονη

2165 2870 2468 2926 κάντεῦθεν
2494 2872 2865 2944 ἐληλεγμένου
2922 2877 3000 2949 μὴ
3033 2878 3213 2942 καλῶς
3246 2879 3390 2950 ἔχειν
3415 2881 3509 2935 τοῦ
3539 2883 3750 2939 οίεσθει

2163 2966 2444 3021 κοινωνεῖν
2482 2967 2542 3020 τὸ
2579 2967 2807 3040 Πνεῦμα
2833 2970 2933 3041 τῆς
2980 2971 3116 3036 ἰδίας
3145 2973 3434 3045 ὑπάρξεως
3462 2977 3540 3047 τῷ
3568 2977 3747 3050 Harp!

2164 3057 2258 3110 καὶ
2281 3056 2418 3128 Υἰῷ,
2477 3058 2574 3112 ἐὰν
2596 3061 2623 3113 6
2652 3059 2781 3125 Υἱὸς
2806 3065 3058 3117 κεινωνεί
3085 3063 3162 3137 τῷ
3203 3067 3380 3139 Harp!
3423 3069 3567 3123 κατά
3597 3071 3660 3123 τὸ
3685 3070 3745 3137 ἐξ

2163 3150 2370 3219 ἀμφοῖν
2397 3149 2669 3222 ὑπάρχειν
2697 3153 2758 3205 τὸ
2794 3154 3022 3226 Πνεῦμα
3044 3172 3059 3187 ο
3091 3156 3210 3221 πῶς
3240 3158 3306 3211 σὺ
3338 3162 3401 3212 ὲκ
3429 3164 3528 3232 τῆς
3559 3164 3749 3218 τοιαύ-

2161 3256 2264 3309 της
2289 3241 2600 3309 κοινωνίας,
2630 3243 2706 3308 ὡς
2739 3246 2882 3316 τάχα
2918 3235 3041 3301 καί-ιτὅ
3070 3250 3321 3324 ἀνάγκην
3350 3255 3745 3324 συμπεραί-.ων

2161 3346 2214 3422 τι
2236 3331 2454 3400 ἀληθὲς,
2509 3335 2589 3400 εἰς
2619 3337 2679 3389 τὸ
2714 3336 2896 3407 λέγειν
2926 3342 3400 3417 τερατωδέστερον
3420 3349 3519 3419 τῆς
3555 3346 3749 3422 Ἐλλή-

2161 3418 2267 3477 νων
2300 3424 2630 3495 μυθολογίας
2683 3430 2987 3503 ἀποφαίνῃ,
3026 3434 3086 3487 τὸ
3140 3437 3293 3506 παρά
3333 3437 3442 3492 τῶν
3476 3418 3744 3496 Λατίνων

2161 3514 2666 3590 δογματιζύμενον;
2710 3522 2778 3574 Ἀ
2835 3523 2937 3593 μὲν
2978 3523 3083 3578 οὖν
3129 3527 3187 3581 ἐν
3244 3530 3357 3592 τοῖς
3395 3530 3490 3583 τοῦ
3532 3531 3742 3586 Φωτίου

2159 3606 2555 3680 Συλλογισμοῖς
2611 3612 2746 3666 τόσα
2800 3630 2861 3666 τε
2916 3615 3014 3670 καὶ
3036 3617 3237 3684 τοιάδε,
3299 3620 3396 3674 καὶ
3424 3622 3747 3694 ἀρκούντως

2160 3697 2308 3769 ἔχειν
2364 3697 2520 3770 οῐμαι
2571 3703 2669 3758 καὶ
2701 3703 2770 3758 τὰ
2806 3705 2936 3776 παρ’
2987 3707 3147 3778 ήμῶν
3206 3710 3445 3781 ρηθέντα
3494 3716 3579 3778 εἰς
3643 3714 3747 3787 τὴν

2159 3793 2387 3845 ἐκείνων
2439 3797 2752 3867 ἀνατροπὴν
2776 3813 2791 3829 ο
2823 3796 2859 3851 ἂ
2892 3799 2949 3851 δὲ
2981 3801 3076 3854 καὶ
3122 3802 3324 3873 ἐφεξῆς
3354 3807 3473 3875 ἐρεῖ
3505 3809 3742 3878 προῖὼν⁴

2158 3884 2399 3956 λογοειδῆ
2434 3887 2767 3956 ποιούμενος
2788 3890 2891 3962 τὴν
2925 3890 3183 3960 διάλεξιν,
3231 3895 3409 3952 ταῦτα
3461 3900 3744 3970 προφασί-
3839 3884 3842 3889 ’

2159 3975 2352 4039 ζεσθαι
2383 3977 2512 4041 τοὺς
2550 3979 2800 4043 Ἰταλούς
2843 3999 3000 4053 φησι,
3040 3985 3294 4054 λέγοντας
3321 3989 3751 4063 παρὰ.Ἀμ6ρο-

2160 4067 2297 4134 σίου,
2334 4068 2703 4137 Λύγουστίνου
2759 4089 2819 4126 τε
2864 4077 2960 4128 καὶ
3012 4076 3346 4150 Ἱερωνύμου
3403 4082 3505 4154 τὴν
3552 4085 3616 4137 ἐκ
3642 4084 3742 4139 τοῦ

2158 4156 2292 4210 Υἰοῦ
2344 4158 2736 4234 θεολογηθῆναι
2773 4165 3108 4236 ὲκπόρευσιν
3184 4174 3280 4225 καὶ
3340 4174 3424 4236 εἰς
3468 4173 3744 4247 αἰσχύνην

2158 4249 2294 4320 τάχα
2318 4251 2428 4305 τῶν
2468 4253 2688 4309 Ἰταλῶν
2727 4260 3124 4329 συστήσασθαι,
3148 4263 3289 4335 ὑπὲρ
3318 4267 3426 4319 τῶν
3452 4269 3543 4320 ἐπὶ
3573 4270 3744 4340 σοφίᾳ

2158 4344 2728 4415 περικλύτωντούτων
2759 4350 2971 4422 ἀνδρῶν
3033 4356 3332 4428 ἀπολογίαν
3385 4360 3742 4434 βουλόμενος,

2079 4412 2133 4473 Ῑ)
2159 4412 2303 4490 οὕτω
2334 4439 2499 4510 φησίν
2532 4457 2547 4472 ο

2232 4535 2337 4598 με’.
2398 4549 2416 4581 ι
2573 4535 2622 4586 εἰ
2663 4538 2757 4587 καὶ
2809 4536 3067 4607 εἰρήκασι
3094 4539 3254 4593 τοῦτο
3283 4542 3332 4595 οἰ
3358 4542 3723 4616 δηλωθέντες,

2158 4619 2295 4675 ἀλλὰ
2317 4621 2439 4674 κατ’
2468 4615 2785 4694 ὀίκονομίαν
2849 4624 2982 4692 ἴσως
3039 4632 3348 4703 εἰρήκασιν,
3412 4632 3556 4709 ᾗτινι
3583 4641 3677 4692 καὶ

2162 4713 2340 4781 μέγας
2369 4713 2650 4778 Βαείλειος
2701 4718 2758 4771 ὲν
2788 4722 3000 4791 καιροῖς
3037 4721 3193 4787 ἰδίοις
3239 4727 3513 4796 ἐχρήσατο
3534 4769 3548 4797 ,
3577 4728 3609 4799 ἢ
3638 4731 3738 4784 καὶ

2156 4808 2256 4873 τῆς
2280 4805 2570 4871 ἀκριϐείας
2593 4807 2669 4870 ώς
2701 4806 2986 4879 ἄνθρωποι
3014 4815 3434 4887 παρεσύρησαν,
3484 4818 3511 4872 ὃ
3545 4818 3737 4874 πολλοὶ

2159 4896 2466 4949 πεπόνθασι
2511 4896 2619 4951 τῶν
2655 4901 2912 4968 μεγάλων
2945 4904 3003 4958 ἐν
3027 4922 3187 4974 τισιν,
3217 4908 3294 4971 ὡς
3329 4909 3738 4983 Ἀλεξανδρείας

2157 4987 2458 5055 Διονύσιος,
2519 4989 2616 5044 καὶ
2664 4992 2980 5058 Μεθόδιοςό
3022 4999 3318 5070 Πατάρων,
3396 5002 3491 5057 καὶ
3524 5005 3552 5056 6
3583 5004 3735 5058 δεῖνα

2159 5079 2302 5130 καὶὸ
2339 5078 2488 5133 δεῖνα
2521 5080 2628 5134 τῶν
2669 5083 2761 5135 ἐπὶ
2817 5085 3100 5160 ἁγιωσύνῃ
3166 5090 3607 5162 ὀνομασθέντων,
3661 5089 3738 5151 ὧν

2154 5183 2305 5231 τινας
2318 5170 2502 5239 ῥήσεις
2525 5172 2626 5224 ούκ
2648 5174 3066 5248 ἀποδεχθῆναι,›
3097 5179 3247 5251 λέγει
3273 5201 3291 5234 ι
3314 5186 3382 5257 τῇ
3409 5185 3733 5258 Ἐκκλησία,

2156 5260 2252 5312 καὶ
2279 5259 2452 5316 ταῦτα
2479 5263 2571 5315 ἐπὶ
2609 5266 2720 5328 τοῖς
2764 5267 2945 5332 ἄλλοις
2979 5270 3198 5344 σφόδρα
3227 5274 3683 5342 θαυμαζομένωι.
3711 5296 3732 5333 ι

2226 5445 2372 5517 Αύτη
2396 5465 2495 5517 μεν
2539 5444 2634 5504 οὖν
2661 5453 2803 5524 ήτοῦ
2827 5455 3031 5527 Φωτίου
3071 5459 3216 5531 ὑπὲρ
3251 5463 3731 5535 Ἀμσροσίου,Αὑ-
3770 5510 3778 5517 .

2155 5541 2442 5608 γουστίνου
2475 5559 2533 5596 τε
2568 5547 2665 5598 καὶ
2696 5546 3028 5620 Ἱερωνύμου
3061 5553 3330 5624 ἀπολογία
3355 5558 3435 5622 εἰς
3460 5559 3732 5631 αἰσχύνην

2153 5632 2293 5701 τάχα
2347 5635 2735 5707 συντεθειμένη
2774 5638 2886 5693 τῶν
2925 5642 3208 5713 ὁμογενῶν
3263 5647 3448 5713 αὐτοῖς
3484 5649 3732 5706 Ἰταλῶν.

2166 5723 2357 5795 Ἡμεῖς
2374 5727 2429 5781 δὲ
2451 5729 2716 5802 αἰσχύνην
2743 5734 2945 5803 μᾶλλον
2966 5738 3139 5795 ταῦτα
3161 5741 3596 5816 διαγινώσκομεν
3628 5738 3738 5802 τῶν
