  <div class='ocr_page' id='page_1' title='image "/cluster/home/n/w/nwhite01/storage/ocr_20150623/141/coo.31924054870468/062.png"; bbox 0 0 4058 6412; ppageno 0'>
   <div class='ocr_carea' id='block_1_1' title="bbox 344 239 439 306">
    <p class='ocr_par' dir='ltr' id='par_1_1' title="bbox 344 239 439 306">
     <span class='ocr_line' id='line_1_1' title="bbox 344 239 439 306; baseline 0.021 -2"><span class='ocrx_word' id='word_1_1' title='bbox 344 239 439 306; x_wconf 71' lang='lat'><strong>199</strong></span> 
     </span>
    </p>
   </div>
   <div class='ocr_carea' id='block_1_2' title="bbox 1443 197 2482 296">
    <p class='ocr_par' dir='ltr' id='par_1_2' title="bbox 1443 197 2482 296">
     <span class='ocr_line' id='line_1_2' title="bbox 1443 197 2482 296; baseline -0.006 0"><span class='ocrx_word' id='word_1_2' title='bbox 1443 234 1544 296; x_wconf 91' lang='lat' dir='ltr'><strong>DE</strong></span> <span class='ocrx_word' id='word_1_3' title='bbox 1586 231 1880 296; x_wconf 73' lang='lat' dir='ltr'><strong>UNIONE</strong></span> <span class='ocrx_word' id='word_1_4' title='bbox 1919 197 2482 294; x_wconf 18' lang='lat' dir='ltr'><strong>ECCLESIARU‘M.</strong></span> 
     </span>
    </p>
   </div>
   <div class='ocr_carea' id='block_1_3' title="bbox 3496 224 3595 291">
    <p class='ocr_par' dir='ltr' id='par_1_3' title="bbox 3496 224 3595 291">
     <span class='ocr_line' id='line_1_3' title="bbox 3496 224 3595 291; baseline 0 -1"><span class='ocrx_word' id='word_1_5' title='bbox 3496 224 3595 291; x_wconf 72' lang='lat'><strong>11&#39;)</strong></span> 
     </span>
    </p>
   </div>
   <div class='ocr_carea' id='block_1_4' title="bbox 334 341 1930 425">
    <p class='ocr_par' dir='ltr' id='par_1_4' title="bbox 334 348 1926 425">
     <span class='ocr_line' id='line_1_4' title="bbox 334 348 1926 425; baseline -0.008 -15"><span class='ocrx_word' id='word_1_6' title='bbox 334 358 369 410; x_wconf 84' lang='grc' dir='ltr'><strong>ἀ</strong></span> <span class='ocrx_word' id='word_1_7' title='bbox 379 351 552 425; x_wconf 80' lang='grc' dir='ltr'>μφοτέ</span> <span class='ocrx_word' id='word_1_8' title='bbox 563 368 685 422; x_wconf 84' lang='grc' dir='ltr'>ραις</span> <span class='ocrx_word' id='word_1_9' title='bbox 704 350 928 407; x_wconf 84' lang='grc' dir='ltr'>ἀπωθου</span> <span class='ocrx_word' id='word_1_10' title='bbox 938 348 1118 421; x_wconf 87' lang='grc' dir='ltr'>μένων</span> <span class='ocrx_word' id='word_1_11' title='bbox 1136 349 1235 423; x_wconf 80' lang='grc' dir='ltr'>τὴν</span> <span class='ocrx_word' id='word_1_12' title='bbox 1251 350 1347 420; x_wconf 73' lang='grc' dir='ltr'><strong>τῆς</strong></span> <span class='ocrx_word' id='word_1_13' title='bbox 1365 348 1473 404; x_wconf 84' lang='grc' dir='ltr'>Ῥω</span> <span class='ocrx_word' id='word_1_14' title='bbox 1480 352 1686 420; x_wconf 80' lang='grc' dir='ltr'>μαῖκῆς</span> <span class='ocrx_word' id='word_1_15' title='bbox 1701 348 1926 418; x_wconf 84' lang='grc' dir='ltr'>Ἐκκλη.</span> 
     </span>
    </p>
   </div>
   <div class='ocr_carea' id='block_1_5' title="bbox 2031 341 3598 425">
    <p class='ocr_par' dir='ltr' id='par_1_5' title="bbox 2031 341 3598 413">
     <span class='ocr_line' id='line_1_5' title="bbox 2031 341 3598 413; baseline -0.003 -13"><span class='ocrx_word' id='word_1_16' title='bbox 2031 345 2202 411; x_wconf 89' lang='lat' dir='ltr'><strong>aiunt,</strong></span> <span class='ocrx_word' id='word_1_17' title='bbox 2231 346 2483 400; x_wconf 86' lang='lat' dir='ltr'><strong>manibus</strong></span> <span class='ocrx_word' id='word_1_18' title='bbox 2541 359 2661 400; x_wconf 89' lang='lat' dir='ltr'><strong>cum</strong></span> <span class='ocrx_word' id='word_1_19' title='bbox 2687 342 2929 399; x_wconf 76' lang='lat' dir='ltr'><strong>Romana</strong></span> <span class='ocrx_word' id='word_1_20' title='bbox 2975 341 3215 399; x_wconf 72' lang='lat' dir='ltr'><strong>Ecclesia</strong></span> <span class='ocrx_word' id='word_1_21' title='bbox 3248 357 3433 413; x_wconf 83' lang='lat' dir='ltr'><strong>pacem</strong></span> <span class='ocrx_word' id='word_1_22' title='bbox 3468 345 3598 412; x_wconf 59' lang='lat' dir='ltr'><strong>reji»</strong></span> 
     </span>
    </p>
   </div>
   <div class='ocr_carea' id='block_1_6' title="bbox 343 439 1915 515">
    <p class='ocr_par' dir='ltr' id='par_1_6' title="bbox 343 439 1915 515">
     <span class='ocr_line' id='line_1_6' title="bbox 343 439 1915 515; baseline -0.003 -18"><span class='ocrx_word' id='word_1_23' title='bbox 343 445 469 500; x_wconf 80' lang='grc' dir='ltr'>σίας</span> <span class='ocrx_word' id='word_1_24' title='bbox 501 444 749 515; x_wconf 74' lang='grc' dir='ltr'>είρήνην.</span> <span class='ocrx_word' id='word_1_25' title='bbox 770 444 882 497; x_wconf 74' lang='grc' dir='ltr'><strong>Καὶ</strong></span> <span class='ocrx_word' id='word_1_26' title='bbox 896 449 1089 497; x_wconf 76' lang='grc' dir='ltr'>σκόπει</span> <span class='ocrx_word' id='word_1_27' title='bbox 1121 444 1255 514; x_wconf 77' lang='grc' dir='ltr'>πρὸς</span> <span class='ocrx_word' id='word_1_28' title='bbox 1285 442 1386 511; x_wconf 80' lang='grc' dir='ltr'>τῆς</span> <span class='ocrx_word' id='word_1_29' title='bbox 1436 439 1697 514; x_wconf 84' lang='grc' dir='ltr'>ἀληθείας</span> <span class='ocrx_word' id='word_1_30' title='bbox 1745 440 1915 510; x_wconf 77' lang='grc' dir='ltr'>αὐτῆς</span> 
     </span>
    </p>
   </div>
   <div class='ocr_carea' id='block_1_7' title="bbox 2017 429 3592 500">
    <p class='ocr_par' dir='ltr' id='par_1_7' title="bbox 2017 429 3592 500">
     <span class='ocr_line' id='line_1_7' title="bbox 2017 429 3592 500; baseline -0.004 -12"><span class='ocrx_word' id='word_1_31' title='bbox 2017 436 2191 489; x_wconf 88' lang='lat' dir='ltr'><strong>ciunt.</strong></span> <span class='ocrx_word' id='word_1_32' title='bbox 2231 432 2297 490; x_wconf 83' lang='lat' dir='ltr'><strong>Et</strong></span> <span class='ocrx_word' id='word_1_33' title='bbox 2322 441 2528 489; x_wconf 88' lang='lat' dir='ltr'><strong>attente</strong></span> <span class='ocrx_word' id='word_1_34' title='bbox 2559 432 2891 497; x_wconf 87' lang='lat' dir='ltr'><strong>consideret,</strong></span> <span class='ocrx_word' id='word_1_35' title='bbox 2935 446 3032 500; x_wconf 87' lang='lat' dir='ltr'><strong>per</strong></span> <span class='ocrx_word' id='word_1_36' title='bbox 3075 431 3359 485; x_wconf 82' lang='lat' dir='ltr'><strong>veritatem</strong></span> <span class='ocrx_word' id='word_1_37' title='bbox 3395 429 3592 499; x_wconf 87' lang='lat' dir='ltr'><strong>ipsam,</strong></span> 
     </span>
    </p>
   </div>
   <div class='ocr_carea' id='block_1_8' title="bbox 340 519 1930 606">
    <p class='ocr_par' dir='ltr' id='par_1_8' title="bbox 340 529 1918 606">
     <span class='ocr_line' id='line_1_8' title="bbox 340 529 1918 606; baseline -0.004 -18"><span class='ocrx_word' id='word_1_38' title='bbox 340 537 369 588; x_wconf 83' lang='grc' dir='ltr'>ὁ</span> <span class='ocrx_word' id='word_1_39' title='bbox 404 534 754 606; x_wconf 85' lang='grc' dir='ltr'>βουλόμενος.</span> <span class='ocrx_word' id='word_1_40' title='bbox 787 533 925 588; x_wconf 80' lang='grc' dir='ltr'>Κατ’</span> <span class='ocrx_word' id='word_1_41' title='bbox 955 534 1270 603; x_wconf 78' lang='grc' dir='ltr'>οἰκονομίαν</span> <span class='ocrx_word' id='word_1_42' title='bbox 1293 533 1421 605; x_wconf 67' lang='grc' dir='ltr'>φῂς,</span> <span class='ocrx_word' id='word_1_43' title='bbox 1444 532 1639 597; x_wconf 79' lang='grc' dir='ltr'>Φὼτιε,</span> <span class='ocrx_word' id='word_1_44' title='bbox 1681 529 1918 601; x_wconf 80' lang='grc' dir='ltr'>Ἀμϐρό-</span> 
     </span>
    </p>
   </div>
   <div class='ocr_carea' id='block_1_9' title="bbox 2031 519 3593 606">
    <p class='ocr_par' dir='ltr' id='par_1_9' title="bbox 2031 519 3593 591">
     <span class='ocr_line' id='line_1_9' title="bbox 2031 519 3593 591; baseline -0.005 -12"><span class='ocrx_word' id='word_1_45' title='bbox 2031 527 2106 580; x_wconf 70' lang='lat' dir='ltr'><strong>sui</strong></span> <span class='ocrx_word' id='word_1_46' title='bbox 2134 524 2364 579; x_wconf 92' lang='lat' dir='ltr'><strong>lubitum</strong></span> <span class='ocrx_word' id='word_1_47' title='bbox 2398 522 2585 579; x_wconf 79' lang='lat' dir='ltr'><strong>fuerit.</strong></span> <span class='ocrx_word' id='word_1_48' title='bbox 2620 522 2935 579; x_wconf 88' lang='lat' dir='ltr'><strong>Secundum</strong></span> <span class='ocrx_word' id='word_1_49' title='bbox 2970 519 3461 591; x_wconf 87' lang='lat' dir='ltr'><strong>dispensationem,</strong></span> <span class='ocrx_word' id='word_1_50' title='bbox 3487 521 3593 582; x_wconf 90' lang='lat' dir='ltr'><strong>ais,</strong></span> 
     </span>
    </p>
   </div>
   <div class='ocr_carea' id='block_1_10' title="bbox 333 621 1917 695">
    <p class='ocr_par' dir='ltr' id='par_1_10' title="bbox 333 621 1917 695">
     <span class='ocr_line' id='line_1_10' title="bbox 333 621 1917 695; baseline -0.002 -18"><span class='ocrx_word' id='word_1_51' title='bbox 333 641 477 688; x_wconf 87' lang='grc' dir='ltr'>σιον,</span> <span class='ocrx_word' id='word_1_52' title='bbox 531 625 924 693; x_wconf 79' lang='grc' dir='ltr'>Δύγουστῖνον,</span> <span class='ocrx_word' id='word_1_53' title='bbox 951 626 1051 678; x_wconf 74' lang='grc' dir='ltr'>καὶ</span> <span class='ocrx_word' id='word_1_54' title='bbox 1087 622 1417 695; x_wconf 84' lang='grc' dir='ltr'>Ἱερώνυμον</span> <span class='ocrx_word' id='word_1_55' title='bbox 1463 624 1528 677; x_wconf 73' lang='grc' dir='ltr'>ἐκ</span> <span class='ocrx_word' id='word_1_56' title='bbox 1554 622 1772 693; x_wconf 79' lang='grc' dir='ltr'>Πατρδς</span> <span class='ocrx_word' id='word_1_57' title='bbox 1821 621 1917 675; x_wconf 80' lang='grc' dir='ltr'>καὶ</span> 
     </span>
    </p>
   </div>
   <div class='ocr_carea' id='block_1_11' title="bbox 332 707 1915 788">
    <p class='ocr_par' dir='ltr' id='par_1_11' title="bbox 332 707 1915 788">
     <span class='ocr_line' id='line_1_11' title="bbox 332 707 1915 788; baseline -0.001 -20"><span class='ocrx_word' id='word_1_58' title='bbox 332 714 467 769; x_wconf 79' lang='grc' dir='ltr'><strong>Υίοῦ</strong></span> <span class='ocrx_word' id='word_1_59' title='bbox 520 715 585 768; x_wconf 77' lang='grc' dir='ltr'><strong>τὸ</strong></span> <span class='ocrx_word' id='word_1_60' title='bbox 614 716 845 787; x_wconf 78' lang='grc' dir='ltr'><strong>Πνεῦμα</strong></span> <span class='ocrx_word' id='word_1_61' title='bbox 866 716 1215 788; x_wconf 62' lang='grc' dir='ltr'>θεολογῆσαι,</span> <span class='ocrx_word' id='word_1_62' title='bbox 1252 707 1402 788; x_wconf 80' lang='grc' dir='ltr'>ᾖκαὶ</span> <span class='ocrx_word' id='word_1_63' title='bbox 1438 715 1529 768; x_wconf 75' lang='grc' dir='ltr'>τὸν</span> <span class='ocrx_word' id='word_1_64' title='bbox 1594 715 1771 785; x_wconf 88' lang='grc' dir='ltr'>μέγαν</span> <span class='ocrx_word' id='word_1_65' title='bbox 1806 713 1915 768; x_wconf 85' lang='grc' dir='ltr'>Βα-</span> 
     </span>
    </p>
   </div>
   <div class='ocr_carea' id='block_1_12' title="bbox 332 806 1915 879">
    <p class='ocr_par' dir='ltr' id='par_1_12' title="bbox 332 806 1915 879">
     <span class='ocr_line' id='line_1_12' title="bbox 332 806 1915 879; baseline -0.001 -18"><span class='ocrx_word' id='word_1_66' title='bbox 332 807 543 861; x_wconf 79' lang='grc' dir='ltr'>σίλειον</span> <span class='ocrx_word' id='word_1_67' title='bbox 579 808 639 860; x_wconf 79' lang='grc' dir='ltr'>ὲν</span> <span class='ocrx_word' id='word_1_68' title='bbox 670 810 889 878; x_wconf 81' lang='grc' dir='ltr'>καιροῖς</span> <span class='ocrx_word' id='word_1_69' title='bbox 930 807 1085 873; x_wconf 84' lang='grc' dir='ltr'>ίδίοις</span> <span class='ocrx_word' id='word_1_70' title='bbox 1138 807 1425 877; x_wconf 79' lang='grc' dir='ltr'><strong>ὁμολογεῖς</strong></span> <span class='ocrx_word' id='word_1_71' title='bbox 1474 806 1808 879; x_wconf 73' lang='grc' dir='ltr'>χρησασθαι.</span> <span class='ocrx_word' id='word_1_72' title='bbox 1843 806 1915 859; x_wconf 84' lang='grc' dir='ltr'><strong>Σὺ</strong></span> 
     </span>
    </p>
   </div>
   <div class='ocr_carea' id='block_1_13' title="bbox 332 897 1919 973">
    <p class='ocr_par' dir='ltr' id='par_1_13' title="bbox 332 897 1919 973">
     <span class='ocr_line' id='line_1_13' title="bbox 332 897 1919 973; baseline -0.002 -19"><span class='ocrx_word' id='word_1_73' title='bbox 332 900 472 970; x_wconf 81' lang='grc' dir='ltr'>γοῦν</span> <span class='ocrx_word' id='word_1_74' title='bbox 499 900 616 965; x_wconf 83' lang='grc' dir='ltr'><strong>πῶς</strong></span> <span class='ocrx_word' id='word_1_75' title='bbox 646 901 749 953; x_wconf 82' lang='grc' dir='ltr'>οὐκ</span> <span class='ocrx_word' id='word_1_76' title='bbox 772 900 1007 972; x_wconf 70' lang='grc' dir='ltr'>ἡδέσθης</span> <span class='ocrx_word' id='word_1_77' title='bbox 1028 901 1360 973; x_wconf 74' lang='grc' dir='ltr'><strong>ὑψηλότερον</strong></span> <span class='ocrx_word' id='word_1_78' title='bbox 1390 900 1423 972; x_wconf 78' lang='grc' dir='ltr'>ἢ</span> <span class='ocrx_word' id='word_1_79' title='bbox 1455 899 1597 954; x_wconf 87' lang='grc' dir='ltr'><strong>κατά</strong></span> <span class='ocrx_word' id='word_1_80' title='bbox 1618 898 1710 953; x_wconf 75' lang='grc' dir='ltr'>τὸν</span> <span class='ocrx_word' id='word_1_81' title='bbox 1744 897 1919 970; x_wconf 84' lang='grc' dir='ltr'>μέγαν</span> 
     </span>
    </p>
   </div>
   <div class='ocr_carea' id='block_1_14' title="bbox 330 988 1921 1064">
    <p class='ocr_par' dir='ltr' id='par_1_14' title="bbox 330 988 1921 1064">
     <span class='ocr_line' id='line_1_14' title="bbox 330 988 1921 1064; baseline -0.002 -19"><span class='ocrx_word' id='word_1_82' title='bbox 330 992 625 1046; x_wconf 79' lang='grc' dir='ltr'>Βασίλειον</span> <span class='ocrx_word' id='word_1_83' title='bbox 681 993 881 1064; x_wconf 54' lang='grc' dir='ltr'>ἑαυτῷ,</span> <span class='ocrx_word' id='word_1_84' title='bbox 907 992 1007 1063; x_wconf 78' lang='grc' dir='ltr'>τὴν</span> <span class='ocrx_word' id='word_1_85' title='bbox 1046 992 1338 1063; x_wconf 85' lang='grc' dir='ltr'>ἀκρίϐειαν</span> <span class='ocrx_word' id='word_1_86' title='bbox 1366 991 1793 1063; x_wconf 75' lang='grc' dir='ltr'>φανταζόμενος,</span> <span class='ocrx_word' id='word_1_87' title='bbox 1825 988 1921 1043; x_wconf 78' lang='grc' dir='ltr'>καὶ</span> 
     </span>
    </p>
   </div>
   <div class='ocr_carea' id='block_1_15' title="bbox 332 1080 1919 1157">
    <p class='ocr_par' dir='ltr' id='par_1_15' title="bbox 332 1080 1919 1157">
     <span class='ocr_line' id='line_1_15' title="bbox 332 1080 1919 1157; baseline -0.003 -19"><span class='ocrx_word' id='word_1_88' title='bbox 332 1087 450 1148; x_wconf 88' lang='grc' dir='ltr'>τοῖς</span> <span class='ocrx_word' id='word_1_89' title='bbox 475 1082 895 1155; x_wconf 75' lang='grc' dir='ltr'>ἀσθενεστέροις</span> <span class='ocrx_word' id='word_1_90' title='bbox 944 1085 1029 1155; x_wconf 71' lang='grc' dir='ltr'>,μὴ</span> <span class='ocrx_word' id='word_1_91' title='bbox 1086 1085 1655 1157; x_wconf 65' lang='grc' dir='ltr'>συμπεμαγόμενοςς</span> <span class='ocrx_word' id='word_1_92' title='bbox 1707 1081 1832 1144; x_wconf 84' lang='grc' dir='ltr'><strong>Πῶς</strong></span> <span class='ocrx_word' id='word_1_93' title='bbox 1861 1080 1919 1133; x_wconf 84' lang='grc' dir='ltr'>δὲ</span> 
     </span>
    </p>
   </div>
   <div class='ocr_carea' id='block_1_16' title="bbox 337 1172 1921 1248">
    <p class='ocr_par' dir='ltr' id='par_1_16' title="bbox 337 1172 1921 1248">
     <span class='ocr_line' id='line_1_16' title="bbox 337 1172 1921 1248; baseline -0.001 -19"><span class='ocrx_word' id='word_1_94' title='bbox 337 1177 441 1229; x_wconf 78' lang='grc' dir='ltr'>οὐκ</span> <span class='ocrx_word' id='word_1_95' title='bbox 478 1175 719 1245; x_wconf 78' lang='grc' dir='ltr'>ὲλογίσω</span> <span class='ocrx_word' id='word_1_96' title='bbox 759 1176 887 1241; x_wconf 82' lang='grc' dir='ltr'>τοὺς</span> <span class='ocrx_word' id='word_1_97' title='bbox 938 1178 995 1230; x_wconf 80' lang='grc' dir='ltr'>ὲν</span> <span class='ocrx_word' id='word_1_98' title='bbox 1043 1179 1164 1241; x_wconf 86' lang='grc' dir='ltr'>ταῖς</span> <span class='ocrx_word' id='word_1_99' title='bbox 1214 1177 1470 1248; x_wconf 83' lang='grc' dir='ltr'>ἀρχαίαις</span> <span class='ocrx_word' id='word_1_100' title='bbox 1517 1175 1758 1240; x_wconf 80' lang='grc' dir='ltr'>ἐκείναις</span> <span class='ocrx_word' id='word_1_101' title='bbox 1784 1172 1921 1245; x_wconf 77' lang='grc' dir='ltr'>ἠμέ-</span> 
     </span>
    </p>
   </div>
   <div class='ocr_carea' id='block_1_17' title="bbox 338 1266 1916 1341">
    <p class='ocr_par' dir='ltr' id='par_1_17' title="bbox 338 1266 1916 1341">
     <span class='ocr_line' id='line_1_17' title="bbox 338 1266 1916 1341; baseline 0 -20"><span class='ocrx_word' id='word_1_102' title='bbox 338 1284 464 1337; x_wconf 74' lang='grc' dir='ltr'>ραις</span> <span class='ocrx_word' id='word_1_103' title='bbox 492 1270 551 1322; x_wconf 75' lang='grc' dir='ltr'>ἐν</span> <span class='ocrx_word' id='word_1_104' title='bbox 584 1268 660 1339; x_wconf 86' lang='grc' dir='ltr'>τῷ</span> <span class='ocrx_word' id='word_1_105' title='bbox 687 1266 1037 1339; x_wconf 73' lang='grc' dir='ltr'>στερεώματι</span> <span class='ocrx_word' id='word_1_106' title='bbox 1084 1271 1183 1341; x_wconf 84' lang='grc' dir='ltr'>τῆς</span> <span class='ocrx_word' id='word_1_107' title='bbox 1241 1268 1371 1323; x_wconf 75' lang='grc' dir='ltr'>’καθ’</span> <span class='ocrx_word' id='word_1_108' title='bbox 1397 1270 1545 1340; x_wconf 71' lang='grc' dir='ltr'>ἡμᾶς</span> <span class='ocrx_word' id='word_1_109' title='bbox 1586 1268 1916 1339; x_wconf 81' lang='grc' dir='ltr'>Ἐκκλησίας</span> 
     </span>
    </p>
   </div>
   <div class='ocr_carea' id='block_1_18' title="bbox 336 1359 1922 1431">
    <p class='ocr_par' dir='ltr' id='par_1_18' title="bbox 336 1359 1922 1431">
     <span class='ocr_line' id='line_1_18' title="bbox 336 1359 1922 1431; baseline 0.001 -19"><span class='ocrx_word' id='word_1_110' title='bbox 336 1359 758 1429; x_wconf 76' lang='grc' dir='ltr'>διαλάμψαντας</span> <span class='ocrx_word' id='word_1_111' title='bbox 802 1360 1056 1430; x_wconf 85' lang='grc' dir='ltr'>Πατέρας</span> <span class='ocrx_word' id='word_1_112' title='bbox 1096 1360 1275 1431; x_wconf 76' lang='grc' dir='ltr'>ἡμῶν,</span> <span class='ocrx_word' id='word_1_113' title='bbox 1317 1361 1484 1415; x_wconf 88' lang='grc' dir='ltr'>αὐτόν</span> <span class='ocrx_word' id='word_1_114' title='bbox 1534 1360 1593 1414; x_wconf 86' lang='grc' dir='ltr'><strong>τέ</strong></span> <span class='ocrx_word' id='word_1_115' title='bbox 1640 1377 1783 1431; x_wconf 80' lang='grc' dir='ltr'>φημι</span> <span class='ocrx_word' id='word_1_116' title='bbox 1829 1359 1922 1414; x_wconf 80' lang='grc' dir='ltr'>τὸν</span> 
     </span>
    </p>
   </div>
   <div class='ocr_carea' id='block_1_19' title="bbox 340 1450 1922 1522">
    <p class='ocr_par' dir='ltr' id='par_1_19' title="bbox 340 1450 1922 1522">
     <span class='ocr_line' id='line_1_19' title="bbox 340 1450 1922 1522; baseline 0 -19"><span class='ocrx_word' id='word_1_117' title='bbox 340 1451 523 1519; x_wconf 86' lang='grc' dir='ltr'>μέγαν</span> <span class='ocrx_word' id='word_1_118' title='bbox 546 1450 860 1518; x_wconf 70' lang='grc' dir='ltr'>Βασίλειον,</span> <span class='ocrx_word' id='word_1_119' title='bbox 882 1452 974 1505; x_wconf 75' lang='grc' dir='ltr'><strong>τὸν</strong></span> <span class='ocrx_word' id='word_1_120' title='bbox 1021 1451 1309 1518; x_wconf 77' lang='grc' dir='ltr'>ἐπώνυμον</span> <span class='ocrx_word' id='word_1_121' title='bbox 1334 1452 1435 1521; x_wconf 83' lang='grc' dir='ltr'>τῆς</span> <span class='ocrx_word' id='word_1_122' title='bbox 1466 1451 1744 1521; x_wconf 83' lang='grc' dir='ltr'>θεολογίας</span> <span class='ocrx_word' id='word_1_123' title='bbox 1778 1452 1922 1522; x_wconf 83' lang='grc' dir='ltr'>Γρη-</span> 
     </span>
    </p>
   </div>
   <div class='ocr_carea' id='block_1_20' title="bbox 337 1543 1922 1616">
    <p class='ocr_par' dir='ltr' id='par_1_20' title="bbox 337 1543 1922 1616">
     <span class='ocr_line' id='line_1_20' title="bbox 337 1543 1922 1616; baseline 0.001 -20"><span class='ocrx_word' id='word_1_124' title='bbox 337 1545 549 1616; x_wconf 88' lang='grc' dir='ltr'>γόριον,</span> <span class='ocrx_word' id='word_1_125' title='bbox 610 1544 701 1597; x_wconf 76' lang='grc' dir='ltr'>τὸν</span> <span class='ocrx_word' id='word_1_126' title='bbox 756 1544 982 1614; x_wconf 75' lang='grc' dir='ltr'>Νύσσης</span> <span class='ocrx_word' id='word_1_127' title='bbox 1035 1543 1195 1609; x_wconf 79' lang='grc' dir='ltr'>αὖθις</span> <span class='ocrx_word' id='word_1_128' title='bbox 1258 1545 1583 1616; x_wconf 83' lang='grc' dir='ltr'>Γρηγόριον,</span> <span class='ocrx_word' id='word_1_129' title='bbox 1669 1545 1922 1615; x_wconf 80' lang='grc' dir='ltr'>Ἰωάννην</span> 
     </span>
    </p>
   </div>
   <div class='ocr_carea' id='block_1_21' title="bbox 338 1634 1922 1706">
    <p class='ocr_par' dir='ltr' id='par_1_21' title="bbox 338 1634 1922 1706">
     <span class='ocr_line' id='line_1_21' title="bbox 338 1634 1922 1706; baseline 0.001 -17"><span class='ocrx_word' id='word_1_130' title='bbox 338 1636 429 1689; x_wconf 73' lang='grc' dir='ltr'>τὸν</span> <span class='ocrx_word' id='word_1_131' title='bbox 466 1634 938 1706; x_wconf 74' lang='grc' dir='ltr'>Χρυσορρήμονα,</span> <span class='ocrx_word' id='word_1_132' title='bbox 993 1634 1073 1688; x_wconf 77' lang='grc' dir='ltr'>ἔτι</span> <span class='ocrx_word' id='word_1_133' title='bbox 1108 1635 1165 1690; x_wconf 85' lang='grc' dir='ltr'>δὲ</span> <span class='ocrx_word' id='word_1_134' title='bbox 1215 1638 1311 1689; x_wconf 74' lang='grc' dir='ltr'>καὶ</span> <span class='ocrx_word' id='word_1_135' title='bbox 1362 1637 1490 1700; x_wconf 80' lang='grc' dir='ltr'>τοὺς</span> <span class='ocrx_word' id='word_1_136' title='bbox 1544 1636 1667 1706; x_wconf 80' lang='grc' dir='ltr'>μετ’</span> <span class='ocrx_word' id='word_1_137' title='bbox 1725 1636 1922 1699; x_wconf 75' lang='grc' dir='ltr'>αὐτοὺς</span> 
     </span>
    </p>
   </div>
   <div class='ocr_carea' id='block_1_22' title="bbox 343 1702 1994 1799">
    <p class='ocr_par' dir='ltr' id='par_1_22' title="bbox 343 1702 1994 1799">
     <span class='ocr_line' id='line_1_22' title="bbox 343 1702 1994 1799; baseline -0.001 -18"><span class='ocrx_word' id='word_1_138' title='bbox 343 1702 728 1798; x_wconf 75' lang='grc' dir='ltr'>ἀναφανέντας</span> <span class='ocrx_word' id='word_1_139' title='bbox 755 1702 1018 1793; x_wconf 57' lang='grc' dir='ltr'><strong>⁷πολλοὺς</strong></span> <span class='ocrx_word' id='word_1_140' title='bbox 1073 1729 1169 1781; x_wconf 74' lang='grc' dir='ltr'>καὶ</span> <span class='ocrx_word' id='word_1_141' title='bbox 1225 1728 1519 1799; x_wconf 76' lang='grc' dir='ltr'>μεγάλους,</span> <span class='ocrx_word' id='word_1_142' title='bbox 1546 1702 1629 1781; x_wconf 19' lang='grc' dir='ltr'>ἠοῖ</span> <span class='ocrx_word' id='word_1_143' title='bbox 1697 1728 1918 1794; x_wconf 79' lang='grc' dir='ltr'>πάντες,</span> <span class='ocrx_word' id='word_1_144' title='bbox 1949 1702 1994 1758; x_wconf 73' lang='grc' dir='ltr'><strong>Β</strong></span> 
     </span>
    </p>
   </div>
   <div class='ocr_carea' id='block_1_23' title="bbox 360 1818 1922 1892">
    <p class='ocr_par' dir='ltr' id='par_1_23' title="bbox 360 1818 1922 1892">
     <span class='ocr_line' id='line_1_23' title="bbox 360 1818 1922 1892; baseline -0.001 -19"><span class='ocrx_word' id='word_1_145' title='bbox 360 1819 682 1890; x_wconf 81' lang='grc' dir='ltr'>’Δμϐροσίου</span> <span class='ocrx_word' id='word_1_146' title='bbox 709 1860 724 1886; x_wconf 91' lang='grc'><strong>,</strong></span> <span class='ocrx_word' id='word_1_147' title='bbox 770 1818 1143 1887; x_wconf 82' lang='grc' dir='ltr'>Αὐγουστίνου</span> <span class='ocrx_word' id='word_1_148' title='bbox 1182 1837 1243 1874; x_wconf 89' lang='grc' dir='ltr'><strong>τε</strong></span> <span class='ocrx_word' id='word_1_149' title='bbox 1283 1822 1379 1874; x_wconf 70' lang='grc' dir='ltr'><strong>καὶ</strong></span> <span class='ocrx_word' id='word_1_150' title='bbox 1433 1819 1760 1892; x_wconf 80' lang='grc' dir='ltr'>Ἱερωνύμου</span> <span class='ocrx_word' id='word_1_151' title='bbox 1808 1822 1922 1885; x_wconf 88' lang='grc' dir='ltr'>τοῖς</span> 
     </span>
    </p>
   </div>
   <div class='ocr_carea' id='block_1_24' title="bbox 348 1911 1923 1987">
    <p class='ocr_par' dir='ltr' id='par_1_24' title="bbox 348 1911 1923 1987">
     <span class='ocr_line' id='line_1_24' title="bbox 348 1911 1923 1987; baseline 0.003 -24"><span class='ocrx_word' id='word_1_152' title='bbox 348 1911 785 1981; x_wconf 82' lang='grc' dir='ltr'>συγγράιιμασιν</span> <span class='ocrx_word' id='word_1_153' title='bbox 825 1914 1271 1984; x_wconf 74' lang='grc' dir='ltr'>ἐντυγχάνοντες,</span> <span class='ocrx_word' id='word_1_154' title='bbox 1307 1912 1507 1978; x_wconf 85' lang='grc' dir='ltr'>αὐτούς</span> <span class='ocrx_word' id='word_1_155' title='bbox 1546 1932 1605 1967; x_wconf 80' lang='grc' dir='ltr'><strong>τε</strong></span> <span class='ocrx_word' id='word_1_156' title='bbox 1636 1916 1764 1978; x_wconf 77' lang='grc' dir='ltr'>τοὺς</span> <span class='ocrx_word' id='word_1_157' title='bbox 1823 1915 1923 1987; x_wconf 77' lang='grc' dir='ltr'>τὴν</span> 
     </span>
    </p>
   </div>
   <div class='ocr_carea' id='block_1_25' title="bbox 339 2003 1921 2079">
    <p class='ocr_par' dir='ltr' id='par_1_25' title="bbox 339 2003 1921 2079">
     <span class='ocr_line' id='line_1_25' title="bbox 339 2003 1921 2079; baseline 0.004 -22"><span class='ocrx_word' id='word_1_158' title='bbox 339 2006 406 2057; x_wconf 86' lang='grc' dir='ltr'>ὲκ</span> <span class='ocrx_word' id='word_1_159' title='bbox 430 2003 526 2057; x_wconf 86' lang='grc' dir='ltr'>τοῦ</span> <span class='ocrx_word' id='word_1_160' title='bbox 565 2003 699 2058; x_wconf 86' lang='grc' dir='ltr'><strong>Υίοῦ</strong></span> <span class='ocrx_word' id='word_1_161' title='bbox 734 2004 1067 2076; x_wconf 81' lang='grc' dir='ltr'>ἐκπόρευσιν</span> <span class='ocrx_word' id='word_1_162' title='bbox 1101 2007 1400 2077; x_wconf 81' lang='grc' dir='ltr'>εἰρηκότας</span> <span class='ocrx_word' id='word_1_163' title='bbox 1443 2006 1538 2061; x_wconf 84' lang='grc' dir='ltr'>τοῦ</span> <span class='ocrx_word' id='word_1_164' title='bbox 1579 2007 1921 2079; x_wconf 85' lang='grc' dir='ltr'>Πνεύματος,</span> 
     </span>
    </p>
   </div>
   <div class='ocr_carea' id='block_1_26' title="bbox 337 2096 1924 2171">
    <p class='ocr_par' dir='ltr' id='par_1_26' title="bbox 337 2096 1924 2171">
     <span class='ocr_line' id='line_1_26' title="bbox 337 2096 1924 2171; baseline 0.001 -22"><span class='ocrx_word' id='word_1_165' title='bbox 337 2096 419 2166; x_wconf 73' lang='grc' dir='ltr'><strong>τῷ</strong></span> <span class='ocrx_word' id='word_1_166' title='bbox 445 2097 558 2151; x_wconf 85' lang='grc' dir='ltr'><strong>τῶν</strong></span> <span class='ocrx_word' id='word_1_167' title='bbox 589 2099 765 2167; x_wconf 74' lang='grc' dir='ltr'>ἁγίων</span> <span class='ocrx_word' id='word_1_168' title='bbox 799 2098 1174 2170; x_wconf 84' lang='grc' dir='ltr'>συνηρίθμουν</span> <span class='ocrx_word' id='word_1_169' title='bbox 1204 2098 1372 2171; x_wconf 83' lang='grc' dir='ltr'>χορῷ,</span> <span class='ocrx_word' id='word_1_170' title='bbox 1406 2100 1502 2153; x_wconf 67' lang='grc' dir='ltr'><strong>καὶ⁹</strong></span> <span class='ocrx_word' id='word_1_171' title='bbox 1546 2099 1647 2170; x_wconf 84' lang='grc' dir='ltr'>τὴν</span> <span class='ocrx_word' id='word_1_172' title='bbox 1684 2100 1753 2152; x_wconf 65' lang='grc' dir='ltr'><strong>τὰ</strong></span> <span class='ocrx_word' id='word_1_173' title='bbox 1793 2115 1924 2168; x_wconf 86' lang='grc' dir='ltr'>συγ-</span> 
     </span>
    </p>
   </div>
   <div class='ocr_carea' id='block_1_27' title="bbox 236 2190 1925 2271">
    <p class='ocr_par' dir='ltr' id='par_1_27' title="bbox 236 2190 1925 2271">
     <span class='ocr_line' id='line_1_27' title="bbox 236 2190 1925 2271; baseline 0.002 -29"><span class='ocrx_word' id='word_1_174' title='bbox 236 2258 245 2271; x_wconf 27' lang='grc'>,</span> <span class='ocrx_word' id='word_1_175' title='bbox 336 2191 656 2262; x_wconf 79' lang='grc' dir='ltr'>γράμματα</span> <span class='ocrx_word' id='word_1_176' title='bbox 703 2192 889 2248; x_wconf 76' lang='grc' dir='ltr'>αὐτῶν</span> <span class='ocrx_word' id='word_1_177' title='bbox 959 2192 1357 2265; x_wconf 73' lang='grc' dir='ltr'>ἀσπαζομένην</span> <span class='ocrx_word' id='word_1_178' title='bbox 1422 2190 1757 2263; x_wconf 79' lang='grc' dir='ltr'>Ἐκκλησίαν</span> <span class='ocrx_word' id='word_1_179' title='bbox 1821 2190 1925 2261; x_wconf 84' lang='grc' dir='ltr'>τῆς</span> 
     </span>
    </p>
   </div>
   <div class='ocr_carea' id='block_1_28' title="bbox 343 2279 1926 2355">
    <p class='ocr_par' dir='ltr' id='par_1_28' title="bbox 343 2279 1926 2355">
     <span class='ocr_line' id='line_1_28' title="bbox 343 2279 1926 2355; baseline 0.001 -19"><span class='ocrx_word' id='word_1_180' title='bbox 343 2282 579 2354; x_wconf 75' lang='grc' dir='ltr'>Ῥώμης</span> <span class='ocrx_word' id='word_1_181' title='bbox 632 2284 962 2355; x_wconf 80' lang='grc' dir='ltr'>κοινωνικὴν</span> <span class='ocrx_word' id='word_1_182' title='bbox 992 2279 1164 2355; x_wconf 77' lang='grc' dir='ltr'>εἶχον,</span> <span class='ocrx_word' id='word_1_183' title='bbox 1194 2285 1290 2338; x_wconf 74' lang='grc' dir='ltr'>καὶ</span> <span class='ocrx_word' id='word_1_184' title='bbox 1337 2284 1414 2348; x_wconf 83' lang='grc' dir='ltr'><strong>ὡς</strong></span> <span class='ocrx_word' id='word_1_185' title='bbox 1445 2284 1618 2354; x_wconf 79' lang='grc' dir='ltr'>μητρὶ</span> <span class='ocrx_word' id='word_1_186' title='bbox 1651 2282 1763 2337; x_wconf 83' lang='grc' dir='ltr'><strong>τῶν</strong></span> <span class='ocrx_word' id='word_1_187' title='bbox 1798 2283 1926 2337; x_wconf 86' lang='grc' dir='ltr'>Ἐκ-</span> 
     </span>
    </p>
   </div>
   <div class='ocr_carea' id='block_1_29' title="bbox 337 2373 1927 2447">
    <p class='ocr_par' dir='ltr' id='par_1_29' title="bbox 337 2373 1927 2447">
     <span class='ocr_line' id='line_1_29' title="bbox 337 2373 1927 2447; baseline -0.001 -19"><span class='ocrx_word' id='word_1_188' title='bbox 337 2373 590 2444; x_wconf 77' lang='grc' dir='ltr'>κλησιῶν</span> <span class='ocrx_word' id='word_1_189' title='bbox 623 2377 917 2447; x_wconf 80' lang='grc' dir='ltr'>προσεῖχον</span> <span class='ocrx_word' id='word_1_190' title='bbox 951 2375 1091 2446; x_wconf 77' lang='grc' dir='ltr'>αὐτῇ</span> <span class='ocrx_word' id='word_1_191' title='bbox 1128 2393 1142 2441; x_wconf 85' lang='grc'>;</span> <span class='ocrx_word' id='word_1_192' title='bbox 1177 2377 1298 2430; x_wconf 77' lang='grc' dir='ltr'>Ὅτι</span> <span class='ocrx_word' id='word_1_193' title='bbox 1329 2375 1386 2430; x_wconf 82' lang='grc' dir='ltr'>δὲ</span> <span class='ocrx_word' id='word_1_194' title='bbox 1414 2376 1800 2446; x_wconf 83' lang='grc' dir='ltr'>παρασυρῆναι</span> <span class='ocrx_word' id='word_1_195' title='bbox 1825 2373 1927 2444; x_wconf 82' lang='grc' dir='ltr'>τῆς</span> 
     </span>
    </p>
   </div>
   <div class='ocr_carea' id='block_1_30' title="bbox 338 2458 1926 2536">
    <p class='ocr_par' dir='ltr' id='par_1_30' title="bbox 338 2458 1926 2536">
     <span class='ocr_line' id='line_1_30' title="bbox 338 2458 1926 2536; baseline -0.001 -16"><span class='ocrx_word' id='word_1_196' title='bbox 338 2464 635 2536; x_wconf 81' lang='grc' dir='ltr'>ἀκριϐείας</span> <span class='ocrx_word' id='word_1_197' title='bbox 670 2466 871 2528; x_wconf 73' lang='grc' dir='ltr'>αὐτοὺς</span> <span class='ocrx_word' id='word_1_198' title='bbox 929 2465 1089 2535; x_wconf 78' lang='grc' dir='ltr'>ἔφης,</span> <span class='ocrx_word' id='word_1_199' title='bbox 1122 2465 1199 2529; x_wconf 86' lang='grc' dir='ltr'>ὼς</span> <span class='ocrx_word' id='word_1_200' title='bbox 1228 2458 1319 2519; x_wconf 77' lang='grc' dir='ltr'>τὸν</span> <span class='ocrx_word' id='word_1_201' title='bbox 1344 2465 1493 2520; x_wconf 85' lang='grc' dir='ltr'>δεῖνα</span> <span class='ocrx_word' id='word_1_202' title='bbox 1527 2464 1622 2520; x_wconf 81' lang='grc' dir='ltr'>καὶ</span> <span class='ocrx_word' id='word_1_203' title='bbox 1646 2465 1796 2519; x_wconf 73' lang='grc' dir='ltr'>δεῖνα.</span> <span class='ocrx_word' id='word_1_204' title='bbox 1818 2465 1926 2519; x_wconf 82' lang='grc' dir='ltr'><strong>τῶν</strong></span> 
     </span>
    </p>
   </div>
   <div class='ocr_carea' id='block_1_31' title="bbox 341 2555 1927 2627">
    <p class='ocr_par' dir='ltr' id='par_1_31' title="bbox 341 2555 1927 2627">
     <span class='ocr_line' id='line_1_31' title="bbox 341 2555 1927 2627; baseline 0 -18"><span class='ocrx_word' id='word_1_205' title='bbox 341 2558 480 2627; x_wconf 77' lang='grc' dir='ltr'>παρ’</span> <span class='ocrx_word' id='word_1_206' title='bbox 521 2558 657 2627; x_wconf 77' lang='grc' dir='ltr'>ἡμῖν</span> <span class='ocrx_word' id='word_1_207' title='bbox 690 2556 885 2626; x_wconf 86' lang='grc' dir='ltr'>ἁγίων,</span> <span class='ocrx_word' id='word_1_208' title='bbox 911 2558 1025 2610; x_wconf 84' lang='grc' dir='ltr'>ἀλλ’</span> <span class='ocrx_word' id='word_1_209' title='bbox 1058 2557 1293 2612; x_wconf 74' lang='grc' dir='ltr'>ἐνταῦθα</span> <span class='ocrx_word' id='word_1_210' title='bbox 1329 2557 1430 2611; x_wconf 87' lang='grc' dir='ltr'>οὐκ</span> <span class='ocrx_word' id='word_1_211' title='bbox 1466 2556 1751 2627; x_wconf 76' lang='grc' dir='ltr'>ἀληθεύων</span> <span class='ocrx_word' id='word_1_212' title='bbox 1782 2555 1927 2610; x_wconf 73' lang='grc' dir='ltr'>οὕτω</span> 
     </span>
    </p>
   </div>
   <div class='ocr_carea' id='block_1_32' title="bbox 343 2642 1929 2722">
    <p class='ocr_par' dir='ltr' id='par_1_32' title="bbox 343 2642 1929 2722">
     <span class='ocr_line' id='line_1_32' title="bbox 343 2642 1929 2722; baseline 0 -21"><span class='ocrx_word' id='word_1_213' title='bbox 343 2649 592 2721; x_wconf 70' lang='grc' dir='ltr'>φανήσῃ.</span> <span class='ocrx_word' id='word_1_214' title='bbox 624 2642 725 2701; x_wconf 79' lang='grc' dir='ltr'>Ὧν</span> <span class='ocrx_word' id='word_1_215' title='bbox 758 2650 868 2721; x_wconf 91' lang='grc' dir='ltr'><strong>γάρ</strong></span> <span class='ocrx_word' id='word_1_216' title='bbox 895 2650 1069 2719; x_wconf 87' lang='grc' dir='ltr'>ἁγίων</span> <span class='ocrx_word' id='word_1_217' title='bbox 1092 2650 1281 2722; x_wconf 72' lang='grc' dir='ltr'>ῥήσεις</span> <span class='ocrx_word' id='word_1_218' title='bbox 1310 2650 1464 2713; x_wconf 83' lang='grc' dir='ltr'>τινὰς</span> <span class='ocrx_word' id='word_1_219' title='bbox 1496 2650 1596 2702; x_wconf 73' lang='grc' dir='ltr'>οὐκ</span> <span class='ocrx_word' id='word_1_220' title='bbox 1625 2647 1929 2719; x_wconf 82' lang='grc' dir='ltr'>ἀποδεχθῆ-</span> 
     </span>
    </p>
   </div>
   <div class='ocr_carea' id='block_1_33' title="bbox 343 2742 1927 2815">
    <p class='ocr_par' dir='ltr' id='par_1_33' title="bbox 343 2742 1927 2815">
     <span class='ocr_line' id='line_1_33' title="bbox 343 2742 1927 2815; baseline 0 -20"><span class='ocrx_word' id='word_1_221' title='bbox 343 2758 434 2795; x_wconf 86' lang='grc' dir='ltr'><strong>ναι</strong></span> <span class='ocrx_word' id='word_1_222' title='bbox 490 2746 559 2814; x_wconf 76' lang='grc' dir='ltr'><strong>τῇ</strong></span> <span class='ocrx_word' id='word_1_223' title='bbox 620 2742 920 2815; x_wconf 73' lang='grc' dir='ltr'>Ἐκκλησία</span> <span class='ocrx_word' id='word_1_224' title='bbox 975 2744 1136 2813; x_wconf 77' lang='grc' dir='ltr'>ἔφης,</span> <span class='ocrx_word' id='word_1_225' title='bbox 1200 2742 1645 2814; x_wconf 82' lang='grc' dir='ltr'>ὲπισημανθῆναι</span> <span class='ocrx_word' id='word_1_226' title='bbox 1708 2744 1927 2807; x_wconf 83' lang='grc' dir='ltr'>πάντως</span> 
     </span>
    </p>
   </div>
   <div class='ocr_carea' id='block_1_34' title="bbox 344 2825 1930 2906">
    <p class='ocr_par' dir='ltr' id='par_1_34' title="bbox 344 2825 1930 2906">
     <span class='ocr_line' id='line_1_34' title="bbox 344 2825 1930 2906; baseline 0.001 -19"><span class='ocrx_word' id='word_1_227' title='bbox 344 2834 519 2898; x_wconf 77' lang='grc' dir='ltr'>αὑτὰς</span> <span class='ocrx_word' id='word_1_228' title='bbox 606 2836 667 2889; x_wconf 83' lang='grc' dir='ltr'>ὲν</span> <span class='ocrx_word' id='word_1_229' title='bbox 750 2837 873 2898; x_wconf 79' lang='grc' dir='ltr'>ταῖς</span> <span class='ocrx_word' id='word_1_230' title='bbox 936 2825 1422 2906; x_wconf 69' lang='grc' dir='ltr'>ἐκκλησιαστικαῖς</span> <span class='ocrx_word' id='word_1_231' title='bbox 1478 2833 1687 2906; x_wconf 82' lang='grc' dir='ltr'>βίϐλοις</span> <span class='ocrx_word' id='word_1_232' title='bbox 1748 2835 1799 2888; x_wconf 78' lang='lat' dir='ltr'><strong>ei</strong></span> <span class='ocrx_word' id='word_1_233' title='bbox 1859 2833 1930 2889; x_wconf 82' lang='grc' dir='ltr'>τὰ</span> 
     </span>
    </p>
   </div>
   <div class='ocr_carea' id='block_1_35' title="bbox 344 2924 1931 2997">
    <p class='ocr_par' dir='ltr' id='par_1_35' title="bbox 344 2924 1931 2997">
     <span class='ocr_line' id='line_1_35' title="bbox 344 2924 1931 2997; baseline 0.002 -20"><span class='ocrx_word' id='word_1_234' title='bbox 344 2926 786 2995; x_wconf 73' lang='grc' dir='ltr'>ὲκκλησιαστικὰ</span> <span class='ocrx_word' id='word_1_235' title='bbox 838 2927 1186 2997; x_wconf 75' lang='grc' dir='ltr'>ἱστοροῦντες</span> <span class='ocrx_word' id='word_1_236' title='bbox 1238 2928 1408 2982; x_wconf 73' lang='grc' dir='ltr'>ίσασι.</span> <span class='ocrx_word' id='word_1_237' title='bbox 1502 2924 1818 2982; x_wconf 81' lang='grc' dir='ltr'>Κάντεῢθεν</span> <span class='ocrx_word' id='word_1_238' title='bbox 1867 2925 1931 2980; x_wconf 85' lang='grc' dir='ltr'>τὸ</span> 
     </span>
    </p>
   </div>
   <div class='ocr_carea' id='block_1_36' title="bbox 2021 611 3593 686">
    <p class='ocr_par' dir='ltr' id='par_1_36' title="bbox 2021 611 3593 686">
     <span class='ocr_line' id='line_1_36' title="bbox 2021 611 3593 686; baseline -0.005 -16"><span class='ocrx_word' id='word_1_239' title='bbox 2021 614 2204 686; x_wconf 82' lang='grc' dir='ltr'>Ριιοιί,</span> <span class='ocrx_word' id='word_1_240' title='bbox 2233 614 2609 681; x_wconf 86' lang='lat' dir='ltr'><strong>Ambrosium,</strong></span> <span class='ocrx_word' id='word_1_241' title='bbox 2641 614 3036 686; x_wconf 75' lang='lat' dir='ltr'><strong>Augustinum,</strong></span> <span class='ocrx_word' id='word_1_242' title='bbox 3086 620 3141 667; x_wconf 89' lang='lat' dir='ltr'><strong>et</strong></span> <span class='ocrx_word' id='word_1_243' title='bbox 3198 611 3593 679; x_wconf 76' lang='lat' dir='ltr'><strong>Hieronymum</strong></span> 
     </span>
    </p>
   </div>
   <div class='ocr_carea' id='block_1_37' title="bbox 2018 704 3592 777">
    <p class='ocr_par' dir='ltr' id='par_1_37' title="bbox 2018 704 3592 777">
     <span class='ocr_line' id='line_1_37' title="bbox 2018 704 3592 777; baseline -0.001 -15"><span class='ocrx_word' id='word_1_244' title='bbox 2018 722 2083 762; x_wconf 81' lang='lat' dir='ltr'><strong>ex</strong></span> <span class='ocrx_word' id='word_1_245' title='bbox 2110 705 2275 763; x_wconf 87' lang='lat' dir='ltr'><strong>Patre</strong></span> <span class='ocrx_word' id='word_1_246' title='bbox 2302 714 2356 762; x_wconf 88' lang='lat' dir='ltr'><strong>et</strong></span> <span class='ocrx_word' id='word_1_247' title='bbox 2386 706 2526 762; x_wconf 89' lang='lat' dir='ltr'><strong>Filio</strong></span> <span class='ocrx_word' id='word_1_248' title='bbox 2558 706 2821 777; x_wconf 81' lang='lat' dir='ltr'><strong>Spiritum</strong></span> <span class='ocrx_word' id='word_1_249' title='bbox 2853 715 3104 762; x_wconf 76' lang='lat' dir='ltr'><strong>sanctum</strong></span> <span class='ocrx_word' id='word_1_250' title='bbox 3125 704 3455 769; x_wconf 78' lang='lat' dir='ltr'><strong>asseruisse,</strong></span> <span class='ocrx_word' id='word_1_251' title='bbox 3485 718 3592 774; x_wconf 86' lang='lat' dir='ltr'><strong>qua</strong></span> 
     </span>
    </p>
   </div>
   <div class='ocr_carea' id='block_1_38' title="bbox 2019 792 3593 871">
    <p class='ocr_par' dir='ltr' id='par_1_38' title="bbox 2019 792 3593 871">
     <span class='ocr_line' id='line_1_38' title="bbox 2019 792 3593 871; baseline -0.004 -17"><span class='ocrx_word' id='word_1_252' title='bbox 2019 809 2075 854; x_wconf 91' lang='lat' dir='ltr'><strong>et</strong></span> <span class='ocrx_word' id='word_1_253' title='bbox 2102 815 2358 871; x_wconf 80' lang='lat' dir='ltr'><strong>magnum</strong></span> <span class='ocrx_word' id='word_1_254' title='bbox 2382 798 2647 854; x_wconf 84' lang='lat' dir='ltr'><strong>Basilium</strong></span> <span class='ocrx_word' id='word_1_255' title='bbox 2675 813 2782 853; x_wconf 90' lang='lat' dir='ltr'><strong>suo</strong></span> <span class='ocrx_word' id='word_1_256' title='bbox 2810 808 3055 869; x_wconf 89' lang='lat' dir='ltr'><strong>tempore</strong></span> <span class='ocrx_word' id='word_1_257' title='bbox 3089 811 3249 852; x_wconf 84' lang='lat' dir='ltr'><strong>usum</strong></span> <span class='ocrx_word' id='word_1_258' title='bbox 3280 794 3490 850; x_wconf 80' lang='lat' dir='ltr'><strong>faleris.</strong></span> <span class='ocrx_word' id='word_1_259' title='bbox 3511 792 3593 848; x_wconf 87' lang='lat' dir='ltr'><strong>Tu</strong></span> 
     </span>
    </p>
   </div>
   <div class='ocr_carea' id='block_1_39' title="bbox 2020 887 3599 963">
    <p class='ocr_par' dir='ltr' id='par_1_39' title="bbox 2020 887 3599 963">
     <span class='ocr_line' id='line_1_39' title="bbox 2020 887 3599 963; baseline -0.004 -16"><span class='ocrx_word' id='word_1_260' title='bbox 2020 892 2204 963; x_wconf 90' lang='lat' dir='ltr'><strong>itaque</strong></span> <span class='ocrx_word' id='word_1_261' title='bbox 2234 892 2510 963; x_wconf 89' lang='lat' dir='ltr'><strong>quomodo</strong></span> <span class='ocrx_word' id='word_1_262' title='bbox 2538 890 2867 947; x_wconf 81' lang='lat' dir='ltr'><strong>verecundia</strong></span> <span class='ocrx_word' id='word_1_263' title='bbox 2900 906 3009 945; x_wconf 91' lang='lat' dir='ltr'><strong>non</strong></span> <span class='ocrx_word' id='word_1_264' title='bbox 3029 904 3093 945; x_wconf 86' lang='lat' dir='ltr'><strong>es</strong></span> <span class='ocrx_word' id='word_1_265' title='bbox 3116 888 3385 955; x_wconf 77' lang='lat' dir='ltr'><strong>suﬁ‘usus,</strong></span> <span class='ocrx_word' id='word_1_266' title='bbox 3414 887 3599 942; x_wconf 78' lang='lat' dir='ltr'><strong>excel-</strong></span> 
     </span>
    </p>
   </div>
   <div class='ocr_carea' id='block_1_40' title="bbox 2021 994 3600 1067">
    <p class='ocr_par' dir='ltr' id='par_1_40' title="bbox 2021 994 3600 1067">
     <span class='ocr_line' id='line_1_40' title="bbox 2021 994 3600 1067; baseline -0.003 -15"><span class='ocrx_word' id='word_1_267' title='bbox 2021 997 2159 1062; x_wconf 87' lang='lat' dir='ltr'><strong>sius,</strong></span> <span class='ocrx_word' id='word_1_268' title='bbox 2193 1007 2247 1052; x_wconf 91' lang='lat' dir='ltr'><strong>et</strong></span> <span class='ocrx_word' id='word_1_269' title='bbox 2275 1012 2431 1067; x_wconf 85' lang='lat' dir='ltr'><strong>aeque</strong></span> <span class='ocrx_word' id='word_1_270' title='bbox 2469 1012 2534 1053; x_wconf 90' lang='lat' dir='ltr'><strong>ac</strong></span> <span class='ocrx_word' id='word_1_271' title='bbox 2562 1005 2793 1052; x_wconf 85' lang='lat' dir='ltr'><strong>sanctus</strong></span> <span class='ocrx_word' id='word_1_272' title='bbox 2831 994 3069 1050; x_wconf 91' lang='lat' dir='ltr'><strong>Basilius</strong></span> <span class='ocrx_word' id='word_1_273' title='bbox 3125 1006 3311 1047; x_wconf 89' lang='lat' dir='ltr'><strong>rerum</strong></span> <span class='ocrx_word' id='word_1_274' title='bbox 3366 1004 3600 1047; x_wconf 74' lang='lat' dir='ltr'><strong>accura~</strong></span> 
     </span>
    </p>
   </div>
   <div class='ocr_carea' id='block_1_41' title="bbox 2023 1083 3595 1157">
    <p class='ocr_par' dir='ltr' id='par_1_41' title="bbox 2023 1083 3595 1157">
     <span class='ocr_line' id='line_1_41' title="bbox 2023 1083 3595 1157; baseline -0.006 -13"><span class='ocrx_word' id='word_1_275' title='bbox 2023 1098 2131 1146; x_wconf 87' lang='lat' dir='ltr'><strong>lam</strong></span> <span class='ocrx_word' id='word_1_276' title='bbox 2160 1090 2533 1157; x_wconf 74' lang='lat' dir='ltr'><strong>cognitionem</strong></span> <span class='ocrx_word' id='word_1_277' title='bbox 2598 1089 2694 1145; x_wconf 85' lang='lat' dir='ltr'><strong>tibi</strong></span> <span class='ocrx_word' id='word_1_278' title='bbox 2746 1088 3071 1150; x_wconf 72' lang='lat' dir='ltr'><strong>vendit-aus,</strong></span> <span class='ocrx_word' id='word_1_279' title='bbox 3130 1094 3185 1140; x_wconf 91' lang='lat' dir='ltr'><strong>et</strong></span> <span class='ocrx_word' id='word_1_280' title='bbox 3228 1083 3595 1138; x_wconf 70' lang='lat' dir='ltr'><strong>inﬁrmior-um</strong></span> 
     </span>
    </p>
   </div>
   <div class='ocr_carea' id='block_1_42' title="bbox 2022 1175 3598 1251">
    <p class='ocr_par' dir='ltr' id='par_1_42' title="bbox 2022 1175 3598 1251">
     <span class='ocr_line' id='line_1_42' title="bbox 2022 1175 3598 1251; baseline -0.003 -15"><span class='ocrx_word' id='word_1_281' title='bbox 2022 1182 2457 1238; x_wconf 84' lang='lat' dir='ltr'><strong>misericordiam</strong></span> <span class='ocrx_word' id='word_1_282' title='bbox 2489 1197 2600 1236; x_wconf 91' lang='lat' dir='ltr'><strong>non</strong></span> <span class='ocrx_word' id='word_1_283' title='bbox 2632 1180 2855 1251; x_wconf 86' lang='lat' dir='ltr'><strong>capiens</strong></span> <span class='ocrx_word' id='word_1_284' title='bbox 2882 1179 2905 1232; x_wconf 70' lang='grc' dir='ltr'><strong>ἲ</strong></span> <span class='ocrx_word' id='word_1_285' title='bbox 2939 1177 3227 1245; x_wconf 81' lang='lat' dir='ltr'><strong>Quomodo</strong></span> <span class='ocrx_word' id='word_1_286' title='bbox 3250 1175 3434 1230; x_wconf 89' lang='lat' dir='ltr'><strong>animo</strong></span> <span class='ocrx_word' id='word_1_287' title='bbox 3487 1189 3598 1232; x_wconf 88' lang='lat' dir='ltr'><strong>non</strong></span> 
     </span>
    </p>
   </div>
   <div class='ocr_carea' id='block_1_43' title="bbox 2021 1265 3596 1343">
    <p class='ocr_par' dir='ltr' id='par_1_43' title="bbox 2021 1265 3596 1343">
     <span class='ocr_line' id='line_1_43' title="bbox 2021 1265 3596 1343; baseline -0.006 -14"><span class='ocrx_word' id='word_1_288' title='bbox 2021 1273 2326 1343; x_wconf 84' lang='lat' dir='ltr'><strong>concepisti</strong></span> <span class='ocrx_word' id='word_1_289' title='bbox 2358 1272 2553 1329; x_wconf 83' lang='lat' dir='ltr'><strong>Patres</strong></span> <span class='ocrx_word' id='word_1_290' title='bbox 2598 1282 2824 1327; x_wconf 87' lang='lat' dir='ltr'><strong>nostros</strong></span> <span class='ocrx_word' id='word_1_291' title='bbox 2870 1267 3112 1339; x_wconf 79' lang='lat' dir='ltr'><strong>antiquis</strong></span> <span class='ocrx_word' id='word_1_292' title='bbox 3146 1266 3252 1322; x_wconf 83' lang='lat' dir='ltr'><strong>illis</strong></span> <span class='ocrx_word' id='word_1_293' title='bbox 3299 1265 3494 1323; x_wconf 87' lang='lat' dir='ltr'><strong>diebus</strong></span> <span class='ocrx_word' id='word_1_294' title='bbox 3540 1265 3596 1320; x_wconf 93' lang='lat' dir='ltr'><strong>in</strong></span> 
     </span>
    </p>
   </div>
   <div class='ocr_carea' id='block_1_44' title="bbox 2021 1357 3601 1431">
    <p class='ocr_par' dir='ltr' id='par_1_44' title="bbox 2021 1357 3601 1431">
     <span class='ocr_line' id='line_1_44' title="bbox 2021 1357 3601 1431; baseline -0.009 -8"><span class='ocrx_word' id='word_1_295' title='bbox 2021 1369 2369 1424; x_wconf 87' lang='lat' dir='ltr'><strong>ﬁrmamento</strong></span> <span class='ocrx_word' id='word_1_296' title='bbox 2418 1377 2621 1422; x_wconf 68' lang='lat' dir='ltr'><strong>nostra:</strong></span> <span class='ocrx_word' id='word_1_297' title='bbox 2671 1364 2934 1420; x_wconf 72' lang='lat' dir='ltr'><strong>Ecclesia:</strong></span> <span class='ocrx_word' id='word_1_298' title='bbox 2988 1357 3441 1431; x_wconf 85' lang='lat' dir='ltr'><strong>compellucidos.</strong></span> <span class='ocrx_word' id='word_1_299' title='bbox 3480 1370 3601 1410; x_wconf 76' lang='lat' dir='ltr'><strong>ma~</strong></span> 
     </span>
    </p>
   </div>
   <div class='ocr_carea' id='block_1_45' title="bbox 2022 1450 3598 1530">
    <p class='ocr_par' dir='ltr' id='par_1_45' title="bbox 2022 1450 3598 1530">
     <span class='ocr_line' id='line_1_45' title="bbox 2022 1450 3598 1530; baseline -0.007 -15"><span class='ocrx_word' id='word_1_300' title='bbox 2022 1476 2190 1530; x_wconf 84' lang='lat' dir='ltr'><strong>gnum</strong></span> <span class='ocrx_word' id='word_1_301' title='bbox 2212 1474 2408 1530; x_wconf 87' lang='lat' dir='ltr'><strong>nempe</strong></span> <span class='ocrx_word' id='word_1_302' title='bbox 2431 1457 2691 1514; x_wconf 81' lang='lat' dir='ltr'><strong>Basilium</strong></span> <span class='ocrx_word' id='word_1_303' title='bbox 2718 1498 2734 1523; x_wconf 88' lang='lat'><strong>,</strong></span> <span class='ocrx_word' id='word_1_304' title='bbox 2788 1455 2875 1511; x_wconf 91' lang='lat' dir='ltr'><strong>cui</strong></span> <span class='ocrx_word' id='word_1_305' title='bbox 2920 1470 2949 1507; x_wconf 91' lang='lat' dir='ltr'><strong>a</strong></span> <span class='ocrx_word' id='word_1_306' title='bbox 2987 1450 3262 1521; x_wconf 79' lang='lat' dir='ltr'><strong>theologia</strong></span> <span class='ocrx_word' id='word_1_307' title='bbox 3277 1455 3598 1517; x_wconf 84' lang='lat' dir='ltr'><strong>&#39;cognomen</strong></span> 
     </span>
    </p>
   </div>
   <div class='ocr_carea' id='block_1_46' title="bbox 2022 1536 3595 1623">
    <p class='ocr_par' dir='ltr' id='par_1_46' title="bbox 2022 1536 3595 1623">
     <span class='ocr_line' id='line_1_46' title="bbox 2022 1536 3595 1623; baseline -0.011 -17"><span class='ocrx_word' id='word_1_308' title='bbox 2022 1552 2127 1609; x_wconf 79' lang='lat' dir='ltr'><strong>fuit</strong></span> <span class='ocrx_word' id='word_1_309' title='bbox 2179 1552 2539 1623; x_wconf 81' lang='lat' dir='ltr'><strong>Gregorium,</strong></span> <span class='ocrx_word' id='word_1_310' title='bbox 2598 1550 2834 1604; x_wconf 88' lang='lat' dir='ltr'><strong>alterum</strong></span> <span class='ocrx_word' id='word_1_311' title='bbox 2892 1547 3203 1618; x_wconf 80' lang='lat' dir='ltr'><strong>Nysseuum</strong></span> <span class='ocrx_word' id='word_1_312' title='bbox 3253 1536 3595 1610; x_wconf 75' lang='lat' dir='ltr'><strong>Gregorium,</strong></span> 
     </span>
    </p>
   </div>
   <div class='ocr_carea' id='block_1_47' title="bbox 2022 1633 3595 1711">
    <p class='ocr_par' dir='ltr' id='par_1_47' title="bbox 2022 1633 3595 1711">
     <span class='ocr_line' id='line_1_47' title="bbox 2022 1633 3595 1711; baseline -0.012 -11"><span class='ocrx_word' id='word_1_313' title='bbox 2022 1643 2312 1709; x_wconf 82' lang='lat' dir='ltr'><strong>Joannem,</strong></span> <span class='ocrx_word' id='word_1_314' title='bbox 2365 1642 2527 1711; x_wconf 68' lang='lat' dir='ltr'><strong>cuius</strong></span> <span class='ocrx_word' id='word_1_315' title='bbox 2580 1655 2807 1695; x_wconf 89' lang='lat' dir='ltr'><strong>aureum</strong></span> <span class='ocrx_word' id='word_1_316' title='bbox 2854 1638 3181 1707; x_wconf 66' lang='lat' dir='ltr'><strong>eloquentia:</strong></span> <span class='ocrx_word' id='word_1_317' title='bbox 3239 1633 3439 1688; x_wconf 87' lang='lat' dir='ltr'><strong>ﬁumen</strong></span> <span class='ocrx_word' id='word_1_318' title='bbox 3489 1636 3595 1691; x_wconf 86' lang='lat' dir='ltr'><strong>est.</strong></span> 
     </span>
    </p>
   </div>
   <div class='ocr_carea' id='block_1_48' title="bbox 2022 1728 3598 1807">
    <p class='ocr_par' dir='ltr' id='par_1_48' title="bbox 2022 1728 3598 1807">
     <span class='ocr_line' id='line_1_48' title="bbox 2022 1728 3598 1807; baseline -0.009 -18"><span class='ocrx_word' id='word_1_319' title='bbox 2022 1746 2391 1807; x_wconf 61' lang='lat' dir='ltr'><strong>praetereaque</strong></span> <span class='ocrx_word' id='word_1_320' title='bbox 2445 1734 2582 1789; x_wconf 87' lang='lat' dir='ltr'><strong>alios</strong></span> <span class='ocrx_word' id='word_1_321' title='bbox 2615 1741 2739 1803; x_wconf 90' lang='lat' dir='ltr'><strong>post</strong></span> <span class='ocrx_word' id='word_1_322' title='bbox 2795 1747 2891 1786; x_wconf 91' lang='lat' dir='ltr'><strong>eos</strong></span> <span class='ocrx_word' id='word_1_323' title='bbox 2931 1728 3197 1799; x_wconf 74' lang='lat' dir='ltr'><strong>plurimos</strong></span> <span class='ocrx_word' id='word_1_324' title='bbox 3239 1734 3598 1791; x_wconf 84' lang='lat' dir='ltr'><strong>summosque</strong></span> 
     </span>
    </p>
   </div>
   <div class='ocr_carea' id='block_1_49' title="bbox 2022 1813 3598 1894">
    <p class='ocr_par' dir='ltr' id='par_1_49' title="bbox 2022 1813 3598 1894">
     <span class='ocr_line' id='line_1_49' title="bbox 2022 1813 3598 1894; baseline -0.008 -13"><span class='ocrx_word' id='word_1_325' title='bbox 2022 1827 2311 1890; x_wconf 88' lang='lat' dir='ltr'><strong>doctores,</strong></span> <span class='ocrx_word' id='word_1_326' title='bbox 2380 1824 2473 1894; x_wconf 91' lang='lat' dir='ltr'><strong>qui</strong></span> <span class='ocrx_word' id='word_1_327' title='bbox 2526 1836 2718 1878; x_wconf 83' lang='lat' dir='ltr'><strong>omnes</strong></span> <span class='ocrx_word' id='word_1_328' title='bbox 2790 1819 3112 1883; x_wconf 83' lang='lat' dir='ltr'><strong>Ambrosii,</strong></span> <span class='ocrx_word' id='word_1_329' title='bbox 3171 1813 3489 1890; x_wconf 80' lang='lat' dir='ltr'><strong>Augustini,</strong></span> <span class='ocrx_word' id='word_1_330' title='bbox 3540 1819 3598 1868; x_wconf 76' lang='lat' dir='ltr'><strong>et</strong></span> 
     </span>
    </p>
   </div>
   <div class='ocr_carea' id='block_1_50' title="bbox 2023 1900 3599 1986">
    <p class='ocr_par' dir='ltr' id='par_1_50' title="bbox 2023 1900 3599 1986">
     <span class='ocr_line' id='line_1_50' title="bbox 2023 1900 3599 1986; baseline -0.007 -16"><span class='ocrx_word' id='word_1_331' title='bbox 2023 1913 2343 1986; x_wconf 83' lang='lat' dir='ltr'><strong>llieronymi</strong></span> <span class='ocrx_word' id='word_1_332' title='bbox 2402 1912 2800 1969; x_wconf 86' lang='lat' dir='ltr'><strong>commentaria</strong></span> <span class='ocrx_word' id='word_1_333' title='bbox 2858 1909 3205 1970; x_wconf 78' lang='lat' dir='ltr'><strong>evolventes,</strong></span> <span class='ocrx_word' id='word_1_334' title='bbox 3259 1906 3449 1975; x_wconf 90' lang='lat' dir='ltr'><strong>ipsos,</strong></span> <span class='ocrx_word' id='word_1_335' title='bbox 3503 1900 3599 1972; x_wconf 77' lang='lat' dir='ltr'><strong>qui</strong></span> 
     </span>
    </p>
   </div>
   <div class='ocr_carea' id='block_1_51' title="bbox 2023 1995 3598 2076">
    <p class='ocr_par' dir='ltr' id='par_1_51' title="bbox 2023 1995 3598 2076">
     <span class='ocr_line' id='line_1_51' title="bbox 2023 1995 3598 2076; baseline -0.008 -11"><span class='ocrx_word' id='word_1_336' title='bbox 2023 2025 2090 2065; x_wconf 79' lang='lat' dir='ltr'><strong>ex</strong></span> <span class='ocrx_word' id='word_1_337' title='bbox 2136 2006 2274 2062; x_wconf 86' lang='lat' dir='ltr'><strong>Filio</strong></span> <span class='ocrx_word' id='word_1_338' title='bbox 2320 2006 2726 2076; x_wconf 87' lang='lat' dir='ltr'><strong>processionem</strong></span> <span class='ocrx_word' id='word_1_339' title='bbox 2779 2001 3023 2073; x_wconf 89' lang='lat' dir='ltr'><strong>Spiritus</strong></span> <span class='ocrx_word' id='word_1_340' title='bbox 3085 2006 3426 2062; x_wconf 85' lang='lat' dir='ltr'><strong>asseverant,</strong></span> <span class='ocrx_word' id='word_1_341' title='bbox 3455 1995 3598 2052; x_wconf 85' lang='lat' dir='ltr'><strong>inter</strong></span> 
     </span>
    </p>
   </div>
   <div class='ocr_carea' id='block_1_52' title="bbox 2024 2088 3674 2159">
    <p class='ocr_par' dir='ltr' id='par_1_52' title="bbox 2024 2088 3674 2159">
     <span class='ocr_line' id='line_1_52' title="bbox 2024 2088 3674 2159; baseline -0.013 0"><span class='ocrx_word' id='word_1_342' title='bbox 2024 2108 2344 2159; x_wconf 86' lang='lat' dir='ltr'><strong>sanctorum</strong></span> <span class='ocrx_word' id='word_1_343' title='bbox 2384 2111 2677 2154; x_wconf 87' lang='lat' dir='ltr'><strong>numerum</strong></span> <span class='ocrx_word' id='word_1_344' title='bbox 2707 2092 3076 2158; x_wconf 82' lang='lat' dir='ltr'><strong>collocabant,</strong></span> <span class='ocrx_word' id='word_1_345' title='bbox 3118 2101 3319 2145; x_wconf 91' lang='lat' dir='ltr'><strong>etcum</strong></span> <span class='ocrx_word' id='word_1_346' title='bbox 3353 2088 3598 2146; x_wconf 76' lang='lat' dir='ltr'><strong>Romana</strong></span> <span class='ocrx_word' id='word_1_347' title='bbox 3668 2142 3674 2153; x_wconf 24' lang='lat' dir='ltr'><strong>i</strong></span> 
     </span>
    </p>
   </div>
   <div class='ocr_carea' id='block_1_53' title="bbox 2024 2181 3599 2250">
    <p class='ocr_par' dir='ltr' id='par_1_53' title="bbox 2024 2181 3599 2250">
     <span class='ocr_line' id='line_1_53' title="bbox 2024 2181 3599 2250; baseline -0.014 0"><span class='ocrx_word' id='word_1_348' title='bbox 2024 2191 2268 2250; x_wconf 87' lang='lat' dir='ltr'><strong>Ecclesia</strong></span> <span class='ocrx_word' id='word_1_349' title='bbox 2297 2204 2486 2246; x_wconf 91' lang='lat' dir='ltr'><strong>eorum</strong></span> <span class='ocrx_word' id='word_1_350' title='bbox 2513 2187 2938 2244; x_wconf 80' lang='lat' dir='ltr'><strong>commentarios</strong></span> <span class='ocrx_word' id='word_1_351' title='bbox 2965 2181 3321 2239; x_wconf 79' lang='lat' dir='ltr'><strong>exosculante</strong></span> <span class='ocrx_word' id='word_1_352' title='bbox 3349 2193 3599 2238; x_wconf 87' lang='lat' dir='ltr'><strong>c0tnmu-</strong></span> 
     </span>
    </p>
   </div>
   <div class='ocr_carea' id='block_1_54' title="bbox 2026 2269 3603 2351">
    <p class='ocr_par' dir='ltr' id='par_1_54' title="bbox 2026 2269 3603 2351">
     <span class='ocr_line' id='line_1_54' title="bbox 2026 2269 3603 2351; baseline -0.01 -12"><span class='ocrx_word' id='word_1_353' title='bbox 2026 2283 2305 2347; x_wconf 87' lang='lat' dir='ltr'><strong>nicabant,</strong></span> <span class='ocrx_word' id='word_1_354' title='bbox 2330 2282 2586 2351; x_wconf 79' lang='lat' dir='ltr'><strong>illamque</strong></span> <span class='ocrx_word' id='word_1_355' title='bbox 2613 2278 2778 2334; x_wconf 88' lang='lat' dir='ltr'><strong>veluti</strong></span> <span class='ocrx_word' id='word_1_356' title='bbox 2797 2276 3421 2342; x_wconf 66' lang='lat' dir='ltr'><strong>Ecclesiarununatrem</strong></span> <span class='ocrx_word' id='word_1_357' title='bbox 3444 2269 3603 2327; x_wconf 49' lang='lat' dir='ltr'><strong>obsa-</strong></span> 
     </span>
    </p>
   </div>
   <div class='ocr_carea' id='block_1_55' title="bbox 2029 2362 3600 2449">
    <p class='ocr_par' dir='ltr' id='par_1_55' title="bbox 2029 2362 3600 2449">
     <span class='ocr_line' id='line_1_55' title="bbox 2029 2362 3600 2449; baseline -0.01 -15"><span class='ocrx_word' id='word_1_358' title='bbox 2029 2374 2531 2449; x_wconf 86' lang='lat' dir='ltr'><strong>quiosiaudiebant</strong></span> <span class='ocrx_word' id='word_1_359' title='bbox 2558 2371 2582 2426; x_wconf 74' lang='grc' dir='ltr'><em>Ἰ</em></span> <span class='ocrx_word' id='word_1_360' title='bbox 2614 2370 2726 2427; x_wconf 89' lang='lat' dir='ltr'><strong>Eos</strong></span> <span class='ocrx_word' id='word_1_361' title='bbox 2760 2370 2829 2426; x_wconf 87' lang='lat' dir='ltr'><strong>ab</strong></span> <span class='ocrx_word' id='word_1_362' title='bbox 2853 2377 3106 2425; x_wconf 86' lang='lat' dir='ltr'><strong>accurata</strong></span> <span class='ocrx_word' id='word_1_363' title='bbox 3169 2380 3353 2423; x_wconf 83' lang='lat' dir='ltr'><strong>rerum</strong></span> <span class='ocrx_word' id='word_1_364' title='bbox 3400 2362 3600 2421; x_wconf 77' lang='lat' dir='ltr'><strong>notitia</strong></span> 
     </span>
    </p>
   </div>
   <div class='ocr_carea' id='block_1_56' title="bbox 2027 2453 3598 2531">
    <p class='ocr_par' dir='ltr' id='par_1_56' title="bbox 2027 2453 3598 2531">
     <span class='ocr_line' id='line_1_56' title="bbox 2027 2453 3598 2531; baseline -0.008 -7"><span class='ocrx_word' id='word_1_365' title='bbox 2027 2465 2444 2531; x_wconf 78' lang='lat' dir='ltr'><strong>excidisse,ais,</strong></span> <span class='ocrx_word' id='word_1_366' title='bbox 2468 2474 2528 2519; x_wconf 92' lang='lat' dir='ltr'><strong>ut</strong></span> <span class='ocrx_word' id='word_1_367' title='bbox 2555 2465 2700 2530; x_wconf 84' lang='lat' dir='ltr'><strong>hunc</strong></span> <span class='ocrx_word' id='word_1_368' title='bbox 2729 2462 2810 2517; x_wconf 89' lang='lat' dir='ltr'><strong>vel</strong></span> <span class='ocrx_word' id='word_1_369' title='bbox 2845 2461 3000 2516; x_wconf 89' lang='lat' dir='ltr'><strong>illum</strong></span> <span class='ocrx_word' id='word_1_370' title='bbox 3029 2475 3095 2518; x_wconf 81' lang='lat' dir='ltr'><strong>ex</strong></span> <span class='ocrx_word' id='word_1_371' title='bbox 3134 2457 3339 2515; x_wconf 89' lang='lat' dir='ltr'><strong>nostris</strong></span> <span class='ocrx_word' id='word_1_372' title='bbox 3370 2453 3598 2512; x_wconf 84' lang='lat' dir='ltr'><strong>sanctis.</strong></span> 
     </span>
    </p>
   </div>
   <div class='ocr_carea' id='block_1_57' title="bbox 2030 2540 3604 2622">
    <p class='ocr_par' dir='ltr' id='par_1_57' title="bbox 2030 2540 3604 2622">
     <span class='ocr_line' id='line_1_57' title="bbox 2030 2540 3604 2622; baseline -0.013 -2"><span class='ocrx_word' id='word_1_373' title='bbox 2030 2563 2136 2620; x_wconf 86' lang='lat' dir='ltr'><strong>Sed</strong></span> <span class='ocrx_word' id='word_1_374' title='bbox 2166 2576 2316 2617; x_wconf 90' lang='lat' dir='ltr'><strong>mera</strong></span> <span class='ocrx_word' id='word_1_375' title='bbox 2367 2570 2420 2616; x_wconf 91' lang='lat' dir='ltr'><strong>te</strong></span> <span class='ocrx_word' id='word_1_376' title='bbox 2454 2557 2735 2614; x_wconf 88' lang='lat' dir='ltr'><strong>mendacia</strong></span> <span class='ocrx_word' id='word_1_377' title='bbox 2767 2554 2992 2613; x_wconf 78' lang='lat' dir='ltr'><strong>fundere</strong></span> <span class='ocrx_word' id='word_1_378' title='bbox 3019 2552 3147 2608; x_wconf 84' lang='lat' dir='ltr'><strong>hinc</strong></span> <span class='ocrx_word' id='word_1_379' title='bbox 3174 2556 3418 2622; x_wconf 86' lang='lat' dir='ltr'><strong>apparet.</strong></span> <span class='ocrx_word' id='word_1_380' title='bbox 3437 2540 3604 2603; x_wconf 56' lang='lat' dir='ltr'><strong>Nam.</strong></span> 
     </span>
    </p>
   </div>
   <div class='ocr_carea' id='block_1_58' title="bbox 2030 2640 3604 2727">
    <p class='ocr_par' dir='ltr' id='par_1_58' title="bbox 2030 2640 3604 2727">
     <span class='ocr_line' id='line_1_58' title="bbox 2030 2640 3604 2727; baseline -0.013 -15"><span class='ocrx_word' id='word_1_381' title='bbox 2030 2672 2134 2727; x_wconf 84' lang='lat' dir='ltr'><strong>que</strong></span> <span class='ocrx_word' id='word_1_382' title='bbox 2169 2658 2399 2726; x_wconf 73' lang='lat' dir='ltr'><strong>quorum</strong></span> <span class='ocrx_word' id='word_1_383' title='bbox 2456 2660 2769 2707; x_wconf 85' lang='lat' dir='ltr'><strong>sanctorum</strong></span> <span class='ocrx_word' id='word_1_384' title='bbox 2825 2647 2969 2703; x_wconf 88' lang='lat' dir='ltr'><strong>dicta</strong></span> <span class='ocrx_word' id='word_1_385' title='bbox 3006 2658 3113 2699; x_wconf 91' lang='lat' dir='ltr'><strong>non</strong></span> <span class='ocrx_word' id='word_1_386' title='bbox 3142 2641 3471 2712; x_wconf 81' lang='lat' dir='ltr'><strong>approbasse</strong></span> <span class='ocrx_word' id='word_1_387' title='bbox 3498 2640 3604 2694; x_wconf 84' lang='lat' dir='ltr'><strong>Ec-</strong></span> 
     </span>
    </p>
   </div>
   <div class='ocr_carea' id='block_1_59' title="bbox 2032 2730 3605 2811">
    <p class='ocr_par' dir='ltr' id='par_1_59' title="bbox 2032 2730 3605 2811">
     <span class='ocr_line' id='line_1_59' title="bbox 2032 2730 3605 2811; baseline -0.011 -9"><span class='ocrx_word' id='word_1_388' title='bbox 2032 2745 2253 2802; x_wconf 84' lang='lat' dir='ltr'><strong>clesiam</strong></span> <span class='ocrx_word' id='word_1_389' title='bbox 2288 2742 2445 2811; x_wconf 90' lang='lat' dir='ltr'><strong>dicis,</strong></span> <span class='ocrx_word' id='word_1_390' title='bbox 2480 2756 2541 2795; x_wconf 91' lang='lat' dir='ltr'><strong>ea</strong></span> <span class='ocrx_word' id='word_1_391' title='bbox 2576 2738 2760 2796; x_wconf 83' lang='lat' dir='ltr'><strong>omnia</strong></span> <span class='ocrx_word' id='word_1_392' title='bbox 2794 2736 3077 2807; x_wconf 77' lang='lat' dir='ltr'><strong>obsignata</strong></span> <span class='ocrx_word' id='word_1_393' title='bbox 3122 2735 3176 2788; x_wconf 93' lang='lat' dir='ltr'><strong>in</strong></span> <span class='ocrx_word' id='word_1_394' title='bbox 3215 2730 3605 2791; x_wconf 72' lang='lat' dir='ltr'><strong>ecclesiasticis</strong></span> 
     </span>
    </p>
   </div>
   <div class='ocr_carea' id='block_1_60' title="bbox 2031 2827 3601 2904">
    <p class='ocr_par' dir='ltr' id='par_1_60' title="bbox 2031 2827 3601 2904">
     <span class='ocr_line' id='line_1_60' title="bbox 2031 2827 3601 2904; baseline -0.011 -12"><span class='ocrx_word' id='word_1_395' title='bbox 2031 2836 2426 2900; x_wconf 82' lang='lat' dir='ltr'><strong>voluminibus,</strong></span> <span class='ocrx_word' id='word_1_396' title='bbox 2486 2832 2581 2904; x_wconf 89' lang='lat' dir='ltr'><strong>qui</strong></span> <span class='ocrx_word' id='word_1_397' title='bbox 2630 2845 2719 2886; x_wconf 81' lang='lat' dir='ltr'><strong>res</strong></span> <span class='ocrx_word' id='word_1_398' title='bbox 2751 2827 3161 2885; x_wconf 83' lang='lat' dir='ltr'><strong>ecclesiaSticas</strong></span> <span class='ocrx_word' id='word_1_399' title='bbox 3212 2834 3601 2896; x_wconf 81' lang='lat' dir='ltr'><strong>pertractant.</strong></span> 
     </span>
    </p>
   </div>
   <div class='ocr_carea' id='block_1_61' title="bbox 2031 2922 3603 3000">
    <p class='ocr_par' dir='ltr' id='par_1_61' title="bbox 2031 2922 3603 3000">
     <span class='ocr_line' id='line_1_61' title="bbox 2031 2922 3603 3000; baseline -0.007 -15"><span class='ocrx_word' id='word_1_400' title='bbox 2031 2929 2240 3000; x_wconf 88' lang='lat' dir='ltr'><strong>optime</strong></span> <span class='ocrx_word' id='word_1_401' title='bbox 2292 2932 2519 2982; x_wconf 89' lang='lat' dir='ltr'><strong>norunt.</strong></span> <span class='ocrx_word' id='word_1_402' title='bbox 2576 2923 2821 2994; x_wconf 78' lang='lat' dir='ltr'><strong>[mleque</strong></span> <span class='ocrx_word' id='word_1_403' title='bbox 2872 2936 2970 2979; x_wconf 89' lang='lat' dir='ltr'><strong>eos</strong></span> <span class='ocrx_word' id='word_1_404' title='bbox 3011 2922 3080 2976; x_wconf 88' lang='lat' dir='ltr'><strong>ab</strong></span> <span class='ocrx_word' id='word_1_405' title='bbox 3114 2927 3367 2975; x_wconf 85' lang='lat' dir='ltr'><strong>accurata</strong></span> <span class='ocrx_word' id='word_1_406' title='bbox 3414 2931 3603 2975; x_wconf 86' lang='lat' dir='ltr'><strong>rerum</strong></span> 
     </span>
    </p>
   </div>
   <div class='ocr_carea' id='block_1_62' title="bbox 345 3010 1930 3116">
    <p class='ocr_par' dir='ltr' id='par_1_62' title="bbox 345 3016 1926 3091">
     <span class='ocr_line' id='line_1_62' title="bbox 345 3016 1926 3091; baseline 0.001 -20"><span class='ocrx_word' id='word_1_407' title='bbox 345 3018 742 3089; x_wconf 79' lang='grc' dir='ltr'>παρασυρῆναι</span> <span class='ocrx_word' id='word_1_408' title='bbox 786 3019 884 3091; x_wconf 76' lang='grc' dir='ltr'>τῆς</span> <span class='ocrx_word' id='word_1_409' title='bbox 913 3017 1205 3090; x_wconf 83' lang='grc' dir='ltr'>ἀκριϐείας</span> <span class='ocrx_word' id='word_1_410' title='bbox 1243 3019 1490 3082; x_wconf 77' lang='grc' dir='ltr'>ἐκείνους</span> <span class='ocrx_word' id='word_1_411' title='bbox 1526 3018 1720 3087; x_wconf 85' lang='grc' dir='ltr'>γέγονε</span> <span class='ocrx_word' id='word_1_412' title='bbox 1747 3016 1926 3089; x_wconf 77' lang='grc' dir='ltr'>δῆλον.</span> 
     </span>
    </p>
   </div>
   <div class='ocr_carea' id='block_1_63' title="bbox 2031 3010 3607 3116">
    <p class='ocr_par' dir='ltr' id='par_1_63' title="bbox 2036 3010 3607 3083">
     <span class='ocr_line' id='line_1_63' title="bbox 2036 3010 3607 3083; baseline -0.008 -7"><span class='ocrx_word' id='word_1_413' title='bbox 2036 3021 2230 3077; x_wconf 83' lang='lat' dir='ltr'><strong>notitia</strong></span> <span class='ocrx_word' id='word_1_414' title='bbox 2289 3018 2563 3075; x_wconf 74' lang='lat' dir='ltr'><strong>excidisse</strong></span> <span class='ocrx_word' id='word_1_415' title='bbox 2617 3014 2876 3071; x_wconf 80' lang='lat' dir='ltr'><strong>innotuit.</strong></span> <span class='ocrx_word' id='word_1_416' title='bbox 2929 3012 2986 3069; x_wconf 87' lang='lat' dir='ltr'><strong>Si</strong></span> <span class='ocrx_word' id='word_1_417' title='bbox 3012 3013 3195 3083; x_wconf 89' lang='lat' dir='ltr'><strong>itaque</strong></span> <span class='ocrx_word' id='word_1_418' title='bbox 3236 3019 3292 3067; x_wconf 83' lang='lat' dir='ltr'><strong>et</strong></span> <span class='ocrx_word' id='word_1_419' title='bbox 3344 3010 3607 3081; x_wconf 79' lang='lat' dir='ltr'><strong>allegatos</strong></span> 
     </span>
    </p>
   </div>
   <div class='ocr_carea' id='block_1_64' title="bbox 347 3099 1930 3183">
    <p class='ocr_par' dir='ltr' id='par_1_64' title="bbox 347 3108 1930 3183">
     <span class='ocr_line' id='line_1_64' title="bbox 347 3108 1930 3183; baseline 0 -19"><span class='ocrx_word' id='word_1_420' title='bbox 347 3110 412 3164; x_wconf 83' lang='lat' dir='ltr'><strong>El.</strong></span> <span class='ocrx_word' id='word_1_421' title='bbox 437 3109 573 3180; x_wconf 83' lang='grc' dir='ltr'>γοῦν</span> <span class='ocrx_word' id='word_1_422' title='bbox 599 3111 698 3165; x_wconf 78' lang='grc' dir='ltr'>καὶ</span> <span class='ocrx_word' id='word_1_423' title='bbox 751 3113 878 3175; x_wconf 79' lang='grc' dir='ltr'>τοὺς</span> <span class='ocrx_word' id='word_1_424' title='bbox 900 3110 1172 3183; x_wconf 76' lang='grc' dir='ltr'>ῥηθέντας</span> <span class='ocrx_word' id='word_1_425' title='bbox 1198 3111 1453 3181; x_wconf 84' lang='grc' dir='ltr'>Πατέρας</span> <span class='ocrx_word' id='word_1_426' title='bbox 1479 3108 1581 3179; x_wconf 76' lang='grc' dir='ltr'>τῆς</span> <span class='ocrx_word' id='word_1_427' title='bbox 1616 3111 1930 3182; x_wconf 83' lang='grc' dir='ltr'>Ῥωμαϊκῆς</span> 
     </span>
    </p>
   </div>
   <div class='ocr_carea' id='block_1_65' title="bbox 2031 3099 3606 3183">
    <p class='ocr_par' dir='ltr' id='par_1_65' title="bbox 2037 3099 3606 3167">
     <span class='ocr_line' id='line_1_65' title="bbox 2037 3099 3606 3167; baseline -0.005 -1"><span class='ocrx_word' id='word_1_428' title='bbox 2037 3111 2302 3167; x_wconf 82' lang='lat' dir='ltr'><strong>Romana:</strong></span> <span class='ocrx_word' id='word_1_429' title='bbox 2330 3107 2592 3163; x_wconf 68' lang='lat' dir='ltr'><strong>Ecclesia:</strong></span> <span class='ocrx_word' id='word_1_430' title='bbox 2618 3104 2811 3160; x_wconf 86' lang='lat' dir='ltr'><strong>Patres</strong></span> <span class='ocrx_word' id='word_1_431' title='bbox 2839 3104 2908 3159; x_wconf 87' lang='lat' dir='ltr'><strong>ab</strong></span> <span class='ocrx_word' id='word_1_432' title='bbox 2939 3111 3196 3160; x_wconf 83' lang='lat' dir='ltr'><strong>accurata</strong></span> <span class='ocrx_word' id='word_1_433' title='bbox 3241 3116 3424 3156; x_wconf 87' lang='lat' dir='ltr'><strong>rerum</strong></span> <span class='ocrx_word' id='word_1_434' title='bbox 3453 3099 3606 3161; x_wconf 85' lang='lat' dir='ltr'><strong>noti-</strong></span> 
     </span>
    </p>
   </div>
   <div class='ocr_carea' id='block_1_66' title="bbox 360 3202 1938 3275">
    <p class='ocr_par' dir='ltr' id='par_1_66' title="bbox 360 3202 1938 3275">
     <span class='ocr_line' id='line_1_66' title="bbox 360 3202 1938 3275; baseline 0.001 -17"><span class='ocrx_word' id='word_1_435' title='bbox 360 3203 695 3275; x_wconf 70' lang='grc' dir='ltr'>Ἐκκλησίας</span> <span class='ocrx_word' id='word_1_436' title='bbox 728 3204 1118 3275; x_wconf 76' lang='grc' dir='ltr'>παρασυρῆναι</span> <span class='ocrx_word' id='word_1_437' title='bbox 1143 3204 1243 3275; x_wconf 82' lang='grc' dir='ltr'>τῆς</span> <span class='ocrx_word' id='word_1_438' title='bbox 1282 3202 1572 3272; x_wconf 82' lang='grc' dir='ltr'>ἀκριϐείας</span> <span class='ocrx_word' id='word_1_439' title='bbox 1611 3204 1859 3274; x_wconf 73' lang='grc' dir='ltr'>διέγνων,</span> <span class='ocrx_word' id='word_1_440' title='bbox 1883 3204 1938 3259; x_wconf 85' lang='grc' dir='ltr'><strong>οί</strong></span> 
     </span>
    </p>
   </div>
   <div class='ocr_carea' id='block_1_67' title="bbox 347 3285 1933 3369">
    <p class='ocr_par' dir='ltr' id='par_1_67' title="bbox 347 3285 1933 3369">
     <span class='ocr_line' id='line_1_67' title="bbox 347 3285 1933 3369; baseline 0.001 -19"><span class='ocrx_word' id='word_1_441' title='bbox 347 3314 410 3350; x_wconf 82' lang='grc' dir='ltr'><strong>τε</strong></span> <span class='ocrx_word' id='word_1_442' title='bbox 446 3297 601 3351; x_wconf 73' lang='grc' dir='ltr'>ἄλλοι</span> <span class='ocrx_word' id='word_1_443' title='bbox 632 3297 735 3368; x_wconf 80' lang='grc' dir='ltr'>τῆς</span> <span class='ocrx_word' id='word_1_444' title='bbox 778 3297 1098 3369; x_wconf 78' lang='grc' dir='ltr'>Ῥωμαῖκῆς</span> <span class='ocrx_word' id='word_1_445' title='bbox 1148 3285 1477 3366; x_wconf 77' lang='grc' dir='ltr'>Ἐκκλησίας</span> <span class='ocrx_word' id='word_1_446' title='bbox 1522 3297 1792 3369; x_wconf 85' lang='grc' dir='ltr'>Πατέρες,</span> <span class='ocrx_word' id='word_1_447' title='bbox 1838 3296 1933 3363; x_wconf 80' lang='grc' dir='ltr'>οὓς</span> 
     </span>
    </p>
   </div>
   <div class='ocr_carea' id='block_1_68' title="bbox 350 3390 1932 3463">
    <p class='ocr_par' dir='ltr' id='par_1_68' title="bbox 350 3390 1932 3463">
     <span class='ocr_line' id='line_1_68' title="bbox 350 3390 1932 3463; baseline 0.001 -17"><span class='ocrx_word' id='word_1_448' title='bbox 350 3390 584 3455; x_wconf 74' lang='grc' dir='ltr'>πολλοὺς</span> <span class='ocrx_word' id='word_1_449' title='bbox 613 3393 707 3445; x_wconf 75' lang='grc' dir='ltr'>καὶ</span> <span class='ocrx_word' id='word_1_450' title='bbox 754 3391 1033 3461; x_wconf 82' lang='grc' dir='ltr'>μεγάλους</span> <span class='ocrx_word' id='word_1_451' title='bbox 1051 3392 1080 3443; x_wconf 90' lang='grc' dir='ltr'><strong>ό</strong></span> <span class='ocrx_word' id='word_1_452' title='bbox 1107 3391 1228 3445; x_wconf 84' lang='grc' dir='ltr'>τότε</span> <span class='ocrx_word' id='word_1_453' title='bbox 1255 3390 1448 3463; x_wconf 83' lang='grc' dir='ltr'>χρόνος</span> <span class='ocrx_word' id='word_1_454' title='bbox 1474 3391 1769 3460; x_wconf 77' lang='grc' dir='ltr'>ἀνέδειξεν,</span> <span class='ocrx_word' id='word_1_455' title='bbox 1799 3393 1932 3448; x_wconf 80' lang='grc' dir='ltr'>οἵτε</span> 
     </span>
    </p>
   </div>
   <div class='ocr_carea' id='block_1_69' title="bbox 348 3483 1933 3558">
    <p class='ocr_par' dir='ltr' id='par_1_69' title="bbox 348 3483 1933 3558">
     <span class='ocr_line' id='line_1_69' title="bbox 348 3483 1933 3558; baseline 0.002 -18"><span class='ocrx_word' id='word_1_456' title='bbox 348 3486 450 3556; x_wconf 77' lang='grc' dir='ltr'>τῆς</span> <span class='ocrx_word' id='word_1_457' title='bbox 502 3485 784 3556; x_wconf 81' lang='grc' dir='ltr'>ἡμετέρας</span> <span class='ocrx_word' id='word_1_458' title='bbox 856 3483 1187 3554; x_wconf 82' lang='grc' dir='ltr'>Ἐκκλησίας</span> <span class='ocrx_word' id='word_1_459' title='bbox 1232 3485 1546 3555; x_wconf 83' lang='grc' dir='ltr'>φωστῆρες,</span> <span class='ocrx_word' id='word_1_460' title='bbox 1597 3485 1693 3550; x_wconf 85' lang='grc' dir='ltr'>οὓς</span> <span class='ocrx_word' id='word_1_461' title='bbox 1747 3488 1782 3558; x_wconf 80' lang='grc' dir='ltr'><strong>ή</strong></span> <span class='ocrx_word' id='word_1_462' title='bbox 1820 3488 1933 3543; x_wconf 83' lang='grc' dir='ltr'><strong>τῶν</strong></span> 
     </span>
    </p>
   </div>
   <div class='ocr_carea' id='block_1_70' title="bbox 364 3576 1933 3648">
    <p class='ocr_par' dir='ltr' id='par_1_70' title="bbox 364 3576 1933 3648">
     <span class='ocr_line' id='line_1_70' title="bbox 364 3576 1933 3648; baseline 0.002 -17"><span class='ocrx_word' id='word_1_463' title='bbox 364 3577 712 3648; x_wconf 80' lang='grc' dir='ltr'>Ἐκκλησιῶν</span> <span class='ocrx_word' id='word_1_464' title='bbox 762 3577 887 3631; x_wconf 85' lang='grc' dir='ltr'>τότε</span> <span class='ocrx_word' id='word_1_465' title='bbox 931 3576 1211 3647; x_wconf 81' lang='grc' dir='ltr'>ἠσπάζετο</span> <span class='ocrx_word' id='word_1_466' title='bbox 1269 3576 1487 3641; x_wconf 80' lang='grc' dir='ltr'>ἓνωσις,</span> <span class='ocrx_word' id='word_1_467' title='bbox 1540 3577 1641 3632; x_wconf 86' lang='grc' dir='ltr'>οὐκ</span> <span class='ocrx_word' id='word_1_468' title='bbox 1682 3577 1749 3632; x_wconf 82' lang='grc' dir='ltr'>ἄν</span> <span class='ocrx_word' id='word_1_469' title='bbox 1799 3597 1933 3634; x_wconf 89' lang='grc' dir='ltr'>ποτε</span> 
     </span>
    </p>
   </div>
   <div class='ocr_carea' id='block_1_71' title="bbox 351 3664 1935 3741">
    <p class='ocr_par' dir='ltr' id='par_1_71' title="bbox 351 3664 1935 3741">
     <span class='ocr_line' id='line_1_71' title="bbox 351 3664 1935 3741; baseline 0.001 -21"><span class='ocrx_word' id='word_1_470' title='bbox 351 3668 613 3741; x_wconf 73' lang='grc' dir='ltr'>παρεῖδον</span> <span class='ocrx_word' id='word_1_471' title='bbox 648 3669 1088 3738; x_wconf 76' lang='grc' dir='ltr'>ἀνεπισήμαντον</span> <span class='ocrx_word' id='word_1_472' title='bbox 1113 3669 1175 3719; x_wconf 80' lang='grc' dir='ltr'>τὸ</span> <span class='ocrx_word' id='word_1_473' title='bbox 1194 3664 1339 3719; x_wconf 81' lang='grc' dir='ltr'>οὕτω</span> <span class='ocrx_word' id='word_1_474' title='bbox 1364 3665 1583 3735; x_wconf 84' lang='grc' dir='ltr'>γεγονὸς</span> <span class='ocrx_word' id='word_1_475' title='bbox 1617 3667 1748 3736; x_wconf 80' lang='grc' dir='ltr'>ἡμῖν</span> <span class='ocrx_word' id='word_1_476' title='bbox 1778 3665 1935 3721; x_wconf 65' lang='lat' dir='ltr'><strong>Bote-</strong></span> 
     </span>
    </p>
   </div>
   <div class='ocr_carea' id='block_1_72' title="bbox 352 3751 1935 3831">
    <p class='ocr_par' dir='ltr' id='par_1_72' title="bbox 352 3751 1935 3831">
     <span class='ocr_line' id='line_1_72' title="bbox 352 3751 1935 3831; baseline -0.005 -17"><span class='ocrx_word' id='word_1_477' title='bbox 352 3776 450 3831; x_wconf 86' lang='grc' dir='ltr'><strong>ρον</strong></span> <span class='ocrx_word' id='word_1_478' title='bbox 520 3756 881 3829; x_wconf 77' lang='grc' dir='ltr'>ἀξιοζήτητον</span> <span class='ocrx_word' id='word_1_479' title='bbox 960 3755 1208 3826; x_wconf 70' lang='grc' dir='ltr'>σφάλμα.</span> <span class='ocrx_word' id='word_1_480' title='bbox 1295 3755 1408 3808; x_wconf 76' lang='grc' dir='ltr'><strong>Καὶ</strong></span> <span class='ocrx_word' id='word_1_481' title='bbox 1496 3752 1657 3807; x_wconf 81' lang='grc' dir='ltr'>τοῦτο</span> <span class='ocrx_word' id='word_1_482' title='bbox 1731 3751 1935 3819; x_wconf 80' lang='grc' dir='ltr'>Φώτιος</span> 
     </span>
    </p>
   </div>
   <div class='ocr_carea' id='block_1_73' title="bbox 349 3853 523 3923">
    <p class='ocr_par' dir='ltr' id='par_1_73' title="bbox 349 3853 523 3923">
     <span class='ocr_line' id='line_1_73' title="bbox 349 3853 523 3923; baseline 0 -17"><span class='ocrx_word' id='word_1_483' title='bbox 349 3853 523 3923; x_wconf 81' lang='grc' dir='ltr'>λέγει.</span> 
     </span>
    </p>
   </div>
   <div class='ocr_carea' id='block_1_74' title="bbox 426 3940 1935 4016">
    <p class='ocr_par' dir='ltr' id='par_1_74' title="bbox 426 3940 1935 4016">
     <span class='ocr_line' id='line_1_74' title="bbox 426 3940 1935 4016; baseline -0.005 -15"><span class='ocrx_word' id='word_1_484' title='bbox 426 3944 553 4016; x_wconf 85' lang='grc' dir='ltr'>μς’.</span> <span class='ocrx_word' id='word_1_485' title='bbox 586 3963 607 3997; x_wconf 77' lang='grc' dir='ltr'><strong>ι</strong></span> <span class='ocrx_word' id='word_1_486' title='bbox 648 3942 817 3999; x_wconf 82' lang='grc' dir='ltr'>Εἶπον</span> <span class='ocrx_word' id='word_1_487' title='bbox 857 3945 907 3997; x_wconf 75' lang='grc' dir='ltr'>οὶ</span> <span class='ocrx_word' id='word_1_488' title='bbox 934 3946 1107 4014; x_wconf 85' lang='grc' dir='ltr'>τρεῖς,</span> <span class='ocrx_word' id='word_1_489' title='bbox 1142 3941 1222 4006; x_wconf 81' lang='grc' dir='ltr'><strong>ὡς</strong></span> <span class='ocrx_word' id='word_1_490' title='bbox 1268 3943 1533 4012; x_wconf 85' lang='grc' dir='ltr'>Ῥωμαῖοι</span> <span class='ocrx_word' id='word_1_491' title='bbox 1564 3940 1835 4011; x_wconf 81' lang='grc' dir='ltr'>λέγουσιν.</span> <span class='ocrx_word' id='word_1_492' title='bbox 1871 3940 1935 3993; x_wconf 86' lang='grc' dir='ltr'><strong>Οί</strong></span> 
     </span>
    </p>
   </div>
   <div class='ocr_carea' id='block_1_75' title="bbox 346 4029 1938 4107">
    <p class='ocr_par' dir='ltr' id='par_1_75' title="bbox 346 4029 1938 4107">
     <span class='ocr_line' id='line_1_75' title="bbox 346 4029 1938 4107; baseline -0.005 -14"><span class='ocrx_word' id='word_1_493' title='bbox 346 4040 408 4093; x_wconf 80' lang='grc' dir='ltr'>δὲ</span> <span class='ocrx_word' id='word_1_494' title='bbox 453 4039 565 4093; x_wconf 81' lang='grc' dir='ltr'><strong>τῶν</strong></span> <span class='ocrx_word' id='word_1_495' title='bbox 612 4038 753 4092; x_wconf 71' lang='grc' dir='ltr'>ἑπτὰ</span> <span class='ocrx_word' id='word_1_496' title='bbox 794 4037 1027 4106; x_wconf 85' lang='grc' dir='ltr'>συνόδων</span> <span class='ocrx_word' id='word_1_497' title='bbox 1071 4036 1348 4107; x_wconf 81' lang='grc' dir='ltr'>ἀρχιερεῖς</span> <span class='ocrx_word' id='word_1_498' title='bbox 1384 4035 1485 4087; x_wconf 85' lang='grc' dir='ltr'>οὐκ</span> <span class='ocrx_word' id='word_1_499' title='bbox 1524 4029 1707 4099; x_wconf 76' lang='grc' dir='ltr'>εἷπον,</span> <span class='ocrx_word' id='word_1_500' title='bbox 1740 4033 1791 4089; x_wconf 80' lang='grc' dir='ltr'>οἳ</span> <span class='ocrx_word' id='word_1_501' title='bbox 1842 4032 1938 4088; x_wconf 77' lang='grc' dir='ltr'>καὶ</span> 
     </span>
    </p>
   </div>
   <div class='ocr_carea' id='block_1_76' title="bbox 355 4122 1936 4201">
    <p class='ocr_par' dir='ltr' id='par_1_76' title="bbox 355 4122 1936 4201">
     <span class='ocr_line' id='line_1_76' title="bbox 355 4122 1936 4201; baseline -0.005 -16"><span class='ocrx_word' id='word_1_502' title='bbox 355 4131 794 4201; x_wconf 66' lang='grc' dir='ltr'>συνεψηφίσαντο</span> <span class='ocrx_word' id='word_1_503' title='bbox 823 4128 999 4199; x_wconf 87' lang='grc' dir='ltr'>δόγμα</span> <span class='ocrx_word' id='word_1_504' title='bbox 1049 4127 1413 4198; x_wconf 79' lang='grc' dir='ltr'>προστεθῆναι</span> <span class='ocrx_word' id='word_1_505' title='bbox 1458 4124 1626 4197; x_wconf 82' lang='grc' dir='ltr'>μηδὲν</span> <span class='ocrx_word' id='word_1_506' title='bbox 1673 4124 1773 4192; x_wconf 71' lang='grc' dir='ltr'>ἔτι,</span> <span class='ocrx_word' id='word_1_507' title='bbox 1810 4122 1936 4194; x_wconf 81' lang='grc' dir='ltr'>μήτ’</span> 
     </span>
    </p>
   </div>
   <div class='ocr_carea' id='block_1_77' title="bbox 352 4216 1935 4295">
    <p class='ocr_par' dir='ltr' id='par_1_77' title="bbox 352 4216 1935 4295">
     <span class='ocr_line' id='line_1_77' title="bbox 352 4216 1935 4295; baseline -0.006 -18"><span class='ocrx_word' id='word_1_508' title='bbox 352 4224 726 4295; x_wconf 79' lang='grc' dir='ltr'>ἀφαιρεθῆναι</span> <span class='ocrx_word' id='word_1_509' title='bbox 771 4220 865 4275; x_wconf 81' lang='grc' dir='ltr'>τοῦ</span> <span class='ocrx_word' id='word_1_510' title='bbox 922 4219 1318 4292; x_wconf 79' lang='grc' dir='ltr'>παραδοθέντος</span> <span class='ocrx_word' id='word_1_511' title='bbox 1356 4218 1483 4289; x_wconf 81' lang='grc' dir='ltr'>ὅρου</span> <span class='ocrx_word' id='word_1_512' title='bbox 1528 4217 1631 4287; x_wconf 77' lang='grc' dir='ltr'>τῆς</span> <span class='ocrx_word' id='word_1_513' title='bbox 1676 4216 1935 4280; x_wconf 80' lang='grc' dir='ltr'>πίστεως,</span> 
     </span>
    </p>
   </div>
   <div class='ocr_carea' id='block_1_78' title="bbox 354 4309 1935 4382">
    <p class='ocr_par' dir='ltr' id='par_1_78' title="bbox 354 4309 1935 4382">
     <span class='ocr_line' id='line_1_78' title="bbox 354 4309 1935 4382; baseline -0.004 -13"><span class='ocrx_word' id='word_1_514' title='bbox 354 4316 497 4369; x_wconf 79' lang='grc' dir='ltr'><strong>ἀλλά</strong></span> <span class='ocrx_word' id='word_1_515' title='bbox 525 4316 623 4368; x_wconf 71' lang='grc' dir='ltr'>καὶ</span> <span class='ocrx_word' id='word_1_516' title='bbox 657 4314 749 4367; x_wconf 82' lang='grc' dir='ltr'>τὸν</span> <span class='ocrx_word' id='word_1_517' title='bbox 775 4311 1271 4382; x_wconf 82' lang='grc' dir='ltr'>κατατολμήσαντα</span> <span class='ocrx_word' id='word_1_518' title='bbox 1303 4309 1654 4367; x_wconf 84' lang='grc' dir='ltr'>παντάπασιν</span> <span class='ocrx_word' id='word_1_519' title='bbox 1681 4309 1935 4381; x_wconf 72' lang='grc' dir='ltr'>ἀπορρα-</span> 
     </span>
    </p>
   </div>
   <div class='ocr_carea' id='block_1_79' title="bbox 354 4405 1113 4478">
    <p class='ocr_par' dir='ltr' id='par_1_79' title="bbox 354 4405 1113 4478">
     <span class='ocr_line' id='line_1_79' title="bbox 354 4405 1113 4478; baseline -0.028 -1"><span class='ocrx_word' id='word_1_520' title='bbox 354 4410 524 4478; x_wconf 75' lang='grc' dir='ltr'>γῆναι</span> <span class='ocrx_word' id='word_1_521' title='bbox 562 4407 663 4475; x_wconf 74' lang='grc' dir='ltr'><strong>τῆς</strong></span> <span class='ocrx_word' id='word_1_522' title='bbox 706 4405 1053 4474; x_wconf 76' lang='grc' dir='ltr'>Ἐκκλησίας.</span> <span class='ocrx_word' id='word_1_523' title='bbox 1094 4422 1113 4456; x_wconf 83' lang='grc' dir='ltr'><strong>ι</strong></span> 
     </span>
    </p>
   </div>
   <div class='ocr_carea' id='block_1_80' title="bbox 426 4495 1937 4571">
    <p class='ocr_par' dir='ltr' id='par_1_80' title="bbox 426 4495 1937 4571">
     <span class='ocr_line' id='line_1_80' title="bbox 426 4495 1937 4571; baseline -0.005 -16"><span class='ocrx_word' id='word_1_524' title='bbox 426 4503 541 4555; x_wconf 73' lang='grc' dir='ltr'><strong>Καὶ</strong></span> <span class='ocrx_word' id='word_1_525' title='bbox 566 4499 772 4563; x_wconf 76' lang='grc' dir='ltr'>Φώτιος</span> <span class='ocrx_word' id='word_1_526' title='bbox 802 4499 902 4571; x_wconf 78' lang='grc' dir='ltr'>μὲν</span> <span class='ocrx_word' id='word_1_527' title='bbox 932 4498 1007 4561; x_wconf 84' lang='grc' dir='ltr'>ὡς</span> <span class='ocrx_word' id='word_1_528' title='bbox 1034 4497 1187 4551; x_wconf 82' lang='grc' dir='ltr'>οὐδέν</span> <span class='ocrx_word' id='word_1_529' title='bbox 1217 4514 1270 4550; x_wconf 88' lang='grc' dir='ltr'><strong>τι</strong></span> <span class='ocrx_word' id='word_1_530' title='bbox 1299 4495 1478 4550; x_wconf 81' lang='grc' dir='ltr'>κοινὸν</span> <span class='ocrx_word' id='word_1_531' title='bbox 1509 4498 1746 4566; x_wconf 75' lang='grc' dir='ltr'>ἡγεῖται,</span> <span class='ocrx_word' id='word_1_532' title='bbox 1778 4495 1937 4566; x_wconf 82' lang='grc' dir='ltr'>εἴπερ</span> 
     </span>
    </p>
   </div>
   <div class='ocr_carea' id='block_1_81' title="bbox 353 4589 1939 4665">
    <p class='ocr_par' dir='ltr' id='par_1_81' title="bbox 353 4589 1939 4665">
     <span class='ocr_line' id='line_1_81' title="bbox 353 4589 1939 4665; baseline -0.005 -16"><span class='ocrx_word' id='word_1_533' title='bbox 353 4591 511 4649; x_wconf 79' lang='grc' dir='ltr'>εἷπον</span> <span class='ocrx_word' id='word_1_534' title='bbox 547 4593 708 4646; x_wconf 79' lang='grc' dir='ltr'>τοῦτο</span> <span class='ocrx_word' id='word_1_535' title='bbox 739 4593 790 4646; x_wconf 77' lang='grc' dir='ltr'>οἱ</span> <span class='ocrx_word' id='word_1_536' title='bbox 827 4593 999 4665; x_wconf 88' lang='grc' dir='ltr'>τρεῖς,</span> <span class='ocrx_word' id='word_1_537' title='bbox 1048 4590 1137 4644; x_wconf 75' lang='grc' dir='ltr'>διὰ</span> <span class='ocrx_word' id='word_1_538' title='bbox 1175 4589 1238 4643; x_wconf 72' lang='grc' dir='ltr'>τὸ</span> <span class='ocrx_word' id='word_1_539' title='bbox 1282 4589 1356 4652; x_wconf 84' lang='grc' dir='ltr'>ὡς</span> <span class='ocrx_word' id='word_1_540' title='bbox 1392 4589 1703 4656; x_wconf 85' lang='grc' dir='ltr'>Ῥωμαίους</span> <span class='ocrx_word' id='word_1_541' title='bbox 1761 4590 1939 4642; x_wconf 77' lang='grc' dir='ltr'>εἰπεῖν</span> 
     </span>
    </p>
   </div>
   <div class='ocr_carea' id='block_1_82' title="bbox 352 4679 1938 4751">
    <p class='ocr_par' dir='ltr' id='par_1_82' title="bbox 352 4679 1938 4751">
     <span class='ocr_line' id='line_1_82' title="bbox 352 4679 1938 4751; baseline -0.004 -11"><span class='ocrx_word' id='word_1_542' title='bbox 352 4688 516 4740; x_wconf 79' lang='grc' dir='ltr'>τοῦτο</span> <span class='ocrx_word' id='word_1_543' title='bbox 546 4684 747 4751; x_wconf 78' lang='grc' dir='ltr'>αὐτούς</span> <span class='ocrx_word' id='word_1_544' title='bbox 779 4698 794 4713; x_wconf 78' lang='grc' dir='ltr'><strong><em>ο</em></strong></span> <span class='ocrx_word' id='word_1_545' title='bbox 835 4681 948 4751; x_wconf 70' lang='grc' dir='ltr'><strong>ἐγὼ</strong></span> <span class='ocrx_word' id='word_1_546' title='bbox 980 4682 1038 4736; x_wconf 79' lang='grc' dir='ltr'>δὲ</span> <span class='ocrx_word' id='word_1_547' title='bbox 1085 4683 1181 4735; x_wconf 73' lang='grc' dir='ltr'><strong>καὶ</strong></span> <span class='ocrx_word' id='word_1_548' title='bbox 1229 4681 1373 4735; x_wconf 78' lang='grc' dir='ltr'>πάνυ</span> <span class='ocrx_word' id='word_1_549' title='bbox 1417 4679 1601 4734; x_wconf 85' lang='grc' dir='ltr'>καινόν</span> <span class='ocrx_word' id='word_1_550' title='bbox 1651 4696 1814 4749; x_wconf 80' lang='grc' dir='ltr'>φημι,</span> <span class='ocrx_word' id='word_1_551' title='bbox 1854 4682 1938 4734; x_wconf 81' lang='grc' dir='ltr'>ὅτι</span> 
     </span>
    </p>
   </div>
   <div class='ocr_carea' id='block_1_83' title="bbox 355 4770 1940 4842">
    <p class='ocr_par' dir='ltr' id='par_1_83' title="bbox 355 4770 1940 4842">
     <span class='ocr_line' id='line_1_83' title="bbox 355 4770 1940 4842; baseline -0.004 -11"><span class='ocrx_word' id='word_1_552' title='bbox 355 4779 518 4841; x_wconf 70' lang='grc' dir='ltr'>αὑτός</span> <span class='ocrx_word' id='word_1_553' title='bbox 551 4793 610 4829; x_wconf 80' lang='grc' dir='ltr'><strong>τε</strong></span> <span class='ocrx_word' id='word_1_554' title='bbox 638 4772 865 4839; x_wconf 81' lang='grc' dir='ltr'>Φὼτιος,</span> <span class='ocrx_word' id='word_1_555' title='bbox 894 4774 990 4827; x_wconf 81' lang='grc' dir='ltr'>καὶ</span> <span class='ocrx_word' id='word_1_556' title='bbox 1018 4776 1133 4827; x_wconf 80' lang='grc' dir='ltr'>ὅσοι</span> <span class='ocrx_word' id='word_1_557' title='bbox 1173 4772 1290 4842; x_wconf 87' lang='grc' dir='ltr'>μετ’</span> <span class='ocrx_word' id='word_1_558' title='bbox 1325 4770 1486 4826; x_wconf 81' lang='grc' dir='ltr'>αὐτὸν</span> <span class='ocrx_word' id='word_1_559' title='bbox 1512 4770 1605 4824; x_wconf 77' lang='grc' dir='ltr'>τοῦ</span> <span class='ocrx_word' id='word_1_560' title='bbox 1638 4773 1940 4841; x_wconf 80' lang='grc' dir='ltr'>σχίσματος</span> 
     </span>
    </p>
   </div>
   <div class='ocr_carea' id='block_1_84' title="bbox 356 4860 1938 4944">
    <p class='ocr_par' dir='ltr' id='par_1_84' title="bbox 356 4860 1938 4944">
     <span class='ocr_line' id='line_1_84' title="bbox 356 4860 1938 4944; baseline -0.008 -16"><span class='ocrx_word' id='word_1_561' title='bbox 356 4875 620 4944; x_wconf 85' lang='grc' dir='ltr'>γεγόνασι</span> <span class='ocrx_word' id='word_1_562' title='bbox 659 4870 922 4940; x_wconf 77' lang='grc' dir='ltr'>ζηλωταὶ,</span> <span class='ocrx_word' id='word_1_563' title='bbox 952 4869 1051 4923; x_wconf 81' lang='grc' dir='ltr'>οὐκ</span> <span class='ocrx_word' id='word_1_564' title='bbox 1079 4866 1352 4938; x_wconf 68' lang='grc' dir='ltr'>ἠθέλησαν</span> <span class='ocrx_word' id='word_1_565' title='bbox 1380 4860 1525 4918; x_wconf 76' lang='grc' dir='ltr'>οὗτοι</span> <span class='ocrx_word' id='word_1_566' title='bbox 1559 4863 1808 4935; x_wconf 82' lang='grc' dir='ltr'>στέργειν</span> <span class='ocrx_word' id='word_1_567' title='bbox 1838 4864 1938 4934; x_wconf 83' lang='grc' dir='ltr'>τῆς</span> 
     </span>
    </p>
   </div>
   <div class='ocr_carea' id='block_1_85' title="bbox 367 4957 1939 5038">
    <p class='ocr_par' dir='ltr' id='par_1_85' title="bbox 367 4957 1939 5038">
     <span class='ocr_line' id='line_1_85' title="bbox 367 4957 1939 5038; baseline -0.011 -14"><span class='ocrx_word' id='word_1_568' title='bbox 367 4965 689 5038; x_wconf 80' lang='grc' dir='ltr'>Ῥωμαῖκῆς</span> <span class='ocrx_word' id='word_1_569' title='bbox 731 4960 1056 5028; x_wconf 80' lang='grc' dir='ltr'>Ἐκκλησίας</span> <span class='ocrx_word' id='word_1_570' title='bbox 1087 4959 1186 5030; x_wconf 82' lang='grc' dir='ltr'>τὴν</span> <span class='ocrx_word' id='word_1_571' title='bbox 1226 4960 1442 5025; x_wconf 68' lang='grc' dir='ltr'>ἕνωσιν,</span> <span class='ocrx_word' id='word_1_572' title='bbox 1484 4957 1567 5021; x_wconf 76' lang='grc' dir='ltr'><strong>ὡς</strong></span> <span class='ocrx_word' id='word_1_573' title='bbox 1596 4957 1645 5010; x_wconf 79' lang='grc' dir='ltr'><strong>οι</strong></span> <span class='ocrx_word' id='word_1_574' title='bbox 1691 4957 1939 5028; x_wconf 81' lang='grc' dir='ltr'>Πατέρες</span> 
     </span>
    </p>
   </div>
   <div class='ocr_carea' id='block_1_86' title="bbox 353 5047 1939 5130">
    <p class='ocr_par' dir='ltr' id='par_1_86' title="bbox 353 5047 1939 5130">
     <span class='ocr_line' id='line_1_86' title="bbox 353 5047 1939 5130; baseline -0.008 -17"><span class='ocrx_word' id='word_1_575' title='bbox 353 5061 515 5130; x_wconf 75' lang='grc' dir='ltr'>ἡμων</span> <span class='ocrx_word' id='word_1_576' title='bbox 549 5056 652 5127; x_wconf 83' lang='grc' dir='ltr'><strong>τὴν</strong></span> <span class='ocrx_word' id='word_1_577' title='bbox 682 5053 825 5110; x_wconf 82' lang='grc' dir='ltr'>κατὰ</span> <span class='ocrx_word' id='word_1_578' title='bbox 869 5052 978 5108; x_wconf 83' lang='grc' dir='ltr'><strong>τῶν</strong></span> <span class='ocrx_word' id='word_1_579' title='bbox 1017 5050 1281 5106; x_wconf 73' lang='grc' dir='ltr'>εἰπόντων</span> <span class='ocrx_word' id='word_1_580' title='bbox 1310 5049 1542 5119; x_wconf 79' lang='grc' dir='ltr'>πρώτως</span> <span class='ocrx_word' id='word_1_581' title='bbox 1577 5047 1674 5120; x_wconf 79' lang='grc' dir='ltr'>τὴν</span> <span class='ocrx_word' id='word_1_582' title='bbox 1717 5051 1786 5101; x_wconf 61' lang='grc' dir='ltr'><strong>εκ</strong></span> <span class='ocrx_word' id='word_1_583' title='bbox 1822 5049 1939 5101; x_wconf 81' lang='grc' dir='ltr'><strong>Πα-</strong></span> 
     </span>
    </p>
   </div>
   <div class='ocr_carea' id='block_1_87' title="bbox 351 5141 1940 5223">
    <p class='ocr_par' dir='ltr' id='par_1_87' title="bbox 351 5141 1940 5223">
     <span class='ocr_line' id='line_1_87' title="bbox 351 5141 1940 5223; baseline -0.008 -17"><span class='ocrx_word' id='word_1_584' title='bbox 351 5154 479 5223; x_wconf 79' lang='grc' dir='ltr'>τρδς</span> <span class='ocrx_word' id='word_1_585' title='bbox 509 5152 608 5207; x_wconf 76' lang='grc' dir='ltr'>καὶ</span> <span class='ocrx_word' id='word_1_586' title='bbox 656 5148 786 5207; x_wconf 82' lang='grc' dir='ltr'><strong>Υἱοῦ</strong></span> <span class='ocrx_word' id='word_1_587' title='bbox 812 5147 1138 5219; x_wconf 76' lang='grc' dir='ltr'>ἐκπόρευσιν</span> <span class='ocrx_word' id='word_1_588' title='bbox 1173 5143 1266 5198; x_wconf 80' lang='grc' dir='ltr'>τοῦ</span> <span class='ocrx_word' id='word_1_589' title='bbox 1308 5142 1642 5213; x_wconf 84' lang='grc' dir='ltr'>Πνεύματος,</span> <span class='ocrx_word' id='word_1_590' title='bbox 1702 5141 1940 5214; x_wconf 82' lang='grc' dir='ltr'>Ἀμϐρο-</span> 
     </span>
    </p>
   </div>
   <div class='ocr_carea' id='block_1_88' title="bbox 355 5232 1937 5313">
    <p class='ocr_par' dir='ltr' id='par_1_88' title="bbox 355 5232 1937 5313">
     <span class='ocr_line' id='line_1_88' title="bbox 355 5232 1937 5313; baseline -0.009 -13"><span class='ocrx_word' id='word_1_591' title='bbox 355 5246 493 5309; x_wconf 70' lang='lat' dir='ltr'><strong>uisu,</strong></span> <span class='ocrx_word' id='word_1_592' title='bbox 527 5243 697 5313; x_wconf 80' lang='grc' dir='ltr'>φημὶ,</span> <span class='ocrx_word' id='word_1_593' title='bbox 727 5237 1096 5309; x_wconf 77' lang='grc' dir='ltr'>Δύγουστίνου</span> <span class='ocrx_word' id='word_1_594' title='bbox 1128 5254 1189 5290; x_wconf 87' lang='grc' dir='ltr'><strong>τε</strong></span> <span class='ocrx_word' id='word_1_595' title='bbox 1216 5234 1313 5289; x_wconf 77' lang='grc' dir='ltr'>καὶ</span> <span class='ocrx_word' id='word_1_596' title='bbox 1348 5233 1695 5304; x_wconf 83' lang='grc' dir='ltr'>Ἱερωνύμου.</span> <span class='ocrx_word' id='word_1_597' title='bbox 1729 5233 1851 5287; x_wconf 70' lang='grc' dir='ltr'><strong>Ὀτι</strong></span> <span class='ocrx_word' id='word_1_598' title='bbox 1877 5232 1937 5285; x_wconf 74' lang='grc' dir='ltr'>δὲ</span> 
     </span>
    </p>
   </div>
   <div class='ocr_carea' id='block_1_89' title="bbox 351 5326 1933 5399">
    <p class='ocr_par' dir='ltr' id='par_1_89' title="bbox 351 5326 1933 5399">
     <span class='ocr_line' id='line_1_89' title="bbox 351 5326 1933 5399; baseline -0.007 -7"><span class='ocrx_word' id='word_1_599' title='bbox 351 5338 450 5392; x_wconf 82' lang='grc' dir='ltr'><strong>καὶ</strong></span> <span class='ocrx_word' id='word_1_600' title='bbox 488 5354 509 5389; x_wconf 78' lang='grc' dir='ltr'><strong>ι</strong></span> <span class='ocrx_word' id='word_1_601' title='bbox 542 5336 670 5399; x_wconf 76' lang='grc' dir='ltr'>τοὺς</span> <span class='ocrx_word' id='word_1_602' title='bbox 704 5334 815 5388; x_wconf 84' lang='grc' dir='ltr'><strong>τῶν</strong></span> <span class='ocrx_word' id='word_1_603' title='bbox 845 5332 987 5386; x_wconf 82' lang='grc' dir='ltr'>ὲπτά</span> <span class='ocrx_word' id='word_1_604' title='bbox 1004 5329 1238 5385; x_wconf 87' lang='grc' dir='ltr'>συνόδων</span> <span class='ocrx_word' id='word_1_605' title='bbox 1267 5329 1547 5399; x_wconf 86' lang='grc' dir='ltr'>ἀρχιερεῖς</span> <span class='ocrx_word' id='word_1_606' title='bbox 1578 5326 1933 5396; x_wconf 54' lang='grc' dir='ltr'>συμψηφὶσα·</span> 
     </span>
    </p>
   </div>
   <div class='ocr_carea' id='block_1_90' title="bbox 353 5420 1938 5498">
    <p class='ocr_par' dir='ltr' id='par_1_90' title="bbox 353 5420 1938 5498">
     <span class='ocr_line' id='line_1_90' title="bbox 353 5420 1938 5498; baseline -0.011 -14"><span class='ocrx_word' id='word_1_607' title='bbox 353 5430 479 5486; x_wconf 86' lang='grc' dir='ltr'>σθαι</span> <span class='ocrx_word' id='word_1_608' title='bbox 513 5447 533 5481; x_wconf 79' lang='grc' dir='ltr'><strong>ι</strong></span> <span class='ocrx_word' id='word_1_609' title='bbox 569 5428 678 5498; x_wconf 79' lang='grc' dir='ltr'><strong>εφη</strong></span> <span class='ocrx_word' id='word_1_610' title='bbox 718 5444 738 5479; x_wconf 79' lang='grc' dir='ltr'><strong>ι</strong></span> <span class='ocrx_word' id='word_1_611' title='bbox 779 5425 960 5494; x_wconf 87' lang='grc' dir='ltr'>δόγμα</span> <span class='ocrx_word' id='word_1_612' title='bbox 991 5420 1355 5495; x_wconf 84' lang='grc' dir='ltr'>προστεθῆναι</span> <span class='ocrx_word' id='word_1_613' title='bbox 1385 5420 1573 5491; x_wconf 70' lang='grc' dir='ltr'>μηδὲν,</span> <span class='ocrx_word' id='word_1_614' title='bbox 1606 5420 1734 5490; x_wconf 83' lang='grc' dir='ltr'>μήτ’</span> <span class='ocrx_word' id='word_1_615' title='bbox 1773 5421 1938 5488; x_wconf 81' lang='grc' dir='ltr'>ἀφαι-</span> 
     </span>
    </p>
   </div>
   <div class='ocr_carea' id='block_1_91' title="bbox 288 5512 1935 5596">
    <p class='ocr_par' dir='ltr' id='par_1_91' title="bbox 288 5512 1935 5596">
     <span class='ocr_line' id='line_1_91' title="bbox 288 5512 1935 5596; baseline -0.008 -19"><span class='ocrx_word' id='word_1_616' title='bbox 288 5522 295 5528; x_wconf 81' lang='grc'><strong>’</strong></span> <span class='ocrx_word' id='word_1_617' title='bbox 356 5522 576 5596; x_wconf 70' lang='grc' dir='ltr'>ρεθῆναι</span> <span class='ocrx_word' id='word_1_618' title='bbox 606 5519 702 5575; x_wconf 82' lang='grc' dir='ltr'><strong>τοῦ</strong></span> <span class='ocrx_word' id='word_1_619' title='bbox 738 5516 1142 5589; x_wconf 84' lang='grc' dir='ltr'>παραδοθέντος</span> <span class='ocrx_word' id='word_1_620' title='bbox 1168 5515 1297 5586; x_wconf 84' lang='grc' dir='ltr'>ὅρου</span> <span class='ocrx_word' id='word_1_621' title='bbox 1344 5514 1445 5583; x_wconf 80' lang='grc' dir='ltr'>τῆς</span> <span class='ocrx_word' id='word_1_622' title='bbox 1487 5515 1744 5576; x_wconf 85' lang='grc' dir='ltr'>πίστεως,</span> <span class='ocrx_word' id='word_1_623' title='bbox 1798 5512 1935 5565; x_wconf 84' lang='grc' dir='ltr'><strong>ἀλλά</strong></span> 
     </span>
    </p>
   </div>
   <div class='ocr_carea' id='block_1_92' title="bbox 354 5606 1933 5683">
    <p class='ocr_par' dir='ltr' id='par_1_92' title="bbox 354 5606 1933 5683">
     <span class='ocr_line' id='line_1_92' title="bbox 354 5606 1933 5683; baseline -0.011 -7"><span class='ocrx_word' id='word_1_624' title='bbox 354 5620 569 5676; x_wconf 77' lang='grc' dir='ltr'>καὶτὸν</span> <span class='ocrx_word' id='word_1_625' title='bbox 616 5613 1117 5683; x_wconf 77' lang='grc' dir='ltr'>κατατολμήσαντα</span> <span class='ocrx_word' id='word_1_626' title='bbox 1160 5608 1507 5665; x_wconf 79' lang='grc' dir='ltr'>παντάπασιν</span> <span class='ocrx_word' id='word_1_627' title='bbox 1547 5606 1933 5678; x_wconf 72' lang='grc' dir='ltr'>ἀπορραγῆναι</span> 
     </span>
    </p>
   </div>
   <div class='ocr_carea' id='block_1_93' title="bbox 355 5698 1931 5787">
    <p class='ocr_par' dir='ltr' id='par_1_93' title="bbox 355 5698 1931 5787">
     <span class='ocr_line' id='line_1_93' title="bbox 355 5698 1931 5787; baseline -0.011 -19"><span class='ocrx_word' id='word_1_628' title='bbox 355 5715 450 5787; x_wconf 78' lang='grc' dir='ltr'>τῆς</span> <span class='ocrx_word' id='word_1_629' title='bbox 483 5713 877 5784; x_wconf 77' lang='grc' dir='ltr'>Ἐκκ).ησῖας,ι</span> <span class='ocrx_word' id='word_1_630' title='bbox 924 5708 1100 5763; x_wconf 71' lang='grc' dir='ltr'>ἐκεῖνο</span> <span class='ocrx_word' id='word_1_631' title='bbox 1124 5703 1239 5768; x_wconf 79' lang='grc' dir='ltr'><strong>πῶς</strong></span> <span class='ocrx_word' id='word_1_632' title='bbox 1275 5703 1337 5773; x_wconf 79' lang='grc' dir='ltr'>οὐ</span> <span class='ocrx_word' id='word_1_633' title='bbox 1366 5699 1663 5771; x_wconf 75' lang='grc' dir='ltr'>λογίζεται,</span> <span class='ocrx_word' id='word_1_634' title='bbox 1695 5701 1776 5753; x_wconf 70' lang='grc' dir='ltr'>ὅτι</span> <span class='ocrx_word' id='word_1_635' title='bbox 1805 5698 1931 5770; x_wconf 83' lang='grc' dir='ltr'>ὅρον</span> 
     </span>
    </p>
   </div>
   <div class='ocr_carea' id='block_1_94' title="bbox 2037 3191 3608 3271">
    <p class='ocr_par' dir='ltr' id='par_1_94' title="bbox 2037 3191 3608 3271">
     <span class='ocr_line' id='line_1_94' title="bbox 2037 3191 3608 3271; baseline -0.011 -13"><span class='ocrx_word' id='word_1_636' title='bbox 2037 3202 2111 3259; x_wconf 88' lang='lat' dir='ltr'><strong>tia</strong></span> <span class='ocrx_word' id='word_1_637' title='bbox 2163 3200 2438 3258; x_wconf 75' lang='lat' dir='ltr'><strong>excidisse</strong></span> <span class='ocrx_word' id='word_1_638' title='bbox 2468 3198 2875 3271; x_wconf 80' lang='lat' dir='ltr'><strong>cognovissent,</strong></span> <span class='ocrx_word' id='word_1_639' title='bbox 2917 3204 3030 3250; x_wconf 91' lang='lat' dir='ltr'><strong>tum</strong></span> <span class='ocrx_word' id='word_1_640' title='bbox 3084 3193 3176 3249; x_wconf 88' lang='lat' dir='ltr'><strong>alii</strong></span> <span class='ocrx_word' id='word_1_641' title='bbox 3212 3194 3468 3250; x_wconf 74' lang='lat' dir='ltr'><strong>lloutana:</strong></span> <span class='ocrx_word' id='word_1_642' title='bbox 3501 3191 3608 3253; x_wconf 70' lang='lat' dir='ltr'><strong>Ec.-</strong></span> 
     </span>
    </p>
   </div>
   <div class='ocr_carea' id='block_1_95' title="bbox 2037 3291 3609 3364">
    <p class='ocr_par' dir='ltr' id='par_1_95' title="bbox 2037 3291 3609 3364">
     <span class='ocr_line' id='line_1_95' title="bbox 2037 3291 3609 3364; baseline -0.011 -9"><span class='ocrx_word' id='word_1_643' title='bbox 2037 3296 2222 3355; x_wconf 66' lang='lat' dir='ltr'><strong>clesiae</strong></span> <span class='ocrx_word' id='word_1_644' title='bbox 2276 3294 2489 3360; x_wconf 80' lang='lat' dir='ltr'><strong>Patres,</strong></span> <span class='ocrx_word' id='word_1_645' title='bbox 2527 3306 2666 3364; x_wconf 90' lang='lat' dir='ltr'><strong>quos</strong></span> <span class='ocrx_word' id='word_1_646' title='bbox 2702 3291 2969 3362; x_wconf 88' lang='lat' dir='ltr'><strong>plurimos</strong></span> <span class='ocrx_word' id='word_1_647' title='bbox 2995 3296 3050 3350; x_wconf 82' lang='lat' dir='ltr'><strong>et</strong></span> <span class='ocrx_word' id='word_1_648' title='bbox 3101 3300 3350 3344; x_wconf 84' lang='lat' dir='ltr'><strong>summos</strong></span> <span class='ocrx_word' id='word_1_649' title='bbox 3379 3301 3445 3339; x_wconf 82' lang='lat' dir='ltr'><strong>ea</strong></span> <span class='ocrx_word' id='word_1_650' title='bbox 3471 3295 3609 3344; x_wconf 66' lang='lat' dir='ltr'><strong>mtas</strong></span> 
     </span>
    </p>
   </div>
   <div class='ocr_carea' id='block_1_96' title="bbox 2040 3390 3609 3464">
    <p class='ocr_par' dir='ltr' id='par_1_96' title="bbox 2040 3390 3609 3464">
     <span class='ocr_line' id='line_1_96' title="bbox 2040 3390 3609 3464; baseline -0.008 -6"><span class='ocrx_word' id='word_1_651' title='bbox 2040 3401 2189 3464; x_wconf 90' lang='lat' dir='ltr'><strong>tulit,</strong></span> <span class='ocrx_word' id='word_1_652' title='bbox 2223 3407 2338 3454; x_wconf 89' lang='lat' dir='ltr'><strong>tum</strong></span> <span class='ocrx_word' id='word_1_653' title='bbox 2370 3395 2631 3453; x_wconf 74' lang='lat' dir='ltr'><strong>Ecclesiae</strong></span> <span class='ocrx_word' id='word_1_654' title='bbox 2654 3401 2862 3451; x_wconf 71' lang='lat' dir='ltr'><strong>nostra:</strong></span> <span class='ocrx_word' id='word_1_655' title='bbox 2910 3391 3141 3457; x_wconf 86' lang='lat' dir='ltr'><strong>lumina,</strong></span> <span class='ocrx_word' id='word_1_656' title='bbox 3185 3392 3276 3461; x_wconf 79' lang='lat' dir='ltr'><strong>qui</strong></span> <span class='ocrx_word' id='word_1_657' title='bbox 3305 3390 3362 3447; x_wconf 89' lang='lat' dir='ltr'><strong>id</strong></span> <span class='ocrx_word' id='word_1_658' title='bbox 3392 3400 3609 3460; x_wconf 53' lang='lat' dir='ltr'><strong>tempoy</strong></span> 
     </span>
    </p>
   </div>
   <div class='ocr_carea' id='block_1_97' title="bbox 2038 3484 3612 3551">
    <p class='ocr_par' dir='ltr' id='par_1_97' title="bbox 2038 3484 3612 3551">
     <span class='ocr_line' id='line_1_97' title="bbox 2038 3484 3612 3551; baseline -0.007 -1"><span class='ocrx_word' id='word_1_659' title='bbox 2038 3495 2116 3551; x_wconf 83' lang='lat' dir='ltr'><strong>ris</strong></span> <span class='ocrx_word' id='word_1_660' title='bbox 2145 3492 2520 3549; x_wconf 86' lang='lat' dir='ltr'><strong>Ecclesiarum</strong></span> <span class='ocrx_word' id='word_1_661' title='bbox 2550 3489 2810 3548; x_wconf 85' lang='lat' dir='ltr'><strong>unionem</strong></span> <span class='ocrx_word' id='word_1_662' title='bbox 2838 3484 3299 3544; x_wconf 79' lang='lat' dir='ltr'><strong>exosculabantur</strong></span> <span class='ocrx_word' id='word_1_663' title='bbox 3318 3523 3333 3549; x_wconf 91' lang='lat'><strong>,</strong></span> <span class='ocrx_word' id='word_1_664' title='bbox 3369 3499 3477 3539; x_wconf 90' lang='lat' dir='ltr'><strong>non</strong></span> <span class='ocrx_word' id='word_1_665' title='bbox 3511 3498 3612 3543; x_wconf 56' lang='lat' dir='ltr'><strong>nes</strong></span> 
     </span>
    </p>
   </div>
   <div class='ocr_carea' id='block_1_98' title="bbox 2038 3574 3612 3654">
    <p class='ocr_par' dir='ltr' id='par_1_98' title="bbox 2038 3574 3612 3654">
     <span class='ocr_line' id='line_1_98' title="bbox 2038 3574 3612 3654; baseline -0.01 -15"><span class='ocrx_word' id='word_1_666' title='bbox 2038 3585 2356 3654; x_wconf 76' lang='lat' dir='ltr'><strong>glexissent,</strong></span> <span class='ocrx_word' id='word_1_667' title='bbox 2379 3582 2475 3637; x_wconf 87' lang='lat' dir='ltr'><strong>sed</strong></span> <span class='ocrx_word' id='word_1_668' title='bbox 2508 3580 2716 3650; x_wconf 85' lang='lat' dir='ltr'><strong>scripto</strong></span> <span class='ocrx_word' id='word_1_669' title='bbox 2754 3579 3085 3651; x_wconf 76' lang='lat' dir='ltr'><strong>signassent,</strong></span> <span class='ocrx_word' id='word_1_670' title='bbox 3117 3574 3462 3646; x_wconf 85' lang='lat' dir='ltr'><strong>postmodum</strong></span> <span class='ocrx_word' id='word_1_671' title='bbox 3507 3588 3612 3635; x_wconf 68' lang='lat' dir='ltr'><strong>no.»</strong></span> 
     </span>
    </p>
   </div>
   <div class='ocr_carea' id='block_1_99' title="bbox 2037 3668 3612 3743">
    <p class='ocr_par' dir='ltr' id='par_1_99' title="bbox 2037 3668 3612 3743">
     <span class='ocr_line' id='line_1_99' title="bbox 2037 3668 3612 3743; baseline -0.004 -11"><span class='ocrx_word' id='word_1_672' title='bbox 2037 3676 2125 3732; x_wconf 88' lang='lat' dir='ltr'><strong>bis</strong></span> <span class='ocrx_word' id='word_1_673' title='bbox 2170 3685 2416 3737; x_wconf 87' lang='lat' dir='ltr'><strong>enatum,</strong></span> <span class='ocrx_word' id='word_1_674' title='bbox 2456 3670 2839 3743; x_wconf 78' lang='lat' dir='ltr'><strong>dignissimum</strong></span> <span class='ocrx_word' id='word_1_675' title='bbox 2867 3678 3049 3724; x_wconf 85' lang='lat' dir='ltr'><strong>tamen</strong></span> <span class='ocrx_word' id='word_1_676' title='bbox 3100 3668 3193 3739; x_wconf 86' lang='lat' dir='ltr'><strong>qui</strong></span> <span class='ocrx_word' id='word_1_677' title='bbox 3224 3668 3477 3731; x_wconf 78' lang='lat' dir='ltr'><strong>sciretur,</strong></span> <span class='ocrx_word' id='word_1_678' title='bbox 3521 3683 3612 3725; x_wconf 62' lang='grc' dir='ltr'><strong>ειη</strong></span> 
     </span>
    </p>
   </div>
   <div class='ocr_carea' id='block_1_100' title="bbox 2037 3760 3005 3835">
    <p class='ocr_par' dir='ltr' id='par_1_100' title="bbox 2037 3760 3005 3835">
     <span class='ocr_line' id='line_1_100' title="bbox 2037 3760 3005 3835; baseline -0.007 -14"><span class='ocrx_word' id='word_1_679' title='bbox 2037 3780 2241 3823; x_wconf 84' lang='lat' dir='ltr'><strong>rorem.</strong></span> <span class='ocrx_word' id='word_1_680' title='bbox 2270 3763 2384 3823; x_wconf 82' lang='lat' dir='ltr'><strong>Hoc</strong></span> <span class='ocrx_word' id='word_1_681' title='bbox 2404 3776 2624 3835; x_wconf 87' lang='lat' dir='ltr'><strong>quoque</strong></span> <span class='ocrx_word' id='word_1_682' title='bbox 2652 3760 2882 3819; x_wconf 82' lang='lat' dir='ltr'><strong>Pbotius</strong></span> <span class='ocrx_word' id='word_1_683' title='bbox 2909 3762 3005 3815; x_wconf 87' lang='lat' dir='ltr'><strong>ait.</strong></span> 
     </span>
    </p>
   </div>
   <div class='ocr_carea' id='block_1_101' title="bbox 2108 3940 3614 4010">
    <p class='ocr_par' dir='ltr' id='par_1_101' title="bbox 2108 3940 3614 4010">
     <span class='ocr_line' id='line_1_101' title="bbox 2108 3940 3614 4010; baseline -0.005 -4"><span class='ocrx_word' id='word_1_684' title='bbox 2108 3951 2202 4009; x_wconf 68' lang='grc'><strong>46.</strong></span> <span class='ocrx_word' id='word_1_685' title='bbox 2247 3967 2265 4001; x_wconf 78' lang='grc' dir='ltr'><strong>ι</strong></span> <span class='ocrx_word' id='word_1_686' title='bbox 2294 3948 2563 4004; x_wconf 85' lang='lat' dir='ltr'><strong>Dixerunt</strong></span> <span class='ocrx_word' id='word_1_687' title='bbox 2634 3954 2768 4010; x_wconf 89' lang='lat' dir='ltr'><strong>tres,</strong></span> <span class='ocrx_word' id='word_1_688' title='bbox 2830 3951 2891 4001; x_wconf 85' lang='lat' dir='ltr'><strong>ut</strong></span> <span class='ocrx_word' id='word_1_689' title='bbox 2939 3940 3171 3999; x_wconf 76' lang='lat' dir='ltr'><strong>Romam</strong></span> <span class='ocrx_word' id='word_1_690' title='bbox 3230 3943 3473 4006; x_wconf 84' lang='lat' dir='ltr'><strong>tradunt.</strong></span> <span class='ocrx_word' id='word_1_691' title='bbox 3514 3944 3614 4005; x_wconf 83' lang='lat' dir='ltr'><strong>sed</strong></span> 
     </span>
    </p>
   </div>
   <div class='ocr_carea' id='block_1_102' title="bbox 2038 4033 3614 4115">
    <p class='ocr_par' dir='ltr' id='par_1_102' title="bbox 2038 4033 3614 4115">
     <span class='ocr_line' id='line_1_102' title="bbox 2038 4033 3614 4115; baseline -0.016 -14"><span class='ocrx_word' id='word_1_692' title='bbox 2038 4050 2252 4115; x_wconf 86' lang='lat' dir='ltr'><strong>septem</strong></span> <span class='ocrx_word' id='word_1_693' title='bbox 2279 4040 2621 4113; x_wconf 74' lang='lat' dir='ltr'><strong>synodorum</strong></span> <span class='ocrx_word' id='word_1_694' title='bbox 2657 4034 2921 4106; x_wconf 65' lang='lat' dir='ltr'><strong>praesules</strong></span> <span class='ocrx_word' id='word_1_695' title='bbox 2942 4048 3054 4088; x_wconf 85' lang='lat' dir='ltr'><strong>non</strong></span> <span class='ocrx_word' id='word_1_696' title='bbox 3086 4033 3373 4100; x_wconf 81' lang='lat' dir='ltr'><strong>dixerunt,</strong></span> <span class='ocrx_word' id='word_1_697' title='bbox 3409 4033 3503 4103; x_wconf 88' lang='lat' dir='ltr'><strong>qui</strong></span> <span class='ocrx_word' id='word_1_698' title='bbox 3532 4035 3614 4089; x_wconf 81' lang='lat' dir='ltr'><strong>si-</strong></span> 
     </span>
    </p>
   </div>
   <div class='ocr_carea' id='block_1_103' title="bbox 2040 4126 3617 4201">
    <p class='ocr_par' dir='ltr' id='par_1_103' title="bbox 2040 4126 3617 4201">
     <span class='ocr_line' id='line_1_103' title="bbox 2040 4126 3617 4201; baseline -0.01 -7"><span class='ocrx_word' id='word_1_699' title='bbox 2040 4137 2154 4195; x_wconf 83' lang='lat' dir='ltr'><strong>tnui</strong></span> <span class='ocrx_word' id='word_1_700' title='bbox 2179 4150 2288 4191; x_wconf 88' lang='lat' dir='ltr'><strong>una</strong></span> <span class='ocrx_word' id='word_1_701' title='bbox 2320 4135 2708 4196; x_wconf 82' lang='lat' dir='ltr'><strong>decreverunt,</strong></span> <span class='ocrx_word' id='word_1_702' title='bbox 2742 4129 2954 4184; x_wconf 91' lang='lat' dir='ltr'><strong>nullum</strong></span> <span class='ocrx_word' id='word_1_703' title='bbox 2984 4127 3127 4182; x_wconf 90' lang='lat' dir='ltr'><strong>ultra</strong></span> <span class='ocrx_word' id='word_1_704' title='bbox 3142 4126 3347 4201; x_wconf 79' lang='lat' dir='ltr'><strong>dogma</strong></span> <span class='ocrx_word' id='word_1_705' title='bbox 3388 4127 3617 4196; x_wconf 82' lang='lat' dir='ltr'><strong>apponi,</strong></span> 
     </span>
    </p>
   </div>
   <div class='ocr_carea' id='block_1_104' title="bbox 2041 4218 3618 4300">
    <p class='ocr_par' dir='ltr' id='par_1_104' title="bbox 2041 4218 3618 4300">
     <span class='ocr_line' id='line_1_104' title="bbox 2041 4218 3618 4300; baseline -0.008 -14"><span class='ocrx_word' id='word_1_706' title='bbox 2041 4245 2218 4300; x_wconf 88' lang='lat' dir='ltr'><strong>neque</strong></span> <span class='ocrx_word' id='word_1_707' title='bbox 2269 4227 2391 4283; x_wconf 91' lang='lat' dir='ltr'><strong>tolli</strong></span> <span class='ocrx_word' id='word_1_708' title='bbox 2448 4241 2516 4281; x_wconf 81' lang='lat' dir='ltr'><strong>ex</strong></span> <span class='ocrx_word' id='word_1_709' title='bbox 2572 4221 2892 4279; x_wconf 88' lang='lat' dir='ltr'><strong>deﬁnitione</strong></span> <span class='ocrx_word' id='word_1_710' title='bbox 2940 4218 3065 4275; x_wconf 87' lang='lat' dir='ltr'><strong>ﬁdei</strong></span> <span class='ocrx_word' id='word_1_711' title='bbox 3103 4218 3618 4288; x_wconf 86' lang='lat' dir='ltr'><strong>tradita:quinimo</strong></span> 
     </span>
    </p>
   </div>
   <div class='ocr_carea' id='block_1_105' title="bbox 2040 4310 3613 4393">
    <p class='ocr_par' dir='ltr' id='par_1_105' title="bbox 2040 4310 3613 4393">
     <span class='ocr_line' id='line_1_105' title="bbox 2040 4310 3613 4393; baseline -0.007 -16"><span class='ocrx_word' id='word_1_712' title='bbox 2040 4322 2135 4393; x_wconf 90' lang='lat' dir='ltr'><strong>qui</strong></span> <span class='ocrx_word' id='word_1_713' title='bbox 2159 4321 2362 4378; x_wconf 90' lang='lat' dir='ltr'><strong>similia</strong></span> <span class='ocrx_word' id='word_1_714' title='bbox 2391 4332 2564 4374; x_wconf 88' lang='lat' dir='ltr'><strong>ausus</strong></span> <span class='ocrx_word' id='word_1_715' title='bbox 2608 4314 2830 4379; x_wconf 76' lang='lat' dir='ltr'><strong>fuisset,</strong></span> <span class='ocrx_word' id='word_1_716' title='bbox 2857 4327 2982 4368; x_wconf 85' lang='lat' dir='ltr'><strong>eum</strong></span> <span class='ocrx_word' id='word_1_717' title='bbox 3013 4310 3230 4379; x_wconf 86' lang='lat' dir='ltr'><strong>penitus</strong></span> <span class='ocrx_word' id='word_1_718' title='bbox 3265 4310 3335 4365; x_wconf 88' lang='lat' dir='ltr'><strong>ab</strong></span> <span class='ocrx_word' id='word_1_719' title='bbox 3365 4311 3613 4369; x_wconf 83' lang='lat' dir='ltr'><strong>Ecclesia</strong></span> 
     </span>
    </p>
   </div>
   <div class='ocr_carea' id='block_1_106' title="bbox 2045 4413 3515 4484">
    <p class='ocr_par' dir='ltr' id='par_1_106' title="bbox 2045 4413 3515 4484">
     <span class='ocr_line' id='line_1_106' title="bbox 2045 4413 3515 4484; baseline -0.007 -13"><span class='ocrx_word' id='word_1_720' title='bbox 2045 4413 2319 4471; x_wconf 89' lang='lat' dir='ltr'><strong>abscindi.</strong></span> <span class='ocrx_word' id='word_1_721' title='bbox 2357 4431 2396 4484; x_wconf 45' lang='grc' dir='ltr'><strong>ι,</strong></span> <span class='ocrx_word' id='word_1_722' title='bbox 2991 4470 2998 4478; x_wconf 86' lang='lat'><strong>_</strong></span> <span class='ocrx_word' id='word_1_723' title='bbox 3506 4451 3515 4460; x_wconf 90' lang='lat'><strong>.</strong></span> 
     </span>
    </p>
   </div>
   <div class='ocr_carea' id='block_1_107' title="bbox 2112 4498 3619 4575">
    <p class='ocr_par' dir='ltr' id='par_1_107' title="bbox 2112 4498 3619 4575">
     <span class='ocr_line' id='line_1_107' title="bbox 2112 4498 3619 4575; baseline -0.007 -11"><span class='ocrx_word' id='word_1_724' title='bbox 2112 4508 2179 4564; x_wconf 88' lang='lat' dir='ltr'><strong>Et</strong></span> <span class='ocrx_word' id='word_1_725' title='bbox 2210 4506 2440 4562; x_wconf 80' lang='lat' dir='ltr'><strong>Pliotius</strong></span> <span class='ocrx_word' id='word_1_726' title='bbox 2462 4504 2621 4575; x_wconf 86' lang='lat' dir='ltr'><strong>plane</strong></span> <span class='ocrx_word' id='word_1_727' title='bbox 2646 4501 2784 4557; x_wconf 82' lang='lat' dir='ltr'><strong>nihil</strong></span> <span class='ocrx_word' id='word_1_728' title='bbox 2813 4513 3014 4555; x_wconf 88' lang='lat' dir='ltr'><strong>novum</strong></span> <span class='ocrx_word' id='word_1_729' title='bbox 3038 4498 3314 4568; x_wconf 78' lang='lat' dir='ltr'><strong>opinatur,</strong></span> <span class='ocrx_word' id='word_1_730' title='bbox 3347 4498 3390 4552; x_wconf 92' lang='lat' dir='ltr'><strong>si</strong></span> <span class='ocrx_word' id='word_1_731' title='bbox 3434 4498 3484 4552; x_wconf 92' lang='lat' dir='ltr'><strong>id</strong></span> <span class='ocrx_word' id='word_1_732' title='bbox 3505 4504 3619 4554; x_wconf 84' lang='lat' dir='ltr'><strong>tres</strong></span> 
     </span>
    </p>
   </div>
   <div class='ocr_carea' id='block_1_108' title="bbox 2045 4589 3622 4668">
    <p class='ocr_par' dir='ltr' id='par_1_108' title="bbox 2045 4589 3622 4668">
     <span class='ocr_line' id='line_1_108' title="bbox 2045 4589 3622 4668; baseline -0.008 -9"><span class='ocrx_word' id='word_1_733' title='bbox 2045 4604 2324 4665; x_wconf 81' lang='lat' dir='ltr'><strong>dixerunt,</strong></span> <span class='ocrx_word' id='word_1_734' title='bbox 2356 4598 2485 4668; x_wconf 85' lang='lat' dir='ltr'><strong>quia</strong></span> <span class='ocrx_word' id='word_1_735' title='bbox 2546 4596 2600 4651; x_wconf 91' lang='lat' dir='ltr'><strong>id</strong></span> <span class='ocrx_word' id='word_1_736' title='bbox 2659 4594 2825 4650; x_wconf 81' lang='lat' dir='ltr'><strong>veluti</strong></span> <span class='ocrx_word' id='word_1_737' title='bbox 2873 4591 3109 4646; x_wconf 77' lang='lat' dir='ltr'><strong>Romani</strong></span> <span class='ocrx_word' id='word_1_738' title='bbox 3164 4590 3445 4647; x_wconf 80' lang='lat' dir='ltr'><strong>dixerunt.</strong></span> <span class='ocrx_word' id='word_1_739' title='bbox 3501 4589 3622 4662; x_wconf 77' lang='lat' dir='ltr'><strong>Ipse</strong></span> 
     </span>
    </p>
   </div>
   <div class='ocr_carea' id='block_1_109' title="bbox 2040 4682 3611 4752">
    <p class='ocr_par' dir='ltr' id='par_1_109' title="bbox 2040 4682 3611 4752">
     <span class='ocr_line' id='line_1_109' title="bbox 2040 4682 3611 4752; baseline -0.009 0"><span class='ocrx_word' id='word_1_740' title='bbox 2040 4710 2172 4752; x_wconf 83' lang='lat' dir='ltr'><strong>vero</strong></span> <span class='ocrx_word' id='word_1_741' title='bbox 2191 4703 2245 4749; x_wconf 87' lang='lat' dir='ltr'><strong>et</strong></span> <span class='ocrx_word' id='word_1_742' title='bbox 2275 4707 2478 4749; x_wconf 86' lang='lat' dir='ltr'><strong>novum</strong></span> <span class='ocrx_word' id='word_1_743' title='bbox 2498 4689 2792 4745; x_wconf 75' lang='lat' dir='ltr'><strong>admodum</strong></span> <span class='ocrx_word' id='word_1_744' title='bbox 2817 4701 3023 4748; x_wconf 87' lang='lat' dir='ltr'><strong>assero,</strong></span> <span class='ocrx_word' id='word_1_745' title='bbox 3049 4685 3299 4739; x_wconf 76' lang='lat' dir='ltr'><strong>eumdem</strong></span> <span class='ocrx_word' id='word_1_746' title='bbox 3330 4682 3611 4750; x_wconf 65' lang='lat' dir='ltr'><strong>Pliotium,</strong></span> 
     </span>
    </p>
   </div>
   <div class='ocr_carea' id='block_1_110' title="bbox 2044 4776 3617 4855">
    <p class='ocr_par' dir='ltr' id='par_1_110' title="bbox 2044 4776 3617 4855">
     <span class='ocr_line' id='line_1_110' title="bbox 2044 4776 3617 4855; baseline -0.009 -12"><span class='ocrx_word' id='word_1_747' title='bbox 2044 4787 2312 4855; x_wconf 86' lang='lat' dir='ltr'><strong>aliosque,</strong></span> <span class='ocrx_word' id='word_1_748' title='bbox 2341 4782 2435 4854; x_wconf 87' lang='lat' dir='ltr'><strong>qui</strong></span> <span class='ocrx_word' id='word_1_749' title='bbox 2467 4781 2706 4835; x_wconf 80' lang='lat' dir='ltr'><strong>schisma</strong></span> <span class='ocrx_word' id='word_1_750' title='bbox 2745 4778 2916 4834; x_wconf 87' lang='lat' dir='ltr'><strong>secuti</strong></span> <span class='ocrx_word' id='word_1_751' title='bbox 2947 4786 3098 4842; x_wconf 90' lang='lat' dir='ltr'><strong>sunt,</strong></span> <span class='ocrx_word' id='word_1_752' title='bbox 3133 4776 3379 4833; x_wconf 86' lang='lat' dir='ltr'><strong>noluisse</strong></span> <span class='ocrx_word' id='word_1_753' title='bbox 3415 4776 3617 4832; x_wconf 75' lang='lat' dir='ltr'><strong>Roma-</strong></span> 
     </span>
    </p>
   </div>
   <div class='ocr_carea' id='block_1_111' title="bbox 2043 4869 3684 4940">
    <p class='ocr_par' dir='ltr' id='par_1_111' title="bbox 2043 4869 3684 4940">
     <span class='ocr_line' id='line_1_111' title="bbox 2043 4869 3684 4940; baseline -0.007 -6"><span class='ocrx_word' id='word_1_754' title='bbox 2043 4895 2128 4934; x_wconf 70' lang='lat' dir='ltr'><strong>na:</strong></span> <span class='ocrx_word' id='word_1_755' title='bbox 2185 4874 2450 4932; x_wconf 68' lang='lat' dir='ltr'><strong>Ecclesia:</strong></span> <span class='ocrx_word' id='word_1_756' title='bbox 2495 4872 2752 4928; x_wconf 89' lang='lat' dir='ltr'><strong>unionem</strong></span> <span class='ocrx_word' id='word_1_757' title='bbox 2804 4869 3086 4939; x_wconf 87' lang='lat' dir='ltr'><strong>amplecti,</strong></span> <span class='ocrx_word' id='word_1_758' title='bbox 3152 4869 3616 4940; x_wconf 84' lang='lat' dir='ltr'><strong>quemadmodum</strong></span> <span class='ocrx_word' id='word_1_759' title='bbox 3675 4909 3684 4930; x_wconf 51' lang='lat'><strong>..</strong></span> 
     </span>
    </p>
   </div>
   <div class='ocr_carea' id='block_1_112' title="bbox 2042 4960 3613 5042">
    <p class='ocr_par' dir='ltr' id='par_1_112' title="bbox 2042 4960 3613 5042">
     <span class='ocr_line' id='line_1_112' title="bbox 2042 4960 3613 5042; baseline -0.009 -17"><span class='ocrx_word' id='word_1_760' title='bbox 2042 4968 2419 5042; x_wconf 78' lang='lat' dir='ltr'><strong>progenitores</strong></span> <span class='ocrx_word' id='word_1_761' title='bbox 2446 4964 2621 5021; x_wconf 88' lang='lat' dir='ltr'><strong>nostri</strong></span> <span class='ocrx_word' id='word_1_762' title='bbox 2652 4977 2867 5026; x_wconf 87' lang='lat' dir='ltr'><strong>eorum,</strong></span> <span class='ocrx_word' id='word_1_763' title='bbox 2889 4961 2983 5031; x_wconf 89' lang='lat' dir='ltr'><strong>qui</strong></span> <span class='ocrx_word' id='word_1_764' title='bbox 3012 4962 3248 5031; x_wconf 88' lang='lat' dir='ltr'><strong>primum</strong></span> <span class='ocrx_word' id='word_1_765' title='bbox 3273 4976 3337 5018; x_wconf 75' lang='lat' dir='ltr'><strong>ex</strong></span> <span class='ocrx_word' id='word_1_766' title='bbox 3368 4960 3533 5015; x_wconf 84' lang='lat' dir='ltr'><strong>Patre</strong></span> <span class='ocrx_word' id='word_1_767' title='bbox 3559 4975 3613 5016; x_wconf 76' lang='lat' dir='ltr'><strong>cr</strong></span> 
     </span>
    </p>
   </div>
   <div class='ocr_carea' id='block_1_113' title="bbox 2043 5051 3614 5129">
    <p class='ocr_par' dir='ltr' id='par_1_113' title="bbox 2043 5051 3614 5129">
     <span class='ocr_line' id='line_1_113' title="bbox 2043 5051 3614 5129; baseline -0.006 -11"><span class='ocrx_word' id='word_1_768' title='bbox 2043 5063 2181 5118; x_wconf 85' lang='lat' dir='ltr'><strong>Filio</strong></span> <span class='ocrx_word' id='word_1_769' title='bbox 2210 5059 2447 5129; x_wconf 81' lang='lat' dir='ltr'><strong>Spiritus</strong></span> <span class='ocrx_word' id='word_1_770' title='bbox 2479 5055 2889 5127; x_wconf 81' lang='lat' dir='ltr'><strong>proccssionem</strong></span> <span class='ocrx_word' id='word_1_771' title='bbox 2947 5053 3328 5119; x_wconf 90' lang='lat' dir='ltr'><strong>enuntiarunt,</strong></span> <span class='ocrx_word' id='word_1_772' title='bbox 3376 5051 3614 5109; x_wconf 83' lang='lat' dir='ltr'><strong>Ambro-</strong></span> 
     </span>
    </p>
   </div>
   <div class='ocr_carea' id='block_1_114' title="bbox 2043 5143 3695 5219">
    <p class='ocr_par' dir='ltr' id='par_1_114' title="bbox 2043 5143 3695 5219">
     <span class='ocr_line' id='line_1_114' title="bbox 2043 5143 3695 5219; baseline -0.008 -7"><span class='ocrx_word' id='word_1_773' title='bbox 2043 5157 2109 5212; x_wconf 87' lang='lat' dir='ltr'><strong>sii</strong></span> <span class='ocrx_word' id='word_1_774' title='bbox 2161 5155 2453 5217; x_wconf 73' lang='lat' dir='ltr'><strong>duntaxat,</strong></span> <span class='ocrx_word' id='word_1_775' title='bbox 2484 5148 2803 5219; x_wconf 72' lang='lat' dir='ltr'><strong>Augustini,</strong></span> <span class='ocrx_word' id='word_1_776' title='bbox 2833 5155 2889 5201; x_wconf 92' lang='lat' dir='ltr'><strong>et</strong></span> <span class='ocrx_word' id='word_1_777' title='bbox 2920 5145 3259 5217; x_wconf 76' lang='lat' dir='ltr'><strong>Hieronymi.</strong></span> <span class='ocrx_word' id='word_1_778' title='bbox 3312 5143 3448 5199; x_wconf 85' lang='lat' dir='ltr'><strong>Cum</strong></span> <span class='ocrx_word' id='word_1_779' title='bbox 3480 5160 3615 5200; x_wconf 85' lang='lat' dir='ltr'><strong>vero</strong></span> <span class='ocrx_word' id='word_1_780' title='bbox 3688 5202 3695 5207; x_wconf 77' lang='grc'><strong>,</strong></span> 
     </span>
    </p>
   </div>
   <div class='ocr_carea' id='block_1_115' title="bbox 2041 5234 3617 5312">
    <p class='ocr_par' dir='ltr' id='par_1_115' title="bbox 2041 5234 3617 5312">
     <span class='ocr_line' id='line_1_115' title="bbox 2041 5234 3617 5312; baseline -0.011 -10"><span class='ocrx_word' id='word_1_781' title='bbox 2041 5248 2212 5306; x_wconf 85' lang='lat' dir='ltr'><strong>dicat.</strong></span> <span class='ocrx_word' id='word_1_782' title='bbox 2260 5262 2280 5296; x_wconf 87' lang='grc' dir='ltr'><strong>ι</strong></span> <span class='ocrx_word' id='word_1_783' title='bbox 2310 5252 2362 5299; x_wconf 91' lang='lat' dir='ltr'><strong>et</strong></span> <span class='ocrx_word' id='word_1_784' title='bbox 2390 5249 2600 5310; x_wconf 83' lang='lat' dir='ltr'><strong>septem</strong></span> <span class='ocrx_word' id='word_1_785' title='bbox 2638 5238 2972 5312; x_wconf 82' lang='lat' dir='ltr'><strong>synodorum</strong></span> <span class='ocrx_word' id='word_1_786' title='bbox 3009 5237 3269 5307; x_wconf 60' lang='lat' dir='ltr'><strong>praesules</strong></span> <span class='ocrx_word' id='word_1_787' title='bbox 3305 5234 3473 5290; x_wconf 85' lang='lat' dir='ltr'><strong>simul</strong></span> <span class='ocrx_word' id='word_1_788' title='bbox 3496 5252 3617 5291; x_wconf 64' lang='lat' dir='ltr'><strong>om.</strong></span> 
     </span>
    </p>
   </div>
   <div class='ocr_carea' id='block_1_116' title="bbox 2043 5327 3612 5399">
    <p class='ocr_par' dir='ltr' id='par_1_116' title="bbox 2043 5327 3612 5399">
     <span class='ocr_line' id='line_1_116' title="bbox 2043 5327 3612 5399; baseline -0.008 -5"><span class='ocrx_word' id='word_1_789' title='bbox 2043 5354 2144 5394; x_wconf 79' lang='lat' dir='ltr'><strong>nes</strong></span> <span class='ocrx_word' id='word_1_790' title='bbox 2169 5333 2503 5397; x_wconf 84' lang='lat' dir='ltr'><strong>decrevisse,</strong></span> <span class='ocrx_word' id='word_1_791' title='bbox 2534 5331 2742 5386; x_wconf 88' lang='lat' dir='ltr'><strong>nullum</strong></span> <span class='ocrx_word' id='word_1_792' title='bbox 2775 5329 2830 5384; x_wconf 90' lang='lat' dir='ltr'><strong>in</strong></span> <span class='ocrx_word' id='word_1_793' title='bbox 2861 5338 3139 5399; x_wconf 88' lang='lat' dir='ltr'><strong>posterum</strong></span> <span class='ocrx_word' id='word_1_794' title='bbox 3160 5327 3357 5397; x_wconf 77' lang='lat' dir='ltr'><strong>dogma</strong></span> <span class='ocrx_word' id='word_1_795' title='bbox 3386 5328 3612 5397; x_wconf 86' lang='lat' dir='ltr'><strong>apponi.</strong></span> 
     </span>
    </p>
   </div>
   <div class='ocr_carea' id='block_1_117' title="bbox 2042 5418 3641 5499">
    <p class='ocr_par' dir='ltr' id='par_1_117' title="bbox 2042 5418 3641 5499">
     <span class='ocr_line' id='line_1_117' title="bbox 2042 5418 3641 5499; baseline -0.01 -14"><span class='ocrx_word' id='word_1_796' title='bbox 2042 5442 2221 5499; x_wconf 81' lang='lat' dir='ltr'><strong>neque</strong></span> <span class='ocrx_word' id='word_1_797' title='bbox 2276 5427 2417 5490; x_wconf 89' lang='lat' dir='ltr'><strong>tolli,</strong></span> <span class='ocrx_word' id='word_1_798' title='bbox 2453 5440 2521 5479; x_wconf 84' lang='lat' dir='ltr'><strong>ex</strong></span> <span class='ocrx_word' id='word_1_799' title='bbox 2560 5422 2760 5478; x_wconf 83' lang='lat' dir='ltr'><strong>tradita</strong></span> <span class='ocrx_word' id='word_1_800' title='bbox 2805 5422 2932 5477; x_wconf 87' lang='lat' dir='ltr'><strong>ﬁdei</strong></span> <span class='ocrx_word' id='word_1_801' title='bbox 2961 5419 3279 5476; x_wconf 86' lang='lat' dir='ltr'><strong>deﬁnitione</strong></span> <span class='ocrx_word' id='word_1_802' title='bbox 3313 5436 3328 5483; x_wconf 87' lang='lat'><strong>;</strong></span> <span class='ocrx_word' id='word_1_803' title='bbox 3363 5418 3477 5473; x_wconf 88' lang='lat' dir='ltr'><strong>imo</strong></span> <span class='ocrx_word' id='word_1_804' title='bbox 3517 5419 3641 5491; x_wconf 82' lang='lat' dir='ltr'><strong>qui.</strong></span> 
     </span>
    </p>
   </div>
   <div class='ocr_carea' id='block_1_118' title="bbox 2041 5510 3641 5583">
    <p class='ocr_par' dir='ltr' id='par_1_118' title="bbox 2041 5510 3641 5583">
     <span class='ocr_line' id='line_1_118' title="bbox 2041 5510 3641 5583; baseline -0.009 -6"><span class='ocrx_word' id='word_1_805' title='bbox 2041 5522 2238 5579; x_wconf 88' lang='lat' dir='ltr'><strong>similia</strong></span> <span class='ocrx_word' id='word_1_806' title='bbox 2276 5534 2449 5574; x_wconf 85' lang='lat' dir='ltr'><strong>ausus</strong></span> <span class='ocrx_word' id='word_1_807' title='bbox 2472 5518 2690 5583; x_wconf 74' lang='lat' dir='ltr'><strong>fuisset,</strong></span> <span class='ocrx_word' id='word_1_808' title='bbox 2723 5516 2792 5570; x_wconf 89' lang='lat' dir='ltr'><strong>ab</strong></span> <span class='ocrx_word' id='word_1_809' title='bbox 2839 5512 3084 5568; x_wconf 82' lang='lat' dir='ltr'><strong>Ecclesia</strong></span> <span class='ocrx_word' id='word_1_810' title='bbox 3119 5510 3365 5568; x_wconf 72' lang='lat' dir='ltr'><strong>aliscindi</strong></span> <span class='ocrx_word' id='word_1_811' title='bbox 3391 5527 3439 5576; x_wconf 77' lang='grc' dir='ltr'>ς»</span> <span class='ocrx_word' id='word_1_812' title='bbox 3478 5528 3641 5581; x_wconf 67' lang='lat' dir='ltr'><strong>qum.</strong></span> 
     </span>
    </p>
   </div>
   <div class='ocr_carea' id='block_1_119' title="bbox 2040 5601 3619 5673">
    <p class='ocr_par' dir='ltr' id='par_1_119' title="bbox 2040 5601 3619 5673">
     <span class='ocr_line' id='line_1_119' title="bbox 2040 5601 3619 5673; baseline -0.011 -3"><span class='ocrx_word' id='word_1_813' title='bbox 2040 5613 2204 5669; x_wconf 88' lang='lat' dir='ltr'><strong>modo</strong></span> <span class='ocrx_word' id='word_1_814' title='bbox 2240 5608 2374 5664; x_wconf 90' lang='lat' dir='ltr'><strong>illud</strong></span> <span class='ocrx_word' id='word_1_815' title='bbox 2416 5607 2601 5663; x_wconf 88' lang='lat' dir='ltr'><strong>animo</strong></span> <span class='ocrx_word' id='word_1_816' title='bbox 2627 5621 2735 5662; x_wconf 89' lang='lat' dir='ltr'><strong>non</strong></span> <span class='ocrx_word' id='word_1_817' title='bbox 2774 5601 3215 5673; x_wconf 85' lang='lat' dir='ltr'><strong>comprehendit,</strong></span> <span class='ocrx_word' id='word_1_818' title='bbox 3269 5602 3391 5658; x_wconf 81' lang='lat' dir='ltr'><strong>ﬁdei</strong></span> <span class='ocrx_word' id='word_1_819' title='bbox 3421 5603 3619 5662; x_wconf 69' lang='lat' dir='ltr'><strong>deﬂui.</strong></span> 
     </span>
    </p>
   </div>
   <div class='ocr_carea' id='block_1_120' title="bbox 2050 5695 3639 5780">
    <p class='ocr_par' dir='ltr' id='par_1_120' title="bbox 2050 5695 3639 5780">
     <span class='ocr_line' id='line_1_120' title="bbox 2050 5695 3639 5780; baseline -0.01 -15"><span class='ocrx_word' id='word_1_820' title='bbox 2050 5709 2252 5765; x_wconf 83' lang='lat' dir='ltr'><strong>tiorem</strong></span> <span class='ocrx_word' id='word_1_821' title='bbox 2280 5705 2349 5762; x_wconf 85' lang='lat' dir='ltr'><strong>ab</strong></span> <span class='ocrx_word' id='word_1_822' title='bbox 2390 5701 2662 5762; x_wconf 81' lang='lat' dir='ltr'><strong>universis</strong></span> <span class='ocrx_word' id='word_1_823' title='bbox 2719 5695 2943 5770; x_wconf 78' lang='lat' dir='ltr'><strong>synodis</strong></span> <span class='ocrx_word' id='word_1_824' title='bbox 2993 5695 3228 5761; x_wconf 68' lang='lat' dir='ltr'><strong>Nicmna&#39;:</strong></span> <span class='ocrx_word' id='word_1_825' title='bbox 3294 5695 3639 5780; x_wconf 73' lang='lat' dir='ltr'><strong>Symbolun</strong></span> 
     </span>
    </p>
   </div>
  </div>
