4058 6410
447 5591 470 5657 εν

444 5656 470 5709 .i

498 452 599 524 ιιι

1519 459 1736 523 JOAN.
1778 458 1994 522 VECCI
2028 457 2142 519 CP.
2181 454 2695 521 PATRIARCHEE

3648 448 3749 517 “6

495 571 707 641 gorius,
734 568 1034 639 Gregorius
1056 570 1216 636 alter,
1247 566 1495 628 Joannes
1518 572 1949 646 Cbrysostomus
1966 588 2063 629 vo-

2184 573 2269 627 ιιαὶ
2323 570 2624 645 Γρηγόριος
2668 570 2876 643 ἔτερος,
2925 570 3021 625 καὶ
3056 568 3085 625 ό
3133 568 3752 642 χρυσοβρήμωνΊωάν-

495 676 615 716 cem
641 659 782 717 hanc
811 659 1092 731 Evangelii
1126 670 1382 718 accurate
1401 671 1674 731 tenentes,
1693 665 2067 733 Ambrosium,

494 752 886 824 Augustinum,
908 762 961 808 et
984 751 1400 826 Hieronymum,
1434 771 1500 812 ex
1532 757 1694 813 Patre
1716 767 1770 813 et
1792 757 1930 819 Filio
1953 756 2074 827 Spi-

494 845 656 898 ritum
692 844 986 914 procedere
1016 847 1440 916 prrescribentes
1473 847 1602 919 (hoc
1654 850 1800 905 enim
1841 851 1917 905 uti
1957 865 1989 905 a
2019 859 2072 906 te

498 949 663 1003 sopra
698 933 1009 990 confessum
1062 935 1291 1008 arripio,
1324 939 1529 995 nullius
1569 940 1797 996 alterius
1840 941 2072 996 demon-

496 1027 777 1081 strationis
808 1027 1047 1098 indigus)
1080 1045 1191 1084 non
1235 1029 1557 1100 cjiciebant,
1603 1034 1697 1087 sed
1735 1030 1787 1087 iu
1828 1046 2076 1089 commu-

496 1116 715 1171 nionem
747 1120 1142 1189 acceptahant,
1191 1130 1245 1175 et
1285 1137 1380 1191 per
1425 1136 1521 1178 eos
1565 1123 1833 1179 universae
1869 1118 2073 1181 Roma-

495 1219 580 1258 uae
614 1203 873 1259 Ecclesia:
923 1206 1385 1275 complementum
1424 1225 1438 1262 :
1477 1210 1736 1267 similiter
1782 1224 1837 1266 et
1884 1211 2075 1269 Patres

495 1304 811 1351 sanctarum
887 1306 1100 1367 septem
1189 1302 1650 1356 (ecumenicarum
1741 1304 2073 1375 synodorum

495 1394 728 1442 cunctos
750 1388 1024 1444 dictorum
1053 1391 1453 1461 theologorum,
1484 1393 1860 1449 Romanorum
1903 1398 2078 1450 homi-

398 1502 409 1551 f
498 1496 629 1534 num
662 1481 979 1552 discipulos,
1013 1485 1109 1553 qui
1147 1488 1434 1542 sacerdotii
1462 1483 1514 1543 i'n
1549 1489 1792 1545 Romana
1831 1490 2075 1547 Ecclesia

496 1573 805 1643 catalogum
833 1577 1197 1646 complebant,
1242 1579 1425 1632 socios
1478 1580 1823 1635 aestimabant
1874 1592 1928 1636 et
1967 1582 2078 1639 fra-

496 1674 630 1720 tres.
665 1665 1004 1732 Quibusnam
1040 1671 1427 1726 adhrerenzlum
1459 1674 1616 1728 nobis
1652 1682 1762 1740 est,
1813 1677 2075 1732 omnibus

496 1757 629 1822 illis,
657 1772 726 1812 an
757 1760 852 1814 tibi
889 1769 1014 1830 post
1040 1764 1276 1819 schisma
1308 1780 1336 1818 a
1371 1771 1422 1819 te
1447 1766 1498 1818 in
1526 1764 1768 1822 Ecclesia
1804 1783 2075 1839 prepaga-

494 1850 751 1907 tumhoc
809 1856 1100 1921 asserenti,
1138 1866 1191 1909 et
1241 1856 1369 1919 illis,
1405 1859 1497 1928 qui
1548 1870 1598 1914 te
1632 1860 1685 1914 in
1744 1860 1861 1914 solo
1924 1862 2075 1916 schi-

2174 680 2291 737 νης,
2324 663 2425 735 τὴν
2456 664 2514 717 ἒν
2543 659 2896 732 Εύαγγελίοις
2941 662 3147 733 ταύτην
3193 661 3376 732 φωνὴν
3406 658 3652 728 ἀκριϐῶς
3677 660 3754 711 εί-

2172 754 2344 820 δότες,
2391 755 2733 827 ’Λμὸρόσιον,
2767 755 3150 824 Ᾱύγουστῖνον,
3186 754 3283 807 καὶ
3321 749 3664 820 Ἱερώνυμον,
3691 751 3757 804 ὲκ

2173 849 2391 921 Πατρδς
2441 848 2534 903 καὶ
2580 848 2713 902 Υῐοῦ
2761 847 2822 902 τδ
2852 846 3080 918 Πνεῦμα
3116 845 3544 917 δογματίζοντας
3588 846 3754 897 ἐκπο-

2179 938 2434 1014 ρεύεσθαι
2463 936 2646 1013 (τοῦτο
2676 940 2785 1011 γὰρ
2827 940 2902 1002 ὡς
2926 937 3458 1010 προωμολογημὲνον
3484 935 3633 1004 παρὰ
3657 933 3753 987 σοῦ

2175 1034 2437 1106 λαμϐάνω
2455 1071 2472 1099 ,
2516 1032 2681 1103 ἄλλης
2708 1031 3037 1097 ἀποδείξεως
3064 1031 3187 1101 οὐχὶ
3211 1027 3484 1100 δεόμενος)
3517 1028 3619 1080 οὐκ
3652 1027 3757 1079 ἀπο

2177 1121 2446 1197 ἔπεμπον,
2494 1126 2609 1182 ἀλλ’
2638 1127 2717 1189 είς
2747 1122 3032 1178 κοινωνίαν
3058 1122 3322 1192 ἐδέχοντο,
3351 1122 3445 1175 καὶ
3474 1121 3545 1172 δι’
3569 1118 3755 1172 αὐτῶν

2179 1219 2399 1289 σύμπαν
2447 1218 2543 1288 τῆς
2579 1213 2893 1286 Ῥωμαῖκῆς
2950 1212 3286 1296 Ἐκκλησίας.
3344 1213 3406 1265 τὸ
3458 1211 3755 1282 πλήρωμα.

2192 1306 2467 1372 Ὡσαύτως
2511 1308 2606 1361 καὶ
2643 1309 2691 1360 οἱ
2746 1305 2991 1375 Πατέρες
3046 1304 3157 1356 τῶν
3208 1301 3380 1371 ἁγίων
3438 1302 3757 1369 οίκουμενι-

2180 1399 2291 1454 κῶν
2323 1400 2462 1451 ἑπτὰ
2491 1397 2723 1450 συνόδων
2758 1398 2965 1458 πάντας
2995 1395 3121 1457 τοὺς
3157 1392 3409 1464 μαθητὰς
3442 1390 3551 1443 τῶν
3612 1393 3765 1461 εἰρη-

2183 1490 2358 1561 μένων
2390 1487 2677 1556 θεολόγων,
2719 1486 3010 1554 Ῥωμαίων
3040 1485 3272 1553 ἀνδρῶν,
3301 1484 3428 1536 τοὺς
3465 1482 3556 1536 τὸν
3592 1481 3766 1535 κατά-

2180 1582 2338 1649 λογον
2389 1581 2490 1651 τῆς
2549 1582 2607 1633 ὲν
2665 1582 2730 1650 τῇ
2803 1578 3087 1649 Ῥωμαϊκῇ
3142 1576 3445 1645 Ἐκκλησία
3484 1574 3766 1645 ἱερατείας

2181 1672 2544 1744 πληροῦντας,
2595 1673 2950 1733 κοινωνικοῦς
2990 1666 3134 1739 εἶχον
3185 1669 3279 1721 καὶ
3321 1663 3606 1735 ἀδελφούς.
3640 1664 3768 1719 Τίσι

2181 1767 2314 1836 γοῦν
2341 1766 2670 1836 προσθετέον
2699 1762 2868 1832 ἡμᾶς,
2898 1763 3064 1816 πᾶσιν
3100 1761 3354 1825 ἐκείνοις,
3412 1760 3445 1829 ἦ
3484 1759 3567 1812 σοὶ
3602 1756 3770 1828 μέχρι

2183 1863 2277 1914 καὶ
2306 1861 2404 1929 τῆς
2437 1860 2527 1912 ἐπὶ
2556 1855 2633 1925 τῷ
2666 1855 2927 1926 σχίσματι
2971 1853 3220 1923 γνώμης,
3263 1854 3356 1906 καὶ
3390 1853 3503 1915 τοῖς
3533 1852 3771 1922 ἠκολου-

497 1952 679 1999 smate
710 1946 882 2000 secuti
914 1956 1065 2009 sunt,
1097 1957 1149 2001 ιιι
1181 1964 1287 2002 non
1335 1949 1499 2003 etiam
1542 1950 1595 2004 in
1650 1951 1873 2027 unione,
1908 1967 2073 2022 quam

2184 1951 2374 2020 θηκέσι
2414 1964 2496 2001 σοι
2528 1948 2620 2000 ἐπὶ
2653 1947 2798 2017 μόνῳ
2829 1945 2905 2014 τῷ
2934 1944 3215 2015 σχίσματι,
3249 1941 3513 2013 οὗμενσυν
3544 1943 3636 1996 καὶ
3669 1942 3773 1994 ἐπὶ

498 2037 849 2105 postmodum
883 2041 1206 2108 pmoitentia
1239 2040 1440 2095 ductus
1479 2041 1772 2102 admisisti.
1799 2059 1921 2099 cum
1956 2061 2070 2101 ma-

496 2142 605 2197 gna
639 2138 832 2184 coacta
879 2130 1090 2201 synodo
1131 2147 1326 2187 rursus
1374 2148 1462 2187 res
1510 2135 1913 2191 ecclesiasticas
1969 2137 2082 2208 pri-

497 2219 646 2273 stino
683 2220 865 2274 decori
916 2222 1238 2278 restituisti?
1293 2224 1356 2278 Et
1408 2224 1524 2280 haec
1577 2227 1641 2280 ad
1673 2227 1908 2296 primum
1959 2229 2077 2284 dic-

496 2319 703 2378 torum,
737 2321 797 2367 ut
826 2313 1046 2368 videtur
1080 2314 1298 2382 Photio,
1336 2316 1805 2372 validissimarum
1846 2334 1943 2390 pro
1982 2319 2082 2375 Ec-

497 2403 680 2459 clesia
704 2405 936 2460 dissidio
972 2404 1306 2464 stabil’ieudo
1330 2408 1473 2465 dicta
1514 2410 1645 2466 sint.
1696 2408 1852 2466 Nunc
1883 2428 2082 2468 secun-

497 2499 631 2553 dum
659 2501 1068 2569 examineuius,
1107 2504 1158 2556 in
1192 2519 1302 2574 quo
1350 2520 1607 2575 magnum
1644 2505 1734 2560 hic
1781 2505 2080 2562 introducit

495 2586 750 2659 Paulum,
773 2593 1066 2649 anathema
1085 2596 1382 2651 cdiceutcm
1406 2607 1595 2651 contra
1615 2598 2078 2668 evangelizantcm

497 2678 718 2754 aliquod
756 2679 991 2740 alienum
1032 2703 1063 2740 a
1092 2703 1192 2742 suo
1237 2686 1549 2760 Evangelia.
1593 2688 1693 2744 llic
1721 2705 1943 2759 quoque
1993 2701 2079 2746 at-

497 2785 647 2833 tente
675 2793 787 2832 rem
820 2779 1138 2833 examinare
1170 2780 1444 2835 volentem
1483 2796 1706 2845 moueo,
1739 2797 1829 2847 nc,
1869 2782 2079 2838 insulse

497 2867 703 2921 dictum
724 2866 1016 2936 arripiens,
1033 2869 1517 2924 condemnationis
1541 2870 1770 2940 hujusce
1800 2871 2074 2927 calculum

498 2956 557 3010 in
587 2957 893 3012 Romanam
925 2958 1248 3026 Ecclesiam,
1291 2960 1387 3016 sed
1424 2969 1551 3017 ante
1589 2961 1761 3032 ipsam
1798 2961 1851 3016 in
1884 2976 2076 3017 omnes

496 3048 760 3120 synodos,
793 3066 914 3120 qua:
943 3051 1205 3122 pleraque
1270 3052 1527 3124 dogmata
1576 3062 1971 3125 exposuerunt,
2022 3064 2074 3110 et

497 3142 961 3211 deprazdicarunt,
1014 3159 1248 3213 quorum
1286 3145 1492 3202 nullam
1544 3163 1780 3218 usquam
1842 3163 2073 3219 magnus
2124 3168 2127 3173 ί

497 3234 704 3292 Paulus
737 3237 1066 3294 mentionem
1099 3236 1295 3296 fecisse
1328 3241 1614 3310 reperitur,
1650 3240 1878 3297 deferat.
1909 3240 2075 3296 Nam-

496 3345 604 3401 que
655 3331 743 3387 hic
785 3347 1063 3389 summum
1107 3336 1485 3404 apostolorum
1529 3337 1745 3391 culmen
1794 3337 2070 3408 prohibet,

496 3426 711 3482 diversa
741 3426 810 3481 ab
850 3426 1162 3496 evangelica
1208 3429 1476 3485 sententia
1517 3425 1791 3486 introduci
1838 3446 1852 3486 :
1887 3428 2073 3485 futura

497 3532 631 3572 vero
663 3518 715 3571 in
773 3534 932 3573 suum
976 3517 1327 3590 Evangelium
1368 3523 1717 3592 postmodum
1766 3522 2072 3579 dictionum

498 3609 777 3664 additione
808 3611 938 3665 nulli
976 3611 1221 3666 omnium
1272 3614 1480 3669 crimen
1513 3614 1763 3685 appingit
1810 3612 2074 3685 praevari—

498 3703 738 3760 cationis
786 3705 1087 3775 Evangelii.
1137 3704 1240 3773 Qui
1292 3708 1476 3777 itaque
1524 3723 1810 3780 perperam
1864 3710 1975 3773 sic,
2022 3720 2080 3765 et

499 3796 708 3867 absque
769 3798 1087 3854 discrimine
1135 3799 1505 3880 anathematis
1548 3814 1772 3868 poenam
1830 3799 2078 3871 irrogare

498 3888 734 3945 Voluerit
766 3883 895 3954 illis,
927 3891 1019 3960 qui
1062 3901 1183 3959 post
1238 3890 1588 3961 Evangelium
1626 3886 1780 3947 Pauli
1803 3893 2074 3962 quaedam,

501 3996 623 4050 qua:
648 3981 701 4034 in
737 3975 1034 4051 Evangelio
1066 3980 1220 4037 Pauli
1256 3998 1361 4037 non
1396 3981 1770 4050 reperiuntur,
1824 3983 2081 4037 decreve-

500 4080 654 4134 runt,
718 4071 903 4125 nescio
958 4071 1235 4139 quomodo
1288 4071 1377 4126 hie
1423 4072 1773 4141 respondebit
1824 4073 2080 4128 Patribus

501 4158 713 4212 uostris
746 4152 1203 4212 consubstantiale
1239 4154 1751 4228 prmseribentibus.
1785 4161 1843 4215 In
1877 4160 2079 4228 quibus

499 4245 650 4300 enim
684 4246 787 4301 hoc
816 4247 965 4302 Pauli
1014 4249 1410 4316 scriptionibus
1468 4250 1784 4313 invenitur?
1832 4249 2081 4319 Deipara’

504 4338 768 4394 vocemin
799 4336 1104 4411 Evangeliis
1127 4334 1275 4397 Pauli
1321 4357 1483 4397 nemo
1534 4359 1765 4414 usquam
1815 4344 2076 4409 offendet,

500 4440 558 4485 at
600 4429 699 4501 Dei
763 4427 1009 4488 Ecclesia
1067 4435 1213 4489 clara
1274 4450 1411 4489 voce
1470 4449 1590 4489 eam
1652 4437 1993 4505 pronuntiat,
2028 4446 2084 4491 et

502 4537 623 4576 eam
689 4533 1071 4595 Oppugnantes
1124 4534 1185 4579 ut
1236 4522 1527 4582 hmreticos
1585 4527 1784 4596 reiicit.
1842 4527 1908 4581 Et
1970 4542 2079 4582 non

2182 2045 2246 2113 τῇ
2276 2041 2489 2105 ὲνὼσει,
2508 2037 2575 2109 ἣν
2595 2036 2822 2107 ὲν.καλῷ
2856 2035 2950 2089 τοῦ
2986 2034 3292 2106 μεταμέλοι)
3318 2032 3633 2103 γενόμενος,
3670 2032 3774 2085 καὶ

2184 2132 2400 2187 σύνοδον
2435 2130 2676 2202 μεγάλην
2706 2128 2989 2200 ἁθροίσας,
3053 2127 3218 2181 πάλιν
3276 2128 3356 2189 είς
3406 2124 3499 2177 τὸν
3545 2125 3777 2193 πρῶτον

2181 2224 2529 2293 ὲπανήγαγες
2573 2220 2823 2290 κόσμονζ
2855 2217 3041 2272 Ταῦτα
3073 2217 3173 2288 μὲν
3207 2216 3300 2271 οὖν
3348 2216 3486 2286 πρὸς
3524 2216 3584 2269 τὸ
3611 2215 3778 2284 πρῶ-

2181 2334 2272 2369 τον
2296 2316 2427 2380 τῶν,
2452 2314 2526 2377 ὡς
2546 2314 2695 2367 δοκεῖ
2729 2312 2944 2382 Φωτίῳ,
3010 2309 3386 2382 ἰσχυροτάτων
3443 2307 3535 2361 δύο
3585 2306 3778 2378 ῥητῶν

2184 2409 2317 2479 πρὸς
2340 2408 2438 2476 τὴν
2478 2406 2575 2475 τῆς
2598 2404 2929 2474 Ἐκκλησίας
2954 2401 3256 2455 διάστασιν.
3288 2397 3432 2469 Πρὸς
3459 2399 3516 2452 δὲ
3562 2398 3624 2452 τὸ
3649 2398 3780 2452 δεύ-

2180 2516 2357 2570 τερον,
2401 2500 2458 2550 ὲν
2559 2497 2651 2549 τὸν
2681 2495 2856 2564 μέγαν
2882 2488 3036 2555 οὗτος
3067 2491 3280 2561 εἰσάγει
3326 2490 3539 2545 Παῦλον
3571 2488 3780 2543 ἀναθε-

2185 2604 2260 2657 μα
2304 2586 2657 2656 ὲκφωνοῦντα
2709 2583 2853 2637 κατὰ
2909 2580 3003 2634 τοῦ
3060 2579 3556 2650 εύαγγελισομὲνου
3614 2577 3782 2632 ἀλλό-

2179 2675 2333 2747 τριόν
2386 2692 2440 2728 τι
2488 2674 2597 2728 τῶν
2656 2672 3002 2741 Εὐαγγελίων
3044 2670 3234 2735 αὐτοῦ,
3314 2669 3594 2724 κάνταῦθα
3651 2669 3783 2723 διοι-

2184 2770 2461 2839 σκοπῆσαι
2488 2766 2579 2820 τὸν
2612 2764 2938 2836 βουλόμενον
2982 2763 3304 2833 ὑποτίθημι,
3362 2763 3574 2833 μήποτε
3606 2762 3635 2815 ὁ
3665 2780 3782 2815 ποι-

2180 2862 2429 2933 ραλόγως
2460 2860 2520 2914 τὸ
2550 2858 2711 2931 ῥητὸν
2759 2857 3129 2928 ἐκλαμϐάνων
3181 2858 3281 2929 τὴν
3329 2856 3430 2927 τῆς
3461 2855 3779 2923 καταδίκης

2177 2956 2383 3025 ταύτης
2424 2952 2604 3023 ψῆφον
2636 2951 2697 3003 ού
2754 2950 2897 3004 κατὰ
2946 2949 3047 3019 τῆς
3087 2947 3404 3018 Ῥωμαϊκῆς
3432 2947 3779 3017 Ἐκκλησίας

2180 3047 2491 3115 ἐπενέγκοι,
2517 3043 2655 3097 ἀλλὰ
2686 3042 2793 3114 πρό
2825 3057 2890 3110 γε
2914 3041 3085 3109 αὐτῆς
3112 3038 3254 3093 κατὰ
3281 3037 3474 3092 πασῶν
3502 3037 3741 3092 συνόδων
3763 3078 3780 3103 ,

2178 3142 2237 3199 αἳ
2274 3142 2443 3198 πολλὰ
2475 3142 2727 3211 δόγματα
2786 3136 3175 3210 διετρὰνωσαν,
3223 3134 3320 3188 καὶ
3360 3133 3660 3205 ἐκήρυξαν,
3691 3126 3778 3188 ὧν

2180 3236 2288 3292 οὐδ’
2317 3235 2456 3299 ὅλως
2488 3234 2515 3285 ὁ
2540 3232 2713 3302 μέγας
2748 3228 2962 3292 Παῦλος
3022 3227 3210 3295 μνείαν
3243 3225 3568 3296 ποιούμενος
3597 3224 3776 3296 εὕρη-

2187 3347 2298 3382 ται.
2354 3320 2526 3389 Οὗτος
2585 3325 2680 3377 καὶ
2727 3320 2836 3391 γὰρ
2883 3322 2916 3391 ἡ
2975 3319 3255 3391 κορυφαία
3311 3317 3421 3370 τῶν
3453 3316 3777 3372 ἀποστόλων

2188 3421 2426 3492 ἀκρότης
2480 3417 2616 3488 πρὸς
2648 3415 2749 3487 τὴν
2790 3413 2883 3467 τοῦ
2930 3410 3264 3481 Εὐαγγελτου
3313 3411 3522 3464 ἔννοιαν
3562 3410 3782 3477 ἀπαγο-

2192 3515 2339 3588 ρεύει
2358 3512 2453 3567 τὸν
2480 3505 2997 3582 παρευαγγε).ισμόν
3023 3521 3037 3535 ·
3078 3505 3142 3558 ἐκ
3168 3504 3225 3557 δὲ
3262 3503 3361 3571 τῆς
3392 3501 3780 3571 ἐσομένηςιὲπὶ

2187 3608 2266 3678 τῷ
2305 3602 2622 3673 Εὐαγγελίῳ
2653 3599 2817 3655 αὑτοῦ
2852 3596 3143 3666 ἐσύστερον
3173 3594 3492 3666 προσθήκης
3530 3593 3639 3646 τῶν
3685 3593 3779 3646 λέ-

2190 3698 2327 3767 εεων
2380 3695 2555 3750 οὖδενὶ
2580 3692 2688 3746 τῶν
2715 3690 2971 3745 ἁπάντων
3005 3687 3257 3757 ἔγκλημα
3289 3685 3596 3755 προσάπτει
3623 3698 3775 3754 παρ-

2189 3788 2611 3860 ευαγγελισμοῦ.
2675 3784 2737 3841 'O
2803 3781 2933 3851 γοῦν
2963 3779 3151 3844 ἁπλῶς
3190 3779 3335 3833 οὕτω
3372 3778 3469 3832 καὶ
3515 3777 3779 3844 ἀδιακρί-

2189 3903 2295 3947 τως
2328 3885 2428 3953 τὴν
2480 3877 2574 3933 τοῦ
2606 3875 2949 3944 ἀναθέματος
2982 3870 3283 3939 καταδίκην
3338 3866 3778 3938 ἐπιψηφίζεσθαι

2192 3975 2361 4030 θέλων
2412 3973 2523 4035 τοῖς
2578 3969 2714 4039 μετὰ
2744 3966 2804 4021 τδ
2835 3963 3171 4033 Εὐα⁴γγέλιον
3201 3959 3417 4015 Παύλου
3447 3960 3779 4026 δεδογματι-

2192 4070 2314 4124 κόσι
2344 4065 2464 4120 τινὰ
2495 4061 2569 4135 μὴ
2599 4061 2732 4132 πρὸς
2769 4059 2916 4123 λέξιν
2942 4058 3056 4119 τοῖς
3101 4054 3315 4109 Παύλου
3351 4050 3779 4121 εύαγγελισμοίς

2194 4158 2565 4232 ἐμφερόμενα,
2595 4155 2695 4207 οὐκ
2716 4147 2835 4205 οἴδα
2863 4149 2982 4212 πῶς
3028 4146 3428 4218 ἀπολογήσεται
3464 4136 3621 4204 οὗτος
3657 4145 3779 4207 τοῖς

2203 4251 2558 4322 Ὀμοούσιον
2608 4238 3268 4315 δογματίσασιΠατράσιν
3315 4237 3492 4307 ἡμῶν.
3527 4233 3638 4288 Ποῦ
3662 4234 3779 4305 γὰρ

2194 4346 2424 4415 εὓρηται
2448 4340 2610 4395 τοῦτο
2635 4338 2729 4392 τοῦ
2761 4336 2978 4392 Παύλου
3022 4333 3288 4406 γραφῶν;
3321 4330 3432 4402 Τὴν
3458 4331 3515 4384 δὲ
3564 4330 3778 4383 Θεοτόο

2194 4456 2302 4505 xor;
2333 4436 2516 4506 φωνὴν
2545 4435 2602 4486 ἐν
2637 4432 2736 4502 μὲν
2766 4432 2879 4494 τοῖς
2927 4427 3025 4483 τοῦ
3061 4425 3272 4482 Παύλου
3305 4422 3656 4493 Εὑαγγελίοις
3686 4422 3779 4475 εὑ-

2200 4535 2355 4606 ρήσει
2396 4547 2482 4591 τις
2513 4522 2776 4594 οὐδαμοῦ,
2831 4524 2865 4592 ἡ
2896 4520 2954 4575 δὲ
2986 4518 3081 4572 τοῦ
3111 4516 3247 4572 Θεοῦ
3307 4514 3606 4606 Ἐκκλησία
3634 4530 3777 4585 τρα-

502 4615 630 4685 quia
684 4607 892 4670 Paulus
958 4612 1232 4673 dictiones
1278 4618 1380 4673 has
1441 4634 1550 4672 non
1610 4621 1935 4689 usurpavit,
1999 4620 2079 4675 uti

2194 4604 2298 4686 νῶς
2327 4619 2588 4691 κηρύττει
2621 4612 2813 4684 αὐτὴν,
2841 4611 2936 4665 καὶ
2970 4610 3095 4673 τοὺς
3139 4607 3214 4689 μὴ
3244 4607 3389 4661 οὕτω
3413 4604 3775 4676 φρονοῦντας,

505 4709 953 4779 prmvarieatorcs
986 4702 1261 4779 Evangelii
1292 4711 1758 4778 condemnamur,
1806 4713 1898 4782 qui
1935 4722 2084 4783 post-

508 4802 731 4854 modum
790 4798 896 4854 illis
962 4802 1045 4857 usi
1105 4810 1270 4867 sunt;
1332 4802 1429 4859 sed
1497 4802 1643 4867 quod
1688 4819 1751 4857 ex
1804 4814 1985 4860 mente
2032 4806 2085 4859 hi

503 4888 660 4946 Pauli
718 4891 1110 4955 decreverunt,
1180 4891 1323 4948 inter
1368 4893 1586 4964 pietatis
1640 4906 1919 4965 praecones
1969 4896 2085 4951 col-

506 4986 777 5041 locantur.
825 4984 967 5038 luter
1015 4981 1120 5042 alia
1168 4985 1271 5041 hoc
1320 5002 1538 5058 quoque
1581 5000 1728 5043 nunc
1773 4989 2083 5053 considera,

504 5096 600 5150 per
629 5058 794 5132 D'eum
847 5079 1061 5147 ipsum,
1101 5080 1340 5148 prudens
1386 5090 1682 5151 rectusque
1723 5098 1904 5137 rerum
1951 5098 2088 5151 prae-

503 5172 739 5226 sentium
804 5171 1071 5241 (cgnitor.
1129 5161 1427 5226 Videturne
1470 5174 1563 5227 tibi
1641 5188 1917 5243 unquam,
1967 5190 2086 5228 nia-

505 5279 672 5333 gnum
709 5263 1095 5328 Athanasium,
1133 5272 1187 5317 et
1237 5266 1435 5333 smpius
1472 5264 1524 5319 in
1583 5266 1667 5320 his
1700 5266 1900 5320 nostris
1928 5280 2082 5320 com-

505 5352 1294 5445 meutai'iiifommemoratos
1343 5368 1563 5413 sanctos
1598 5359 1790 5414 Patres
1843 5367 2083 5423 nostros,

504 5447 723 5517 pietatis
759 5448 1026 5509 vindices.
1081 5462 1220 5517 quos
1257 5449 1371 5518 ipse
1401 5464 1617 5519 nequeo
1660 5451 1795 5506 satis
1841 5451 2087 5520 compel-

506 5538 622 5592 lare
672 5540 745 5593 uti
775 5539 1020 5602 aldecct,
1075 5540 1415 5609 concepisse,
1470 5550 1566 5596 aut
1611 5541 1860 5596 elocutos
1916 5539 2088 5598 luisse

506 5630 714 5700 aliquid
744 5632 856 5686 Deo
890 5641 1081 5690 nostro
1115 5642 1167 5688 et
1192 5630 1469 5689 Servatori
1497 5633 1832 5689 adversum?
1861 5634 1926 5687 Et
1963 5636 2086 5689 cui-

506 5738 636 5778 nam
676 5740 916 5793 unquam
943 5724 1122 5781 simile
1152 5725 1283 5795 quid
1338 5726 1391 5780 in
1443 5734 1685 5779 mentem
1730 5725 1942 5780 veniet?
1979 5723 2085 5779 Sed

507 5816 586 5881 lii,
620 5815 747 5871 licet
785 5816 1046 5874 Servator
1080 5819 1133 5872 in
1189 5816 1482 5885 Evangelio
1532 5816 1794 5887 Spiritum
1830 5832 1895 5870 ex
1930 5817 2089 5872 Patre

508 5907 803 5976 procedere
834 5908 1001 5978 dicat,
1035 5906 1318 5981 non_iilius
1350 5906 1615 5963 doctrinae
1645 5906 2082 5978 reprobationcm

2187 4716 2263 4779 ὡς
2287 4709 2602 4783 αίρετικοὺς
2650 4701 3020 4759 ἀποϐάλλεται
3055 4702 3150 4753 καὶ
3177 4700 3277 4769 ούχ
3307 4698 3392 4752 ὅτι
3433 4697 3509 4768 μὴ
3559 4693 3777 4761 Παῦλος

2187 4808 2286 4870 τὰς
2308 4803 2486 4869 λέξεις
2518 4798 2710 4869 εἴρηκε
2737 4794 2966 4859 ταύτας,
2997 4791 3525 4864 παρευαγγελισμοῦ
3561 4790 3779 4861 κρίνον-

2186 4918 2280 4955 ται
2307 4899 2356 4952 ot
2394 4894 2688 4960 ἐσύστερον
2713 4887 3022 4959 εἰρηκότες,
3056 4886 3173 4939 ἀλλ’
3202 4886 3284 4938 ὅτι
3318 4885 3460 4938 κατὰ
3500 4883 3600 4954 τὴν
3627 4882 3777 4935 Παύ-

2186 4987 2280 5044 λου
2308 4984 2548 5041 διάνοιαν
2576 4980 2939 5051 ὲδογμάτισαν
2969 4970 3142 5044 οὗτοι,
3182 4978 3295 5039 τοῖς
3335 4975 3531 5047 κήρυξι
3559 4975 3656 5045 τῆς
3683 4975 3777 5027 εὖ-

2189 5080 2407 5141 σεὸείας
2438 5079 2739 5147 κρίνονται.
2771 5071 2935 5125 Ἀλλὰ
2959 5069 3119 5136 δεῦρο
3144 5070 3279 5139 πρὸς
3306 5071 3416 5131 τοῖς
3441 5069 3623 5131 ἄλλοις
3647 5068 3746 5120 σκό

2189 5191 2281 5227 πει
2306 5171 2401 5225 καὶ
2433 5167 2593 5222 τοῦτο
2624 5164 2760 5236 πρὸς
2793 5162 2958 5217 αὐτοῦ
3000 5160 3094 5214 τοῦ
3152 5160 3289 5213 Θεοῦ
3321 5162 3350 5213 ὁ
3376 5158 3633 5230 νουνεχὴς
3676 5159 3772 5213 καὶ

2189 5264 2478 5332 εὐθυδίκης
2517 5259 2629 5312 τῶν
2657 5259 2943 5329 παρόντων
2974 5253 3290 5322 ἐξεταστὴς.
3332 5254 3492 5305 Δοκεῖ
3519 5251 3600 5305 σοί
3638 5268 3769 5304 ποτε

2186 5356 2279 5409 τὸν
2312 5354 2483 5424 μέγαν
2527 5349 2871 5409 Ἀθανάσιον,
2909 5347 2999 5398 καὶ
3049 5345 3175 5407 τοὺς
3208 5338 3478 5412 πολλαχοῦ
3506 5343 3604 5410 τῆς
3632 5358 3775 5410 παρ-

2136 5438 2139 5443 ’
2188 5447 2354 5515 οὔσης
2381 5444 2601 5514 γραφῆς
2636 5438 3038 5509 ὀνομασθέντας
3070 5435 3259 5503 ἁγίους
3304 5434 3556 5504 Πατέρας
3586 5432 3763 5503 ἡμῶν,

2188 5538 2318 5600 τοὺς
2340 5532 2441 5604 τῆς
2468 5532 2749 5592 εύσεύείας
2787 5530 3129 5599 προμάχους,
3153 5527 3299 5590 τοὺς,
3325 5525 3442 5587 πῶς
3467 5523 3534 5578 ἂν
3565 5524 3658 5578 καὶ
3680 5543 3775 5578 κα-

2190 5629 2345 5682 λέσαι
2371 5626 2473 5679 οὐκ
2500 5624 2629 5695 ἔχω,
2661 5622 2949 5690 ἔννοῆσαι,-
2990 5620 3023 5689 ἢ
3071 5617 3415 5686 φθέγξασθαί
3448 5632 3501 5669 τι
3542 5616 3620 5684 τῷ
3651 5615 3773 5684 Θεῷ

2191 5720 2368 5791 ἡμῶν,
2406 5717 2500 5787 καὶ
2540 5715 2755 5784 Σωτῆρι
2797 5711 3021 5782 Χριστῷ
3060 5712 3134 5780 μὴ
3167 5707 3385 5774 δοκοῦν;
3440 5708 3555 5761 Καὶ
3577 5706 3681 5760 τίνι
3705 5707 3772 5759 ἂν

2191 5814 2299 5869 τῶν
2321 5812 2583 5867 ἁπάντων
2629 5805 2910 5875 λογισθείη
2953 5803 3110 5858 τοῦτό
3141 5818 3271 5855 ποτε
3297 5819 3313 5869 ;
3359 5798 3502 5853 Ἀλλ’
3523 5797 3691 5861 οὗτοι,
3722 5799 3770 5850 εἰ

2195 5902 2288 5959 καὶ
2317 5905 2342 5958 ὁ
2380 5900 2568 5972 Σωτὴρ
2599 5899 2654 5955 ἐν
2686 5895 3038 5967 Εὖαγγελίοις
3089 5895 3149 5948 τὸ
3181 5893 3404 5965 Πνεῦμα
3438 5894 3501 5948 ἐκ
3538 5890 3630 5946 τοῦ
3665 5891 3772 5943 Πα-
