4058 6426
550 393 648 460 $23

1576 406 1791 470 JOAN.
1831 410 2050 472 VECCI
2092 412 2200 470 (ΣΡ.
2246 413 2769 475 PATRIARCHE

3707 415 3812 482 ῙΞΞ

548 511 829 580 Sicigitur
860 520 913 566 et
962 511 1202 583 Spiritus
1250 514 1496 585 ejusdem
1541 518 1794 573 essentia:
1828 534 1953 572 eum
1987 517 2127 573 Filio

2248 520 2353 573 ὶλλ’
2384 522 2469 575 ὅτι
2498 524 2561 576 ἐκ
2587 523 2687 591 τῆς
2723 522 2912 586 οὐσίας
2951 524 3046 578 τοῦ
3080 523 3235 579 Υἰοῦν
3276 525 3339 578 οὐ
3374 526 3475 594 μὲν
3523 527 3659 581 διότι
3684 530 3809 599 ὁμο.

548 610 652 666 est,
674 602 819 672 quod
852 618 918 657 ex
950 605 1188 660 essentia
1214 604 1357 671 Filii,
1392 616 1448 661 at
1480 622 1587 661 non
1613 608 1744 678 quia
1765 609 2012 679 ejusdem
2044 625 2129 665 es—

549 695 739 749 sentize
764 710 887 749 cum
921 695 1081 762 Filio,
1116 696 1237 752 ideo
1258 713 1323 753 ex
1352 698 1513 755 Filio.
1544 699 1789 770 Namque
1814 703 1858 757 si
1885 702 1936 756 id
1958 710 2125 766 esset,

549 795 695 841 esset
728 795 782 841 et
812 803 877 842 ex
908 787 1112 857 Spiritu
1149 789 1343 856 Filius,
1381 792 1427 848 si
1463 807 1550 854 ea.
1586 808 1709 863 quae
1740 793 1986 863 ejusdem
2043 809 2132 847 es-

549 876 740 931 sentite
770 887 920 942 sunt,
957 879 1101 933 inter
1129 895 1188 934 se
1222 892 1643 937 convertuntur.
1684 882 1864 950 Quare
1892 886 1985 954 qui
2021 885 2131 939 alio

549 979 716 1037 atque
747 968 856 1023 alio
890 977 1136 1040 tempore
1192 972 1460 1043 Spiritum
1526 973 1650 1030 Filii
1682 990 1804 1031 esse
1863 975 2130 1044 Spiritum

545 1049 914 1133 exp'tsuerunt
953 1076 1175 1137 propter
1200 1069 1448 1125 eamdem
1491 1081 1767 1138 naturam,
1821 1071 2032 1126 [rustra
2072 1087 2134 1127 ac

546 1163 750 1210 temere
798 1156 1006 1213 similes
1052 1158 1537 1229 interpretationes
1594 1163 1927 1217 confinxisse
1971 1178 2133 1218 com-

549 1247 986 1316 prehenduntur.
1020 1248 1085 1304 Et
1113 1267 1259 1306 nunc
1291 1269 1508 1322 quoque
1528 1254 1640 1323 jam
1682 1254 1842 1309 dictis
1886 1256 2135 1309 Pburizes

548 1338 919 1406 redarguitnr,
959 1357 1065 1396 non
1092 1350 1242 1398 recte
1276 1347 1621 1400 asseruisse:

500 1442 507 1451 '
620 1430 712 1483 59...
752 1450 769 1483 ι
801 1432 856 1484 Si
898 1448 1246 1505 quaecunque
1288 1437 1698 1493 babetPateret
1727 1438 1921 1504 Filius,
1946 1437 2133 1491 eadem

550 1520 717 1575 habet
752 1534 807 1576 et
831 1522 1071 1593 Spiritus
1094 1536 1319 1583 sanctus
1356 1540 1580 1599 propter
1597 1533 2134 1586 eamdem'naturam

549 1612 912 1682 eamdemque
955 1616 1240 1682 deitatem,
1302 1634 1532 1689 prorsus
1581 1630 1635 1675 et
1667 1622 1979 1677 necessario
2037 1621 2136 1677 ali-

551 1704 764 1772 qn‘dex
796 1704 990 1759 eodem
1024 1722 1243 1778 quoque
1280 1711 1579 1779 procedere
1605 1714 1918 1783 colligetur.
1958 1731 1980 1764 -›

624 1794 687 1847 Ει
714 1810 816 1848 non
844 1806 1131 1865 propterea
1167 1800 1314 1869 quod
1351 1800 1520 1855 Filius
1540 1801 1788 1870 ejusdem
1824 1818 1948 1855 eum
1977 1804 2138 1858 Patre

550 1894 762 1940 natura:
797 1898 882 1941 est
913 1863 1045 1955 dici,
1081 1863 1352 1959 Spiritum
1405 1907 1526 1948 esse
1557 1903 1611 1948 ct
1667 1910 1731 1948 ex
1767 1893 1934 1958 Filio,
1994 1895 2136 1950 unde
2168 1863 2215 1921 Β

552 1977 809 2031 Pburnes
844 1979 1164 2047 praedictum
1204 1982 1511 2037 absurdum
1562 1984 1764 2038 elicere
1812 1984 2133 2050 conabatur,

548 2069 664 2140 jam
692 2071 1031 2127 declaratum
1066 2083 1173 2129 est.
1198 2074 1351 2141 Quod
1402 2075 1447 2130 si
1506 2076 1608 2131 iste
1662 2077 1907 2132 ediscere
1984 2077 2139 2147 cupit

555 2152 804 2227 causam,
832 2163 903 2217 ob
934 2180 1098 2233 quam
1136 2165 1374 2234 Spiritus
1414 2177 1469 2222 et
1500 2185 1567 2222 ex
1610 2168 1748 2222 Filio
1783 2169 2005 2232 dicitur,
2038 2184 2141 2223 au-

556 2253 692 2318 diat,
740 2255 1010 2324 iidemque
1044 2258 1297 2311 adhibeat
1329 2262 1526 2329 nfagno
1565 2259 1769 2315 Basilio
1801 2259 2138 2323 decernenti,

556 2359 847 2415 propterea
876 2363 996 2402 esse
1023 2350 1289 2418 Spiritum
1320 2361 1375 2405 et
1422 2368 1486 2405 ex
1535 2353 1699 2415 Filio,
1737 2373 1754 2404 ι
1793 2353 1942 2424 quod
1996 2370 2143 2424 quae-

555 2449 775 2504 cunque
815 2436 976 2490 habet
1018 2436 1177 2492 Pater
1198 2438 1323 2497 Filii.
1354 2440 1491 2505 sint,
1530 2460 1545 2491 ι
1583 2451 1637 2496 et
1691 2442 1963 2511 principio
2002 2443 2136 2498 abs—

557 2539 665 2588 que
747 2540 970 2579 causam
1034 2526 1183 2594 Patri
1241 2545 1462 2585 rursum
1525 2533 1918 2598 conservanti,
1994 2533 2140 2602 quod

562 2633 582 2664 ι
612 2615 876 2686 quidquid
907 2633 934 2668 a
961 2616 1101 2674 Filio
1129 2620 1333 2673 dicitur
1364 2635 1505 2685 esse,
1540 2622 1606 2676 ad
1639 2622 1873 2691 primam
1912 2639 2139 2679 causam

558 2705 778 2762 Patrem
816 2708 1077 2765 refertur.
1106 2730 1123 2762 ι
1156 2712 1236 2765 Ad
1282 2713 1715 2783 subsequentem
1743 2731 1939 2773 rursus
1977 2719 2143 2789 syllo-

557 2799 818 2868 gismum,
843 2817 1003 2871 quem
1032 2803 1121 2858 ille
1146 2803 1219 2859 ita
1241 2804 1485 2875 disponit
1521 2824 1534 2859 :

631 2983 722 3037 53.
760 3002 775 3032 ι
804 2982 859 3036 Si
895 2982 1018 3039 dum
1068 2988 1440 3055 processionis
1499 2988 1743 3061 Spiritus
1778 3007 1960 3050 causae
1990 3006 2145 3063 sunt,

563 3071 677 3127 btee
700 3081 753 3126 et
780 3074 894 3129 haec
916 3086 1229 3145 .sequentur
1258 3079 1516 3150 absurda,
1550 3101 1568 3134 ι

639 3162 1058 3232 Βεῖυίιεηιίυιη,
1117 3168 1333 3226 abunde
1391 3174 1535 3229 satis
1584 3175 1635 3231 id
1696 3176 1882 3243 fuerit,
1931 3179 2142 3234 nullum

564 3255 732 3309 alium
774 3271 918 3320 esse,
949 3257 1044 3328 qui
1080 3269 1292 3315 asserat
1326 3262 1463 3320 duas
1486 3263 1729 3335 Spiritus
1751 3284 1950 3327 causas
1986 3288 2001 3337 ;
2037 3287 2148 3341 quo

564 3364 674 3403 non
708 3350 1018 3419 supposito,
1041 3351 1246 3408 frustra
1269 3356 1383 3426 ipse
1427 3358 1821 3427 absurdorum,
1862 3363 1989 3419 inde
2015 3364 2150 3419 sub-

565 3443 938 3509 seqnentium,
978 3450 1034 3496 ut
1066 3430 1532 3512 comminiscitur,
1572 3452 1771 3506 seriem
1826 3453 2145 3511 concinnat.

564 3529 787 3586 interim
825 3549 1044 3605 quoque
1078 3539 1362 3606 paululum
1392 3556 1721 3611 progressus
1773 3546 2150 3618 archiepisco-

567 3639 637 3692 pn
664 3624 972 3683 laboriosus
1002 3644 1126 3685 esse
1156 3645 1262 3685 non
1307 3629 1533 3690 desinit.
1588 3635 1990 3706 bypostaticam
2024 3655 2151 3710 pro-

566 3715 851 3784 prietatem
878 3720 1175 3777 nominans
1199 3721 1489 3791 Patris,cx
1526 3724 1688 3782 Patre
1709 3725 1970 3797 Spiritum
2003 3747 2149 3797 esse,

565 3809 951 3883 dicentemque
1010 3823 1066 3868 et
1107 3830 1175 3870 ex
1232 3814 1374 3871 Filio
1412 3818 1563 3872 illum
1597 3835 1739 3883 esse,
1791 3837 1948 3893 aeque
1986 3833 2152 3893 atque

566 3901 708 3957 duos
742 3904 877 3959 deos
909 3903 1304 3973 introduceret,
1332 3909 1681 3967 criminatur.
1707 3913 1810 3980 Qui
1835 3914 1953 3971 baac
1972 3916 2153 3985 profa—

568 4002 680 4059 tur,
722 3996 909 4051 nescio
961 3997 1293 4067 quibusnam
1340 4002 1519 4057 oculis
1582 4004 1842 4073 adversus
1906 4008 2151 4064 intuebi-

568 4095 658 4139 tur
692 4088 858 4142 rebus
916 4090 1244 4160 tlteologicis
1314 4092 1596 4150 tradendis
1659 4096 2149 4154 instructissimum

567 4177 893 4249 Gregorium
929 4180 1261 4253 Nyssenum.
1294 4184 1388 4253 qui
1419 4186 1646 4257 longum
1681 4203 1989 4245 sermonem
2020 4192 2155 4247 serit

569 4272 639 4326 de
665 4273 751 4338 iis,
812 4290 937 4344 qua:
998 4274 1053 4329 in
1118 4275 1319 4332 Triade
1352 4286 1503 4341 sunt,
1558 4281 2007 4350 proprietatibus,
2045 4299 2152 4339 non

568 4378 906 4421 assareutem
963 4367 1108 4423 lianc
1165 4382 1290 4426 esse
1342 4369 1524 4426 Patris
1551 4371 1959 4444 hypostaticam
2017 4390 2152 4444 pro-

567 4455 881 4523 prietatem,
922 4473 1085 4526 quam
1111 4457 1384 4528 Plturnes,
1425 4477 1552 4517 esse
1584 4477 1780 4533 nempe
1798 4463 2060 4534 Spiritum
2085 4482 2150 4521 ex

2234 616 2418 666 ούσιον
2446 613 2526 683 τῷ
2558 613 2672 685 Υίῷ
2702 614 2792 668 διὰ
2824 614 2985 669 τοῦτο
3020 616 3114 670 καὶ
3148 618 3212 670 ἐκ
3264 618 3358 672 τοῦ
3400 616 3532 671 Υἰοῦ
3555 635 3570 650 ·
3620 614 3655 690 ἦ
3704 623 3811 690 γὰρ

2235 702 2300 756 ἂν
2329 698 2396 772 ἦν
2425 705 2520 757 καὶ
2549 706 2615 757 ἐκ
2643 705 2737 757 τοῦ
2766 705 3083 774 Πνεύματος
3110 709 3137 761 6
3159 706 3311 773 Υἰδς,
3338 708 3498 777 εἰπερ
3531 709 3807 780 ἀντιστρέ-

2236 810 2326 860 φει
2367 793 2427 846 τὸ
2468 794 2605 863 πρὸς
2635 792 2846 864 ἄλληλα
2882 795 3048 849 αὑτοῦ
3074 795 3382 865 ἁμοούσιονο
3419 796 3561 850 ὥστε
3619 799 3713 852 καὶ
3757 801 3808 853 οἰ

2236 886 2378 938 κατᾶ
2414 887 2641 956 καιροὺς
2686 887 2912 957 Πνεῦμα
2975 888 3106 942 Υἰοῦ
3161 884 3302 943 εἶναι
3332 888 3394 941 τδ
3444 890 3670 959 Πνεῦμα
3726 890 3812 956 ἐξ-

2240 978 2583 1048 ηγησάμενοι
2640 980 2728 1034 διὰ
2767 981 2827 1033 τὸ
2859 981 3119 1050 ὀμοφυές,
3175 982 3370 1052 μάτην.
3409 982 3510 1045 τὰς
3559 982 3811 1046 τοιαύτας

2238 1067 2679 1121 ἀναπλάττεσθαι
2716 1069 3012 1140 ἐξηγήσεις
3042 1070 3388 1141 ἐλέγχονταιο
3414 1073 3509 1124 καὶ
3536 1070 3632 1125 νῦν
3672 1072 3732 1126 δέ
3751 1075 3812 1125 ἐκ

2236 1154 2347 1207 τῶν
2404 1158 2506 1229 ἤδη
2564 1159 2842 1229 ῥηθέντων
2904 1162 2933 1213 6
2970 1162 3214 1231 Φουρνῆς
3268 1162 3705 1231 ἀπελήλεγκται,
3752 1166 3815 1218 οῦ

2239 1245 2424 1309 καλῶς
2452 1246 2651 1316 λέγων,

2312 1428 2409 1497 νβ’.
2448 1448 2467 1481 ι
2494 1430 2556 1484 Εἰ
2584 1428 2765 1485 πάντα
2804 1432 2906 1487 ὅσα
2969 1432 3083 1504 ἔχει
3113 1437 3140 1488 6
3187 1436 3380 1505 Πατὴρ
3427 1436 3525 1490 καὶ
3573 1437 3603 1489 6
3672 1436 3815 1503 Υἱὸς,

2240 1521 2417 1574 ταῦτα
2445 1523 2620 1575 καὶτὸ
2654 1522 2810 1590 ἅγιον
2838 1524 2952 1593 ἔχει
3010 1525 3261 1597 Πνεῦμα,
3320 1527 3408 1580 διὰ
3463 1526 3525 1580 τὸ
3575 1528 3819 1597 συμφυὲς

2240 1615 2335 1666 καί
2359 1612 2589 1682 ὁμόθεον
2619 1615 2941 1683 ἀναγκαίως
2970 1618 3189 1678 πάντως
3222 1618 3282 1670 τὸ
3305 1618 3401 1673 καὶ
3431 1618 3492 1684 ἐξ
3515 1620 3685 1674 αὑτοῦ
3711 1622 3817 1675 δεῖν

2240 1704 2638 1773 ἐκπορεύεσθαί
2671 1723 2722 1760 τι
2759 1708 3180 1781 συναχθήσεται.

2313 1796 2424 1849 Καὶ
2454 1796 2535 1848 ὅτι
2579 1797 2677 1866 μὲν
2708 1798 2766 1850 οὐ
2796 1798 2887 1851 διὰ
2917 1800 2978 1851 τὸ
3010 1800 3145 1870 πρὸς
3180 1801 3272 1854 τὸν
3308 1801 3533 1874 Πατέρα
3577 1805 3822 1875 συμφυὲς

2244 1893 2338 1939 τοῦ
2369 1886 2501 1940 Υίοῦ
2534 1887 2759 1955 λέγεται
2798 1889 3071 1960 ὑπάρχειν
3108 1892 3168 1944 τδ
3194 1893 3428 1961 Πνεῦμα
3462 1896 3560 1948 καὶ
3611 1897 3675 1948 ἐκ
3734 1894 3837 1949 τοῦι

2245 1978 2401 2042 Υἰοῦ,
2433 1979 2631 2033 ὁπόθεν
2660 1981 2688 2033 6
2717 1980 2966 2050 Φονρνῆς
2999 1981 3061 2035 τὸ
3095 1983 3262 2053 ρηθέν
3310 1983 3529 2043 ἄτοπον,
3571 1986 3824 2054 συνάγειν

2244 2070 2603 2136 ἐσπούδαζεν,
2637 2071 2741 2141 ἥδη
2767 2072 3101 2143 δεδήλωται·
3136 2075 3183 2127 εἰ
3206 2074 3263 2127 δέ
3298 2074 3491 2140 μαθεῖν
3511 2068 3677 2140 οὗτος
3712 2076 3826 2131 ἐθέ-

2242 2164 2349 2225 λει,
2382 2162 2529 2214 διατί
2556 2162 2616 2215 τὸ
2652 2163 2874 2232 Πνεῦμα
2916 2165 3185 2237 ὑπάρχειν
3222 2166 3317 2220 καὶ
3334 2168 3399 2220 ἐκ
3430 2167 3526 2221 τοῦ
3580 2168 3715 2221 Υἰοῦ
3747 2167 3828 2220 λέ-

2243 2272 2424 2322 γεται,
2450 2254 2530 2325 τῷ
2565 2256 2785 2326 μεγάλῳ
2828 2256 3097 2327 Βασιλείῳ
3144 2259 3416 2313 πειθέσθω
3446 2286 3457 2327 ι
3488 2258 3829 2313 κατασκευάι

2246 2345 2418 2411 ζοντι,
2455 2346 2548 2399 διὰ
2574 2346 2733 2401 τοῦτο
2764 2343 2989 2402 εἶναιτὸ
3019 2348 3247 2418 Πνεῦμα
3287 2350 3383 2403 καῖ¹
3423 2350 3487 2403 ἐκ
3531 2351 3631 2405 τοῦ
3681 2348 3829 2414 Υἰοῦ,

2244 2438 2333 2491 διὰ
2360 2438 2421 2491 τὸ
2477 2457 2494 2490 t
2528 2438 2715 2493 Πάντα
2746 2440 2847 2493 ὅσα
2874 2439 2990 2511 ἔχει
3022 2442 3049 2493 6
3094 2440 3286 2513 Πατὴρ
3333 2440 3428 2495 τοῦ
3455 2441 3592 2495 Υἰοῦ
3614 2440 3775 2510 εἰναι,
3807 2460 3829 2494 ι

2247 2531 2343 2582 καὶ
2370 2530 2468 2602 τὴν
2504 2532 2741 2602 ἄναρχον
2776 2532 2960 2586 αἰτίαν
2983 2531 3061 2601 τῷ
3098 2535 3279 2603 Πατρί
3327 2534 3492 2588 πάλιν
3547 2535 3830 2606 τηροῦντι,

2246 2621 2335 2674 διὰ
2366 2623 2427 2674 τὸ
2457 2642 2476 2673 ι
2514 2623 2621 2676 πᾶν
2655 2622 2715 2675 τὸ
2741 2624 2894 2694 παρά
2917 2622 3011 2676 τοῦ
3040 2622 3170 2678 Υῖοῦ
3214 2623 3513 2695 λεγόμενον
3561 2622 3713 2681 εἶναι
3758 2627 3833 2689 εἰς

2247 2714 2345 2782 τὴν
2372 2711 2596 2783 πρώτην
2623 2714 2824 2778 αἰτίαν,
2850 2714 2940 2769 τὸν
2973 2715 3329 2786 Πατέρα,τὴν
3349 2717 3643 2786 ἀναφορὰν
3665 2717 3825 2787 ἔχειν.

2247 2805 2390 2876 Πρὸς
2417 2804 2476 2858 δὲ
2515 2805 2607 2860 τὸν
2642 2806 2781 2876 μετά
2804 2806 2977 2861 ταῦτα
3005 2806 3169 2861 πάλιν
3236 2809 3631 2879 συλλογισμὸν,
3665 2809 3724 2863 δν
3749 2807 3832 2862 οὔ·

2250 2915 2356 2960 τως
2389 2898 2640 2966 ἐκτίθησι
2672 2898 2871 2967 λέγων,
2934 2938 2947 2947 .

2322 2993 2425 3057 νγ’.
2465 3006 2484 3039 ι
2523 2987 2586 3041 Εἰ
2619 2987 2713 3042 δύο
2741 2988 2817 3059 τῷ
2853 2990 3134 3060 Πνεῦματι
3158 2991 3227 3045 τὰ
3255 2991 3410 3049 αἴτια
3430 2995 3531 3066 τῆς
3555 2992 3837 3064 ἐκπορεύ-

2251 3094 2411 3145 σςως,
2439 3079 2507 3133 τὰ
2536 3078 2632 3132 καὶ
2664 3081 2732 3133 τά
2765 3078 3123 3153 ἀκολουθήσει
3156 3082 3226 3135 τά
3253 3081 3451 3150 ἄτοπα,
3492 3101 3511 3135 ι

2327 3171 2495 3226 Οὐδὲν
2529 3173 2716 3243 ἕτερον
2766 3175 2847 3237 εἰς
2875 3172 3098 3244 ἔλεγχον
3128 3173 3331 3240 ἰκανὸν,
3363 3175 3395 3247 ἢ
3429 3176 3536 3242 ὅτι,
3580 3177 3698 3232 ἀλλ’
3750 3175 3839 3230 οὗ·

2252 3264 2366 3328 δείς
2398 3265 2545 3317 ἐστιν
2574 3267 2600 3318 6
2629 3262 2807 3332 λέγων
2840 3264 2933 3319 δύο
2962 3264 3029 3319 τὰ
3060 3266 3153 3320 τοῦ
3184 3267 3507 3337 Πνεῦματος
3544 3270 3721 3323 αἰτιαο
3745 3267 3837 3322 καί

2252 3356 2445 3411 τούτου
2485 3356 2561 3428 μὴ
2612 3357 2863 3420 τεθέντος
2925 3357 3106 3428 μάτην
3171 3357 3336 3422 αὐτὸς
3392 3358 3708 3428 συμπλέκει
3748 3357 3837 3410 τὸν

2251 3449 2611 3522 ὁρμαθδντῶν
2639 3448 2895 3503 ἐντεῦθεν
2920 3449 3374 3519 ἀναφαινομένων
3400 3448 3651 3505 ἀτόπων.
3678 3448 3837 3504 Ἀλλά

2207 3610 2214 3617 κ
2253 3543 2348 3598 καὶ
2388 3542 2554 3596 πάλιν
2591 3542 2649 3595 ἐν
2682 3544 2748 3613 τῇ
2782 3541 2923 3611 μετά
2953 3540 3155 3611 μικρὸν
3188 3540 3402 3612 προόδῳ
3426 3540 3527 3594 τοῦ
3564 3543 3731 3609 λόγου
3763 3537 3837 3608 τῷ

2254 3635 2676 3706 ἀρχιεπισκόπῳ
2713 3631 2870 3699 οὗτος
2898 3634 3188 3704 διενοχλεῖ,
3220 3632 3593 3688 ὑποστατικδν
3641 3633 3838 3701 ἰδίωμα

2251 3727 2348 3782 τοῦ
2376 3728 2594 3798 Πατρὸς
2623 3726 2914 3795 ὀνομάζων
2938 3726 2997 3779 τὸ
3045 3727 3111 3780 ἐκ
3158 3725 3253 3779 τοῦ
3318 3724 3534 3795 Πατρδς
3581 3721 3728 3779 εἶναι
3782 3720 3840 3773 τὸ

2254 3819 2509 3887 Πνεῦμα,
2543 3819 2641 3874 καὶ
2681 3818 2888 3872 διθεταν
2949 3816 3204 3886 ἐγκαλῶν
3240 3817 3320 3889 τῷ
3362 3817 3586 3886 λέγοντι
3637 3816 3735 3871 καὶ
3780 3815 3844 3868 ἐκ

2252 3913 2354 3968 τοῦ
2388 3912 2522 3967 Υἰοῦ
2546 3908 2687 3966 εἶναι
2732 3910 2887 3967 αὑτό.
2930 3911 3041 3964 Καὶ
3067 3911 3094 3963 6
3138 3909 3315 3964 ταῦτα
3358 3910 3539 3978 λέγων
3581 3911 3688 3964 οὐκ
3728 3903 3843 3962 οἶδα

2256 4004 2433 4067 ποίοις
2458 4003 2772 4074 ἀντιϐλέψει
2797 4004 2910 4065 τοῖς
2943 4002 3246 4072 ὀφθαλμοῖς
3277 4001 3354 4072 τῷ
3387 4000 3846 4070 θεολογικωτάτῳ

2253 4097 2546 4169 Γρηγορίῳ
2585 4096 2662 4167 τῷ
2688 4095 2935 4166 Νύσσης,
2964 4094 3134 4148 πολὺν
3173 4093 3273 4162 μὲν
3309 4093 3632 4165 ποιουμένῳ
3657 4092 3766 4146 τῶν
3791 4092 3846 4143 ἐν

2256 4193 2321 4260 τῇ
2360 4189 2552 4260 Τριάδι
2586 4189 2871 4259 ῖδιοτήτων
2911 4186 3005 4240 τὸν
3025 4184 3207 4253 λόγον,
3244 4182 3305 4237 οὗ
3333 4182 3494 4237 τοῦτο
3514 4182 3576 4237 δὲ
3602 4185 3846 4238 ὑποστα-

2254 4281 2408 4336 τικδν
2448 4281 2645 4351 ἰδίωμα
2668 4277 2764 4333 τοῦ
2804 4276 3022 4348 Πατρδς
3053 4275 3289 4343 λέγοντι,
3312 4275 3453 4345 ὅπερ
3485 4276 3588 4329 καὶ
3610 4280 3640 4329 ὁ
3668 4276 3846 4342 Φουρ-

2255 4374 2374 4444 νῆς,
2405 4372 2466 4426 τὸ
2498 4367 2642 4424 εἰναι
2687 4367 2893 4440 δηλαδὴ
2944 4368 3006 4420 τὸ
3060 4365 3291 4437 Πνεῦμα
3344 4366 3409 4418 ἐκ
3451 4365 3551 4419 τοῦ
3612 4364 3861 4434 Πατρὸς,

2254 4467 2393 4521 ἀλλά
2451 4464 2643 4533 σαφῶς
2692 4462 2889 4530 ἰδίωμα
2937 4458 3031 4513 τοῦ
3088 4458 3303 4528 Πατρὸς
3350 4458 3708 4526 παριστῶντι
3766 4457 3846 4516 τ’»,

568 4542 752 4611 Patre,
793 4548 888 4603 sed
930 4548 1278 4617 apertissime
1313 4550 1704 4620 proprietatem
1764 4550 1946 4608 Patris
1974 4555 2146 4609 stabi-

2251 4558 2473 4627 Πατέρα
2500 4558 2593 4609 καὶ
2618 4553 2747 4609 ἄνευ
2777 4551 2957 4617 αἰτίας
2998 4546 3139 4604 εῖναι
3169 4549 3358 4603 αὐτόν’
3391 4551 3441 4601 εἰ
3476 4549 3535 4602 δὲ
3600 4550 3846 4603 ὑποστα-

578 4638 828 4703 lientem,
868 4654 992 4695 esse
1019 4639 1265 4705 Patrem,
1299 4657 1537 4713 eumque
1565 4644 1775 4715 absque
1800 4661 1964 4701 causa
2006 4662 2148 4702 esse.

569 4734 727 4799 Quod
762 4735 809 4790 si
850 4736 1255 4806 bypostaticam
1309 4740 1703 4809 proprietatem
1760 4739 1953 4797 Patris
2009 4743 2152 4798 hanc

570 4840 694 4879 esse
721 4826 995 4894 quispiam
1031 4826 1406 4895 aliirmaverit,
1451 4846 1573 4887 esse
1613 4833 1876 4902 Spiritum
1930 4851 1994 4889 ex
2049 4834 2155 4891 Pa-

572 4926 680 4979 tre,
746 4925 987 4972 attamen
1016 4917 1182 4974 Pater
1213 4920 1302 4975 bic
1331 4932 1520 4978 noster
1575 4923 1852 4996 Nyssenus
1880 4934 1932 4981 et
1968 4941 2034 4981 ex
2065 4926 2157 4980 Fi-

569 5008 649 5064 lio
681 5024 806 5064 esse
836 5010 1001 5065 tradit
1028 5012 1317 5082 Spiritum,
1348 5024 1402 5071 et
1425 5018 1571 5086 quod
1613 5018 1786 5087 magis
1832 5020 2155 5075 considera-

573 5103 721 5155 tione
759 5100 986 5170 dignum
1022 5114 1126 5170 est,
1175 5121 1283 5160 non
1320 5107 1374 5161 in
1427 5108 1553 5163 aliis
1593 5110 1711 5165 suis
1768 5110 2153 5175 orationibus,

574 5193 670 5249 sed
695 5193 749 5248 in
783 5194 987 5264 quibus
1014 5198 1192 5253 Patris
1214 5208 1267 5253 et
1293 5199 1416 5255 Filii
1460 5201 1811 5273 Spiritusque
1850 5202 2151 5257 discrimen

572 5285 828 5354 explicat,
868 5287 1152 5357 ipsamque
1170 5289 1409 5359 Spiritus
1457 5308 1584 5364 erga
1618 5292 1818 5347 Filium
1851 5294 2158 5363 proprieta-

575 5386 683 5433 tem
739 5378 1084 5435 determinat.
1118 5382 1309 5451 Itaque
1336 5385 1382 5440 si
1442 5394 1553 5440 tres
1614 5385 1974 5455 proprietates
2028 5400 2157 5439 san-

576 5493 700 5541 ctus
748 5501 851 5540 suo
908 5487 1103 5542 ordine
1151 5488 1476 5558 disponens,
1530 5488 1927 5559 proprietatem
1972 5487 2156 5545 Patris

576 5576 729 5641 dicit,
772 5576 982 5646 absque
1034 5593 1198 5633 causa
1247 5594 1371 5634 eum
1407 5593 1572 5634 esse:
1604 5578 1999 5649 proprietatem
2061 5578 2156 5633 Fi-

574 5666 657 5730 lii,
705 5682 770 5733 ex
827 5667 984 5725 Patre
1031 5684 1171 5733 esse,
1231 5679 1283 5724 et
1314 5671 1420 5725 boc
1485 5670 1869 5725 tantummodo
1918 5670 2157 5727 circum-

580 5759 723 5813 cludi
755 5761 1140 5829 proprietatem
1178 5759 1298 5816 Filii
1330 5769 1518 5830 aperte
1545 5761 1742 5817 docet:
1771 5762 2154 5832 proprietatem

596 5851 947 5922 postmodum
1008 5852 1338 5910 determinat
1391 5851 1632 5925 Spiritus
1663 5891 1678 5919 ,
1742 5869 1865 5913 esse
1912 5870 2035 5912 eum
2088 5870 2151 5912 ex

2256 4651 2410 4707 στικὸν
2443 4647 2643 4714 ἰδίωμα
2665 4645 2758 4698 τοῦ
2793 4642 3013 4713 Πατρὺς
3045 4641 3206 4696 τοῦτο
3243 4640 3393 4709 λέγει
3445 4658 3530 4703 τις
3565 4636 3734 4705 εἶναι,
3791 4639 3850 4691 τὸ

2254 4741 2396 4798 εἶναι
2428 4742 2487 4795 τὸ
2512 4737 2741 4807 Πνεῦμα
2768 4738 2832 4790 ἐκ
2855 4733 2951 4789 τοῦ
2986 4732 3221 4805 Πατρὸς,
3254 4732 3371 4787 ἀλλ’
3400 4733 3429 4786 6
3459 4732 3661 4803 Πατὴρ
3694 4730 3852 4803 ἡμῶν

2254 4835 2410 4898 οὗτος
2441 4835 2469 4886 6
2504 4831 2728 4899 Νύσσης
2756 4829 2853 4882 καὶ
2908 4828 2974 4880 ἐκ
2996 4825 3094 4881 τοῦ
3125 4824 3254 4879 Υἱοῦ
3287 4826 3439 4894 λέγει
3479 4825 3542 4878 τὸ
3595 4825 3852 4894 Πνεῦμα,

2257 4929 2352 4984 καὶ
2377 4927 2438 4980 τὸ
2463 4924 2528 4995 δὴ
2569 4921 2779 4993 μεῖζον,
2815 4920 3026 4975 ὅτιούκ
3057 4921 3115 4973 ἐν
3147 4918 3329 4981 ἄλλοις
3377 4917 3489 4971 τῶν
3521 4918 3703 4973 αὐτοῦ
3766 4917 3855 4971 λό-

2255 5038 2392 5090 γων,
2425 5018 2544 5071 ἀλλ’
2577 5017 2635 5068 ὲν
2656 5009 2739 5076 οἷς
2767 5013 2867 5082 τὴν
2894 5010 2990 5065 τοῦ
3015 5010 3232 5080 Πατρὸς
3268 5010 3409 5081 πρὸς
3440 5009 3534 5061 τὸν
3587 5010 3727 5063 rp”
3762 5009 3856 5063 καὶ

2254 5111 2317 5166 τδ
2342 5108 2569 5177 Πνεῦμα
2601 5105 2867 5176 διαφορὰν
2912 5103 3085 5174 δηλοῖ,
3115 5102 3212 5155 καὶ
3234 5101 3419 5173 αὐτὴν
3455 5100 3551 5154 τοῦ
3587 5102 3854 5170 Πνεῦμα-

2255 5222 2347 5267 τος
2371 5202 2511 5273 πρὸς
2534 5201 2627 5254 τὸν
2663 5200 2794 5254 Υἰὸν
2824 5197 3070 5266 ἰδιότητα
3100 5196 3323 5265 διαιρεῖ.
3355 5196 3531 5266 Εἴπερ
3563 5195 3733 5265 γοῦν,
3754 5195 3853 5255 τάς

2256 5298 2408 5365 τρεῖς
2439 5293 2714 5363 ἰδιότητας
2740 5292 2769 5345 6
2815 5289 2975 5359 ἅγιος
3006 5288 3396 5354 κατατάττων,
3438 5287 3700 5358 ἰδιότητα
3753 5285 3854 5355 μὲν

2256 5386 2349 5440 τοῦ
2377 5385 2591 5456 Πατρδς
2630 5383 2780 5452 λέγει
2807 5382 2869 5435 τὸ
2902 5382 3030 5436 ἄνευ
3065 5378 3250 5442 αἰτίας
3299 5375 3442 5432 εἶναι
3478 5377 3681 5444 αὐτὸν,
3729 5377 3858 5433 ἰδιό-

2256 5477 2585 5549 τηταδὲτοῦ
2622 5476 2755 5529 Υἱοῦ
2785 5474 2852 5527 τὸ
2890 5475 2955 5526 ἐκ
2985 5470 3082 5525 τοῦ
3110 5470 3327 5541 Πατρδς
3382 5466 3553 5533 εἶναι,
3615 5471 3719 5523 καὶ
3757 5467 3858 5539 μέ-

2257 5591 2351 5644 χρι
2376 5573 2568 5627 τούτου
2603 5572 2858 5625 ἵστασθαι
2896 5569 2972 5639 τῷ
2998 5568 3114 5638 Υἰῷ
3139 5569 3201 5621 τδ
3236 5567 3437 5635 ἰδίωμα
3461 5565 3727 5620 διδάσκει
3759 5583 3857 5619 σα-

2259 5664 2400 5735 φῶς,
2433 5664 2672 5733 ἰδιότητα
2705 5663 2762 5717 δὲ
2812 5660 2906 5715 τοῦ
2941 5660 3263 5731 Πνεῦματος
3324 5657 3738 5728 ἀποφαίνεται,
3793 5656 3855 5710 τὸ

2256 5758 2322 5811 ἐκ
2351 5757 2446 5811 τοῦ
2476 5756 2691 5827 Πατρὸς
2722 5756 2815 5809 καὶ
2833 5756 2899 5809 ὲκ
2926 5753 3022 5808 τοῦ
3049 5752 3181 5805 Υἰοῦ
3215 5749 3358 5804 εἰναι
3416 5749 3580 5816 αὐτὸ,
3627 5751 3752 5813 πῶς
3796 5749 3857 5803 οὗ

2265 5849 2559 5922 προφανῶς
2632 5848 2903 5917 ἀντιλέγει
2965 5844 3042 5917 τῷ
3102 5844 3323 5916 Νύσσης
3366 5844 3394 5897 6
3470 5840 3860 5897 ὑποστατικδν
