4058 6414
267 463 368 532 125

1363 465 1460 526 DE
1503 461 1805 526 UNIONE
1843 459 2404 524 ECCLESIARUM-

3428 459 3525 524 Eii

265 582 468 650 ἰδίωμα
517 579 614 634 τοῦ
642 577 863 650 Πατρδς
891 577 1068 648 λέγων
1096 577 1156 630 τὸ
1206 578 1270 632 ὲκ
1290 577 1384 631 τοῦ
1429 577 1645 647 Πατρδς
1701 571 1842 628 εἶναι

1969 576 2108 632 ’atre
2149 583 2202 631 et
2225 589 2287 628 ex
2322 573 2486 633 Filio.
2513 586 2624 642 quo
2658 583 2816 642 pacto
2865 571 3040 643 palam
3096 589 3202 628 non
3242 579 3524 630 contradi-

259 671 327 724 τὺ
353 670 604 739 Ilva-ipa;
633 669 742 723 Καὶ
778 669 866 722 ἵνα
893 667 966 740 μὴ
1004 669 1098 738 ἀφ’
1129 668 1344 722 ἑαυτῶν
1361 669 1502 738 τάχα
1527 668 1596 721 τὰ
1618 664 1845 720 τοιαῦτα

260 761 600 814 πλάττεσθαι
651 759 936 829 δόξαιμεν,
979 759 1079 828 τὴν
1135 757 1442 830 περικοπὴν
1479 757 1588 810 τῶν
1633 755 1844 810 ἐκείνου

263 851 484 926 ῥητῶν,
510 849 579 922 ἣν
603 852 664 904 ὲν
692 853 762 922 τῇ
798 849 879 914 είς
907 847 968 903 τὸ
1005 847 1198 918 Πάτερ
1235 849 1408 919 ἡμῶν
1443 847 1630 920 ὁμιλίᾳ
1678 844 1846 902 αὐτοῦ

259 959 456 1015 φησιν,
481 939 552 1016 ἧς
578 941 612 1013 ἡ
639 941 809 1014 ἀρχὴ,
851 960 872 993 ι
911 941 1042 995 Ὅτε
1073 941 1356 1012 προσῆγεν
1381 943 1410 994 ὁ
1435 940 1611 1012 μέγας
1640 938 1848 1008 Μωσῆς

258 1039 332 1105 τῇ
349 1033 496 1088 κατὰ
524 1034 588 1086 τί,
601 1034 727 1103 ὅρος
765 1032 1132 1104 μυσταγωγίᾳ
1159 1032 1248 1086 τὸν
1277 1031 1625 1104 ’Ῑσραηὶίτην
1655 1029 1806 1095 λαὸν,
1824 1048 1842 1082 ι

264 1121 506 1178 ἐνταῦθα
538 1122 858 1193 ἐκθήσομεν
879 1123 976 1176 καὶ
1007 1123 1170 1177 πάλιν
1196 1123 1273 1186 ὡς
1330 1123 1622 1194 πρότερον,
1678 1120 1850 1184 οὕτως

263 1217 362 1269 ἐπὶ
394 1214 598 1280 λέξεων
630 1214 1054 1284 ἔχουσανοιὊτε
1087 1214 1196 1288 γὰρ
1241 1213 1370 1274 Tib;
1409 1217 1472 1267 ἐκ
1503 1213 1598 1268 τοῦ
1639 1212 1852 1282 Πατρδς

265 1306 490 1378 ἐξῆλθε,
519 1303 706 1370 καθώς
735 1323 900 1378 φησιν
924 1305 1140 1377 Γραφὴ,
1164 1307 1340 1360 καὶτὸ
1369 1306 1597 1376 Πνεῦμα
1637 1307 1701 1360 ἐκ
1756 1305 1851 1359 τοῦ

266 1397 407 1451 Θεοῦ
433 1399 530 1452 καὶ
565 1397 717 1468 παρὰ
747 1394 842 1450 τοῦ
869 1397 1086 1468 Πατρὸς
1103 1397 1490 1469 ἐκπορεύεται,
1521 1398 1639 1452 ἀλλ’
1661 1398 1852 1467 ὥσπερ

267 1490 330 1542 τὸ
359 1489 492 1544 ἄνευ
524 1487 704 1550 αἰτίας
737 1483 880 1542 εἶναι
907 1488 1074 1556 μόνου
1101 1488 1195 1540 τοῦ
1224 1488 1437 1560 Πατρὸς
1497 1485 1580 1552 ὃν,
1617 1486 1692 1558 τῷ
1737 1485 1854 1558 Υἱῷ

269 1583 367 1634 καὶ
397 1580 478 1650 τῷ
519 1581 806 1650 Πνεῦματι
842 1581 1262 1652 ἐφαρμοσθῆναι
1297 1583 1356 1636 οὐ
1393 1582 1642 1644 δύναται,
1679 1581 1854 1645 οὕτως

272 1673 334 1726 τὸ
354 1672 618 1742 ἔμπαλιν,
648 1671 709 1726 ca
748 1672 808 1738 ἐξ
843 1673 1027 1736 αἰτίας
1051 1669 1194 1728 εἶναι
1223 1675 1362 1744 ὅπερ
1395 1674 1526 1728 ίδιόν
1575 1677 1693 1729 ἐστι
1758 1671 1854 1728 τοῦ

276 1762 406 1818 Υἱοῦ
437 1764 532 1817 καὶ
560 1762 657 1816 τοῦ
680 1761 1023 1834 Πνεῦματος,
1058 1766 1138 1836 τῷ
1165 1765 1344 1836 Πατρί
1411 1765 1856 1836 ἐπιθεωρηθῆναι

282 1854 442 1923 φύσιν
479 1855 574 1908 οὐκ
603 1853 737 1923 ἔχει·
773 1853 959 1908 κοινοῦ
997 1855 1056 1908 δὲ
1104 1856 1261 1920 ὄντος
1301 1855 1380 1927 τῷ
1442 1857 1564 1928 Υίῷ
1627 1859 1724 1910 καὶ
1779 1858 1856 1929 τῷ

277 1945 560 2016 Πνεῦμα-ει
593 1945 688 2000 τοῦ
723 1946 798 2018 μὴ
835 1946 1151 2018 ἀγεννῆ-τως
1173 1943 1340 2026 εἶναι,
1378 1950 1454 2012 ὡς
1503 1949 1568 2002 ἂν
1657 1951 1732 2019 μή
1771 1965 1856 2012 τις

270 2037 544 2107 σύγχυσις
593 2037 724 2108 περὶ
778 2037 840 2092 τὸ
887 2039 1251 2110 ὑποκείμενον
1309 2039 1635 2113 θεωρηθείη,
1692 2039 1856 2096 πάλιν

265 2129 425 2184 ἐστιν
451 2129 692 2200 ἄμικτον
717 2130 818 2200 τὴν
859 2131 917 2183 ὲν
957 2132 1071 2192 τοῖς
1109 2130 1403 2201 ίδιὼμασιν
1436 2131 1618 2186 αὐτῶν
1667 2131 1858 2200 διαφο-

267 2223 378 2294 ρὰν
403 2222 678 2294 ἐξευρεῖν,
707 2223 782 2286 ὡς
808 2221 876 2276 ἂν
909 2222 1006 2276 καὶ.
1037 2221 1098 2276 τὸ
1154 2223 1336 2276 κοινὸν
1391 2221 1718 2294 φυλαχθείη,
1761 2226 1858 2276 καὶ

262 2315 328 2368 τι
363 2314 501 2368 ἴδιον
525 2313 606 2386 μὴ
641 2313 961 2385 συγχυθείη·
995 2316 1022 2368 ὁ
1045 2313 1154 2385 γὰρ
1193 2313 1486 2386 μονογενὴς
1505 2315 1635 2378 Υἱὸς
1669 2315 1734 2368 ὲκ
1763 2313 1857 2368 τοῦ

266 2403 494 2474 Πατρδς
529 2404 685 2476 παρὰ
725 2405 824 2474 τῆς
873 2404 1039 2472 ἁγίας
1098 2405 1328 2475 Γραφῆς
1367 2405 1720 2476 ὀνομάζεται,
1763 2407 1859 2460 καὶ

268 2495 448 2566 μέχρι
479 2495 676 2549 τούτου
705 2495 912 2564 ὁλὸγος
941 2495 1155 2566 ἵστησιν
1185 2495 1337 2564 αὐτῷ
1375 2497 1436 2550 τὸ
1468 2497 1686 2566 ἰδίωμα³
1714 2497 1776 2550 τὸ
1801 2497 1858 2548 δὲ

265 2584 434 2653 ἅγιον
464 2582 700 2654 Πνεῦμα
729 2584 827 2638 καὶ
857 2585 922 2638 ἐκ
951 2583 1046 2637 τοῦ
1099 2582 1316 2655 Πατρὸς
1359 2583 1602 2652 λέγεται,
1651 2581 1749 2636 καὶ⁹
1795 2582 1860 2635 ἐκ

265 2677 367 2732 τοῦ
396 2675 534 2732 Υἰοῦ
553 2675 697 2731 εἶναι
725 2679 1262 2748 προσμαρτυρεῖται.
1293 2675 1354 2729 Ei
1388 2675 1499 2745 γάρ
1523 2691 1606 2736 τις
1635 2673 1862 2744 Πνεῦμα

267 2767 526 2840 Χριστοῦ
566 2768 668 2822 οὐκ
691 2767 830 2838 ἔχει,
864 2768 1052 2838 φησιν,
1090 2761 1249 2830 οὗτος
1302 2767 1404 2820 οὐκ
1453 2765 1604 2819 ἔστιν
1668 2765 1859 2822 αὐτοῦ.

270 2859 493 2914 Οὐκοῦν
527 2859 584 2913 τὸ
611 2860 710 2927 μὲν
743 2859 973 2929 Πνεῦμα
999 2858 1060 2910 τὸ
1083 2859 1149 2910 ἐκ
1179 2856 1276 2911 τοῦ
1310 2857 1446 2911 Θεοῦ
1486 2855 1546 2910 ὃν
1593 2856 1690 2911 καὶ
1731 2857 1864 2930 Χριι

273 2952 409 3008 στοῦ
444 2951 678 3023 Πνεῦμά
711 2955 884 3006 ἐστιν·
917 2953 944 3005 ὁ
967 2951 1024 3004 δὲ
1059 2952 1208 3018 Υίδς,
1231 2954 1296 3006 ἐκ
1328 2951 1423 3004 τοῦ
1449 2951 1588 3004 Θεοῦ
1624 2949 1723 3019 ὢν,
1775 2952 1865 3006 οὐ·

271 3045 400 3099 κέτι
433 3043 532 3098 καὶ
563 3027 1010 3112 τοῦ-Πνεῦματος
1055 3039 1180 3094 οὔτε
1231 3039 1404 3106 ἔστιν,
1451 3037 1577 3093 οὔτε
1611 3033 1864 3108 λέγεται,

275 3137 398 3190 οὐδὲ
419 3135 778 3204 ἀντιστρέφει
799 3135 832 3202 ή
855 3132 1078 3203 executi;
1103 3130 1244 3201 αῦτη
1268 3130 1866 3185 ἁκολουθῗα.›Τοιαῦτα

1951 667 2024 721 cit
2051 663 2322 736 Nysseno,
2355 664 2448 732 qui
2511 664 2908 735 hyposl‘aticam
2935 667 3318 734 praprietatcm
3351 667 3528 722 Patris

1957 759 2227 824 decernit,
2265 773 2332 814 ex
2371 756 2532 812 Patre
2570 772 2690 812 esse
2723 757 3006 826 Spiritum.
3049 758 3111 813 Et
3167 775 3234 814 ne
3296 761 3530 816 fortasse

1949 851 2238 907 videamur
2262 867 2328 907 ex
2351 851 2509 906 nobis
2531 849 2666 920 ipsis
2698 851 2812 906 haec
2845 852 3188 918 contingere,
3223 853 3376 910 illius
3399 870 3526 909 ver-

1951 941 2146 997 borum
2179 941 2402 1002 seriem,
2447 955 2610 1008 quam
2669 939 2760 993 ille
2795 939 2849 993 in
2907 940 3220 994 Orationem
3277 939 3528 996 Domini-

1953 1051 2073 1091 cam
2109 1032 2338 1088 llomilia
2371 1032 2663 1102 disposuit,
2711 1031 2871 1096 cujus
2931 1033 3286 1102 principium.
3324 1053 3343 1086 ι
3389 1035 3524 1088 Cum

1955 1129 2290 1186 conduceret
2317 1141 2549 1196 magnus
2567 1122 2783 1194 Moyses
2803 1125 2856 1178 in
2884 1135 3067 1180 monte
3092 1125 3233 1180 facta
3257 1136 3533 1198 mystago—

1955 1219 2042 1290 gia
2066 1217 2430 1273 Israeliticum
2464 1213 2782 1286 populumn
2811 1213 2900 1268 hic
2929 1215 3148 1281 iterum,
3176 1225 3236 1270 ιιι
3263 1226 3316 1270 οι
3346 1228 3528 1278 antea,

1956 1325 2292 1382 apponemus
2315 1308 2464 1362 hisce
2497 1308 2678 1362 verbis
2699 1307 2995 1376 digestam:
3029 1326 3052 1358 ι·
3089 1307 3225 1362 Cum
3257 1309 3400 1362 enim
3438 1307 3530 1363 Fi-

1955 1402 2060 1456 lius
2084 1418 2149 1455 ex
2179 1401 2340 1454 Patre
2363 1400 2550 1464 exivit,
2588 1407 2648 1453 ut
2675 1397 2956 1467 Scriptura
2997 1399 3182 1462 tradit,
3215 1409 3268 1453 et
3284 1399 3525 1470 Spiritus

1959 1509 2022 1549 ex
2057 1493 2167 1548 Deo
2192 1501 2246 1548 et
2281 1491 2440 1546 Patre
2479 1490 2747 1562 procedit,
2775 1491 2868 1544 sed
2898 1490 3358 1560 quemadmodum
3403 1492 3534 1546 ahs—

1955 1601 2064 1654 que
2092 1600 2260 1641 causa
2303 1598 2444 1646 esse,
2489 1583 2662 1638 solius
2697 1583 2876 1637 Patris
2907 1591 3010 1646 est,
3041 1583 3188 1651 quod
3231 1598 3410 1653 neque
3442 1583 3534 1638 Fi~

1956 1677 2055 1740 lio,
2085 1693 2262 1745 neque
2295 1675 2520 1746 Spiritui
2547 1674 2792 1745 adoptari
2827 1684 3024 1744 potest.
3066 1676 3145 1728 sie
3206 1675 3322 1732 vice
3352 1692 3534 1742 versa,

1959 1787 2209 1827 excausa
2243 1784 2387 1834 esse,
2418 1767 2561 1836 quod
2583 1751 2668 1821 e-st
2705 1765 2985 1836 proprium
3039 1765 3162 1820 Filii
3196 1765 3534 1836 etSpiritus,

1961 1864 2027 1919 de
2089 1862 2252 1916 Patre
2313 1859 2544 1930 intelligi
2599 1859 2840 1913 alienum
2891 1873 2920 1912 a
2985 1869 3178 1913 natura
3235 1868 3342 1914 est.
3394 1859 3530 1918 Cum

1958 1972 2088 2013 vero
2119 1953 2256 2010 Filio
2296 1964 2349 2008 et
2381 1951 2606 2023 Spiritui
2643 1967 2934 2006 commune
2964 1951 3058 2010 sit.
3111 1953 3382 2020 ingenitas
3429 1970 3536 2009 non

1959 2063 2082 2104 esse
2107 2089 2122 2114 ,
2151 2063 2219 2103 ne
2251 2045 2502 2102 confusio
2570 2043 2716 2098 circa
2764 2043 3070 2112 subjectum
3135 2043 3538 2113 introducatur,

1961 2157 2156 2198 rursus
2209 2148 2390 2211 potest
2457 2137 2698 2193 immista
2754 2135 2807 2189 in
2863 2151 3052 2191 eorum
3109 2137 3536 2207 proprietatibus

1960 2233 2281 2294 differentia!
2321 2231 2574 2303 reperiri,
2600 2241 2658 2286 ut
2698 2242 2752 2286 et
2813 2246 3108 2285 commune
3163 2239 3537 2294 conservetur,

1963 2332 2016 2378 et
2063 2323 2345 2394 proprium
2381 2337 2488 2376 non
2537 2319 2926 2376 confundatur.
2973 2319 3220 2390 Namque
3273 2320 3534 2389 unigeni-

1965 2427 2054 2472 tus
2089 2415 2262 2471 Filius
2289 2430 2353 2471 ev
2389 2414 2548 2468 Patre
2588 2429 2686 2483 per
2718 2413 3056 2483 Scripturam
3114 2427 3324 2467 sacram
3398 2413 3538 2466 dici-

1966 2519 2074 2574 tur,
2137 2523 2235 2562 nec
2293 2507 2436 2561 ultra
2489 2505 2608 2560 hoc'
2651 2505 2798 2560 illius
2895 2506 3284 2573 proprietatem
3363 2503 3538 2558 oratio

1964 2600 2232 2656 extendit.
2259 2599 2496 2668 Spiritus
2545 2611 2671 2650 vero
2707 2605 2936 2651 sanctus
2986 2605 3039 2649 et
3092 2609 3156 2648 ex
3198 2593 3359 2648 Patre
3405 2592 3542 2648 dici-

1966 2701 2054 2746 tur
2113 2700 2167 2746 et
2236 2706 2301 2744 ex
2361 2689 2500 2743 Filio
2551 2703 2673 2743 esse
2694 2687 2980 2742 astruitur.
3015 2685 3069 2739 Si
3107 2685 3232 2754 quis
3253 2685 3396 2738 enim
3418 2684 3542 2754 Spi-

1968 2785 2134 2840 ritum
2190 2781 2394 2837 Christi
2453 2797 2561 2834 nou
2599 2780 2784 2841 habet,
2829 2777 3030 2846 inquit,
3088 2777 3174 2831 hic
3211 2783 3433 2830 nonest
3476 2775 3538 2827 il-

1967 2877 2092 2930 lius.
2143 2874 2330 2944 Itaque
2367 2871 2630 2940 Spiritus.
2657 2869 2750 2940 qui
2795 2885 2860 2924 ex
2919 2867 3029 2922 Deo
3071 2875 3174 2932 est,
3231 2878 3282 2921 ct
3338 2865 3540 2920 Christi

1970 2965 2208 3037 Spiritus
2233 2973 2317 3021 est
2343 2983 2358 3030 ;
2386 2963 2561 3018 Filius
2595 2963 2686 3032 qui
2721 2977 2786 3016 ex
2825 2960 2936 3016 Deo
2958 2956 3327 3028 est,Spiritus
3365 2970 3542 3026 neque

1969 3068 2075 3125 cst,
2116 3073 2294 3131 neque
2329 3056 2552 3119 dicitur,
2592 3068 2767 3122 neque
2821 3051 3156 3106 convertitur
3184 3049 3406 3104 relativa
3439 3048 3542 3103 ista

1971 3153 2217 3222 sequela.
2260 3169 2278 3204 ι
2347 3147 2472 3203 Haec
2505 3156 2700 3203 sancto
2737 3147 2842 3199 isto
2893 3143 3056 3199 Patre
3088 3142 3154 3197 de
3204 3141 3540 3210 proprietati-

278 3229 372 3284 τοῦ
407 3229 574 3298 ἁγίου
607 3225 805 3282 τούτου
837 3226 967 3296 περὶ
1001 3226 1110 3280 τῶν
1139 3225 1418 3294 ἰδιοτήτων
1459 3222 1862 3292 θεολογοῦντος,

1971 3247 2078 3302 bus
2105 3243 2308 3300 divinis
2347 3243 2694 3301 decernente,
2729 3246 2782 3290 et
2831 3236 3004 3306 palam
3035 3234 3426 3304 proprietatem
3460 3230 3532 3284 Fi-

281 3325 376 3376 καὶ
406 3321 603 3390 σαφῶς
623 3321 705 3384 εἰς
741 3320 986 3390 ἰδιότητα
1019 3319 1118 3389 μὲν
1143 3317 1238 3371 τοῦ
1265 3315 1398 3370 Υἱοῦ
1431 3315 1742 3386 τιθεμένου,
1768 3315 1864 3370 τοῦ

279 3421 344 3474 ἐκ
365 3417 464 3472 τοῦ
487 3415 706 3486 Πατρδς
727 3407 870 3468 εἶναι
888 3409 1400 3481 αὑτὸν,ίδιὸτητα”δὶ
1429 3409 1526 3464 τοῦ
1547 3409 1688 3464 Πνεύ
1699 3427 1866 3481 ματος

279 3507 680 3582 ὁμολογοῦντος
697 3505 914 3577 τρανῶς
932 3505 991 3560 τὸ
1007 3507 1072 3559 ὲκ
1083 3503 1178 3558 τοῦ
1199 3503 1415 3574 [lat-:95;
1432 3501 1563 3558 αὐτὸ
1579 3500 1862 3570 λέγεσθαι,

282 3606 379 3658 καὶ
403 3607 472 3657 ὲκ
493 3600 593 3656 τοῦ
629 3599 764 3654 Υἱοῦ
835 3591 974 3652 εἶναι
1014 3596 1584 3668 προσμαρτυρεῖσθαι,
1631 3594 1806 3666 μάτην
1841 3595 1870 3648 ὁ

277 3696 528 3766 Φουρνῆς
553 3691 926 3748 ὐποστατικδν
972 3689 1171 3758 ἰδίωμα
1214 3688 1310 3744 τοῦ
1360 3688 1578 3758 Πατρδς
1610 3685 1870 3757 ὀνομάζει

279 3791 342 3843 τὸ
378 3790 447 3841 ἐκ
479 3783 576 3839 τοῦ
611 3782 826 3854 Πατρὸς
882 3777 1024 3834 εἶναι
1049 3779 1108 3834 τὸ
1149 3779 1396 3850 Πνεῦμα.
1422 3779 1563 3848 Πρὸς
1587 3778 1644 3831 δὲ
1683 3777 1750 3831 τὰ
1778 3779 1877 3846 ἑφ-

279 3882 412 3950 εξῆς
431 3879 544 3934 τῶν
561 3873 947 3944 συλλογισμῶν
973 3874 1056 3938 τίς
1078 3873 1178 3926 οὐκ
1211 3872 1551 3944 ὲρυθριὰσει;
1575 3872 1742 3940 Λέγει
1764 3871 1873 3940 γὰρ

282 3969 743 4040 συλλογιζόμενος
811 3960 968 4030 οὗτος
1007 3965 1142 4034 πρὸς
1169 3963 1258 4017 τὸν
1289 3963 1440 4034 αὐτῷ
1468 3963 1820 4030 ἀντιλέγοντα
1849 3975 1864 3992 ⁶

353 4066 452 4118 νδ¹.
477 4082 498 4114 ι
528 4064 589 4116 Εἰ
613 4061 668 4116 δὲ
693 4059 781 4114 διὰ
805 4057 966 4111 τοῦτο
995 4059 1060 4109 ὲκ
1083 4041 1178 4109 τοῦ
1204 4055 1334 4110 Υίοῦ
1357 4055 1532 4124 λέγεις
1549 4056 1608 4108 τὺ
1625 4054 1870 4124 Πνεῦμα,

281 4159 367 4212 ὅτι
401 4155 636 4222 Πνεῦμα
661 4150 796 4205 Υἰοῦ
825 4148 1074 4218 λέγεται,
1099 4147 1154 4199 τί
1185 4149 1314 4218 περὶ
1344 4145 1440 4200 τοῦ
1482 4146 1684 4216 Ἰωσὴφ
1717 4145 1875 4218 ἐροῦ-

287 4268 415 4319 μεν,
451 4245 702 4306 εἰπόντες
737 4242 851 4304 τοῖς
887 4239 1160 4309 ἀδελφοῖς,
1195 4237 1290 4307 Μὴ
1323 4235 1611 4306 φοϐείσθευ
1646 4237 1742 4290 τοῦ
1763 4237 1874 4308 γὰρ

283 4341 424 4398 Θεοῦ
457 4341 579 4408 εἰμι
599 4335 751 4406 ὲγώ;
785 4334 879 4405 Μὴ
905 4334 995 4388 τὸν
1037 4333 1236 4402 Ἰωσὴφ
1269 4332 1370 4402 τὴν
1419 4329 1658 4402 ὓπαρξιν
1690 4331 1753 4384 ἐκ
1773 4331 1876 4395 τῆς

283 4435 442 4496 θείας
497 4429 720 4500 φύσεως
767 4425 1068 4496 ἐσχηκέναι
1115 4423 1456 4492 νομίζομεν;
1497 4421 1606 4474 Καὶ
1641 4417 1732 4472 τοῦ
1767 4421 1874 4472 Δα-

283 4529 370 4582 uls
413 4524 692 4587 εἰπόντος,
749 4538 768 4572 ι
811 4520 921 4572 Τοῦ
985 4517 1196 4588 Κυρίου
1229 4517 1264 4585 ὴ
1324 4513 1421 4584 γῆ,
1456 4533 1476 4566 ι
1514 4513 1590 4584 μὴ
1642 4515 1707 4565 ἐκ
1772 4512 1875 4580 τῆς

286 4619 446 4681 θείας
479 4615 702 4684 φύσεως
733 4607 878 4665 εἶναι
912 4610 1086 4680 αὐτὴν
1109 4607 1393 4676 δώσομεν;

355 4706 542 4764 Βαὸαί
579 4705 593 4759 !
629 4704 776 4757 πόσα
818 4702 846 4753 ὁ
881 4700 1022 4754 κατὰ
1071 4700 1180 4753 τῶν
1229 4697 1476 4768 ἀδελφῶν
1527 4696 1714 4760 ἄδικος
1743 4713 1884 4765 παρη

284 4801 529 4873 τιξυσμός
553 4797 818 4862 δύναται;
849 4793 907 4846 Εἰ
934 4793 1008 4863 μὴ
1031 4793 1140 4862 γὰρ
1159 4791 1217 4858 ἑξ
1249 4789 1483 4861 ἀκαίρου
1517 4789 1611 4842 καὶ
1641 4789 1883 4860 παραλό-

285 4915 386 4966 γου
414 4892 590 4962 ζήλου
621 4885 690 4958 ἦν
721 4885 1027 4952 ἀντιλογία,
1093 4883 1226 4936 πότε
1261 4881 1363 4934 an
1390 4879 1618 4933 τοιαῦτα
1667 4879 1883 4948 εἰρήκει

285 4988 471 5056 λόγοις
502 4982 602 5037 καὶ
633 4983 702 5052 τῇ
727 4981 789 5032 ἐκ
821 4977 999 5044 λόγων
1031 4975 1193 5044 σοφίᾳ
1225 4973 1666 5043 ἐντεθραμμένος
1693 4971 1874 5040 ἀνήρς

287 5081 402 5135 Καὶ
430 5079 461 5131 ὃ
495 5075 554 5129 δὲ
585 5069 844 5140 ἐπιφέρει
869 5068 982 5128 τοῖς
1007 5065 1350 5138 εἰρημένοις,
1401 5063 1526 5116 οὐδὲ
1562 5061 1720 5114 τοῦτο
1769 5059 1881 5112 ἀπὸ

290 5169 588 5242 αἰσχύνης.
644 5165 809 5234 Λέγει
843 5161 954 5232 γάρ
977 5177 992 5190 ’
1035 5178 1055 5212 ι
1098 5159 1212 5212 Πᾶν
1245 5159 1383 5228 ὅπερ
1439 5156 1585 5216 τινος
1615 5151 1758 5207 εἶναι
1785 5153 1878 5206 λέ-

293 5281 474 5333 γεται.
505 5257 700 5312 οὐκέτι
755 5255 852 5307 καὶ
881 5251 944 5316 ἐξ
965 5250 1133 5305 αὐτοῦ
1161 5246 1307 5304 εἶναι
1334 5249 1578 5319 ἀνάγκη.
1621 5265 1640 5296 ›
1677 5246 1785 5300 Καὶ
1815 5244 1876 5296 οὐ

293 5356 536 5411 συνιδεῖν
583 5347 919 5418 διεσκέψατο
981 5345 1044 5398 τὸ
1093 5345 1196 5414 τῆς
1279 5341 1603 5412 προτάσεως
1661 5337 1878 5408 ψεῦδος.

292 5449 432 5506 Οὐδὲ
462 5447 577 5516 γὰρ
603 5441 813 5512 ἀληθὴς
865 5439 899 5510 ὴ
931 5439 1167 5507 λέγουσα
1200 5435 1485 5506 πρότασις,
1530 5450 1548 5478 α
1586 5433 1701 5484 Πᾶν
1745 5430 1883 5500 ὅπερ

293 5543 482 5605 τινδς.
539 5537 726 5592 οὐκέτι
790 5535 885 5588 καὶ
943 5531 1003 5596 ἐξ
1063 5525 1448 5584 αὖτοῦ·»ὰ.λλ’
1507 5527 1539 5596 ἡ
1597 5523 1829 5591 λέγουσα
1865 5560 1880 5584 ,

300 5655 322 5690 ι
362 5638 439 5692 οὐ
462 5635 576 5686 πᾶν
614 5632 752 5698 ῠπερ
809 5626 974 5688 τινος.
1035 5624 1138 5694 ἥδη
1185 5621 1280 5675 καὶ
1343 5618 1402 5686 ἐξ
1455 5615 1648 5672 αὐτοῦ.
1683 5635 1702 5666 ι
1747 5614 1884 5668 Τινὰ

301 5728 399 5798 μὲν
455 5723 850 5795 εὑρεθήσονται
917 5717 1013 5771 καὶ
1069 5717 1211 5778 τινος
1269 5713 1420 5776 ὄντα,
1485 5714 1572 5764 κα·⁸
1615 5709 1674 5773 ἐξ
1715 5706 1881 5760 αὐτοῦ

302 5793 378 5886 μὴ
402 5793 558 5879 ὄντα,
591 5793 666 5876 ὡς
689 5811 758 5866 τὰ
787 5808 986 5871 ἔξωθεν
1007 5806 1106 5876 τῆς
1136 5803 1354 5872 φύσεως
1379 5800 1512 5854 ὄντα
1541 5800 1704 5863 τινος,
1769 5793 1882 5850 οἷον

299 5907 362 5960 τὸ
386 5905 529 5970 τινὸς
561 5903 800 5974 ἱμάτιον,
827 5900 922 5953 καὶ
955 5899 989 5966 ἡ
1018 5895 1164 5960 τινὸς
1195 5894 1374 5965 κλίνη,
1401 5894 1495 5946 καὶ
1535 5891 1601 5946 τὰ
1628 5889 1876 5946 τοιαῦτα.

1974 3339 2032 3394 lii
2064 3333 2477 3408 praescribente,
2504 3345 2628 3384 eum
2673 3344 2736 3383 ex
2780 3327 2941 3382 Patre
2975 3339 3122 3389 esse,
3149 3333 3204 3378 et
3250 3325 3523 3393 proprieta

1978 3439 2083 3486 tem
2117 3427 2354 3499 Spiritus
2388 3423 2700 3479 affirmante
2737 3419 2960 3482 diserte,
2989 3433 3052 3472 ex
3085 3416 3244 3472 Patre
3267 3431 3390 3470 eum
3416 3415 3549 3478 dici,

1975 3531 2029 3576 et
2053 3535 2119 3574 ex
2159 3517 2298 3572 Filio
2330 3529 2451 3569 esse
2479 3511 2677 3574 astrui,
2713 3521 2916 3564 temere
2961 3507 3212 3561 Phurnes
3245 3505 3549 3575 hypostati-

1977 3627 2096 3668 cam
2126 3607 2514 3680 proprietatem
2543 3602 2720 3656 Patris
2753 3609 2934 3664 vocat,
2969 3615 3030 3652 ex
3069 3597 3230 3652 Patre
3256 3611 3380 3653 cssc
3429 3595 3550 3666 Spi-

1979 3703 2168 3758 ritum.
2236 3697 2540 3768 Sequentes
2592 3709 2724 3748 vero
2763 3692 3108 3764 syllogismos
3159 3689 3285 3760 quis
3347 3689 3552 3758 absque

1979 3795 2183 3850 rubore
2213 3787 2565 3862 pereurrret?
2592 3785 2950 3840 Ratiocinans
2985 3785 3129 3838 cnim
3163 3783 3252 3838 hic
3287 3784 3552 3838 adversus

1979 3883 2443 3942 contradicentem
2473 3877 2699 3935 scribit:

2051 4043 2142 4100 54.
2187 4061 2206 4095 ι
2249 4038 2402 4108 Quod
2445 4039 2489 4092 si
2524 4042 2806 4106 propterea
2839 4031 2996 4095 dicis,
3019 4028 3282 4100 Spiritum
3313 4045 3376 4084 ex
3412 4029 3550 4084 Filio

1979 4151 2122 4202 esse,
2153 4135 2295 4205 quod
2329 4131 2568 4200 Spiritus
2602 4127 2722 4180 Filii
2773 4124 2996 4188 dicitur,
3039 4121 3166 4192 qui'd
3206 4121 3272 4175 de
3309 4119 3550 4190 Jnsepho

1980 4227 2250 4286 dicemus,
2274 4223 2365 4294 qui
2401 4221 2666 4286 fratribus
2703 4222 2800 4279 ait,
2825 4213 2904 4270 Nc
2935 4214 3171 4268 timeatis
3201 4229 3214 4264 :
3277 4212 3370 4265 Dei
3405 4214 3550 4266 enim

1980 4335 2082 4390 ego
2109 4316 2278 4374 sum?
2321 4314 2462 4368 Num
2487 4311 2782 4381 Joscphutn
2832 4307 3210 4362 exsistentiam
3260 4320 3324 4358 ex
3371 4305 3554 4358 divina

1981 4419 2175 4466 natura
2193 4407 2446 4464 habuisse
2469 4401 2793 4473 opinemur?
2825 4398 2888 4453 Et
2912 4396 3117 4452 Davide
3142 4396 3376 4458 dicente,
3406 4413 3424 4446 ι
3453 4394 3556 4447 Do-

1983 4505 2116 4558 mini
2163 4511 2330 4562 terra,
2368 4513 2496 4552 num
2531 4513 2596 4552 ex
2624 4494 2804 4550 divina
2841 4497 3036 4546 natura
3069 4502 3190 4544 esse
3209 4501 3328 4542 eam
3359 4499 3556 4540 concc-

1907 4601 1956 4660 ι)
1983 4593 2222 4650 demus?
2262 4613 2279 4644 ι

2055 4683 2242 4755 Papae!
2281 4681 2429 4749 Quas
2459 4681 2724 4735 adversus
2757 4674 2952 4728 fratres
2973 4671 3176 4743 injusta
3205 4667 3556 4724 cxaeerbatio

1984 4783 2128 4836 vires
2167 4777 2369 4832 habet?
2406 4773 2522 4828 Nisi
2585 4771 2728 4827 enim
2781 4785 2846 4823 ex
2905 4765 3288 4833 intempestivo
3341 4760 3559 4814 irratio-

1984 4851 2206 4942 ualique
2260 4869 2378 4923 zelo
2426 4863 2785 4922 contradictio
2839 4867 3027 4913 exorta
3087 4855 3302 4916 fuisset,
3339 4851 3557 4921 quando

1991 4963 2191 5018 similia
2225 4974 2463 5029 unquam
2492 4955 2836 5010 enuntiasset
2880 4951 2965 5006 vir
2994 4947 3262 5018 sapientia
3297 4945 3562 5012 clo-inen-

1983 5059 2165 5124 tiaquc
2188 5049 2536 5108 instructus?
2569 5047 2723 5114 Quod
2757 5058 2886 5098 vero
2927 5042 3089 5097 dictis
3137 5035 3418 5098 atlnexuit,
3464 5049 3564 5086 ne-

1985 5167 2090 5221 que
2120 5149 2172 5202 id
2208 5163 2274 5200 ex
2317 5143 2641 5200 verecundia
2675 5137 2916 5192 hominis
2963 5145 3071 5189 est.
3127 5131 3322 5185 Subdit
3371 5127 3559 5180 enim:

1992 5261 2011 5292 ‹
2043 5240 2196 5308 Quod
2231 5237 2466 5306 alicujus
2495 5249 2614 5288 esse
2647 5232 2870 5295 dieitttr,
2903 5243 3006 5283 non
3051 5226 3153 5279 erit
3176 5239 3242 5276 ex
3279 5235 3346 5273 eo
3376 5232 3564 5271 neces-

1985 5333 2154 5399 sario,
2194 5351 2212 5390 »
2246 5345 2346 5385 nec
2396 5328 2570 5399 potuit
2620 5341 2732 5380 sua:
2783 5318 3174 5393 propositionis
3220 5311 3559 5366 mendacium

1984 5424 2414 5497 deprehendere.
2487 5419 2674 5489 Neque
2721 5415 2867 5471 enim
2919 5428 3045 5466 vera
3111 5417 3194 5462 cst
3261 5402 3594 5474 propositio-

1985 5533 2282 5576 asserens:
2323 5535 2342 5569 ι
2385 5515 2560 5572 Omne
2590 5511 2735 5580 quod
2773 5505 3156 5574 cst-alicujus,
3213 5515 3322 5552 non
3367 5506 3450 5550 est
3495 5511 3561 5549 ex

1987 5612 2128 5680 ipse,
2163 5627 2182 5660 ›
2209 5605 2302 5663 sed
2337 5621 2397 5660 ea
2427 5621 2442 5659 :
2485 5622 2506 5656 ι
2534 5601 2649 5656 Non
2685 5614 2848 5656 omne
2877 5597 3018 5668 quod
3058 5591 3313 5662 alicujus,
3357 5589 3467 5660 jam
3505 5595 3562 5640 et

1987 5679 2050 5757 cx
2087 5701 2225 5772 ipso.
2272 5719 2292 5752 ι
2329 5697 2694 5767 Reperientur
2720 5693 2862 5748 enim
2903 5685 3188 5750 nonnulla,
3233 5699 3352 5754 qua:
3387 5679 3561 5732 alicu-

1954 5785 2075 5866 'jus
2105 5805 2254 5858 sunt,
2277 5799 2332 5847 et
2361 5807 2423 5845 ex
2450 5790 2571 5858 ipso
2594 5801 2702 5842 non
2735 5793 2886 5848 sunt,
2921 5787 2978 5834 ιιι
3022 5778 3110 5830 illa
3141 5793 3263 5847 qua:
3297 5782 3425 5830 sunt
3468 5788 3565 5824 ex-

1992 5864 2143 5944 terna
2189 5895 2396 5940 naturae
2420 5878 2675 5949 alicujus,
2716 5875 2882 5931 veluti
2909 5871 3144 5940 alicujus
3177 5868 3359 5934 vestis,
3393 5864 3566 5920 alicu‘
