4058 6454
260 352 374 420 ἸΞὯ

1366 350 1472 414 DE
1508 352 1810 414 UNIONE
1851 348 2408 446 ECCLESIARUM.

3429 356 3549 433 ut
3656 324 3661 345 ⁵

269 467 482 541 πηγαία
513 467 715 540 μᾶλλον
735 429 966 540 ἁρμόζει
993 466 1224 539 θεότητι,
1258 468 1479 535 ἱκανῶς,
1517 464 1696 538 οἶμαι,
1723 466 1847 537 πρὸς

1964 441 2090 530 cens
2133 466 2395 533 αιιηιιοιίι,
2442 466 2620 535 magni
2652 465 2894 538 Dionysii
2928 485 3211 542 nunquam
3264 474 3399 529 satis
3426 478 3549 535 lau-

263 563 544 628 ἁπόδειξιν
573 556 731 630 ἦλθε.
771 560 1138 614 Σκεπτέονῆὲ
1170 559 1266 613 νῦν
1312 560 1487 626 ἐστιν,
1560 561 1698 630 ὅπερ
1755 560 1854 629 ἔφη

262 658 411 726 -εξῆς
443 649 599 718 οὗτος
626 656 851 725 ἐπάγει,
881 655 941 709 τὸ
965 654 1062 708 τοῦ
1100 654 1340 726 μεγάλου
1385 654 1665 708 Διονυσίου
1706 653 1854 723 φημὶ

264 746 668 816 πολυύμνητον,
702 747 881 800 ὲκείνο
919 745 1087 817 ῥητὸν
1135 745 1163 800 ὃ
1192 747 1286 800 καί¹
1315 745 1430 817 ἔχει
1459 745 1632 808 οὕτως
1658 758 1672 776 ο

334 838 436 893 νδ’.
469 856 490 890 ι
529 838 656 891 Ὀτι
698 837 803 908 μέν
838 838 958 892 ἐστι
1010 837 1228 908 πηγαῖα
1272 835 1466 906 θεότης
1498 838 1526 889 ὁ
1571 835 1785 906 Πατὴρ,
1816 834 1852 891 '6

262 931 317 987 δὲ
361 931 490 995 Υἱὸς
513 932 607 984 καὶ
648 930 711 984 τὸ
740 929 966 1000 Πνεῦμα
1006 931 1111 1000 τῆς
1145 931 1400 999 θεογόνου
1457 929 1743 999 θεότητος,
1797 928 1848 980 εἰ

246 1024 405 1078 -οῦτω
456 1022 567 1095 χρὴ
594 1024 784 1092 φάναι,
814 1022 1036 1094 βλαστοὶ
1090 1022 1366 1093 θεόφυτοι,
1413 1022 1508 1075 καὶ
1537 1016 1651 1074 οἷον
1712 1018 1850 1090 ἄνθη

249 1114 355 1167 οιαὶ
396 1112 705 1183 ὐπερούσια
726 1112 903 1180 φῶτα,
939 1113 1075 1181 πρὸς
1117 1110 1227 1165 τῶν
1281 1110 1440 1184 ιερῶν
1462 1111 1682 1178 Λογίων
1712 1126 1852 1178 παρα

261 1206 567 1275 ειληφαμεν
610 1205 760 1267 ὅπως
789 1204 846 1257 δὲ
891 1206 1063 1259 ταῦτά
1106 1206 1276 1270 ἐστιν,
1327 1201 1441 1256 οὔτ’
1489 1204 1693 1268 εἰπεῖν,
1726 1200 1854 1255 οὔτ’

261 1299 519 1369 ἐννοῆσαι
548 1294 803 1348 δυνατόν.
839 1312 857 1346 ι

331 1385 408 1437 Τδ
471 1385 634 1454 ῥητὸν
678 1384 842 1438 τοῦτο
874 1387 989 1445 τοῖς
1027 1383 1251 1449 οἰκείοις
1283 1383 1465 1453 λόγοις
1496 1384 1523 1435 ὁ
1574 1379 1846 1455 Μεθώνης

261 1473 534 1545 συνείρων
562 1474 643 1537 εἰς
667 1475 768 1543 τὴν
795 1473 1054 1547 τοιαύτην
1094 1473 1308 1535 ἔννοιαν
1354 1475 1609 1542 φαίνεται
1645 1471 1853 1539 ἐκλαμ-

260 1567 447 1620 ϐάνων
492 1565 660 1628 αὐτὸ,
704 1568 792 1630 εἰς
825 1566 943 1619 οἵαν
994 1568 1090 1619 καὶ
1128 1566 1317 1619 πολλοὶ
1359 1564 1511 1621 ἄλλοι
1566 1563 1672 1616 τῶν
1723 1560 1853 1635 μετ’

252 1659 425 1712 αὑτὸν
452 1698 468 1723 ,
526 1657 710 1720 καθώς
790 1675 951 1712 τινων
1027 1659 1123 1712 καὶ
1181 1659 1345 1721 αὐτὸς
1424 1656 1693 1726 αὐτήκοος
1763 1654 1854 1722 γέ-

246 1768 415 1821 γονα,
445 1750 914 1822 προϐαλλομένων
946 1753 1012 1806 ὲκ
1057 1750 1157 1821 τῆς
1211 1749 1590 1821 ὀνομαζούσης
1646 1747 1848 1812 λέξεως

1957 558 2145 617 datum
2179 557 2387 613 dictum
2421 558 2574 623 illud,
2610 560 2757 629 quod
2794 560 2868 616 ita
2903 575 2962 619 se
2991 561 3190 619 habet:

2027 834 2114 888 56.
2162 856 2179 893 ι
2219 834 2436 891 Patrem
2470 838 2687 907 quidem
2716 854 2838 901 esse
2871 838 3073 901 fontem
3107 851 3162 900 et
3189 844 3453 916 originem
3490 847 3543 902 in

1954 926 2155 981 divinis
2180 942 2207 979 a
2239 927 2414 983 sacris
2461 927 2762 999 Seripturis
2801 934 3138 1004 accepimus,
3174 934 3374 992 Filium
3416 955 3545 995 vero

1951 1027 2005 1072 ct
2038 1019 2302 1088 Spiritum
2326 1019 2570 1089 Deiparae
2600 1021 2851 1092 deitatis,
2909 1027 2994 1081 vel
3039 1028 3084 1081 si
3125 1029 3273 1084 dictu
3333 1031 3417 1085 fas
3450 1033 3543 1101 sit,

1954 1111 2110 1181 quasi
2154 1112 2402 1179 germina
2443 1112 2661 1181 divina,
2702 1115 2935 1172 ﬂoresve
2987 1133 3051 1173 ac
3098 1119 3304 1177 lumina
3355 1139 3544 1193 super-

1956 1203 2340 1273 substantialia
2371 1222 2385 1259 :
2430 1221 2670 1276 quonam
2718 1219 2899 1267 autem
2932 1220 3092 1280 pacto
3126 1227 3249 1268 sese
3284 1215 3542 1278 habeant,

1960 1294 2141 1364 ne'que
2170 1295 2380 1364 eloqui,
2416 1312 2597 1367 neque
2627 1298 2930 1368 intelligere
2964 1303 3233 1358 valemus.
3275 1322 3295 1357 ι

2026 1382 2237 1438 Dictum
2302 1385 2405 1441 hoc
2450 1388 2692 1456 propriis
2756 1390 3109 1446 sermonibus
3174 1393 3545 1448 Bletltonensis

1953 1477 2317 1545 complicans,
2360 1478 2414 1532 in
2443 1493 2562 1535 eam
2604 1482 2957 1547 sententiam,
2995 1492 3053 1538 ut
3095 1497 3340 1553 apparet,
3373 1494 3546 1539 attra-

1957 1565 2056 1627 hit,
2086 1566 2331 1635 inquam
2367 1575 2420 1627 et
2443 1568 2690 1639 plerique
2735 1570 2826 1626 alii
2885 1583 3011 1641 post
3067 1588 3216 1638 eum,
3276 1576 3546 1645 quemad-

1953 1656 2175 1711 modum
2215 1659 2378 1713 etiam
2417 1674 2518 1729 ego
2549 1660 2700 1723 hisce
2750 1662 2887 1721 meis
2926 1664 3156 1719 auribus
3207 1678 3546 1736 exponentes

1954 1746 2162 1810 audivi,
2190 1752 2591 1807 contendentes
2619 1768 2687 1809 ex
2713 1767 2847 1809 voce
2880 1753 2994 1819 illa,
3014 1770 3123 1824 qua
3152 1756 3294 1812 duos
3316 1758 3543 1813 eﬂ‘ectus

262 1844 336 1896 τὰ
378 1841 470 1896 δύο
497 1843 723 1896 αἰτιατά
766 1841 1070 1911 θεοφύτονς
1119 1841 1416 1912 βλαστοὺς,
1450 1841 1525 1912 μὴ
1581 1840 1844 1895 δύνασθαί

1950 1841 2200 1899 nominat
2231 1842 2480 1912 germina
2519 1857 2550 1897 a
2581 1843 2693 1899 Deo
2728 1853 2878 1913 nata,
2920 1861 3030 1903 non
3086 1862 3245 1917 posse
3302 1850 3541 1918 aliquem

254 1951 397 1988 ποτε
427 1935 596 1987 είπεῖν
624 1950 748 1989 τινα
790 1933 852 1987 τὸ
898 1933 1129 2003 Πνεῦμα
1156 1935 1252 1987 καὶ
1292 1933 1357 1986 ὲκ
1384 1932 1475 1985 τοῦ
1514 1931 1663 1998 Υίοῦ,
1700 1950 1717 1983 ι
1756 1930 1846 1986 διὰ

239 2027 316 2081 τὸ
346 2024 483 2097 μηδὲ
531 2025 768 2096 βλαστὸν
801 2028 865 2079 ὲκ
902 2023 1138 2095 βλαστοῦ
1168 2021 1308 2077 εἶναι
1343 2023 1626 2079 δύνασθαι.
1677 2042 1695 2077 ι
1735 2026 1846 2077 Kal.

248 2121 279 2174 ὁ
313 2121 417 2190 μὲν
438 2117 733 2188 Μεθώνης,
796 2116 859 2171 τὸ
903 2116 999 2171 τοῦ
1048 2116 1290 2188 μεγάλου
1346 2118 1632 2172 Διονυσίου
1682 2117 1846 2170 τοῦτο

236 2212 421 2284 νρητὸν
475 2212 557 2273 είς
588 2210 903 2280 ἀνατροπὴν
944 2209 1410 2287 προϐαλλόμενος,
1462 2210 1560 2263 τοῦ
1594 2207 1734 2263 εἶναι
1785 2209 1845 2262 τὸ

250 2299 483 2369 Πνεῦμα
515 2301 612 2353 καὶ
643 2302 707 2352 ἐκ
750 2297 846 2352 τοῦ
882 2297 1014 2351 Υίοῦ
1063 2301 1161 2369 τὴν
1197 2301 1255 2352 ὲν
1312 2301 1391 2370 τῷ
1430 2300 1844 2369 παραδείγματι

238 2391 442 2445 εἰκόνα
471 2391 576 2460 τῆς
609 2390 718 2444 τῶν
746 2390 999 2461 βλαστῶν
1028 2389 1222 2454 δυάδος
1271 2392 1353 2454 εἰς
1379 2393 1713 2463 συκρότησιν
1737 2392 1837 2445 τοῦ

242 2485 415 2553 »λόγου
472 2483 679 2537 οἰκείου
731 2474 1057 2553 προτείνει,
1099 2482 1320 2551 λέγων,
1388 2500 1407 2534 ι
1452 2484 1530 2552 μὴ
1587 2484 1845 2539 δύνασθαι

242 2575 486 2646 βλαστὸν
503 2577 569 2627 ἐκ
586 2574 821 2644 βλαστοῦ
842 2570 983 2628 εἷναί
1007 2590 1158 2629 ποτε.
1170 2593 1189 2625 ι
1213 2573 1354 2645 Ἐγὼ
1371 2574 1427 2627 δὲ
1446 2592 1587 2644 φημι
1599 2576 1675 2639 ὡς
1692 2571 1759 2648 ἦν
1780 2576 1845 2631 ἂν

250 2666 551 2737 προσφυὴς
578 2669 612 2735 ἡ
634 2664 730 2718 τοῦ
765 2667 1215 2737 παραδείγματος
1247 2665 1442 2722 τούτου
1494 2668 1685 2734 εἰκὼν,
1727 2669 1845 2738 εῐγε

245 2759 448 2829 malet;
480 2755 624 2829 ἦσαν
650 2759 698 2812 τί
719 2757 975 2829 θεόφυτοι
1007 2761 1205 2812 ἐκεῖνοι
1228 2757 1470 2829 βλαστοὶ,
1497 2759 1574 2823 ὼς
1603 2758 1842 2814 ἐνταῦθα

240 2851 402 2904 ἐστιν
460 2850 555 2903 ὅτε
589 2854 646 2903 ἐν
679 2852 790 2913 τοῖς
820 2851 972 2904 κάτω
1005 2850 1214 2914 τούτοις
1250 2852 1588 2921 εὑρίσκεται.
1640 2852 1755 2905 Νῦν
1796 2853 1841 2907 δ’

242 2940 366 2996 ἀλλ’
400 2942 490 2994 ὅτι
556 2941 680 3011 οὐχὶ
703 2942 906 3011 διεχείς
940 2942 992 2993 οἰ
1055 2940 1311 3011 θεόφυτοι
1362 2944 1560 2996 ἐκεῖνοι
1601 2941 1840 3013 βλαστοὶ,

248 3032 650 3103 γνωσθήσεται
682 3032 791 3086 ἀπὸ
826 3032 927 3086 τοῦ
970 3032 1201 3105 βλαστὸν
1226 3033 1326 3103 μὲν
1353 3034 1445 3086 τὸν
1477 3033 1604 3086 Υἰδν
1645 3033 1846 3103 ὀνομά-

1949 1947 2192 2003 unquam
2254 1935 2461 2002 dicere,
2525 1935 2791 2006 Spiritum
2844 1949 2898 1993 et
2940 1953 3025 2001 ,ex
3075 1938 3212 1994 Filio
3263 1956 3279 1993 :
3320 1959 3340 1993 t
3385 1941 3543 2008 Quod

1946 2041 2013 2080 ex
2056 2025 2303 2099 germine
2337 2043 2559 2097 germen
2591 2044 2715 2097 esse
2742 2028 2952 2098 nequit.
2990 2048 3010 2082 ι
3053 2031 3119 2086 Et
3169 2030 3543 2089 Methonensis

1946 2119 2170 2189 quidem
2222 2118 2325 2175 hoc
2375 2119 2559 2190 magni
2611 2120 2857 2192 Dionysii
2890 2123 3097 2177 dictum
3148 2122 3405 2190 aﬂ‘ercns,
3471 2128 3540 2179 ad

1946 2212 2294 2265 evertendum
2330 2210 2594 2281 Spiritum
2639 2228 2761 2269 esse
2788 2222 2842 2269 et
2862 2230 2929 2269 ex
2951 2211 3112 2279 Filio,
3145 2217 3375 2284 exempli
3407 2217 3545 2272 ima-

1945 2297 2126 2366 ginem
2226 2298 2461 2352 duerum
2544 2302 2851 2370 germinum
2928 2303 2996 2357 ad
3057 2306 3543 2363 constabiliendam

1946 2404 2102 2443 suam
2152 2391 2482 2445 sententiam
2548 2395 2846 2464 proponit,
2906 2394 3115 2462 dicens,
3175 2414 3195 2449 ι
3260 2399 3375 2451 ﬁeri
3433 2415 3542 2453 non

1945 2494 2131 2549 posse,
2167 2489 2227 2534 ut
2252 2494 2318 2534 ex
2347 2484 2594 2553 germine
2626 2498 2847 2553 germen
2882 2485 2974 2541 sit.
3008 2504 3027 2537 ι
3063 2488 3177 2556 Ego
3222 2502 3355 2543 vero
3392 2490 3540 2546 dico:

1949 2570 2246 2640 Aptissima
2285 2571 2518 2640 hujusce
2575 2576 2807 2644 exempli
2842 2577 3023 2647 imago
3081 2588 3194 2633 tum
3239 2579 3456 2648 fuisset,
3493 2586 3541 2637 si

1949 2677 1979 2719 e
2014 2663 2120 2716 Deo
2180 2672 2305 2717 nata
2359 2665 2448 2719 illa
2507 2667 2752 2736 germina
2812 2681 2998 2731 essent
3058 2670 3113 2724 in
3164 2671 3303 2726 duas
3357 2685 3543 2743 partes

1945 2751 2144 2815 divisa,
2177 2755 2639 2822 quemadmodum
2680 2758 2768 2813 hic
2801 2770 2905 2824 est,
2934 2770 2989 2814 et
3020 2760 3072 2817 in
3128 2763 3213 2817 Iris
3266 2763 3545 2819 inferiori-

1948 2832 2072 2908 bus,
2106 2853 2158 2898 et
2181 2859 2303 2914 qua:
2343 2846 2483 2901 visui
2521 2849 2880 2918 objiciuntur,
2904 2856 3209 2920 reperitur;
3248 2872 3392 2909 nunc
3416 2872 3543 2910 vero

1944 2948 1974 2989 a
2011 2933 2121 2988 Deo
2147 2946 2271 2989 nata
2299 2936 2389 2989 illa
2418 2937 2662 3007 germina
2701 2955 2808 2993 non
2835 2942 3002 2995 dividi
3054 2943 3106 2995 in
3147 2944 3286 2998 duas
3332 2958 3539 3013 partes,

1945 3025 2166 3094 planum
2211 3026 2277 3079 lit
2309 3041 2324 3079 :
2355 3040 2579 3095 germen
2618 3030 2765 3083 enim
2803 3029 2975 3089 Filius
3008 3042 3257 3100 vocatur,
3289 3037 3383 3090 sed
3413 3053 3545 3091 conw

248 3126 467 3189 ζεσθαι,
510 3124 652 3179 ἀλλὰ
680 3126 927 3196 προσεχῆ
970 3126 1048 3195 τῷ
1081 3125 1142 3191 ἐξ
1203 3119 1288 3190 οὗ,
1348 3126 1580 3196 βλασ.δν
1623 3126 1682 3185 δὲ
1742 3127 1840 3180 καὶ

1950 3119 2151 3188 tignum
2201 3117 2282 3171 illi
2331 3134 2396 3172 ex
2448 3134 2560 3190 quo
2608 3132 2713 3187 est,
2769 3138 2994 3193 germen
3038 3140 3167 3180 vero
3200 3137 3253 3181 et
3302 3128 3542 3196 Spiritus

246 3216 310 3270 τὸ
372 3215 634 3286 Πνεῦμα,
687 3217 826 3270 ἀλλὰ
874 3218 964 3270 διὰ
1016 3216 1247 3288 βλαστοῦ
1270 3217 1363 3271 τοῦ
1394 3217 1525 3292 Υἱοῦ
1559 3257 1575 3284 ,
1622 3220 1684 3273 ὲκ
1738 3218 1837 3289 τῆς

246 3310 413 3381 ῥίζης
449 3307 834 3379 βλαστάνοντα
884 3309 982 3363 τοῦ
1018 3310 1264 3381 Πατρός.
1297 3309 1528 3363 Βλαστοι
1560 3309 1691 3380 γοῦν
1721 3310 1841 3364 θεό-

246 3418 414 3471 animi
452 3402 483 3454 ό
526 3400 658 3465 Υἰὺς
690 3402 788 3454 καὶ
808 3401 870 3455 τδ
908 3401 1137 3472 Πνεῦμα
1168 3401 1248 3473 τῷ
1280 3401 1492 3455 εἰπόντι
1521 3402 1664 3472 ἁγίῳ
1706 3401 1844 3459 ὠνο-

245 3493 584 3565 μάσθησαν,
610 3494 673 3546 οὐ
702 3493 794 3548 διὰ
839 3493 901 3547 τὸ
931 3494 1125 3565 διεχῶς
1154 3493 1373 3548 ἐκεῖθεν
1405 3494 1662 3561 ἐκφῦναι,
1699 3494 1839 3551 ἀλλὰ

248 3586 340 3640 διὰ
376 3587 547 3657 μόνον
578 3586 715 3640 αὐτὸ
756 3585 820 3639 es
842 3585 1098 3655 ἐκφῦναι.
1146 3587 1220 3639 Τὸ
1268 3587 1377 3657 γὰρ
1423 3586 1614 3648 ἁπλῶς
1676 3582 1842 3652 εἶναι,

244 3678 347 3732 καὶ
366 3679 433 3730 οὐ
465 3676 532 3730 τὸ
574 3675 935 3748 διῃρημένως
965 3675 1175 3729 ἐκεῖθεν
1201 3671 1343 3739 εἶναι
1374 3677 1514 3730 αὐτὰ
1545 3676 1691 3740 λέξις
1743 3678 1841 3747 δη-

246 3770 351 3833 λοῖ,
393 3768 569 3838 μόνην
620 3767 719 3820 τοῦ
778 3766 1030 3819 αἰτιατοῦ
1091 3767 1420 3836 παριστῶσα
1441 3765 1540 3835 τὴν
1610 3766 1842 3820 ἔννοιαν.

253 3861 379 3924 Πῶς
422 3854 523 3912 οῦν
557 3859 587 3910 ὁ
620 3857 892 3928 Μεθώνης
927 3855 1118 3929 ὥσπερ
1146 3857 1518 3927 διῃρημένους
1545 3857 1641 3909 ἀπ’
1679 3857 1847 3928 ἀλλή-

245 3952 359 4007 λων
391 3950 671 4021 βλαστοὺς
688 3950 787 4002 τὸν
817 3947 946 4000 Υίὸν
976 3951 1073 4001 καὶ
1103 3948 1165 4001 τὸ
1218 3948 1448 4016 Πνεῦμα
1472 3951 1536 4000 ὲκ
1582 3947 1677 4000 τοῦ
1714 3950 1847 4015 ,Πα-

242 4046 377 4113 ego;
416 4037 569 4097 εἶναι
599 4041 909 4111 νομοθετεῖ,
950 4040 1046 4093 καὶ
1077 4039 1167 4093 τὸν
1196 4039 1293 4092 τοῦ
1334 4038 1551 4097 Παύλου
1596 4039 1848 4110 μαθητὴν

248 4136 335 4205 μὴ
394 4133 607 4186 εἰδέναι
668 4133 771 4201 τὴν
826 4127 1067 4201 φυσικὴν
1093 4129 1190 4198 τῆς
1240 4129 1470 4200 Τριὰδος
1517 4128 1849 4200 ὑπεμφαίνει

246 4227 437 4291 τάξιν,
472 4227 541 4277 lx
588 4221 686 4276 τοῦ
716 4222 901 4290 λέγειν
945 4222 1021 4293 μὴ
1079 4238 1098 4272 ι
1136 4219 1404 4274 δύνασθαι
1439 4215 1583 4274 εἰναι
1618 4219 1850 4290 βλαστὸν

244 4316 317 4376 ἐκ
359 4310 637 4385 mussat};
680 4329 700 4363 ι
743 4311 809 4364 Εἰ
850 4310 957 4382 γὰρ
998 4309 1138 4363 κατὰ
1185 4309 1284 4380 τὴν
1337 4308 1601 4382 Μεθώνην
1661 4309 1852 4380 ὥσπερ

245 4403 593 4477 διῃρημένοι
643 4400 867 4471 βλαστοὶ
894 4402 924 4453 ό
956 4400 1081 4465 Υἰὺς
1117 4402 1214 4455 καὶ
1254 4400 1315 4454 τὸ
1369 4401 1598 4472 Πνεῦμα
1635 4404 1700 4457 ὲκ
1745 4401 1841 4456 τοῦ

1960 3219 2208 3275 sanctus,
2240 3211 2336 3266 sed
2372 3227 2467 3281 per
2491 3228 2712 3285 germen
2772 3215 3013 3284 Filium;
3047 3234 3112 3274 ex
3169 3222 3357 3275 radice
3406 3237 3540 3276 ena-

1947 3302 2155 3357 scentia
2185 3302 2367 3358 Patre.
2414 3303 2675 3361 Germina
2707 3307 2892 3378 itaque
2924 3326 2951 3363 a
2987 3309 3099 3365 Deo
3127 3320 3253 3365 nata
3276 3311 3448 3369 Filius
3487 3325 3543 3369 et

1945 3391 2245 3464 Spiritusa
2288 3403 2480 3449 sancto
2535 3398 2837 3472 nuncupati
2891 3405 3043 3465 sunt,
3099 3414 3210 3455 non
3267 3402 3412 3470 quod
3483 3402 3543 3457 in

1943 3485 2055 3539 duo
2092 3485 2254 3540 divisi
2287 3485 2413 3541 inde
2435 3496 2657 3554 exeant,
2687 3490 2780 3544 sed
2817 3488 2964 3559 quod
3016 3501 3233 3547 .tantum
3266 3474 3541 3548 enascan-

1953 3586 2066 3632 tur.
2098 3563 2250 3631 Nam.
2281 3578 2603 3650 simpliciter
2656 3594 2800 3647 esse,
2857 3588 2913 3635 et
2965 3596 3073 3637 non
3133 3582 3350 3639 divisim
3414 3583 3542 3639 inde

1950 3684 2213 3723 emanare
2246 3683 2366 3734 eos,
2434 3670 2607 3725 dictio
2650 3680 2802 3743 notat
2856 3680 3069 3727 tantum
3104 3672 3333 3729 ell‘ecrns
3379 3675 3540 3731 nabis

1949 3762 2232 3815 notionem
2265 3762 2578 3826 insinuans.
2609 3760 2856 3828 Quanam
2880 3778 3011 3833 ergo
3062 3765 3279 3827 ratione
3328 3765 3541 3821 Metho-

1950 3848 2136 3903 nensis
2172 3846 2336 3905 veluti
2390 3840 2637 3917 sejthIa
2688 3865 2719 3907 a
2776 3851 2971 3919 seipsis
3008 3864 3363 3922 separataquc
3420 3869 3541 3923 ger.

1950 3940 2095 3994 mina
2130 3936 2398 4010 Spiritum
2431 3949 2483 3994 et
2514 3940 2711 3999 Filium
2754 3956 2824 3996 ex
2874 3942 3036 4005 Patre
3066 3959 3190 4001 esse
3271 3945 3537 4008 decernit.

1950 4040 2004 4086 et
2056 4030 2212 4087 Pauli
2272 4033 2601 4101 discipulum
2649 4036 2954 4090 naturalem
3010 4035 3226 4090 Triadis
3286 4038 3536 4094 Ordinem

1951 4124 2251 4179 neseivisse
2283 4124 2592 4191 subinnuit,
2623 4139 2746 4180 cum
2786 4126 2954 4193 dicat,
2984 4145 3003 4176 ι
3042 4143 3151 4183 non
3217 4143 3376 4197 posse
3414 4144 3539 4185 esse

1951 4231 2170 4286 germen
2208 4231 2272 4269 ex
2309 4217 2594 4289 germine?
2624 4234 2647 4271 ι
2674 4216 2920 4287 Namque
2953 4219 3020 4285 si,
3047 4230 3104 4273 ut
3164 4218 3539 4277 Methonensis

1952 4304 2257 4373 centendit,
2284 4306 2451 4362 veluti
2492 4317 2747 4376 separata
2786 4310 3031 4383 germina
3055 4308 3228 4367 Filius
3275 4322 3328 4365 et
3364 4311 3547 4381 Spiri-‘

1955 4411 2042 4456 tus
2075 4415 2138 4454 ex
2189 4395 2371 4463 Patre,
2440 4399 2719 4467 quomodo
2780 4399 3018 4468 Spiritus
3084 4404 3280 4463 tertius
3343 4405 3539 4458 ordine

252 4499 503 4569 Ιιατρὺς,
543 4494 668 4558 πῶς
706 4494 770 4547 τὸ
806 4491 1035 4564 Πνεῦμα
1062 4493 1243 4565 τρίτον
1268 4495 1336 4565 τῇ
1354 4492 1509 4560 τάξει
1554 4495 1698 4549 κατὰ
1758 4496 1847 4547 τον

1955 4492 2082 4556 erit,
2113 4500 2173 4544 ut
2196 4505 2425 4558 magnus
2455 4489 2692 4546 Basilius
2749 4480 2959 4558 tradit,
3019 4500 3073 4549 et
3104 4491 3275 4549 Filius
3327 4495 3540 4550 medius

250 4589 443 4658 μέγαν
477 4585 790 4649 Βασίλειον,
811 4583 910 4637 καὶ
942 4584 969 4637 ό
1026 4582 1153 4646 Υἱὸς
1211 4582 1376 4653 μέσος
1442 4579 1586 4638 εἶναι
1638 4584 1852 4655 Πατρὸς

242 4685 348 4735 καὶ
382 4679 715 4750 Πνεύματος
743 4678 1008 4746 λέγεταις
1063 4676 1135 4729 Ἦ
1178 4675 1295 4740 πῶς
1348 4675 1410 4729 τὸ
1474 4675 1696 4747 Πνεῦμα
1757 4676 1853 4730 τοῦ

246 4778 354 4845 μὲν
410 4772 556 4827 Υίοῦ
617 4771 835 4841 λέγεται
901 4770 1122 4841 apsum;
1163 4768 1351 4835 εἰκὼν,
1402 4768 1499 4822 τοῦ
1558 4769 1615 4829 δὲ
1638 4770 1853 4839 Πατρός

240 4869 419 4923 sintth
471 4866 542 4921 δι’
567 4865 701 4919 Υίοῦ
725 4881 741 4930 ;
770 4865 895 4917 Ὀτι
917 4863 974 4917 δὲ
1000 4866 1028 4918 ό
1055 4864 1222 4927 πολὺς
1249 4862 1320 4917 τὰ
1349 4863 1469 4916 θεῖα
1489 4862 1762 4929 Διονύσιος
1789 4861 1850 4917 οὗ

238 4963 336 5014 δια
366 4962 433 5014 τὸ
488 4960 692 5029 διεχῶς
736 4956 1011 5028 πατρόθεν
1041 4954 1294 5024 ἐκφῦναι,
1338 4953 1470 5008 ἀλλὰ
1490 4954 1557 5007 δι’
1589 4953 1718 5009 αὐτὸ
1755 4956 1854 5024 μό·-

241 5071 344 5106 νον
371 5054 438 5106 τὸ
468 5050 665 5112 ἁπλῶς
687 5048 944 5119 ἐκφῦναι,
981 5047 1247 5118 βλαστοὺς
1295 5047 1391 5099 τὸν
1461 5045 1587 5099 Υίὺν
1643 5047 1739 5098 καὶ
1791 5043 1852 5097 τὺ

249 5145 494 5214 Πνεῦμα
529 5142 810 5211 ὠνόμασε,
862 5141 1096 5193 συνιδεῖν
1144 5137 1258 5191 εστι
1307 5141 1418 5200 τοῖς
1473 5135 1850 5209 προσεκτικοὺ-

244 5253 416 5308 τερον
435 5233 960 5304 διασκοπουμένοις,
984 5233 1079 5287 καὶ
1105 5233 1170 5285 ἐκ
1200 5231 1295 5285 τοῦ
1317 5229 1392 5301 μὴ
1420 5230 1579 5300 ῥίζαν
1612 5228 1851 5283 ἐνταῦθα

250 5331 350 5382 τὸν
390 5329 628 5397 Πατέρα
657 5327 869 5392 καλεῖν,
901 5325 996 5378 καί
1052 5325 1136 5379 τοί
1191 5340 1257 5394 γε
1328 5323 1617 5394 εἰρημένον
1675 5319 1849 5383 οὕτως

252 5423 313 5474 ὲν
370 5402 589 5484 ἄλλοις.⁷
622 5419 872 5487 Πηγαίαν
904 5418 1013 5489 γὰρ
1040 5417 1271 5488 θεότητα
1293 5416 1383 5470 τὸν
1407 5415 1629 5484 Πατέρα
1681 5411 1849 5466 εἰπὼν

251 5516 509 5585 ἐπήγαγε
542 5508 843 5581 παρευθὺς,
886 5508 948 5563 '0
985 5508 1044 5561 δὲ
1073 5507 1203 5570 Υἱὸς
1225 5505 1322 5559 καὶΙ
1354 5506 1416 5559 τὸ
1461 5503 1693 5574 Πνεῦμα
1722 5502 1851 5573 βλα-

254 5608 373 5660 στοι
405 5606 672 5674 θεδφυτοι
715 5603 812 5657 καὶ
866 5596 983 5655 οἷον
1004 5598 1168 5670 ἄνθη,
1197 5600 1295 5652 καὶ
1339 5594 1644 5667 ὑπερούσια
1669 5595 1848 5666 φῶτα.

254 5697 448 5753 Καίτοι
487 5714 555 5767 γε
634 5696 711 5760 ὡς
742 5695 880 5766 πρὸς
909 5694 1034 5756 τοὺς
1067 5691 1327 5763 βλαστοὺς
1364 5688 1520 5760 ῥίζαν
1552 5686 1660 5741 ἔδει
1697 5686 1849 5758 παρὰ

206 5788 349 5847 .106
382 5791 628 5861 μεγάλου
670 5787 958 5843 Διονυσίου
1014 5785 1104 5837 τὸν
1174 5783 1391 5856 Πατέρα
1459 5780 1744 5851 κληθῆναι.
1803 5781 1845 5832 Ο

1956 4599 2082 4639 esse
2111 4584 2255 4637 inter
2280 4580 2496 4637 Patrem
2531 4590 2586 4637 ct
2638 4580 2904 4653 Spiritum
2964 4584 3222 4640 dicetur?
3278 4585 3539 4661 Veltquo-

1956 4675 2119 4729 modo
2149 4672 2387 4743 Spiritus
2419 4672 2542 4728 Filii
2574 4673 2776 4729 dicitur
2802 4675 3117 4731 immediata
3137 4677 3340 4748 imago,
3360 4674 3541 4732 Patris

1955 4781 2086 4821 vero
2139 4766 2320 4836 imago
2369 4780 2466 4836 per
2516 4763 2761 4821 Filium?
2805 4765 3063 4839 Magnum
3113 4782 3279 4838 porro
3337 4770 3542 4825 divinis

1956 4856 2353 4928 pertra‘ctarnlis
2420 4856 2772 4928 Dionysium,
2845 4874 2954 4913 non
2987 4858 3136 4927 quod
3193 4859 3411 4915 divisim
3469 4875 3538 4914 ex

1953 4948 2116 5004 Patre
2140 4959 2494 5014 enascantur,
2536 4950 2630 5004 sed
2679 4948 2827 5018 quod
2864 4950 3044 5004 solum
3111 4961 3166 5006 et
3217 4952 3541 5021 sitnpliciuzr

1953 5052 2304 5103 enascantur,
2354 5042 2600 5110 germina
2662 5039 2860 5094 Filium
2900 5051 2956 5095 et
3016 5042 3283 5112 Spiritum
3332 5058 3541 5096 nuncu-

1955 5149 2141 5204 passe,
2200 5133 2501 5205 intelligere
2548 5145 2805 5203 possunt,
2857 5134 2952 5205 qui
3021 5137 3331 5191 accuratius
3394 5136 3538 5187 dicta

1952 5226 2367 5290 examinabunt,
2402 5241 2503 5281 nec
2559 5240 2669 5279 non
2721 5241 2787 5280 ex
2827 5241 2913 5293 eo,
2960 5228 3108 5296 quod
3160 5228 3250 5281 hic
3298 5225 3538 5279 radicem

1952 5316 2170 5373 Patrem
2213 5332 2318 5372 non
2359 5325 2541 5387 vocat,
2597 5319 2726 5374 licet
2780 5319 2919 5374 alios
2968 5320 3100 5374 alibi
3159 5320 3263 5373 hoc
3318 5332 3540 5387 quoque

1952 5410 2116 5465 modo
2143 5410 2386 5465 elocutos
2436 5409 2774 5467 invenimus.
2840 5410 3069 5466 Fontem
3117 5410 3259 5463 inim
3311 5407 3539 5466 Deitatis

1951 5500 2166 5555 Patrem
2200 5502 2559 5571 compellans,
2619 5502 2764 5557 illico
2795 5502 3059 5567 subdidit,
3100 5500 3270 5554 Filius
3321 5515 3450 5563 vero
3483 5510 3539 5561 et

1953 5595 2193 5684 Spiritus
2227 5592 2470 5666 germina
2506 5609 2537 5673 a
2597 5594 2706 5649 Deo
2764 5604 2914 5660 nata,
2948 5602 3000 5650 et
3057 5592 3215 5663 quasi
3266 5593 3448 5660 liores,
3484 5602 3541 5653 et

1951 5686 2509 5758 supersnlmantialia
2541 5686 2766 5742 lumina.
2805 5687 2868 5741 Et
2918 5685 3277 5740 nihilominus
3319 5685 3365 5738 si
3411 5702 3541 5757 ger-

1951 5774 2156 5834 minum
2200 5781 2340 5834 ratio
2380 5779 2627 5833 habenda
2664 5787 2827 5845 esset,
2877 5778 3178 5846 nuncupari
3212 5778 3471 5835 debuerat
3506 5792 3539 5832 a
