4058 6422
544 255 639 320 l‘il

1566 251 1777 315 ῙΟΑΝ.
1823 247 2044 311 VECCI
2091 244 2200 306 (ΣΡ.
2241 241 2754 305 PATRIARCILE

3705 242 3802 309 132

538 389 745 445 magno
780 373 1037 445 Dionysio
1066 372 1219 428 radix
1245 372 1425 428 Pater.
1467 368 1571 424 Sed
1619 368 1733 432 ille,
1763 383 1831 422 ne
1856 367 1980 435 quis
2015 362 2126 418 [οι-ι

2240 364 2311 429 δὲ,
2339 363 2428 417 ἵνα
2466 377 2552 422 τις
2583 359 2726 428 τάχα
2761 356 2834 427 μὴ
2872 353 3134 427 ὲπιμείνῃ
3166 356 3231 427 τῇ
3259 352 3429 421 λέξει,
3482 356 3802 428 ἀπαραλλα-

544 473 697 519 tasse
726 464 952 518 dictioni
984 462 1292 526 insisteret,
1327 460 1492 524 illius,
1528 457 1676 528 quod
1719 458 1771 511 in
1805 455 2118 525 exemplum

553 554 908 620 ai'l‘erebatur,
941 553 1442 609 immutabilitatem
1470 567 1597 622 erga
1632 548 1944 618 exemplum
1987 547 2124 602 ima-

549 647 829 717 ginatione
863 647 1197 716 concipiens.
1231 645 1437 700 l'ontem
1469 641 1692 697 Deitatis
1715 640 1931 695 Patrem
1958 654 2129 694 enun-

554 740 719 807 tians,
754 738 1081 809 germinum,
1111 747 1164 792 et
1196 736 1414 801 ﬂorum,
1450 742 1504 790 et
1556 734 1826 788 luminum
1881 732 2125 797 nomine,

550 837 645 906 qui
678 836 803 891 inde
852 836 1183 907 proveniunt
1240 832 1465 887 ‘cﬂectus
1503 829 1852 901 signiﬁcavit,
1894 842 2126 898 qnomm

554 936 805 983 neutrum
869 928 1034 982 ullam
1099 941 1223 981 cum
1282 927 1430 979 l'onte
1488 923 1893 993 pmportionem
1945 918 2125 973 habet.

551 1017 762 1084 Quibus
791 1018 978 1088 itaque
1009 1017 1222 1073 similes
1253 1016 1523 1070 dictiones
1564 1012 1787 1069 obviam
1832 1011 1992 1076 ﬁunt,
2029 1010 2128 1079 ⁵ἱΙΙί

551 1109 736 1163 animo
768 1109 1101 1172 concipiant,
1140 1107 1402 1161 similium
1440 1116 1693 1159 auctores
1734 1102 1920 1157 Patres
1974 1103 2130 1157 theo-

549 1198 724 1269 logos,
759 1214 868 1253 non
928 1200 1166 1269 Spiritus
1207 1207 1261 1253 et
1322 1196 1443 1251 Filii
1495 1196 1816 1250 divisionem
1872 1193 2131 1277 inducere

550 1289 800 1343 volentes
827 1288 943 1343 haec
974 1287 1289 1357 protulisse,
1319 1287 1413 1341 sed
1439 1283 1819 1339 tantummodo
1850 1282 1917 1337 ad
1952 1281 2128 1338 Patris

553 1378 780 1434 eﬂ‘ectus
803 1380 1192 1448 respicientes,
1212 1394 1312 1449 pro
1339 1377 1493 1432 vario
1521 1372 1822 1431 dictionum
1851 1390 1977 1438 usu,
2000 1389 2132 1428 cau-

553 1484 668 1523 sam
695 1478 749 1524 ct
781 1468 1035 1526 elIectum
1068 1457 1309 1525 indicare
1344 1477 1665 1533 statuentes,
1702 1467 1916 1537 gemina
1947 1465 2130 1520 ﬂumi-

555 1575 626 1613 na
654 1575 749 1614 eos
779 1575 843 1613 ex
866 1577 973 1613 uno
1000 1559 1170 1627 fonte,
1205 1574 1235 1613 a
1266 1561 1379 1614 Deo
1411 1566 1538 1613 nata
1567 1573 1633 1611 ex
1658 1559 1839 1611 radice
1856 1557 2129 1627 germina,

548 1650 717 1705 ﬂores
745 1652 886 1707 duos
909 1667 974 1707 ex
1006 1668 1116 1707 uno
1151 1665 1327 1716 ramo,
1360 1651 1470 1704 duo
1497 1649 1705 1704 lumina
1731 1663 1798 1703 ex
1833 1664 1942 1703 uno
1990 1649 2129 1714 sole,

2230 455 2346 521 ξίαν
2360 453 2454 507 τοῦ
2476 450 2921 522 παραδείγματος
2950 446 3379 518 φανταζόμενος,
3409 448 3654 517 πηγαίαν
3692 449 3804 502 θεέ.

2226 562 2367 616 τητα
2417 543 2507 595 τον
2535 539 2757 609 Πατέρα
2783 537 2976 602 εἰπὼν,
3004 536 3083 607 τῷ
3120 537 3230 589 τῶν
3268 534 3517 606 βλαστὼν
3549 536 3648 590 καὶ
3710 539 3802 590 ἀν-

2229 638 2388 702 θέων,
2419 634 2514 689 καὶ
2546 632 2743 702 φώτων
2770 631 2998 701 ὀνόματι
3039 630 3109 683 τὰ
3138 629 3353 683 ἐκεῖθεν
3408 629 3541 683 ὄντα
3590 631 3805 685 αἰτιατᾶ

2230 726 2642 798 παρεδήλωσεν,
2676 718 2751 777 ὧν
2786 723 2939 776 οὐδὲν
2980 722 3057 785 ὡς
3090 722 3228 794 πρὸς
3291 722 3393 794 τὴν
3445 721 3635 792 πηγὴν
3696 723 3804 794 ἔχει

2226 819 2416 889 σχέσιν
2443 817 2734 884 ἀνάλογον.
2777 817 2841 870 Oi
2874 815 3006 882 γοῦν
3039 816 3156 878 ταῖς
3227 814 3507 878 τοιαύταις
3562 814 3674 867 τῶν
3724 815 3808 869 λέ-

2233 908 2368 974 ξεων
2422 908 2869 977 ἐντυγχάνοντες,
2943 907 3298 971 συνιέτωσαν,
3362 907 3436 968 ὡς
3491 907 3543 959 οἱ
3585 905 3808 959 τοιαῦτὰ

2229 1018 2351 1054 τινα
2389 1000 2671 1068 εἰρηκότες
2701 999 2943 1068 θεολόγοι
2977 999 3215 1070 Πατέρες
3248 1000 3368 1069 οὐχὶ
3423 998 3806 1069 {ﬁxam-11106

2230 1092 2326 1146 καὶ
2361 1091 2681 1160 Πνεῦματος
2722 1093 3074 1159 παραστῆσαι
3139 1090 3480 1159 βουλόμενοι,
3534 1089 3720 1159 ἔλεγον
3745 1090 3808 1145 τὰ

2234 1183 2482 1248 τοιαῦτα,
2515 1181 2654 1235 ἀλλὰ
2705 1183 2841 1253 πρὸς
2877 1182 3040 1252 μόνον
3066 1182 3127 1234 τὸ
3190 1185 3253 1235 ἐκ
3293 1183 3507 1253 Πατρδς
3574 1182 3806 1255 ὁρῶντες

2233 1275 2477 1329 αἰτιατδν
2512 1274 2654 1328 κατὰ
2683 1274 2942 1345 διάφορον
2973 1278 3171 1346 χρῆσιν
3196 1275 3305 1327 τῶν
3331 1275 3554 1339 λέξεων,
3610 1276 3670 1328 τὸ
3728 1274 3809 1328 αἴ·-

2230 1384 2353 1422 τιον
2389 1368 2483 1420 καὶ
2512 1367 2756 1420 αίτιατδν
2801 1367 3088 1437 σημαίνειν
3138 1367 3492 1445 -βουλόμενοι,
3545 1367 3807 1437 διδύμους

2232 1462 2514 1531 ποταμοὺς
2559 1460 2699 1513 αὐτὰ
2730 1463 2793 1514 ἐκ
2825 1462 2956 1530 μιᾶς
2987 1461 3171 1531 πηγῆς
3196 1461 3471 1529 λέγοντες,
3517 1461 3807 1530 θεοφύτους

2235 1556 2299 1608 ὲκ
2343 1554 2499 1626 ῥίζης
2526 1555 2789 1625 βλαστοὺς
2824 1554 2962 1623 ἄνθη
2997 1554 3089 1606 δύο
3126 1557 3188 1607 ὲκ
3221 1555 3421 1608 κλάδου
3471 1554 3614 1620 ἑνὸς,
3660 1554 3808 1623 φῶτα

2234 1646 2328 1699 δύο
2357 1647 2414 1712 ἐξ
2449 1646 2597 1716 ἡλίου
2629 1645 2769 1708 ἑνός.
2834 1646 2941 1698 Καὶ
2968 1647 3017 1698 οἱ
3071 1649 3194 1716 μὲν,
3230 1648 3390 1716 μόνον
3417 1647 3480 1700 τὸ
3550 1647 3795 1701 αίτιατδν

554 1746 923 1809 ὧιθιυιιιεβῑ
946 1760 1009 1799 ex
1038 1744 1126 1799 his
1157 1745 1249 1797 alii
1281 1753 1493 1799 tantum
1518 1742 1771 1797 cﬂ‘eetum
1805 1742 2133 1807 indicantes,

2240 1711 2528 1808 δηλοῦντεξ
2571 1742 2628 1793 ἑν
2662 1739 2941 1810 διαφόροις
2967 1711 3112 1793 οὕτω
3146 1711 3385 1810 λέξεσιν,
3426 1741 3564 1794 αὐτὸ
3592 1740 3812 1811 ὑπῃνίτ-

556 1845 664 1889 tam
694 1837 861 1893 variis
897 1838 1147 1901 vocibus,
1175 1836 1325 1891 illum
1374 1835 1818 1901 subinnuebant;
1883 1834 1975 1888 alii
2007 1848 2134 1888 vero

554 1929 832 1995 quomodo
857 1928 1080 1983 eiiectus
1112 1929 1252 1983 inter
1282 1942 1341 1983 se
1385 1926 1774 1997 respondeant,
1816 1936 1871 1980 et
1907 1926 1973 1979 ad
2006 1941 2135 1979 cau-

555 2032 671 2071 sam
705 2016 1033 2083 rel‘erantur,
1062 2018 1439 2082 ostendentes,
1472 2017 1619 2071 hunc
1646 2017 1865 2087 quidem
1884 2016 2138 2071 dicebant

557 2108 876 2165 immediate
929 2126 993 2163 ex
1046 2110 1245 2178 primo,
1299 2109 1453 2163 illum
1509 2123 1637 2164 vero
1688 2124 1785 2178 per
1834 2123 1984 2175 eum,
2040 2110 2135 2179 qui

557 2199 875 2257 immediate
905 2212 1023 2257 erat
1050 2218 1078 2256 a
1111 2202 1308 2272 primo.
1343 2202 1448 2268 Qui
1477 2216 1606 2256 vero
1650 2211 1831 2273 potest
1875 2204 2137 2259 attentius

557 2296 941 2364 cogitationem
979 2312 1133 2351 suam
1157 2297 1319 2368 ﬁgere
1351 2299 1404 2352 in
1445 2297 1737 2354 dictionem
1794 2299 1953 2362 hanc,
1987 2315 2007 2349 ι
2044 2312 2139 2365 per

557 2400 706 2450 eum,
731 2388 822 2457 qui
860 2388 1173 2443 immediate
1193 2399 1296 2455 est,
1341 2408 1358 2441 ι
1393 2400 1447 2444 et
1497 2404 1710 2459 capere,
1749 2390 2025 2459 quomodo
2070 2404 2138 2442 ex

557 2478 814 2536 Patribus
875 2497 1033 2537 nemo
1093 2498 1333 2554 unquam
1396 2483 1663 2554 Spiritum
1725 2485 2038 2538 immediate
2069 2498 2133 2535 ex

558 2568 719 2624 Patre
750 2573 1006 2638 asseruit,
1047 2573 1139 2629 ille
1177 2586 1229 2628 et
1251 2589 1317 2628 ex
1377 2573 1516 2631 Filio
1570 2573 1835 2644 Spiritum
1893 2573 2055 2638 dicet,
2084 2579 2139 2626 et

558 2675 777 2714 causam
836 2660 982 2717 Patri
1032 2665 1456 2720 conservabit’:
1524 2664 1988 2736 quemadmodum
2046 2662 2137 2734 qui

557 2751 689 2804 dicit
730 2752 969 2808 fructum
1007 2770 1073 2808 ex
1104 2756 1288 2810 radice
1315 2772 1409 2826 per
1439 2772 1672 2822 ramum,
1698 2766 1752 2811 et
1778 2772 1844 2810 ex
1886 2770 2057 2821 ramo,
2084 2764 2138 2809 et

558 2841 784 2897 ﬂuvium
820 2860 883 2898 ex
918 2846 1079 2900 oculo
1113 2863 1208 2916 per
1242 2847 1467 2913 fontem,
1500 2858 1553 2901 et
1584 2863 1648 2901 ex
1682 2847 1853 2902 fonte.

630 2936 742 2990 ὅθ’.
772 2935 837 2990 Ει
867 2938 935 2992 de
970 2938 1053 2993 his
1088 2940 1303 3008 quidem
1336 2941 1450 2994 hmo
1503 2940 1659 2995 satis.
1718 2940 1799 2993 Ad
1857 2954 1921 2993 ea
1983 2952 2133 3003 vero,

2234 1847 2390 1883 τοντο
2415 1847 2428 1860 '
2456 1830 2606 1885 ἄλλοι
2660 1830 2715 1883 δὲ
2765 1832 2859 1884 καὶ
2898 1832 3047 1895 ὅπως
3093 1831 3278 1902 ἔχουσι
3302 1833 3370 1887 τὰ
3394 1824 3621 1887 αἰτιατὰ
3674 1832 3803 1903 πρός

2210 1939 2295 1975 τε
2326 1922 2554 1993 ἄλληλα,
2588 1925 2681 1975 καὶ
2722 1924 2860 1994 πρὸς
2885 1924 2948 1977 τὸ
2986 1926 3162 1979 αῐτιον
3198 1923 3577 1995 ἐμφαίνοντες,
3610 1925 3670 1978 τὸ
3718 1926 3810 1994 μὲν

2236 2014 2421 2078 ἔλεγον
2443 2013 2730 2083 προσεχῶς
2754 2017 2816 2067 εκ
2843 2015 2934 2067 τοῦ
2964 2016 3205 2083 πρώτου,
3236 2015 3297 2069 τὸ
3330 2016 3387 2070 δὲ
3409 2017 3504 2071 διὰ
3521 2016 3614 2071 τοῦ
3649 2032 3809 2086 προσ-

2237 2106 2376 2178 εχῶς
2405 2108 2486 2173 ,ὲκ
2524 2106 2647 2176 τοῦ,
2672 2106 2933 2177 πρώτου.’
2978 2109 3083 2160 Καὶ
3117 2112 3144 2163 ὁ
3196 2109 3498 2180 δυνάμενις
3546 2114 3813 2165 ὲπιστατι·

2237 2195 2480 2267 κὼτερον
2550 2201 2614 2269 τῇ
2677 2198 2818 2265 λέξει
2881 2199 3057 2270 ταύτῃ
3118 2201 3441 2266 ἐπιϐαλεῖν,
3478 2205 3544 2274 τῇ
3596 2204 3684 2257 διὰ
3726 2199 3811 2256 τοῦ

2240 2291 2543 2361 προσεχῶς,
2595 2290 2691 2343 καὶ
2751 2293 2953 2355 συνιεὶς
3006 2294 3155 2357 ὅπως
3217 2294 3338 2347 οὐδὲ
3384 2312 3468 2358 τις
3516 2297 3624 2349 τῶν
3654 2297 3810 2363 ἁγίων

2239 2385 2430 2454 εἴρηκὲ
2496 2401 2597 2438 που
2651 2384 2713 2436 τὸ
2755 2383 2978 2455 Πνεῦμα
3020 2386 3245 2455 ἀμέσως
3292 2389 3355 2440 ὲκ
3418 2388 3518 2440 τοῦ
3573 2387 3809 2458 Πατρδς,

2238 2478 2444 2539 ἐκεῖνος
2500 2477 2595 2531 καὶ
2634 2477 2699 2529 ὲκ
2748 2476 2841 2529 τοῦ
2875 2477 3005 2531 Υίοῦ
3070 2480 3129 2532 τὸ
3158 2479 3553 2552 Πνεῦμαξὲρεί,
3586 2482 3677 2535 καὶ
3723 2480 3810 2551 την

2241 2571 2419 2622 αἰτίαν
2451 2568 2527 2639 τῷ
2592 2571 2769 2642 Πατρὶ
2821 2572 3073 2642 τηρήσει,
3113 2571 3189 2636 ὡς
3220 2573 3444 2641 ὁὶέγων
3479 2574 3577 2627 τὸν
3617 2573 3812 2643 καρπὸν

2239 2662 2303 2713 ὲκ
2327 2661 2426 2729 τῆς
2457 2661 2615 2732 ῥίζης
2662 2662 2751 2714 διὰ
2801 2662 2897 2714 106
2943 2663 3162 2729 κλάδον,
3220 2665 3317 2717 καὶ
3356 2666 3421 2718 ἐκ
3471 2667 3571 2719 τοῦ
3601 2664 3806 2730 κλάδον,

2240 2753 2334 2805 καὶ
2363 2752 2452 2807 τὸν
2481 2753 2722 2831 ποταμὸν
2756 2755 2818 2805 ὲκ
2872 2752 2967 2806 τοῦ
3008 2754 3290 2826 ὀφθαλμοῦ
3347 2756 3434 2811 διὰ
3484 2759 3590 2828 τῆς
3623 2757 3810 2830 πηγῆς,

2238 2843 2331 2895 καὶ
2361 2842 2425 2895 ὲκ
2455 2842 2555 2911 τῆς
2582 2843 2783 2913 πηγῆς.

2305 2941 2397 2989 νε’.
2451 2936 2586 3007 Περὶ
2633 2936 2731 3006 μὲν
2772 2934 2864 2991 οὖν
2897 2936 3102 2993 τούτων
3154 2939 3415 2997 τοσαῦτα.
3455 2944 3608 3015 Πρὸς
3644 2943 3701 2997 δὲ
3745 2940 3809 2995 τέι

560 3045 683 3101 qua:
745 3043 1180 3103 consequuntur,
1218 3034 1586 3090 Methonensis
1613 3035 1777 3101 dicta,
1826 3050 1946 3087 cum
1994 3033 2137 3087 nulla

2244 3024 2442 3094 ἐφεξῆς
2483 3025 2588 3080 τῶν
2626 3026 2721 3080 τοῦ
2769 3027 3036 3100 Μεθώνης
3074 3030 3287 3100 ῥητῶν,
3332 3034 3456 3087 ἐπεὶ
3520 3035 3596 3108 μὴ
3638 3035 3816 3102 καινήν

561 3124 668 3178 alia
700 3138 836 3178 nova
868 3126 1133 3180 sententia
1186 3126 1566 3191 concludatur,
1609 3118 1700 3181 Sed
1727 3126 1938 3190 eadem,
1972 3141 2133 3195 quam

557 3224 614 3267 et
643 3214 733 3267 alii
770 3215 1137 3279 insinnarunt,
1181 3225 1234 3270 et
1285 3218 1375 3271 cui
1444 3233 1540 3272 nos
1588 3233 1748 3287 supra
1802 3218 1913 3288 jam
1976 3218 2138 3273 dictis

560 3308 969 3376 respondimus,
1003 3310 1138 3363 nihil
1171 3310 1428 3376 dicimus,
1462 3310 1894 3378 intempestivam
1946 3326 2138 3381 respu—

562 3407 719 3451 cntes
771 3398 1179 3467 loquacitatem.
1207 3398 1405 3454 Eadem
1437 3400 1581 3453 enim
1616 3400 1814 3470 saepius
1840 3400 2136 3465 inculcare,

562 3498 1007 3558 pertractareque
1037 3490 1456 3544 eumdelirante
1517 3489 1776 3544 futilitatc
1830 3491 2138 3544 satietatem

563 3578 720 3634 affert
760 3596 773 3634 :
809 3581 989 3650 qualia
1021 3591 1166 3647 sunt,
1192 3598 1314 3652 qua:
1343 3583 1395 3635 in
1425 3597 1719 3653 progressu
1750 3582 2011 3636 orationis
2029 3582 2144 3652 agi-

565 3680 770 3734 tantur,
808 3675 874 3726 de
907 3687 1016 3727 uno
1043 3675 1349 3744 principatu
1395 3675 1701 3745 llicologize,
1728 3677 1795 3729 de
1848 3673 2143 3743 singulari-

569 3771 679 3816 tate
706 3765 1068 3833 generationis
1094 3774 1146 3818 et
1175 3765 1564 3834 processionis,
1601 3766 1670 3819 de
1705 3764 2142 3820 iminutabllitate

563 3854 842 3909 liliationis
869 3855 923 3909 in
977 3857 1380 3925 paternitatem,
1409 3868 1462 3910 et
1502 3857 1844 3926 paternitatis
1893 3857 1948 3910 in
2000 3856 2143 3910 lilia-

566 3945 792 4011 tionern,
829 3947 895 4000 de
931 3947 1245 4001 indivisibili
1290 3947 1557 4002 relatione
1587 3948 1652 4001 ad
1701 3948 1809 4001 duo
1847 3948 2141 4018 principia,

563 4037 633 4091 de
694 4037 1105 4093 absolutissima
1162 4038 1499 4108 perleCtione
1563 4039 1901 4108 singularum
1979 4041 2142 4093 trium

564 4143 951 4198 personarum,
1004 4131 1070 4184 de
1098 4131 1417 4184 discrimine
1442 4131 1719 4185 missionis
1747 4139 1810 4185 et
1837 4133 2146 4200 processio-

565 4221 671 4285 nis,
692 4222 744 4274 in
769 4236 874 4290 qua
894 4221 1375 4292 diﬂ‘erentiai‘etiam
1401 4222 1715 4275 admiranda
1734 4222 1818 4276 illa
1836 4224 2142 4292 complicat,

573 4329 592 4362 ι
620 4315 915 4380 procedere
950 4312 1256 4367 Galirielem
1313 4328 1343 4367 a
1373 4311 1553 4379 Patre,
1612 4314 1777 4368 veluti
1823 4318 2052 4370 missum
2113 4333 2143 4371 a

2248 3134 2367 3170 τινα
2405 3117 2621 3187 ἔχουσιν
2642 3118 2854 3174 ἔννοιαν
2894 3122 3046 3193 παρὰ
3069 3122 3170 3194 τὴν
3200 3125 3267 3196 ἢν
3318 3122 3474 3180 εἷπον
3533 3128 3627 3182 καὶ
3658 3127 3812 3192 ἄλλοι,

2249 3208 2386 3278 πρὸς
2426 3209 2494 3279 ἢν
2532 3210 2624 3263 xui.
2662 3211 3061 3283 ἁπηντήσαμεν
3101 3215 3162 3267 ἐν
3211 3218 3323 3279 τοῖς
3365 3219 3655 3292 ἀνωτέρω,
3680 3219 3818 3273 οὐδὲν

2247 3300 2479 3370 λέγομεν
2518 3302 2615 3373 τὴν
2666 3302 2895 3374 ἄκαιρον
2930 3307 3358 3377 παραιτούμενοι
3387 3313 3812 3385 περιττολογίαν.

2249 3394 2331 3448 Τὰ
2383 3395 2492 3466 γὰρ
2558 3396 2697 3449 αὐτὰ
2759 3398 3017 3464 πολλάκις
3083 3402 3565 3474 μεταχειρίζεσθαι
3612 3406 3813 3467 πάντως

2249 3486 2558 3557 προσκορὲς
2598 3489 2692 3541 καὶ
2731 3490 3040 3562 ἀδόλεσχον.
3089 3488 3191 3547 Οἷα
3233 3499 3343 3567 γὰρ
3371 3497 3444 3551 τὰ
3470 3501 3531 3552 ὲν
3562 3502 3671 3562 τοῖς
3696 3497 3813 3566 ἑξῆς

2248 3576 2358 3629 τῶν
2387 3577 2561 3644 λόγων
2603 3580 2767 3632 αὑτοῦ
2805 3584 2930 3652 περὶ
2971 3583 3063 3637 106
3091 3586 3295 3641 ὲνιαῐου
3324 3589 3423 3660 τῆς
3450 3592 3682 3663 ἀρχαίας
3708 3591 3814 3643 θεο-

2250 3668 2436 3737 λογίας
2468 3671 2602 3740 φησὶ
2647 3673 2895 3745 περὶτοῦ
2925 3678 3215 3745 μοναδικοῦ
3249 3682 3348 3751 τῆς
3384 3687 3693 3755 γεννήσεως
3729 3681 3812 3734 καὶ

2248 3756 2347 3831 τῆς
2378 3764 2776 3832 ἐκπορεύσεως,
2812 3769 2940 3839 περὶ
2980 3770 3075 3824 τοῦ
3128 3774 3537 3846 ἀμετακινητου
3584 3778 3681 3847 τῆς
3710 3773 3807 3827 υἱό-

2250 3869 2409 3924 τητος
2440 3854 2519 3916 είς
2545 3855 2882 3927 πατρότητα,
2898 3860 3107 3931 καὶτῆς
3130 3864 3469 3936 πατρὸτητος
3493 3868 3812 3934 είςυῐότητα,

2252 3947 2380 4015 περὶ
2417 3946 2509 3999 τοῦ
2547 3950 2681 4018 πρὸς
2712 3949 2892 4015 διττὰς
2918 3955 3095 4023 ἀρχὰς
3122 3957 3417 4026 ἀμερίστου
3439 3962 3551 4014 τῶν
3570 3962 3812 4032 σχέσεων,

2252 4038 2502 4106 περὶτοῦ
2539 4042 2970 4096 παντελεστάτου
3023 4049 3120 4100 καὶ
3166 4049 3547 4121 πληρεστάτου
3597 4053 3812 4108 ἑκάστου

2251 4129 2361 4181 τῶν
2390 4131 2557 4201 τριῶν
2598 4132 2932 4201 προσώπων,
2974 4138 3105 4207 περὶ
3127 4139 3392 4212 διαφορᾶς
3428 4144 3729 4213 ἀποστολῆς
3760 4155 3813 4194 τε

2253 4220 2346 4272 καὶ
2382 4224 2787 4292 ἐκπορεύσεως,
2842 4227 2926 4296 ἐφ’
2960 4223 3106 4301 ᾗτινι
3145 4231 3381 4305 διαφορᾷ
3428 4238 3527 4290 καὶ
3555 4239 3731 4290 ἐκεῖνα
3754 4232 3814 4285 τὶ

2256 4313 2534 4384 θαυμάσια
2582 4319 3007 4389 ὲπισυμπλὲκει,
3041 4341 3061 4374 ι
3100 4328 3159 4377 1’)
3189 4328 3591 4397 ἐκπορεύεσθαι
3612 4332 3697 4385 τὸν
3719 4327 3816 4381 Γα-

566 4400 678 4457 Deo
704 4402 942 4468 Patre,et
971 4403 1209 4476 Moysem
1260 4421 1480 4475 quoque
1506 4407 1582 4460 uti
1632 4406 1860 4461 missurn
1890 4424 1920 4462 a
1942 4408 2073 4464 Deo.
2120 4428 2137 4460 ι

2250 4405 2411 4478 ὅριὴλ
2458 4409 2608 4481 παρὰ
2651 4412 2900 4483 Πατρὸς,
2937 4415 3012 4479 ὡς
3062 4420 3478 4489 ἀπεσταλμένον
3535 4423 3682 4494 παρᾶ
3726 4416 3814 4471 τοῦ

567 4495 692 4550 Παῖς
722 4497 906 4566 itaque
937 4514 1063 4551 eum
1103 4499 1447 4567 subsequens
1485 4498 1632 4553 illius
1665 4501 1837 4554 oratio
1885 4512 2141 4570 exponat,

526 4590 533 4597 ’
569 4591 660 4656 qui
701 4600 955 4641 accurate
975 4597 1131 4661 antea
1166 4589 1218 4641 in
1247 4590 1348 4641 hoc
1381 4601 1569 4643 nostro
1601 4591 2003 4647 Commentario
2025 4610 2146 4663 per-

569 4689 800 4733 tractata
833 4682 1138 4748 perlegerit,
1170 4681 1235 4733 ad
1274 4682 1364 4736 illa
1386 4685 1838 4748 evertenda,aliis
1864 4703 1971 4740 non
2004 4690 2149 4741 indi-

568 4770 736 4840 gebit.
766 4769 1169 4839 Proptereaquc
1196 4787 1297 4826 nos
1326 4788 1785 4843 supervacaneum
1811 4776 2149 4847 intempesti-

466 4898 475 4909 κ
574 4877 811 4930 \umque
842 4877 964 4917 esse
997 4863 1275 4930 duximus,
1305 4865 1500 4920 iterum
1529 4881 1592 4921 cx
1628 4867 1731 4922 illis
1756 4866 2036 4938 quidpiam
2063 4883 2147 4922 re-

569 4967 751 5024 petere

670 5143 728 5199 ‘7.
775 5141 986 5197 Partem
1012 5158 1174 5212 porro
1202 5142 1347 5198 illam
1379 5143 1811 5200 Methonensium
1852 5144 2145 5211 dictorum,

572 5235 626 5290 in
671 5250 776 5301 qua
810 5235 962 5297 illud,
987 5259 1004 5287 ι
1032 5235 1105 5290 Ex
1139 5252 1258 5291 meo
1291 5238 1572 5307 accipiem
1600 5253 1865 5292 enarrans
1892 5238 1981 5291 ilia
2008 5238 2151 5291 aliir-

570 5336 705 5392 mat,
730 5344 749 5377 ι
789 5328 1014 5382 nihilex
1046 5328 1148 5383 hoc
1174 5329 1319 5383 dicto
1360 5332 1668 5399 evangelico
1718 5328 2045 5399 signiﬁcari,
2083 5344 2148 5383 ex

572 5417 712 5473 Filio
741 5418 1006 5488 Spiritum
1044 5420 1308 5490 accipere,
1345 5436 1528 5475 verum
1548 5436 1612 5473 ex
1651 5420 1830 5484 Patre,
1874 5437 1893 5470 ι
1952 5422 2077 5490 quis
2117 5437 2146 5475 a

570 5517 798 5563 veritate
839 5510 1097 5564 aberrare
1134 5525 1243 5563 non
1303 5508 1768 5572 determinaverit,
1806 5521 1930 5561 cum
1992 5509 2057 5562 de
2086 5522 2150 5562 eo

570 5597 792 5656 Patrum
836 5603 1209 5671 expositiones
1269 5601 1622 5669 percurrerit,
1682 5614 1915 5670 quarum
1962 5616 2066 5655 una
2096 5601 2149 5655 in

570 5691 847 5746 Ancorato
879 5694 1057 5765 magni
1104 5693 1384 5763 Epipltanii
1424 5693 1588 5762 jacet,
1620 5706 1783 5762 quam
1838 5691 1918 5747 Vel
1953 5693 2147 5764 solam,

2245 4499 2382 4555 Θεοῦ
2408 4503 2640 4570 Πατρὸς,
2675 4508 2768 4558 καὶ
2794 4507 2884 4559 τὸν
2922 4509 3167 4580 Μωῦσῆν
3193 4511 3271 4577 δὲ,
3307 4514 3382 4577 ὡς
3414 4511 3815 4581 ἀπεσταλμένον

2248 4596 2401 4667 παρὰ
2457 4595 2620 4650 Θεοῦ.
2654 4616 2672 4648 ι
2706 4599 2841 4668 Περὶ
2893 4600 3153 4655 τοιούτων
3211 4603 3342 4671 γοῦν
3384 4604 3553 4677 οὔσης
3596 4608 3691 4673 τῆς
3718 4599 3816 4653 τῶν

2247 4684 2448 4755 ἐφεξῆς
2491 4687 2665 4755 λόγων
2698 4689 2989 4754 ἐκθέσεως,
3026 4694 3054 4745 ὁ
3100 4694 3378 4766 ἐπιμελῶς
3410 4697 3478 4750 τὰ
3517 4692 3816 4768 προδιειλη·

2253 4778 2392 4846 μένα
2432 4777 2511 4847 τῷ
2547 4777 2690 4848 λόγῳ
2724 4781 2881 4850 ἡμῶν
2915 4782 3159 4837 ἐπελθὼν
3190 4787 3289 4857 οὐχ
3329 4789 3535 4859 ἐτέρων
3576 4786 3816 4855 δεήσεται

2251 4867 2391 4939 πρὸς
2425 4869 2771 4941 ἀντίρρησιν.
2804 4874 2916 4927 Καὶ
2949 4873 3039 4929 διὰ
3061 4875 3235 4932 ταῦτα
3274 4881 3530 4951 περιττὸν
3555 4880 3706 4950 ἡμεῖς
3730 4870 3816 4926 καὶ

2168 5019 2177 5024 ,
2247 4961 2481 5032 ἄκαιρον
2554 4963 2888 5034 ἡγησάμεθα
2954 4969 3133 5022 εἰπεῖν
3198 4986 3254 5023 τι
3316 4972 3413 5025 καὶ
3465 4970 3627 5028 πάλιν
3692 4961 3816 5035 περὶ

2249 5066 2451 5103 αυτων.

2322 5149 2415 5204 νςν.
2451 5141 2563 5215 Τὴν
2593 5142 2651 5196 δὲ
2696 5147 3005 5220 περικοπὴν
3037 5151 3255 5224 ἐκείνην
3282 5153 3393 5209 τῶν
3425 5154 3519 5210 τοῦ
3561 5149 3813 5215 Μεθώνης

2251 5236 2451 5306 ῥητῶν,
2489 5231 2598 5312 ὲνῇ
2622 5239 2704 5306 τὸ,
2742 5260 2760 5291 ι
2787 5240 2882 5294 Ἐκ
2904 5243 2998 5295 τοῦ
3030 5244 3166 5314 ἐμοῦ
3190 5239 3442 5318 λήψεται,
3473 5266 3495 5300 ι
3528 5241 3814 5317 ἐξηγούμεο

2251 5343 2338 5389 νος
2356 5323 2533 5394 οὗτος,
2557 5347 2573 5379 ι
2603 5330 2771 5399 μηδὲν
2808 5331 3004 5402 δηλοῦν
3026 5333 3175 5404 λέγει
3200 5337 3261 5390 τὸ
3291 5334 3644 5409 εὐαγγελιόιῖιν
3666 5345 3813 5389 τοι-’θ

2253 5419 2435 5489 ρητνδν,
2465 5422 2527 5473 τὸ
2552 5422 2617 5474 ἐκ
2642 5421 2736 5476 τοῦ
2776 5423 2906 5478 Υίοῦ
2932 5424 2991 5477 τὸ
3014 5426 3241 5498 Πνεῦμα
3268 5430 3588 5502 λαμϐάνειν,
3620 5426 3730 5482 ἀλλ’
3752 5423 3811 5473 ἐκ

2250 5511 2343 5565 τοῦ
2370 5512 2603 5585 Πατρὺς,
2642 5533 2659 5566 ι
2711 5516 2794 5579 τίς
2850 5517 2915 5571 ἂν
2944 5520 3004 5570 οὐ
3037 5519 3284 5591 διαγνοίη
3312 5524 3701 5597 διαμαρτάνειν
3721 5516 3811 5583 τῆς

2250 5602 2530 5674 ἀληθείας,
2559 5607 2797 5675 ὁπηνίκα
2834 5613 2948 5673 ταῖς
2982 5612 3112 5683 περ)⁸
3142 5614 3235 5666 τοῦ
3259 5616 3428 5687 ῥητοῦ
3469 5617 3658 5671 τούτου
3693 5607 3811 5672 ἔξη-

2252 5698 2445 5769 γήσεσι
2491 5696 2600 5753 τῶν
2651 5699 2915 5772 Πατέρων
2962 5698 3283 5778 ἐντύχῃ.ὧν
3325 5707 3428 5780 μία
3472 5708 3561 5762 καὶ
3596 5706 3629 5776 ἠ
3668 5702 3722 5754 ἐν
3741 5692 3811 5764 τῷ
