4058 6420
304 330 410 397 133

1401 331 1506 393 DE
1548 333 1846 394 UNIONE
1884 332 2440 398 ECCLESIARUM.

3467 338 3575 403 l3!

313 432 572 517 Ἀγκύρῳ
603 442 681 516 τῷ
712 442 807 497 τοῦ
848 442 1084 513 μεγάλου
1155 442 1475 512 Ἐπιφανίου
1521 443 1667 514 λόγῳ
1717 444 1884 511 ἐστὶν,

1994 462 2116 501 cum
2154 463 2262 517 pra:
2292 446 2550 501 omnibi's
2592 446 2714 501 aliis
2756 460 2875 502 esse
2915 446 3108 517 possit,
3167 462 3435 518 apponam
3490 451 3581 506 hic

304 539 374 611 ἢν
422 539 521 591 καὶ
577 535 653 600 ὡς
704 534 827 589 ἀντὶ
870 533 1089 588 πάντων
1142 533 1427 603 ἀρκοῦσαν
1455 533 1764 605 ἐκθήσομαι
1796 535 1894 587 καὶ

294 630 472 683 πάλιν
528 628 585 681 ἐν
628 626 710 697 τῷ
751 627 1005 696 παρόντι,
1051 626 1130 689 εἰς
1160 625 1385 695 ἔλεγχον
1419 627 1517 696 τῆς
1562 626 1891 696 διαστρόφου

301 720 661 791 ἐξηγήσεως,
698 716 807 770 τῶν
853 716 928 789 μὴ
984 715 1440 787 ἑκλαμϐανόντων
1496 716 1557 769 τὸ
1609 718 1773 786 ῥητὸν
1811 717 1891 780 είς

300 811 542 880 δήλωσιν
588 808 682 862 τοῦ
725 804 866 861 εἶναι
899 808 959 860 τὸ
991 806 1216 878 Πνεῦμα
1263 808 1327 860 ὲκ
1356 806 1450 859 τοῦ
1481 806 1645 875 Υίοῦ;
1696 807 1757 860 Ὀ
1783 808 1891 877 γὰρ

300 901 474 963 πολὺς
502 894 660 962 οὗτος
708 900 775 952 τὰ
811 900 929 952 θεῖα
973 899 1292 966 Ἐπιφάνιος
1343 897 1401 951 ἐν
1448 914 1556 951 τινι
1594 898 1752 968 μέρει
1794 899 1889 951 τοῦ

299 994 600 1064 εἰρημένου
659 991 1006 1061 Ἀγκυρωτοῦ
1056 991 1215 1058 λόγου
1249 989 1391 1043 οῦτω
1416 991 1580 1061 φησίν
1606 1007 1618 1018 ·
1670 1010 1689 1041 ‹
1727 992 1788 1045 Ei
1832 990 1889 1043 δὲ

300 1085 544 1155 Χριστὸς
596 1086 660 1137 ὲκ
699 1083 792 1136 τοῦ
827 1082 1040 1152 Πατρὸς
1090 1081 1436 1147 πιστεύεται,
1470 1081 1605 1144 Θεὸς
1637 1083 1701 1134 ἐκ
1729 1080 1887 1146 Θεοῦ,

302 1177 395 1228 καὶ
426 1177 490 1228 τὸ
524 1175 746 1246 Πνεῦμα
778 1176 845 1229 ἐκ
885 1174 978 1227 τοῦ
1009 1173 1272 1245 Χριστοῦ,
1308 1173 1342 1245 ἢ
1382 1174 1513 1245 παρ’
1538 1174 1886 1245 ἀμφοτέρων,

303 1267 378 1331 ῶς
410 1284 580 1337 φησιν
609 1270 635 1320 ὁ
687 1266 944 1337 Χριστὸς,
974 1265 1001 1319 ὃ
1055 1265 1207 1335 παρά
1240 1266 1453 1335 Πατρὸς
1498 1264 1882 1336 ἐκπορεύεται,

301 1360 402 1414 καὶ
453 1356 610 1423 οὗτος
662 1361 729 1412 ὲκ
752 1360 846 1412 τοῦ
900 1358 1031 1412 Υἱοῦ
1061 1357 1292 1428 λήψεται
1318 1371 1340 1390 ⁸
1381 1376 1400 1409 ι
1432 1356 1514 1420 τίς
1542 1357 1652 1413 τῶν
1678 1361 1745 1430 τῇ
1774 1376 1887 1412 τοι-

301 1448 444 1519 αὕτη
496 1448 935 1517 ἐντυγχανόντων
996 1448 1180 1517 γραφῇ
1240 1447 1301 1497 οὐ
1343 1446 1596 1518 διαγνοίη
1628 1448 1694 1501 ἂν
1726 1449 1802 1511 ὼς
1857 1450 1887 1501 ό

301 1540 460 1607 ἅγιος
488 1534 643 1602 οὗτος
666 1541 727 1592 τὸ
748 1542 813 1592 ὲκ
843 1539 934 1592 τοῦ
968 1539 1097 1592 Υίοῦ
1128 1536 1449 1609 λαμϐάνειν,
1478 1541 1560 1600 είς
1596 1539 1655 1591 τὸ
1693 1542 1756 1591 ὲκ
1786 1540 1880 1592 τοῦ

301 1631 435 1686 Υίοῦ
495 1631 766 1702 ὑπάρχειν
803 1632 957 1698 αὐτὸ,
1006 1634 1038 1702 ὴ
1091 1629 1331 1698 λέγουσα
1389 1627 1557 1695 λέξις,
1594 1632 1744 1702 παρά
1786 1631 1881 1685 τοῦ

303 1724 520 1794 Πατρὸς
547 1723 683 1776 αὐτὸ
719 1723 1121 1795 ἐκπορεύεσθαι

1998 539 2220 605 iterum,
2278 542 2343 594 ad
2377 538 2730 593 refellendam
2796 555 3109 610 perversam
3163 542 3576 611 explicationem

1995 646 2188 685 eorum
2235 631 2328 701 qui
2358 632 2563 685 dictum
2610 631 2739 685 illud
2769 647 2876 686 non
2906 632 3238 703 intelligunt,
3286 648 3463 702 neque
3487 646 3580 686 ro-

1994 722 2136 786 lunt,
2168 736 2236 776 eo
2260 721 2488 775 indicari
2520 720 2786 790 Spiritum
2835 735 2956 776 esse
3009 736 3077 776 ex
3123 721 3297 776 Filio?
3350 722 3578 792 Magnus

1994 813 2179 883 itaque
2207 812 2297 866 hic
2326 811 2665 882 Epiphanius
2707 827 2889 866 rerum
2922 811 3229 867 divinarum
3266 812 3578 881 cognitione

1994 904 2110 959 haec
2136 903 2296 957 habet
2325 920 2339 956 :
2374 921 2393 954 ι
2426 902 2482 957 Si
2518 918 2645 957 vero
2690 903 2939 959 Christus
2983 918 3047 957 ex
3082 902 3242 958 Patre
3308 905 3574 970 creditur,

1994 995 2138 1050 Deus
2181 1010 2244 1048 ex
2264 990 2400 1058 Deo,
2426 1002 2480 1046 et
2524 992 2759 1061 Spiritus
2790 1007 2855 1046 ex
2902 992 3144 1056 Christo,
3181 1000 3273 1045 aut
3307 1006 3370 1045 ex
3408 995 3575 1045 utris-

1991 1104 2118 1159 que,
2149 1095 2209 1141 ut
2235 1085 2487 1142 Christus
2518 1084 2665 1150 dicit,
2702 1083 2806 1149 Qui
2828 1100 2859 1136 a
2885 1082 3046 1137 Patre
3083 1084 3335 1150 procedit,
3366 1091 3444 1147 et,
3475 1082 3575 1136 llic

1991 1192 2037 1234 et
2095 1196 2208 1234 meo
2265 1179 2487 1248 accpiet,
2534 1196 2552 1228 ι
2618 1180 2743 1247 quis
2787 1178 3043 1245 scriptum
3092 1176 3198 1229 hoc
3246 1189 3574 1245 percurrens
3612 1160 3624 1183 ⁴

1991 1288 2098 1327 non
2146 1273 2421 1326 discernet
2449 1285 2602 1339 atque
2662 1279 2825 1338 atque
2864 1269 2953 1322 hic
3018 1278 3264 1330 sanctus,
3322 1282 3386 1321 ex
3434 1266 3575 1320 Filio

1988 1364 2257 1432 accipere,
2292 1378 2399 1415 non
2441 1360 2586 1414 aliud
2621 1375 2764 1423 esse,
2817 1374 2983 1428 quam
3005 1374 3070 1412 ex
3109 1358 3248 1412 Filio
3274 1372 3395 1411 eum
3428 1373 3571 1420 esse,

1987 1454 2284 1507 dictionem
2322 1452 2471 1506 illam
2536 1450 2805 1514 indicare,
2872 1464 2935 1502 ex
3001 1445 3305 1502 Patreeum
3375 1462 3568 1515 procc-

1986 1544 2154 1599 due?

377 1812 478 1878 νζ.
514 1813 674 1868 um
694 1814 796 1867 καὶ
817 1816 899 1879 είς
927 1817 1019 1871 τὸν
1042 1820 1172 1889 περὶ
1198 1822 1298 1890 τῆς
1329 1822 1691 1892 ὲμφυσήσεως
1717 1822 1872 1889 λόγον

2038 1818 2137 1875 58.
2169 1817 2272 1873 Sed
2284 1819 2350 1873 de
2372 1818 2557 1873 inflatu
2582 1817 2745 1871 etiam
2775 1816 3033 1887 prolixos:
3049 1816 3427 1886 longioresque
3449 1828 3571 1870 ser-

306 1904 664 1974 πολυστίχους
686 1907 714 1958 ό
738 1905 1005 1977 Μεθώνης
1029 1903 1189 1973 οὗτος
1214 1910 1491 1980 ἐξυφαίνει
1516 1916 1640 1975 τοὺς
1665 1912 1878 1981 λόγους,

301 1995 385 2058 είς
411 1994 474 2048 τὸ
511 1995 794 2060 ἀποδεῖξαι
829 1996 970 2068 τάχα
1016 2002 1389 2068 πνευματικὸν
1441 1998 1581 2056 εἶναι
1630 2004 1881 2072 χάρισμα

295 2087 360 2147 τὸ
393 2088 736 2158 ὲμφυσηθὲν,
775 2089 870 2142 καὶ
902 2089 980 2161 μὴ
1015 2091 1113 2162 τὴν
1159 2094 1413 2163 σχετικὴν
1441 2094 1610 2164 αὐτὴν
1637 2092 1733 2147 τοῦ
1756 2093 1880 2146 ὅλου

292 2180 587 2250 ἐνοίκησιν
627 2180 967 2253 Πνεύματος.
1007 2186 1116 2239 Καὶ
1167 2186 1267 2239 οὐκ
1322 2187 1551 2258 ἐρυθριᾷ
1583 2186 1881 2254 ἀντιλέγων

289 2272 376 2328 είς
406 2273 570 2325 τοῦτο
612 2273 923 2344 ’Δθανασίῳ
955 2274 1032 2346 τῷ
1057 2276 1218 2345 πάνυ,
1246 2278 1510 2351 Βασιλείῳ
1532 2280 1609 2351 τῷ
1634 2281 1878 2351 μεγάλῳ,

289 2365 389 2416 καὶ
420 2362 504 2433 τῷ
539 2362 835 2436 θαυμασίῳ
865 2366 1120 2438 Κυρίλλῳ
1146 2382 1161 2395 ·
1195 2368 1332 2422 ἀλλά
1355 2369 1417 2423 τὸ
1463 2371 1880 2441 πολυσήμαντον

285 2453 389 2507 τοῦ
434 2454 762 2524 Πνεῦματπ
794 2458 1335 2528 μεταχειριζόμενος,
1373 2460 1448 2523 ὡς
1476 2462 1535 2516 ἓν
1568 2481 1618 2515 τι
1646 2463 1758 2516 τῶν
1800 2464 1879 2526 είς

290 2545 601 2615 διαφόρους
652 2548 868 2611 ἑννοίας
903 2548 1321 2621 εὑρισκομένων
1370 2554 1523 2623 παρά
1569 2557 1637 2624 τῇ
1684 2555 1876 2625 Γραφῇ

288 2633 586 2705 ὀνομάτων
610 2634 706 2688 τοῦ
733 2636 873 2688 Πνεύ
881 2654 1073 2707 ματος,
1097 2640 1192 2693 καὶ
1215 2640 1276 2694 τὸ
1306 2641 1704 2713 ὲμφυσώμενον
1730 2646 1880 2713 παρὰ

288 2725 385 2780 τοῦ
438 2726 574 2779 Υίοῦ
608 2727 836 2797 Πνεῦμα
871 2728 1174 2800 λαμϐάνειν
1208 2731 1401 2787 ἐθέλει.
1444 2736 1533 2787 Ἐν
1569 2731 1648 2799 οἷς
1679 2736 1774 2789 καὶ
1803 2736 1879 2799 ὠς

290 2817 588 2887 ὲμπαίζων
607 2819 769 2890 δῆθεν
805 2819 883 2891 τῷ
927 2820 1114 2893 Ἰταλῷ
1138 2862 1154 2889 ,
1189 2824 1284 2877 καὶ
1316 2824 1611 2897 πολυσχιδῆ
1637 2829 1736 2898 τὴν
1781 2827 1877 2881 τοῦ

291 2907 444 2961 θείου
475 2908 802 2978 Πνεύματος
833 2905 1061 2980 πρόοδον
1114 2912 1180 2965 ἐκ
1224 2912 1323 2982 τῆς
1384 2914 1597 2976 ἐννοίας
1650 2913 1875 2982 ταύτης,

289 3000 698 3071 ἀναφαίνεσθαι
741 3000 925 3070 λέγει,
966 3001 1100 3055 ἰδίαν
1143 3003 1437 3056 ἀποκαλῶν
1468 3004 1692 3075 πρόοδον
1742 3005 1880 3057 αὐτὸ

288 3096 353 3148 τὸ
381 3094 540 3148 δοθὲν
593 3096 709 3157 τοῖς
756 3094 1076 3158 ἀποστόλοις
1129 3095 1466 3166 ἐμφύσημα,
1499 3098 1592 3150 καὶ
1644 3097 1780 3151 ίδίαν
1818 3097 1877 3150 τὸ

1984 1927 2172 1968 mones
2191 1912 2555 1967 hlethonensis
2576 1911 2945 1974 iste°contexit,
2970 1920 3027 1964 ut
3047 1910 3276 1964 fortasse
3292 1924 3574 1963 common-

1983 2014 2137 2069 stret,
2162 2005 2443 2074 spirituale
2466 2019 2587 2059 esse
2615 2003 2843 2069 donum,
2874 2002 3016 2073 quod
3044 2002 3282 2056 innatum
3302 2001 3500 2067 fuerat,
3519 2009 3574 2055 et

1982 2111 2091 2149 non
2145 2095 2429 2149 relativam
2464 2094 2636 2162 ipsam
2698 2093 2865 2149 totius
2921 2093 3161 2163 Spiritus
3208 2091 3567 2147 inhabitatio-

1983 2200 2127 2239 nem.
2178 2184 2367 2255 Neque
2394 2186 2672 2239 erubescit
2701 2184 2754 2236 in
2834 2197 2902 2237 eo
2959 2182 3343 2238 contradicens
3376 2195 3573 2250 magno

1980 2275 2301 2339 Athanasio,
2356 2290 2556 2344 magno
2619 2271 2840 2343 Basilio,
2875 2284 2929 2330 et
2991 2274 3299 2330 admirabili
3346 2272 3571 2344 Cyrillo,

1982 2366 2078 2422 sed
2130 2366 2388 2421 dictionis
2412 2367 2649 2436 Spiritus
2677 2369 2857 2420 varios
2890 2365 3230 2436 signiﬁcatus
3276 2364 3569 2433 arripiens,

1983 2456 2218 2527 Spiritus
2246 2472 2447 2512 nomen
2499 2458 2662 2512 veluti
2694 2473 2861 2526 unum
2917 2458 3092 2520 exiis,
3125 2470 3249 2525 quas
3281 2456 3336 2507 in
3368 2455 3572 2523 divinis

1981 2547 2202 2601 Litteris
2240 2547 2420 2601 varias
2471 2548 2771 2602 sententias
2798 2548 3098 2612 insinuant,
3130 2545 3393 2618 Spiritum
3436 2560 3575 2615 quo-

1983 2655 2090 2706 que
2121 2654 2151 2693 a
2179 2639 2318 2694 Filio
2345 2638 2588 2693 inﬂatum
2616 2640 2864 2709 accipere
2896 2648 3148 2707 conatur,
3185 2639 3385 2709 quibus
3413 2636 3571 2708 quasi

1980 2729 2214 2785 illudens
2255 2730 2408 2795 Italo,
2444 2729 2594 2784 varie
2619 2745 2683 2785 ac
2718 2728 3072 2783 multifariam
3127 2730 3359 2791 divisum
3400 2724 3573 2783 divini

1982 2820 2219 2891 Spiritus
2253 2835 2572 2891 processum
2609 2836 2674 2875 ex
2728 2821 2828 2875 hac
2865 2821 3136 2875 sententia
3181 2834 3446 2889 apparere
3475 2833 3574 2873 au-

1984 2922 2178 2980 tumat,
2213 2914 2503 2984 specialem
2537 2927 2741 2968 vocans
2772 2927 3114 2983 processum,
3139 2914 3319 2981 ipsum
3348 2924 3574 2982 aposto-

1982 3007 2050 3061 lis
2089 3006 2345 3060 traditum
2379 3003 2648 3072 inflatum,
2680 3012 2733 3060 et
2767 3004 3058 3074 specialem
3115 3004 3416 3074 antiquitus
3447 3019 3572 3059 cum

1984 3097 2167 3152 anima
2197 3097 2434 3166 primum
2479 3107 2664 3152 creato
2696 3096 2903 3150 homini
2959 3095 3232 3165 inflatum,
3281 3094 3391 3151 nec'
3437 3110 3569 3160 non,

290 3192 465 3246 πάλαι
492 3190 638 3261 μετά
668 3188 848 3260 ψυχῆς
871 3188 949 3260 τῷ
985 3162 1398 3260 πρωτοπλάστω
1423 3188 1760 3259 ὲμφυσηθὲν,
1790 3188 1884 3240 καὶ

1988 3190 2084 3258 qui
2114 3189 2378 3244 cmlorum
2411 3188 2727 3243 facultatem
2761 3189 3018 3256 munivit,
3062 3203 3159 3243 nec
3206 3188 3573 3257 comprehcn-

293 3282 374 3338 ἐτι
406 3285 473 3336 τὸ
500 3282 688 3335 πᾶσαν
719 3280 1031 3351 στερεῶσαν
1060 3279 1170 3333 τῶν
1202 3281 1452 3352 οὐρανῶν
1490 3280 1588 3352 τὴν
1630 3279 1882 3349 δύναμιν.

293 3380 405 3432 Καὶ
434 3378 497 3431 οὒ
530 3376 749 3431 σύνοιδε
786 3374 954 3447 μηδὲν
975 3376 1032 3431 ἐν
1063 3375 1272 3438 τούτοις
1304 3374 1454 3443 ὑγιὲς
1486 3371 1648 3429 εἶναι.
1681 3375 1753 3427 Οὐ
1777 3375 1886 3443 γὰρ

292 3469 322 3521 ὁ
373 3469 580 3533 Ἰταλὸς
628 3468 753 3521 τότε
808 3467 1080 3539 λαμϐάνει
1117 3466 1390 3537 ὕπαρξιν,
1436 3467 1784 3536 τερατολογεί
1823 3467 1885 3519 τὸ

299 3560 770 3632 συμπληρωτικὸν
819 3560 920 3630 τῆς
972 3560 1203 3629 Τριάδος
1243 3559 1486 3629 Πνεῦμα,
1519 3561 1605 3612 ὅτε
1634 3558 1710 3628 τῷ
1742 3574 1884 3629 πρω-

290 3654 590 3724 τοπλάστῳ
644 3654 949 3723 ὲνεφυσᾶτο
996 3652 1148 3723 παρά
1196 3651 1292 3705 τοῦ
1335 3650 1795 3722 δημιουργοῦντος
1824 3652 1886 3703 τὸ

291 3744 595 3815 πρότερον,
643 3745 739 3796 καὶ
791 3746 907 3806 τοῖς
937 3742 1209 3814 μαθηταῖς
1244 3745 1396 3811 παρὰ
1416 3741 1510 3796 τοῦ
1539 3743 1787 3812 Σωτῆρος
1819 3744 1879 3796 τὸ

290 3835 555 3906 δεύτερον
575 3850 589 3865 ο
628 3833 751 3887 οὐδὲ
779 3834 1055 3896 οὐσιωδῶς
1082 3833 1299 3898 δοξάζει
1321 3836 1432 3896 τοῖς
1461 3834 1734 3903 μαθηταῖς
1754 3832 1886 3884 αὐτὸ

291 3929 554 3994 ἐνοικεῖν,
606 3925 743 3980 ἀλλά
783 3927 884 3996 τὴν
930 3924 1184 3997 σχετικὴν
1240 3924 1335 3977 τοῦ
1390 3925 1515 3978 ὅλου
1568 3923 1885 3993 Πνεύτατος

291 4019 580 4090 ἐνοίκησιν
633 4018 925 4089 σημαίνειν
969 4016 1316 4089 βουλόμενος,
1336 4016 1434 4086 τὴν
1482 4016 1755 4095 ἀρρήτως,
1790 4016 1886 4068 καὶ

290 4113 440 4183 ὑπὲρ
479 4113 645 4180 λόγον
703 4110 1068 4181 έγγινομένην
1097 4113 1208 4172 τοῖς
1261 4108 1685 4177 ὑποδεχομένοις
1751 4108 1885 4160 αὐτὸ

289 4202 681 4272 διαγωνίζεται
736 4201 873 4272 πρὸς
934 4199 1233 4263 ἀπόδειξιν,
1282 4198 1379 4251 τοῦ
1437 4198 1513 4268 μὴ
1559 4198 1769 4251 διδόναι
1824 4197 1886 4249 τὸ

290 4296 527 4366 Πνεῦμα
581 4296 671 4346 τὸν
724 4294 871 4358 Υίὸν,
902 4287 981 4355 οἷς
1005 4291 1069 4345 ἂν
1102 4291 1193 4344 καὶ
1235 4290 1474 4355 δίδωσιν,
1497 4290 1573 4352 ὡς
1600 4289 1884 4360 ἀλλότριον

288 4390 390 4461 τῆς
420 4387 621 4449 οὐσίας
649 4386 840 4452 αὐτοῦ,
873 4386 968 4438 καὶ
996 4384 1070 4447 ῶς
1096 4384 1176 4454 μὴ
1204 4385 1267 4436 ὲκ
1295 4383 1394 4452 τῆς
1427 4382 1612 4443 οὐσίας
1639 4383 1884 4453 ὑπάρχον

1988 3281 2068 3336 dit
2092 3297 2149 3335 se
2178 3281 2231 3335 in
2270 3280 2357 3335 his
2384 3281 2519 3335 nihil
2551 3296 2743 3335 sanum
2771 3281 2983 3336 all‘erre.
3019 3280 3207 3352 Neque
3231 3281 3375 3334 enim
3405 3281 3574 3336 Italus

1987 3381 2100 3427 tum
2131 3374 2505 3429 exsistentiam
2540 3374 2790 3443 accipere
2823 3376 3132 3445 prodigiose
3162 3374 3440 3444 contingit,
3476 3374 3571 3443 qui

1985 3477 2068 3523 est
2090 3468 2544 3536 complementum
2583 3466 2821 3533 Triadis,
2852 3466 3140 3535 Spiritum,
3174 3482 3298 3521 cum
3330 3467 3569 3535 primum

1985 3566 2169 3613 creato
2229 3556 2436 3611 homini
2484 3556 2778 3612 inﬂabatur
2812 3557 2880 3611 ab
2910 3557 3102 3626 epitice
3129 3557 3279 3625 prius
3324 3568 3379 3611 et
3414 3557 3572 3610 dein-

1985 3664 2113 3717 ceps
2163 3649 2446 3719 discipulis
2516 3665 2546 3704 a
2602 3649 2894 3705 Servatore
2931 3669 2944 3705 :
2976 3666 3155 3720 neque
3203 3649 3574 3705 esscntialitcr

1985 3743 2268 3813 discipulis
2316 3744 2463 3796 illum
2491 3743 2799 3797 inhabitare
2825 3744 3122 3805 existimat,
3159 3744 3251 3797 sed
3286 3743 3567 3796 relatiiam

1988 3837 2149 3891 totius
2184 3837 2890 3905 Spiritusinhabitationem
2917 3836 3178 3891 denotare
3207 3837 3415 3900 volens,
3451 3849 3574 3887 rer-

1988 3927 2180 3982 borum
2236 3928 2343 3981 vim
2390 3937 2444 3982 et
2489 3929 2683 3983 mentis
2725 3937 3049 3998 conceptum
3108 3936 3452 3995 superantem
3514 3926 3570 3979 in

1988 4018 2115 4082 illis,
2146 4018 2237 4087 qui
2300 4018 2450 4071 illum
2484 4018 2780 4087 accipiunt,
2829 4016 3110 4071 contendit
3165 4016 3567 4079 demonstrare,

1986 4124 2097 4163 non
2156 4110 2292 4162 tradi
2326 4109 2591 4178 Spiritum
2622 4126 2650 4164 a
2676 4109 2832 4163 Filio.
2867 4109 3283 4178 quibuscunque
3316 4106 3403 4160 ille
3463 4117 3573 4158 tra-

1985 4202 2165 4265 datur,
2196 4200 2355 4255 reluti
2389 4202 2458 4255 al)
2486 4201 2724 4256 essentia
2757 4200 2901 4255 illius
2928 4200 3189 4258 alienum,
3246 4207 3300 4250 et
3329 4199 3395 4250 ab
3426 4197 3571 4250 ilius

1986 4298 2223 4351 essentia
2259 4311 2367 4350 non
2395 4293 2767 4354 exsistentem,
2803 4292 2897 4346 sed
2929 4290 3090 4344 veluti
3118 4305 3180 4342 ex
3211 4303 3271 4341 se
3309 4301 3572 4341 emanan-

1987 4397 2092 4444 tem
2126 4388 2275 4441 illum
2313 4388 2583 4448 mittente,
2619 4392 2673 4436 et
2705 4382 2869 4436 veluti
2905 4382 3174 4450 propriam
3208 4379 3565 4447 spiratiOnem

288 4482 487 4547 αὑτοῦ,
518 4478 642 4533 ἀλλ’
678 4478 753 4541 ὡς
793 4477 1081 4546 αὐτοφυῶς
1107 4475 1239 4529 αὐτὸ
1282 4476 1659 4544 ἐκπέμποντα,
1693 4478 1785 4529 καὶ
1813 4476 1884 4539 ὡς

1992 4480 2362 4544 esscntialeni,
2393 4487 2444 4531 et
2472 4477 2525 4529 in
2553 4474 2831 4546 hypostasi
2854 4474 3178 4528 ellundente.
3213 4471 3366 4524 ltlum
3400 4470 3571 4539 siqni-

287 4580 508 4630 οἰκείαν
557 4573 729 4643 πνοὴν
755 4571 990 4641 οὐσιώδη
1044 4570 1139 4623 καὶ
1186 4568 1558 4621 ὲνυπόστατον
1585 4567 1646 4632 ἐξ
1685 4568 1885 4621 ἑαυτοῦ

287 4669 627 4741 προχέοντα.
682 4665 822 4717 Αὐτὸ
863 4665 974 4733 γὰρ
1010 4663 1085 4732 μὴ
1131 4660 1272 4714 οὓτω
1327 4659 1548 4724 διδόναι,
1587 4660 1698 4714 τῶν
1748 4662 1890 4715 κατά

291 4766 541 4833 μετοχὴν
579 4760 810 4828 ἐχόντων
830 4758 965 4810 αὐτὸ
1003 4757 1096 4808 καὶ
1118 4754 1367 4807 διδόντων
1419 4752 1558 4817 ἐστὶ,
1593 4753 1889 4822 προφητῶν

287 4858 497 4927 δηλαδὴ
524 4870 590 4907 τε
622 4851 721 4905 κοιλ⁸
744 4850 1077 4910 ἀποστόλων,
1109 4847 1204 4900 καὶ
1230 4845 1339 4898 τῶν
1375 4842 1765 4915 μετ’δέκείνους
1796 4843 1888 4896 τοῦ

289 4944 672 5006 ἀποστολικοῦ
710 4942 1033 5013 ἠξιωμένων
1081 4938 1444 5009 χαρίσματος.

369 5048 478 5113 νη’.
518 5039 687 5092 Ἐπεὶ
713 5036 770 5087 δε
800 5034 963 5087 πάλιν
994 5033 1054 5085 ὲν
1085 5033 1197 5094 τοῖς
1240 5032 1368 5101 ἑξῆς
1388 5071 1404 5097 ,
1440 5034 1469 5084 ό
1522 5033 1622 5101 μὲν
1660 5029 1888 5089 Λατῖνος

296 5137 377 5201 si;
415 5131 703 5196 ἀπόδειξιν
751 5125 844 5180 τοῦ
909 5118 1051 5179 εἶναι
1100 5123 1162 5176 τὸ
1216 5123 1447 5195 Πνεῦμα
1497 5124 1562 5175 ὲκ
1618 5121 1710 5174 τοῦ
1760 5117 1888 5172 Υίοῦ

299 5227 677 5301 προϐάλλεται
724 5220 787 5273 τὸ
837 5214 1094 5286 λέγεσθαι
1120 5216 1182 5267 τὸ
1224 5215 1456 5286 Πνεῦμα
1490 5213 1715 5283 Πνεῦμα
1752 5212 1889 5280 Χριο

301 5325 463 5377 στοῦο
493 5324 523 5375 ὁ
580 5317 641 5371 δὲ
696 5313 969 5382 Μεθώνης
1014 5310 1408 5380 ἀνθυποφέρει,
1444 5327 1463 5359 ι
1497 5307 1573 5360 Οὐ
1604 5308 1713 5360 πᾶν
1753 5305 1891 5372 ὅπερ

305 5419 418 5472 isti
464 5433 661 5480 τινος,
710 5412 813 5483 ἦδη
881 5408 979 5462 καὶ
1033 5406 1095 5471 ἐξ
1134 5405 1340 5458 αὐτοῦ·
1395 5402 1491 5455 καὶ
1532 5401 1606 5463 ὡς
1671 5395 1895 5468 μετάθεο

307 5527 386 5563 σιν
415 5505 714 5580 πατρικῶν
753 5501 947 5572 ὁρίων,
1007 5499 1103 5550 καλ⁸
1134 5492 1491 5560 καινοτομίαν
1515 5489 1888 5559 κηρύγματος,

303 5609 389 5659 καὶ
438 5577 683 5665 πίστεως
744 5590 1187 5666 παραχάραξιν,
1254 5588 1349 5643 καὶ
1397 5586 1545 5657 ἀρῶν
1605 5577 1890 5650 ἐπιφορὰν,

306 5703 389 5752 καὶ
421 5701 677 5754 ἀτέλειαν
730 5691 841 5762 τῆς
894 5686 1004 5738 τῶν
1057 5684 1229 5753 ἁγίων
1280 5678 1595 5749 ὁμολογίας,
1644 5676 1736 5727 καὶ
1796 5687 1895 5742 μα-

298 5800 537 5867 ταιότητα
581 5792 700 5845 τῶν
768 5777 1133 5857 μαρτυρικῶν
1182 5772 1380 5839 ἄθλων,
1416 5773 1511 5823 καὶ
1567 5766 1676 5819 τῶν
1724 5766 1893 5833 ἀσκε-

1988 4574 2108 4629 dem
2144 4588 2248 4627 non
2284 4572 2385 4625 ista
2417 4570 2627 4624 ratione
2656 4568 2869 4622 tradere
2920 4580 3106 4620 eorum
3142 4572 3242 4629 est,
3280 4565 3368 4633 qui
3418 4565 3569 4617 illum

1988 4664 2400 4733 participatione
2435 4659 2739 4729 possident,
2789 4667 2843 4710 et
2890 4657 3129 4716 tradunt,
3182 4656 3570 4723 prophetarum

1991 4756 2201 4811 scilicet
2227 4763 2281 4808 et
2328 4752 2722 4821 apostolorum,
2767 4759 2818 4804 et
2859 4757 2980 4818 post
3036 4763 3130 4803 eos
3181 4747 3569 4817 insignitorum

1991 4846 2296 4916 apostolico
2338 4858 2584 4897 munere.

2065 5034 2178 5090 58'.
2211 5034 2343 5087 Cum
2368 5041 2548 5084 autem
2590 5042 2782 5082 rursus
2812 5025 3220 5096 insequentibus
3252 5022 3476 5077 Latinus
3503 5020 3571 5074 ad

1994 5125 2499 5184 dentonstratnlum,
2532 5119 2793 5190 Spiritum
2826 5132 2947 5172 esse
2993 5132 3059 5171 ex
3089 5115 3248 5178 Filio,
3287 5120 3568 5184 proponat,

1994 5217 2140 5289 quod
2160 5217 2372 5271 dicatur
2405 5211 2659 5282 Spiritus,
2693 5209 2929 5278 Spiritus
2952 5207 3173 5269 Christi,
3207 5202 3570 5258 )letlnonensis

1995 5316 2192 5365 contra
2226 5305 2471 5375 0pp0t.it,
2509 5321 2526 5354 ι
2557 5302 2674 5356 Νοη
2701 5298 2968 5371 quidquid
3009 5297 3263 5365 alicujus,
3296 5293 3346 5346 id
3383 5292 3492 5363 jam
3517 5301 3571 5345 et

1994 5413 2060 5453 ex
2082 5411 2147 5451 eo
2171 5404 2287 5458 est;
2329 5411 2347 5444 ι
2381 5399 2436 5445 et
2466 5398 2812 5459 paternorum
2842 5387 3197 5440 terminorum
3233 5382 3570 5434 immutatio-

1996 5504 2140 5553 nem,
2162 5495 2217 5541 et
2249 5483 2658 5556 przedicationis
2687 5480 3110 5538 innovationcm,
3134 5486 3185 5529 et
3211 5472 3333 5527 ﬁdei
3365 5486 3570 5542 praera-

2001 5581 2341 5638 ricationem,
2378 5589 2430 5630 rt
2464 5577 2706 5630 dirarum
2767 5571 3206 5640 impressionem,
3246 5576 3299 5621 et
3351 5578 3570 5620 sancto-

2000 5688 2122 5727 rum
2174 5667 2538 5726 confessionis
2603 5664 3092 5736 imperfcctionem,
3144 5669 3198 5715 et
3269 5671 3568 5730 martyrum

1980 5764 2360 5819 'certaminum
2416 5758 2761 5820 inanitatem,
2820 5763 2871 5808 et
2906 5751 3265 5807 asceticorum
3323 5750 3570 5804 laborum
