4058 6420
560 281 659 343 139

1575 280 1787 341 JOAN.
1831 280 2044 342 νεῖαι
2086 284 2194 344 ce.
2242 285 2751 346 rxrunucua
3704 274 3793 352 lto

555 403 744 453 rerum
803 391 904 444 etsi
966 389 1083 445 Itali
1120 398 1373 445 asserant
1422 391 1718 460 procedere
1767 391 2028 462 Spiritum
2065 407 2128 448 ex

2234 396 2342 459 δείς
2365 412 2378 426 ⁸
2411 399 2494 449 ὅτι
2532 396 2589 450 δὲ
2620 398 2707 451 διὰ
2738 398 2798 450 τὸ
2850 398 3029 466 λέγειν
3060 400 3184 460 τοὺς
3233 396 3482 460 Ἰταλοὺς
3527 402 3795 468 {1:209:55—

557 482 715 534 Patre
763 489 818 534 et
861 478 1018 541 Filio,
1057 497 1163 535 non
1212 481 1320 535 duo
1348 480 1612 551 principia
1641 482 1807 538 unius
1849 495 2031 549 erunt,
2074 495 2128 539 et

560 574 661 628 hoc
724 589 957 643 magnus
1037 574 1271 628 Basilius
1341 574 1489 629 dicto
1558 589 1660 629 suo
1729 577 2129 645 comprobabit,

563 684 582 715 ‹
620 665 763 734 quod
798 681 827 717 a
862 662 999 719 Filio
1032 664 1233 719 dicitur
1294 680 1437 729 esse,
1489 664 1555 718 ad
1620 666 1852 733 primatu
1905 682 2129 719 causam

559 754 775 810 Patrem
827 755 1037 817 referri,
1081 774 1099 806 ι
1139 756 1409 809 scribens.
1447 752 1580 807 Nam
1616 756 1708 823 qui
1763 756 1865 821 hac
1921 757 2132 809 ratione

558 862 839 901 sermones
867 845 1179 914 perpendct,
1201 844 1270 897 ob
1294 845 1634 898 enuntiatum
1657 845 1864 906 dicens,
1886 862 1950 899 ex
1977 846 2132 901 Patre

556 945 610 991 et
645 935 780 991 Filio
836 952 956 991 esse
991 934 1276 1005 Spiritum,
1329 949 1607 1002 nunquam
1638 934 1914 989 llomauos
1942 936 2131 990 crimi-

562 1031 804 1092 nabitur,
838 1027 992 1098 quasi
1034 1029 1141 1081 duo
1167 1026 1435 1095 principia
1484 1026 1722 1095 Spiritus
1750 1026 2125 1092 decernentes,

518 1158 525 1167 .
561 1130 685 1170 cum
720 1115 931 1177 dicunt,
989 1115 1284 1183 procedere
1313 1111 1577 1182 Spiritum
1611 1130 1675 1167 ex
1701 1111 1861 1168 Patre
1890 1125 1942 1168 et
1971 1112 2128 1169 Filio.

557 1206 623 1261 Et
673 1208 789 1261 Itazc
834 1206 901 1261 de
961 1205 1139 1275 primo
1188 1203 1528 1275 syl10gismo.
1575 1205 1858 1260 Secundus
1911 1207 2135 1277 syllogi-

558 1313 711 1353 smus
742 1306 827 1351 est
856 1313 870 1348 :
902 1315 919 1349 ι
954 1296 1088 1350 Cum
1124 1312 1184 1349 ex
1221 1294 1438 1349 duobus
1471 1310 1590 1349 csse
1627 1296 1912 1365 Spiritum,
1943 1300 2131 1351 amba-

558 1405 677 1442 rum
739 1402 1099 1457 personarum
1173 1385 1643 1456 imperfectionetn
1717 1387 2045 1441 introducat.
2108 1406 2125 1439 ι

560 1480 846 1534 Sufﬁcient
900 1480 964 1533 ad
1027 1479 1174 1532 hunc
1237 1476 1656 1541 confutandam,
1720 1494 1842 1548 qua:
1898 1495 1924 1531 a
1973 1479 2131 1534 nobis

557 1573 706 1626 dicta
731 1581 902 1636 sunt,
958 1572 1022 1625 ad
1078 1569 1431 1624 evettcndum
1476 1586 1642 1623 unum
1675 1569 1918 1639 ejusdem
1968 1582 2132 1639 atque

558 1666 660 1718 iste
694 1664 974 1718 scutentiw
1008 1680 1068 1717 cx
1122 1664 1298 1717 Pltotii
1337 1662 1666 1733 syllogismis
1699 1680 1712 1715 :
1742 1677 1864 1716 cum
1897 1664 2129 1731 propria:

2235 488 2361 541 σθαι
2394 490 2454 542 τὸ
2483 489 2707 559 Πνεῦμα
2734 491 2797 544 ὲκ
2826 491 3038 560 Πατρδς
3069 492 3161 543 καὶ
3200 490 3348 554 Υίοῦ,
3379 491 3503 561 οὐχὶ
3527 491 3614 545 δύο
3641 494 3786 562 ἀρχαὶ

2231 580 2324 632 τοῦ
2356 582 2471 642 ἐνὸς
2496 581 2732 645 ἔσονται,
2762 585 2789 635 ὁ
2832 581 3003 652 μέγας
3032 583 3309 644 Βασίλειος
3343 583 3674 653 μαρτυρήσει
3705 589 3787 635 καὶ

2233 674 2417 736 πάλιν,
2456 691 2474 723 ι
2514 674 2571 725 τὸ
2599 674 2749 743 παρὰ
2782 673 2874 726 τοῦ
2903 673 3036 727 Υἱοῦ
3080 675 3375 744 λεγόμενον
3408 668 3564 739 εἶναι,
3598 676 3671 736 είς
3701 676 3788 744 τὴν

2235 762 2459 833 πρῶτην
2528 767 2711 817 αἰτίαν
2758 766 2849 817 τὸν
2901 767 3122 833 Πατέρα
3171 765 3561 837 ἀναφέρεσθαι,
3596 766 3787 833 λέγων’

2238 872 2257 903 ι
2281 852 2338 904 ὐ
2369 858 2477 923 γὲρ
2504 853 2645 909 οὕτω
2676 858 2797 918 τοὺς
2819 856 3005 924 λόγου,
3026 855 3403 926 διανοούμενος
3432 856 3528 926 τῆς
3550 856 3791 923 λεγούσης

2229 945 2436 1013 φωνῆς,
2470 949 2533 997 ἐκ
2560 946 2652 998 τοῦ
2697 948 2909 1015 Πατρὶς
2944 948 3037 1000 καὶ
3066 948 3158 1000 τοῦ
3199 946 3326 1000 Υἱοῦ
3363 941 3502 1001 εἶναι
3538 946 3599 999 τὸ
3636 946 3794 1000 [Ινιῖῖι⁸

2234 1053 2333 1103 μα,
2375 1038 2473 1088 οὐκ
2504 1036 2568 1089 ἄν
2598 1053 2729 1090 ποτε
2793 1040 2919 1100 τοὺς
2965 1039 3275 1108 Ῥωμαίους
3304 1038 3570 1102 διαϐαλεῖ,
3605 1038 3677 1102 ὡς
3710 1038 3795 1090 δύο

2231 1129 2405 1197 ἀρχὰς
2448 1129 2541 1181 τοῦ
2596 1129 2913 1200 Πνεύματος
2952 1130 3379 1200 δογματίζοντας
3417 1133 3475 1184 ὲν
3512 1130 3591 1200 τῷ
3628 1130 3797 1199 λέγειν

2233 1220 2455 1278 αὑτοοτ.
2515 1221 2918 1290 ἐκπορεύεσθαι
2956 1221 3016 1273 τὸ
3064 1221 3287 1291 Πνεῦμα
3331 1225 3397 1276 ὲκ
3449 1223 3657 1292 Πατρὶς
3712 1225 3796 1275 καὶ

2236 1310 2390 1364 Υίοῦ.
2430 1313 2536 1363 Καὶ
2584 1312 2755 1364 ταῦτα
2812 1313 2912 1381 μὲν
2962 1314 3089 1382 περί
3139 1313 3233 1365 τοῦ
3283 1315 3541 1384 ῥηθέντος
3591 1314 3797 1385 πρῶτον

2235 1401 2615 1472 συλλογισμοῦ.
2684 1405 2743 1456 ὐ
2810 1405 2864 1456 δὲ
2923 1402 3033 1457 τῶν
3104 1403 3482 1474 συλλογισμῶν
3535 1403 3794 1474 δεύτερος,

2240 1510 2259 1543 ι
2300 1494 2451 1544 Ἐπεὶ
2479 1494 2539 1544 τὸ
2571 1492 2629 1557 ἐξ
2661 1495 2865 1562 apem
2890 1488 3030 1545 εἶναι
3056 1493 3114 1545 τὸ
3147 1493 3373 1563 Πνεῦμα
3406 1493 3652 1547 ἀτέλειαν
3672 1488 3799 1546 εἶναι

2234 1584 2327 1636 καὶ
2374 1586 2700 1655 ἀμφοτέρων
2760 1585 2868 1637 τῶν
2936 1584 3245 1655 προσώπων
3291 1586 3559 1656 ὁρίζεται,
3590 1584 3798 1654 ἀρκέσει

2232 1673 2378 1742 αὐτῷ
2409 1676 2489 1736 είς
2523 1674 2856 1745 ἀνατροπὴν,
2890 1676 2988 1727 ὅσα
3020 1677 3149 1745 ἡμῖν
3199 1678 3401 1748 ἐρρέθη
3448 1677 3530 1740 είς
3587 1676 3800 1743 ἀνατρο-

558 1758 893 1827 probationis
933 1759 1213 1811 materiam
1270 1758 1484 1822 habeat,
1551 1770 1660 1810 non
1709 1771 1872 1825 posse
1922 1756 2126 1826 aliquid

2236 1767 2347 1837 πὴν
2389 1766 2529 1830 ἑνὸς,
2558 1765 2651 1820 τοῦ
2681 1768 2778 1837 τῆς
2814 1769 2985 1837 αὐτῆς
3010 1769 3161 1832 ὄντος
3190 1769 3401 1833 ἐννοίας
3440 1769 3549 1822 τῶν
3581 1768 3672 1820 τοῦ
3700 1768 3800 1819 Φω-

554 1864 844 1904 communc
877 1850 931 1903 in
967 1850 1166 1904 'friade
1214 1850 1494 1919 proprium
1528 1863 1672 1915 esse,
1725 1857 1781 1902 et
1810 1864 1973 1903 omne
2003 1864 2129 1917 pro-

554 1941 731 2009 prium
787 1957 896 1996 non
960 1957 1081 1997 esse
1135 1957 1427 1995 commune
1459 1960 1471 1995 :
1506 1956 1682 2010 ncqtte
1739 1941 1793 1994 in
1847 1941 2129 1995 eversione

556 2031 960 2101 circumplexus
1007 2029 1170 2099 hujus
1211 2030 1533 2099 syllogismi,
1573 2030 1797 2084 dubium
1832 2031 2130 2084 remanebit

555 2123 726 2177 ullum
786 2122 983 2192 legenti
1030 2138 1152 2191 qua:
1199 2137 1300 2177 nos
1353 2121 1695 2191 scripsimus,
1750 2136 1874 2177 cum
1922 2122 2126 2177 similes

555 2216 904 2286 syllogismos
948 2213 1127 2270 Plrotii
1170 2214 1561 2269 rcftltut'emtts.
1620 2213 1883 2267 Similiter
1908 2223 1960 2268 et
1994 2215 2128 2269 alte-

557 2309 669 2360 tius
699 2306 1071 2363 Met-houensis
1114 2307 1416 2378 syllogismi
1462 2307 1719 2379 refutatio
1775 2304 1949 2361 facilis
1999 2307 2124 2373 erit,

556 2401 606 2452 in
671 2415 783 2469 quo
843 2399 894 2451 in
950 2414 1114 2453 unum
1165 2398 1544 2453 confusionem
1592 2397 1765 2451 Patris
1809 2406 1864 2449 et
1900 2395 2041 2460 Filii,
2076 2407 2130 2451 et

554 2491 920 2560 simplicitatis
949 2491 1110 2543 unius
1142 2488 1376 2558 Spiritus
1402 2488 1730 2541 divisionem
1770 2486 2051 2558 confingit,
2082 2487 2128 2541 si

551 2598 615 2635 cx
653 2581 811 2635 l’atrc
836 2592 889 2635 et
924 2581 1061 2635 bilio
1096 2580 1363 2650 Spiritum
1393 2596 1523 2635 esse
1552 2581 1823 2635 dicamus.
1860 2581 1969 2633 Sed
2004 2595 2127 2634 cum

553 2674 619 2727 ad
668 2672 1093 2742 subsequentem
1145 2670 1522 2741 syllogismum
1551 2667 1917 2737 pervenerim,
1951 2666 2126 2721 visunt

552 2773 635 2820 cst
663 2765 1060 2839 necessarium,
1098 2763 1275 2831 ipsum
1315 2763 1395 2817 uti
1426 2761 1589 2830 jacet,
1618 2762 1671 2813 in
1702 2758 1961 2814 Oratione
1984 2759 2132 2829 dige-

557 2875 700 2925 rere,
754 2869 808 2914 et
837 2860 890 2912 in
927 2859 1076 2912 illius
1110 2858 1439 2911 refutatione
1490 2853 1838 2925 prodnCtiore
1870 2866 2125 2908 Serrnoite

555 2951 655 3005 uti.
684 2949 1049 3021 Syllogismus
1076 2952 1150 3004 ita
1179 2964 1237 3003 se
1263 2949 1425 3003 habet
1460 2967 1473 3003 :

2233 1856 2350 1909 τίου
2405 1857 2785 1926 συλλογισμῶν
2818 1876 2830 1888 ·
2874 1860 2999 1912 ἐπεὶ
3058 1860 3157 1930 τῆς
3200 1861 3412 1923 οἰκείας
3465 1862 3799 1927 κατασκευῆς

2237 1947 2371 2018 ὓλην
2403 1948 2516 2017 ἔχει
2548 1949 2629 2015 τὸ,
2666 1951 2743 2019 μὴ
2777 1950 3038 2005 δύνασθαί
3077 1968 3128 2005 τι
3172 1952 3350 2005 κοινὸν
3405 1954 3466 2006 ὲν
3511 1956 3579 2023 τῇ
3620 1950 3800 2018 Τριάδι

2237 2038 2366 2091 ἴδιον
2406 2036 2567 2105 είναι,
2608 2042 2703 2091 καὶ
2737 2041 2845 2092 πᾶν
2883 2041 3012 2095 ἴδιον
3055 2042 3130 2112 μὴ
3157 2042 3332 2096 κοινὸν
3370 2037 3534 2097 εῖναι·
3571 2042 3681 2095 οἰδ’
3707 2042 3792 2092 ἐπὶ

2232 2133 2300 2199 τῇ
2354 2132 2637 2202 ἀνατροπῇ
2672 2132 2765 2200 τῆς
2815 2131 2909 2183 τοῦ
2954 2133 3314 2203 συλλογισμοῦ
3350 2134 3546 2188 τούτου
3588 2132 3801 2202 περιλή-

2234 2220 2381 2288 ψεως
2437 2223 2673 2290 ἀπορίαν
2717 2220 2828 2287 ἕξει
2884 2225 3006 2276 τινὰ
3042 2225 3069 2277 ὁ
3110 2224 3497 2293 ὲντευξῦμενος
3538 2226 3648 2285 τοῖς
3682 2220 3801 2290 παρ’

2236 2315 2393 2385 ἡμῶν
2418 2317 2836 2383 ἁνατρεπτικοῖς
2873 2315 2982 2368 τῶν
3013 2315 3214 2385 ὁμοίως
3248 2316 3399 2386 αὐτῷ
3431 2317 3670 2387 ἑχόντων
3713 2313 3797 2367 τοῦ

2235 2404 2443 2460 Φωτίου
2479 2406 2879 2476 συλλογισμῶν.
2919 2407 3152 2477 Ὀμοίως
3190 2409 3267 2477 τῷ
3304 2407 3538 2479 τοιούτῳ
3586 2406 3801 2477 εύχερὴς

2236 2502 2390 2553 ἔσται
2438 2501 2531 2553 καὶ
2583 2501 2614 2569 ἡ
2651 2499 2746 2551 τοῦ
2786 2498 2949 2552 ἄλλου
2995 2499 3361 2570 συλλογισμοῦ
3411 2501 3512 2555 τοῦ
3549 2498 3801 2567 Μεθώνης

2236 2592 2543 2663 ἀνατροπὴ,
2571 2594 2628 2644 ὲν
2659 2586 2703 2661 ᾧ
2735 2593 2830 2663 τὴν
2864 2594 2941 2656 είς
2972 2594 3031 2646 ’ἐν
3068 2608 3123 2647 τε
3158 2592 3423 2662 σύγχυσιν
3469 2591 3681 2664 Πατρδς
3715 2592 3799 2643 καὶ

2239 2685 2389 2749 Υίοῦ,
2426 2689 2520 2738 καὶ
2570 2687 2663 2738 τὸν
2715 2686 2817 2755 τῆς
2868 2684 3171 2755 ἁπλότητος
3206 2684 3302 2737 τοῦ
3339 2684 3463 2747 ἐνὸς
3500 2683 3801 2752 Πνεύματος

2235 2772 2507 2844 μερισμὸν
2536 2773 2852 2840 πλάττεται,
2886 2775 2980 2828 ἐὰν
3005 2776 3067 2829 ὲκ
3096 2770 3309 2847 Πατρὸς
3341 2777 3435 2829 καὶ
3477 2774 3607 2828 Υίοῦ
3640 2774 3778 2838 ὕπαρ

2232 2881 2325 2934 χον
2350 2864 2412 2916 τὸ
2445 2865 2673 2935 Πνεῦμα
2705 2864 2921 2936 ῥηθείη.
2970 2865 3058 2919 Ἐν
3088 2867 3144 2921 δὲ
3174 2866 3252 2937 τῷ
3282 2866 3408 2936 ἑξῆς
3457 2862 3792 2933 συλλογισμῷ

2233 2956 2484 3023 γεγονότι
2528 2970 2619 3024 μοι
2652 2954 2762 3009 δεῖν
2788 2955 2969 3022 ἔδοξεν
3007 2958 3173 3010 αὑτὸν
3201 2975 3258 3010 τε
3287 2959 3377 3010 τὸν
3414 2954 3795 3026 συλλογισμὸν,

552 3045 626 3106 ὡς
677 3042 810 3111 ἔχει,
860 3030 1320 3111 ὲγκατασέρῶσαι
1364 3041 1441 3111 τῷ
1488 3042 1630 3113 λόγῳ
1658 3083 1674 3109 ,
1716 3045 1812 3099 καὶ
1890 3046 2027 3115 προς
2065 3047 2167 3116 τὴν
2206 3042 2373 3100 αὐτοῦ
2413 3047 2868 3117 ὲμπλατυνθῆναι
2928 3049 3267 3121 ἀνατροπὴν.
3305 3050 3472 3120 Ἔχει
3501 3052 3530 3102 ὁ
3567 3045 3802 3111 συλλογι-

555 3138 690 3203 σμὸς
725 3135 888 3189 οὕτωσ

625 3232 715 3286 62.
752 3250 770 3281 ι
828 3230 883 3284 Si
915 3230 1057 3301 quod
1113 3245 1279 3283 uuttm
1319 3239 1446 3283 sunt
1480 3231 1638 3286 Pater
1668 3244 1721 3287 et
1770 3233 1964 3300 Fiiius,
2000 3242 2128 3287 sunt

2301 3228 2399 3298 53'.
2445 3246 2465 3281 ι
2499 3229 2559 3281 El
2600 3229 2735 3282 διότι
2775 3229 2833 3282 ’ἐν
2882 3232 2989 3283 εἱσι
3026 3231 3217 3299 Πατὴρ
3265 3231 3357 3283 καί
3399 3229 3565 3295 Υῑδς,
3608 3230 3712 3283 eici
3757 3229 3808 3282 δὲ

553 3327 697 3382 enim
743 3322 965 3377 omnino
1002 3336 1168 3374 unutn
1195 3331 1409 3383 natura,
1448 3334 1729 3392 propterea
1776 3334 1834 3379 ut
1862 3341 1925 3379 ex
1953 3323 2127 3390 Patre,

555 3418 625 3471 ita
667 3427 721 3471 et
753 3430 820 3468 ex
888 3411 1027 3466 Filio
1063 3412 1473 3466 concedtndum
1521 3422 1605 3467 est
1634 3415 1928 3484 procedere
1962 3415 2132 3485 Spiri-

555 3519 669 3563 tum
712 3509 864 3563 :ltoc
916 3506 1113 3560 etenim
1163 3506 1411 3560 inuovata
1457 3504 1635 3560 Latini
1695 3508 1965 3576 dogmatis
2028 3523 2129 3562 ros

558 3597 794 3670 postulat
831 3595 1276 3651 :coucedendum
1320 3605 1467 3651 esset
1503 3608 1556 3649 et
1586 3595 1785 3651 Filium
1823 3599 2132 3652 necessario

557 3692 634 3744 uti
669 3706 696 3742 a
733 3687 914 3751 Patre,
950 3687 1024 3741 ita
1053 3699 1105 3741 et
1142 3701 1171 3740 a
1212 3686 1414 3756 Spiritu
1461 3688 1630 3757 gigni,
1682 3689 1825 3757 quod
1886 3686 2049 3742 Pater
2078 3698 2131 3743 et

556 3781 793 3851 Spiritus
823 3793 987 3832 unum
1028 3788 1158 3831 sunt
1192 3788 1421 3842 natura;
1462 3780 1545 3832 sin
1576 3776 1779 3843 minus,
1801 3779 2131 3847 periclitabi-

555 3887 643 3929 tur
674 3873 912 3944 Spiritus
951 3886 1055 3925 non
1098 3885 1264 3923 unum
1300 3885 1421 3924 esse
1446 3880 1638 3922 natura
1682 3885 1807 3923 cum
1840 3870 2018 3925 Patre.
2062 3870 2129 3925 Et

556 3968 748 4041 iterum
792 3960 1108 4015 Macedonio
1140 3960 1351 4014 dicendi
1386 3958 1700 4013 facultatem
1742 3959 1966 4012 liberam
1999 3975 2129 4014 con-

553 4058 827 4113 ccdctnus.
870 4073 887 4106 ι

627 4145 721 4201 Vir
771 4147 884 4213 Dei,
918 4146 1031 4217 ipse
1065 4160 1131 4200 ex
1172 4150 1225 4198 te
1256 4144 1407 4199 solus
1435 4152 1720 4198 accusator
1747 4141 1912 4195 simul
1962 4151 2017 4195 et
2039 4141 2129 4210 ju-

555 4240 657 4296 dex
715 4238 1090 4295 Romanorum
1143 4235 1535 4292 constitueris?
1566 4235 1631 4289 Et
1662 4236 1785 4304 quis
1814 4250 1879 4289 ex
1934 4235 2002 4289 iis
2035 4235 2129 4304 qui

556 4348 703 4388 nunc
742 4341 889 4397 sunt,
926 4339 1021 4385 aut
1053 4343 1299 4398 unquam
1333 4325 1506 4393 fuere,
1538 4326 1746 4380 audivit
1780 4326 1849 4380 ab
1877 4325 2024 4380 Italis
2055 4324 2131 4379 si-

556 4426 736 4481 milem
771 4426 824 4479 in
856 4431 1045 4479 sancta
1101 4420 1143 4475 Τ
1151 4421 1299 4476 riade
1335 4419 1882 4490 interpretationem?
1907 4417 2121 4472 Etenim

554 4519 602 4574 si
631 4527 851 4587 propter
892 4514 1033 4569 idem
1097 4521 1306 4566 naturae
1343 4510 1519 4564 Latini
1555 4510 1821 4577 dicereut,
1847 4525 1968 4566 esse
2001 4508 2129 4581 Spi-

2236 3322 2457 3385 πάντως
2487 3320 2546 3374 ἓν
2592 3323 2659 3393 τῇ
2698 3320 2881 3389 φύσει,
2905 3322 2994 3374 διὰ
3027 3322 3187 3374 τοῦτο
3219 3322 3293 3383 ὡς
3330 3323 3393 3374 ἐκ
3440 3324 3543 3377 τοῦ
3586 3322 3802 3393 Παερὸς,

2233 3412 2376 3466 οὕτω
2403 3412 2497 3466 καὶ
2533 3415 2595 3465 ἐκ
2626 3412 2720 3464 τοῦ
2750 3411 2879 3464 Υἱοῦ
2906 3412 3086 3465 δοτέον
3116 3412 3517 3480 ἐκπορεύεσθαι
3546 3413 3606 3466 τὸ
3641 3411 3802 3465 Πνεῦ-

2236 3523 2311 3576 μα
2337 3524 2351 3535 ·
2390 3504 2549 3557 τοῦτο
2576 3504 2683 3574 γὰρ
2708 3506 2739 3574 ή
2768 3503 3103 3571 καινοφωνία
3137 3502 3232 3555 τοῦ
3278 3503 3576 3557 Λατινικοῦ
3609 3504 3800 3572 δόγμαδ

2231 3614 2322 3659 τος
2354 3597 2576 3649 ἁπαιτεῖ
2604 3612 2618 3627 ⁸
2647 3597 2827 3649 δοτέον
2849 3596 2914 3649 ἂν
2945 3597 3031 3666 εἴη
3057 3594 3151 3648 καὶ⁵
3184 3595 3273 3648 τὶν
3304 3595 3431 3648 Υίδν
3462 3598 3523 3662 ἐξ
3549 3597 3801 3664 ἀνάγκης.

2231 3690 2305 3753 ὼς
2353 3692 2417 3743 ἐκ
2478 3688 2573 3741 τοῦ
2625 3689 2865 3759 Πατρδς,
2915 3686 3055 3741 οὕτω
3102 3688 3194 3740 καὶ
3247 3689 3311 3741 ἐκ
3347 3690 3446 3742 τοῦ
3501 3688 3804 3758 Πνεύματος

2233 3783 2527 3851 γεννᾶσθαι
2554 3797 2568 3813 ο
2597 3783 2731 3836 διότι
2761 3785 2789 3835 ὁ
2826 3783 3013 3850 Πατὴρ
3053 3784 3147 3834 καὶ
3172 3782 3231 3834 τὸ
3257 3780 3487 3851 Πνεῦμα
3519 3784 3577 3837 ἒν
3604 3784 3709 3836 εἰσι
3741 3778 3805 3849 τῇ

2233 3875 2413 3943 φύσειθ
2441 3876 2487 3926 εἱ
2516 3874 2570 3926 δὲ
2605 3875 2700 3943 μὴ,
2729 3872 3027 3926 κινδυνεύει
3058 3871 3119 3923 τὸ
3150 3872 3374 3940 Πνεῦμα
3398 3875 3476 3943 μὴ
3497 3875 3554 3926 ἓν
3580 3869 3715 3927 εἶναι
3743 3872 3802 3940 τῇ

2235 3967 2398 4032 φύσει
2436 3966 2573 4035 μετᾶ
2597 3964 2831 4034 Πατρός.
2863 3966 2971 4018 Καὶ
3009 3964 3171 4017 πάλιν
3212 3967 3661 4035 παρρησιάζεται
3686 3965 3802 4019 Μα-

2233 4056 2496 4120 κεδόνιος.
2538 4075 2555 4107 ι

2309 4148 2599 4218 ’Ἄνθρωπε
2621 4148 2715 4201 τοῦ
2741 4148 2898 4214 Θεοῦ,
2933 4149 3091 4210 αύτδ;
3138 4149 3231 4217 ἀφ’
3257 4149 3455 4202 ἑαυτοῦ
3483 4149 3643 4219 μόνος
3673 4155 3799 4202 κατ-

2234 4241 2432 4313 ήγορος
2464 4240 2579 4310 ἅμα
2597 4241 2689 4292 καὶ
2720 4239 2914 4310 κριτὴς
2942 4240 3050 4291 τῶν
3087 4239 3372 4309 Ῥωμαίων
3398 4241 3559 4312 γίνῃς
3595 4240 3703 4294 Καὶ
3731 4236 3807 4298 τίς

2234 4332 2343 4384 τῶν
2384 4328 2539 4399 νῦνῆ
2588 4330 2694 4382 τῶν
2742 4329 2962 4383 πώποτε
3000 4332 3203 4399 ἀκήκοε
3241 4331 3393 4401 παρὰ
3435 4333 3547 4387 τῶν
3593 4329 3806 4386 Ἰταλῶν

2232 4422 2493 4493 τοιαύτην
2520 4420 2615 4473 ἐπὶ
2658 4421 2755 4491 τῆς
2793 4421 2954 4488 ἁγίας
2991 4421 3221 4491 Τριάδος
3253 4423 3521 4492 ἐξήγησιν
3558 4441 3573 4489 ;
3613 4422 3809 4489 Εἰιγὰρ

2234 4514 2399 4568 διὰτὸ
2420 4513 2615 4567 ταυτὸν
2645 4513 2739 4581 τῆς
2774 4513 2988 4580 φύσεως
3019 4514 3068 4564 οἱ
3099 4514 3322 4567 Λατῖνοι
3362 4514 3554 4584 ἔλεγον
3586 4512 3807 4568 εἶναιτὸ

556 4584 831 4666 ritumvuti
857 4623 885 4661 a
916 4606 1098 4670 Patre,
1124 4605 1197 4658 ita
1235 4610 1288 4658 et
1317 4618 1346 4657 a
1383 4601 1543 4669 Filio,
1578 4616 1687 4656 non
1717 4611 1949 4670 tantum,
1986 4603 2128 4672 quod

2237 4605 2484 4677 Πνεῦμα,
2526 4605 2600 4669 ὡς
2633 4605 2696 4657 ὲκ
2726 4604 2819 4657 τοῦ
2863 4605 3095 4675 Πατρδς,
3129 4604 3274 4659 οὕτω
3306 4606 3399 4660 καὶ
3431 4607 3498 4661 ἐκ
3532 4606 3628 4659 τσῦ
3660 4603 3809 4667 Υἱοῦ,

559 4706 674 4773 ipse
725 4699 956 4766 colligis,
990 4695 1288 4750 absurdum
1329 4695 1683 4765 contingeret,
1707 4709 1828 4749 esse
1855 4710 2048 4765 nempe
2076 4703 2131 4750 et

557 4793 752 4847 Fidum
787 4789 1098 4845 necessario
1129 4789 1204 4840 uti
1231 4802 1297 4840 ex
1333 4786 1491 4839 l‘atre
1518 4787 1593 4838 ita
1615 4796 1667 4839 et
1697 4801 1726 4839 a
1763 4786 1989 4855 Spiritu,
2033 4786 2126 4841 sed

494 4874 502 4882 ’
555 4899 609 4941 et
661 4886 830 4937 multa
877 4882 981 4935 alia
1035 4866 1317 4949 praeterea.
1363 4879 1493 4933 Nam
1535 4881 1579 4933 si
1620 4889 1839 4949 propter
1883 4881 2127 4935 eamdem

558 4988 810 5032 naturam
867 4975 1139 5028 diceretur
1169 4986 1288 5026 esse
1322 4970 1558 5041 Spiritus
1590 4987 1656 5026 ex
1691 4970 1829 5025 Filio
1860 4974 2125 5040 quemad-

556 5072 779 5124 modum
818 5083 884 5121 rx
909 5066 1090 5130 Patre,
1115 5079 1341 5134 prorsus
1364 5067 1503 5118 hanc
1531 5064 1777 5119 eamdem
1800 5066 1869 5120 ob
1903 5079 2128 5119 causam

556 5162 810 5217 similiter
856 5169 1141 5228 cogeretur
1200 5157 1420 5229 gignere
1471 5173 1595 5212 cum
1642 5158 1823 5213 Patre.
1885 5158 2041 5222 Item,
2080 5156 2126 5211 si

557 5265 778 5327 propter
819 5252 1067 5309 eamdem
1105 5260 1357 5305 naturam
1385 5250 1458 5305 ita
1493 5261 1645 5306 esset
1683 5265 1747 5305 ex
1780 5248 1918 5305 Filio
1952 5250 2127 5319 Spiri-

559 5360 645 5403 tus
675 5348 751 5402 uti
781 5363 847 5402 ex
875 5344 1054 5410 Patre,
1084 5352 1227 5399 esset
1246 5353 1299 5397 et
1326 5341 1495 5397 Filius
1524 5342 1985 5412 quemadmodum
2019 5339 2123 5393 Pa-

559 5452 641 5495 ter
664 5441 872 5509 absque
893 5436 1159 5507 principio
1187 5445 1242 5489 et
1267 5434 1475 5503 absque
1499 5449 1686 5488 causa.
1722 5430 1855 5486 Nam
1887 5432 2130 5502 Spiritus

556 5549 619 5585 ex
679 5531 838 5584 Patre
887 5537 970 5583 est
1028 5536 1288 5595 tanquam
1345 5539 1407 5578 ex
1474 5521 1623 5577 fonte
1671 5522 1877 5588 absque
1926 5521 2129 5589 princi-

558 5623 828 5693 piu:clsi
892 5629 946 5673 et
995 5635 1059 5674 ex
1113 5617 1248 5671 Filio
1311 5617 1564 5670 eumdem
1630 5618 1682 5667 in
1751 5615 2005 5693 modum,
2068 5627 2130 5670 ut

557 5727 612 5774 tu
666 5727 937 5780 autumas,
979 5714 1205 5767 omnino
1259 5720 1311 5764 et
1377 5708 1492 5780 ipse
1542 5716 1688 5759 esset
1747 5690 1885 5761 sine
1927 5708 2128 5778 princi-

2235 4700 2297 4751 οὑ
2329 4700 2489 4769 μόνον
2517 4697 2545 4750 ὃ
2584 4696 2822 4767 σννῆξας
2849 4699 3010 4759 αὐτὸς
3032 4706 3038 4711 ”
3057 4698 3261 4751 ἄτοπον
3292 4699 3612 4754 συνέϐαινεν
3638 4697 3725 4762 ἂν,
3755 4696 3811 4746 τὸ

2236 4788 2376 4845 εἶναι
2413 4788 2655 4860 δηλονότι
2703 4788 2800 4840 καὶ
2838 4789 2930 4840 τὸν
2963 4788 3089 4841 Υίδν
3123 4787 3183 4853 ἐξ
3211 4790 3474 4861 ἀνάγκης,
3522 4791 3599 4854 ὡς
3630 4791 3694 4842 ἐκ
3723 4789 3811 4840 τοῦ

2238 4882 2473 4952 Πατρὸς,
2505 4878 2648 4932 οὕτω
2678 4881 2771 4932 καὶ
2814 4882 2877 4932 ὲκ
2907 4880 3000 4933 τοῦ
3033 4882 3371 4951 Πνεύματος,
3402 4882 3540 4935 ἀλλὰ
3569 4883 3665 4934 καὶ
3694 4879 3810 4933 ἓτε-

2244 4990 2311 5045 ρα
2364 4972 2600 5032 πάντως.
2661 4970 2721 5022 Εἰ
2788 4970 2897 5040 γὰρ
2950 4970 3039 5023 διὰ
3096 4972 3154 5023 τὸ
3211 4971 3406 5025 ταατὸν
3445 4972 3545 5043 τῆς
3602 4973 3811 5040 φύσεως

2237 5067 2457 5134 ἐλέγετο
2483 5060 2621 5117 εἶναι
2643 5065 2703 5116 τὸ
2735 5065 2956 5134 Πνεῦμα
2983 5069 3074 5120 καὶ
3104 5067 3167 5119 ἐκ
3189 5065 3282 5118 τοῦ
3313 5065 3465 5133 Υίοῦ,
3502 5067 3580 5130 ὡς
3618 5069 3682 5119 ἐκ
3720 5066 3811 5119 τοῦ

2237 5160 2473 5231 Πατρδς,
2508 5159 2725 5223 πάντως
2755 5160 2823 5213 δι’
2846 5164 3012 5215 αὐτοῦ
3047 5162 3242 5215 τούτου
3276 5163 3369 5216 καὶ
3402 5166 3605 5236 γεννᾷν
3636 5167 3665 5218 ὁ
3692 5163 3814 5225 Υἱὸς

2235 5250 2435 5321 ὁμοίως
2471 5252 2811 5322 ἠναγκάζετο
2840 5252 2922 5321 τῷ
2954 5254 3146 5323 Πατρί.
3177 5254 3290 5307 Καὶ
3320 5257 3509 5321 πάλιν,
3554 5259 3603 5309 εί
3635 5256 3725 5310 διὰ
3753 5255 3814 5307 τὸ

2234 5343 2430 5396 ταυτὸν
2457 5343 2558 5411 τῆς
2587 5344 2824 5413 φύσεως,
2857 5346 3031 5410 οὕτως
3055 5342 3123 5418 ἦν
3154 5348 3220 5401 ὲκ
3245 5346 3341 5400 τοῦ
3380 5348 3513 5402 Υίοῦ
3539 5351 3603 5402 τὸ
3648 5346 3814 5402 Πνεῦ·

2232 5451 2310 5505 μα
2354 5434 2546 5504 ὥσπερ
2573 5438 2636 5489 ἐκ
2671 5437 2765 5490 τοῦ
2797 5438 3034 5509 Πατρὸς,
3076 5435 3143 5510 ἦν
3196 5439 3264 5493 ἂν
3303 5442 3397 5493 καὶ
3438 5443 3466 5493 ὁ
3518 5440 3652 5505 Υἱὸς
3685 5440 3759 5502 ὡς
3786 5438 3812 5490 ὁ

2230 5528 2422 5599 Πατὴρ
2476 5529 2713 5599 ἄναρχος
2754 5532 2849 5583 καὶ
2909 5533 3171 5595 ἀναίτιος.
3218 5533 3291 5585 Τδ
3331 5534 3441 5602 γὰρ
3482 5532 3715 5602 Πνεῦμα
3751 5533 3813 5584 ὲκ

2227 5620 2323 5673 τοῦ
2359 5620 2569 5690 Πατρὸς
2606 5620 2682 5683 ὡς
2725 5621 2785 5686 ἐξ
2815 5625 3052 5693 ἀνάρχου
3101 5624 3215 5677 ἐστὶ
3265 5624 3473 5695 πηγῆς.
3519 5625 3584 5677 El
3634 5624 3690 5677 δὲ
3721 5623 3813 5676 καὶ

2228 5708 2293 5765 εκ
2323 5713 2414 5765 τοῦ
2447 5712 2575 5765 Υίοῦ
2603 5713 2744 5766 κατὰ
2772 5715 2829 5766 σὲ
2857 5712 3049 5780 οὕτως,
3082 5717 3298 5781 πάντως
3324 5716 3422 5769 καὶ.
3452 5713 3617 5779 αὐτὸς
3650 5716 3813 5781 ἀνερ-
