4058 6414
328 474 424 542 HS

1428 473 1524 532 De
1567 444 1858 533 UNto‘xE
1901 471 2448 538 ECCLESIABUFJ.

3470 467 3569 529 1:6

315 586 534 658 Πατρδς
558 587 640 647 είς
671 584 826 650 Υίδν,
859 585 977 640 οὐδὲ
1006 585 1197 656 ῤυῖσα
1227 584 1545 656 ἐγέννησεν,
1570 586 1684 640 ἀλλ’
1718 587 1894 658 ἄρρη-

2005 583 2332 641 Athanasius
2361 587 2590 656 epistola
2633 602 2698 640 ex
2736 586 2945 638 svnodo
2978 580 3473 652 liicrosolyinitana
3504 583 3569 634 ad

310 696 410 744 τος
462 680 561 747 τῆς
614 677 769 741 θείας
824 678 1137 747 γεννήσεως
1172 679 1200 730 6
1229 678 1455 750 τρόπος.
1492 697 1512 731 ι
1562 678 1750 731 ’Ἂλλὰ
1799 677 1895 732 καὶ

312 772 484 824 πάλιν
514 771 541 822 6
573 770 750 837 μέγας
804 770 1121 833 Ἀθανάσιος
1146 771 1203 823 ὲν
1252 774 1318 843 τῇ
1376 771 1633 839 ἐπιστολῇ
1684 772 1751 841 τῇ
1790 771 1896 822 ἀπὸ

309 862 418 929 τῆς
473 859 697 911 συνόδου
726 860 861 920 ’τοῖς
910 861 968 912 ὲν
1046 859 1454 928 Ἱεροσολύμοις,
1508 860 1646 929 πρὸς
1688 860 1790 927 τὴν
1838 860 1896 912 ὲν

322 951 717 1022 Ἀλεξοινὸρείᾳ
750 951 1101 1019 Ἐκκλησίαν,
1136 947 1204 1023 ἧς
1248 953 1280 1021 ἡ
1323 953 1463 1023 ἀρχή
1490 968 1505 984 ’
1562 972 1582 1005 ι
1619 953 1760 1006 Πᾶσι
1799 953 1897 1020 μὲν

314 1044 478 1113 ἡμῶν
506 1046 625 1107 τοῖς
652 1045 745 1097 ἐπὶ
766 1044 827 1097 16
850 1044 980 1097 αὐτὸ
1012 1044 1358 1099 συνελθοῦσιν
1390 1046 1448 1112 ἐξ
1476 1046 1758 1116 ἐπαρχιῶν
1783 1046 1899 1101 δια-

315 1139 527 1207 φόρων,
559 1153 578 1185 ι
621 1134 819 1205 φησίνο
889 1154 909 1188 ι
953 1137 1016 1189 Οί
1051 1135 1161 1207 γὰρ
1191 1136 1290 1208 τὴν
1355 1138 1639 1207 ’Λρειανὴν
1685 1138 1898 1207 αἵρεσιν

315 1229 853 1296 ἁναθεματίσαντες,
876 1228 1241 1297 γινώσκοντες
1273 1229 1378 1283 είσι
1415 1229 1491 1300 μὴ
1527 1231 1755 1299 κτίσμα,
1782 1230 1898 1285 ἀλλ’

316 1322 386 1373 ὲκ
415 1321 515 1390 τῆς
551 1319 744 1382 οὐσίας
778 1319 1026 1389 γέννημα
1048 1315 1187 1373 εἶναι
1215 1319 1309 1372 16v
1329 1320 1523 1388 Λόγον,
1555 1321 1651 1373 καὶ
1678 1319 1776 1391 τὴν
1805 1319 1898 1373 οὐ·

324 1412 451 1464 σίαν
473 1411 570 1464 τοῦ
606 1411 820 1479 Πατρδς
848 1410 1024 1480 ἀρχὴν
1071 1412 1162 1462 καὶ
1190 1410 1348 1477 ῥίζαν
1375 1411 1470 1463 καὶ
1523 1411 1706 1482 πηγὴν
1761 1407 1899 1464 εῖναι

318 1503 415 1556 τοῦ
445 1500 601 1558 Υίοῦ.
643 1521 661 1554 ι
719 1497 869 1572 *Λρά
899 1519 962 1570 γε
995 1502 1313 1573 ἀρκούντως
1366 1502 1509 1571 ἔχειν
1535 1521 1618 1556 σοι
1655 1504 1899 1569 δόξουσιν

320 1591 399 1661 τῷ
414 1595 529 1654 τοῖς
555 1590 823 1661 παροῦσιν
844 1591 1004 1660 ἡμῶν
1029 1590 1208 1660 λόγοις
1232 1592 1600 1663 ἐντευξομένῳ
1619 1593 1676 1646 ai
1705 1591 1901 1647 τοσαῦ-

319 1702 414 1737 ται
438 1684 713 1752 ιγραφικαὶ
743 1683 1045 1754 μαρτυρίαι
1084 1684 1164 1746 είς
1207 1683 1428 1753 ἔλεγχον
1479 1685 1574 1738 τοῦ
1613 1686 1688 1755 μὴ
1719 1683 1902 1747 καλῶς

330 1776 421 1826 τὸν
442 1773 703 1845 Μεθώνης
728 1777 926 1841 είπείν,
965 1793 984 1826 ι
1016 1775 1111 1827 16v
1153 1776 1373 1845 Πατέρα
1407 1774 1580 1831 αίτιον
1618 1772 1760 1830 εἶναι
1788 1777 1901 1830 τῶν

334 1866 397 1929 ἐξ
424 1864 581 1918 αὐτοῦ
614 1865 693 1935 τῷ
739 1865 885 1936 λόγῳ
938 1864 1037 1933 τῆς
1093 1865 1470 1929 ὑποστάσεως,
1516 1867 1612 1919 καὶ
1670 1867 1792 1936 οὐχὶ
1821 1864 1900 1935 τῷ

329 1955 472 2025 λόγῳ
503 1955 597 2024 τῆς
621 1954 879 2022 φύσεωςς
920 1975 938 2007 ι
972 1956 1032 2008 Εἰ
1065 1956 1174 2026 γὰρ
1202 1957 1236 2023 ἡ
1275 1957 1432 2009 οὐσία
1454 1957 1547 2011 τοῦ
1571 1957 1708 2010 Θεοῦ
1742 1959 1893 2025 λέγε⁶

322 2063 437 2111 ται,
464 2046 559 2098 καὶ
587 2045 614 2096 6
649 2046 780 2109 Υἱὸς
816 2047 915 2114 τῆς
945 2046 1137 2111 οὐσίας
1171 2047 1266 2101 τοῦ
1300 2047 1515 2118 Πατρὸς
1568 2048 1898 2118 ὀνομάζεται

311 2134 591 2206 γέ.νημα,
622 2137 698 2200 ὡς
724 2142 780 2190 αἱ
808 2138 1083 2208 παροῦσαι
1117 2141 1414 2211 μαρτυρίαι
1451 2142 1722 2211 γραφικοὶ
1754 2159 1901 2213 παρ-

308 2226 538 2291 εστῶσι,
576 2226 660 2291 τίς
689 2229 717 2280 6
751 2228 910 2296 λόγος
931 2230 1159 2301 διαιρεῖν
1189 2232 1278 2285 τὸν
1301 2232 1566 2303 Μεθώνης
1586 2233 1684 2303 τὴν
1711 2233 1900 2288 οὐσίαν

312 2317 410 2371 τοῦ
441 2317 656 2389 Πατρδς
703 2320 796 2372 καὶ
836 2319 937 2391 τὴν
998 2320 1296 2375 ὑπόστασιν
1344 2323 1440 2376 τοῦ
1470 2324 1686 2394 Πατρός
1742 2326 1800 2378 ἐν
1832 2328 1897 2396 τῇ

312 2409 472 2479 αἰτία
504 2409 615 2461 τῶν
641 2407 702 2473 ἐξ
733 2410 922 2476 αὐτοῦ;
975 2410 1033 2466 ’0
1057 2413 1167 2484 γὰρ
1198 2415 1369 2468 εἰπὼν
1418 2416 1483 2469 ἐκ
1519 2417 1731 2485 Πατρός
1760 2415 1899 2471 εἶναι

312 2502 411 2553 τὶν
434 2500 645 2570 Υίδν,ἢ
680 2502 741 2555 16
769 2503 1014 2574 Πνεῦμα,
1049 2506 1242 2560 οὐσίαν
1283 2507 1521 2578 ἐδήλωσε
1554 2511 1651 2562 τοῦ
1676 2511 1900 2579 {Ic/.196;

316 2592 728 2644 ινυπόστατον·
762 2594 859 2647 καὶ
890 2597 918 2648 6
944 2595 1113 2648 εἰπὼν
1146 2598 1211 2650 ἐκ
1241 2600 1339 2663 τῆς
1361 2598 1550 2662 οὐσίας
1566 2598 1660 2651 τοῦ
1685 2599 1900 2669 Πατρὸς

314 2678 461 2735 εἶναι
490 2681 587 2735 τὸν
611 2683 760 2750 Υἱὸν,
785 2686 823 2755 ἢ
858 2686 919 2739 16
942 2686 1185 2757 Πνεῦμα,
1210 2689 1330 2741 ὅλον
1355 2689 1446 2742 τὸν
1485 2690 1700 2761 Πατέρα
1730 2690 1898 2760 δηλοῖ.

319 2779 434 2831 Καὶ
462 2778 491 2831 6
533 2780 597 2831 ὲκ
630 2781 724 2848 τῆς
761 2779 949 2844 οὐσίας
1003 2780 1099 2834 τοῦ
1130 2780 1261 2834 Υίοῦ
1314 2781 1376 2835 16
1433 2782 1656 2852 Πνεῦμα
1706 2784 1899 2848 εἰπὼν,

318 2872 443 2924 ὅλον
480 2870 576 2924 16v
608 2870 736 2923 Υἰδν
765 2870 915 2938 λέγει
971 2872 1212 2925 ὲνούσιον
1267 2873 1359 2927 καὶ
1414 2875 1796 2930 ὲνυπόστατον.
1837 2876 1899 2927 Εί

318 2963 374 3015 δέ
397 2980 482 3027 τις
515 2962 761 3041 τῷλόγῳ
788 2964 890 3033 τῆς
913 2964 1284 3030 ὑποστάσεως,
1332 2969 1428 3019 καὶ
1473 2965 1595 3036 οὐχὶ
1649 2966 1727 3036 τῷ
1756 2965 1900 3035 λόγῳ

316 3050 421 3123 τῆς
448 3054 670 3123 φύσεως
697 3055 880 3123 λέγειν
917 3056 1089 3109 ἐθέλει
1119 3056 1211 3110 16v
1271 3056 1493 3126 Πατέρα
1549 3058 1720 3111 αἴτιον
1758 3055 1900 3112 εἷναι

320 3147 433 3199 τῶν
463 3147 523 3214 ἐξ
574 3148 763 3214 αὑτοῦ,
808 3150 906 3203 καὶ
963 3151 1027 3221 τῇ
1062 3152 1287 3221 περιττῇ
1332 3150 1437 3224 καὶ
1471 3150 1687 3221 ἀκαίρῳ
1729 3152 1897 3224 ταύτῃ

322 3238 653 3310 λεπτολογῖα
681 3243 764 3304 εἷς
803 3240 970 3312 ἄλλην
1006 3240 1106 3311 μὲν
1153 3241 1361 3296 ἔννοιαν
1391 3242 1751 3312 ἐκλαμϐάνειν
1774 3245 1901 3315 βού-

323 3330 498 3397 λεται,
528 3331 660 3384 ὅταν
691 3330 902 3403 ἀκούσῃ
929 3332 992 3386 16
1030 3332 1095 3385 ἐκ
1115 3335 1214 3403 τῆς
1237 3334 1423 3395 οὐσίας
1457 3333 1551 3387 τοῦ
1579 3336 1818 3405 Πατρδς,
1845 3336 1905 3390 16

331 3421 428 3489 μὲν
456 3423 521 3474 ἐκ
548 3421 647 3474 τοῦ
678 3422 897 3492 Πατρός
920 3424 999 3485 είς
1026 3422 1128 3493 τὴν
1157 3423 1256 3491 τῆς
1293 3424 1642 3487 ὑποστάσεως
1669 3426 1904 3494 δήλωσιν

326 3512 714 3583 ἐκλαμϐάνων,
740 3515 801 3567 16
824 3515 879 3566 δὲ
913 3515 974 3566 ἐκ
997 3515 1095 3582 τῆς
1130 3513 1320 3577 οὐσίας
1344 3513 1442 3568 τοῦ
1477 3517 1689 3586 Πατρός
1710 3521 1789 3581 είς
1810 3520 1905 3589 δὴ-

328 3607 489 3659 λωσιν
530 3605 903 3675 διοριζόμενος
949 3604 1126 3674 ίδικῆς
1181 3605 1407 3671 ἐννοίας,
1452 3607 1518 3659 ἵν’
1557 3608 1807 3662 ἐντεῦθεν
1830 3610 1906 3674 ὡς

326 3696 631 3765 ἀναγκαῖόν
664 3712 717 3749 τι
765 3696 1113 3769 ἀκολουθήσῃ
1142 3696 1204 3750 16
1249 3695 1323 3767 μὴ
1356 3696 1607 3751 νοεῖσθαι
1641 3700 1906 3771 ὑπάρχειν

324 3789 387 3842 16
416 3788 649 3859 Πνεῦμα
676 3785 737 3853 ἐξ
761 3787 914 3852 Υίοῦ,
946 3788 1075 3841 ὅταν
1105 3789 1170 3841 ὲκ
1197 3787 1300 3858 τῆς
1329 3788 1514 3852 οὐσίας
1554 3789 1657 3856 τοῦ,
1682 3791 1812 3844 Υἱοῦ
1847 3792 1908 3845 τὸ

328 3881 558 3952 Πνεῦμα
583 3880 815 3949 λέγωσιν
868 3880 922 3933 αἱ
965 3880 1197 3951 γραφαὶ,
1231 3880 1350 3934 ἀλλ’
1403 3875 1561 3944 οὗτος
1610 3884 1905 3947 σκοπείτω,

329 3975 447 4027 ὅποι
468 3972 702 4035 ἀτοπίας
742 3972 774 4039 ἡ
812 3972 1044 4042 ἄκαιρος
1079 3970 1218 4041 αῦτη
1265 3971 1588 4040 λεπτολογία
1620 3975 1907 4048 συνωθήσῃ

332 4064 512 4117 αὐτόν.
546 4063 739 4126 Ὅστις
762 4061 870 4134 γὰρ
896 4062 962 4115 ἂν
993 4061 1088 4115 καὶ¹
1111 4060 1196 4131 εἴη
1226 4064 1254 4115 6
1306 4063 1480 4116 ταῦτα
1528 4063 1724 4132 λέγων,
1754 4059 1906 4134 λ’ἑγει

330 4157 518 4221 ἕτερον
562 4156 664 4225 μέν
693 4172 748 4207 τι
764 4153 1028 4219 νοεῖσθαι,
1053 4152 1182 4206 ὅταν
1215 4155 1278 4206 ἐκ
1309 4156 1407 4223 τῆς
1440 4154 1627 4219 οὐσίας
1656 4158 1750 4209 τοῦ
1775 4158 1905 4210 Υίοῦ

326 4249 387 4303 16
413 4247 645 4317 Πνεῦμα
678 4246 911 4316 λέγωσιν
941 4246 999 4299 ai
1054 4246 1286 4315 Γραφαὶ,
1356 4247 1542 4316 ἕτερον
1588 4249 1645 4302 δὲ
1683 4251 1814 4304 ὅταν
1845 4255 1908 4305 ἐκ

328 4342 419 4397 τοῦ
450 4341 588 4395 Υίοῦ
616 4339 886 4409 ὑπάρχειν
934 4337 1261 4407 θεολογῶσιν
1312 4341 1465 4395 αὐτό.
1508 4341 1649 4410 Ἐγὼ
1695 4343 1752 4397 δὲ
1781 4343 1908 4399 οὐτε

327 4437 422 4510 τὴν
452 4436 759 4489 ὑπόστασιν
790 4432 886 4486 τοῦ
918 4433 1050 4487 Υξοῦ
1082 4435 1142 4488 ὲν
1191 4435 1329 4504 ίδικῇ
1374 4436 1643 4506 »διαιρέσει
1671 4438 1908 4491 νοεῖσθαι

330 4547 491 4600 φημι,
525 4529 657 4597 ὅταν
685 4526 747 4579 16
779 4525 1004 4594 Πνεῦμα
1026 4526 1091 4578 ἐκ
1116 4524 1215 4595 τῆς
1238 4526 1427 4588 οὐσίας
1455 4527 1620 4580 αὐτοῦ
1650 4529 1905 4599 λέγηται,

2001 676 2419 732 Alexandrinam
2452 678 2770 739 Ecclesiam,
2805 679 2961 745 cujus
2990 676 3338 746 principium,
3380 693 3396 722 ι
3433 681 3565 729 Um-

2004 769 2168 822 nibus
2201 769 2421 838 quidem
2455 769 2632 829 nobis,
2666 771 2756 836 qui
2798 770 2851 821 in
2888 785 3056 822 unum
3106 762 3463 835 t-onvirninius
3498 782 3560 819 es

2000 857 2232 915 diversis
2284 861 2635 923 dioecesibus,
2687 879 2704 911 ο
2757 860 2829 915 ait
2866 874 2881 913 :
2922 878 2939 911 ι
2969 859 3071 925 Qui
3129 857 3272 911 enim
3310 856 3564 910 Arianam

2002 950 2253 1005 haeresim
2287 951 2837 1012 anathematizarunt,
2865 954 3171 1018 agnoscunt
3209 942 3319 1001 non
3351 956 3573 1002 creatu-

2001 1056 2150 1107 ram,
2195 1041 2292 1097 sed
2341 1056 2408 1096 ex
2482 1041 2718 1095 essentia
2778 1038 2944 1095 fetum
3000 1053 3123 1095 esse
3186 1036 3462 1102 Verbum,
3522 1047 3576 1094 et

1999 1131 2291 1187 essentiam
2330 1129 2504 1185 Patris
2537 1131 2864 1201 principium
2914 1139 2967 1185 et
3015 1130 3255 1186 radicem
3287 1138 3343 1184 et
3366 1129 3570 1184 fontem

1998 1238 2123 1281 esse
2155 1222 2297 1279 Filii.
2332 1242 2352 1276 ι
2398 1227 2477 1276 Αη
2516 1224 2650 1279 satis
2692 1238 2814 1279 esse
2855 1222 3186 1278 videbuntur
3229 1223 3343 1277 haec
3388 1230 3573 1276 nostra

1995 1317 2202 1384 scripta
2260 1316 2458 1385 legenti
2506 1324 2585 1371 tot
2626 1317 2833 1386 scripto
2875 1317 3076 1371 tradita
3129 1317 3473 1381 testimonia,
3506 1314 3574 1371 al

2002 1407 2438 1476 redargueudum
2482 1405 2917 1472 Methonenscm,
2970 1423 3076 1463 non
3115 1408 3279 1478 probe
3320 1408 3523 1462 dixisse
3549 1448 3564 1470 ,

2005 1516 2026 1550 ι
2064 1497 2282 1552 Patrem
2316 1514 2539 1554 causam
2573 1515 2694 1555 esse
2724 1514 2912 1555 eorum
2947 1516 3067 1570 qu:e
3097 1515 3163 1555 ex
3198 1514 3264 1554 eo
3306 1509 3453 1563 sunt,
3489 1515 3578 1554 ra-

2002 1590 2148 1643 tione
2181 1591 2507 1661 bypostasis,
2542 1601 2595 1646 et
2629 1606 2737 1646 non
2769 1592 2982 1647 ratione
3006 1592 3250 1646 naturre?
3284 1611 3301 1644 ι
3328 1590 3575 1659 Namth

2002 1679 2050 1734 si
2097 1680 2333 1735 essentia
2390 1680 2484 1734 Dei
2529 1680 2749 1745 dicitur,
2800 1691 2854 1738 et
2886 1680 3056 1737 Filius
3101 1683 3354 1737 essentia:
3399 1682 3577 1736 Patris

2003 1769 2149 1827 fetus
2183 1772 2524 1837 neminatur,
2561 1771 3022 1842 quemadmodum
3057 1773 3288 1827 adducta
3326 1777 3577 1828 testimo-

2005 1863 2095 1917 nia
2126 1862 2333 1934 scripto
2376 1862 2559 1916 dedita
2597 1862 2986 1931 comprobant,
3020 1863 3147 1932 quid
3181 1863 3328 1933 cogit
3368 1861 3578 1918 Metln-

2005 1969 2255 2016 nensem,
2298 1953 2544 2007 dividere
2590 1953 2882 2007 essentiam
2919 1953 3101 2009 Patris
3136 1963 3189 2009 ct
3236 1954 3574 2024 hypostasim

1978 2043 2182 2098 'Patris
2212 2045 2266 2097 in
2291 2058 2456 2099 causa
2490 2060 2705 2105 eorum,
2739 2060 2861 2114 quae
2893 2061 2957 2099 ex
2991 2060 3056 2098 eo
3094 2044 3262 2099 sunt?
3295 2044 3395 2110 Qui
3429 2046 3573 2098 enim

2005 2135 2166 2196 dicit,
2201 2148 2263 2187 ex
2311 2133 2475 2189 Patre
2508 2150 2631 2190 esse
2680 2134 2877 2188 Filium
2927 2143 3020 2189 aut
3061 2133 3350 2204 Spiritum,
3389 2150 3580 2188 esseu-

2007 2223 2140 2275 tiam
2188 2218 2368 2276 Patris
2414 2220 2466 2274 in
2517 2220 2793 2292 bypostasi
2846 2222 3020 2290 palam
3057 2223 3322 2292 pronilit;
3370 2232 3424 2278 et
3478 2225 3570 2293 qui

2006 2311 2139 2366 dicit
2190 2327 2256 2367 ex
2304 2311 2540 2367 essentia
2593 2311 2773 2367 Patris
2817 2328 2939 2371 esse
2988 2312 3211 2377 Filium,
3253 2323 3349 2368 aut
3400 2313 3575 2384 Spiri-

2006 2413 2146 2467 tum,
2201 2416 2374 2459 totum
2422 2407 2635 2460 Patrem
2674 2406 2890 2472 evulgat
2921 2425 2932 2459 :
2969 2415 3025 2461 et
3075 2407 3169 2478 qui
3223 2422 3286 2461 ex
3337 2407 3574 2463 essentia

2008 2496 2131 2551 Filii
2163 2496 2428 2565 Spiritum
2475 2498 2628 2562 dicit,
2665 2504 2837 2550 totum
2882 2492 3080 2551 Filium
3116 2497 3344 2567 profeit,
3387 2500 3438 2552 in
3477 2516 3573 2553 sua

2006 2589 2244 2644 essentia
2271 2597 2324 2642 et
2350 2589 2649 2660 hypostasi.
2676 2589 2829 2654 Quod
2856 2589 2900 2643 si
2925 2589 3049 2658 quis
3081 2591 3294 2645 ratione
3322 2594 3581 2662 hyposta-

2008 2679 2108 2745 sis,
2175 2687 2229 2733 et.
2281 2694 2389 2733 non
2458 2680 2672 2734 ratione
2725 2692 2932 2736 natura:
2982 2683 3305 2748 contendet,
3363 2683 3575 2738 Patrem

2007 2786 2230 2826 causam
2265 2785 2388 2826 esse
2422 2787 2634 2839 eorum,
2668 2787 2790 2840 quas
2833 2787 2898 2826 ex
2938 2773 3055 2841 ipso
3098 2783 3246 2837 sunt,
3297 2786 3353 2829 et
3393 2792 3584 2844 Stipev-

2006 2877 2244 2918 vacanca
2298 2861 2399 2918 hac
2453 2873 2509 2917 et
2562 2864 2945 2933 intempestiva
2995 2863 3062 2919 de
3119 2868 3283 2920 rebus
3341 2867 3580 2919 minimis

2006 2953 2406 3023 disceptatione
2437 2953 2493 3007 in
2522 2954 2686 3009 aliam
2716 2956 3049 3009 sententiam
3082 2955 3300 3010 trahere
3330 2967 3580 3017 conatur.

2005 3053 2131 3096 eum
2171 3041 2324 3095 audit
2372 3057 2436 3096 ex
2472 3043 2709 3098 essentia
2756 3042 2953 3105 Patris.
3011 3045 3256 3119 illu-.I_,ex
3292 3046 3471 3110 Patre,
3515 3052 3579 3099 ait

2010 3130 2466 3185 manifestandam
2502 3132 2836 3203 hypostasim
2864 3134 3157 3202 arripiens,
3188 3136 3319 3189 illud
3357 3152 3485 3190 vero
3513 3153 3576 3192 ex

1954 3275 1971 3293 ,
2008 3224 2247 3278 essentia
2284 3223 2462 3278 Patris
2490 3224 2556 3278 ad
2603 3223 3060 3280 manifestandam
3094 3228 3385 3294 specialem
3425 3230 3582 3282 intel-

2014 3315 2288 3383 ligentiam
2324 3316 2717 3379 detertninans,
2765 3326 2823 3371 ut
2856 3316 2983 3371 inde
3021 3327 3276 3387 tauquam
3332 3336 3585 3373 nect‘SSu-

2010 3410 2150 3464 riinn
2194 3410 2415 3479 aliquod
2467 3421 2860 3480 consequatur,
2911 3427 3018 3465 non
3053 3413 3277 3482 intelligi
3313 3414 3577 3481 Spiritum

2009 3516 2073 3554 ex
2120 3498 2283 3565 Filio,
2339 3516 2464 3554 cum
2513 3516 2577 3555 ex
2628 3503 2868 3556 essentia
2911 3501 3032 3558 Filii
3089 3504 3351 3572 Spiritum
3396 3506 3583 3560 dicunt

2009 3591 2335 3659 scripturae,
2386 3592 2432 3647 is
2491 3592 2773 3648 enimvero
2820 3596 3142 3664 perpendat,
3195 3596 3263 3651 ad
3322 3613 3441 3666 qua:
3493 3600 3589 3651 ab-

2009 3694 2175 3748 surda
2220 3694 2597 3764 intempestiva
2651 3695 2845 3752 istluee
2895 3697 2962 3751 de
3017 3695 3226 3753 friviilis
3280 3700 3582 3769 disputatio

2009 3785 2188 3854 ipsum
2246 3786 2558 3854 compellet,
2615 3787 2932 3855 quit-utique
2992 3786 3178 3852 fuerit,
3227 3791 3321 3858 qui
3384 3792 3584 3847 similia

2008 3877 2249 3945 evulgat,
2292 3877 2436 3931 aliud
2494 3878 2722 3949 intelligi
2759 3892 2885 3932 cum
2923 3895 2986 3933 ex
3026 3880 3264 3935 essentia
3298 3880 3421 3936 Filii
3464 3884 3586 3951 Spi-

2009 3969 2175 4023 ritum
2220 3969 2502 4039 seriptnrte
2571 3970 2812 4034 tradunt,
2864 3980 2919 4025 et
2974 3972 3121 4025 aliud
3174 3987 3300 4028 cum
3354 3989 3385 4029 e
3442 3975 3582 4031 Filio

2005 4077 2134 4117 eum
2180 4076 2301 4116 esse
2333 4062 2658 4116 decernunt.
2700 4063 2812 4133 Ego
2855 4078 2987 4118 vero
3020 4079 3201 4133 neque
3237 4066 3578 4137 hypostasim

2010 4153 2134 4208 Filii
2191 4154 2245 4208 in
2298 4155 2521 4224 speciali
2578 4155 2848 4210 divisione
2898 4155 3128 4227 intelligi
3192 4173 3408 4225 assero,
3457 4176 3583 4216 eum

2011 4243 2248 4312 Spiritus
2277 4258 2340 4297 ex
2371 4242 2609 4298 essentia
2639 4242 2786 4297 illius
2813 4242 3036 4308 dicitur,
3078 4260 3256 4313 neque
3289 4251 3582 4304 essentiam

2010 4335 2159 4390 illius
2203 4333 2604 4403 ab'hypostasi
2664 4334 2932 4403 separari,
2984 4350 3107 4389 cum
3150 4352 3216 4390 ex
3251 4335 3391 4392 Filio
3440 4338 3580 4393 idem

2009 4427 2210 4483 dicitur
2241 4423 2482 4494 Spiritus
2518 4441 2531 4478 :
2561 4423 2655 4479 sed
2707 4430 2882 4477 totum
2908 4421 3140 4479 'aﬂirmo
3192 4428 3582 4493 comprehendi

2010 4532 2230 4595 Filium,
2276 4545 2402 4585 cum
2441 4539 2495 4584 et
2528 4545 2594 4584 ex
2627 4529 2790 4593 Filio,
2828 4537 2884 4583 et
2923 4544 2990 4583 ex
3016 4531 3250 4584 essentia
3287 4530 3409 4585 Filii
3440 4533 3586 4588 dice-

324 4620 450 4676 οὐτε
489 4622 592 4689 τὴν
622 4618 810 4673 οὐσίαν
842 4618 1009 4672 αὐτοῦ
1033 4618 1468 4688 ἀποδιαιρεωθαι
1514 4622 1611 4691 τῆς
1665 4622 1903 4676 ὑποστά-

2016 4636 2106 4679 tur
2157 4625 2396 4696 Spiritus
2433 4639 2579 4679 esse.
2624 4623 2880 4689 Ouinimo
2917 4622 3050 4676 illud
3092 4622 3255 4677 etiam
3297 4627 3419 4679 addi
3473 4635 3586 4682 sla-

330 4733 487 4779 σεως,
507 4715 639 4767 ὅταν
669 4715 733 4766 ὲκ
753 4710 848 4765 τοῦ
885 4711 1015 4764 Υίοῦ
1040 4711 1099 4763 16
1127 4711 1258 4764 αὐτὸ
1273 4710 1500 4779 λέγηται
1527 4713 1770 4782 Πνεῦμα,
1795 4712 1911 4767 ἀλλ’

328 4810 448 4862 ὅλον
477 4807 628 4875 φημὶ
674 4802 1197 4875 παραλαμϐάνεσθαι
1252 4803 1343 4856 τὸν
1376 4803 1524 4867 Υῐὸν,
1555 4806 1681 4858 ὅταν
1708 4806 1800 4858 καὶ
1847 4809 1911 4859 ἐκ

330 4900 424 4953 τοῦ
453 4898 589 4951 Υἰοῦ
614 4898 711 4948 καὶ
746 4898 808 4948 ἐκ
832 4897 930 4966 τῆς
961 4894 1149 4959 οὐσίας
1176 4896 1272 4949 τοῦ
1304 4896 1435 4950 Υίοῦ
1487 4897 1698 4962 λέγοιτο
1729 4899 1909 4970 ὑπάρ-

333 5010 449 5062 χειν
479 4990 543 5044 16
582 4988 829 5055 Πνεῦμα.
870 4986 1095 5041 Μᾶλλον
1149 4986 1247 5057 μὲν
1279 4987 1372 5041 οῦν
1406 4990 1498 5042 καὶ
1529 4990 1787 5043 ὲπιπλὲον
1816 5009 1913 5060 ση-

341 5083 633 5154 μαίνεσθαι
660 5077 1007 5150 διαγινὼσκω
1035 5081 1095 5133 τὸ
1130 5080 1401 5144 οὐσιωδῶς
1451 5083 1514 5135 ἐκ
1544 5082 1639 5136 τοῦ
1673 5084 1801 5137 Υἱοῦ
1847 5087 1910 5139 16

337 5175 560 5243 Πνεῦμα
588 5171 880 5242 ὑπάρχειν,
909 5169 1143 5237 ὁπηνίκα
1178 5172 1242 5222 ὲκ
1272 5174 1369 5240 τῆς
1421 5171 1609 5233 οὐσίας
1637 5171 1731 5225 τοῦ
1777 5172 1908 5226 Υὶοῦ

335 5269 585 5338 λέγηται,
616 5266 703 5319 διὰ
730 5264 790 5317 16
814 5262 908 5317 καὶ
936 5263 1006 5316 τὰ
1026 5263 1378 5333 λειτουργικὰ
1406 5265 1693 5334 πνεύματα
1726 5267 1787 5318 ἐκ
1813 5267 1906 5319 τοῦ

332 5361 460 5414 Υἱοῦ
505 5359 609 5429 μὲν
642 5353 806 5421 εἶναι,
837 5355 953 5410 ἀλλ’
1014 5356 1089 5416 ὡς
1126 5356 1294 5409 αὐτοῦ
1355 5358 1636 5426 ποιήματα
1688 5358 1784 5409 καὶ
1819 5358 1911 5427 δη-

334 5454 745 5525 μιουργήματα,
795 5448 855 5502 16
904 5449 961 5502 δὲ
1027 5447 1183 5516 ἅγιον
1224 5448 1450 5515 Πνεῦμα
1507 5448 1565 5514 ἐξ
1617 5450 1779 5502 αὐτοῦ
1813 5454 1909 5520 μὲν

332 5545 493 5609 εἶναι,
530 5544 650 5597 ἀλλ’
684 5544 749 5595 ὲκ
774 5543 875 5612 τῆς
923 5540 1112 5610 οὐσεας
1144 5540 1335 5603 αὐτοῦ,
1366 5540 1442 5602 ὡς
1465 5540 1738 5602 οὐσιωδῶς
1774 5545 1909 5596 ὐπο-

332 5638 522 5690 στατὸν
552 5635 612 5699 ἐξ
642 5632 833 5695 αὐτοῦ,
869 5632 982 5685 ἀλλ’
1007 5632 1106 5702 οὐχ
1131 5630 1205 5694 ὡς
1232 5630 1291 5683 ἓν
1314 5631 1422 5683 τῶν
1477 5631 1535 5695 ἐξ
1582 5633 1747 5685 αὐτοῦ
1776 5634 1912 5687 ie:-

330 5728 641 5799 τουργικῶν
692 5727 1025 5796 πνευμάτων
1083 5714 1191 5779 τῶν
1247 5726 1488 5794 ποιητῶν
1535 5726 1628 5779 καὶ
1654 5727 1907 5780 κτιστῶν.
1950 5738 1955 5743 ’

349 5821 487 5890 Ἐγὼ
515 5822 614 5893 μὲν
639 5815 754 5884 οῦν,
786 5819 969 5882 καθὼς
995 5817 1153 5887 ἔφην,
1182 5820 1310 5873 ὅταν
1346 5820 1409 5872 ἐκ
1442 5817 1546 5884 τῆς
1591 5818 1781 5881 οὐσίας
1812 5819 1908 5871 τοῦ

346 5913 415 5971 Υἱο
439 5912 466 5964 ὖ
491 5914 761 5982 ὑπάρχειν
792 5909 976 5963 ἀκούω
1003 5910 1061 5962 16
1118 5910 1359 5980 Πν;ῦμα,
1412 5910 1503 5963 καὶ
1539 5911 1664 5964 ὅταν
1705 5912 1765 5962 ἐκ
1819 5911 1908 5963 τοῦ

2012 4726 2126 4781 tuo,
2163 4715 2530 4770 essentialiter
2577 4730 2643 4770 ex
2672 4714 2815 4769 Filio
2851 4714 3118 4784 Spiritum
3165 4732 3309 4779 esse,
3343 4734 3468 4772 cum
3517 4736 3582 4775 ex

2010 4808 2253 4862 essentia
2284 4806 2408 4860 Filii
2454 4807 2680 4872 dicitur,
2731 4805 2879 4876 quod
2910 4815 2967 4861 et
2997 4808 3377 4864 ministratorii
3413 4810 3586 4881 Spiri-

2012 4906 2103 4953 tus
2137 4914 2203 4952 ex
2244 4896 2387 4952 Filio
2432 4898 2650 4967 quidem
2698 4907 2848 4961 sunt,
2889 4898 2984 4952 sed
3033 4907 3092 4952 ut
3140 4899 3285 4953 illius
3321 4915 3583 4955 ere-aiunt:

2009 4999 2065 5045 et
2107 4990 2363 5060 opiﬁeia:
2399 4990 2637 5059 Spiritus
2687 5004 2819 5053 vero
2873 4998 3100 5045 sanctus
3160 5007 3222 5043 ea
3262 4992 3382 5060 ipso
3424 4992 3582 5059 plane

2009 5089 2114 5146 est,
2152 5082 2248 5135 scd
2282 5097 2348 5137 ex
2378 5083 2617 5136 essentia
2654 5083 2851 5149 ipsius,
2889 5091 3149 5151 tanquam
3179 5070 3272 5150 qui
3319 5086 3585 5136 essz'tttia-

2012 5173 2136 5227 liter
2166 5189 2231 5227 ex
2264 5174 2385 5241 ipso
2416 5174 2694 5240 subsistit,
2728 5175 2820 5229 sed
2872 5191 2981 5228 non
3024 5183 3286 5242 tanquam
3334 5191 3474 5227 usus
3516 5191 3581 5227 ex

2012 5265 2159 5319 illius
2207 5265 2690 5320 administratoriis
2734 5266 3026 5335 spiritibus
3058 5268 3255 5321 creatis
3309 5276 3362 5319 et
3400 5267 3582 5321 factis.

2010 5354 2122 5426 Ego
2168 5358 2374 5426 itaque,
2427 5365 2485 5409 ut
2533 5358 2645 5426 jam
2698 5358 2834 5419 dixi,
2895 5375 3017 5413 cum
3073 5374 3136 5411 ex
3188 5362 3424 5412 essentfa
3460 5358 3582 5412 Filii

1968 5450 2174 5503 .audio
2229 5447 2490 5517 Spiritum
2548 5466 2690 5514 esse,
2741 5460 2795 5506 et
2848 5442 2973 5505 eum
3028 5451 3280 5504 eumdem
3334 5468 3398 5504 ex
3445 5451 3585 5508 Filio

2011 5540 2298 5608 concipio.
2344 5557 2408 5595 ex
2460 5541 2599 5596 Filio
2651 5558 2847 5612 netnpe
2895 5542 3269 5597 cssentialiter
3319 5543 3583 5613 Spiritum

2011 5651 2132 5690 esse
2196 5634 2453 5704 coniicio.
2508 5635 2662 5702 Quod
2714 5636 2759 5691 si
2822 5635 2947 5703 quis
3004 5636 3364 5702 inopinabiles
3421 5650 3585 5707 atque

2014 5729 2410 5797 inopportunas
2444 5730 2744 5783 divisiones
2793 5730 3077 5798 conﬁngit,
3125 5742 3178 5783 et
3221 5731 3348 5783 dum
3386 5746 3453 5784 ex
3498 5748 3587 5785 es-

2014 5821 2186 5875 sentia
2241 5820 2357 5874 Filii
2413 5820 2653 5889 Spiritus
2699 5821 2923 5886 dicitur,
2971 5837 3077 5875 non
3121 5821 3268 5876 illum
3329 5838 3393 5877 ex
3446 5822 3591 5877 Filio

2015 5910 2382 5966 essentialitcr
2437 5926 2557 5966 esse
2609 5911 2896 5980 intelligit,
2940 5913 3032 5968 scd
3093 5913 3370 5982 exposcit,
3400 5911 3582 5977 Quare
