4058 6428
517 413 616 482 ῙΠ
1537 427 1743 486 JUAN.
1789 428 2000 488 YECCI
2021 429 2150 488 'CP.

2191 429 2696 491 PATRIARCHE
3651 433 3738 502 “8

513 553 622 593 non
657 551 722 592 ex
757 537 1036 608 hypostasi
1085 542 1182 606 ait,
1229 541 1318 612 qui
1356 557 1419 599 ex
1460 543 1697 599 essentia
1732 543 1912 598 dixit?
1947 544 2076 598 illttd

2189 546 2335 602 rae-3.
2376 547 2433 597 τι
2462 525 2592 598 aia-.6
2624 549 2764 599 νοεῖν
2789 545 3070 617 βούλομαι,
3098 548 3157 602 τὸ
3191 549 3254 602 ἐκ
3280 549 3370 602 τοῦ
3395 550 3523 605 Υἱοῦ
3555 552 3738 628 δηλαδὴ

509 631 694 685 animo
717 631 921 698 volvat,
965 633 1020 687 in
1054 636 1332 690 nonnullis
1367 635 1569 690 divinis
1593 635 1894 707 Scripturis
1929 653 2081 707 repe-

508 719 606 774 riri
643 735 710 774 ex
749 719 910 776 Patre
935 719 1193 792 Spiritum
1219 726 1540 796 procedere,
1577 725 1628 780 in
1661 726 1784 782 aliis
1815 726 2077 796 Spiritum

505 822 574 863 ex
617 811 852 865 essentia
887 809 1062 868 Patris
1109 813 1424 882 procedere.
1481 815 1538 872 Si
1593 815 1779 886 itaque
1839 833 1960 872 cum
2012 832 2077 871 ex

504 898 668 954 Patre
729 902 1027 970 procedere
1091 904 1404 972 reperitur,
1461 921 1526 960 ex
1581 906 1862 978 bypostasi
1925 909 2074 962 illum

505 987 804 1056 procedere
838 989 928 1044 hic
964 993 1281 1056 contendet,
1323 995 1548 1064 planum
1583 1007 1686 1060 est,
1717 1013 1841 1052 cum
1883 1015 1946 1053 ex
1995 1016 2078 1054 cs—

505 1075 680 1132 sentia
711 1077 888 1139 Patris
915 1081 1216 1148 procedere
1241 1081 1461 1152 legitur,
1496 1085 1658 1137 aliam
1693 1087 1985 1155 quamdam
2011 1105 2074 1142 cx

503 1168 747 1224 essentia
801 1168 980 1229 Patris
1031 1174 1440 1241 processinnem
1498 1177 1807 1244 concipere,
1862 1189 1916 1231 et
1972 1183 2077 1239 erit

503 1253 807 1310 secundum
852 1257 1028 1326 ipsum
1065 1275 1204 1314 unus
1238 1261 1476 1330 Spiritus
1498 1279 1564 1336 ex
1597 1281 1706 1319 tino
1742 1267 1897 1333 Patre
1940 1271 2074 1329 duas

502 1343 714 1400 habens
750 1349 1161 1419 processiones.
1208 1369 1367 1406 unam
1394 1371 1459 1408 ex
1493 1355 1796 1426 Itypostasi,
1823 1369 1876 1412 et
1907 1360 2070 1413 aliam

500 1452 568 1492 ex
603 1439 841 1510 essentia
876 1459 890 1494 :
922 1455 1034 1510 quo
1079 1441 1212 1511 quid
1247 1443 1350 1498 dici
1396 1454 1576 1514 potest
1624 1448 1938 1515 absurdius,
1980 1459 2074 1506 aut

499 1531 949 1588 monstruosius?
975 1531 1079 1594 Sed
1123 1544 1173 1588 et
1210 1533 1331 1594 F.lii
1366 1551 1430 1590 ex
1463 1538 1622 1592 Patre
1665 1542 2070 1608 generationem

503 1625 776 1705 duplicem
815 1625 905 1680 ltic
945 1627 1228 1697 concedet.
1264 1626 1510 1700 Namque
1555 1631 1600 1688 si
1641 1634 1938 1703 aliquando
1986 1635 2074 1688 Fi-

501 1715 630 1769 lium
665 1716 809 1788 gigni
838 1732 901 1772 ex
948 1719 1106 1774 Patre
1137 1719 1433 1790 Scriptura;
1487 1724 1744 1790 tradunt,
1777 1727 2072 1797 aliquando

501 1824 626 1860 eum
675 1809 820 1879 gigni
876 1823 941 1864 ex
983 1811 1218 1866 essentia
1283 1811 1460 1868 Patris
1498 1814 1791 1879 afﬁrmant,
1829 1831 2068 1885 quanam

499 1901 716 1954 ratione
745 1917 850 1955 non
884 1903 992 1956 erit
1019 1904 1125 1957 alia
1155 1919 1220 1958 ex
1251 1905 1532 1975 hypostasi
1572 1909 1752 1962 Patris
1789 1911 2072 1978 generatio
2105 1899 2145 1951 Β

502 1991 646 2056 Filii,
679 2000 734 2044 et
765 1993 868 2051 alia
905 2010 971 2056 ex
1002 1997 1244 2050 essentia
1278 1995 1479 2062 Patris,
1511 2001 1813 2054 secundum
1843 2014 1942 2056 eos
1975 2002 2071 2071 qui

499 2085 893 2148 deterntinant,
943 2085 1156 2150 ratione
1199 2088 1534 2158 hypostasis,
1581 2099 1632 2142 et
1695 2105 1803 2144 non
1861 2093 2074 2147 ratione

501 2189 708 2236 natura:
745 2177 957 2232 Patrem
1013 2191 1238 2244 causam
1287 2193 1410 2233 esse
1441 2193 1655 2243 eorum,
1701 2196 1820 2251 qua
1853 2197 1917 2237 ex
1956 2181 2074 2252 ipso

499 2269 670 2323 sunt?
711 2269 847 2324 Cum
887 2269 1030 2322 enim
1089 2283 1312 2324 causam
1347 2267 1472 2326 Filii
1513 2271 1730 2326 Patrem
1765 2273 2071 2341 constituit,

498 2363 590 2430 qni
640 2376 707 2429 οξ
764 2361 1041 2432 ltypostasi
1091 2360 1270 2415 Pall‘iS
1324 2375 1449 2416 eum
1502 2363 1754 2434 generari
1809 2366 2070 2431 asseruit,

498 2455 660 2508 aliam
686 2455 982 2524 quamdam
1009 2469 1242 2523 prorsus
1265 2469 1486 2510 causam
1521 2467 1940 2526 commonstrat,
1976 2461 2069 2530 qui

496 2563 562 2602 ex
584 2547 821 2611 essentia
851 2544 1033 2610 Patris
1059 2562 1182 2600 eum
1215 2548 1465 2616 generari
1497 2548 1660 2606 dicit:
1690 2549 1928 2620 indeque
1951 2553 2074 2608 dua:

495 2639 660 2697 unius
709 2637 831 2692 Filii
885 2652 1064 2692 causa:
1120 2653 1184 2691 ex
1243 2652 1354 2692 uno
1402 2635 1563 2692 Patre
1621 2649 1961 2710 comparent.
2011 2643 2068 2697 Si

496 2733 679 2801 itaque
710 2738 932 2802 prOpter
981 2731 1126 2798 quod
1169 2729 1296 2784 inde
1342 2731 1594 2800 sequitur
1645 2734 1968 2791 absurdum.
2008 2746 2063 2792 et

497 2821 684 2886 fallax,
719 2821 813 2890 qui
862 2819 1202 2875 tantumdem
1245 2819 1521 2876 similibus
1567 2825 1854 2880 sententiis
1885 2828 2069 2882 trude-

496 2915 598 2974 ris.
641 2919 702 2966 ut
736 2911 818 2966 vel
848 2911 1045 2964 nolens
1078 2908 1318 2970 fatearis,
1353 2909 1564 2965 nullum
1601 2927 1724 2968 esse
1751 2913 2066 2984 discrimen,

497 3009 615 3065 sive
644 3024 708 3062 ex
751 3007 912 3064 Patre
946 3009 1160 3062 dicatur
1204 3007 1444 3080 Spiritus
1495 3009 1814 3078 procedere.
1857 3011 1972 3068 sive
2001 3029 2068 3068 ex

496 3101 731 3162 essentia
765 3100 963 3168 Patris,
991 3103 1128 3158 scito
1159 3101 1363 3156 nullam
1385 3099 1746 3156 diﬂ'erentiam
1772 3116 1913 3169 esse,
1937 3106 2066 3161 dum

496 3197 602 3255 ais.
632 3195 924 3290 aliquando
947 3210 1010 3249 ex
1039 3193 1276 3262 essentia
1302 3192 1744 3290 FiliiSpiritum,
1768 3195 2068 3268 aliquando
2098 3229 2147 3290 ο

497 3304 628 3344 vero
667 3306 732 3344 ex
770 3289 929 3346 Filio.
979 3290 1135 3358 Quod
1183 3289 1274 3346 ubi
1331 3286 1646 3344 indilferens
1687 3305 1805 3344 esse
1843 3291 2072 3345 demon-

496 3391 728 3440 stratum
785 3381 880 3448 sit,
915 3395 1088 3452 quare
1132 3396 1240 3435 nan
1292 3381 1631 3450 concipietur
1665 3395 1696 3433 a
1745 3391 1817 3446 te,
1861 3382 1956 3450 qui
2007 3398 2074 3438 ex

497 3478 736 3532 essentia
768 3474 947 3530 Patris
993 3473 1261 3546 procedit.
1301 3483 1356 3528 et
1383 3491 1451 3530 ex
1498 3475 1740 3531 essentia
1769 3473 1890 3531 Filii
1928 3476 2074 3531 exsi-

499 3570 594 3624 stit
645 3568 886 3638 Spiritus
931 3578 1174 3634 sanctus,
1229 3584 1298 3625 ex
1335 3571 1575 3625 essentia
1624 3569 1845 3640 quidem
1894 3571 2073 3626 Patris

501 3660 802 3729 prmedeus
834 3670 1090 3732 tanquam
1131 3675 1196 3716 ex
1230 3661 1377 3716 fonte
1409 3662 1617 3733 absque
1647 3662 1916 3732 principio
1952 3661 2074 3716 Dei~

501 3757 649 3818 tatis.
685 3771 748 3810 ex
783 3757 1019 3810 essentia
1047 3769 1174 3810 vero
1204 3754 1325 3814 Filii
1347 3756 1644 3818 exsistens.
1681 3765 1940 3824 tanquam
1977 3770 2072 3824 per

499 3847 694 3902 Filium
746 3848 1069 3905 naturaliter
1111 3847 1574 3904 et‘essentialiter
1613 3863 1678 3901 ex
1711 3846 1874 3902 Patre
1921 3861 2074 3900 ema-

499 3943 680 3996 nans?
711 3940 767 3994 Id
788 3942 832 3998 si
862 3942 936 3996 ita
985 3957 1015 3994 a
1047 3948 1100 3995 te
1133 3939 1492 4010 intelligetur,-
1524 3939 1894 3997 Methonensis
1939 3953 2072 3993 con—

499 4033 874 4104 detnnabitur,
913 4043 1170 4102 tanquam
1200 4033 1291 4100 qui
1346 4040 1551 4085 temere
1587 4045 1751 4099 supra
1801 4031 2070 4098 digestum

501 4129 878 4198 syllogismum
912 4123 1210 4186 connectit,
1252 4123 1304 4180 in
1341 4139 1452 4192 quo
1484 4123 1884 4192 intempestiva,
1922 4132 1976 4176 et
2005 4123 2074 4177 de

499 4220 749 4275 futilibus
793 4217 1193 4286 disceptatione
1227 4225 1550 4272 commentae
1595 4216 1662 4270 ab
1708 4217 1829 4284 ipso
1877 4216 2074 4272 distin—

499 4315 700 4370 ctionis
747 4311 1135 4376 contendebat,
1171 4329 1207 4392 ἰ
1237 4311 1450 4366 ratione
1497 4309 1826 4382 hypostasis,
1874 4318 1928 4364 et
1962 4325 2070 4365 non

499 4407 716 4462 ratione
755 4413 968 4460 naturae
1001 4402 1215 4458 Patrem
1247 4415 1373 4457 esse
1419 4415 1646 4455 causam
1694 4416 1910 4467 eorum,
1950 4417 2073 4472 quae

497 4515 564 4554 ex
613 4501 732 4568 ipso
775 4505 924 4554 sunt.
957 4515 974 4548 ι
1015 4495 1228 4550 Etenim
1277 4495 1348 4558 si,
1397 4503 1459 4548 ut
1510 4495 1644 4548 alias
1692 4495 1855 4550 etiam
1908 4511 1936 4550 a
1987 4510 2074 4551 me

499 4566 706 4646 dietum
737 4597 840 4654 est,
873 4588 1023 4647 aliud
1057 4586 1294 4641 essentia
1325 4600 1428 4648 est,
1481 4586 1628 4639 aliud
1669 4587 1978 4656 hypostasis
2014 4588 2068 4642 in
2105 4566 2148 4620 θ

500 4686 735 4750 Deitate,
787 4683 882 4740 sed
935 4697 1048 4742 non
1097 4689 1382 4751 propterea
1435 4695 1559 4736 cum
1627 4681 1762 4735 dicit
1811 4681 1954 4750 quis,
2005 4695 2074 4741 ex

500 4777 664 4833 Patre
694 4787 750 4832 et
777 4790 841 4831 ex
875 4771 1113 4834 essentia
1143 4771 1344 4832 Patris.
1390 4772 1598 4843 absque
1626 4772 1862 4828 essentia
1897 4771 2071 4842 hypo-

499 4869 690 4927 stasim
725 4867 902 4923 Patris
931 4865 1203 4936 intelligit,
1250 4873 1342 4922 aut
1386 4865 1680 4920 essentiam
1717 4864 1925 4934 absque
1967 4863 2072 4934 hy-

503 4961 738 5034 postasi.
772 4959 1001 5026 Quando
1031 4972 1162 5014 vero
1191 4967 1316 5027 p05t
1357 4957 1662 5012 recensitos
1701 4955 2073 5026 syllogismos,

507 5056 600 5110 alii
645 5068 865 5125 quoque
913 5051 982 5106 ab
1031 5051 1150 5121 ipso
1197 5049 1505 5119 exaggerati
1553 5058 1703 5110 sunt,
1751 5048 1843 5103 sed
1889 5046 2076 5100 nullus

505 5149 651 5201 inter
680 5160 777 5200 eos
809 5145 900 5210 sit,
933 5142 1026 5212 qui
1055 5157 1191 5198 nova
1224 5141 1288 5194 ad
1327 5140 1411 5195 sui
1435 5140 1776 5196 eversionem
1802 5137 2074 5194 sententia

483 5239 746 5311 indigeat
779 5251 891 5308 prae
915 5235 1022 5298 his,
1063 5250 1184 5305 quae
1215 5235 1281 5293 ad
1315 5231 1641 5288 rel‘ellendos
1664 5231 1802 5286 alios
1831 5229 2076 5299 ejusdem

506 5329 850 5400 syllogismos
885 5327 1126 5390 adducta
1169 5334 1316 5389 sunt,
1369 5335 1424 5378 et
1457 5338 1699 5394 praesens
1731 5330 1922 5380 nostra
1965 5320 2080 5374 haec

504 5426 682 5482 Oratio
730 5423 1082 5485 examinavit,
1117 5429 1404 5492 prOpterea
1445 5420 1530 5474 hic
1561 5421 1824 5472 adversus
1855 5415 2094 5479 eosdem,

504 5517 900 5574 reiutationum
952 5515 1114 5568 linem
1157 5513 1336 5566 facere
1384 5509 1751 5571 decrevimus,
1811 5508 1940 5561 illud
1992 5521 2082 5560 so-

509 5609 787 5662 lummodo
816 5609 1111 5663 observare
1141 5610 1426 5659 monentes
1453 5616 1601 5658 etnn.
1631 5600 1724 5668 qui
1755 5612 2082 5666 supervaca-

487 5721 610 5760 ‘nea
641 5702 972 5770 loquacitate
1006 5707 1172 5766 atque
1220 5693 1600 5761 intempestiva
1637 5695 2002 5746 eoncinnatos
2049 5707 2078 5746 a

509 5794 848 5851 Metltonensi
877 5790 1228 5864 syllogismos
1251 5783 1606 5856 percurrerit,
1639 5793 1846 5854 aperte.
1876 5793 1932 5838 et
1958 5782 2080 5838 sine

511 5887 619 5948 ulla
651 5884 992 5951 haesitatione
1031 5880 1091 5954 in‘
1133 5893 1240 5934 uno
1272 5893 1334 5932 ex
1373 5875 1564 5943 iisdem
1594 5875 1926 5948 sleOgismis
1967 5875 2079 5931 Me-

2183 637 2458 700 οὐσιωδῶς
2492 638 2557 690 τὸ
2585 639 2812 708 Πνεῦμα
2837 639 3123 710 ὑπάρχειν.
3161 640 3222 693 El
3253 641 3307 695 δέ
3339 643 3366 694 ό
3391 643 3486 705 τὶς
3519 647 3742 714 παραλό-

2185 748 2313 800 γους
2335 731 2634 802 διαιρέσεις
2658 732 2906 803 ἀκαίρως
2941 735 3443 805 άναπλαττόμενος,
3491 737 3550 788 ἐν
3577 737 3652 808 τῷ
3680 741 3742 792 ἐκ

2179 825 2282 893 τῆς
2311 824 2498 888 οὐσίας
2525 825 2620 877 τοῦ
2654 824 2786 878 Υίοῠ
2821 825 3077 894 λέγεσθαι
3129 827 3189 879 τὸ
3213 827 3459 897 Πνεῦμα,
3493 828 3552 881 οὐ
3581 827 3639 882 τδ
3685 833 3742 892 ἐκ

2179 915 2272 969 τοῦ
2309 915 2440 969 Υἱοῦ
2471 915 2744 980 οὐσιωδῶς
2773 918 3040 989 ὑπάρχειν
3075 919 3208 971 αὐτὸ
3229 919 3424 992 ,ἐθέλει
3452 923 3612 982 νοεῖν,
3635 921 3740 972 ἀλλ’

2179 1009 2419 1074 ἀπαιτεῖ,
2455 1008 2542 1063 διὰ
2574 1008 2627 1061 τί
2655 1009 2731 1081 μὴ
2767 1012 2826 1062 ἐκ
2851 1011 2949 1078 τῆς
2977 1009 3328 1074 ὑποστάσεως
3361 1011 3584 1082 εἴρηκεν
3609 1016 3634 1065 ὁ
3682 1015 3740 1064 ἐκ

2177 1101 2276 1169 τῆς
2297 1100 2487 1164 οὐσίας
2541 1101 2734 1162 εἰπὼν,
2777 1101 3070 1168 σκεψάσθω
3101 1103 3177 1164 ὡς
3211 1101 3269 1154 ἐν
3327 1119 3440 1154 τισι
3500 1104 3596 1170 μὲν
3642 1103 3742 1155 τῶν

2179 1191 2338 1244 θείων
2369 1191 2622 1263 Γραφῶν,
2651 1193 2715 1244 ἐκ
2737 1191 2946 1260 Πατρδς
2974 1193 3034 1244 τὸ
3063 1193 3289 1262 Πνεῦμα
3322 1193 3745 1262 ἐκπορευόμενον

2179 1282 2434 1353 εὓρηται,
2489 1283 2546 1337 ἐν
2575 1297 2687 1336 τισι
2741 1282 2795 1336 δέ
2837 1283 2899 1336 ἐκ
2930 1283 3027 1350 τῆς
3076 1283 3266 1346 οὐσίας
3316 1283 3743 1351 ἐκπορευόμενον

2177 1371 2272 1426 τοῦ
2305 1373 2542 1443 Πατρός.
2575 1373 2638 1426 Εῑ
2665 1373 2818 1440 γοῦν,
2851 1372 3093 1442 ὁπηνίκα
3129 1372 3194 1425 ἐκ
3221 1371 3315 1425 τοῦ
3345 1372 3563 1440 Πατρδς
3590 1373 3747 1425 ἐκπο-

2180 1467 2476 1537 ρευόμενον
2497 1465 2748 1536 εὓρηται,
2775 1465 2840 1526 ἐκ
2871 1463 2970 1532 τῆς
2994 1464 3348 1528 ὑποστάσεως
3385 1463 3748 1533 ἐκπορευόμε-

2177 1575 2266 1614 νον
2295 1557 2427 1611 αὐτδ
2461 1555 2632 1610 ἐθέλει
2653 1550 2810 1619 οὗτος
2846 1559 3010 1622 νοεῖν,
3037 1547 3264 1626 εὔδηλον
3288 1557 3388 1620 ὡς,
3412 1556 3651 1628 ὁπηνίκα
3687 1557 3748 1606 ἐκ

2176 1648 2273 1719 τῆς
2316 1648 2505 1711 οὐσίας
2563 1647 2657 1700 τοῦ
2715 1647 2928 1718 Πατρδς
3007 1647 3442 1717 ἐκπορευόμενον
3500 1645 3748 1717 εὓρηται,

2175 1742 2342 1810 ἄλλην
2372 1741 2494 1794 τινὰ
2526 1740 2624 1811 τὴν
2678 1741 2740 1802 ἐκ
2794 1739 2891 1809 τῆς
2920 1737 3110 1799 οὐσίας
3144 1737 3238 1792 τοὺ
3299 1738 3522 1808 Πατρός
3572 1738 3750 1807 νοήσει

2176 1834 2523 1904 ἐκπόρευσιν,
2559 1831 2653 1884 καὶ
2689 1830 2838 1883 ἔσται
2869 1831 2994 1884 κατ’
3039 1831 3204 1883 αὑτὸν
3233 1830 3296 1882 τὸ
3321 1829 3384 1896 ἐν
3436 1827 3665 1898 Πνεῦμα
3690 1829 3750 1880 ἐκ

2174 1931 2268 1983 τοῦ
2293 1929 2413 1992 ἐνὸς
2453 1926 2667 1996 Πατρὺς
2696 1923 2789 1978 δύο
2822 1924 2944 1997 ἔχον
2967 1925 3064 1988 τὰς
3111 1922 3498 1994 ἐκπορεὺσεις,
3537 1921 3664 1993 μίαν
3693 1922 3751 1972 ἐκ

2176 2017 2276 2087 τῆς
2307 2015 2677 2077 ὑποστάσεως,
2719 2013 2815 2066 καὶ
2863 2013 3030 2083 ἄλλην
3085 2015 3148 2066 ἐκ
3177 2014 3276 2081 τῆς
3307 2012 3566 2074 ὀὑσίαςτ
3610 2005 3668 2066 οὑ
3702 2009 3752 2063 τί

2177 2106 2524 2176 ἀτοπώτερον
2546 2105 2643 2157 καὶ
2671 2103 3027 2174 παραλογὼτε
3041 2121 3170 2172 ρους
3231 2103 3398 2156 Ἀλλά
3431 2105 3530 2156 καὶ
3566 2102 3662 2171 τὴν
3694 2101 3754 2164 ἐκ

2177 2197 2392 2267 Πατρὸς
2422 2195 2518 2248 τοῦ
2546 2194 2678 2249 Υἱοῦ
2711 2197 2966 2266 γέννησιν
2995 2195 3196 2264 διπλῆν
3246 2194 3417 2248 δώσει
3446 2196 3688 2247 νοεῖσθαι
3729 2193 3758 2248 ὁ

2173 2288 2435 2352 τοιοῦτος.
2462 2288 2526 2340 Εἰ
2556 2288 2664 2356 γάρ
2694 2287 2808 2341 ἐστι
2849 2287 2947 2357 μὲν
2978 2280 3040 2355 οὗ
3073 2285 3378 2355 γεννᾶσθαι
3413 2285 3508 2340 τὸν
3545 2286 3673 2338 Υἱδν
3698 2287 3759 2336 ἐτι

2173 2380 2268 2435 τοῦ
2301 2379 2512 2449 Πατρος
2539 2379 2792 2447 λέγουσιν
2816 2379 2873 2432 αἱ
2909 2378 3152 2449 Γραφαὶ,
3212 2377 3329 2430 ἐστι
3375 2377 3438 2430 δέ
3465 2372 3528 2432 οὑ
3571 2375 3761 2443 γεννᾶ-

2177 2473 2304 2526 σθαι
2327 2471 2493 2526 αὑτὸν
2522 2473 2588 2524 ἐκ
2621 2471 2720 2540 τῆς
2745 2469 2838 2523 τοῦ
2894 2470 3109 2539 Πατρδς
3173 2469 3504 2536 θελογοῦσιν
3557 2467 3764 2530 οὐσίας,

2175 2563 2294 2628 πῶς
2316 2564 2415 2617 οὐκ
2441 2563 2578 2634 ἄλλη
2617 2563 2716 2632 μὲν
2743 2561 2899 2615 ἔσται
2928 2562 2962 2630 ή
3005 2563 3068 2614 ἐκ
3105 2561 3207 2630 τῆς
3259 2561 3628 2626 ὑποστάσεως
3673 2559 3763 2612 τοῦ

2173 2655 2392 2724 Πατρδς
2420 2655 2676 2724 γέννησις
2713 2653 2809 2706 τοῦ
2842 2652 2996 2713 Υἱοῦ,
3023 2652 3158 2722 ἄλλη
3187 2652 3243 2704 δὲ
3276 2655 3308 2721 ἡ
3344 2655 3409 2704 ἐκ
3442 2653 3546 2720 τῆς
3578 2652 3764 2713 οὐσίας

2171 2747 2266 2800 τοῦ
2303 2745 2536 2818 Πατρδς,
2566 2747 2710 2799 κατὰ
2746 2746 2870 2807 τοὺς
2901 2745 3164 2813 λέγοντας
3197 2743 3276 2814 τῷ
3305 2744 3456 2815 λόγῳ
3503 2745 3604 2810 τῆς
3638 2743 3767 2796 ὑπο-

2175 2835 2415 2896 στάσεως
2443 2835 2542 2888 καὶ
2570 2835 2696 2904 οὐχ).
2717 2834 2798 2906 τῷ
2828 2835 2973 2905 λόγῳ
3031 2834 3129 2904 τῆς
3162 2834 3382 2904 φύσεως
3413 2835 3510 2888 τὸν
3547 2835 3765 2906 Πατέρα

2171 2927 2346 2981 αἴτιον
2378 2922 2520 2980 εἶναι
2551 2926 2660 2982 τῶν
2681 2926 2740 2992 ἐξ
2771 2926 2935 2981 αὐτοῦ
2964 2943 2980 2994 ;
3029 2926 3187 2981 Ἐπεὶ
3237 2926 3350 2997 γὰρ
3396 2927 3582 2981 αἴτιον
3635 2926 3764 2988 Υἱοὺ

2171 3019 2262 3072 τὸν
2295 3018 2517 3090 Πατέρα
2542 3019 2887 3090 παρέστησεν
2915 3021 2943 3073 ό
2969 3020 3032 3079 ἐκ
3062 3020 3163 3089 τῆς
3191 3016 3562 3079 ὑποστάᾶεως
3595 3017 3764 3072 εἰπὼν

2171 3113 2266 3166 τοῦ
2289 3113 2504 3184 Πατρὸς
2557 3112 2852 3182 γεννᾶσθαι
2913 3111 3102 3170 αὐτον.
3138 3110 3310 3180 ἄλλην
3361 3113 3494 3166 τινα
3547 3112 3766 3171 πάντως

2178 3205 2358 3259 αἰτίαν
2391 3207 2680 3275 ἀνέφηνεν,
2727 3200 2752 3258 ὂ
2780 3205 2842 3256 ἐκ
2865 3204 2965 3272 τῆς
2989 3203 3179 3266 οὐσίας
3202 3202 3299 3256 τοῦ
3333 3205 3561 3275 Πατρὶς
3595 3201 3767 3264 εἰπὼν

2175 3296 2473 3365 γεννᾶσθαι
2507 3297 2692 3357 αὑτὸν,
2723 3295 3022 3350 κάντεῦθεν
3077 3294 3170 3348 δὺο
3200 3294 3264 3347 τὰ
3319 3295 3419 3358 τοῦ
3471 3295 3596 3358 ἐνὸς
3634 3293 3765 3348 Υίοὺ

2176 3388 2328 3443 αἴτια
2367 3389 2431 3442 ἐκ
2451 3387 2546 3442 τοῦ
2575 3388 2694 3450 ἐνὸς
2725 3389 2968 3457 ἀνεφάνη
3004 3387 3234 3458 Πατρός.
3293 3387 3361 3440 Et
3413 3387 3554 3456 γοῦν
3589 3386 3680 3440 διὰ
3711 3385 3770 3438 τὸ

2175 3479 2424 3536 ἐντεῦθεν
2459 3479 2662 3534 ἄτοπον
2683 3479 2779 3532 καὶ
2809 3478 3123 3550 παράλογον
3159 3479 3187 3530 ὁ
3238 3479 3366 3540 ταῖς
3421 3477 3770 3548 παραλόγοις

2177 3575 2242 3626 σύ
2295 3571 2656 3642 χαριζόμενος
2707 3569 2940 3633 ταύταις
2996 3568 3233 3632 ἐννοίαις
3291 3571 3623 3643 συνελαύνη
3681 3569 3775 3623 καὶ

2175 3663 2324 3718 ἄκων
2379 3663 2682 3733 ὁμολογεῖν,
2735 3662 2903 3732 μηδὲν
2957 3661 3236 3731 διαφέρειν
3301 3663 3371 3715 ἐκ
3417 3664 3520 3718 τοῦ
3558 3663 3776 3732 Πατρὺς

2175 3755 2572 3825 ἐκπορεύεσθαι
2601 3755 2779 3824 λέγειν
2800 3755 2862 3808 τδ
2898 3752 3280 3826 Πνεῦμα,κῄ
3315 3755 3382 3807 ἐκ
3422 3756 3529 3826 τῆς
3576 3754 3769 3816 οὐσίας

2173 3847 2267 3902 τοῦ
2294 3847 2536 3916 Πατρός·
2574 3846 2746 3915 γνῶθι
2775 3845 2911 3916 μηδέ
2957 3845 3222 3914 διαφοράν
3267 3860 3403 3898 τινα
3459 3845 3772 3915 ἀναφαίνε-

2177 3939 2301 3993 σθαι
2337 3939 2430 3991 καὶ
2455 3941 2510 3993 ἐν
2550 3937 2626 4008 τῷ
2658 3938 2841 4005 λέγειν
2865 3937 2954 3989 ὁτὲ
2981 3923 3091 4006 μὲν
3137 3937 3202 3988 ἐκ
3257 3935 3360 4005 τῆς
3418 3924 3620 4002 οὐσίας
3677 3936 3770 3990 τοῦ

2175 4033 2310 4086 Υἱού
2355 4033 2415 4086 τδ
2463 4032 2712 4100 Πνεῦμα,
2753 4030 2840 4083 ὁτὲ
2890 4031 2946 4082 δὲ
2981 4031 3046 4082 ἐκ
3093 4027 3188 4080 τοῦ
3240 4027 3406 4084 Υίοῢ.
3475 4031 3698 4089 Τούτου
3722 4029 3778 4082 δὲ

2174 4125 2470 4194 ἀδιαφόρου
2503 4122 2833 4192 δειχθέντος,
2889 4121 3006 4184 πῶς
3031 4121 3092 4174 οὑ
3124 4120 3468 4191 νοηθήσεταί
3503 4139 3595 4176 σοι
3621 4123 3684 4176 τὸ
3719 4123 3780 4172 ἐκ

2174 4223 2272 4290 τῆς
2299 4219 2489 4280 οὐσίας
2521 4217 2612 4270 τοῦ
2648 4215 2859 4285 Πατρος
2911 4203 3384 4282 ἐκπορευόμενον,
3423 4215 3531 4269 καὶ
3589 4219 3656 4270 ἐκ
3683 4215 3782 4284 τῆς

2173 4311 2364 4373 οὐσῖας
2393 4307 2487 4361 τοῦ
2515 4307 2644 4360 Υἱοῦ
2687 4305 2931 4374 ὑπάρχον
2960 4302 3116 4370 ἅγιον
3156 4301 3416 4370 Πνεῦμα,
3444 4307 3514 4356 ἐκ
3553 4303 3660 4374 μὲν
3686 4303 3786 4370 τῆς

2173 4402 2363 4466 οὐσίας
2389 4401 2484 4455 τοῦ
2523 4400 2736 4468 Πατρὺς
2771 4397 3234 4468 ἐκπορευόμενον,
3284 4394 3367 4456 ὡς
3425 4398 3496 4450 ἐκ
3530 4395 3788 4467 πηγαίας

2176 4496 2414 4566 ἁνάρχου
2443 4493 2739 4563 Θεότητος,
2775 4491 2840 4542 ἐκ
2877 4489 2933 4542 δέ
2963 4490 3062 4556 τῆς
3083 4487 3271 4550 οὐσίας
3293 4487 3396 4539 τοῦ
3421 4489 3566 4542 Tia-'5
3601 4488 3786 4551 ὑπάρ-

2177 4605 2293 4660 χον,
2316 4588 2390 4649 ὡς
2418 4586 2506 4638 διὰ
2532 4583 2625 4636 τοῦ
2662 4581 2794 4634 Υίοῦ
2818 4579 3065 4650 φυσικῶς
3099 4579 3195 4632 καὶ
3233 4578 3531 4642 οὐσιωδῶς
3557 4583 3627 4634 ἐκ
3669 4580 3786 4632 Πα-

2177 4680 2305 4750 τρδς
2334 4675 2640 4740 όιναὸλὺζον
2668 4691 2684 4741 ;
2717 4673 2780 4727 Εἰ
2811 4674 2869 4727 δέ
2906 4671 3063 4725 τοῦτο
3097 4669 3239 4723 οὑτω
3264 4686 3350 4725 σοι
3409 4671 3786 4743 νοηθήσεται,

2176 4775 2204 4826 ὁ
2233 4768 2498 4839 Μεθώνης
2526 4763 2998 4836 διαγνωσθήσεταί
3045 4779 3130 4816 σοι
3167 4761 3352 4831 μάτην
3389 4762 3494 4816 τὸν
3536 4780 3790 4834 προανα-

2177 4863 2514 4930 τεταγμένον
2553 4858 2770 4911 πλέκων
2813 4853 3216 4924 συλλογισμὸν,
3274 4853 3334 4905 ἐν
3371 4847 3419 4922 ᾧ
3471 4859 3630 4910 κατὰ
3687 4855 3789 4915 τὰς

2177 4955 2439 5025 ἀκαίρους
2469 4949 2828 5020 λεπτολογίας
2866 4951 2966 5018 τῆς
3001 4946 3391 5016 ἐφευρημένης
3447 4947 3615 5018 αὐτῷ
3646 4949 3794 5002 διαι..

2183 5048 2386 5118 ρέσεως
2420 5044 2577 5111 ἔλεγε
2607 5061 2627 5094 ι
2651 5041 2728 5114 τῷ
2749 5041 2894 5109 λόγῳ
2929 5041 3030 5108 τῆς
3075 5037 3468 5101 ὑποστάσεως,
3531 5039 3636 5091 καὶ
3668 5037 3796 5108 οὐχὶ

2179 5138 2256 5207 τῷ
2282 5138 2424 5205 λόγῳ
2457 5136 2556 5204 τῆς
2579 5133 2795 5203 φύσεως
2825 5133 2916 5186 τδν
2965 5129 3184 5198 Πανέρα
3241 5127 3429 5181 αἴτιον
3489 5125 3651 5185 εἶναι
3683 5130 3801 5183 τῶν

2181 5231 2241 5298 ἐξ
2263 5229 2450 5282 αὑτοῦ.
2489 5246 2506 5278 ι
2540 5227 2600 5279 ΕΞ
2621 5228 2751 5296 γὰρ,
2777 5226 2852 5288 ὡς
2892 5225 2986 5276 καί
3017 5220 3206 5277 ἄλλοτέ
3235 5237 3324 5294 μοι
3357 5221 3630 5292 εἴρηται,
3665 5223 3801 5277 ἄλλο

2185 5323 2283 5393 μέν
2305 5325 2451 5375 ἐστιν
2481 5322 2656 5385 οὐσία,
2680 5319 2806 5374 ἄλλο
2828 5318 2883 5370 δὲ
2903 5317 3201 5376 ὑπόστασις
3226 5313 3318 5365 ἐπὶ
3346 5313 3462 5384 τῆς
3489 5315 3804 5390 Θεότητπ,

2181 5413 2298 5470 ἀλλ’
2327 5413 2428 5466 οὐκ
2455 5412 2592 5464 ἐπὰν
2627 5411 2764 5482 λέγῃ
2803 5426 2884 5469 τις
2913 5409 2976 5460 ἐκ
3004 5406 3100 5459 τοῦ
3153 5401 3400 5474 Πατρδς,
3435 5408 3544 5461 καὶ
3597 5410 3667 5462 ἐκ
3699 5409 3806 5478 τῆς

2180 5505 2369 5567 οὐσίας
2427 5502 2520 5556 τοῦ
2585 5504 2814 5571 Πατρδς.
2867 5497 3118 5551 άνοὺσιον
3173 5496 3498 5553 ὑπόστασιν
3547 5503 3677 5555 νοεῖ
3703 5498 3804 5554 τοῦ

2166 5594 2418 5666 εΠατρὸς,
2446 5595 2480 5665 ἢ
2513 5593 2705 5647 οὐσίαν
2738 5591 3138 5644 ἀνυπόστατον.
3171 5585 3326 5640 Ἐπεὶ
3370 5587 3436 5640 δὲ
3476 5592 3585 5644 καὶ
3612 5593 3808 5663 ἕτεροι

2185 5687 2325 5758 μετὰ
2400 5687 2526 5749 τοὺς
2589 5681 3088 5755 ἀπηριθμημένους
3139 5678 3571 5748 συλλογισμοὺς
3648 5683 3808 5756 αὐτῷ

2183 5780 2514 5851 ἐπλὲκησαν,
2546 5776 2642 5830 καὶ
2665 5775 2839 5838 οὐδείς
2863 5775 3012 5826 ἐστιν
3033 5771 3092 5837 ἐξ
3120 5770 3318 5832 αὐτῶν,
3347 5769 3414 5834 ὃς
3450 5779 3809 5848 καινοτέρου

2182 5873 2326 5937 τινος
2361 5875 2438 5936 είς
2470 5868 2782 5942 ἀνατροπὴν
2823 5867 3096 5937 νοήματος
3127 5861 3318 5935 χρῄζει
3378 5868 3550 5937 παρὰ
3597 5872 3818 5948 τας-ῃἡ
