4058 6486
422 451 526 513 155

1451 459 1664 520 ΙΟΑΝ.
1709 460 1920 521 VE‘LCI
1963 461 2069 521 Cl’.
2111 461 2629 522 I’A'l'lll.lll(l'.l.E

3595 462 3695 526 156

420 574 680 641 Spiritus,
719 583 813 628 aut
851 575 1094 644 ejusdem
1127 585 1179 632 et
1210 593 1647 648 supervacaneus
1674 620 1688 647 ,
1723 589 1816 636 aut
1861 580 1997 634 alte-

2122 581 2386 634 ,ύθύνουσι
2451 580 2698 651 τροχιὰς.
2763 581 2874 634 Καὶ
2930 581 2979 633 εί
3037 577 3182 634 οὕτω
3239 579 3444 642 ταῦτα,
3524 579 3706 648 μάτην

420 667 557 730 rius,
587 676 640 719 ct
663 667 853 735 cnjus?
883 688 900 719 ι

2114 673 2299 725 λοιπὸν
2337 671 2365 722 ὁ
2416 672 2576 736 σοφὸς
2629 662 2797 734 οὗτος.
2844 673 2982 739 ἀνὴρ
3023 671 3192 738 λέγει,
3237 691 3254 722 ι
3299 671 3370 723 ΊΙ
3423 672 3574 722 κατὰ.
3610 675 3700 736 τὴι

420 757 810 829 Πεντηκοστὴν
855 761 1131 828 παρουσία
1173 758 1266 812 τοῦ
1318 761 1660 832 Πνεύματος,
1737 765 1768 836 ἢ
1811 765 1905 818 τοῦ
1955 762 2144 826 αὐτοῦ,
2202 763 2294 814 καὶ
2340 761 2592 832 περιττὴ,
2645 762 2678 831 ἦ
2749 761 2910 816 ἄλλον
2979 761 3335 832 Πνεύματος·
3399 759 3501 814 καὶ
3554 761 3707 812 ποῖον

421 869 578 905 τουτο
608 870 622 918 ;
665 872 685 906 ι

492 945 580 999 69.
612 947 691 998 Ad
724 947 928 1001 dictum
963 965 1092 1004 vero
1143 968 1310 1022 prope
1361 955 1469 1009 line
1523 957 1998 1027 syllogismorum,

425 1037 513 1090 ubi
547 1038 710 1091 veluti
743 1041 1108 1096 necessarium
1138 1060 1246 1114 prro
1269 1047 1389 1101 aliis
1419 1049 1675 1103 omnibus
1704 1049 2001 1112 concludit,

428 1147 445 1179 ι
483 1129 778 1196 procedere
810 1130 1073 1200 Spiritum
1125 1152 1190 1190 ex
1223 1139 1338 1191 solo
1371 1139 1545 1202 Patre,
1588 1159 1606 1192 ι
1632 1139 1998 1204 refutandum,

423 1218 561 1272 nihil
591 1220 738 1275 aliud
779 1226 1121 1292 opporunius
1155 1227 1288 1282 Italo
1345 1231 1528 1290 fuerit,
1559 1247 1720 1300 quam
1754 1232 1999 1302 ejusdem

423 1310 596 1379 ipsius
631 1323 954 1384 conceptus,
1014 1319 1082 1373 ab
1139 1321 1330 1376 eodem
1385 1323 1434 1376 iu
1475 1325 1699 1379 exordio
1736 1325 2003 1379 orationis

423 1403 690 1459 adversus
711 1403 964 1462 Latinum
1003 1413 1337 1479 prepositus.
1375 1413 1508 1468 Nam
1548 1417 2005 1484 quemadmodum

426 1493 498 1546 ibi
533 1494 621 1548 hic
649 1498 754 1568 vir,
786 1499 941 1565 quasi
985 1514 1048 1554 os
1083 1499 1199 1555 itali
1235 1504 1547 1568 obstruens,
1581 1515 1634 1559 et
1677 1505 1729 1558 in
1775 1508 2000 1562 dubium

425 1562 734 1640 inevitabile
775 1562 1124 1658 compellens,
1154 1593 1370 1648 dicebat
1398 1615 1414 1649 :
1445 1615 1462 1646 ι
1605 1611 1670 1650 ex
1699 1597 1836 1650 Filio
1882 1599 2007 1666 Spi-

429 1673 569 1729 ritus
599 1677 866 1745 procedit,
919 1681 1050 1750 quid
1117 1683 1216 1738 fuit
1277 1686 1685 1756 impedimento.
1728 1707 1793 1743 ne
1844 1691 2006 1744 Chri-

426 1775 542 1818 stus
581 1766 788 1822 diceret
833 1786 848 1824 :
885 1773 977 1840 qui
1012 1789 1077 1828 ex
1126 1773 1286 1830 Patre
1319 1791 1370 1832 et
1396 1794 1478 1830 me
1510 1779 1793 1849 procedit?
1830 1799 1848 1831 ι
1894 1796 2002 1834 non

425 1856 532 1909 alia
570 1859 784 1914 ratione
815 1860 1048 1920 Latinus
1082 1867 1256 1920 eidem
1292 1869 1528 1926 reddens
1551 1872 1716 1926 verba
1764 1888 1884 1934 sua,
1924 1872 2004 1926 fa-

423 1945 628 2033 tebitur
663 1964 678 2002 :
711 1947 766 2003 Si
796 1965 859 2004 ex
897 1953 1014 2008 solo
1056 1954 1218 2011 Patre
1251 1959 1496 2026 procedit
1557 1959 1824 2031 Spiritus,
1867 1964 2000 2033 quid

428 2031 820 2102 impedimento
869 2042 972 2097 fuit
999 2044 1243 2113 Christo,
1281 2063 1348 2102 ne
1401 2049 1624 2117 diceret,
1659 2051 1762 2118 Qui
1793 2069 1856 2106 ex
1887 2031 2007 2108 solo

431 2122 592 2179 Pazre
615 2129 905 2196 procedit?
934 2133 1000 2188 Et
1029 2151 1153 2190 cum
1187 2148 1372 2208 postea
1415 2141 1502 2195 hic
1525 2144 1818 2212 exprobrat
1851 2145 2007 2208 italo,

427 2219 656 2288 vestigia
687 2221 887 2279 Christi
934 2242 1236 2298 pauperum
1275 2233 1641 2303 Evangelistze
1678 2254 1784 2292 non
1819 2241 2001 2308 sequi,

430 2311 576 2378 quod
602 2315 952 2384 superaddat,
979 2337 998 2371 ι
1028 2330 1082 2374 et
1112 2337 1178 2376 ex
1211 2319 1346 2378 Filio
1371 2341 1385 2390 ;
1425 2345 1441 2378 ι
1479 2326 1670 2382 iisdem
1701 2336 1754 2382 et
1785 2329 1900 2398 ipse
1925 2347 2012 2384 cx-

429 2401 884 2470 probrationibus
929 2409 1202 2468 obnoxius
1239 2415 1364 2481 erit,
1411 2417 1555 2486 quod
1591 2421 1921 2487 superaddat
1946 2439 2012 2476 ea:

429 2492 566 2582 solo.
615 2492 680 2548 Et
729 2495 844 2552 hac
897 2499 1114 2568 quidem
1146 2504 1212 2558 ad
1247 2506 1394 2562 dicta
1444 2507 1661 2582 Bulgari
1715 2513 2009 2570 refellenda

431 2581 668 2642 adducta
697 2597 844 2644 sunt.

505 2863 594 2922 70.
629 2867 697 2925 Et
724 2869 782 2926 in
813 2871 900 2929 bis
921 2883 1195 2944 praeterea
1215 2879 1476 2939 adversus
1503 2886 1710 2942 similes
1735 2887 2008 2956 homines,

432 2971 574 3027 quos
600 2959 670 3014 ad
697 2959 804 3016 hoc
829 2971 1044 3034 tempus
1086 2967 1272 3024 videre
1314 2973 1565 3044 contigit,
1598 2987 1784 3033 nostra
1830 2983 2012 3036 studia

431 3051 847 3120 collocavimus,
881 3065 944 3111 ut
987 3059 1402 3120 ostenderemus
1437 3080 1534 3123 eos
1557 3108 1572 3133 ,
1630 3072 1722 3139 qui
1757 3081 1884 3128 ante
1912 3090 2016 3129 nos

432 3139 592 3197 fuere
633 3144 904 3214 sapientia
937 3147 1181 3206 illustres
1215 3153 1343 3218 viri,
1396 3172 1679 3228 perperam
1737 3163 2012 3219 Ecclesia-

434 3245 560 3287 rum
599 3233 886 3291 dissidium
929 3243 1296 3308 promovisse.
1331 3246 1583 3320 Plerique
1608 3253 1752 3308 enim
1787 3270 1853 3310 ex
1884 3257 2018 3327 ipsis
2045 3248 2086 3305 C

436 3341 548 3382 non
575 3339 634 3382 ut
657 3327 856 3387 fratres
886 3333 1133 3402 addecet,
1159 3353 1325 3407 qutea
1365 3339 1626 3398 fratribus
1651 3344 2017 3404 aﬂ‘crebantur

434 3423 726 3485 acceptare
759 3421 1130 3490 sustinebant,
1187 3425 1282 3480 sed
1345 3430 1786 3489 contradicentes
1834 3434 1886 3488 in
1923 3451 2017 3490 eos

438 3503 858 3572 iuvehebantnr,
897 3521 950 3564 et
977 3527 1044 3568 ex
1090 3514 1224 3584 ipsis
1255 3521 1632 3588 unusquisque
1663 3524 1866 3590 primas
1913 3526 2017 3581 sibi

440 3595 498 3651 in
519 3598 788 3668 sapientia
820 3602 1118 3670 vepdicare
1157 3607 1500 3676 existimans,
1533 3613 1576 3666 si
1610 3614 1880 3670 haereseos
1907 3619 2016 3672 cri-

438 3703 564 3742 men
599 3691 867 3760 proximis
919 3694 1122 3751 valeret
1167 3699 1483 3769 appingere,
1529 3702 1720 3758 obvios
1773 3719 2019 3777 quosque

439 3781 826 3837 nonnullarum
847 3796 1204 3844 ,versutarum
1252 3793 1648 3848 sententiarum
1693 3802 2018 3857 commentis

440 3883 559 3926 a'se
603 3871 830 3942 rejicere
870 3874 1216 3946 moliebatur,
1263 3882 1310 3935 si
1369 3882 1508 3938 l'orte
1559 3884 1661 3939 sibi
1714 3886 1818 3944 hoc
1859 3891 2020 3945 modo

438 3963 751 4020 obvenisset
797 3965 942 4021 fama
982 3969 1106 4023 fidei
1156 3969 1391 4028 fortasse
1421 3976 1780 4045 ardentioris,
1814 3990 1866 4036 et
1917 3983 2019 4038 zeli

443 4054 679 4126 alicujus
711 4073 809 4126 pro
845 4069 994 4116 recta
1030 4061 1136 4117 fide
1185 4065 1430 4132 tutanda,
1463 4082 1585 4122 cum
1611 4069 1842 4126 aliorum
1875 4075 2020 4129 circa

440 4163 530 4204 res
559 4149 774 4206 divinas
817 4154 1125 4223 segnitiem,
1159 4166 1214 4211 et
1247 4173 1426 4213 rerum
1457 4171 1767 4217 nostrarum
1797 4163 2020 4220 infidam

446 4241 813 4310 proditionem
843 4245 1282 4302 condemnasset.
1333 4247 1398 4304 Et
1437 4251 1552 4307 haec
1578 4253 1822 4323 plerique
1859 4271 2022 4311 cona-

444 4331 664 4400 bantur,
695 4337 835 4406 quod
877 4336 1217 4408 refriguisset
1247 4342 1514 4411 charitas,
1567 4354 1622 4400 et
1663 4347 2020 4417 multiplicata

445 4433 597 4482 esset
652 4427 939 4497 iniquitas,
973 4442 1032 4484 ut
1077 4431 1284 4502 scripto
1323 4436 1578 4490 traditum
1607 4448 1710 4494 est.
1751 4437 1861 4494 Nos
1896 4457 2022 4495 vero

447 4517 582 4574 nihil
620 4521 800 4577 simile
829 4523 1012 4579 animo
1061 4525 1360 4591 volventes,
1386 4527 1751 4585 Ecclesiarum
1790 4549 2020 4588 concor-

444 4609 590 4666 diam
620 4613 1012 4670 candidissime
1037 4616 1324 4684 amplexati
1363 4635 1580 4675 sumus.
1615 4620 1682 4676 Et
1709 4637 1777 4678 ne
1808 4626 2019 4681 videic-
2058 4601 2096 4652 ⁸

446 4719 572 4757 mur
598 4704 919 4759 nonnemini
958 4705 1364 4763 inconsiderate
1412 4718 1466 4764 et
1519 4711 1725 4782 absque
1755 4715 1865 4768 ullo
1893 4733 2022 4770 exa-

446 4799 613 4862 mine,
647 4799 922 4867 nullisque
965 4797 1718 4868 Scripturarumtestimoniis
1759 4807 1900 4872 fulti,
1931 4826 2022 4862 ec-

455 4890 820 4945 clesiasticam
855 4906 1047 4960 pacem
1074 4894 1398 4972 exosculari,
1428 4911 1605 4966 operae
1641 4900 1874 4968 pretium
1903 4919 2024 4956 esse

446 4981 732 5047 duximus,
787 4982 935 5036 dicta
987 4994 1325 5051 sanctorum,
1365 4987 1596 5044 diversis
1649 4986 1702 5044 in
1754 4992 1888 5046 locis
1942 4993 2027 5047 di-

446 5090 660 5143 spersa,
689 5074 757 5130 ad
791 5074 1302 5141 demonstrandum,
1338 5080 1601 5148 Spiritum
1631 5099 1751 5138 esse
1773 5101 1834 5138 ex
1863 5084 2023 5139 Patre

447 5178 502 5221 et
537 5165 701 5230 Filio,
737 5167 885 5235 quod
929 5170 1302 5226 asserentibus
1353 5169 1526 5236 Italis,
1576 5172 1852 5229 Ecclesias
1880 5175 2022 5230 divi-

452 5258 588 5312 dens
625 5257 943 5312 scandalum
975 5261 1174 5330 erupit,
1205 5263 1293 5318 hic
1337 5265 1388 5317 in
1427 5265 1598 5334 prima
1634 5277 1784 5335 parte
1822 5269 2024 5321 oratio-

451 5353 538 5408 nis
576 5353 630 5406 in
665 5369 834 5408 unum
884 5357 1170 5412 recollecta
1220 5359 1484 5429 digerere,
1529 5371 1642 5414 tum
1683 5362 1938 5432 deinceps
1973 5362 2024 5414 in

451 5443 692 5499 secunda
743 5443 1123 5500 refutationem
1165 5465 1377 5511 eorum,
1419 5450 1510 5518 qui
1546 5459 1736 5504 contra
1790 5449 1882 5516 jus
1919 5449 2029 5503 fas-

453 5546 560 5599 que
596 5545 758 5586 omne
793 5533 1077 5588 tlissidium
1115 5535 1484 5594 Ecclesiarum
1545 5540 1749 5602 fovent,
1801 5553 2031 5606 appone-

451 5637 532 5676 re.
575 5623 636 5676 Et
666 5639 788 5678 cum
835 5625 1083 5682 defensio
1127 5643 1154 5681 a
1214 5629 1372 5683 nobis
1431 5629 1786 5698 relinquenda
1861 5639 2026 5692 esset,

453 5714 579 5765 dum
633 5731 738 5770 non
794 5717 866 5772 ita
927 5717 1101 5774 facilis
1179 5720 1366 5772 multis
1434 5719 1710 5772 videretur
1773 5729 2028 5789 superato

455 5798 652 5872 longus
691 5807 948 5876 temporis
993 5815 1220 5868 lt‘dCltlS,
1251 5821 1404 5874 :rque
1440 5821 1502 5859 ac
1555 5806 1600 5860 si
1653 5821 1719 5860 nc
1765 5823 1872 5859 uno
1907 5808 2028 5875 qui-

467 5894 584 5951 drtn
615 5899 701 5953 die
727 5901 1040 5956 discindcns
1090 5899 1359 5954 Ecclesius
1386 5898 1624 5954 schisma
1658 5898 2026 5968 pnt'dutassct,

2181 946 2276 1013 ἔθ’.
2339 947 2484 1018 Πρὸς
2534 948 2591 1001 δὲ
2641 947 2702 1000 τὺ
2733 945 3024 1015 εἰρημένον
3055 941 3188 1015 πρὸς
3241 943 3320 1012 τῷ
3381 942 3536 996 τέλει
3597 943 3706 995 τῶν

2113 1041 2306 1095 τούτου
2364 1038 2767 1108 συλλογισμῶν,
2823 1039 2882 1090 ἐν
2940 1029 2984 1104 ᾧ
3035 1037 3110 1099 ὼς
3161 1035 3470 1103 ἀναγκαῖόν
3521 1053 3574 1088 τι
3616 1036 3706 1087 ἐπὶ

2107 1138 2241 1189 πᾶσι
2268 1133 2493 1199 συνάγει
2514 1133 2573 1186 τὸ
2612 1151 2629 1183 ι
2664 1129 3066 1201 ἐκπορεύεσθαι
3099 1132 3158 1183 τὸ
3184 1129 3414 1198 Πνεῦμα
3446 1131 3512 1182 ὲκ
3539 1131 3715 1198 μόνον.

2107 1228 2200 1282 τοῦ
2235 1228 2475 1295 Πατρὶς,
2519 1245 2536 1278 ι
2573 1226 2730 1278 οὐδὲν
2765 1225 2894 1279 ἄλλο
2929 1223 3082 1278 ἔσται
3114 1223 3401 1292 τῷΊταλῷ
3427 1223 3707 1292 χρήσιμον

2110 1321 2191 1382 εἰς
2219 1317 2552 1386 ἀνατροπὴν,
2589 1315 2706 1370 ἀλλ’
2737 1315 2769 1386 ἢ
2811 1315 2944 1368 αὐτὸ
2980 1317 3158 1368 ἐκεῖνο
3186 1315 3249 1367 τὸ
3279 1315 3472 1385 νόημα
3508 1315 3705 1375 αὐτοῦ,

2112 1411 2252 1480 ὅπερ
2296 1404 2452 1472 οὗτος
2510 1411 2569 1463 ἐν
2615 1410 2738 1471 ταῖς
2791 1409 2988 1478 ἀρχαῖς
3039 1406 3136 1460 τοῦ
3187 1406 3354 1473 λόγου
3412 1406 3558 1460 κατὰ
3612 1405 3707 1458 τοῦ

2111 1503 2345 1556 Λατίνου
2373 1501 2710 1570 προέτεινεν.
2758 1500 2848 1563 Ὧς
2880 1501 2991 1569 γὰρ
3038 1499 3214 1552 ἐκεῖσε
3259 1493 3444 1560 οὗτος.
3487 1500 3709 1551 ἐπιστο-

2113 1595 2284 1664 μίζων
2339 1595 2502 1662 δῆθεν
2549 1593 2640 1646 τὸν
2683 1589 2908 1654 Ἰταλὸν,
2941 1596 3034 1643 καὶ
3075 1589 3264 1656 ὥσπερ
3322 1591 3408 1652 εἰς
3462 1589 3709 1659 ἄφυκτον

2116 1686 2355 1755 ἀπορίας
2391 1682 2731 1738 συνελαύνων
2765 1682 2950 1746 αὑτὸν,
2984 1682 3192 1748 ἔλεγεν,
3232 1700 3249 1732 ι
3291 1682 3355 1733 Ei
3394 1685 3495 1736 καὶ
3520 1685 3586 1734 ὲκ
3618 1680 3709 1734 τοῦ

2111 1778 2244 1830 Υἱοῦ
2279 1775 2644 1848 ἐκπορεύεται
2671 1775 2734 1828 τὸ
2766 1773 3019 1842 Πνεῦμα.
3057 1775 3107 1827 τί
3139 1774 3383 1826 ἐκώλυε-ι
3409 1777 3594 1828 εἰπεῖν
3620 1776 3712 1828 τὸν

2109 1867 2366 1934 Χριστὸν,
2387 1865 2416 1920 ὃ
2437 1867 2587 1936 παρά
2607 1864 2703 1918 τοῦ
2735 1865 2950 1936 Πατρδς
2976 1865 3072 1918 καὶ
3099 1864 3233 1932 ὲμοῦ
3261 1866 3640 1936 ἐκπορεύεται
3661 1884 3706 1933 ;n

2106 1957 2250 2012 οὕτω
2278 1957 2371 2011 καὶ
2406 1958 2435 2011 ὀ
2475 1959 2728 2020 Λατῖνος,
2763 1959 2875 2020 τοῖς
2903 1957 3070 2010 αὐτοῦ
3101 1957 3465 2026 χρησάμενος
3499 1959 3710 2026 λόγοις.

2109 2050 2228 2118 ἐρεῖ
2249 2047 2382 2116 πρὸς
2402 2046 2588 2108 αὑτὸν,
2613 2066 2632 2098 ι
2647 2045 2706 2099 El
2724 2048 2788 2098 ὲκ
2811 2047 2974 2116 μόνου
2989 2047 3084 2100 τοῦ
3106 2047 3322 2118 Πατρδς
3343 2049 3710 2117 ἐκπορεύεται

2109 2140 2170 2193 τὸ
2193 2137 2447 2206 Πνεῦμα,
2483 2139 2539 2190 τί
2569 2137 2775 2190 ἐκώλυε
2811 2138 2902 2190 τὸν
2930 2138 3167 2207 Χριστδν
3213 2141 3420 2202 εἰπεῖν,
3487 2141 3516 2194 ὃ
3562 2142 3713 2210 παρᾶ

2105 2231 2278 2300 ,μόνον
2325 2229 2419 2284 τοῦ
2463 2231 2676 2299 Πατρδς
2725 2229 3126 2301 ὲκπορεύετσις
3166 2251 3184 2282 ›
3213 2233 3326 2284 Καὶ
3363 2235 3492 2286 ἐπεὶ
3549 2227 3703 2296 οὗτος

2110 2323 2360 2386 ὀνειδίζει
2389 2322 2481 2376 τὸν
2517 2321 2734 2387 Ἰταλὸν,
2788 2323 2848 2375 οὐ
2899 2321 3414 2376 κατακολουθοῦντα
3474 2326 3555 2394 τῷ
3601 2326 3721 2380 τ“.ν’

2116 2412 2352 2482 πτωχῶν
2399 2411 2766 2483 εύαγγελιστῇ
2814 2410 3059 2482 Χριστῷ,
3099 2411 3188 2464 διὰ
3235 2412 3297 2464 τὸ
3349 2414 3713 2483 προστιθέναι

2118 2522 2136 2555 ι
2178 2505 2271 2556 καὶ
2305 2507 2368 2557 ἐκ
2405 2503 2501 2558 τοῦ
2541 2503 2698 2566 Υίοῦ,
2741 2522 2760 2556 ι
2807 2507 2922 2566 τοῖς
2977 2505 3166 2568 αὐτοῖς
3203 2507 3297 2558 καὶ
3346 2499 3512 2570 οὗτος
3553 2525 3712 2578 περι-

2113 2599 2366 2650 πεσεῖται
2419 2595 2772 2665 ὀνειδισμοῖς,
2831 2596 2918 2648 διὰ
2967 2595 3028 2648 τὸ
3085 2599 3450 2666 προστιθέναι
3507 2599 3570 2652 τὸ
3615 2600 3710 2652 καὶ

2113 2685 2181 2738 ἐκ
2224 2687 2438 2752 μόνου.
2484 2686 2569 2737 Ἐν
2617 2684 2830 2747 τούτοις
2887 2686 2983 2738 καὶ
3037 2685 3104 2738 τὰ
3144 2686 3240 2740 ἐπὶ
3277 2691 3344 2759 τῇ
3384 2690 3705 2760 ἁντιρῤήσει

2113 2776 2220 2827 τῶν
2259 2776 2351 2828 τοῦ
2379 2776 2717 2846 Βουλγαρίας
2753 2777 2954 2848 ῥητῶν.

2187 2863 2248 2920 0'.
2294 2869 2403 2920 Καὶ
2427 2868 2484 2920 ὲν
2509 2871 2788 2931 τοσούτοις
2824 2870 3004 2925 πάντα
3061 2872 3271 2936 λοιπὸν,
3315 2875 3457 2944 πρὸς
3484 2875 3521 2930 ἀ
3549 2877 3708 2946 ἡμεῖς

2115 2960 2474 3030 ὲνδειξάμεθα
2507 2959 2606 3030 τὴν
2645 2960 2906 3031 σπουδὴν,
2944 2963 3090 3027 ὅσοις
3150 2964 3288 3027 τέως
3337 2967 3478 3036 ἡμῖν
3526 2967 3706 3034 ges-fg.

2117 3068 2236 3104 νετο
2265 3051 2510 3120 ἐντυχεῖν
2539 3053 2618 3114 είς
2666 3052 2945 3116 ἀπόδειξιν
2991 3053 3087 3107 τοῦ
3121 3055 3196 3126 μὴ
3233 3057 3424 3120 καλῶς
3455 3061 3570 3120 τοῖς
3603 3058 3706 3128 πρὸ

2117 3144 2273 3212 ἡμῶν
2309 3146 2492 3212 σοφοῖς
2545 3145 2773 3214 ἀνδράσι
2825 3145 3226 3210 σπουδάζεσθαι
3260 3149 3363 3220 τὴν
3418 3151 3706 3204 διάστασιν

2121 3233 2228 3284 τῶν
2270 3233 2630 3303 Ἐκκλησιῶν.
2691 3237 2752 3287 Οἱ
2803 3235 2988 3288 πολλοὶ
3043 3237 3154 3306 γὰρ
3200 3239 3387 3293 αὐτῶν
3418 3241 3522 3294 οὐκ
3557 3240 3708 3293 ἀδελ-

2121 3324 2296 3394 φικῶς
2341 3325 2411 3378 τὰ
2449 3326 2602 3396 παρὰ
2648 3325 2756 3378 τῶν
2796 3326 3045 3394 ἀδελφῶν
3083 3328 3423 3399 είσαγόμενα
3455 3329 3707 3402 δέχεσθαι

2120 3413 2464 3482 ἀπεδέχοντο,
2495 3415 2611 3468 ἀλλ’
2652 3415 3003 3480 ἁντιθετικῶς
3039 3417 3220 3481 αὐτοῖς
3246 3420 3660 3490 προσεφέροντο
3689 3432 3703 3446 ⁶

2123 3504 2214 3558 καὶ
2244 3505 2450 3559 τούτων
2493 3506 2744 3572 ἕκαστος,
2799 3509 2988 3579 ὥσπερ
3049 3528 3100 3562 τι
3137 3513 3412 3580 πρωτεῖον
3447 3513 3542 3566 ἐπὶ
3575 3509 3698 3578 δόξη

2123 3597 2314 3665 σοφίας
2336 3599 2580 3664 οἰόμενος
2607 3599 3039 3669 ἀπενέγκασθαι,
3074 3604 3122 3655 εἰ
3151 3601 3412 3672 ἔγκλημα
3441 3603 3704 3674 αἱρέσεως

2121 3691 2233 3751 τοῖς
2276 3688 2499 3758 πλησίον
2552 3689 2763 3760 ἰσχύσει
2798 3693 3365 3764 προσεπιτρίψασθαι.
3414 3699 3542 3760 τοὺς
3575 3697 3698 3764 φθά-

2125 3796 2326 3842 σαντας
2381 3783 2914 3850 παραγκωνίσασθαι
2981 3784 3264 3852 ἔσπευδεν,
3338 3792 3434 3844 ἐπὶ
3493 3789 3704 3858 εὑρέσει

2125 3872 2536 3943 σεσοφισμένων
2581 3873 2960 3945 διανοημάτων
2996 3878 3180 3942 τινῶν,
3222 3881 3396 3946 sime;
3456 3884 3524 3937 ἂν
3559 3878 3705 3948 αὐτῷ

2124 3965 2334 4034 γένοιτο
2372 3965 2545 4034 ὄνομα
2575 3965 2716 4036 τάχα
2745 3966 2980 4030 πίστεως
3011 3969 3376 4040 θερμοτέρας,
3415 3977 3510 4026 καὶ
3537 3973 3702 4043 ζήλου

2122 4055 2270 4118 τινὸς
2335 4055 2476 4124 ὑπὲρ
2533 4055 2634 4122 τῆς
2695 4057 3006 4127 ὀρθοδοξίας
3066 4063 3158 4112 ἐπὶ
3211 4061 3288 4132 τῷ
3348 4065 3701 4131 καταγνῶναι
3745 4071 3757 4082 ⁸

2124 4147 2300 4200 ἄλλων
2343 4148 2662 4218 ψυχρότητα
2705 4150 2832 4219 περὶ
2864 4150 2936 4203 τὰ
2975 4151 3088 4203 θεῖα
3141 4161 3231 4204 καὶ
3269 4156 3564 4222 προδοσίαν
3592 4156 3694 4206 τῶν

2123 4239 2432 4310 ἡμετέρων.
2489 4241 2601 4294 Καὶ
2649 4240 2802 4294 ταῦτ’
2842 4243 3060 4296 ἐποίουν
3115 4247 3164 4298 οἱ
3226 4247 3417 4301 πολλοὶ
3465 4249 3553 4302 διὰ
3607 4235 3783 4320 sint

2126 4331 2222 4398 τῆς
2255 4331 2476 4400 ἀγάπης
2521 4332 2808 4401 ἀπόφυξιν,
2841 4334 3272 4406 πλη-ιθυνθεῐσης
3309 4339 3413 4410 τῆς
3439 4339 3694 4406 ἀνομίας,

2127 4426 2266 4478 κατὰ
2296 4425 2354 4478 τδ
2379 4426 2792 4496 γεγραμμένον.
2841 4427 3034 4495 Ἡμεῖς
3088 4429 3144 4482 δὲ
3178 4431 3344 4498 μηδὲν
3374 4432 3700 4499 φρονοῦντες

2127 4517 2364 4570 τοιοῦτον
2392 4517 2484 4570 ἐπὶ
2514 4519 2613 4588 τὴν
2665 4517 2793 4571 τῶν.
2841 4519 3182 4588 Ἐκκλησιῶν
3232 4524 3464 4594 εἰρήνην
3495 4524 3702 4592 εὐγνω-

2131 4609 2434 4678 μονέστατα
2471 4609 2731 4679 ἤλθομεν.
2771 4611 2879 4664 Καὶ
2921 4612 3008 4665 ἵνα
3063 4615 3136 4682 μή
3174 4631 3284 4668 τισι
3337 4617 3546 4680 δόξειεν
3578 4616 3698 4668 ἁλο-

2123 4701 2326 4765 γίστως
2367 4701 2516 4771 ἡμᾶς
2562 4701 2656 4756 καὶ
2688 4700 3070 4764 ἀϐασανίστως
3113 4705 3207 4763 ἐπὶ
3275 4707 3376 4777 τὴν
3413 4709 3702 4776 ὲκκλησιαυ

2126 4791 2318 4860 στικὴν
2344 4791 2570 4862 εἰρήνην
2595 4791 2792 4853 ἐλθεῖν,
2824 4793 2992 4862 μῃδέν
3024 4811 3076 4845 τι
3105 4795 3700 4869 ἐπισυγκροτουμένους

2125 4883 2234 4936 ἀπὸ
2295 4885 2546 4952 χρήσεων
2601 4884 2916 4952 γραφικὼν,
2966 4886 3142 4950 ἔδοξεν
3191 4889 3343 4958 ἡμῖν,
3384 4891 3453 4945 τὰ
3503 4888 3702 4958 σποράν

2125 4976 2221 5045 δην
2266 4973 2562 5043 ἑγκείμενα
2612 4977 2748 5044 ῥητά
2799 4979 2911 5040 ταῖς
2956 4979 3064 5031 τῶν
3111 4981 3283 5047 ἁγίων
3329 4983 3590 5052 γραφαῖς,
3623 4980 3697 5038 είς

2124 5067 2360 5134 δήλωσιν
2407 5065 2501 5118 τοῦ
2546 5061 2682 5118 εἶναι
2712 5068 2770 5119 τὸ
2803 5068 3026 5140 Πνεῦμα
3062 5071 3124 5124 ὲκ
3156 5072 3372 5142 Πατρὸς
3405 5073 3500 5126 καί
3547 5068 3696 5130 Υίοῦ,

2127 5160 2264 5228 ὅπερ
2290 5159 2404 5224 ,τῶν
2442 5160 2662 5213 Ἰταλῶν
2707 5161 3000 5228 λεγόντων,
3033 5163 3092 5216 τὸ
3125 5165 3289 5231 μέσον
3320 5165 3427 5218 τῶν
3473 5162 3695 5226 Ἐκκλη-

2132 5256 2265 5306 σιῶν
2296 5254 2590 5308 σκάνδαλον
2626 5257 2931 5326 ἀνερράγη,
2985 5257 3220 5310 ἐνταῦθα
3277 5259 3421 5311 κατὰ
3475 5257 3535 5307 τὺ
3570 5252 3696 5321 πρό·

2129 5363 2286 5415 τερον
2312 5346 2449 5409 εἶδος
2481 5346 2574 5399 τοῦ
2613 5347 2770 5416 λόγου
2809 5348 3088 5411 ἐκθέσθαι,
3144 5350 3238 5402 καὶ
3274 5350 3435 5404 πάλιν
3469 5347 3608 5400 κατᾷ
3639 5341 3694 5393 τὸ

2131 5437 2384 5503 δεύτερον
2423 5438 2511 5490 τὸν
2554 5438 2775 5509 ἔλεγχον
2805 5439 2913 5492 τῶν
2957 5439 3031 5510 μὴ
3061 5441 3308 5504 δικαίως,
3353 5439 3488 5510 μηδὲ
3521 5433 3690 5492 καλῶς

2129 5531 2226 5600 τὴν
2261 5531 2370 5582 τῶν
2415 5531 2758 5614 Ἑκκλησιῶν
2798 5532 3338 5602 ὲπισυγκροτούντων
3394 5531 3694 5630 διάστασιν.

2145 5621 2300 5674 Ἐπεὶ
2331 5623 2438 5690 γὰρ
2467 5623 2572 5675 ἔδει
2600 5623 2898 5690 ἀπολογίαν
2939 5625 3262 5677 καταλιπεῖν
3304 5626 3470 5695 ἡμᾶς,
3506 5617 3590 5686 ἐφ’
3619 5617 3694 5674 οἱς

2132 5715 2264 5782 ἡμῖν
2316 5714 2460 5778 εδοξε
2515 5717 2574 5767 τὸ
2638 5719 2752 5778 τοῖς
2810 5716 3026 5778 πολλοῖς
3094 5716 3285 5770 δοκοῦν
3353 5713 3564 5784 ἄμαχον
3619 5705 3694 5764 εἰς

2135 5809 2448 5876 ἀνατροπὴν
2501 5807 2704 5878 κράτος
2758 5807 2851 5860 τοῦ
2890 5810 3080 5878 χρόνου
3129 5809 3272 5863 οὕτω
3315 5805 3580 5875 παριδεῖν,
3625 5797 3696 5855 ὼε

2135 5901 2182 5952 εἰ
2241 5899 2510 5969 μηδεμίαν
2566 5901 2779 5970 mairum
2839 5902 2897 5952 τὸ
2965 5901 3128 5972 μίσυ)
3198 5903 3305 5955 τῶν
3367 5897 3696 5962 Ὶίᾷιικλητιων
