4058 6416
304 369 406 434 161

1334 363 1428 427 DE
1468 363 1985 428 PROCESSIONE
2023 364 2079 422 S.
2127 361 2510 424 SI'IRlTUS.

3449 361 3548 423 182

298 498 355 533 τι
390 482 508 545 ταῖς
535 478 740 550 βίϐλοις
774 478 952 549 ἡμῶν,
988 480 1097 541 τοῖς
1129 480 1422 542 ἀντιδίκοις
1444 480 1541 550 τὴν
1572 478 1693 531 καθ’
1719 479 1875 546 ἡμῶν

1983 473 2288 531 inimicitiae
2316 480 2665 540 exercentur,
2692 483 3004 528 uestrorum
3045 474 3302 529 librorum
3348 480 3558 532 exseri-

301 568 461 636 ἱσχῦν
504 568 919 639 παρεχόμενον;
985 568 1047 619 Ei
1092 567 1148 620 δὲ
1198 569 1304 639 πρὸ
1355 562 1456 637 τῆς
1519 568 1874 632 διαστάσεως,

296 662 427 711 τξ.-α
460 657 528 713 ἂν
559 660 670 727 ἔχοι
703 660 862 725 λόγον
887 658 983 719 τὰς
1013 657 1228 726 βίϐλους
1277 658 1590 711 νοθεύεσϐαι
1621 657 1707 709 ἐπ’
1732 657 1875 709 ὲκεί-

298 767 419 810 vng
451 751 567 809 τοῖς
597 750 772 814 λόγοις
811 750 898 800 καὶ
931 749 1187 817 δόγμασι,
1217 751 1343 819 περὶ
1371 743 1446 801 ὢν
1477 749 1628 801 οὐδὲν
1658 749 1878 818 ζήτημα

294 835 387 907 ἦν,
439 838 508 890 δι’
540 840 725 890 ὁποῖόν
752 857 803 891 τι
837 842 982 892 ἔστιν
1026 842 1115 893 ὅτε
1149 842 1242 893 καὶ
1280 840 1693 910 παραφέρονταί
1733 856 1880 901 τινες

296 930 440 997 πρὶς
478 930 815 999 κακουργίαν
867 931 1076 984 τοιάνδε
1105 949 1119 996 ;
1152 932 1289 985 Οὔτε
1325 935 1455 999 γοῦν
1498 934 1527 984 6
1561 932 1662 1001 τῆς
1699 933 1879 1001 μάχης

294 1023 519 1089 χρόνος,
550 1021 674 1072 οὔτε
706 1022 733 1071 6
754 1023 851 1089 τῆς
889 1026 1108 1092 εἰρήνης
1134 1026 1405 1093 συγχωρεῖ
1445 1024 1874 1094 παραδέξασθαι,

296 1119 398 1178 τας
429 1102 529 1185 sig»
551 1116 709 1185 ρἧιν
733 1117 960 1186 ἐχούσας
992 1119 1207 1189 βίϐλους
1242 1120 1557 1189 νοθευθῆναι
1583 1123 1662 1181 είς
1695 1138 1875 1190 προσ-

299 1210 479 1276 θήκην
526 1208 980 1277 παρέγγραπτον,
1033 1213 1130 1273 τὰς
1155 1210 1210 1263 δὲ
1248 1211 1322 1279 μὴ
1348 1210 1578 1280 ἐχούσας
1608 1214 1702 1265 καὶ
1733 1213 1880 1284 μάλα

302 1296 542 1363 βεῦαίως
595 1299 623 1348 6
675 1301 894 1361 συνετὸς
949 1299 1313 1366 διαγνώσεται
1383 1302 1446 1354 τὸ
1493 1303 1878 1372 νενοθευμένον

300 1388 450 1456 ἔχειν
479 1388 575 1440 καὶ
624 1388 901 1458 κίϐδηλον,
947 1390 1101 1443 Ἐπεὶ
1157 1394 1264 1462 γὰρ
1319 1394 1347 1445 6
1402 1393 1502 1462 τῆς
1544 1393 1879 1457 διαστάσεως

302 1479 493 1547 χρόνος
548 1480 628 1541 είς
680 1481 1038 1544 ἑκατοντάδας
1070 1483 1199 1547 ὅλας
1240 1485 1380 1537 ἑτῶν
1430 1484 1738 1558 ὲξηπλώθη,
1782 1487 1879 1539 καὶ

304 1573 405 1626 οὐκ
442 1574 614 1642 ὀλίγοι
642 1577 990 1647 ἀνεφάνησαν
1019 1579 1108 1632 διά
1160 1581 1326 1651 μέσου
1375 1583 1708 1648 ὲνστατικῶς
1775 1584 1880 1636 πάδ-

308 1678 367 1711 νυ
434 1664 571 1731 πρὸς
619 1664 845 1731 λογικὰς
898 1665 1356 1731 διαλέξειςκατά
1406 1672 1516 1724 τῶν
1589 1673 1878 1741 Ῥωμαίων

316 1751 749 1822 ἀποδυσάμενοι,
797 1755 905 1807 τῶν
967 1758 1111 1826 μάλα
1167 1762 1392 1814 εἰκότων
1446 1761 1711 1830 λογιεῖταί
1763 1780 1875 1828 τις,

1987 578 2167 635 ptores
2216 567 2499 631 omisisse,
2562 576 2658 620 aut
2721 566 3040 637 apposuisse
3094 567 3297 633 aliquid
3354 572 3559 624 nostris

1984 659 2379 721 voluminibus,
2416 659 2561 726 qund
2596 659 2763 711 robur
2790 659 3116 712 adversariis
3146 659 3348 713 nostris
3373 661 3563 714 adver-

1985 770 2106 809 sum
2157 769 2259 807 nos
2331 752 2701 807 conciliaret?
2771 752 2827 806 Si
2860 740 3009 806 (ante
3059 753 3381 818 dissidium,
3443 770 3561 821 qua:

1985 863 2148 903 causa
2179 848 2384 912 fuerit,
2434 848 2603 902 libros
2655 846 2994 901 adulterandi
3028 849 3079 901 in
3118 849 3460 902 sermonibus
3493 851 3560 901 iis

1984 949 2148 1009 atque
2179 939 2530 1008 dogmatibus
2557 979 2571 1003 ,
2603 940 2669 992 de
2703 940 2902 1009 quibus
2939 940 3084 992 nulla
3132 940 3362 1007 quarstio
3413 949 3559 992 nmta

1984 1042 2122 1095 eral,
2155 1044 2374 1101 propter
2401 1047 2564 1101 quam
2600 1031 2894 1101 aliquando
2940 1034 3004 1085 ad
3051 1032 3250 1086 similia
3291 1033 3559 1085 maieliria

1984 1139 2095 1179 non
2126 1139 2287 1178 nemo
2325 1123 2603 1192 adigitur?
2632 1124 2819 1193 Neque
2866 1123 3049 1192 itaque
3101 1138 3294 1192 pugnae
3322 1133 3548 1187 tempus.

1986 1230 2157 1285 neque
2199 1230 2350 1285 pacts
2398 1216 2695 1285 permittit,
2774 1227 2834 1268 ut
2887 1217 3239 1269 admittamus
3282 1210 3559 1269 volumina

1985 1309 2186 1361 dictum
2233 1307 2570 1361 continentia
2626 1306 2903 1359 auditione
2980 1307 3183 1359 inserta
3253 1307 3559 1358 adulterata

1985 1397 2177 1459 fuisse,
2211 1406 2264 1450 at
2289 1395 2405 1460 illa,
2447 1411 2569 1463 quae
2600 1411 2708 1449 non
2737 1398 3020 1449 continent
3054 1396 3293 1464 prudens
3332 1395 3561 1464 quidm

1984 1498 2040 1543 et
2084 1503 2243 1557 quam
2302 1487 2611 1541 certissime
2685 1490 2932 1556 Spurium
2994 1487 3049 1541 in
3106 1504 3164 1541 se
3209 1486 3450 1550 habere,
3506 1497 3561 1541 et

1985 1579 2299 1634 ementitum
2333 1588 2614 1649 agnoscet.
2678 1579 2888 1634 Etenim
2931 1596 3054 1634 cum
3099 1580 3309 1634 dissidii
3348 1588 3561 1648 tempus

1986 1671 2051 1725 ad
2094 1686 2363 1725 annorum
2423 1685 2682 1727 centenas
2721 1674 2990 1742 {periodos
3056 1687 3259 1742 easque
3322 1673 3559 1741 integras

1986 1773 2269 1818 extensum
2298 1763 2524 1829 fuisset,
2551 1774 2605 1818 et
2640 1766 2856 1818 interim
2883 1780 2987 1819 non
3021 1766 3179 1833 pauei
3215 1768 3559 1833 contentiosa

319 1842 483 1893 τινῶν
517 1842 709 1912 βίΰλων
746 1846 1118 1918 διαγραφῆναι
1154 1852 1310 1920 ῥῆσιν
1339 1828 1576 1920 ἐκείνην,
1609 1852 1667 1916 ἐξ
1691 1849 1754 1923 ἧς
1777 1854 1876 1906 οὐκ

1981 1854 2271 1908 admodum
2296 1828 2598 1909 dialecticis
2633 1856 3089 1924 disputationibus
3116 1856 3394 1912 Bouianus
3422 1828 3558 1911 adt.)-

316 1933 543 2002 ἀγεννὴς
590 1937 619 1987 6
664 1935 890 2005 ἔλεγχος
939 1940 1294 2009 ἀναφαίνεται
1326 1943 1434 1996 τῶν
1462 1943 1560 2013 τὴν
1593 1945 1876 1998 διάστασιν

306 2021 416 2073 τῶν
444 2024 783 2096 Ἐκκλησιῶν
829 2031 1267 2084 ὲπισπευδόντων
1288 2032 1477 2104 ὥσπερ
1508 2035 1604 2086 καὶ
1650 2038 1879 2105 ἐπισυγ-

304 2115 672 2184 κροτούντων.
715 2117 813 2170 Διά
861 2119 992 2187 γοῦν
1038 2120 1213 2173 ταῦτα
1278 2124 1307 2175 6
1351 2128 1469 2186 ταῖς
1519 2124 1725 2194 βίϐλοις
1778 2131 1879 2196 τὴν

299 2204 672 2275 παραφθορὰν
726 2209 1169 2279 ἐπιγραφόμενος
1218 2210 1380 2279 λόγος
1420 2216 1539 2275 ταῖς
1579 2215 1675 2284 τὴν
1720 2216 1878 2285 ῥῆσιν

297 2292 593 2361 ἐχούσαις,
661 2301 869 2360 κοιναῖς
931 2298 1193 2368 ἄντικρυς
1252 2302 1480 2364 ἐννοίαις
1569 2304 1877 2372 μαχόμενος

297 2382 581 2448 σαίνεται,
605 2384 683 2448 ὡς
705 2388 732 2438 6
760 2387 851 2439 τὸν
886 2389 1040 2457 ἦλιον
1069 2389 1514 2444 διαϐεϐαιοῦσθαι
1537 2394 1879 2462 πειρώμενος

298 2476 530 2538 εκότους
560 2471 700 2529 εἶναι
746 2481 1053 2549 ποιητικὸν,
1086 2483 1153 2534 τὰ
1180 2481 1319 2553 ὑπὲρ
1348 2484 1451 2552 γῆν
1495 2483 1875 2547 διιππεόοντα,

298 2570 399 2622 καὶ
454 2569 706 2639 πληροῦν
761 2570 924 2625 πάλιν
977 2573 1153 2640 φωτὸς
1184 2574 1251 2625 τὰ
1280 2575 1548 2644 ἡμέτερα,
1584 2576 1641 2627 ἐν
1682 2575 1759 2645 τῷ
1788 2578 1879 2627 τὸν

294 2657 523 2711 suum
553 2661 882 2731 ὑποτρέχειν
916 2662 1193 2733 ὁρίζοντα.
1221 2666 1332 2718 Καὶ
1362 2668 1410 2717 εί
1437 2666 1614 2731 τοῦτο,
1642 2683 1880 2721 συναπο-

295 2751 569 2821 δεδείχὸαι
628 2752 777 2807 δοκεῖ
826 2772 917 2825 μοι
965 2757 1066 2809 καὶ
1102 2757 1163 2809 τὸ
1191 2758 1314 2821 τοὺς
1349 2760 1731 2827 ἀντιλέγοντας
1759 2764 1881 2825 ταῖς

302 2843 585 2906 τοιαύταις
623 2844 828 2913 βίϐλοις
857 2845 935 2916 τῷ
986 2848 1212 2916 μεγάλῳ
1246 2849 1516 2919 Βασιλείῳ
1551 2852 1876 2921 ἀντιλέγειν.

303 2934 466 2987 Ἐστι
528 2935 628 3003 μὲν
680 2934 775 2988 οῦν
835 2937 1061 3006 μηδενὸς
1116 2938 1279 2992 ἄλλου
1326 2941 1604 3011 προσδεῖν,
1634 2943 1771 2996 ἀλλὰ
1800 2949 1871 3017 τῇ

300 3026 570 3095 γεγονυίᾳ
601 3027 703 3098 ἤδη
741 3029 1018 3095 ἀποδείξει
1061 3031 1371 3101 ἀρκεῖσθαι,
1403 3034 1494 3086 ἐπὶ
1520 3034 1596 3104 τῷ
1624 3034 1880 3105 διαγινώ-

301 3134 459 3171 σκειν
499 3117 598 3171 τοῦ
648 3121 888 3190 μεγάλου
923 3122 1208 3176 Βασιλείου
1258 3118 1529 3194 εἶναιτὴν
1561 3128 1741 3196 ῥῆσιν,
1786 3130 1891 3187 καί¹

299 3211 424 3279 οὐχὶ
453 3210 610 3264 νόθον
644 3229 697 3265 τι
727 3212 873 3282 ἔχειν
896 3214 994 3278 τὰς
1025 3214 1196 3285 αὐτὴν
1228 3216 1463 3286 ἐχούσας
1494 3218 1734 3289 βίϐλους,
1756 3222 1880 3276 οὐδὲ

304 3302 762 3373 παρέγγραπτον.

372 3585 432 3637 δ’.
470 3583 625 3637 Ἐπεὶ
654 3584 710 3637 δὲ
737 3586 833 3638 καὶ
863 3584 972 3638 ἀπὸ
999 3585 1173 3640 ἄλλων
1204 3590 1415 3659 ῥήσεων
1452 3592 1737 3662 γραφικῶν
1762 3594 1881 3649 ἔστι

300 3675 358 3727 τὸ
400 3673 611 3744 ἀληθὲς,
640 3674 738 3742 τῆς
767 3677 977 3745 ρήσεως
1014 3677 1218 3750 ταύτης
1268 3683 1552 3752 συστῆσαι,
1587 3684 1615 3736 ὁ
1658 3685 1881 3755 Νύσσης

305 3764 606 3836 Γρηγόριος
634 3766 771 3835 πρὸς
801 3765 1061 3837 σύναρσιν
1095 3768 1285 3841 ὥσπερ
1335 3773 1429 3826 τοῦ
1459 3777 1697 3844 μεγάλου
1729 3778 1879 3829 διαν-

308 3860 599 3925 ιστάμενος
650 3858 964 3922 Βασιλείου,
996 3859 1301 3930 ἀπαντήσει
1355 3865 1495 3917 κατά
1557 3865 1731 3934 στόμα
1770 3870 1881 3930 τοῖς

306 3949 680 4004 διαπιστοῦσιν
731 3951 881 4021 αὑτῷ
931 3952 1162 4020 λέγοντι,
1200 3972 1219 4005 ι
1255 3956 1315 4007 τὸ
1364 3955 1588 4024 Πνεῦμα
1611 3957 1764 4027 παρά
1786 3958 1879 4012 τοῦ

303 4037 431 4091 Υἱοῦ
469 4041 618 4110 ἔχειν
668 4040 731 4092 τὸ
784 4036 948 4096 εἶναι.
995 4060 1013 4093 ι
1050 4038 1217 4105 Οὗτος
1242 4046 1335 4095 πιιαῖ¹
1366 4044 1475 4114 γὰρ
1507 4046 1565 4097 ὲν
1613 4046 1680 4115 τῇ
1710 4046 1789 4107 εἰς
1817 4045 1879 4097 τὸ

303 4130 507 4200 Πατὴρ
532 4130 707 4200 ἡμῶν
737 4132 923 4203 ὁμιλίᾳ
961 4132 1145 4197 αὐτοῦ,
1164 4129 1230 4204 ἦς
1261 4136 1295 4203 ὴ
1323 4136 1488 4206 ἀρχὴ,
1516 4138 1678 4190 «Ὅτε
1704 4154 1879 4209 προσ-

302 4223 434 4293 ῆγεν
452 4226 482 4276 6
535 4227 708 4294 μέγας
737 4227 979 4296 Μωῦσῆς
1030 4229 1094 4296 τῇ
1124 4226 1265 4280 κατὰ
1292 4228 1352 4280 τὸ
1371 4228 1496 4298 ὅρος
1521 4230 1881 4303 μυσταγωγίαν

302 4313 752 4384 τδνίσραηλίτην
774 4315 926 4381 λαὸν,
965 4335 984 4369 ι
1011 4315 1153 4370 οὕτω
1187 4317 1383 4387 φησίν·
1415 4318 1483 4371 Ὅ
1525 4335 1584 4370 τε
1616 4320 1722 4391 γὰρ
1751 4318 1881 4386 Υίδς

305 4405 366 4457 ὲκ
386 4405 485 4457 τοῦ
519 4404 735 4474 Πατρὸς
759 4406 974 4475 ἐξῆλθε,
1010 4408 1192 4471 mw);
1219 4425 1383 4478 φησιν
1409 4411 1441 4480 ἡ
1467 4410 1682 4484 Γραφὴ,
1706 4413 1797 4465 καὶ
1820 4412 1879 4466 τὸ

1981 1945 2253 2009 rirentur,
2289 1946 2764 2014 verosrmillimum
2828 1948 3096 2015 quispiam
3141 1948 3559 2015 existimaverit,

1978 2036 2180 2092 dietum
2259 2038 2389 2092 illud
2443 2039 2718 2108 aliquibus
2796 2039 3172 2096 voluminibus
3246 2043 3560 2109 ademptum

1980 2110 2173 2193 fuisse,
2205 2145 2314 2199 quo
2348 2130 2519 2184 valida
2569 2132 2704 2185 satis
2751 2132 3006 2187 refutatio
3034 2150 3222 2187 eorum
3257 2134 3557 2201 enascitur,

1979 2224 2069 2289 qui
2103 2221 2473 2275 Ecclesiarum
2518 2222 2803 2277 dissidium
2848 2225 3092 2279 studiose
3135 2236 3460 2294 procurant,
3508 2235 3562 2280 ct

1981 2314 2328 2368 constabilire
2367 2326 2657 2369 conantur.
2691 2314 3034 2385 Quapropter
3066 2318 3158 2387 qui
3189 2320 3559 2375 voluminibus

1981 2404 2183 2459 dietum
2225 2405 2593 2461 referentibus
2626 2410 3044 2476 corruptionem
3094 2411 3320 2465 ascribit
3354 2425 3557 2477 sermo,

1980 2498 2158 2565 palam
2190 2509 2484 2568 aperteque
2519 2502 2906 2556 communibus
2950 2502 3266 2557 nationibus
3306 2506 3563 2556 adversa-

1983 2600 2111 2654 tur,
2148 2595 2602 2659 quemadmodum
2648 2594 2739 2663 qui
2794 2595 2963 2649 solem
3043 2597 3391 2651 tenebrarum
3437 2611 3562 2651 esse

1980 2694 2259 2736 anetorem
2308 2684 2634 2740 confirmare
2675 2687 2898 2754 nititur,
2957 2702 3081 2742 cum
3125 2704 3290 2758 super
3338 2700 3556 2747 terrena

1980 2775 2205 2843 equitat,
2232 2784 2307 2852 ‘et
2351 2789 2537 2832 n05tra
2588 2778 2777 2833 istlizec
2814 2780 2998 2835 omnia
3054 2780 3260 2834 lumine
3301 2785 3559 2852 replere,

1981 2883 2104 2923 cum
2152 2870 2437 2925 occiduum
2488 2859 2765 2926 timentem
2820 2874 2986 2928 subit.
3043 2874 3211 2944 quue
3248 2876 3291 2929 si
3328 2877 3405 2931 ita
3451 2886 3559 2943 est,

1981 2960 2143 3017 simul
2180 2960 2613 3016 demonstratum
2663 2979 2884 3033 quoque
2917 2965 3161 3032 videtur,
3200 2969 3363 3022 dictis
3402 2969 3562 3024 volu-

1983 3055 2222 3109 minibus
2257 3057 2715 3123 contradicentcs,
2760 3061 3172 3126 magnoitidem
3203 3061 3401 3117 Basilio
3433 3079 3563 3119 con-

1906 3178 1950 3240 c
1984 3145 2271 3200 tradicere.
2330 3144 2513 3216 Neque
2552 3148 2657 3203 alia
2719 3150 2826 3204 ulla
2883 3166 3021 3218 opus
3082 3152 3268 3219 fuerit,
3311 3155 3405 3209 sed
3445 3155 3562 3227 jam

1984 3243 2189 3288 asserta
2212 3236 2607 3291 demonstratio
2631 3238 2848 3292 abunde
2870 3239 3116 3306 sutIiciet,
3145 3244 3211 3296 ad
3238 3245 3563 3313 dignoscen-

1983 3324 2110 3378 dum
2142 3326 2347 3381 dictum
2381 3330 2561 3400 magni
2608 3330 2966 3396 Basiliiesse,
3002 3344 3054 3388 et
3091 3336 3223 3391 illud
3263 3336 3561 3394 referentes

1984 3415 2153 3471 libros
2186 3419 2526 3477 adulteratos
2560 3438 2667 3479 non
2712 3439 2854 3493 esse,
2892 3442 3071 3499 neque
3108 3444 3261 3484 nova:
3306 3432 3562 3501 scriptio-

1984 3510 2070 3563 nis
2112 3510 2385 3573 additione
2411 3514 2662 3571 ftedatos.

2053 3603 2107 3658 4.
2134 3601 2334 3658 Verum
2360 3608 2503 3660 enim
2526 3623 2655 3662 vero
2672 3625 2794 3664 cum
2818 3619 2870 3666 et
2897 3613 3017 3667 aliis
3036 3613 3197 3669 etiam
3219 3615 3423 3684 scripto
3453 3626 3564 3672 tra-

1983 3692 2115 3748 ditis
2148 3695 2569 3751 auctoritattbus
2601 3700 2799 3753 veritas
2829 3700 2958 3755 dicti
2988 3705 3421 3761 constabilienda
3453 3715 3558 3776 est,

1982 3780 2260 3854 Nysseuus
2289 3786 2586 3856 Gregorius
2630 3789 2695 3844 ad
2745 3806 2904 3861 opem
2951 3794 3326 3865 auxiliumque
3375 3801 3561 3869 magni

1983 3874 2170 3930 Basilii
2206 3889 2515 3941 concurret,
2541 3889 2593 3933 et
2618 3896 2679 3935 os
2706 3885 3027 3952 comprimet
3080 3903 3188 3942 non
3218 3890 3554 3949 credentium

1983 3970 2062 4024 illi
2092 3969 2316 4039 dicenti,
2367 3990 2385 4023 ι
2431 3973 2690 4042 Spiritum
2732 3992 2761 4030 a
2806 3976 2944 4032 Filio
2980 3980 3180 4035 habere
3220 3997 3363 4038 esse.
3403 4005 3421 4036 ι
3459 3987 3559 4043 Hic

1982 4061 2216 4118 llomilia
2273 4065 2323 4118 in
2360 4064 2670 4120 Orationem
2714 4067 3091 4137 Dominicam,
3153 4075 3311 4144 cujus
3353 4080 3558 4144 princi-

1981 4156 2130 4224 pium
2157 4166 2259 4221 est,
2295 4175 2314 4207 ι
2350 4156 2484 4210 Cum
2522 4159 2809 4215 adduceret
2842 4179 3072 4234 magnus
3102 4156 3560 4241 Moyses'mysra.

1983 4248 2162 4316 gogia,
2216 4264 2338 4318 (tua:
2406 4250 2457 4302 in
2537 4261 2722 4308 tnonte
2784 4254 2970 4310 liabiza
3028 4267 3132 4323 est,
3203 4259 3557 4319 lsraelitlcum

1981 4337 2267 4405 pupulum,
2300 4355 2319 4389 ι
2360 4337 2474 4392 haec
2505 4339 2665 4395 habet
2696 4357 2711 4396 :
2754 4361 2773 4395 ι
2833 4344 3079 4416 Namque
3103 4348 3269 4404 Filius
3301 4368 3366 4406 ex
3403 4353 3561 4412 Patre

1983 4429 2186 4493 exivit,
2239 4438 2296 4482 ιιι
2345 4445 2515 4485 sacrae
2544 4430 2760 4489 Littera:
2819 4438 3070 4503 tradunt,
3119 4452 3174 4494 et
3214 4441 3448 4511 Spiritus
3490 4463 3557 4505 ex

307 4497 534 4567 Πνεῦμα
563 4502 629 4550 ὲκ
655 4499 744 4551 τοῦ
776 4499 936 4564 Θεοῦ,
971 4500 1063 4552 καὶ
1100 4502 1252 4571 παρά
1301 4502 1393 4554 τοῦ
1448 4504 1657 4572 Πατρος
1711 4506 1877 4559 ἐκπο-

1984 4520 2092 4575 Deo
2150 4529 2204 4576 et
2254 4522 2416 4576 Patre
2463 4526 2725 4592 procedit.
2768 4546 2787 4579 ι
2822 4527 2888 4581 Ει
2954 4534 3140 4599 paucis
3189 4497 3489 4607 interiectis
3541 4565 3556 4602 :

305 4588 549 4657 ρεύεται.
581 4608 602 4640 ι
634 4590 747 4644 Καὶ
784 4591 900 4660 μετ’
940 4590 1094 4659 ὀλίγα
1116 4608 1130 4622 ·
1159 4611 1178 4645 ι
1202 4594 1259 4645 ὐ
1294 4595 1402 4661 γὰρ
1427 4595 1718 4666 μονογενὴς
1750 4597 1876 4661 Υἱὸς

303 4682 364 4734 ἐκ
390 4682 489 4735 τοῦ
535 4683 746 4751 Πατρὸς
779 4682 930 4751 παρὰ
958 4684 1054 4752 τῆς
1080 4683 1244 4750 ἁγίας
1278 4685 1498 4754 Γραφῆς
1533 4686 1880 4758 ὀνομάζεται,

315 4775 396 4826 (αἱ
434 4776 604 4843 μέχρι
637 4774 825 4826 τούτου
865 4775 894 4825 6
922 4775 1096 4842 Λόγος
1136 4776 1349 4845 ἵστησιν
1390 4778 1539 4848 αὐτῷ
1570 4780 1630 4831 τὸ
1662 4781 1878 4851 ἰδίωμα.

316 4869 378 4920 ῐὸ
418 4868 479 4918 δὲ
512 4869 669 4932 ἅγιον
702 4866 928 4936 Πνεῦμα
973 4870 1068 4918 καὶ
1099 4869 1159 4919 ἐκ
1188 4868 1279 4921 τοῦ
1310 4870 1519 4939 Πατρδς
1540 4872 1758 4939 λέγεται
1789 4876 1883 4928 καὶ

306 4959 368 5011 ἐκ
402 4960 501 5010 τοῦ
530 4956 663 5009 Υίοῦ
705 4954 845 5009 εἶναι
878 4962 1403 5028 προσμαρτυρείται.
1462 4980 1481 5013 ι
1524 4963 1588 5013 Τί
1618 4964 1748 5031 γοῦν
1779 4967 1885 5033 φή-

309 5067 494 5103 σουσιν
511 5052 561 5102 οί
595 5051 901 5118 ἀντιλέγειν
919 5053 1098 5104 πάντα
1127 5052 1461 5124 βουλόμενοι,
1480 5058 1577 5128 την
1599 5058 1881 5128 Θεολογοῦ-

308 5159 404 5194 σαν
431 5143 619 5213 ῥῆσιν,
641 5144 701 5196 τὸ
730 5144 958 5215 Πνεῦμα
990 5145 1049 5198 τὸ
1082 5146 1238 5214 ἅγιον
1274 5149 1428 5219 παρὰ
1453 5150 1547 5203 τοῦ
1594 5151 1881 5223 Υἱοῦῷχον

306 5235 363 5284 τὸ
396 5230 564 5298 εἶναι,
594 5234 934 5302 διαϐαλοῦσι,
967 5238 1045 5306 μὴ
1077 5240 1207 5309 παρ’
1254 5240 1420 5294 αὑτοῦ
1460 5242 1670 5295 ἐκείνου
1704 5244 1884 5298 θεολο-

305 5325 520 5391 γεὶσϐαι
558 5325 656 5378 τοῦ
688 5328 899 5397 [ἰατρὸς
924 5329 1083 5398 ἡμῶν
1117 5329 1436 5392 Βασιλείου;
1481 5333 1623 5387 Ἀλλ’
1649 5336 1757 5389 ίδοὺ
1786 5338 1881 5390 καὶ

304 5418 329 5467 δ
359 5416 589 5486 Νύσσης
639 5420 701 5469 ἐκ
751 5418 846 5470 τοῦ
898 5420 1029 5473 Υίοῦ
1065 5416 1207 5475 εἶναι
1237 5428 1789 5497 προσμαρτυρεῖσθαι
1822 5431 1883 5484 τὸ

308 5506 534 5575 Πνεῦμα
557 5526 714 5578 φησι.
745 5512 851 5564 Καὶ
877 5512 905 5564 ὀ
928 5513 1104 5582 μέγας
1133 5514 1191 5567 δὲ
1217 5516 1506 5585 Κύριλλος,
1541 5518 1659 5588 μετ’
1681 5520 1882 5587 αὐτοὺς

306 5599 381 5667 τῷ
425 5601 606 5671 χρόνῳ
657 5601 1025 5674 θεολογήσας,
1067 5609 1132 5660 ἐκ
1183 5609 1275 5662 τοῦ
1335 5609 1465 5663 Υίοῦ
1517 5612 1781 5684 ὑπάρχειν
1821 5618 1881 5670 τὸ

312 5691 532 5761 Πνεῦμα
564 5698 621 5747 ιν
668 5696 886 5759 πολλοῖς
924 5698 1033 5752 τῶν
1066 5698 1392 5769 θεολογικῶν
1424 5710 1881 5778 συγγραμμάτων

308 5782 471 5838 αὐτοῦ
498 5784 886 5854 διετρὰνωσεν.
922 5789 987 5844 El
1014 5790 1114 5863 μὲν
1141 5787 1233 5846 οῦν
1258 5795 1521 5851 σι’πάντα
1555 5799 1776 5869 ῥαδίως,
1803 5803 1879 5866 ὼς

1990 4632 2008 4665 ι
2049 4611 2182 4665 Nam
2220 4613 2537 4682 unigenitus
2562 4614 2733 4671 Filius
2765 4633 2830 4671 ex
2863 4617 3019 4674 Patre
3053 4624 3104 4675 in
3137 4629 3308 4680 sacris
3340 4627 3562 4689 Litteris

1982 4702 2200 4768 dicitur,
2234 4715 2287 4756 et
2317 4705 2382 4757 ad
2421 4702 2525 4759 hoc
2568 4721 2740 4775 usque
2784 4705 3017 4765 Verbum
3069 4727 3223 4768 suam
3262 4724 3562 4789 prem-icta-

1984 4802 2089 4850 tem
2131 4796 2296 4851 sistit.
2334 4797 2573 4866 Spiritus
2596 4808 2777 4854 autem
2807 4806 3031 4858 sanctus
3056 4821 3119 4859 ex
3154 4809 3312 4864 Patre
3358 4816 3564 4869 dicitur

1982 4898 2037 4942 et
2067 4902 2134 4941 ex
2175 4887 2313 4942 Filio
2347 4903 2469 4944 esse
2516 4894 2797 4948 astruitur.
2838 4914 2859 4945 ι
2917 4897 3054 4962 Quid
3105 4901 3189 4956 hic
3228 4905 3429 4970 dicent,
3461 4912 3555 4977 qui

1981 4978 2235 5032 omnibus
2272 4981 2643 5035 contradicere
2690 4988 3003 5041 conantur?
3042 4989 3317 5047 Ἀδδεί-ους
3349 5000 3553 5051 (lirium

1985 5067 2248 5137 Spiritum
2281 5084 2531 5127 sanctum
2565 5090 2595 5129 a
2627 5074 2768 5132 Filio
2797 5117 2811 5141 ,
2851 5081 2996 5148 quod
3026 5083 3114 5146 sit,
3157 5085 3389 5149 habere,
3422 5090 3554 5142 insi-

1984 5161 2308 5230 mulabunt,
2346 5179 2454 5220 non
2501 5181 2622 5223 esse
2657 5171 2726 5226 ab
2781 5172 2969 5227 eodem
3026 5175 3115 5230 illo
3165 5177 3323 5231 Patro
3366 5193 3555 5233 nostro

1984 5251 2185 5308 Basrlio
2221 5256 2525 5313 dictatum?
2557 5245 2660 5317 Sed
2692 5277 2759 5318 en
2794 5274 2850 5319 et
2877 5266 3179 5337 Nyssenus,
3234 5289 3252 5321 ι
3305 5271 3381 5324 Ex
3414 5271 3554 5326 Filio

1982 5357 2104 5397 esse
2147 5342 2384 5414 Spiritus
2420 5351 2708 5420 astruitur,
2750 5373 2770 5407 ι
2808 5355 3006 5426 inquit.
3052 5358 3280 5429 Magnus
3334 5379 3554 5432 quoque

1983 5434 2215 5505 Cyrillus
2270 5448 2391 5507 post
2433 5442 2600 5498 hosce
2642 5460 2730 5501 res
2766 5448 2988 5505 divinas
3030 5452 3432 5521 interpretans,
3485 5476 3553 5510 ex

1984 5524 2123 5582 Filio
2151 5531 2417 5587 exsistere
2462 5533 2725 5603 Spiritum
2770 5539 2823 5593 in
2857 5542 3040 5597 tnultis
3078 5545 3194 5598 suis
3232 5547 3555 5619 theologiris

1986 5621 2306 5677 tractatibus
2347 5636 2532 5694 aperte
2572 5629 2763 5684 edixit.
2816 5630 2872 5685 Si
2913 5636 3094 5704 itaque
3134 5637 3230 5704 qui
3270 5645 3451 5696 omnia
3482 5660 3546 5698 ex

1986 5711 2151 5779 facili,
2194 5724 2253 5769 ut
2287 5718 2601 5784 allubescit,
2637 5723 2951 5790 immutant,
2991 5726 3551 5803 aliquam‘asszgnare

1987 5805 2345 5864 diﬂerentiam
2393 5823 2668 5881 poterunt,
2711 5815 2870 5885 inter,
2907 5837 2926 5871 ε
2967 5818 3248 5890 Spiritum,
3282 5842 3302 5876 ι
3345 5839 3399 5881 ut
3445 5839 3569 5883 tra-'
