4058 6426
541 347 640 408 163

1565 340 1777 407 πω.
1820 347 2028 405 ιἰειῖρι
2068 349 2181 411 ειν.
2233 343 2740 407 ιιλτιιιΑιιαιιίΕ
3680 322 3767 411 164

534 470 613 519 dit
640 476 869 531 iiiagnus
906 460 1164 523 Basilius,
1201 476 1220 511 ι
1257 475 1287 514 a
1319 458 1459 513 Filio
1486 459 1687 513 habere
1718 474 1860 521 esse,
1903 478 1921 509 ›
1956 470 2008 513 et
2033 458 2107 511 in-

2221 459 2522 528 βούλονται,
2566 458 2969 527 μεταφέροντες
3001 456 3265 526 διαφοράν
3295 474 3412 510 τινα
3433 455 3602 511 δοῦναι
3628 460 3770 531 δυνή-

533 568 634 618 ter,
658 565 715 607 ut
740 553 1039 621 Gregorius
1060 550 1338 621 Nyssenus
1361 550 1457 612 ait,
1489 564 1505 602 ι
1529 566 1652 604 eum
1675 564 1795 603 esse
1815 563 1877 605 ex
1901 548 2059 611 Filio,
2090 568 2108 601 ι

532 655 588 699 ct
620 645 788 709 inter,
821 655 874 697 ιιι
916 645 1080 698 rebus
1118 642 1437 712 tlieologicis
1478 641 1933 696 instructissimus
1972 641 2116 694 allir-

538 749 647 789 mat
683 736 951 807 Cyrinus,
997 752 1015 786 ι
1053 750 1116 789 ex
1164 733 1300 786 Filio
1337 748 1462 787 eum
1501 734 1783 796 exsistere,
1821 751 1838 783 ι
1883 732 2149 785 multum.

533 825 821 878 conferant
852 826 1093 878 studium
1127 824 1194 878 ad
1229 825 1585 878 refellendum
1637 822 2116 891 abjiciendumque

534 916 715 985 magni
770 916 951 969 Basilii
994 916 1234 980 dictum,
1294 915 1436 983 quod
1476 914 1651 983 palam
1696 913 1961 976 insinuat,
1994 931 2012 961 ι
2050 926 2112 964 ex

534 1005 676 1060 Filio
704 1005 966 1074 Spiritum
999 1023 1141 1061 esse.
1178 1026 1197 1057 ι
1226 1006 1428 1071 Quodsi
1460 1006 1682 1058 minime
1715 1004 1928 1058 diversa
1962 990 2113 1067 sunt,

532 1099 646 1153 sive
670 1114 792 1153 eum
820 1115 1037 1153 asseras
1060 1114 1178 1153 esse
1200 1115 1229 1153 a
1257 1096 1415 1161 Filio,
1441 1099 1554 1153 sive
1578 1113 1644 1153 ex
1668 1096 1807 1150 Filio
1827 1097 2114 1161 exsistere,

532 1191 643 1262 sive
672 1206 737 1245 ex
765 1189 907 1244 Filio
937 1191 1158 1254 habere,
1183 1192 1329 1261 quod
1353 1194 1446 1256 sit,
1467 1199 1669 1244 temere
1693 1198 1880 1243 contra
1905 1187 2113 1243 dictum

529 1281 754 1334 allatum
792 1282 1079 1335 machinas
1127 1282 1449 1345 admovent,
1494 1280 1726 1350 propriae
1758 1280 2028 1333 instantia:
2062 1277 2111 1330 vi

530 1372 697 1425 veluti
739 1372 973 1424 conﬁcta
1021 1381 1364 1435 accusantes,
1404 1387 1525 1442 qua:
1560 1373 1762 1441 optime
1802 1386 1833 1425 a
1878 1371 2114 1424 celeber-

533 1462 670 1515 rimo
700 1460 905 1515 Basilio
936 1461 1154 1517 decreta
1187 1472 1335 1517 sunt.

602 1738 654 1812 ξ.
700 1736 806 1792 Sed
852 1749 908 1792 ct
962 1740 1085 1795 aliis
1148 1742 1310 1795 etiam
1359 1744 1695 1812 argumentis
1738 1743 2113 1800 demonstrare

2223 568 2405 602 σονται
2430 549 2543 607 τοῦ,
2575 569 2590 598 ι
2628 550 2689 600 τὸ
2706 549 2983 618 Πνεῦμα,›
3008 549 3147 602 κατά
3166 548 3259 600 τὸν
3301 548 3477 617 μέγαν
3494 550 3770 619 Βασίλειον,

2228 661 2245 694 ι
2288 642 2439 708 παρὰ
2480 641 2572 692 τοῦ
2612 638 2741 691 Υξοῦ
2792 639 2936 709 ἔχειν
2980 639 3041 693 τὸ
3080 636 3247 705 εἶναι,
3302 658 3321 691 ι
3368 642 3461 694 καὶ
3499 640 3612 707 τοῦ,
3645 648 3769 695 κατὶ

2218 734 2313 786 τὸν
2358 734 2580 800 Nisam;
2641 732 2963 803 Γρηγόριον,
3024 749 3044 782 ι
3087 733 3149 784 ἐκ
3185 731 3280 784 τοῦ
3317 732 3446 784 Υἱοῦ
3484 729 3618 785 εἶναι
3681 736 3770 787 αὖ·

2218 828 2300 891 τὸ,
2335 843 2353 876 ι
2391 825 2485 877 καὶ
2517 824 2634 891 τοῦ,
2673 824 2817 878 κατὰ
2860 824 2954 877 τὸν
3007 822 3464 891 θεολογικὼτατον
3503 824 3771 894 Κύριλὶου,

2228 936 2246 968 ι
2278 920 2342 971 ὲκ
2373 916 2467 971 τοῦ
2500 916 2634 970 Υίοῦ
2666 917 2934 986 ὑπάρχειν
2962 914 3115 979 αὐτὸ,
3147 933 3166 966 ι
3204 915 3404 985 πολλὴν
3427 917 3771 983 εἱσαγέτωσαν

2217 1008 2315 1079 τὴν
2352 1007 2616 1077 σπουδήν,
2660 1008 2808 1069 ὅπως
2856 1006 2924 1060 ἂν
2972 1007 3319 1075 ἀνατραπείη
3370 1006 3547 1068 αὐτοῖς
3571 1006 3659 1058 τοῦ
3685 1025 3771 1075 με·

2216 1100 2384 1167 γάλου
2434 1098 2718 1151 Βασιλείου
2756 1092 2894 1151 εἶναι
2941 1096 3040 1167 τὴν
3075 1097 3254 1171 ῥῆσιν,
3317 1095 3415 1166 τὴν
3446 1114 3464 1145 ι
3500 1096 3640 1163 παρὰ
3688 1095 3771 1148 τοῦ

2216 1192 2347 1245 Υίοῦ
2383 1188 2521 1244 εἶναι
2554 1191 2615 1243 τὸ
2644 1190 2869 1259 Πνεῦμα
2904 1207 2923 1241 ι
2954 1187 3340 1255 θεολογοῦσαν.
3370 1188 3432 1240 Ei
3458 1188 3511 1240 δὲ
3548 1187 3704 1258 μηδέν
3726 1202 3773 1239 τι

2215 1287 2465 1356 διαφέρει
2502 1286 2656 1356 παρὰ
2689 1284 2784 1338 τοῦ
2818 1283 2951 1337 Υίοῦ
2998 1278 3140 1337 εἶναι
3170 1284 3352 1351 λέγειν
3393 1283 3545 1348 αὐτὸ,
3582 1282 3673 1333 καὶ
3717 1283 3775 1333 ὲκ
3846 1294 3847 1297 ‘

2215 1379 2307 1432 τοῦ
2342 1378 2471 1430 Υίοῦ
2510 1373 2674 1441 εἶναι,
2726 1377 2821 1429 καὶ
2871 1377 2935 1429 ὲκ
2982 1375 3077 1429 τοῦ
3115 1376 3246 1428 Υίοῦ
3294 1376 3579 1446 ὑπάρχειν,
3614 1375 3775 1445 μάτην

2216 1471 2354 1542 πρὸς
2410 1471 2508 1540 τὴν
2572 1472 2732 1541 ῥῆσιν
2761 1470 2967 1539 ταύτην
2998 1470 3334 1532 ἐνίστανται,
3370 1466 3445 1537 τῷ
3471 1467 3625 1535 βιαίῳ
3644 1466 3775 1533 τάχα

2214 1566 2314 1633 τῆς
2355 1563 2567 1616 ἑαυτῶν
2613 1563 2922 1625 ὲνστάσεως
2968 1563 3288 1630 πλάσματος
3344 1559 3675 1629 γραφόμενοι
3714 1556 3775 1607 τὰ

2215 1655 2396 1719 καλῶς
2425 1654 2899 1725 δεδογματισμένα
2930 1654 3196 1723 Βασιλείῳ
3224 1654 3299 1721 τῷ
3326 1653 3491 1707 πάνυ.

2286 1746 2349 1801 ε’.
2405 1746 2564 1798 Ἀλλὰ
2604 1749 2701 1798 καὶ
2729 1744 2788 1809 ἐξ
2819 1745 2996 1798 ἄλλων
3022 1746 3476 1815 ἐπιχειρημάτων
3510 1741 3620 1795 ἐστι
3649 1739 3775 1792 κατὰ

528 1805 824 1896 possumus
849 1848 1159 1889 necessario
1183 1850 1407 1904 prorsus
1429 1836 1729 1901 volumina,
1756 1851 1876 1901 quae
1904 1837 2107 1891 dictum

2217 1841 2398 1893 πᾶσαν
2419 1838 2698 1902 ἀποδεῖξαι
2743 1838 2991 1908 ἀνάγκην
3036 1805 3133 1900 τάξ
3170 1805 3400 1907 ἐχούσας
3434 1835 3643 1906 βίϐλους
3687 1834 3776 1901 τὴν

524 1924 820 1993 explicant,
849 1938 957 1978 non
985 1942 1135 1992 vero,
1160 1941 1282 1994 qua:
1308 1941 1415 1980 non
1439 1927 1770 1997 exprimunt,
1804 1928 2107 1992 sincerum,

524 2023 577 2065 et
609 2028 829 2080 purum,
857 2013 1072 2066 veritati
1100 2014 1200 2080 ipsi
1223 2029 1497 2069 annexum
1528 2016 1836 2084 possidete.
1867 2015 2113 2087 Namque

528 2118 759 2170 magnus
789 2101 1024 2157 Basilius
1052 2104 1316 2173 dignitate
1345 2107 1645 2161 secundum
1677 2107 1812 2161 Filio
1840 2106 2110 2176 Spiritum

529 2209 653 2247 cum
687 2196 1011 2263 excepisset,
1046 2197 1318 2251 secundas
1354 2198 1451 2251 bas
1478 2208 1659 2268 partes
1695 2198 1912 2267 pietatis
1947 2200 2115 2253 tradi-

528 2287 732 2341 tionem
766 2287 1039 2356 appellare
1074 2304 1185 2342 non
1217 2291 1457 2354 veritus,
1494 2291 1819 2359 probatione
1856 2292 2111 2361 indiguit,

524 2392 621 2443 per
662 2391 828 2445 quam
882 2392 1006 2429 vera
1051 2379 1321 2430 sententia
1366 2388 1682 2448 appareret,
1731 2394 1853 2449 qua:
1896 2380 2113 2448 pietatis

523 2468 888 2535 traditionem,
937 2469 1208 2523 secundas
1250 2469 1351 2525 bas
1393 2482 1579 2540 partes
1631 2471 1869 2539 Spiritus
1899 2486 2111 2525 nuncu-

521 2561 723 2629 pabat:
755 2570 810 2615 et
845 2577 968 2616 eum
1001 2576 1175 2632 neque
1207 2576 1286 2616 ea:
1316 2573 1498 2617 essent
1536 2579 1632 2633 per
1668 2546 2110 2617 imminutionem

520 2654 760 2723 aliquam
791 2655 1001 2723 gloriae,
1042 2669 1294 2724 per-aequa
1330 2655 1532 2709 etenim
1564 2664 1648 2710 cst
1675 2656 1727 2708 in
1756 2658 2002 2725 utrisque
2025 2657 2114 2710 di-

521 2746 749 2811 vinitas,
792 2761 968 2815 neque
1000 2762 1096 2815 per
1142 2746 1306 2800 ullam
1347 2746 1507 2800 aliam
1550 2752 1851 2812 rationem,
1884 2764 1990 2816 qua
2026 2762 2113 2801 re-

519 2847 710 2907 spectu
755 2839 984 2893 alterius
1031 2839 1303 2892 secundas
1347 2848 1532 2907 partes
1558 2839 1860 2893 obtinentia
1907 2839 2112 2908 primas

520 2928 897 2983 obtinentibus
944 2929 1379 2991 submittuntur,
1421 2938 1476 2983 et
1520 2945 1688 2983 unum
1736 2930 2113 2983 tantummodo

522 3020 743 3087 pietatis
781 3020 1078 3072 terminum
1107 3030 1499 3085 cognosceret,
1547 3035 1656 3087 quo
1696 3018 1933 3087 Spiritus
1974 3017 2111 3074 Filio

519 3111 796 3164 secundus
842 3121 956 3175 est,
988 3113 1077 3180 qui
1125 3121 1263 3176 erat,
1303 3110 1448 3180 qttod
1492 3126 1557 3165 ex
1599 3126 1664 3164 eo
1699 3110 1921 3164 haberet
1965 3127 2107 3176 esse,

523 3211 926 3271 proptereaque
957 3212 1102 3256 esset
1130 3218 1192 3256 ex
1228 3204 1371 3273 ipso,
1395 3206 1541 3255 hunc
1573 3204 1625 3261 in
1659 3205 1881 3257 modum
1917 3201 2112 3258 eﬂatus
2139 3177 2182 3233 ί

518 3304 641 3348 est:
678 3313 695 3344 ι
739 3294 1011 3362 Dignitate
1062 3296 1209 3349 enim
1270 3297 1570 3350 secundum
1615 3311 1739 3351 esse
1782 3296 1951 3361 Filio,
1989 3307 2111 3350 tan-

527 3402 692 3455 quam
737 3390 830 3455 qui
869 3388 938 3440 ab
983 3403 1048 3441 eo
1092 3403 1215 3442 esse
1264 3389 1447 3451 liabet,
1489 3396 1544 3442 et
1591 3389 1660 3442 ab
1707 3402 1774 3442 eo
1808 3390 2028 3457 accipit,
2060 3399 2113 3442 et

525 3478 822 3529 annuntiat
851 3476 1030 3542 nobis,
1058 3488 1111 3530 et
1140 3478 1363 3531 omnino
1394 3477 1468 3530 illi
1498 3493 1675 3532 causa:
1699 3480 1963 3546 adhaeret,
1995 3480 2111 3549 pie.

522 3570 655 3621 tatis
693 3568 859 3622 tradit
894 3584 1099 3643 sermo.
1136 3569 1242 3623 Sed
1290 3571 1447 3624 tertia
1495 3571 1571 3623 uti
1617 3580 1836 3638 natura,
1870 3587 2048 3642 neque
2078 3588 2109 3626 a

521 3659 697 3713 sacris
731 3657 1033 3729 Seripturis
1064 3660 1241 3714 edocti
1269 3676 1481 3726 sumus,
1516 3676 1691 3731 neque
1715 3676 1782 3717 ex
1820 3663 1952 3727 illis,
1985 3679 2107 3734 qua:

519 3751 795 3817 diximus,
835 3754 1138 3820 consequi,
1179 3767 1472 3823 possumus
1507 3753 1907 3809 demonstrare.
1954 3774 1974 3807 ι
2011 3756 2107 3811 llis

516 3842 679 3897 dictis
723 3842 795 3896 ita
826 3845 1100 3897 sermonis
1133 3847 1557 3915 aSsignationeni
1600 3848 1912 3902 conclusit:
1955 3867 1974 3901 ι
2010 3850 2105 3903 Di-

513 3939 722 4006 gnitate
754 3939 900 3991 enim
936 3953 966 3989 a
1000 3937 1465 4029 Filio'seeundum
1502 3956 1649 4006 esse,
1680 3942 1847 3995 tradit
1886 3943 2105 4011 pietatis

515 4042 725 4083 sermo.
765 4046 783 4079 ›
823 4029 1204 4083 Probationem
1251 4046 1380 4085 vero
1419 4031 1583 4097 illius,
1631 4032 1895 4102 Spiritum
1924 4036 2106 4104 digni-

521 4129 635 4174 tate
662 4134 783 4174 esse
816 4121 1121 4174 secundum
1155 4118 1294 4174 Filio
1320 4138 1416 4191 per
1447 4123 1599 4189 illud,
1642 4125 1786 4193 quod
1816 4125 1885 4177 ab
1916 4140 1980 4178 eo
2006 4128 2105 4178 ba-

516 4214 643 4267 beat
675 4228 817 4280 esse,
855 4224 907 4268 et
946 4216 1016 4268 ab
1051 4214 1173 4283 ipso
1207 4218 1477 4285 accipiat,
1513 4226 1566 4270 et
1604 4218 1764 4271 nobis
1794 4220 2099 4283 atmuntiet,

518 4306 796 4375 implevit;
839 4315 1046 4361 tantum
1099 4321 1207 4361 nou
1251 4308 1440 4361 dicens
1477 4325 1490 4361 :
1523 4310 1819 4377 Propterea
1862 4314 2005 4376 quod
2037 4324 2103 4362 ex

516 4396 655 4453 Filio
705 4408 807 4462 est,
866 4401 1136 4453 secundus
1180 4412 1217 4451 a'
1260 4398 1399 4453 Filio
1448 4409 1551 4453 est.
1604 4399 1759 4463 Quod
1804 4399 1849 4453 si
1898 4401 1952 4452 id
1996 4416 2102 4453 non

2218 1929 2439 1998 ῥῆσινῆ
2486 1930 2584 1991 τὰς
2633 1927 2708 1996 μὴ
2739 1929 2969 1997 ἐχούσας
3019 1929 3114 1980 τοῦ
3167 1929 3463 1982 ἀνοθεύτου
3521 1925 3776 1997 μετέχειν,

2216 2024 2310 2076 καὶ
2356 2023 2490 2094 πρὸς
2538 2024 2639 2093 τὴν
2697 2021 2964 2089 ἀλήθειαν
3012 2021 3333 2089 ἁκιόδήλου.
3376 2021 3434 2073 ’0
3479 2019 3586 2088 γὰρ
3622 2021 3777 2085 μέγας

2219 2117 2504 2180 Βασίλειος
2538 2115 2812 2185 ἀξιώματι
2837 2114 3177 2183 δευτερεύειν
3209 2113 3304 2166 τοῦ
3327 2111 3465 2166 Υίοῦ
3486 2113 3547 2165 τὸ
3573 2107 3781 2175 Πνεῦμα

2216 2211 2269 2263 δε
2281 2210 2537 2279 ξάμενος,
2559 2210 2653 2264 καὶ
2677 2208 2976 2278 παράδοσιν
3006 2206 3288 2268 εὐσεϐείας
3314 2207 3377 2260 τὸ
3408 2204 3645 2259 τοιοῦτον
3671 2203 3781 2257 δευ-

2213 2306 2424 2371 τερεῖον
2484 2303 2662 2353 εἰπεῖν
2720 2301 2817 2369 οὐχ
2877 2298 3380 2367 ὑποστειλάμενος,
3442 2294 3778 2362 κατασκευῆς

2213 2394 2430 2464 ἐδεήθη,
2465 2394 2533 2446 δι’
2564 2388 2629 2463 ἦς
2677 2391 2741 2445 ἂν
2779 2392 2985 2462 ἀληθὴς
3020 2395 3048 2444 ό
3077 2389 3236 2459 λόγος
3264 2389 3591 2460 ἀναφανείη,
3623 2389 3650 2441 ὁ
3691 2402 3780 2435 πε-

2218 2485 2432 2555 ράδοσιν
2468 2485 2756 2546 εὐσεϐείας
2791 2483 3084 2537 ἀποκαλῶν
3110 2482 3171 2535 τὸ
3206 2482 3343 2552 πρὸς
3379 2483 3473 2535 τὸν
3508 2481 3635 2534 Υἰὸν
3673 2479 3779 2531 δω-

2211 2583 2423 2647 τερεῑον
2460 2578 2553 2630 τοῦ
2609 2576 2945 2646 Πνεύματος.
2977 2577 3088 2627 Καὶ
3124 2577 3249 2629 ἐπεὶ
3289 2575 3415 2629 οὔτε
3445 2574 3567 2628 καθ’
3599 2571 3778 2626 ὑποϐι-

2218 2670 2427 2739 6ασμόν
2448 2686 2568 2721 τινα
2600 2668 2782 2737 δόξης,
2821 2667 3072 2737 ίσοκλεὴς
3121 2667 3232 2737 γὰρ
3263 2668 3296 2737 ἡ
3325 2668 3523 2738 θεότης
3569 2665 3780 2734 ἀμφοῖν,

2213 2760 2337 2815 οὔτε
2379 2761 2521 2814 κατά
2561 2777 2683 2813 τινα
2718 2760 2875 2827 λόγον
2901 2760 3083 2824 ἄλλον,
3107 2754 3189 2822 οἷς
3226 2759 3297 2813 τὰ
3328 2760 3466 2831 πρός
3500 2777 3554 2811 τι
3584 2756 3641 2810 τὸ
3673 2754 3782 2809 δευ-

2213 2859 2427 2928 τερεῖον
2460 2856 2659 2923 ἔχοντα
2690 2855 2802 2906 τῶν
2829 2853 3220 2924 πρωτευόντων
3248 2853 3526 2922 ὑφίενται,
3558 2851 3670 2905 ἀλλ’
3694 2848 3781 2901 ἕνα

2216 2954 2377 3020 μόνον
2410 2947 2693 3009 εὐσεϐείας
2729 2946 3027 3013 ἐγίνωσκεν
3063 2945 3213 3015 ὅρον,
3240 2946 3347 2999 καθ
3405 2947 3466 2999 ὃν
3489 2946 3549 2998 τὸ
3573 2941 3780 3009 Πνεῦμα

2210 3041 2307 3095 τοῦ
2343 3040 2473 3093 Υίοῦ
2505 3036 2825 3107 δευτερεῦόν
2856 3037 3004 3089 ἐστιν
3028 3051 3044 3068 ⁸
3073 3036 3101 3087 ό
3129 3036 3185 3088 δὲ
3238 3037 3389 3106 ὄρος,
3421 3037 3482 3089 «ce
3511 3036 3578 3089 δι’
3628 3030 3781 3086 αὐτοῦ

2218 3133 2361 3203 ἔχειν
2384 3134 2445 3185 τ’)
2469 3128 2636 3195 εἶναι,
2667 3129 2758 3181 καὶ
2790 3127 2931 3181 κατὰ
2961 3127 3121 3179 τοῦτο
3148 3128 3241 3180 καὶ
3276 3128 3339 3193 ἐξ
3392 3127 3583 3193 αὑτοῦ,
3622 3127 3779 3195 ἔφησε

2215 3220 2393 3279 οὓτω·
2434 3221 2773 3291 ιἈξιὼματι
2812 3221 2912 3291 μὲν
2962 3222 3071 3288 γὰρ
3112 3221 3462 3287 δευτερεύειν
3492 3219 3586 3274 τοῦ
3635 3216 3779 3279 Υίοῦ,

2216 3320 2347 3390 παρ’
2376 3318 2541 3371 αὑτοῦ
2573 3317 2633 3368 τὸ
2663 3312 2804 3369 εἶναι
2831 3314 2977 3384 ἔχον,
3012 3314 3108 3367 καὶ
3140 3313 3269 3384 παρ’
3299 3315 3471 3368 αὐτοῦ
3496 3312 3784 3385 λαμϐάνον,

2214 3412 2307 3465 καὶ
2335 3408 2671 3476 ἀναγγέλλον
2698 3410 2851 3478 ἡμῖν,
2871 3407 3010 3470 ὅλως
3051 3406 3263 3476 ἐκείνης
3290 3410 3395 3478 τῆς
3415 3407 3599 3468 αίτίας
3628 3404 3785 3473 ἐξημ-

2216 3505 2397 3575 μένον,
2433 3501 2805 3573 παραδίδωσιν
2840 3501 2868 3553 ὁ
2895 3500 2998 3568 τῆς
3022 3499 3307 3562 εὐσεϐείας
3341 3501 3522 3570 λόγος.
3551 3499 3712 3553 Φύσει
3732 3496 3783 3547 δὲ

2213 3596 2373 3667 τρίτῃ
2425 3592 2666 3665 χρῆσθαι
2718 3591 2845 3645 οὗτε
2876 3592 3028 3662 παρὰ
3062 3592 3171 3645 τῶν
3219 3592 3395 3659 ἁγίων
3432 3587 3785 3659 δεδιδὰγμεοα

2212 3688 2468 3758 Γραφῶν,
2503 3685 2626 3739 οὔτε
2669 3686 2734 3738 ἐκ
2762 3685 2871 3737 τῶν
2903 3684 3209 3755 εἰρημένων
3235 3686 3384 3738 κατὰ
3415 3686 3477 3737 τὸ
3506 3681 3779 3736 ἀκόλουθον

2209 3780 2433 3834 δυνατὸν
2491 3776 2937 3845 συλλογίσασθαι.
2980 3794 2999 3827 ι
3047 3776 3156 3829 Καὶ
3203 3774 3361 3829 ταῦτ’
3393 3775 3653 3846 εἰρηκὼς,
3696 3772 3785 3840 τὴν

2213 3870 2433 3942 μὲντοῦ
2455 3869 2613 3938 λόγου
2645 3867 2901 3921 ἀπόδοσιν
2916 3864 3092 3928 οὕτως
3109 3866 3431 3935 ἐποιήσατο.
3447 3884 3468 3916 ι
3492 3863 3786 3930 ’Δξιὼματι

2212 3965 2312 4032 μὲν
2340 3964 2449 4033 γάρ
2478 3959 2823 4031 δευτερεύειν
2870 3958 2966 4012 τοῦ
3028 3956 3163 4011 Υίοῦ
3219 3958 3600 4027 παραδίδωσιν
3629 3956 3657 4008 ὁ
3693 3951 3787 4018 τῆς

2208 4044 2490 4111 εὐσεϐείας
2517 4048 2679 4115 λόγος
2700 4062 2714 4076 ’
2755 4064 2775 4098 ι
2802 4046 2900 4116 τὴν
2938 4046 2996 4098 δὲ
3027 4044 3380 4117 κατασκευὴν
3409 4048 3506 4101 τοῦ
3533 4046 3595 4099 τὸ
3623 4041 3783 4097 ΙΙνεῦ-

2211 4159 2288 4211 μα
2317 4134 2653 4210 δευτερεύειν
2690 4138 2784 4192 τοῦ
2818 4137 2949 4191 Υἱοῦ
2970 4137 3048 4209 τῷ
3084 4136 3389 4208 ἀξιώματι,
3414 4138 3506 4191 διὰ
3537 4138 3631 4190 τοῦ
3664 4129 3786 4204 παρ’

2208 4232 2369 4285 αὐτοῦ
2394 4235 2453 4284 τὸ
2482 4230 2624 4286 εἶναι
2664 4232 2831 4302 ἔχειν,
2866 4234 2963 4285 καὶ
2995 4231 3127 4301 παρ’
3152 4230 3315 4285 αὑτοῦ
3340 4232 3667 4301 λαμϐάνειν,
3698 4227 3786 4280 καὶ

2206 4324 2560 4391 άναγγέλλειν
2591 4326 2744 4394 ἡμῖν,
2781 4322 3184 4387 κατεσκεύασε,
3213 4325 3507 4394 μονονουχὶ
3538 4323 3781 4392 φάσκων.

2204 4417 2276 4469 ib:
2308 4413 2395 4471 διά
2426 4417 2485 4469 τὸ
2512 4418 2577 4468 ὲκ
2616 4416 2711 4469 τοῦ
2743 4416 2874 4468 Υἰοῦ
2904 4411 3069 4479 εἶναι,
3118 4415 3213 4467 καὶ
3264 4416 3578 4486 δευτερεύει
3604 4409 3781 4467 αὑτοῦ.

514 4499 684 4554 esset,
726 4506 1009 4559 nunquam
1060 4491 1224 4545 etiam
1281 4490 1350 4544 ab
1391 4505 1458 4544 eo
1502 4490 1805 4543 secundum
1858 4491 2096 4545 amma-

2212 4511 2266 4563 Εί
2309 4506 2419 4580 γὰρ
2471 4510 2567 4577 μὴ,
2628 4507 2876 4560 οὐδέποτ’
2932 4509 2999 4561 ἂν
3052 4508 3149 4560 καὶ
3206 4506 3532 4578 δευτερεῦον
3590 4502 3785 4579 ὲρῤἐθη

516 4593 630 4637 tum
684 4594 855 4637 esset.
924 4582 990 4638 Et
1049 4583 1096 4637 si
1153 4583 1249 4637 tibi
1314 4582 1368 4636 in
1434 4582 1617 4637 animo
1675 4591 1798 4649 est,
1860 4585 2093 4653 quicun-

510 4689 619 4743 que
704 4675 923 4728 tandem
1001 4673 1213 4741 fueris,
1288 4673 1384 4743 qui
1474 4674 1811 4744 refragaris,
1887 4692 2093 4745 cogno-

512 4780 683 4830 scere,
720 4768 765 4819 si
798 4782 826 4818 a
858 4764 997 4819 Filio
1047 4781 1156 4820 non
1204 4777 1368 4832 esset,
1404 4781 1578 4835 neque
1602 4769 1923 4823 secundusa
1959 4769 2095 4825 Filio

513 4873 738 4927 prorsus
769 4868 996 4913 vocatus
1029 4857 1248 4912 fuisset.
1283 4857 1449 4913 Deme
1483 4859 1688 4913 dictum
1726 4862 1848 4924 hoc,
1878 4871 1931 4914 et
1957 4866 2098 4916 assi-

513 4964 618 5019 gna
647 4949 806 5003 nobis
842 4949 1002 5003 aliam
1040 4950 1332 5019 rationein,
1369 4966 1478 5021 qua
1509 4966 1539 5005 a
1570 4950 1709 5005 Filio
1753 4952 1990 5022 Spiritus
2010 4968 2096 5008 se-

509 5043 723 5096 cundus
757 5052 1059 5096 asseratur.
1091 5039 1305 5097 Etenim
1334 5058 1443 5111 pra
1469 5044 1571 5098 bac
1595 5059 1699 5099 una
1724 5046 1839 5100 sola
1865 5046 2092 5110 ratione,

509 5143 602 5187 aut
633 5134 893 5203 temporis
951 5134 1258 5199 intervallo,
1314 5144 1412 5190 aut
1469 5153 1519 5189 In
1566 5139 1806 5193 sedendo
1837 5138 2096 5191 inferiore

510 5225 796 5290 subsellio,
827 5233 924 5279 aut
951 5226 1137 5295 gloria:
1187 5226 1484 5284 indicentia
1520 5230 1772 5283 secunda:
1801 5232 1882 5283 ba:
1911 5240 2093 5297 partes

508 5318 912 5387 concipientur.
979 5318 1046 5373 Et
1090 5328 1202 5373 tum
1255 5319 1505 5390 impietas
1556 5321 1704 5376 hisee
1764 5324 2082 5377 nationibus

510 5411 668 5481 longe
699 5411 974 5482 libereque
1022 5412 1327 5481 vagabitur.
1368 5414 1425 5467 Si
1456 5416 1638 5482 itaque
1688 5415 1893 5468 dictum
1938 5431 2094 5469 asse-

508 5520 637 5558 rens
663 5544 681 5569 ,
715 5523 732 5555 ι
774 5504 1040 5576 dignitate
1069 5507 1368 5560 secundum
1397 5521 1520 5560 esse
1549 5522 1575 5557 a
1610 5505 1746 5558 Filio
1763 5506 1872 5574 Spir
1891 5506 2044 5565 itum,
2071 5526 2090 5557 ι

509 5610 575 5648 ex
597 5595 848 5650 oratione
876 5595 964 5651 illa
996 5596 1249 5650 universa
1281 5597 1597 5660 erasisscnt,
1623 5596 1715 5664 qui
1745 5597 1889 5650 aliud
1920 5598 2092 5664 palam

507 5695 800 5754 aperteque
827 5689 1121 5742 enuntians
1164 5705 1182 5736 ι
1217 5688 1284 5739 ab
1306 5702 1370 5739 eo
1414 5702 1535 5739 esse
1563 5688 1790 5750 habens,
1824 5704 1841 5735 ι
1879 5686 2095 5739 oblitte-

508 5789 782 5845 ravcruut,
834 5777 975 5833 forte
1009 5789 1121 5833 tum
1154 5794 1343 5835 corum
1384 5779 1723 5848 improbitas,
1762 5790 1815 5833 ut
1852 5779 1956 5833 illis
1987 5782 2096 5835 coi-

2204 4603 2394 4656 αὑτοῦ.
2429 4603 2538 4654 Καὶ
2570 4602 2618 4653 εί
2676 4599 2855 4669 βούλει
2895 4600 3044 4662 ὅστις
3081 4598 3201 4652 ποτ’
3238 4598 3304 4651 ἂν
3338 4604 3439 4653 καὶ
3489 4600 3609 4670 εῐης
3648 4600 3676 4650 ὁ
3718 4595 3787 4647 διε⁶

2202 4694 2558 4763 ενιστάμενος
2592 4692 2821 4761 γνῶναι,
2873 4692 2949 4753 ὼς
3001 4692 3049 4743 εί
3084 4691 3159 4761 μὴ
3191 4690 3344 4763 παρὰ
3398 4692 3497 4745 τοῦ
3548 4688 3677 4743 Υίοῦ
3701 4683 3784 4756 ἦν,

2201 4787 2322 4841 οὐδὲ
2354 4783 2672 4855 δευτερεῦον
2720 4783 2787 4837 ἂν
2829 4784 2966 4846 ὅλως
2992 4783 3193 4853 ἐρρέθη
3224 4784 3419 4838 αὐτοῦ.
3460 4783 3663 4851 Ἀφελε
3696 4777 3788 4850 τὴν

2204 4878 2363 4949 ῥῆσιν
2412 4874 2641 4941 ταύτην,
2674 4874 2772 4927 καὶ
2810 4873 2896 4936 δὸς
2952 4874 3088 4942 ἡμῖν
3127 4874 3192 4926 σὺ
3223 4872 3415 4943 ἕτερον
3461 4872 3626 4939 λόγον
3668 4871 3785 4921 τινὰ

2203 4967 2328 5021 καθ’
2357 4967 2417 5019 ὃν
2447 4966 2539 5018 τοῦ
2589 4964 2724 5018 Υἱοῦ
2767 4965 3081 5035 δευτερεύει
3112 4965 3173 5017 τὸ
3205 4962 3457 5033 Πνεῦμα.
3499 4963 3656 5033 Παρὰ
3684 4961 3787 5028 γὰρ

2202 5060 2294 5109 τὸν
2326 5056 2571 5108 τοιοῦτον
2589 5055 2748 5122 λόγον
2779 5056 2813 5125 ἦ
2847 5055 3177 5122 διαστήματι
3200 5053 3420 5123 χρόνου,
3455 5057 3488 5124 ἢ
3522 5053 3784 5120 καθέδρας

2206 5141 2454 5215 ὑςεδρΐᾳ,
2487 5145 2520 5215 ἢ
2553 5144 2710 5213 δόξης
2763 5144 2941 5214 ἐνδείᾳ
2968 5145 3031 5197 τὸ
3076 5144 3385 5212 δευτερεῖον
3424 5146 3782 5215 νοηθήσεται,

2204 5237 2299 5290 καὶ
2328 5235 2621 5307 ἠ“ὰσέ6εια
2657 5239 2771 5299 τοῖς
2817 5239 3053 5306 νοήμασι
3098 5236 3308 5298 τούτοις
3361 5238 3787 5307 ωμπαρρησιαο

2204 5328 2487 5398 σθήσεται’.
2549 5328 2610 5380 Εἰ
2676 5328 2778 5398 μὲν
2834 5325 2926 5381 οὖν
2979 5329 3072 5380 καὶ
3138 5328 3238 5393 τὴν
3290 5326 3563 5395 λέγουσαν
3611 5328 3782 5396 ῥῆσιν,

2210 5437 2229 5468 ι
2267 5419 2611 5489 δευτερεύειν
2665 5417 2935 5486 ἀξιώματι
2994 5418 3090 5471 τοῦ
3151 5418 3283 5471 Υἱοῦ
3340 5420 3405 5469 τὸ
3465 5417 3717 5485 Πνεῦμα,
3762 5430 3781 5462 ι

2205 5508 2502 5578 διέγραφον
2529 5507 2624 5561 τόῦ
2663 5509 2865 5570 παντὸς
2892 5507 3052 5576 λόγου
3083 5510 3132 5562 oi
3162 5508 3258 5579 τὴν
3295 5527 3313 5559 ι
3352 5508 3486 5579 παρ’
3520 5506 3687 5561 αὑτοῦ
3729 5503 3787 5555 τὸ

2204 5597 2343 5653 εἶναι
2394 5592 2515 5670 ἔχον
2568 5620 2587 5652 ι
2639 5599 3035 5670 διατρανοῦσαν
3096 5599 3256 5671 ρἧιν
3318 5599 3782 5669 διαγραψάμενοι,

2205 5694 2361 5760 ἔσχεν
2386 5692 2449 5743 ἂν
2493 5691 2619 5752 ἴσω,
2650 5690 2718 5742 τὰ
2747 5692 2842 5760 τῆς
2877 5690 3139 5760 πονηρίας
3193 5688 3375 5742 αὐτῶν
3396 5728 3412 5754 ,
3441 5691 3584 5759 ὅπερ
3631 5683 3783 5740 £606-

2204 5784 2355 5839 λοντο
2378 5784 2761 5855 ἀποτέλεσμα]
2795 5783 2888 5837 νῦν
2907 5782 2950 5839 δ’
2970 5784 3050 5836 ὅτι
3079 5782 3137 5836 τὸ
3161 5783 3257 5853 τῆς
3275 5780 3536 5850 ἀληθείας
3566 5778 3781 5856 Πνεῦμα
