  <div class='ocr_page' id='page_1' title='image "/cluster/home/n/w/nwhite01/storage/ocr_20150623/141/coo.31924054870468/090.png"; bbox 0 0 4058 6412; ppageno 0'>
   <div class='ocr_carea' id='block_1_1' title="bbox 312 322 419 388">
    <p class='ocr_par' dir='ltr' id='par_1_1' title="bbox 312 322 419 388">
     <span class='ocr_line' id='line_1_1' title="bbox 312 322 419 388; baseline 0 -1"><span class='ocrx_word' id='word_1_1' title='bbox 312 322 419 388; x_wconf 79' lang='grc'><strong>165</strong></span> 
     </span>
    </p>
   </div>
   <div class='ocr_carea' id='block_1_2' title="bbox 1344 313 2546 380">
    <p class='ocr_par' dir='ltr' id='par_1_2' title="bbox 1344 313 2546 380">
     <span class='ocr_line' id='line_1_2' title="bbox 1344 313 2546 380; baseline -0.006 0"><span class='ocrx_word' id='word_1_2' title='bbox 1344 321 1442 380; x_wconf 85' lang='lat' dir='ltr'><strong>DE</strong></span> <span class='ocrx_word' id='word_1_3' title='bbox 1486 313 2010 380; x_wconf 73' lang='lat' dir='ltr'><strong>PROCESSIONE</strong></span> <span class='ocrx_word' id='word_1_4' title='bbox 2053 316 2109 375; x_wconf 92' lang='lat' dir='ltr'><strong>S.</strong></span> <span class='ocrx_word' id='word_1_5' title='bbox 2160 316 2546 376; x_wconf 74' lang='lat' dir='ltr'><strong>SPllil&#39;l‘US.</strong></span> 
     </span>
    </p>
   </div>
   <div class='ocr_carea' id='block_1_3' title="bbox 3484 311 3588 382">
    <p class='ocr_par' dir='ltr' id='par_1_3' title="bbox 3484 311 3588 382">
     <span class='ocr_line' id='line_1_3' title="bbox 3484 311 3588 382; baseline 0.058 -7"><span class='ocrx_word' id='word_1_6' title='bbox 3484 311 3588 382; x_wconf 68' lang='lat'><strong>166</strong></span> 
     </span>
    </p>
   </div>
   <div class='ocr_carea' id='block_1_4' title="bbox 307 422 1922 505">
    <p class='ocr_par' dir='ltr' id='par_1_4' title="bbox 307 422 1899 505">
     <span class='ocr_line' id='line_1_4' title="bbox 307 422 1899 505; baseline -0.005 -16"><span class='ocrx_word' id='word_1_7' title='bbox 307 438 410 505; x_wconf 73' lang='grc' dir='ltr'><strong>τὴν</strong></span> <span class='ocrx_word' id='word_1_8' title='bbox 463 434 645 488; x_wconf 79' lang='grc' dir='ltr'>αὐτῶν</span> <span class='ocrx_word' id='word_1_9' title='bbox 701 434 941 489; x_wconf 87' lang='grc' dir='ltr'>διάνοιαν</span> <span class='ocrx_word' id='word_1_10' title='bbox 988 422 1348 504; x_wconf 68' lang='grc' dir='ltr'>ἔσφαλ).ε,’τὺ</span> <span class='ocrx_word' id='word_1_11' title='bbox 1397 433 1497 503; x_wconf 81' lang='grc' dir='ltr'>μὲν</span> <span class='ocrx_word' id='word_1_12' title='bbox 1536 450 1554 484; x_wconf 81' lang='grc' dir='ltr'><strong>ι</strong></span> <span class='ocrx_word' id='word_1_13' title='bbox 1599 433 1750 501; x_wconf 80' lang='grc' dir='ltr'>παρὰ</span> <span class='ocrx_word' id='word_1_14' title='bbox 1808 428 1899 483; x_wconf 86' lang='grc' dir='ltr'><strong>τοῦ</strong></span> 
     </span>
    </p>
   </div>
   <div class='ocr_carea' id='block_1_5' title="bbox 2026 422 3588 505">
    <p class='ocr_par' dir='ltr' id='par_1_5' title="bbox 2030 426 3588 489">
     <span class='ocr_line' id='line_1_5' title="bbox 2030 426 3588 489; baseline 0.001 -8"><span class='ocrx_word' id='word_1_15' title='bbox 2030 428 2235 481; x_wconf 84' lang='lat' dir='ltr'><strong>ubitunt</strong></span> <span class='ocrx_word' id='word_1_16' title='bbox 2256 437 2390 489; x_wconf 85' lang='lat' dir='ltr'><strong>erat.</strong></span> <span class='ocrx_word' id='word_1_17' title='bbox 2409 429 2573 481; x_wconf 83' lang='lat' dir='ltr'><strong>tinem</strong></span> <span class='ocrx_word' id='word_1_18' title='bbox 2592 435 2839 482; x_wconf 75' lang='lat' dir='ltr'><strong>assecuta</strong></span> <span class='ocrx_word' id='word_1_19' title='bbox 2860 426 3052 482; x_wconf 78' lang='lat' dir='ltr'><strong>luisset</strong></span> <span class='ocrx_word' id='word_1_20' title='bbox 3075 448 3086 482; x_wconf 93' lang='lat'><strong>:</strong></span> <span class='ocrx_word' id='word_1_21' title='bbox 3111 426 3202 481; x_wconf 88' lang='lat' dir='ltr'><strong>sed</strong></span> <span class='ocrx_word' id='word_1_22' title='bbox 3217 442 3363 482; x_wconf 90' lang='lat' dir='ltr'><strong>nunc</strong></span> <span class='ocrx_word' id='word_1_23' title='bbox 3384 430 3588 483; x_wconf 76' lang='lat' dir='ltr'><strong>verita-</strong></span> 
     </span>
    </p>
   </div>
   <div class='ocr_carea' id='block_1_6' title="bbox 314 522 1908 597">
    <p class='ocr_par' dir='ltr' id='par_1_6' title="bbox 314 522 1908 597">
     <span class='ocr_line' id='line_1_6' title="bbox 314 522 1908 597; baseline -0.005 -16"><span class='ocrx_word' id='word_1_24' title='bbox 314 529 448 581; x_wconf 83' lang='grc' dir='ltr'>Υἰοῦ</span> <span class='ocrx_word' id='word_1_25' title='bbox 472 523 615 581; x_wconf 72' lang='grc' dir='ltr'>εἶναι</span> <span class='ocrx_word' id='word_1_26' title='bbox 651 529 713 580; x_wconf 75' lang='grc' dir='ltr'>τὸ</span> <span class='ocrx_word' id='word_1_27' title='bbox 757 527 1006 597; x_wconf 79' lang='grc' dir='ltr'><strong>Πνεῦμα,</strong></span> <span class='ocrx_word' id='word_1_28' title='bbox 1042 544 1060 578; x_wconf 77' lang='grc' dir='ltr'><strong>ι</strong></span> <span class='ocrx_word' id='word_1_29' title='bbox 1095 525 1380 593; x_wconf 81' lang='grc' dir='ltr'>τοῦλόγου</span> <span class='ocrx_word' id='word_1_30' title='bbox 1416 524 1752 594; x_wconf 59' lang='grc' dir='ltr'>διέγραψαν,</span> <span class='ocrx_word' id='word_1_31' title='bbox 1786 522 1908 574; x_wconf 84' lang='grc' dir='ltr'>δευ-</span> 
     </span>
    </p>
   </div>
   <div class='ocr_carea' id='block_1_7' title="bbox 309 614 1907 688">
    <p class='ocr_par' dir='ltr' id='par_1_7' title="bbox 309 614 1907 688">
     <span class='ocr_line' id='line_1_7' title="bbox 309 614 1907 688; baseline -0.005 -17"><span class='ocrx_word' id='word_1_32' title='bbox 309 617 566 688; x_wconf 81' lang='grc' dir='ltr'>τερεύειν</span> <span class='ocrx_word' id='word_1_33' title='bbox 599 617 656 670; x_wconf 84' lang='grc' dir='ltr'><strong>δὲ</strong></span> <span class='ocrx_word' id='word_1_34' title='bbox 691 617 822 669; x_wconf 76' lang='grc' dir='ltr'>αὐτὸ</span> <span class='ocrx_word' id='word_1_35' title='bbox 871 616 967 669; x_wconf 91' lang='grc' dir='ltr'><strong>τοῦ</strong></span> <span class='ocrx_word' id='word_1_36' title='bbox 1002 615 1132 669; x_wconf 85' lang='grc' dir='ltr'>Υίοῦ</span> <span class='ocrx_word' id='word_1_37' title='bbox 1183 617 1242 667; x_wconf 80' lang='grc' dir='ltr'>ὲν</span> <span class='ocrx_word' id='word_1_38' title='bbox 1279 615 1484 677; x_wconf 78' lang='grc' dir='ltr'>πάσαις</span> <span class='ocrx_word' id='word_1_39' title='bbox 1515 615 1736 683; x_wconf 71' lang='grc' dir='ltr'>ἀφῆκαν</span> <span class='ocrx_word' id='word_1_40' title='bbox 1787 614 1907 674; x_wconf 76' lang='grc' dir='ltr'>ταῖς</span> 
     </span>
    </p>
   </div>
   <div class='ocr_carea' id='block_1_8' title="bbox 311 706 1910 780">
    <p class='ocr_par' dir='ltr' id='par_1_8' title="bbox 311 706 1910 780">
     <span class='ocr_line' id='line_1_8' title="bbox 311 706 1910 780; baseline -0.005 -18"><span class='ocrx_word' id='word_1_41' title='bbox 311 711 526 780; x_wconf 78' lang='grc' dir='ltr'>βίϐλοις</span> <span class='ocrx_word' id='word_1_42' title='bbox 553 710 928 778; x_wconf 74' lang='grc' dir='ltr'>ἀνάγραπτον.</span> <span class='ocrx_word' id='word_1_43' title='bbox 951 707 1263 761; x_wconf 86' lang='grc' dir='ltr'>Κάντεῦθεν</span> <span class='ocrx_word' id='word_1_44' title='bbox 1296 709 1322 759; x_wconf 90' lang='grc' dir='ltr'>ὁ</span> <span class='ocrx_word' id='word_1_45' title='bbox 1350 706 1476 769; x_wconf 79' lang='grc' dir='ltr'>τοὺς</span> <span class='ocrx_word' id='word_1_46' title='bbox 1513 708 1712 775; x_wconf 74' lang='grc' dir='ltr'>σοφοὺς</span> <span class='ocrx_word' id='word_1_47' title='bbox 1744 706 1910 773; x_wconf 84' lang='grc' dir='ltr'>δρασ-</span> 
     </span>
    </p>
   </div>
   <div class='ocr_carea' id='block_1_9' title="bbox 312 796 1909 873">
    <p class='ocr_par' dir='ltr' id='par_1_9' title="bbox 312 796 1909 873">
     <span class='ocr_line' id='line_1_9' title="bbox 312 796 1909 873; baseline -0.006 -17"><span class='ocrx_word' id='word_1_48' title='bbox 312 803 552 873; x_wconf 74' lang='grc' dir='ltr'>σόμενος</span> <span class='ocrx_word' id='word_1_49' title='bbox 607 804 667 854; x_wconf 84' lang='grc' dir='ltr'>ὲν</span> <span class='ocrx_word' id='word_1_50' title='bbox 723 804 790 872; x_wconf 78' lang='grc' dir='ltr'>τῇ</span> <span class='ocrx_word' id='word_1_51' title='bbox 851 802 1163 873; x_wconf 75' lang='grc' dir='ltr'>πανουργίᾳ</span> <span class='ocrx_word' id='word_1_52' title='bbox 1224 800 1406 853; x_wconf 79' lang='grc' dir='ltr'>αὐτῶν</span> <span class='ocrx_word' id='word_1_53' title='bbox 1447 799 1631 852; x_wconf 70' lang='grc' dir='ltr'>δίδωσι</span> <span class='ocrx_word' id='word_1_54' title='bbox 1676 799 1791 858; x_wconf 86' lang='grc' dir='ltr'>τοῖς</span> <span class='ocrx_word' id='word_1_55' title='bbox 1839 796 1909 847; x_wconf 73' lang='grc' dir='ltr'><strong>τά</strong></span> 
     </span>
    </p>
   </div>
   <div class='ocr_carea' id='block_1_10' title="bbox 312 887 1911 963">
    <p class='ocr_par' dir='ltr' id='par_1_10' title="bbox 312 887 1911 963">
     <span class='ocr_line' id='line_1_10' title="bbox 312 887 1911 963; baseline -0.004 -18"><span class='ocrx_word' id='word_1_56' title='bbox 312 893 551 947; x_wconf 77' lang='grc' dir='ltr'>τοιαῦτα</span> <span class='ocrx_word' id='word_1_57' title='bbox 569 892 851 963; x_wconf 78' lang='grc' dir='ltr'><strong>ἐπιμελῶς</strong></span> <span class='ocrx_word' id='word_1_58' title='bbox 871 891 1271 962; x_wconf 75' lang='grc' dir='ltr'><strong>σκοπουμένοις</strong></span> <span class='ocrx_word' id='word_1_59' title='bbox 1306 892 1589 944; x_wconf 79' lang='grc' dir='ltr'>κατανοεῖν</span> <span class='ocrx_word' id='word_1_60' title='bbox 1614 887 1675 941; x_wconf 80' lang='grc' dir='ltr'><strong>τὸ</strong></span> <span class='ocrx_word' id='word_1_61' title='bbox 1706 904 1911 939; x_wconf 81' lang='grc' dir='ltr'>σκαιω-</span> 
     </span>
    </p>
   </div>
   <div class='ocr_carea' id='block_1_11' title="bbox 318 978 1910 1055">
    <p class='ocr_par' dir='ltr' id='par_1_11' title="bbox 318 978 1910 1055">
     <span class='ocr_line' id='line_1_11' title="bbox 318 978 1910 1055; baseline -0.016 -2"><span class='ocrx_word' id='word_1_62' title='bbox 318 984 519 1055; x_wconf 73' lang='grc' dir='ltr'>ρηθέν.</span> <span class='ocrx_word' id='word_1_63' title='bbox 557 984 681 1038; x_wconf 77' lang='grc' dir='ltr'>Ὀτι</span> <span class='ocrx_word' id='word_1_64' title='bbox 741 984 851 1053; x_wconf 86' lang='grc' dir='ltr'><strong>γὰρ</strong></span> <span class='ocrx_word' id='word_1_65' title='bbox 886 982 1010 1036; x_wconf 85' lang='grc' dir='ltr'>κατ’</span> <span class='ocrx_word' id='word_1_66' title='bbox 1065 982 1259 1035; x_wconf 82' lang='grc' dir='ltr'>οὐδένα</span> <span class='ocrx_word' id='word_1_67' title='bbox 1309 981 1496 1049; x_wconf 68' lang='grc' dir='ltr'>ἕτερον</span> <span class='ocrx_word' id='word_1_68' title='bbox 1551 979 1710 1045; x_wconf 85' lang='grc' dir='ltr'>λόγον</span> <span class='ocrx_word' id='word_1_69' title='bbox 1755 978 1910 1047; x_wconf 73' lang='grc' dir='ltr'>εἰρή-</span> 
     </span>
    </p>
   </div>
   <div class='ocr_carea' id='block_1_12' title="bbox 316 1067 1911 1143">
    <p class='ocr_par' dir='ltr' id='par_1_12' title="bbox 316 1067 1911 1143">
     <span class='ocr_line' id='line_1_12' title="bbox 316 1067 1911 1143; baseline -0.006 -15"><span class='ocrx_word' id='word_1_70' title='bbox 316 1092 411 1128; x_wconf 82' lang='grc' dir='ltr'><strong>κει</strong></span> <span class='ocrx_word' id='word_1_71' title='bbox 447 1075 516 1129; x_wconf 80' lang='grc' dir='ltr'>ἄν</span> <span class='ocrx_word' id='word_1_72' title='bbox 547 1089 678 1126; x_wconf 85' lang='grc' dir='ltr'>ποτε</span> <span class='ocrx_word' id='word_1_73' title='bbox 730 1072 792 1126; x_wconf 85' lang='grc' dir='ltr'><strong>τὸ</strong></span> <span class='ocrx_word' id='word_1_74' title='bbox 826 1072 1054 1143; x_wconf 83' lang='grc' dir='ltr'>Πνεῦμα</span> <span class='ocrx_word' id='word_1_75' title='bbox 1103 1071 1359 1141; x_wconf 82' lang='grc' dir='ltr'>δεύτερον</span> <span class='ocrx_word' id='word_1_76' title='bbox 1412 1070 1504 1123; x_wconf 87' lang='grc' dir='ltr'><strong>τοῦ</strong></span> <span class='ocrx_word' id='word_1_77' title='bbox 1558 1067 1688 1121; x_wconf 79' lang='grc' dir='ltr'>Υἱοῦ</span> <span class='ocrx_word' id='word_1_78' title='bbox 1733 1070 1761 1120; x_wconf 88' lang='grc' dir='ltr'>ὁ</span> <span class='ocrx_word' id='word_1_79' title='bbox 1811 1068 1911 1136; x_wconf 82' lang='grc' dir='ltr'><strong>μὲ-</strong></span> 
     </span>
    </p>
   </div>
   <div class='ocr_carea' id='block_1_13' title="bbox 318 1154 1912 1235">
    <p class='ocr_par' dir='ltr' id='par_1_13' title="bbox 318 1154 1912 1235">
     <span class='ocr_line' id='line_1_13' title="bbox 318 1154 1912 1235; baseline -0.006 -16"><span class='ocrx_word' id='word_1_80' title='bbox 318 1184 426 1235; x_wconf 79' lang='grc' dir='ltr'><strong>γας</strong></span> <span class='ocrx_word' id='word_1_81' title='bbox 492 1166 799 1232; x_wconf 82' lang='grc' dir='ltr'>Βασίλειος,</span> <span class='ocrx_word' id='word_1_82' title='bbox 856 1163 1182 1232; x_wconf 87' lang='grc' dir='ltr'>λογίσασθαι</span> <span class='ocrx_word' id='word_1_83' title='bbox 1236 1164 1352 1216; x_wconf 73' lang='grc' dir='ltr'>ἔστι</span> <span class='ocrx_word' id='word_1_84' title='bbox 1402 1164 1497 1215; x_wconf 78' lang='grc' dir='ltr'><strong>καὶ</strong></span> <span class='ocrx_word' id='word_1_85' title='bbox 1541 1161 1602 1225; x_wconf 78' lang='grc' dir='ltr'>ἐξ</span> <span class='ocrx_word' id='word_1_86' title='bbox 1630 1158 1704 1213; x_wconf 82' lang='grc' dir='ltr'>ὧν</span> <span class='ocrx_word' id='word_1_87' title='bbox 1756 1154 1912 1221; x_wconf 72' lang='grc' dir='ltr'>οὗτος</span> 
     </span>
    </p>
   </div>
   <div class='ocr_carea' id='block_1_14' title="bbox 319 1252 1907 1326">
    <p class='ocr_par' dir='ltr' id='par_1_14' title="bbox 319 1252 1907 1326">
     <span class='ocr_line' id='line_1_14' title="bbox 319 1252 1907 1326; baseline -0.003 -18"><span class='ocrx_word' id='word_1_88' title='bbox 319 1261 438 1319; x_wconf 80' lang='grc' dir='ltr'>τοῖς</span> <span class='ocrx_word' id='word_1_89' title='bbox 499 1257 819 1326; x_wconf 75' lang='grc' dir='ltr'><strong>εἰρημένοις</strong></span> <span class='ocrx_word' id='word_1_90' title='bbox 880 1256 1102 1323; x_wconf 76' lang='grc' dir='ltr'>ἐπάγει.</span> <span class='ocrx_word' id='word_1_91' title='bbox 1158 1254 1303 1324; x_wconf 78' lang='grc' dir='ltr'>Φησὶ</span> <span class='ocrx_word' id='word_1_92' title='bbox 1358 1253 1465 1323; x_wconf 85' lang='grc' dir='ltr'><strong>γὰρ</strong></span> <span class='ocrx_word' id='word_1_93' title='bbox 1516 1252 1907 1313; x_wconf 72' lang='grc' dir='ltr'>ὑποκαταὸάςο</span> 
     </span>
    </p>
   </div>
   <div class='ocr_carea' id='block_1_15' title="bbox 329 1343 1912 1416">
    <p class='ocr_par' dir='ltr' id='par_1_15' title="bbox 329 1343 1912 1416">
     <span class='ocr_line' id='line_1_15' title="bbox 329 1343 1912 1416; baseline -0.004 -17"><span class='ocrx_word' id='word_1_94' title='bbox 329 1367 346 1399; x_wconf 84' lang='grc' dir='ltr'><strong>ι</strong></span> <span class='ocrx_word' id='word_1_95' title='bbox 401 1348 494 1409; x_wconf 81' lang='grc' dir='ltr'>Ὠς</span> <span class='ocrx_word' id='word_1_96' title='bbox 549 1347 659 1416; x_wconf 78' lang='grc' dir='ltr'>γὰρ</span> <span class='ocrx_word' id='word_1_97' title='bbox 725 1347 753 1398; x_wconf 88' lang='grc' dir='ltr'>ὁ</span> <span class='ocrx_word' id='word_1_98' title='bbox 817 1345 945 1408; x_wconf 81' lang='grc' dir='ltr'>Υἱὸς</span> <span class='ocrx_word' id='word_1_99' title='bbox 1010 1344 1164 1410; x_wconf 80' lang='grc' dir='ltr'>τάξει</span> <span class='ocrx_word' id='word_1_100' title='bbox 1205 1345 1298 1398; x_wconf 78' lang='grc' dir='ltr'><strong>καὶ</strong></span> <span class='ocrx_word' id='word_1_101' title='bbox 1338 1343 1609 1413; x_wconf 77' lang='grc' dir='ltr'>ἀξιώματι</span> <span class='ocrx_word' id='word_1_102' title='bbox 1664 1343 1912 1411; x_wconf 82' lang='grc' dir='ltr'>δεύτερος</span> 
     </span>
    </p>
   </div>
   <div class='ocr_carea' id='block_1_16' title="bbox 326 1435 1915 1507">
    <p class='ocr_par' dir='ltr' id='par_1_16' title="bbox 326 1435 1915 1507">
     <span class='ocr_line' id='line_1_16' title="bbox 326 1435 1915 1507; baseline -0.004 -15"><span class='ocrx_word' id='word_1_103' title='bbox 326 1438 423 1493; x_wconf 77' lang='grc' dir='ltr'><strong>τοῦ</strong></span> <span class='ocrx_word' id='word_1_104' title='bbox 477 1437 717 1504; x_wconf 81' lang='grc' dir='ltr'>Πατρὸς,</span> <span class='ocrx_word' id='word_1_105' title='bbox 763 1437 916 1502; x_wconf 83' lang='grc' dir='ltr'>τάξει</span> <span class='ocrx_word' id='word_1_106' title='bbox 979 1438 1102 1507; x_wconf 85' lang='grc' dir='ltr'>μὲν,</span> <span class='ocrx_word' id='word_1_107' title='bbox 1156 1437 1238 1489; x_wconf 75' lang='grc' dir='ltr'><strong>ὅτι</strong></span> <span class='ocrx_word' id='word_1_108' title='bbox 1281 1437 1376 1489; x_wconf 81' lang='grc' dir='ltr'><strong>ἀπ’</strong></span> <span class='ocrx_word' id='word_1_109' title='bbox 1413 1435 1662 1499; x_wconf 83' lang='grc' dir='ltr'>ἐκείνου,</span> <span class='ocrx_word' id='word_1_110' title='bbox 1707 1436 1802 1487; x_wconf 72' lang='grc' dir='ltr'><strong>καὶ</strong></span> <span class='ocrx_word' id='word_1_111' title='bbox 1852 1435 1915 1486; x_wconf 56' lang='lat' dir='ltr'><strong>dt.</strong></span> 
     </span>
    </p>
   </div>
   <div class='ocr_carea' id='block_1_17' title="bbox 332 1520 1915 1599">
    <p class='ocr_par' dir='ltr' id='par_1_17' title="bbox 332 1520 1915 1599">
     <span class='ocr_line' id='line_1_17' title="bbox 332 1520 1915 1599; baseline -0.004 -18"><span class='ocrx_word' id='word_1_112' title='bbox 332 1528 599 1599; x_wconf 77' lang='grc' dir='ltr'>ξιώματι,</span> <span class='ocrx_word' id='word_1_113' title='bbox 649 1529 732 1581; x_wconf 81' lang='grc' dir='ltr'>ὃτι</span> <span class='ocrx_word' id='word_1_114' title='bbox 798 1526 944 1599; x_wconf 83' lang='grc' dir='ltr'>ἁρχὴ</span> <span class='ocrx_word' id='word_1_115' title='bbox 998 1529 1089 1581; x_wconf 76' lang='grc' dir='ltr'><strong>καὶ</strong></span> <span class='ocrx_word' id='word_1_116' title='bbox 1146 1528 1318 1591; x_wconf 75' lang='grc' dir='ltr'>αἰτία,</span> <span class='ocrx_word' id='word_1_117' title='bbox 1496 1522 1638 1579; x_wconf 79' lang='grc' dir='ltr'>εἶναι</span> <span class='ocrx_word' id='word_1_118' title='bbox 1696 1526 1915 1595; x_wconf 82' lang='grc' dir='ltr'>Πατέρα</span> 
     </span>
    </p>
   </div>
   <div class='ocr_carea' id='block_1_18' title="bbox 333 1616 1914 1690">
    <p class='ocr_par' dir='ltr' id='par_1_18' title="bbox 333 1616 1914 1690">
     <span class='ocr_line' id='line_1_18' title="bbox 333 1616 1914 1690; baseline -0.004 -16"><span class='ocrx_word' id='word_1_119' title='bbox 333 1618 520 1684; x_wconf 71' lang='grc' dir='ltr'>αὑτοῦ,</span> <span class='ocrx_word' id='word_1_120' title='bbox 550 1619 647 1672; x_wconf 71' lang='grc' dir='ltr'><strong>καὶ</strong></span> <span class='ocrx_word' id='word_1_121' title='bbox 678 1619 761 1671; x_wconf 85' lang='grc' dir='ltr'><strong>ὅτι</strong></span> <span class='ocrx_word' id='word_1_122' title='bbox 787 1617 856 1671; x_wconf 88' lang='grc' dir='ltr'>δι’</span> <span class='ocrx_word' id='word_1_123' title='bbox 880 1616 1048 1671; x_wconf 84' lang='grc' dir='ltr'>αὑτοῦ</span> <span class='ocrx_word' id='word_1_124' title='bbox 1081 1619 1398 1690; x_wconf 83' lang='grc' dir='ltr'>ἠπρόσοδος</span> <span class='ocrx_word' id='word_1_125' title='bbox 1449 1618 1540 1670; x_wconf 82' lang='grc' dir='ltr'><strong>καὶ</strong></span> <span class='ocrx_word' id='word_1_126' title='bbox 1579 1616 1914 1687; x_wconf 71' lang='grc' dir='ltr'>προςαγωγὴ</span> 
     </span>
    </p>
   </div>
   <div class='ocr_carea' id='block_1_19' title="bbox 345 1708 1910 1781">
    <p class='ocr_par' dir='ltr' id='par_1_19' title="bbox 345 1708 1910 1781">
     <span class='ocr_line' id='line_1_19' title="bbox 345 1708 1910 1781; baseline -0.003 -18"><span class='ocrx_word' id='word_1_127' title='bbox 345 1712 473 1781; x_wconf 62' lang='grc' dir='ltr'>πρὸς</span> <span class='ocrx_word' id='word_1_128' title='bbox 492 1712 584 1764; x_wconf 82' lang='grc' dir='ltr'><strong>τὸν</strong></span> <span class='ocrx_word' id='word_1_129' title='bbox 605 1711 738 1764; x_wconf 78' lang='grc' dir='ltr'>Θεὸν</span> <span class='ocrx_word' id='word_1_130' title='bbox 763 1713 858 1764; x_wconf 70' lang='grc' dir='ltr'><strong>καὶ</strong></span> <span class='ocrx_word' id='word_1_131' title='bbox 880 1712 1103 1781; x_wconf 84' lang='grc' dir='ltr'>Πατέρα</span> <span class='ocrx_word' id='word_1_132' title='bbox 1121 1728 1133 1741; x_wconf 92' lang='grc'><strong>·</strong></span> <span class='ocrx_word' id='word_1_133' title='bbox 1166 1710 1329 1779; x_wconf 77' lang='grc' dir='ltr'>φύσει</span> <span class='ocrx_word' id='word_1_134' title='bbox 1354 1710 1410 1763; x_wconf 80' lang='grc' dir='ltr'><strong>δὲ</strong></span> <span class='ocrx_word' id='word_1_135' title='bbox 1439 1711 1618 1763; x_wconf 80' lang='grc' dir='ltr'>οὐκέτι</span> <span class='ocrx_word' id='word_1_136' title='bbox 1641 1708 1910 1777; x_wconf 74' lang='grc' dir='ltr'>δεύτερος,</span> 
     </span>
    </p>
   </div>
   <div class='ocr_carea' id='block_1_20' title="bbox 347 1800 1915 1871">
    <p class='ocr_par' dir='ltr' id='par_1_20' title="bbox 347 1800 1915 1871">
     <span class='ocr_line' id='line_1_20' title="bbox 347 1800 1915 1871; baseline -0.003 -19"><span class='ocrx_word' id='word_1_137' title='bbox 347 1801 480 1853; x_wconf 76' lang='grc' dir='ltr'>διότι</span> <span class='ocrx_word' id='word_1_138' title='bbox 509 1804 542 1870; x_wconf 82' lang='grc' dir='ltr'>ἠ</span> <span class='ocrx_word' id='word_1_139' title='bbox 576 1801 768 1871; x_wconf 79' lang='grc' dir='ltr'>θεότης</span> <span class='ocrx_word' id='word_1_140' title='bbox 814 1804 871 1853; x_wconf 80' lang='grc' dir='ltr'>ὲν</span> <span class='ocrx_word' id='word_1_141' title='bbox 913 1801 1162 1871; x_wconf 81' lang='grc' dir='ltr'>ἐκατέρῳ</span> <span class='ocrx_word' id='word_1_142' title='bbox 1199 1802 1328 1871; x_wconf 82' lang='grc' dir='ltr'>μία·</span> <span class='ocrx_word' id='word_1_143' title='bbox 1361 1800 1505 1853; x_wconf 76' lang='grc' dir='ltr'>οῦτω</span> <span class='ocrx_word' id='word_1_144' title='bbox 1537 1800 1779 1871; x_wconf 75' lang='grc' dir='ltr'>δηλονόνι</span> <span class='ocrx_word' id='word_1_145' title='bbox 1821 1800 1915 1852; x_wconf 66' lang='grc' dir='ltr'><strong>καὶ</strong></span> 
     </span>
    </p>
   </div>
   <div class='ocr_carea' id='block_1_21' title="bbox 348 1891 1939 1962">
    <p class='ocr_par' dir='ltr' id='par_1_21' title="bbox 348 1891 1939 1962">
     <span class='ocr_line' id='line_1_21' title="bbox 348 1891 1939 1962; baseline -0.002 -19"><span class='ocrx_word' id='word_1_146' title='bbox 348 1891 407 1943; x_wconf 72' lang='grc' dir='ltr'>τὸ</span> <span class='ocrx_word' id='word_1_147' title='bbox 444 1891 663 1962; x_wconf 81' lang='grc' dir='ltr'>Πνεῦμα</span> <span class='ocrx_word' id='word_1_148' title='bbox 697 1891 759 1944; x_wconf 86' lang='grc' dir='ltr'>τὺ</span> <span class='ocrx_word' id='word_1_149' title='bbox 788 1893 970 1960; x_wconf 72' lang='grc' dir='ltr'>ἅγιον,</span> <span class='ocrx_word' id='word_1_150' title='bbox 1004 1892 1051 1944; x_wconf 85' lang='grc' dir='ltr'><strong>εί</strong></span> <span class='ocrx_word' id='word_1_151' title='bbox 1095 1894 1188 1945; x_wconf 76' lang='grc' dir='ltr'><strong>καὶ</strong></span> <span class='ocrx_word' id='word_1_152' title='bbox 1220 1892 1537 1960; x_wconf 77' lang='grc' dir='ltr'>ὐποὸέὸηκε</span> <span class='ocrx_word' id='word_1_153' title='bbox 1575 1893 1665 1943; x_wconf 78' lang='grc' dir='ltr'><strong>τὸν</strong></span> <span class='ocrx_word' id='word_1_154' title='bbox 1698 1891 1819 1942; x_wconf 74' lang='grc' dir='ltr'>Υίὸν</span> <span class='ocrx_word' id='word_1_155' title='bbox 1851 1893 1939 1959; x_wconf 65' lang='grc' dir='ltr'>τῇς</span> 
     </span>
    </p>
   </div>
   <div class='ocr_carea' id='block_1_22' title="bbox 341 1982 1916 2055">
    <p class='ocr_par' dir='ltr' id='par_1_22' title="bbox 341 1982 1916 2055">
     <span class='ocr_line' id='line_1_22' title="bbox 341 1982 1916 2055; baseline -0.001 -20"><span class='ocrx_word' id='word_1_156' title='bbox 341 1983 490 2049; x_wconf 79' lang='grc' dir='ltr'>τάξει</span> <span class='ocrx_word' id='word_1_157' title='bbox 528 1985 624 2038; x_wconf 74' lang='grc' dir='ltr'>καὶ</span> <span class='ocrx_word' id='word_1_158' title='bbox 658 1983 735 2055; x_wconf 80' lang='grc' dir='ltr'><strong>τῷ</strong></span> <span class='ocrx_word' id='word_1_159' title='bbox 762 1982 1059 2053; x_wconf 78' lang='grc' dir='ltr'>ἀξιώματι,</span> <span class='ocrx_word' id='word_1_160' title='bbox 1088 1984 1271 2036; x_wconf 80' lang='grc' dir='ltr'>οὐκέτι</span> <span class='ocrx_word' id='word_1_161' title='bbox 1306 1983 1370 2037; x_wconf 81' lang='grc' dir='ltr'>ἂν</span> <span class='ocrx_word' id='word_1_162' title='bbox 1393 1983 1621 2046; x_wconf 81' lang='grc' dir='ltr'><strong>εἰκότως</strong></span> <span class='ocrx_word' id='word_1_163' title='bbox 1654 1983 1728 2044; x_wconf 81' lang='grc' dir='ltr'>ὡς</span> <span class='ocrx_word' id='word_1_164' title='bbox 1759 1983 1916 2034; x_wconf 82' lang='grc' dir='ltr'>ἀλλο-</span> 
     </span>
    </p>
   </div>
   <div class='ocr_carea' id='block_1_23' title="bbox 335 2072 1918 2143">
    <p class='ocr_par' dir='ltr' id='par_1_23' title="bbox 335 2072 1918 2143">
     <span class='ocr_line' id='line_1_23' title="bbox 335 2072 1918 2143; baseline -0.001 -19"><span class='ocrx_word' id='word_1_165' title='bbox 335 2073 496 2141; x_wconf 78' lang='grc' dir='ltr'>τρίας</span> <span class='ocrx_word' id='word_1_166' title='bbox 527 2073 775 2143; x_wconf 81' lang='grc' dir='ltr'>ὑπάρχον</span> <span class='ocrx_word' id='word_1_167' title='bbox 817 2072 1035 2139; x_wconf 80' lang='grc' dir='ltr'>φύσεως</span> <span class='ocrx_word' id='word_1_168' title='bbox 1071 2072 1384 2126; x_wconf 77' lang='grc' dir='ltr'>ἀκολουθεῖν</span> <span class='ocrx_word' id='word_1_169' title='bbox 1430 2072 1703 2140; x_wconf 77' lang='grc' dir='ltr'>εἴποιμεν.</span> <span class='ocrx_word' id='word_1_170' title='bbox 1744 2090 1762 2122; x_wconf 70' lang='grc' dir='ltr'><strong>ι</strong></span> <span class='ocrx_word' id='word_1_171' title='bbox 1786 2072 1918 2122; x_wconf 79' lang='grc' dir='ltr'>Σκο-</span> 
     </span>
    </p>
   </div>
   <div class='ocr_carea' id='block_1_24' title="bbox 336 2161 1918 2232">
    <p class='ocr_par' dir='ltr' id='par_1_24' title="bbox 336 2161 1918 2232">
     <span class='ocr_line' id='line_1_24' title="bbox 336 2161 1918 2232; baseline 0.001 -18"><span class='ocrx_word' id='word_1_172' title='bbox 336 2161 510 2214; x_wconf 81' lang='grc' dir='ltr'>πείτω</span> <span class='ocrx_word' id='word_1_173' title='bbox 542 2165 571 2215; x_wconf 80' lang='grc' dir='ltr'><strong>ό</strong></span> <span class='ocrx_word' id='word_1_174' title='bbox 600 2162 929 2231; x_wconf 78' lang='grc' dir='ltr'>βουλόμενος</span> <span class='ocrx_word' id='word_1_175' title='bbox 959 2164 1080 2225; x_wconf 84' lang='grc' dir='ltr'><strong>ὼςό</strong></span> <span class='ocrx_word' id='word_1_176' title='bbox 1122 2165 1296 2232; x_wconf 84' lang='grc' dir='ltr'>μέγας</span> <span class='ocrx_word' id='word_1_177' title='bbox 1324 2164 1627 2227; x_wconf 77' lang='grc' dir='ltr'>Βασίλειος,</span> <span class='ocrx_word' id='word_1_178' title='bbox 1655 2164 1918 2231; x_wconf 72' lang='grc' dir='ltr'><strong>συστῆσαι</strong></span> 
     </span>
    </p>
   </div>
   <div class='ocr_carea' id='block_1_25' title="bbox 333 2252 1920 2325">
    <p class='ocr_par' dir='ltr' id='par_1_25' title="bbox 333 2252 1920 2325">
     <span class='ocr_line' id='line_1_25' title="bbox 333 2252 1920 2325; baseline 0.002 -20"><span class='ocrx_word' id='word_1_179' title='bbox 333 2252 667 2322; x_wconf 80' lang='grc' dir='ltr'>βουλόμενος</span> <span class='ocrx_word' id='word_1_180' title='bbox 715 2253 811 2307; x_wconf 84' lang='grc' dir='ltr'><strong>τοῦ</strong></span> <span class='ocrx_word' id='word_1_181' title='bbox 856 2254 956 2324; x_wconf 83' lang='grc' dir='ltr'>τῆς</span> <span class='ocrx_word' id='word_1_182' title='bbox 984 2256 1266 2317; x_wconf 68' lang='grc' dir='ltr'>εὐσεϐείας</span> <span class='ocrx_word' id='word_1_183' title='bbox 1297 2255 1456 2323; x_wconf 87' lang='grc' dir='ltr'>λόγου</span> <span class='ocrx_word' id='word_1_184' title='bbox 1506 2256 1581 2325; x_wconf 80' lang='grc' dir='ltr'>μὴ</span> <span class='ocrx_word' id='word_1_185' title='bbox 1617 2256 1835 2307; x_wconf 70' lang='grc' dir='ltr'>ἀποδεῖν</span> <span class='ocrx_word' id='word_1_186' title='bbox 1861 2255 1920 2308; x_wconf 80' lang='grc' dir='ltr'><strong>τὸ</strong></span> 
     </span>
    </p>
   </div>
   <div class='ocr_carea' id='block_1_26' title="bbox 331 2343 1920 2415">
    <p class='ocr_par' dir='ltr' id='par_1_26' title="bbox 331 2343 1920 2415">
     <span class='ocr_line' id='line_1_26' title="bbox 331 2343 1920 2415; baseline -0.001 -17"><span class='ocrx_word' id='word_1_187' title='bbox 331 2343 681 2414; x_wconf 77' lang='grc' dir='ltr'>δευτερεύειν</span> <span class='ocrx_word' id='word_1_188' title='bbox 735 2345 1009 2413; x_wconf 74' lang='grc' dir='ltr'>ἀξιώματι</span> <span class='ocrx_word' id='word_1_189' title='bbox 1042 2346 1135 2398; x_wconf 84' lang='grc' dir='ltr'><strong>τοῦ</strong></span> <span class='ocrx_word' id='word_1_190' title='bbox 1192 2346 1321 2398; x_wconf 87' lang='grc' dir='ltr'>Υἱοῦ</span> <span class='ocrx_word' id='word_1_191' title='bbox 1354 2347 1417 2398; x_wconf 77' lang='grc' dir='ltr'><strong>τὸ</strong></span> <span class='ocrx_word' id='word_1_192' title='bbox 1449 2346 1699 2415; x_wconf 83' lang='grc' dir='ltr'>Πνεῦμα,</span> <span class='ocrx_word' id='word_1_193' title='bbox 1734 2348 1797 2398; x_wconf 81' lang='grc' dir='ltr'>ἐκ</span> <span class='ocrx_word' id='word_1_194' title='bbox 1823 2348 1920 2414; x_wconf 72' lang='grc' dir='ltr'>τῆς</span> 
     </span>
    </p>
   </div>
   <div class='ocr_carea' id='block_1_27' title="bbox 332 2436 1918 2508">
    <p class='ocr_par' dir='ltr' id='par_1_27' title="bbox 332 2436 1918 2508">
     <span class='ocr_line' id='line_1_27' title="bbox 332 2436 1918 2508; baseline 0.001 -20"><span class='ocrx_word' id='word_1_195' title='bbox 332 2436 637 2503; x_wconf 73' lang='grc' dir='ltr'>ἀναλογίας</span> <span class='ocrx_word' id='word_1_196' title='bbox 658 2437 753 2488; x_wconf 88' lang='grc' dir='ltr'><strong>τοῦ</strong></span> <span class='ocrx_word' id='word_1_197' title='bbox 784 2438 921 2507; x_wconf 80' lang='grc' dir='ltr'>πρὸς</span> <span class='ocrx_word' id='word_1_198' title='bbox 950 2441 1039 2489; x_wconf 71' lang='grc' dir='ltr'><strong>τὸν</strong></span> <span class='ocrx_word' id='word_1_199' title='bbox 1069 2439 1293 2508; x_wconf 81' lang='grc' dir='ltr'>Πατέρα</span> <span class='ocrx_word' id='word_1_200' title='bbox 1330 2439 1637 2508; x_wconf 82' lang='grc' dir='ltr'>δευτερείου</span> <span class='ocrx_word' id='word_1_201' title='bbox 1663 2439 1755 2490; x_wconf 87' lang='grc' dir='ltr'><strong>τοῦ</strong></span> <span class='ocrx_word' id='word_1_202' title='bbox 1790 2438 1918 2490; x_wconf 82' lang='grc' dir='ltr'>Υίοῦ</span> 
     </span>
    </p>
   </div>
   <div class='ocr_carea' id='block_1_28' title="bbox 334 2526 1920 2597">
    <p class='ocr_par' dir='ltr' id='par_1_28' title="bbox 334 2526 1920 2597">
     <span class='ocr_line' id='line_1_28' title="bbox 334 2526 1920 2597; baseline 0.001 -19"><span class='ocrx_word' id='word_1_203' title='bbox 334 2526 628 2596; x_wconf 77' lang='grc' dir='ltr'>συνίστησι</span> <span class='ocrx_word' id='word_1_204' title='bbox 661 2526 840 2580; x_wconf 87' lang='grc' dir='ltr'>τοῦτο.</span> <span class='ocrx_word' id='word_1_205' title='bbox 873 2528 1012 2596; x_wconf 70' lang='grc' dir='ltr'>Φησὶ</span> <span class='ocrx_word' id='word_1_206' title='bbox 1051 2534 1181 2596; x_wconf 75' lang='grc' dir='ltr'>γαρ,</span> <span class='ocrx_word' id='word_1_207' title='bbox 1227 2529 1300 2590; x_wconf 81' lang='grc' dir='ltr'>ὡς</span> <span class='ocrx_word' id='word_1_208' title='bbox 1348 2529 1409 2581; x_wconf 85' lang='grc' dir='ltr'>Εί</span> <span class='ocrx_word' id='word_1_209' title='bbox 1457 2529 1549 2580; x_wconf 53' lang='grc' dir='ltr'><strong>καὶ⁸</strong></span> <span class='ocrx_word' id='word_1_210' title='bbox 1610 2528 1920 2597; x_wconf 69' lang='grc' dir='ltr'>ὑποϐεϐηκε</span> 
     </span>
    </p>
   </div>
   <div class='ocr_carea' id='block_1_29' title="bbox 333 2617 1921 2689">
    <p class='ocr_par' dir='ltr' id='par_1_29' title="bbox 333 2617 1921 2689">
     <span class='ocr_line' id='line_1_29' title="bbox 333 2617 1921 2689; baseline 0 -20"><span class='ocrx_word' id='word_1_211' title='bbox 333 2617 430 2670; x_wconf 82' lang='grc' dir='ltr'><strong>τὸν</strong></span> <span class='ocrx_word' id='word_1_212' title='bbox 458 2618 588 2672; x_wconf 74' lang='grc' dir='ltr'>Υεὸν</span> <span class='ocrx_word' id='word_1_213' title='bbox 629 2622 696 2689; x_wconf 85' lang='grc' dir='ltr'>τῇ</span> <span class='ocrx_word' id='word_1_214' title='bbox 752 2619 907 2682; x_wconf 79' lang='grc' dir='ltr'>τάξει</span> <span class='ocrx_word' id='word_1_215' title='bbox 941 2623 1032 2672; x_wconf 83' lang='grc' dir='ltr'><strong>καί</strong></span> <span class='ocrx_word' id='word_1_216' title='bbox 1081 2622 1159 2689; x_wconf 77' lang='grc' dir='ltr'>τῷ</span> <span class='ocrx_word' id='word_1_217' title='bbox 1197 2620 1494 2684; x_wconf 59' lang='grc' dir='ltr'>ἀξιώματι,</span> <span class='ocrx_word' id='word_1_218' title='bbox 1529 2619 1715 2672; x_wconf 82' lang='grc' dir='ltr'>οὐκέτι</span> <span class='ocrx_word' id='word_1_219' title='bbox 1754 2620 1816 2670; x_wconf 83' lang='grc' dir='ltr'><strong>ἂν</strong></span> <span class='ocrx_word' id='word_1_220' title='bbox 1846 2618 1921 2680; x_wconf 85' lang='grc' dir='ltr'>ὼς</span> 
     </span>
    </p>
   </div>
   <div class='ocr_carea' id='block_1_30' title="bbox 333 2709 1919 2782">
    <p class='ocr_par' dir='ltr' id='par_1_30' title="bbox 333 2709 1919 2782">
     <span class='ocr_line' id='line_1_30' title="bbox 333 2709 1919 2782; baseline -0.001 -19"><span class='ocrx_word' id='word_1_221' title='bbox 333 2709 634 2780; x_wconf 69' lang='grc' dir='ltr'>ἀλλοτρίας</span> <span class='ocrx_word' id='word_1_222' title='bbox 694 2710 943 2780; x_wconf 79' lang='grc' dir='ltr'>ὑπάρχον</span> <span class='ocrx_word' id='word_1_223' title='bbox 991 2710 1207 2779; x_wconf 80' lang='grc' dir='ltr'>φύσεως</span> <span class='ocrx_word' id='word_1_224' title='bbox 1261 2710 1607 2782; x_wconf 73' lang='grc' dir='ltr'>ὑποϐέϐηκεν</span> <span class='ocrx_word' id='word_1_225' title='bbox 1659 2711 1821 2762; x_wconf 72' lang='grc' dir='ltr'>αὑτὸν</span> <span class='ocrx_word' id='word_1_226' title='bbox 1854 2711 1919 2778; x_wconf 81' lang='grc' dir='ltr'>τῇ</span> 
     </span>
    </p>
   </div>
   <div class='ocr_carea' id='block_1_31' title="bbox 334 2800 1922 2872">
    <p class='ocr_par' dir='ltr' id='par_1_31' title="bbox 334 2800 1922 2872">
     <span class='ocr_line' id='line_1_31' title="bbox 334 2800 1922 2872; baseline 0.001 -21"><span class='ocrx_word' id='word_1_227' title='bbox 334 2800 493 2863; x_wconf 79' lang='grc' dir='ltr'>τάξει</span> <span class='ocrx_word' id='word_1_228' title='bbox 538 2800 633 2853; x_wconf 73' lang='grc' dir='ltr'><strong>καὶ</strong></span> <span class='ocrx_word' id='word_1_229' title='bbox 664 2800 742 2869; x_wconf 75' lang='grc' dir='ltr'>τῷ</span> <span class='ocrx_word' id='word_1_230' title='bbox 782 2801 1057 2871; x_wconf 82' lang='grc' dir='ltr'>ἀξιώματι</span> <span class='ocrx_word' id='word_1_231' title='bbox 1085 2819 1098 2833; x_wconf 74' lang='grc'><strong><em>⁸</em></strong></span> <span class='ocrx_word' id='word_1_232' title='bbox 1140 2804 1266 2855; x_wconf 73' lang='grc' dir='ltr'>ἐπεὶ</span> <span class='ocrx_word' id='word_1_233' title='bbox 1313 2804 1407 2856; x_wconf 76' lang='grc' dir='ltr'>καὶ</span> <span class='ocrx_word' id='word_1_234' title='bbox 1449 2804 1478 2854; x_wconf 91' lang='grc' dir='ltr'><strong>ό</strong></span> <span class='ocrx_word' id='word_1_235' title='bbox 1514 2802 1638 2865; x_wconf 71' lang='grc' dir='ltr'>Υἱὸς</span> <span class='ocrx_word' id='word_1_236' title='bbox 1672 2802 1922 2872; x_wconf 78' lang='grc' dir='ltr'>δευτερος</span> 
     </span>
    </p>
   </div>
   <div class='ocr_carea' id='block_1_32' title="bbox 336 2889 1920 2961">
    <p class='ocr_par' dir='ltr' id='par_1_32' title="bbox 336 2889 1920 2961">
     <span class='ocr_line' id='line_1_32' title="bbox 336 2889 1920 2961; baseline -0.003 -17"><span class='ocrx_word' id='word_1_237' title='bbox 336 2890 421 2944; x_wconf 83' lang='grc' dir='ltr'><strong>ῶν</strong></span> <span class='ocrx_word' id='word_1_238' title='bbox 450 2889 544 2943; x_wconf 87' lang='grc' dir='ltr'><strong>τοῦ</strong></span> <span class='ocrx_word' id='word_1_239' title='bbox 579 2891 794 2959; x_wconf 78' lang='grc' dir='ltr'>Πατρὸς</span> <span class='ocrx_word' id='word_1_240' title='bbox 821 2893 889 2961; x_wconf 81' lang='grc' dir='ltr'>τῇ</span> <span class='ocrx_word' id='word_1_241' title='bbox 934 2890 1081 2954; x_wconf 82' lang='grc' dir='ltr'>τάξει</span> <span class='ocrx_word' id='word_1_242' title='bbox 1106 2893 1198 2946; x_wconf 78' lang='grc' dir='ltr'><strong>καὶ</strong></span> <span class='ocrx_word' id='word_1_243' title='bbox 1253 2892 1331 2960; x_wconf 80' lang='grc' dir='ltr'><strong>τῷ</strong></span> <span class='ocrx_word' id='word_1_244' title='bbox 1384 2891 1683 2959; x_wconf 80' lang='grc' dir='ltr'>ἀξιώματι,</span> <span class='ocrx_word' id='word_1_245' title='bbox 1735 2889 1920 2941; x_wconf 66' lang='grc' dir='ltr'>οὐκέτι</span> 
     </span>
    </p>
   </div>
   <div class='ocr_carea' id='block_1_33' title="bbox 338 2981 1920 3053">
    <p class='ocr_par' dir='ltr' id='par_1_33' title="bbox 338 2981 1920 3053">
     <span class='ocr_line' id='line_1_33' title="bbox 338 2981 1920 3053; baseline -0.003 -18"><span class='ocrx_word' id='word_1_246' title='bbox 338 2983 441 3035; x_wconf 71' lang='grc' dir='ltr'><strong>καὶ</strong></span> <span class='ocrx_word' id='word_1_247' title='bbox 470 2983 634 3051; x_wconf 70' lang='grc' dir='ltr'>φύσει</span> <span class='ocrx_word' id='word_1_248' title='bbox 657 2983 777 3036; x_wconf 79' lang='grc' dir='ltr'>ἐστὶ</span> <span class='ocrx_word' id='word_1_249' title='bbox 805 2982 1079 3053; x_wconf 84' lang='grc' dir='ltr'>δεύτερος.</span> <span class='ocrx_word' id='word_1_250' title='bbox 1117 2984 1227 3035; x_wconf 74' lang='grc' dir='ltr'>Καὶ</span> <span class='ocrx_word' id='word_1_251' title='bbox 1269 2981 1661 3051; x_wconf 73' lang='grc' dir='ltr'>ὲφερμηνεῦων</span> <span class='ocrx_word' id='word_1_252' title='bbox 1707 2981 1733 3031; x_wconf 83' lang='grc' dir='ltr'>ὁ</span> <span class='ocrx_word' id='word_1_253' title='bbox 1769 2981 1920 3047; x_wconf 73' lang='grc' dir='ltr'>ἅγιος</span> 
     </span>
    </p>
   </div>
   <div class='ocr_carea' id='block_1_34' title="bbox 2012 518 3589 589">
    <p class='ocr_par' dir='ltr' id='par_1_34' title="bbox 2012 518 3589 589">
     <span class='ocr_line' id='line_1_34' title="bbox 2012 518 3589 589; baseline -0.001 -16"><span class='ocrx_word' id='word_1_254' title='bbox 2012 520 2078 574; x_wconf 88' lang='lat' dir='ltr'><strong>tis</strong></span> <span class='ocrx_word' id='word_1_255' title='bbox 2096 522 2301 589; x_wconf 81' lang='lat' dir='ltr'><strong>Spiritu</strong></span> <span class='ocrx_word' id='word_1_256' title='bbox 2328 536 2515 573; x_wconf 82' lang='lat' dir='ltr'><strong>eorum</strong></span> <span class='ocrx_word' id='word_1_257' title='bbox 2540 519 2893 589; x_wconf 74' lang='lat' dir='ltr'><strong>cogitationes</strong></span> <span class='ocrx_word' id='word_1_258' title='bbox 2922 519 3288 583; x_wconf 76' lang='lat' dir='ltr'><strong>subvertente,</strong></span> <span class='ocrx_word' id='word_1_259' title='bbox 3319 518 3473 584; x_wconf 91' lang='lat' dir='ltr'><strong>illud,</strong></span> <span class='ocrx_word' id='word_1_260' title='bbox 3509 538 3527 570; x_wconf 81' lang='grc' dir='ltr'><strong>ι</strong></span> <span class='ocrx_word' id='word_1_261' title='bbox 3559 534 3589 572; x_wconf 89' lang='lat' dir='ltr'><strong>a</strong></span> 
     </span>
    </p>
   </div>
   <div class='ocr_carea' id='block_1_35' title="bbox 2010 609 3590 681">
    <p class='ocr_par' dir='ltr' id='par_1_35' title="bbox 2010 609 3590 681">
     <span class='ocr_line' id='line_1_35' title="bbox 2010 609 3590 681; baseline -0.001 -16"><span class='ocrx_word' id='word_1_262' title='bbox 2010 609 2145 665; x_wconf 79' lang='lat' dir='ltr'><strong>Filio</strong></span> <span class='ocrx_word' id='word_1_263' title='bbox 2175 628 2297 667; x_wconf 86' lang='lat' dir='ltr'><strong>esse</strong></span> <span class='ocrx_word' id='word_1_264' title='bbox 2329 611 2614 681; x_wconf 87' lang='lat' dir='ltr'><strong>Spiritum,</strong></span> <span class='ocrx_word' id='word_1_265' title='bbox 2657 631 2676 662; x_wconf 74' lang='grc' dir='ltr'><strong>ι</strong></span> <span class='ocrx_word' id='word_1_266' title='bbox 2715 627 2777 665; x_wconf 68' lang='lat' dir='ltr'><strong>ex</strong></span> <span class='ocrx_word' id='word_1_267' title='bbox 2810 614 3058 666; x_wconf 88' lang='lat' dir='ltr'><strong>oratione</strong></span> <span class='ocrx_word' id='word_1_268' title='bbox 3109 612 3460 679; x_wconf 87' lang='lat' dir='ltr'><strong>abrogarunt,</strong></span> <span class='ocrx_word' id='word_1_269' title='bbox 3492 610 3590 665; x_wconf 86' lang='lat' dir='ltr'><strong>sed</strong></span> 
     </span>
    </p>
   </div>
   <div class='ocr_carea' id='block_1_36' title="bbox 2016 703 3589 768">
    <p class='ocr_par' dir='ltr' id='par_1_36' title="bbox 2016 703 3589 768">
     <span class='ocr_line' id='line_1_36' title="bbox 2016 703 3589 768; baseline 0.002 -13"><span class='ocrx_word' id='word_1_270' title='bbox 2016 722 2032 754; x_wconf 84' lang='grc' dir='ltr'><strong>ι</strong></span> <span class='ocrx_word' id='word_1_271' title='bbox 2059 704 2360 757; x_wconf 72' lang='lat' dir='ltr'><strong>Secundum</strong></span> <span class='ocrx_word' id='word_1_272' title='bbox 2391 720 2513 758; x_wconf 91' lang='lat' dir='ltr'><strong>esse</strong></span> <span class='ocrx_word' id='word_1_273' title='bbox 2536 719 2659 757; x_wconf 86' lang='lat' dir='ltr'><strong>eum</strong></span> <span class='ocrx_word' id='word_1_274' title='bbox 2690 720 2718 756; x_wconf 87' lang='lat' dir='ltr'><strong>a</strong></span> <span class='ocrx_word' id='word_1_275' title='bbox 2764 703 2924 768; x_wconf 81' lang='lat' dir='ltr'><strong>Filio,</strong></span> <span class='ocrx_word' id='word_1_276' title='bbox 2968 720 2986 754; x_wconf 85' lang='grc'><strong>›</strong></span> <span class='ocrx_word' id='word_1_277' title='bbox 3045 703 3098 757; x_wconf 92' lang='lat' dir='ltr'><strong>in</strong></span> <span class='ocrx_word' id='word_1_278' title='bbox 3133 704 3388 758; x_wconf 85' lang='lat' dir='ltr'><strong>omnibus</strong></span> <span class='ocrx_word' id='word_1_279' title='bbox 3436 703 3589 758; x_wconf 83' lang='lat' dir='ltr'><strong>libris</strong></span> 
     </span>
    </p>
   </div>
   <div class='ocr_carea' id='block_1_37' title="bbox 2011 793 3592 866">
    <p class='ocr_par' dir='ltr' id='par_1_37' title="bbox 2011 793 3592 866">
     <span class='ocr_line' id='line_1_37' title="bbox 2011 793 3592 866; baseline -0.001 -17"><span class='ocrx_word' id='word_1_280' title='bbox 2011 796 2352 866; x_wconf 85' lang='lat' dir='ltr'><strong>descriptum</strong></span> <span class='ocrx_word' id='word_1_281' title='bbox 2405 796 2768 863; x_wconf 85' lang='lat' dir='ltr'><strong>reliquerunt.</strong></span> <span class='ocrx_word' id='word_1_282' title='bbox 2805 793 3040 863; x_wconf 84' lang='lat' dir='ltr'><strong>Indeque</strong></span> <span class='ocrx_word' id='word_1_283' title='bbox 3070 796 3161 863; x_wconf 91' lang='lat' dir='ltr'><strong>qui</strong></span> <span class='ocrx_word' id='word_1_284' title='bbox 3188 795 3459 862; x_wconf 79' lang='lat' dir='ltr'><strong>sapientes</strong></span> <span class='ocrx_word' id='word_1_285' title='bbox 3498 809 3592 862; x_wconf 85' lang='lat' dir='ltr'><strong>ap-</strong></span> 
     </span>
    </p>
   </div>
   <div class='ocr_carea' id='block_1_38' title="bbox 2012 886 3593 958">
    <p class='ocr_par' dir='ltr' id='par_1_38' title="bbox 2012 886 3593 958">
     <span class='ocr_line' id='line_1_38' title="bbox 2012 886 3593 958; baseline 0.001 -18"><span class='ocrx_word' id='word_1_286' title='bbox 2012 888 2301 958; x_wconf 66' lang='lat' dir='ltr'><strong>prehendit.</strong></span> <span class='ocrx_word' id='word_1_287' title='bbox 2341 888 2392 941; x_wconf 90' lang='lat' dir='ltr'><strong>in</strong></span> <span class='ocrx_word' id='word_1_288' title='bbox 2427 888 2725 942; x_wconf 88' lang='lat' dir='ltr'><strong>calliditate</strong></span> <span class='ocrx_word' id='word_1_289' title='bbox 2784 901 2996 947; x_wconf 87' lang='lat' dir='ltr'><strong>eorum,</strong></span> <span class='ocrx_word' id='word_1_290' title='bbox 3059 886 3345 955; x_wconf 83' lang='lat' dir='ltr'><strong>diligenter</strong></span> <span class='ocrx_word' id='word_1_291' title='bbox 3391 886 3593 941; x_wconf 79' lang='lat' dir='ltr'><strong>similia</strong></span> 
     </span>
    </p>
   </div>
   <div class='ocr_carea' id='block_1_39' title="bbox 2011 977 3592 1046">
    <p class='ocr_par' dir='ltr' id='par_1_39' title="bbox 2011 977 3592 1046">
     <span class='ocr_line' id='line_1_39' title="bbox 2011 977 3592 1046; baseline -0.001 -12"><span class='ocrx_word' id='word_1_292' title='bbox 2011 981 2450 1035; x_wconf 76' lang='lat' dir='ltr'><strong>examinautibus</strong></span> <span class='ocrx_word' id='word_1_293' title='bbox 2501 980 2744 1033; x_wconf 80' lang='lat' dir='ltr'><strong>fraudem</strong></span> <span class='ocrx_word' id='word_1_294' title='bbox 2796 977 3258 1046; x_wconf 84' lang='lat' dir='ltr'><strong>comprehendere</strong></span> <span class='ocrx_word' id='word_1_295' title='bbox 3314 980 3592 1034; x_wconf 81' lang='lat' dir='ltr'><strong>concedit.</strong></span> 
     </span>
    </p>
   </div>
   <div class='ocr_carea' id='block_1_40' title="bbox 2011 1054 3595 1142">
    <p class='ocr_par' dir='ltr' id='par_1_40' title="bbox 2011 1054 3595 1142">
     <span class='ocr_line' id='line_1_40' title="bbox 2011 1054 3595 1142; baseline -0.004 -15"><span class='ocrx_word' id='word_1_296' title='bbox 2011 1073 2259 1142; x_wconf 86' lang='lat' dir='ltr'><strong>Namque</strong></span> <span class='ocrx_word' id='word_1_297' title='bbox 2304 1072 2452 1126; x_wconf 91' lang='lat' dir='ltr'><strong>nulla</strong></span> <span class='ocrx_word' id='word_1_298' title='bbox 2477 1072 2584 1125; x_wconf 88' lang='lat' dir='ltr'><strong>alia</strong></span> <span class='ocrx_word' id='word_1_299' title='bbox 2614 1054 2828 1125; x_wconf 82' lang='lat' dir='ltr'><strong>ratione</strong></span> <span class='ocrx_word' id='word_1_300' title='bbox 2864 1070 3140 1124; x_wconf 90' lang='lat' dir='ltr'><strong>dicturum</strong></span> <span class='ocrx_word' id='word_1_301' title='bbox 3178 1084 3417 1138; x_wconf 88' lang='lat' dir='ltr'><strong>unquam</strong></span> <span class='ocrx_word' id='word_1_302' title='bbox 3446 1068 3595 1122; x_wconf 81' lang='lat' dir='ltr'><strong>Basi-</strong></span> 
     </span>
    </p>
   </div>
   <div class='ocr_carea' id='block_1_41' title="bbox 2015 1159 3599 1239">
    <p class='ocr_par' dir='ltr' id='par_1_41' title="bbox 2015 1159 3599 1239">
     <span class='ocr_line' id='line_1_41' title="bbox 2015 1159 3599 1239; baseline -0.004 -20"><span class='ocrx_word' id='word_1_303' title='bbox 2015 1166 2153 1239; x_wconf 82' lang='lat' dir='ltr'><strong>lium</strong></span> <span class='ocrx_word' id='word_1_304' title='bbox 2172 1179 2427 1235; x_wconf 83' lang='lat' dir='ltr'><strong>magnum</strong></span> <span class='ocrx_word' id='word_1_305' title='bbox 2466 1162 2726 1233; x_wconf 85' lang='lat' dir='ltr'><strong>Spiritum</strong></span> <span class='ocrx_word' id='word_1_306' title='bbox 2761 1161 3066 1216; x_wconf 88' lang='lat' dir='ltr'><strong>secundum</strong></span> <span class='ocrx_word' id='word_1_307' title='bbox 3099 1175 3221 1216; x_wconf 85' lang='lat' dir='ltr'><strong>esse</strong></span> <span class='ocrx_word' id='word_1_308' title='bbox 3262 1176 3293 1215; x_wconf 89' lang='lat' dir='ltr'><strong>a</strong></span> <span class='ocrx_word' id='word_1_309' title='bbox 3324 1159 3480 1222; x_wconf 72' lang='lat' dir='ltr'><strong>Filio,</strong></span> <span class='ocrx_word' id='word_1_310' title='bbox 3510 1175 3599 1213; x_wconf 84' lang='lat' dir='ltr'><strong>ar-</strong></span> 
     </span>
    </p>
   </div>
   <div class='ocr_carea' id='block_1_42' title="bbox 2014 1253 3592 1327">
    <p class='ocr_par' dir='ltr' id='par_1_42' title="bbox 2014 1253 3592 1327">
     <span class='ocr_line' id='line_1_42' title="bbox 2014 1253 3592 1327; baseline -0.003 -17"><span class='ocrx_word' id='word_1_311' title='bbox 2014 1259 2317 1327; x_wconf 87' lang='lat' dir='ltr'><strong>gumentari</strong></span> <span class='ocrx_word' id='word_1_312' title='bbox 2377 1257 2500 1310; x_wconf 91' lang='lat' dir='ltr'><strong>licet</strong></span> <span class='ocrx_word' id='word_1_313' title='bbox 2535 1271 2599 1310; x_wconf 77' lang='lat' dir='ltr'><strong>ex</strong></span> <span class='ocrx_word' id='word_1_314' title='bbox 2631 1255 2751 1320; x_wconf 91' lang='lat' dir='ltr'><strong>his,</strong></span> <span class='ocrx_word' id='word_1_315' title='bbox 2791 1270 2913 1325; x_wconf 63' lang='lat' dir='ltr'><strong>quae</strong></span> <span class='ocrx_word' id='word_1_316' title='bbox 2956 1257 3081 1325; x_wconf 29' lang='lat' dir='ltr'><strong>ipse)</strong></span> <span class='ocrx_word' id='word_1_317' title='bbox 3105 1253 3266 1309; x_wconf 89' lang='lat' dir='ltr'><strong>dictis</strong></span> <span class='ocrx_word' id='word_1_318' title='bbox 3310 1254 3592 1307; x_wconf 80' lang='lat' dir='ltr'><strong>annectit:</strong></span> 
     </span>
    </p>
   </div>
   <div class='ocr_carea' id='block_1_43' title="bbox 2016 1341 3599 1412">
    <p class='ocr_par' dir='ltr' id='par_1_43' title="bbox 2016 1341 3599 1412">
     <span class='ocr_line' id='line_1_43' title="bbox 2016 1341 3599 1412; baseline 0 -16"><span class='ocrx_word' id='word_1_319' title='bbox 2016 1341 2157 1396; x_wconf 76' lang='lat' dir='ltr'><strong>intra</strong></span> <span class='ocrx_word' id='word_1_320' title='bbox 2189 1344 2334 1398; x_wconf 86' lang='lat' dir='ltr'><strong>enim</strong></span> <span class='ocrx_word' id='word_1_321' title='bbox 2366 1344 2483 1398; x_wconf 77' lang='lat' dir='ltr'><strong>haec</strong></span> <span class='ocrx_word' id='word_1_322' title='bbox 2508 1343 2673 1398; x_wconf 86' lang='lat' dir='ltr'><strong>habet</strong></span> <span class='ocrx_word' id='word_1_323' title='bbox 2699 1361 2712 1397; x_wconf 91' lang='lat'><strong>:</strong></span> <span class='ocrx_word' id='word_1_324' title='bbox 2735 1361 2753 1394; x_wconf 81' lang='grc' dir='ltr'><strong>ι</strong></span> <span class='ocrx_word' id='word_1_325' title='bbox 2782 1342 2996 1397; x_wconf 83' lang='lat' dir='ltr'><strong>Etenim</strong></span> <span class='ocrx_word' id='word_1_326' title='bbox 3026 1343 3485 1412; x_wconf 88' lang='lat' dir='ltr'><strong>quemadmodum</strong></span> <span class='ocrx_word' id='word_1_327' title='bbox 3510 1343 3599 1397; x_wconf 89' lang='lat' dir='ltr'><strong>Fi-</strong></span> 
     </span>
    </p>
   </div>
   <div class='ocr_carea' id='block_1_44' title="bbox 2017 1433 3602 1505">
    <p class='ocr_par' dir='ltr' id='par_1_44' title="bbox 2017 1433 3602 1505">
     <span class='ocr_line' id='line_1_44' title="bbox 2017 1433 3602 1505; baseline 0.001 -17"><span class='ocrx_word' id='word_1_328' title='bbox 2017 1435 2120 1488; x_wconf 89' lang='lat' dir='ltr'><strong>lius</strong></span> <span class='ocrx_word' id='word_1_329' title='bbox 2142 1435 2333 1488; x_wconf 85' lang='lat' dir='ltr'><strong>ordine</strong></span> <span class='ocrx_word' id='word_1_330' title='bbox 2355 1442 2411 1488; x_wconf 88' lang='lat' dir='ltr'><strong>et</strong></span> <span class='ocrx_word' id='word_1_331' title='bbox 2441 1434 2701 1505; x_wconf 75' lang='lat' dir='ltr'><strong>dignitate</strong></span> <span class='ocrx_word' id='word_1_332' title='bbox 2720 1450 2759 1499; x_wconf 91' lang='lat' dir='ltr'><strong>_a</strong></span> <span class='ocrx_word' id='word_1_333' title='bbox 2788 1433 2951 1489; x_wconf 89' lang='lat' dir='ltr'><strong>Patre</strong></span> <span class='ocrx_word' id='word_1_334' title='bbox 2985 1436 3256 1490; x_wconf 89' lang='lat' dir='ltr'><strong>secundus</strong></span> <span class='ocrx_word' id='word_1_335' title='bbox 3275 1444 3376 1498; x_wconf 87' lang='lat' dir='ltr'><strong>est,</strong></span> <span class='ocrx_word' id='word_1_336' title='bbox 3409 1434 3602 1489; x_wconf 85' lang='lat' dir='ltr'><strong>ordine</strong></span> 
     </span>
    </p>
   </div>
   <div class='ocr_carea' id='block_1_45' title="bbox 2016 1525 3600 1597">
    <p class='ocr_par' dir='ltr' id='par_1_45' title="bbox 2016 1525 3600 1597">
     <span class='ocr_line' id='line_1_45' title="bbox 2016 1525 3600 1597; baseline 0.001 -20"><span class='ocrx_word' id='word_1_337' title='bbox 2016 1526 2258 1594; x_wconf 79' lang='lat' dir='ltr'><strong>quidem,</strong></span> <span class='ocrx_word' id='word_1_338' title='bbox 2286 1525 2429 1594; x_wconf 90' lang='lat' dir='ltr'><strong>quod</strong></span> <span class='ocrx_word' id='word_1_339' title='bbox 2451 1541 2513 1578; x_wconf 83' lang='lat' dir='ltr'><strong>ex</strong></span> <span class='ocrx_word' id='word_1_340' title='bbox 2539 1541 2605 1579; x_wconf 90' lang='lat' dir='ltr'><strong>eo</strong></span> <span class='ocrx_word' id='word_1_341' title='bbox 2627 1526 3013 1597; x_wconf 84' lang='lat' dir='ltr'><strong>est,dignitate</strong></span> <span class='ocrx_word' id='word_1_342' title='bbox 3043 1541 3192 1589; x_wconf 80' lang='lat' dir='ltr'><strong>vero,</strong></span> <span class='ocrx_word' id='word_1_343' title='bbox 3219 1526 3366 1594; x_wconf 88' lang='lat' dir='ltr'><strong>quod</strong></span> <span class='ocrx_word' id='word_1_344' title='bbox 3398 1525 3600 1594; x_wconf 88' lang='lat' dir='ltr'><strong>princi-</strong></span> 
     </span>
    </p>
   </div>
   <div class='ocr_carea' id='block_1_46' title="bbox 2018 1615 3603 1686">
    <p class='ocr_par' dir='ltr' id='par_1_46' title="bbox 2018 1615 3603 1686">
     <span class='ocr_line' id='line_1_46' title="bbox 2018 1615 3603 1686; baseline 0.001 -18"><span class='ocrx_word' id='word_1_345' title='bbox 2018 1615 2168 1685; x_wconf 86' lang='lat' dir='ltr'><strong>pium</strong></span> <span class='ocrx_word' id='word_1_346' title='bbox 2199 1626 2251 1669; x_wconf 91' lang='lat' dir='ltr'><strong>et</strong></span> <span class='ocrx_word' id='word_1_347' title='bbox 2279 1631 2441 1670; x_wconf 87' lang='lat' dir='ltr'><strong>causa</strong></span> <span class='ocrx_word' id='word_1_348' title='bbox 2480 1616 2628 1671; x_wconf 91' lang='lat' dir='ltr'><strong>illius</strong></span> <span class='ocrx_word' id='word_1_349' title='bbox 2670 1616 2831 1671; x_wconf 89' lang='lat' dir='ltr'><strong>Pater</strong></span> <span class='ocrx_word' id='word_1_350' title='bbox 2861 1625 2964 1677; x_wconf 90' lang='lat' dir='ltr'><strong>cst.</strong></span> <span class='ocrx_word' id='word_1_351' title='bbox 3011 1632 3076 1672; x_wconf 88' lang='lat' dir='ltr'><strong>eo</strong></span> <span class='ocrx_word' id='word_1_352' title='bbox 3125 1617 3267 1686; x_wconf 87' lang='lat' dir='ltr'><strong>quod</strong></span> <span class='ocrx_word' id='word_1_353' title='bbox 3301 1632 3393 1686; x_wconf 88' lang='lat' dir='ltr'><strong>per</strong></span> <span class='ocrx_word' id='word_1_354' title='bbox 3421 1616 3603 1686; x_wconf 88' lang='lat' dir='ltr'><strong>ipsum</strong></span> 
     </span>
    </p>
   </div>
   <div class='ocr_carea' id='block_1_47' title="bbox 2019 1706 3604 1763">
    <p class='ocr_par' dir='ltr' id='par_1_47' title="bbox 2019 1706 3604 1763">
     <span class='ocr_line' id='line_1_47' title="bbox 2019 1706 3604 1763; baseline 0.001 -2"><span class='ocrx_word' id='word_1_355' title='bbox 2019 1723 2274 1762; x_wconf 79' lang='lat' dir='ltr'><strong>accessus</strong></span> <span class='ocrx_word' id='word_1_356' title='bbox 2302 1718 2354 1762; x_wconf 91' lang='lat' dir='ltr'><strong>et</strong></span> <span class='ocrx_word' id='word_1_357' title='bbox 2402 1708 2661 1763; x_wconf 87' lang='lat' dir='ltr'><strong>adductio</strong></span> <span class='ocrx_word' id='word_1_358' title='bbox 2692 1707 2759 1761; x_wconf 87' lang='lat' dir='ltr'><strong>ad</strong></span> <span class='ocrx_word' id='word_1_359' title='bbox 2796 1707 2963 1763; x_wconf 89' lang='lat' dir='ltr'><strong>Deum</strong></span> <span class='ocrx_word' id='word_1_360' title='bbox 2993 1706 3212 1762; x_wconf 86' lang='lat' dir='ltr'><strong>Patrem</strong></span> <span class='ocrx_word' id='word_1_361' title='bbox 3238 1724 3253 1762; x_wconf 91' lang='lat'><strong>:</strong></span> <span class='ocrx_word' id='word_1_362' title='bbox 3282 1719 3480 1763; x_wconf 89' lang='lat' dir='ltr'><strong>natura</strong></span> <span class='ocrx_word' id='word_1_363' title='bbox 3506 1723 3604 1763; x_wconf 90' lang='lat' dir='ltr'><strong>au-</strong></span> 
     </span>
    </p>
   </div>
   <div class='ocr_carea' id='block_1_48' title="bbox 2021 1781 3604 1868">
    <p class='ocr_par' dir='ltr' id='par_1_48' title="bbox 2021 1781 3604 1868">
     <span class='ocr_line' id='line_1_48' title="bbox 2021 1781 3604 1868; baseline -0.001 -15"><span class='ocrx_word' id='word_1_364' title='bbox 2021 1811 2125 1853; x_wconf 84' lang='lat' dir='ltr'><strong>tem</strong></span> <span class='ocrx_word' id='word_1_365' title='bbox 2165 1800 2312 1853; x_wconf 89' lang='lat' dir='ltr'><strong>nullo</strong></span> <span class='ocrx_word' id='word_1_366' title='bbox 2339 1799 2499 1854; x_wconf 87' lang='lat' dir='ltr'><strong>modo</strong></span> <span class='ocrx_word' id='word_1_367' title='bbox 2527 1799 2825 1861; x_wconf 85' lang='lat' dir='ltr'><strong>secundus.</strong></span> <span class='ocrx_word' id='word_1_368' title='bbox 2851 1799 2998 1868; x_wconf 90' lang='lat' dir='ltr'><strong>quod</strong></span> <span class='ocrx_word' id='word_1_369' title='bbox 3050 1798 3232 1854; x_wconf 85' lang='lat' dir='ltr'><strong>Deitas</strong></span> <span class='ocrx_word' id='word_1_370' title='bbox 3278 1799 3333 1853; x_wconf 90' lang='lat' dir='ltr'><strong>in</strong></span> <span class='ocrx_word' id='word_1_371' title='bbox 3369 1781 3604 1868; x_wconf 72' lang='lat' dir='ltr'><strong>utroque</strong></span> 
     </span>
    </p>
   </div>
   <div class='ocr_carea' id='block_1_49' title="bbox 2020 1888 3605 1961">
    <p class='ocr_par' dir='ltr' id='par_1_49' title="bbox 2020 1888 3605 1961">
     <span class='ocr_line' id='line_1_49' title="bbox 2020 1888 3605 1961; baseline -0.003 -15"><span class='ocrx_word' id='word_1_372' title='bbox 2020 1908 2148 1955; x_wconf 79' lang='lat' dir='ltr'><strong>una,</strong></span> <span class='ocrx_word' id='word_1_373' title='bbox 2200 1892 2314 1961; x_wconf 90' lang='lat' dir='ltr'><strong>pari</strong></span> <span class='ocrx_word' id='word_1_374' title='bbox 2349 1892 2564 1945; x_wconf 87' lang='lat' dir='ltr'><strong>ratione</strong></span> <span class='ocrx_word' id='word_1_375' title='bbox 2598 1891 2851 1947; x_wconf 80' lang='lat' dir='ltr'><strong>videlicet</strong></span> <span class='ocrx_word' id='word_1_376' title='bbox 2879 1900 2931 1945; x_wconf 90' lang='lat' dir='ltr'><strong>et</strong></span> <span class='ocrx_word' id='word_1_377' title='bbox 2983 1888 3220 1960; x_wconf 83' lang='lat' dir='ltr'><strong>Spiritus</strong></span> <span class='ocrx_word' id='word_1_378' title='bbox 3267 1900 3511 1956; x_wconf 86' lang='lat' dir='ltr'><strong>sanctus,</strong></span> <span class='ocrx_word' id='word_1_379' title='bbox 3540 1890 3605 1943; x_wconf 92' lang='lat' dir='ltr'><strong>li-</strong></span> 
     </span>
    </p>
   </div>
   <div class='ocr_carea' id='block_1_50' title="bbox 2020 1981 3607 2053">
    <p class='ocr_par' dir='ltr' id='par_1_50' title="bbox 2020 1981 3607 2053">
     <span class='ocr_line' id='line_1_50' title="bbox 2020 1981 3607 2053; baseline -0.002 -15"><span class='ocrx_word' id='word_1_380' title='bbox 2020 1994 2103 2038; x_wconf 88' lang='lat' dir='ltr'><strong>cet</strong></span> <span class='ocrx_word' id='word_1_381' title='bbox 2133 1984 2326 2037; x_wconf 88' lang='lat' dir='ltr'><strong>ordine</strong></span> <span class='ocrx_word' id='word_1_382' title='bbox 2347 1992 2399 2037; x_wconf 89' lang='lat' dir='ltr'><strong>et</strong></span> <span class='ocrx_word' id='word_1_383' title='bbox 2448 1984 2709 2053; x_wconf 83' lang='lat' dir='ltr'><strong>dignitate</strong></span> <span class='ocrx_word' id='word_1_384' title='bbox 2742 1982 2882 2036; x_wconf 85' lang='lat' dir='ltr'><strong>Filio</strong></span> <span class='ocrx_word' id='word_1_385' title='bbox 2907 1981 3138 2036; x_wconf 81' lang='lat' dir='ltr'><strong>inferior</strong></span> <span class='ocrx_word' id='word_1_386' title='bbox 3164 1990 3268 2048; x_wconf 87' lang='lat' dir='ltr'><strong>est,</strong></span> <span class='ocrx_word' id='word_1_387' title='bbox 3293 1997 3398 2035; x_wconf 92' lang='lat' dir='ltr'><strong>non</strong></span> <span class='ocrx_word' id='word_1_388' title='bbox 3423 1992 3607 2035; x_wconf 90' lang='lat' dir='ltr'><strong>tamen</strong></span> 
     </span>
    </p>
   </div>
   <div class='ocr_carea' id='block_1_51' title="bbox 2022 2072 3608 2142">
    <p class='ocr_par' dir='ltr' id='par_1_51' title="bbox 2022 2072 3608 2142">
     <span class='ocr_line' id='line_1_51' title="bbox 2022 2072 3608 2142; baseline -0.002 -14"><span class='ocrx_word' id='word_1_389' title='bbox 2022 2075 2145 2129; x_wconf 89' lang='lat' dir='ltr'><strong>inde</strong></span> <span class='ocrx_word' id='word_1_390' title='bbox 2185 2074 2552 2129; x_wconf 81' lang='lat' dir='ltr'><strong>rerisimiliter</strong></span> <span class='ocrx_word' id='word_1_391' title='bbox 2585 2074 2777 2131; x_wconf 65' lang='lat' dir='ltr'><strong>aliena:</strong></span> <span class='ocrx_word' id='word_1_392' title='bbox 2812 2089 2933 2130; x_wconf 85' lang='lat' dir='ltr'><strong>esse</strong></span> <span class='ocrx_word' id='word_1_393' title='bbox 2978 2082 3187 2129; x_wconf 77' lang='lat' dir='ltr'><strong>natura:</strong></span> <span class='ocrx_word' id='word_1_394' title='bbox 3220 2074 3377 2142; x_wconf 87' lang='lat' dir='ltr'><strong>sequi</strong></span> <span class='ocrx_word' id='word_1_395' title='bbox 3402 2072 3608 2126; x_wconf 84' lang='lat' dir='ltr'><strong>dixeri-</strong></span> 
     </span>
    </p>
   </div>
   <div class='ocr_carea' id='block_1_52' title="bbox 2020 2164 3608 2233">
    <p class='ocr_par' dir='ltr' id='par_1_52' title="bbox 2020 2164 3608 2233">
     <span class='ocr_line' id='line_1_52' title="bbox 2020 2164 3608 2233; baseline -0.002 -13"><span class='ocrx_word' id='word_1_396' title='bbox 2020 2183 2163 2222; x_wconf 84' lang='lat' dir='ltr'><strong>mus.</strong></span> <span class='ocrx_word' id='word_1_397' title='bbox 2190 2185 2209 2218; x_wconf 68' lang='grc' dir='ltr'><strong>ι</strong></span> <span class='ocrx_word' id='word_1_398' title='bbox 2240 2166 2577 2231; x_wconf 80' lang='lat' dir='ltr'><strong>Consideret,</strong></span> <span class='ocrx_word' id='word_1_399' title='bbox 2599 2166 2689 2221; x_wconf 84' lang='lat' dir='ltr'><strong>cui</strong></span> <span class='ocrx_word' id='word_1_400' title='bbox 2715 2166 2766 2222; x_wconf 91' lang='lat' dir='ltr'><strong>id</strong></span> <span class='ocrx_word' id='word_1_401' title='bbox 2791 2167 3114 2221; x_wconf 90' lang='lat' dir='ltr'><strong>collubitum</strong></span> <span class='ocrx_word' id='word_1_402' title='bbox 3140 2164 3320 2229; x_wconf 78' lang='lat' dir='ltr'><strong>fuerit,</strong></span> <span class='ocrx_word' id='word_1_403' title='bbox 3348 2178 3608 2233; x_wconf 83' lang='lat' dir='ltr'><strong>magnum</strong></span> 
     </span>
    </p>
   </div>
   <div class='ocr_carea' id='block_1_53' title="bbox 2021 2257 3610 2337">
    <p class='ocr_par' dir='ltr' id='par_1_53' title="bbox 2021 2257 3610 2337">
     <span class='ocr_line' id='line_1_53' title="bbox 2021 2257 3610 2337; baseline 0.001 -26"><span class='ocrx_word' id='word_1_404' title='bbox 2021 2259 2302 2324; x_wconf 79' lang='lat' dir='ltr'><strong>Basilium,</strong></span> <span class='ocrx_word' id='word_1_405' title='bbox 2339 2274 2463 2313; x_wconf 91' lang='lat' dir='ltr'><strong>cum</strong></span> <span class='ocrx_word' id='word_1_406' title='bbox 2501 2259 2733 2328; x_wconf 87' lang='lat' dir='ltr'><strong>probare</strong></span> <span class='ocrx_word' id='word_1_407' title='bbox 2772 2259 2951 2325; x_wconf 69' lang='lat' dir='ltr'><strong>vellet,</strong></span> <span class='ocrx_word' id='word_1_408' title='bbox 3013 2273 3122 2312; x_wconf 89' lang='lat' dir='ltr'><strong>non</strong></span> <span class='ocrx_word' id='word_1_409' title='bbox 3153 2272 3286 2337; x_wconf 34' lang='lat' dir='ltr'><strong>esse.</strong></span> <span class='ocrx_word' id='word_1_410' title='bbox 3306 2257 3543 2311; x_wconf 90' lang='lat' dir='ltr'><strong>alienum</strong></span> <span class='ocrx_word' id='word_1_411' title='bbox 3575 2271 3610 2312; x_wconf 82' lang='lat' dir='ltr'><strong>a</strong></span> 
     </span>
    </p>
   </div>
   <div class='ocr_carea' id='block_1_54' title="bbox 2023 2348 3604 2420">
    <p class='ocr_par' dir='ltr' id='par_1_54' title="bbox 2023 2348 3604 2420">
     <span class='ocr_line' id='line_1_54' title="bbox 2023 2348 3604 2420; baseline -0.001 -19"><span class='ocrx_word' id='word_1_412' title='bbox 2023 2352 2237 2420; x_wconf 80' lang='lat' dir='ltr'><strong>pietatis</strong></span> <span class='ocrx_word' id='word_1_413' title='bbox 2295 2353 2527 2415; x_wconf 84' lang='lat' dir='ltr'><strong>ratione,</strong></span> <span class='ocrx_word' id='word_1_414' title='bbox 2574 2351 2874 2406; x_wconf 86' lang='lat' dir='ltr'><strong>secundum</strong></span> <span class='ocrx_word' id='word_1_415' title='bbox 2914 2364 3037 2405; x_wconf 88' lang='lat' dir='ltr'><strong>esse</strong></span> <span class='ocrx_word' id='word_1_416' title='bbox 3083 2365 3115 2404; x_wconf 90' lang='lat' dir='ltr'><strong>a</strong></span> <span class='ocrx_word' id='word_1_417' title='bbox 3153 2349 3292 2403; x_wconf 86' lang='lat' dir='ltr'><strong>Filio</strong></span> <span class='ocrx_word' id='word_1_418' title='bbox 3321 2348 3604 2419; x_wconf 85' lang='lat' dir='ltr'><strong>Spiritum,</strong></span> 
     </span>
    </p>
   </div>
   <div class='ocr_carea' id='block_1_55' title="bbox 2021 2438 3610 2513">
    <p class='ocr_par' dir='ltr' id='par_1_55' title="bbox 2021 2438 3610 2513">
     <span class='ocr_line' id='line_1_55' title="bbox 2021 2438 3610 2513; baseline -0.001 -17"><span class='ocrx_word' id='word_1_419' title='bbox 2021 2444 2389 2513; x_wconf 71' lang='lat' dir='ltr'><strong>proportione,</strong></span> <span class='ocrx_word' id='word_1_420' title='bbox 2411 2459 2534 2513; x_wconf 81' lang='lat' dir='ltr'><strong>quae</strong></span> <span class='ocrx_word' id='word_1_421' title='bbox 2568 2453 2650 2499; x_wconf 85' lang='lat' dir='ltr'><strong>est</strong></span> <span class='ocrx_word' id='word_1_422' title='bbox 2669 2443 2791 2497; x_wconf 90' lang='lat' dir='ltr'><strong>Filii</strong></span> <span class='ocrx_word' id='word_1_423' title='bbox 2828 2443 2895 2496; x_wconf 91' lang='lat' dir='ltr'><strong>ad</strong></span> <span class='ocrx_word' id='word_1_424' title='bbox 2925 2442 3309 2506; x_wconf 87' lang='lat' dir='ltr'><strong>Patrem,dum</strong></span> <span class='ocrx_word' id='word_1_425' title='bbox 3338 2438 3508 2494; x_wconf 80' lang='lat' dir='ltr'><strong>Filius</strong></span> <span class='ocrx_word' id='word_1_426' title='bbox 3523 2455 3610 2495; x_wconf 76' lang='lat' dir='ltr'><strong>se-</strong></span> 
     </span>
    </p>
   </div>
   <div class='ocr_carea' id='block_1_56' title="bbox 2023 2532 3610 2605">
    <p class='ocr_par' dir='ltr' id='par_1_56' title="bbox 2023 2532 3610 2605">
     <span class='ocr_line' id='line_1_56' title="bbox 2023 2532 3610 2605; baseline -0.004 -14"><span class='ocrx_word' id='word_1_427' title='bbox 2023 2538 2229 2591; x_wconf 81' lang='lat' dir='ltr'><strong>cmnlas</strong></span> <span class='ocrx_word' id='word_1_428' title='bbox 2265 2554 2291 2588; x_wconf 91' lang='lat' dir='ltr'><strong>a</strong></span> <span class='ocrx_word' id='word_1_429' title='bbox 2320 2535 2475 2591; x_wconf 87' lang='lat' dir='ltr'><strong>Patre</strong></span> <span class='ocrx_word' id='word_1_430' title='bbox 2515 2545 2695 2605; x_wconf 90' lang='lat' dir='ltr'><strong>partes</strong></span> <span class='ocrx_word' id='word_1_431' title='bbox 2726 2535 2988 2604; x_wconf 87' lang='lat' dir='ltr'><strong>possidet,</strong></span> <span class='ocrx_word' id='word_1_432' title='bbox 3022 2533 3076 2588; x_wconf 92' lang='lat' dir='ltr'><strong>id</strong></span> <span class='ocrx_word' id='word_1_433' title='bbox 3106 2533 3487 2603; x_wconf 82' lang='lat' dir='ltr'><strong>comprobare.</strong></span> <span class='ocrx_word' id='word_1_434' title='bbox 3518 2532 3610 2585; x_wconf 83' lang='lat' dir='ltr'><strong>Ait</strong></span> 
     </span>
    </p>
   </div>
   <div class='ocr_carea' id='block_1_57' title="bbox 2023 2622 3607 2695">
    <p class='ocr_par' dir='ltr' id='par_1_57' title="bbox 2023 2622 3607 2695">
     <span class='ocr_line' id='line_1_57' title="bbox 2023 2622 3607 2695; baseline -0.004 -13"><span class='ocrx_word' id='word_1_435' title='bbox 2023 2630 2167 2683; x_wconf 88' lang='lat' dir='ltr'><strong>enim</strong></span> <span class='ocrx_word' id='word_1_436' title='bbox 2202 2645 2216 2681; x_wconf 90' lang='lat'><strong>:</strong></span> <span class='ocrx_word' id='word_1_437' title='bbox 2255 2627 2407 2682; x_wconf 89' lang='lat' dir='ltr'><strong>Licet</strong></span> <span class='ocrx_word' id='word_1_438' title='bbox 2442 2629 2632 2682; x_wconf 87' lang='lat' dir='ltr'><strong>ordine</strong></span> <span class='ocrx_word' id='word_1_439' title='bbox 2664 2635 2717 2681; x_wconf 91' lang='lat' dir='ltr'><strong>et</strong></span> <span class='ocrx_word' id='word_1_440' title='bbox 2763 2626 3026 2695; x_wconf 82' lang='lat' dir='ltr'><strong>dignitate</strong></span> <span class='ocrx_word' id='word_1_441' title='bbox 3064 2624 3203 2679; x_wconf 84' lang='lat' dir='ltr'><strong>Filio</strong></span> <span class='ocrx_word' id='word_1_442' title='bbox 3249 2623 3473 2678; x_wconf 78' lang='lat' dir='ltr'><strong>inferior</strong></span> <span class='ocrx_word' id='word_1_443' title='bbox 3511 2622 3607 2686; x_wconf 88' lang='lat' dir='ltr'><strong>sit,</strong></span> 
     </span>
    </p>
   </div>
   <div class='ocr_carea' id='block_1_58' title="bbox 2025 2714 3611 2788">
    <p class='ocr_par' dir='ltr' id='par_1_58' title="bbox 2025 2714 3611 2788">
     <span class='ocr_line' id='line_1_58' title="bbox 2025 2714 3611 2788; baseline -0.003 -16"><span class='ocrx_word' id='word_1_444' title='bbox 2025 2736 2130 2774; x_wconf 90' lang='lat' dir='ltr'><strong>non</strong></span> <span class='ocrx_word' id='word_1_445' title='bbox 2166 2721 2286 2774; x_wconf 88' lang='lat' dir='ltr'><strong>ideo</strong></span> <span class='ocrx_word' id='word_1_446' title='bbox 2321 2718 2460 2774; x_wconf 84' lang='lat' dir='ltr'><strong>Filio</strong></span> <span class='ocrx_word' id='word_1_447' title='bbox 2492 2719 2685 2773; x_wconf 88' lang='lat' dir='ltr'><strong>ordine</strong></span> <span class='ocrx_word' id='word_1_448' title='bbox 2714 2727 2767 2772; x_wconf 89' lang='lat' dir='ltr'><strong>et</strong></span> <span class='ocrx_word' id='word_1_449' title='bbox 2795 2718 3056 2788; x_wconf 84' lang='lat' dir='ltr'><strong>dignitate</strong></span> <span class='ocrx_word' id='word_1_450' title='bbox 3084 2714 3309 2770; x_wconf 79' lang='lat' dir='ltr'><strong>inferior</strong></span> <span class='ocrx_word' id='word_1_451' title='bbox 3329 2714 3611 2785; x_wconf 88' lang='lat' dir='ltr'><strong>est,quasi</strong></span> 
     </span>
    </p>
   </div>
   <div class='ocr_carea' id='block_1_59' title="bbox 2024 2806 3612 2880">
    <p class='ocr_par' dir='ltr' id='par_1_59' title="bbox 2024 2806 3612 2880">
     <span class='ocr_line' id='line_1_59' title="bbox 2024 2806 3612 2880; baseline -0.003 -14"><span class='ocrx_word' id='word_1_452' title='bbox 2024 2813 2214 2867; x_wconf 66' lang='lat' dir='ltr'><strong>alienae</strong></span> <span class='ocrx_word' id='word_1_453' title='bbox 2240 2820 2452 2866; x_wconf 77' lang='lat' dir='ltr'><strong>naturae</strong></span> <span class='ocrx_word' id='word_1_454' title='bbox 2495 2824 2762 2880; x_wconf 90' lang='lat' dir='ltr'><strong>compos:</strong></span> <span class='ocrx_word' id='word_1_455' title='bbox 2796 2810 3014 2879; x_wconf 85' lang='lat' dir='ltr'><strong>quando</strong></span> <span class='ocrx_word' id='word_1_456' title='bbox 3071 2815 3126 2863; x_wconf 91' lang='lat' dir='ltr'><strong>et</strong></span> <span class='ocrx_word' id='word_1_457' title='bbox 3171 2806 3360 2871; x_wconf 88' lang='lat' dir='ltr'><strong>Filius,</strong></span> <span class='ocrx_word' id='word_1_458' title='bbox 3411 2806 3536 2862; x_wconf 90' lang='lat' dir='ltr'><strong>licet</strong></span> <span class='ocrx_word' id='word_1_459' title='bbox 3577 2821 3612 2861; x_wconf 87' lang='lat' dir='ltr'><strong>a</strong></span> 
     </span>
    </p>
   </div>
   <div class='ocr_carea' id='block_1_60' title="bbox 2023 2900 3614 2971">
    <p class='ocr_par' dir='ltr' id='par_1_60' title="bbox 2023 2900 3614 2971">
     <span class='ocr_line' id='line_1_60' title="bbox 2023 2900 3614 2971; baseline -0.002 -15"><span class='ocrx_word' id='word_1_460' title='bbox 2023 2902 2183 2958; x_wconf 89' lang='lat' dir='ltr'><strong>Patre</strong></span> <span class='ocrx_word' id='word_1_461' title='bbox 2214 2902 2490 2957; x_wconf 88' lang='lat' dir='ltr'><strong>secundus</strong></span> <span class='ocrx_word' id='word_1_462' title='bbox 2515 2901 2588 2957; x_wconf 89' lang='lat' dir='ltr'><strong>sit</strong></span> <span class='ocrx_word' id='word_1_463' title='bbox 2616 2901 2806 2955; x_wconf 89' lang='lat' dir='ltr'><strong>ordine</strong></span> <span class='ocrx_word' id='word_1_464' title='bbox 2834 2909 2889 2955; x_wconf 92' lang='lat' dir='ltr'><strong>et</strong></span> <span class='ocrx_word' id='word_1_465' title='bbox 2917 2900 3206 2971; x_wconf 76' lang='lat' dir='ltr'><strong>dignitate,</strong></span> <span class='ocrx_word' id='word_1_466' title='bbox 3237 2913 3344 2953; x_wconf 91' lang='lat' dir='ltr'><strong>non</strong></span> <span class='ocrx_word' id='word_1_467' title='bbox 3375 2910 3458 2952; x_wconf 89' lang='lat' dir='ltr'><strong>est</strong></span> <span class='ocrx_word' id='word_1_468' title='bbox 3485 2912 3614 2966; x_wconf 86' lang='lat' dir='ltr'><strong>pro-</strong></span> 
     </span>
    </p>
   </div>
   <div class='ocr_carea' id='block_1_61' title="bbox 2026 2990 3614 3063">
    <p class='ocr_par' dir='ltr' id='par_1_61' title="bbox 2026 2990 3614 3063">
     <span class='ocr_line' id='line_1_61' title="bbox 2026 2990 3614 3063; baseline -0.004 -14"><span class='ocrx_word' id='word_1_469' title='bbox 2026 3004 2207 3063; x_wconf 83' lang='lat' dir='ltr'><strong>pterea</strong></span> <span class='ocrx_word' id='word_1_470' title='bbox 2240 3002 2293 3048; x_wconf 89' lang='lat' dir='ltr'><strong>et</strong></span> <span class='ocrx_word' id='word_1_471' title='bbox 2340 3002 2538 3047; x_wconf 85' lang='lat' dir='ltr'><strong>natura</strong></span> <span class='ocrx_word' id='word_1_472' title='bbox 2580 2990 2877 3047; x_wconf 86' lang='lat' dir='ltr'><strong>secundus.</strong></span> <span class='ocrx_word' id='word_1_473' title='bbox 2931 2990 2999 3046; x_wconf 88' lang='lat' dir='ltr'><strong>Et</strong></span> <span class='ocrx_word' id='word_1_474' title='bbox 3051 3004 3331 3060; x_wconf 85' lang='lat' dir='ltr'><strong>exponens</strong></span> <span class='ocrx_word' id='word_1_475' title='bbox 3389 2998 3614 3043; x_wconf 85' lang='lat' dir='ltr'><strong>sanctus</strong></span> 
     </span>
    </p>
   </div>
   <div class='ocr_carea' id='block_1_62' title="bbox 338 3074 1922 3159">
    <p class='ocr_par' dir='ltr' id='par_1_62' title="bbox 338 3074 1922 3144">
     <span class='ocr_line' id='line_1_62' title="bbox 338 3074 1922 3144; baseline -0.001 -19"><span class='ocrx_word' id='word_1_476' title='bbox 338 3075 436 3125; x_wconf 77' lang='grc' dir='ltr'><strong>τὸν</strong></span> <span class='ocrx_word' id='word_1_477' title='bbox 489 3074 648 3144; x_wconf 89' lang='grc' dir='ltr'>λόγον</span> <span class='ocrx_word' id='word_1_478' title='bbox 698 3074 822 3128; x_wconf 83' lang='grc' dir='ltr'>καθ’</span> <span class='ocrx_word' id='word_1_479' title='bbox 871 3075 931 3128; x_wconf 81' lang='grc' dir='ltr'>ὃν</span> <span class='ocrx_word' id='word_1_480' title='bbox 1003 3077 1120 3129; x_wconf 82' lang='grc' dir='ltr'>ἐστι</span> <span class='ocrx_word' id='word_1_481' title='bbox 1175 3076 1429 3144; x_wconf 70' lang='grc' dir='ltr'>δεύτερος</span> <span class='ocrx_word' id='word_1_482' title='bbox 1491 3077 1583 3125; x_wconf 70' lang='grc' dir='ltr'><strong>τοῦ</strong></span> <span class='ocrx_word' id='word_1_483' title='bbox 1644 3075 1855 3143; x_wconf 71' lang='grc' dir='ltr'>Πατρός</span> <span class='ocrx_word' id='word_1_484' title='bbox 1896 3075 1922 3125; x_wconf 83' lang='grc' dir='ltr'>ὁ</span> 
     </span>
    </p>
   </div>
   <div class='ocr_carea' id='block_1_63' title="bbox 2026 3074 3613 3159">
    <p class='ocr_par' dir='ltr' id='par_1_63' title="bbox 2028 3076 3613 3154">
     <span class='ocr_line' id='line_1_63' title="bbox 2028 3076 3613 3154; baseline -0.003 -17"><span class='ocrx_word' id='word_1_485' title='bbox 2028 3086 2257 3151; x_wconf 88' lang='lat' dir='ltr'><strong>dictum,</strong></span> <span class='ocrx_word' id='word_1_486' title='bbox 2290 3099 2400 3154; x_wconf 93' lang='lat' dir='ltr'><strong>quo</strong></span> <span class='ocrx_word' id='word_1_487' title='bbox 2442 3082 2611 3137; x_wconf 89' lang='lat' dir='ltr'><strong>Filius</strong></span> <span class='ocrx_word' id='word_1_488' title='bbox 2641 3097 2670 3137; x_wconf 90' lang='lat' dir='ltr'><strong>a</strong></span> <span class='ocrx_word' id='word_1_489' title='bbox 2701 3082 2862 3137; x_wconf 84' lang='lat' dir='ltr'><strong>Patre</strong></span> <span class='ocrx_word' id='word_1_490' title='bbox 2899 3082 3175 3137; x_wconf 86' lang='lat' dir='ltr'><strong>secundus</strong></span> <span class='ocrx_word' id='word_1_491' title='bbox 3205 3088 3309 3144; x_wconf 88' lang='lat' dir='ltr'><strong>est,</strong></span> <span class='ocrx_word' id='word_1_492' title='bbox 3350 3096 3369 3131; x_wconf 82' lang='grc' dir='ltr'><strong>ι</strong></span> <span class='ocrx_word' id='word_1_493' title='bbox 3407 3076 3613 3134; x_wconf 86' lang='lat' dir='ltr'><strong>Ordine</strong></span> 
     </span>
    </p>
   </div>
   <div class='ocr_carea' id='block_1_64' title="bbox 343 3164 1923 3235">
    <p class='ocr_par' dir='ltr' id='par_1_64' title="bbox 343 3164 1923 3235">
     <span class='ocr_line' id='line_1_64' title="bbox 343 3164 1923 3235; baseline -0.001 -19"><span class='ocrx_word' id='word_1_494' title='bbox 343 3164 476 3227; x_wconf 82' lang='grc' dir='ltr'>Υἱὸς</span> <span class='ocrx_word' id='word_1_495' title='bbox 503 3207 515 3229; x_wconf 87' lang='grc'><strong>,</strong></span> <span class='ocrx_word' id='word_1_496' title='bbox 544 3184 561 3215; x_wconf 83' lang='grc' dir='ltr'><strong>ι</strong></span> <span class='ocrx_word' id='word_1_497' title='bbox 596 3165 760 3231; x_wconf 78' lang='grc' dir='ltr'>Τάξει</span> <span class='ocrx_word' id='word_1_498' title='bbox 794 3165 915 3235; x_wconf 82' lang='grc' dir='ltr'>μὲν,</span> <span class='ocrx_word' id='word_1_499' title='bbox 953 3167 1107 3234; x_wconf 66' lang='grc' dir='ltr'>φησι,</span> <span class='ocrx_word' id='word_1_500' title='bbox 1138 3166 1230 3220; x_wconf 80' lang='grc' dir='ltr'><strong>τοῦ</strong></span> <span class='ocrx_word' id='word_1_501' title='bbox 1267 3165 1476 3235; x_wconf 75' lang='grc' dir='ltr'>Πατρός</span> <span class='ocrx_word' id='word_1_502' title='bbox 1502 3166 1615 3217; x_wconf 78' lang='grc' dir='ltr'>ἐστι</span> <span class='ocrx_word' id='word_1_503' title='bbox 1653 3165 1923 3233; x_wconf 60' lang='grc' dir='ltr'>δεὰτερος,</span> 
     </span>
    </p>
   </div>
   <div class='ocr_carea' id='block_1_65' title="bbox 343 3255 1925 3327">
    <p class='ocr_par' dir='ltr' id='par_1_65' title="bbox 343 3255 1925 3327">
     <span class='ocr_line' id='line_1_65' title="bbox 343 3255 1925 3327; baseline 0 -19"><span class='ocrx_word' id='word_1_504' title='bbox 343 3258 429 3308; x_wconf 77' lang='grc' dir='ltr'><strong>ὅτι</strong></span> <span class='ocrx_word' id='word_1_505' title='bbox 454 3255 552 3310; x_wconf 83' lang='grc' dir='ltr'><strong>ἀπ’</strong></span> <span class='ocrx_word' id='word_1_506' title='bbox 583 3259 830 3325; x_wconf 75' lang='grc' dir='ltr'>ἐκείνου,</span> <span class='ocrx_word' id='word_1_507' title='bbox 864 3262 959 3311; x_wconf 71' lang='grc' dir='ltr'>καὶ</span> <span class='ocrx_word' id='word_1_508' title='bbox 1006 3259 1300 3327; x_wconf 68' lang='grc' dir='ltr'>ἀξιώματι,</span> <span class='ocrx_word' id='word_1_509' title='bbox 1354 3260 1437 3310; x_wconf 73' lang='grc' dir='ltr'><strong>ότι</strong></span> <span class='ocrx_word' id='word_1_510' title='bbox 1477 3257 1619 3327; x_wconf 76' lang='grc' dir='ltr'>ἁρχὴ</span> <span class='ocrx_word' id='word_1_511' title='bbox 1649 3258 1744 3310; x_wconf 73' lang='grc' dir='ltr'><strong>καὶ</strong></span> <span class='ocrx_word' id='word_1_512' title='bbox 1776 3258 1925 3309; x_wconf 72' lang='grc' dir='ltr'>αἰτία</span> 
     </span>
    </p>
   </div>
   <div class='ocr_carea' id='block_1_66' title="bbox 344 3342 1928 3420">
    <p class='ocr_par' dir='ltr' id='par_1_66' title="bbox 344 3342 1928 3420">
     <span class='ocr_line' id='line_1_66' title="bbox 344 3342 1928 3420; baseline 0.001 -21"><span class='ocrx_word' id='word_1_513' title='bbox 344 3346 425 3419; x_wconf 78' lang='grc' dir='ltr'>τῷ</span> <span class='ocrx_word' id='word_1_514' title='bbox 451 3342 592 3402; x_wconf 78' lang='grc' dir='ltr'>εἶναι</span> <span class='ocrx_word' id='word_1_515' title='bbox 618 3350 835 3420; x_wconf 80' lang='grc' dir='ltr'>Πατέρα</span> <span class='ocrx_word' id='word_1_516' title='bbox 860 3349 1055 3402; x_wconf 74' lang='grc' dir='ltr'>αὐτοῦ’</span> <span class='ocrx_word' id='word_1_517' title='bbox 1082 3352 1175 3403; x_wconf 72' lang='grc' dir='ltr'><strong>καὶ</strong></span> <span class='ocrx_word' id='word_1_518' title='bbox 1204 3350 1285 3401; x_wconf 75' lang='grc' dir='ltr'>ὅτι</span> <span class='ocrx_word' id='word_1_519' title='bbox 1306 3350 1372 3401; x_wconf 84' lang='grc' dir='ltr'>δι’</span> <span class='ocrx_word' id='word_1_520' title='bbox 1401 3350 1562 3402; x_wconf 80' lang='grc' dir='ltr'>αὐτοῦ</span> <span class='ocrx_word' id='word_1_521' title='bbox 1599 3353 1630 3419; x_wconf 81' lang='grc' dir='ltr'>ἡ</span> <span class='ocrx_word' id='word_1_522' title='bbox 1669 3344 1928 3420; x_wconf 73' lang='grc' dir='ltr'>πρόσοδος</span> 
     </span>
    </p>
   </div>
   <div class='ocr_carea' id='block_1_67' title="bbox 348 3442 1697 3513">
    <p class='ocr_par' dir='ltr' id='par_1_67' title="bbox 348 3442 1697 3513">
     <span class='ocr_line' id='line_1_67' title="bbox 348 3442 1697 3513; baseline 0.002 -21"><span class='ocrx_word' id='word_1_523' title='bbox 348 3442 448 3495; x_wconf 73' lang='grc' dir='ltr'>καὶ</span> <span class='ocrx_word' id='word_1_524' title='bbox 470 3444 810 3513; x_wconf 78' lang='grc' dir='ltr'>προσαγωγὴ</span> <span class='ocrx_word' id='word_1_525' title='bbox 836 3443 970 3513; x_wconf 82' lang='grc' dir='ltr'>πρὸς</span> <span class='ocrx_word' id='word_1_526' title='bbox 1001 3443 1088 3494; x_wconf 77' lang='grc' dir='ltr'>τὸν</span> <span class='ocrx_word' id='word_1_527' title='bbox 1120 3445 1250 3495; x_wconf 65' lang='grc' dir='ltr'>Θεὸν</span> <span class='ocrx_word' id='word_1_528' title='bbox 1282 3444 1375 3496; x_wconf 71' lang='grc' dir='ltr'><strong>καὶ</strong></span> <span class='ocrx_word' id='word_1_529' title='bbox 1406 3444 1645 3509; x_wconf 73' lang='grc' dir='ltr'>Πατέρα.</span> <span class='ocrx_word' id='word_1_530' title='bbox 1679 3463 1697 3495; x_wconf 77' lang='grc' dir='ltr'><strong>ι</strong></span> 
     </span>
    </p>
   </div>
   <div class='ocr_carea' id='block_1_68' title="bbox 430 3546 1929 3624">
    <p class='ocr_par' dir='ltr' id='par_1_68' title="bbox 430 3546 1929 3624">
     <span class='ocr_line' id='line_1_68' title="bbox 430 3546 1929 3624; baseline 0 -15"><span class='ocrx_word' id='word_1_531' title='bbox 430 3562 505 3619; x_wconf 83' lang='grc' dir='ltr'>ς’.</span> <span class='ocrx_word' id='word_1_532' title='bbox 561 3554 728 3609; x_wconf 85' lang='grc' dir='ltr'>Ἀλλὰ</span> <span class='ocrx_word' id='word_1_533' title='bbox 774 3555 859 3620; x_wconf 85' lang='grc' dir='ltr'><strong>τίς</strong></span> <span class='ocrx_word' id='word_1_534' title='bbox 905 3552 1034 3623; x_wconf 80' lang='grc' dir='ltr'>οἶδε,</span> <span class='ocrx_word' id='word_1_535' title='bbox 1070 3557 1236 3623; x_wconf 66' lang='grc' dir='ltr'>φασιν</span> <span class='ocrx_word' id='word_1_536' title='bbox 1265 3546 1315 3609; x_wconf 69' lang='grc' dir='ltr'>οἱ</span> <span class='ocrx_word' id='word_1_537' title='bbox 1349 3556 1748 3624; x_wconf 69' lang='grc' dir='ltr'>ἀντιλέγοντες,</span> <span class='ocrx_word' id='word_1_538' title='bbox 1784 3560 1832 3609; x_wconf 81' lang='grc' dir='ltr'>εἰ</span> <span class='ocrx_word' id='word_1_539' title='bbox 1869 3559 1929 3609; x_wconf 81' lang='grc' dir='ltr'><strong>τὸ</strong></span> 
     </span>
    </p>
   </div>
   <div class='ocr_carea' id='block_1_69' title="bbox 350 3649 1929 3721">
    <p class='ocr_par' dir='ltr' id='par_1_69' title="bbox 350 3649 1929 3721">
     <span class='ocr_line' id='line_1_69' title="bbox 350 3649 1929 3721; baseline -0.004 -12"><span class='ocrx_word' id='word_1_540' title='bbox 350 3654 447 3709; x_wconf 87' lang='grc' dir='ltr'><strong>τοῦ</strong></span> <span class='ocrx_word' id='word_1_541' title='bbox 491 3650 816 3721; x_wconf 73' lang='grc' dir='ltr'>Πνεῦματος</span> <span class='ocrx_word' id='word_1_542' title='bbox 844 3649 980 3719; x_wconf 77' lang='grc' dir='ltr'>πρὸς</span> <span class='ocrx_word' id='word_1_543' title='bbox 1013 3651 1102 3701; x_wconf 80' lang='grc' dir='ltr'><strong>τὸν</strong></span> <span class='ocrx_word' id='word_1_544' title='bbox 1156 3649 1287 3701; x_wconf 74' lang='grc' dir='ltr'>Υἰὺν</span> <span class='ocrx_word' id='word_1_545' title='bbox 1325 3650 1629 3720; x_wconf 81' lang='grc' dir='ltr'>δευτερεῖον</span> <span class='ocrx_word' id='word_1_546' title='bbox 1664 3651 1929 3717; x_wconf 74' lang='grc' dir='ltr'>ἀνάλογον</span> 
     </span>
    </p>
   </div>
   <div class='ocr_carea' id='block_1_70' title="bbox 348 3739 1928 3814">
    <p class='ocr_par' dir='ltr' id='par_1_70' title="bbox 348 3739 1928 3814">
     <span class='ocr_line' id='line_1_70' title="bbox 348 3739 1928 3814; baseline -0.004 -14"><span class='ocrx_word' id='word_1_547' title='bbox 348 3751 377 3800; x_wconf 84' lang='grc' dir='ltr'>ὁ</span> <span class='ocrx_word' id='word_1_548' title='bbox 401 3748 561 3814; x_wconf 82' lang='grc' dir='ltr'>ἆγιος</span> <span class='ocrx_word' id='word_1_549' title='bbox 597 3745 771 3797; x_wconf 76' lang='grc' dir='ltr'>οἴεται</span> <span class='ocrx_word' id='word_1_550' title='bbox 816 3741 896 3811; x_wconf 85' lang='grc' dir='ltr'>τῷ</span> <span class='ocrx_word' id='word_1_551' title='bbox 948 3740 1083 3810; x_wconf 82' lang='grc' dir='ltr'>πρὸς</span> <span class='ocrx_word' id='word_1_552' title='bbox 1130 3739 1222 3792; x_wconf 81' lang='grc' dir='ltr'><strong>τὸν</strong></span> <span class='ocrx_word' id='word_1_553' title='bbox 1271 3740 1485 3809; x_wconf 75' lang='grc' dir='ltr'>Πατέρα</span> <span class='ocrx_word' id='word_1_554' title='bbox 1517 3740 1807 3810; x_wconf 80' lang='grc' dir='ltr'>δευτερείῳ</span> <span class='ocrx_word' id='word_1_555' title='bbox 1832 3741 1928 3793; x_wconf 84' lang='grc' dir='ltr'><strong>τοῦ</strong></span> 
     </span>
    </p>
   </div>
   <div class='ocr_carea' id='block_1_71' title="bbox 356 3832 1930 3906">
    <p class='ocr_par' dir='ltr' id='par_1_71' title="bbox 356 3832 1930 3906">
     <span class='ocr_line' id='line_1_71' title="bbox 356 3832 1930 3906; baseline -0.007 -12"><span class='ocrx_word' id='word_1_556' title='bbox 356 3838 507 3906; x_wconf 58' lang='lat' dir='ltr'><strong>Tim“);</strong></span> <span class='ocrx_word' id='word_1_557' title='bbox 542 3837 642 3901; x_wconf 85' lang='lat' dir='ltr'><strong>Ti;</strong></span> <span class='ocrx_word' id='word_1_558' title='bbox 679 3832 862 3897; x_wconf 83' lang='grc' dir='ltr'>οἷδεν;</span> <span class='ocrx_word' id='word_1_559' title='bbox 910 3833 969 3885; x_wconf 87' lang='lat'><strong>&#39;0</strong></span> <span class='ocrx_word' id='word_1_560' title='bbox 999 3836 1068 3885; x_wconf 79' lang='grc' dir='ltr'><strong>τὰ</strong></span> <span class='ocrx_word' id='word_1_561' title='bbox 1119 3832 1405 3900; x_wconf 81' lang='grc' dir='ltr'>θεολογικὰ</span> <span class='ocrx_word' id='word_1_562' title='bbox 1453 3834 1592 3903; x_wconf 71' lang='grc' dir='ltr'>ῥητὰ</span> <span class='ocrx_word' id='word_1_563' title='bbox 1647 3833 1930 3901; x_wconf 77' lang='grc' dir='ltr'>ἐπιμελῶς</span> 
     </span>
    </p>
   </div>
   <div class='ocr_carea' id='block_1_72' title="bbox 353 3919 1931 4002">
    <p class='ocr_par' dir='ltr' id='par_1_72' title="bbox 353 3919 1931 4002">
     <span class='ocr_line' id='line_1_72' title="bbox 353 3919 1931 4002; baseline -0.006 -17"><span class='ocrx_word' id='word_1_564' title='bbox 353 3929 744 4002; x_wconf 80' lang='grc' dir='ltr'>ἐπερχόμενος,</span> <span class='ocrx_word' id='word_1_565' title='bbox 793 3925 852 3993; x_wconf 79' lang='grc' dir='ltr'><strong>ἐξ</strong></span> <span class='ocrx_word' id='word_1_566' title='bbox 901 3919 975 3977; x_wconf 78' lang='grc' dir='ltr'>ὧν</span> <span class='ocrx_word' id='word_1_567' title='bbox 1020 3927 1052 3995; x_wconf 81' lang='grc' dir='ltr'><strong>ἠ</strong></span> <span class='ocrx_word' id='word_1_568' title='bbox 1093 3925 1313 3993; x_wconf 78' lang='grc' dir='ltr'>τοιαύτη</span> <span class='ocrx_word' id='word_1_569' title='bbox 1353 3924 1616 3990; x_wconf 69' lang='grc' dir='ltr'>ἀναλογία</span> <span class='ocrx_word' id='word_1_570' title='bbox 1662 3924 1776 3993; x_wconf 78' lang='grc' dir='ltr'>ἔχει</span> <span class='ocrx_word' id='word_1_571' title='bbox 1830 3924 1931 3992; x_wconf 77' lang='grc' dir='ltr'>τὴν</span> 
     </span>
    </p>
   </div>
   <div class='ocr_carea' id='block_1_73' title="bbox 351 4014 1930 4094">
    <p class='ocr_par' dir='ltr' id='par_1_73' title="bbox 351 4014 1930 4094">
     <span class='ocr_line' id='line_1_73' title="bbox 351 4014 1930 4094; baseline -0.008 -16"><span class='ocrx_word' id='word_1_572' title='bbox 351 4025 713 4094; x_wconf 85' lang='grc' dir='ltr'>διατράνωσιν</span> <span class='ocrx_word' id='word_1_573' title='bbox 742 4036 755 4051; x_wconf 74' lang='grc'><strong><em>⁸</em></strong></span> <span class='ocrx_word' id='word_1_574' title='bbox 795 4014 870 4072; x_wconf 79' lang='grc' dir='ltr'>ὧν</span> <span class='ocrx_word' id='word_1_575' title='bbox 904 4016 1113 4070; x_wconf 86' lang='grc' dir='ltr'>πολλῶν</span> <span class='ocrx_word' id='word_1_576' title='bbox 1159 4017 1352 4081; x_wconf 75' lang='grc' dir='ltr'>ὄντων,</span> <span class='ocrx_word' id='word_1_577' title='bbox 1406 4015 1544 4085; x_wconf 80' lang='grc' dir='ltr'>ὀλίγ’</span> <span class='ocrx_word' id='word_1_578' title='bbox 1572 4016 1709 4070; x_wconf 79' lang='grc' dir='ltr'>ἄττα</span> <span class='ocrx_word' id='word_1_579' title='bbox 1759 4018 1817 4068; x_wconf 84' lang='grc' dir='ltr'>ἐν</span> <span class='ocrx_word' id='word_1_580' title='bbox 1853 4016 1930 4084; x_wconf 82' lang='grc' dir='ltr'>τῷ</span> 
     </span>
    </p>
   </div>
   <div class='ocr_carea' id='block_1_74' title="bbox 354 4108 1932 4186">
    <p class='ocr_par' dir='ltr' id='par_1_74' title="bbox 354 4108 1932 4186">
     <span class='ocr_line' id='line_1_74' title="bbox 354 4108 1932 4186; baseline -0.006 -16"><span class='ocrx_word' id='word_1_581' title='bbox 354 4118 583 4186; x_wconf 77' lang='grc' dir='ltr'>παρόντι</span> <span class='ocrx_word' id='word_1_582' title='bbox 632 4113 964 4183; x_wconf 75' lang='grc' dir='ltr'>ἐκθήσομεν,</span> <span class='ocrx_word' id='word_1_583' title='bbox 999 4114 1180 4180; x_wconf 60' lang='grc' dir='ltr'>μόνοις</span> <span class='ocrx_word' id='word_1_584' title='bbox 1208 4112 1322 4175; x_wconf 84' lang='grc' dir='ltr'>τοῖς</span> <span class='ocrx_word' id='word_1_585' title='bbox 1350 4108 1446 4163; x_wconf 90' lang='grc' dir='ltr'><strong>τοῦ</strong></span> <span class='ocrx_word' id='word_1_586' title='bbox 1485 4110 1727 4180; x_wconf 84' lang='grc' dir='ltr'>μεγάλου</span> <span class='ocrx_word' id='word_1_587' title='bbox 1774 4110 1932 4162; x_wconf 66' lang='grc' dir='ltr'><strong>’Λολ-</strong></span> 
     </span>
    </p>
   </div>
   <div class='ocr_carea' id='block_1_75' title="bbox 356 4200 1931 4275">
    <p class='ocr_par' dir='ltr' id='par_1_75' title="bbox 356 4200 1931 4275">
     <span class='ocr_line' id='line_1_75' title="bbox 356 4200 1931 4275; baseline -0.005 -14"><span class='ocrx_word' id='word_1_588' title='bbox 356 4208 564 4274; x_wconf 61' lang='lat' dir='ltr'><strong>vesica,</strong></span> <span class='ocrx_word' id='word_1_589' title='bbox 601 4201 682 4269; x_wconf 81' lang='grc' dir='ltr'>οἷς</span> <span class='ocrx_word' id='word_1_590' title='bbox 729 4210 756 4258; x_wconf 80' lang='grc' dir='ltr'>ὁ</span> <span class='ocrx_word' id='word_1_591' title='bbox 808 4206 980 4275; x_wconf 79' lang='grc' dir='ltr'>μέγας</span> <span class='ocrx_word' id='word_1_592' title='bbox 1018 4200 1174 4266; x_wconf 63' lang='grc' dir='ltr'>οὓτος</span> <span class='ocrx_word' id='word_1_593' title='bbox 1204 4205 1262 4257; x_wconf 76' lang='grc' dir='ltr'>ἐν</span> <span class='ocrx_word' id='word_1_594' title='bbox 1311 4205 1378 4272; x_wconf 78' lang='grc' dir='ltr'>τῇ</span> <span class='ocrx_word' id='word_1_595' title='bbox 1416 4202 1551 4272; x_wconf 85' lang='grc' dir='ltr'>πρὸς</span> <span class='ocrx_word' id='word_1_596' title='bbox 1605 4202 1931 4271; x_wconf 81' lang='grc' dir='ltr'>Σεραπίωνα</span> 
     </span>
    </p>
   </div>
   <div class='ocr_carea' id='block_1_76' title="bbox 354 4295 1933 4370">
    <p class='ocr_par' dir='ltr' id='par_1_76' title="bbox 354 4295 1933 4370">
     <span class='ocr_line' id='line_1_76' title="bbox 354 4295 1933 4370; baseline -0.003 -18"><span class='ocrx_word' id='word_1_597' title='bbox 354 4300 484 4370; x_wconf 76' lang='grc' dir='ltr'>περὶ</span> <span class='ocrx_word' id='word_1_598' title='bbox 523 4297 616 4351; x_wconf 84' lang='grc' dir='ltr'><strong>τοῦ</strong></span> <span class='ocrx_word' id='word_1_599' title='bbox 648 4296 806 4364; x_wconf 82' lang='grc' dir='ltr'>ἁγίου</span> <span class='ocrx_word' id='word_1_600' title='bbox 858 4295 1177 4365; x_wconf 70' lang='grc' dir='ltr'>Πνεῦμα-,τος</span> <span class='ocrx_word' id='word_1_601' title='bbox 1208 4296 1464 4365; x_wconf 72' lang='grc' dir='ltr'>ἐπιστολῇ</span> <span class='ocrx_word' id='word_1_602' title='bbox 1505 4298 1801 4366; x_wconf 76' lang='grc' dir='ltr'>ἐχρήσατο,</span> <span class='ocrx_word' id='word_1_603' title='bbox 1835 4296 1933 4364; x_wconf 83' lang='grc' dir='ltr'><strong>ἁρ-</strong></span> 
     </span>
    </p>
   </div>
   <div class='ocr_carea' id='block_1_77' title="bbox 2034 3167 3615 3244">
    <p class='ocr_par' dir='ltr' id='par_1_77' title="bbox 2034 3167 3615 3244">
     <span class='ocr_line' id='line_1_77' title="bbox 2034 3167 3615 3244; baseline -0.003 -16"><span class='ocrx_word' id='word_1_604' title='bbox 2034 3175 2276 3244; x_wconf 84' lang='lat' dir='ltr'><strong>quidem,</strong></span> <span class='ocrx_word' id='word_1_605' title='bbox 2309 3174 2506 3243; x_wconf 87' lang='lat' dir='ltr'><strong>inquit,</strong></span> <span class='ocrx_word' id='word_1_606' title='bbox 2535 3173 2811 3228; x_wconf 87' lang='lat' dir='ltr'><strong>secundus</strong></span> <span class='ocrx_word' id='word_1_607' title='bbox 2842 3182 2925 3227; x_wconf 86' lang='lat' dir='ltr'><strong>est</strong></span> <span class='ocrx_word' id='word_1_608' title='bbox 2947 3188 2974 3224; x_wconf 85' lang='lat' dir='ltr'><strong>:t</strong></span> <span class='ocrx_word' id='word_1_609' title='bbox 3007 3172 3189 3237; x_wconf 85' lang='lat' dir='ltr'><strong>Patre,</strong></span> <span class='ocrx_word' id='word_1_610' title='bbox 3229 3170 3373 3240; x_wconf 90' lang='lat' dir='ltr'><strong>quod</strong></span> <span class='ocrx_word' id='word_1_611' title='bbox 3422 3184 3488 3224; x_wconf 82' lang='lat' dir='ltr'><strong>ex</strong></span> <span class='ocrx_word' id='word_1_612' title='bbox 3518 3167 3615 3224; x_wconf 86' lang='lat' dir='ltr'><strong>illo</strong></span> 
     </span>
    </p>
   </div>
   <div class='ocr_carea' id='block_1_78' title="bbox 2032 3256 3614 3333">
    <p class='ocr_par' dir='ltr' id='par_1_78' title="bbox 2032 3256 3614 3333">
     <span class='ocr_line' id='line_1_78' title="bbox 2032 3256 3614 3333; baseline -0.003 -17"><span class='ocrx_word' id='word_1_613' title='bbox 2032 3272 2137 3327; x_wconf 90' lang='lat' dir='ltr'><strong>est,</strong></span> <span class='ocrx_word' id='word_1_614' title='bbox 2166 3272 2218 3317; x_wconf 90' lang='lat' dir='ltr'><strong>et</strong></span> <span class='ocrx_word' id='word_1_615' title='bbox 2273 3261 2554 3333; x_wconf 80' lang='lat' dir='ltr'><strong>dignitate,</strong></span> <span class='ocrx_word' id='word_1_616' title='bbox 2618 3260 2763 3331; x_wconf 91' lang='lat' dir='ltr'><strong>quod</strong></span> <span class='ocrx_word' id='word_1_617' title='bbox 2788 3260 3123 3330; x_wconf 84' lang='lat' dir='ltr'><strong>principium</strong></span> <span class='ocrx_word' id='word_1_618' title='bbox 3157 3267 3212 3313; x_wconf 85' lang='lat' dir='ltr'><strong>et</strong></span> <span class='ocrx_word' id='word_1_619' title='bbox 3260 3271 3445 3323; x_wconf 88' lang='lat' dir='ltr'><strong>causa,</strong></span> <span class='ocrx_word' id='word_1_620' title='bbox 3470 3256 3614 3328; x_wconf 89' lang='lat' dir='ltr'><strong>quod</strong></span> 
     </span>
    </p>
   </div>
   <div class='ocr_carea' id='block_1_79' title="bbox 2033 3348 3612 3423">
    <p class='ocr_par' dir='ltr' id='par_1_79' title="bbox 2033 3348 3612 3423">
     <span class='ocr_line' id='line_1_79' title="bbox 2033 3348 3612 3423; baseline -0.005 -14"><span class='ocrx_word' id='word_1_621' title='bbox 2033 3356 2122 3410; x_wconf 91' lang='lat' dir='ltr'><strong>ille</strong></span> <span class='ocrx_word' id='word_1_622' title='bbox 2154 3357 2244 3421; x_wconf 88' lang='lat' dir='ltr'><strong>sit,</strong></span> <span class='ocrx_word' id='word_1_623' title='bbox 2273 3354 2439 3408; x_wconf 86' lang='lat' dir='ltr'><strong>Pater</strong></span> <span class='ocrx_word' id='word_1_624' title='bbox 2470 3364 2582 3420; x_wconf 85' lang='lat' dir='ltr'><strong>est;</strong></span> <span class='ocrx_word' id='word_1_625' title='bbox 2617 3362 2670 3407; x_wconf 87' lang='lat' dir='ltr'><strong>et</strong></span> <span class='ocrx_word' id='word_1_626' title='bbox 2695 3351 2841 3423; x_wconf 90' lang='lat' dir='ltr'><strong>quod</strong></span> <span class='ocrx_word' id='word_1_627' title='bbox 2874 3366 2971 3421; x_wconf 88' lang='lat' dir='ltr'><strong>per</strong></span> <span class='ocrx_word' id='word_1_628' title='bbox 2994 3364 3118 3405; x_wconf 89' lang='lat' dir='ltr'><strong>cum</strong></span> <span class='ocrx_word' id='word_1_629' title='bbox 3147 3363 3400 3406; x_wconf 80' lang='lat' dir='ltr'><strong>accessus</strong></span> <span class='ocrx_word' id='word_1_630' title='bbox 3431 3358 3485 3403; x_wconf 90' lang='lat' dir='ltr'><strong>ct</strong></span> <span class='ocrx_word' id='word_1_631' title='bbox 3515 3348 3612 3402; x_wconf 76' lang='lat' dir='ltr'><strong>ad-</strong></span> 
     </span>
    </p>
   </div>
   <div class='ocr_carea' id='block_1_80' title="bbox 2033 3446 2827 3504">
    <p class='ocr_par' dir='ltr' id='par_1_80' title="bbox 2033 3446 2827 3504">
     <span class='ocr_line' id='line_1_80' title="bbox 2033 3446 2827 3504; baseline -0.005 0"><span class='ocrx_word' id='word_1_632' title='bbox 2033 3452 2214 3504; x_wconf 85' lang='lat' dir='ltr'><strong>tluctio</strong></span> <span class='ocrx_word' id='word_1_633' title='bbox 2236 3452 2299 3503; x_wconf 90' lang='lat' dir='ltr'><strong>ad</strong></span> <span class='ocrx_word' id='word_1_634' title='bbox 2332 3447 2502 3503; x_wconf 85' lang='lat' dir='ltr'><strong>Deum</strong></span> <span class='ocrx_word' id='word_1_635' title='bbox 2528 3446 2766 3502; x_wconf 88' lang='lat' dir='ltr'><strong>Patrem.</strong></span> <span class='ocrx_word' id='word_1_636' title='bbox 2808 3465 2827 3500; x_wconf 75' lang='grc' dir='ltr'><strong>ι</strong></span> 
     </span>
    </p>
   </div>
   <div class='ocr_carea' id='block_1_81' title="bbox 2102 3553 3613 3629">
    <p class='ocr_par' dir='ltr' id='par_1_81' title="bbox 2102 3553 3613 3629">
     <span class='ocr_line' id='line_1_81' title="bbox 2102 3553 3613 3629; baseline -0.004 -15"><span class='ocrx_word' id='word_1_637' title='bbox 2102 3561 2155 3614; x_wconf 85' lang='grc'><strong>6.</strong></span> <span class='ocrx_word' id='word_1_638' title='bbox 2187 3559 2292 3614; x_wconf 87' lang='lat' dir='ltr'><strong>Sed</strong></span> <span class='ocrx_word' id='word_1_639' title='bbox 2322 3562 2445 3629; x_wconf 88' lang='lat' dir='ltr'><strong>quis</strong></span> <span class='ocrx_word' id='word_1_640' title='bbox 2473 3559 2596 3623; x_wconf 90' lang='lat' dir='ltr'><strong>scit,</strong></span> <span class='ocrx_word' id='word_1_641' title='bbox 2623 3556 2877 3627; x_wconf 86' lang='lat' dir='ltr'><strong>inquiunt</strong></span> <span class='ocrx_word' id='word_1_642' title='bbox 2898 3555 3222 3622; x_wconf 85' lang='lat' dir='ltr'><strong>adversarii,</strong></span> <span class='ocrx_word' id='word_1_643' title='bbox 3252 3553 3613 3625; x_wconf 48' lang='lat' dir='ltr'><strong>an.secundas</strong></span> 
     </span>
    </p>
   </div>
   <div class='ocr_carea' id='block_1_82' title="bbox 2035 3645 3611 3722">
    <p class='ocr_par' dir='ltr' id='par_1_82' title="bbox 2035 3645 3611 3722">
     <span class='ocr_line' id='line_1_82' title="bbox 2035 3645 3611 3722; baseline -0.004 -17"><span class='ocrx_word' id='word_1_644' title='bbox 2035 3661 2216 3722; x_wconf 87' lang='lat' dir='ltr'><strong>partes</strong></span> <span class='ocrx_word' id='word_1_645' title='bbox 2248 3648 2483 3719; x_wconf 84' lang='lat' dir='ltr'><strong>Spiritus</strong></span> <span class='ocrx_word' id='word_1_646' title='bbox 2540 3660 2787 3719; x_wconf 83' lang='lat' dir='ltr'><strong>respectu</strong></span> <span class='ocrx_word' id='word_1_647' title='bbox 2836 3646 2982 3713; x_wconf 87' lang='lat' dir='ltr'><strong>Filii,</strong></span> <span class='ocrx_word' id='word_1_648' title='bbox 3011 3646 3360 3717; x_wconf 88' lang='lat' dir='ltr'><strong>proportione</strong></span> <span class='ocrx_word' id='word_1_649' title='bbox 3387 3645 3611 3716; x_wconf 85' lang='lat' dir='ltr'><strong>quidem</strong></span> 
     </span>
    </p>
   </div>
   <div class='ocr_carea' id='block_1_83' title="bbox 2034 3735 3617 3812">
    <p class='ocr_par' dir='ltr' id='par_1_83' title="bbox 2034 3735 3617 3812">
     <span class='ocr_line' id='line_1_83' title="bbox 2034 3735 3617 3812; baseline -0.004 -15"><span class='ocrx_word' id='word_1_650' title='bbox 2034 3744 2381 3812; x_wconf 84' lang='lat' dir='ltr'><strong>respondere,</strong></span> <span class='ocrx_word' id='word_1_651' title='bbox 2410 3751 2630 3797; x_wconf 86' lang='lat' dir='ltr'><strong>sanctus</strong></span> <span class='ocrx_word' id='word_1_652' title='bbox 2663 3741 2916 3811; x_wconf 87' lang='lat' dir='ltr'><strong>Opinetur</strong></span> <span class='ocrx_word' id='word_1_653' title='bbox 2944 3738 3201 3794; x_wconf 89' lang='lat' dir='ltr'><strong>secundis</strong></span> <span class='ocrx_word' id='word_1_654' title='bbox 3228 3736 3348 3792; x_wconf 81' lang='lat' dir='ltr'><strong>Filii</strong></span> <span class='ocrx_word' id='word_1_655' title='bbox 3370 3735 3617 3807; x_wconf 81' lang='lat' dir='ltr'><strong>partibus</strong></span> 
     </span>
    </p>
   </div>
   <div class='ocr_carea' id='block_1_84' title="bbox 2036 3827 3616 3903">
    <p class='ocr_par' dir='ltr' id='par_1_84' title="bbox 2036 3827 3616 3903">
     <span class='ocr_line' id='line_1_84' title="bbox 2036 3827 3616 3903; baseline -0.006 -14"><span class='ocrx_word' id='word_1_656' title='bbox 2036 3844 2282 3903; x_wconf 76' lang='lat' dir='ltr'><strong>respectu</strong></span> <span class='ocrx_word' id='word_1_657' title='bbox 2306 3831 2516 3887; x_wconf 80' lang='lat' dir='ltr'><strong>Patris?</strong></span> <span class='ocrx_word' id='word_1_658' title='bbox 2537 3831 2672 3898; x_wconf 87' lang='lat' dir='ltr'><strong>Quis</strong></span> <span class='ocrx_word' id='word_1_659' title='bbox 2713 3831 2853 3888; x_wconf 83' lang='lat' dir='ltr'><strong>scit?</strong></span> <span class='ocrx_word' id='word_1_660' title='bbox 2872 3830 2972 3897; x_wconf 83' lang='lat' dir='ltr'><strong>Qui</strong></span> <span class='ocrx_word' id='word_1_661' title='bbox 2999 3829 3300 3898; x_wconf 75' lang='lat' dir='ltr'><strong>theologica</strong></span> <span class='ocrx_word' id='word_1_662' title='bbox 3327 3828 3472 3883; x_wconf 72' lang='lat' dir='ltr'><strong>dicta</strong></span> <span class='ocrx_word' id='word_1_663' title='bbox 3495 3827 3616 3883; x_wconf 77' lang='lat' dir='ltr'><strong>dili-</strong></span> 
     </span>
    </p>
   </div>
   <div class='ocr_carea' id='block_1_85' title="bbox 2035 3921 3610 4002">
    <p class='ocr_par' dir='ltr' id='par_1_85' title="bbox 2035 3921 3610 4002">
     <span class='ocr_line' id='line_1_85' title="bbox 2035 3921 3610 4002; baseline -0.004 -21"><span class='ocrx_word' id='word_1_664' title='bbox 2035 3938 2219 4002; x_wconf 77' lang='lat' dir='ltr'><strong>genter</strong></span> <span class='ocrx_word' id='word_1_665' title='bbox 2251 3929 2541 3997; x_wconf 81' lang='lat' dir='ltr'><strong>percurrit,</strong></span> <span class='ocrx_word' id='word_1_666' title='bbox 2574 3925 2774 3997; x_wconf 86' lang='lat' dir='ltr'><strong>quibus</strong></span> <span class='ocrx_word' id='word_1_667' title='bbox 2798 3925 2996 3980; x_wconf 85' lang='lat' dir='ltr'><strong>similis</strong></span> <span class='ocrx_word' id='word_1_668' title='bbox 3030 3923 3310 3994; x_wconf 90' lang='lat' dir='ltr'><strong>proportio</strong></span> <span class='ocrx_word' id='word_1_669' title='bbox 3336 3922 3495 3992; x_wconf 89' lang='lat' dir='ltr'><strong>plane</strong></span> <span class='ocrx_word' id='word_1_670' title='bbox 3520 3921 3610 3975; x_wconf 90' lang='lat' dir='ltr'><strong>in-</strong></span> 
     </span>
    </p>
   </div>
   <div class='ocr_carea' id='block_1_86' title="bbox 2035 4012 3615 4089">
    <p class='ocr_par' dir='ltr' id='par_1_86' title="bbox 2035 4012 3615 4089">
     <span class='ocr_line' id='line_1_86' title="bbox 2035 4012 3615 4089; baseline -0.006 -15"><span class='ocrx_word' id='word_1_671' title='bbox 2035 4022 2284 4077; x_wconf 86' lang='lat' dir='ltr'><strong>notescit.</strong></span> <span class='ocrx_word' id='word_1_672' title='bbox 2312 4020 2441 4086; x_wconf 84' lang='lat' dir='ltr'><strong>Quae</strong></span> <span class='ocrx_word' id='word_1_673' title='bbox 2461 4019 2588 4074; x_wconf 91' lang='lat' dir='ltr'><strong>licet</strong></span> <span class='ocrx_word' id='word_1_674' title='bbox 2619 4019 2879 4089; x_wconf 83' lang='lat' dir='ltr'><strong>pleraque</strong></span> <span class='ocrx_word' id='word_1_675' title='bbox 2910 4021 3039 4080; x_wconf 87' lang='lat' dir='ltr'><strong>sint,</strong></span> <span class='ocrx_word' id='word_1_676' title='bbox 3066 4028 3235 4084; x_wconf 85' lang='lat' dir='ltr'><strong>pauca</strong></span> <span class='ocrx_word' id='word_1_677' title='bbox 3257 4012 3615 4067; x_wconf 85' lang='lat' dir='ltr'><strong>nihilominus</strong></span> 
     </span>
    </p>
   </div>
   <div class='ocr_carea' id='block_1_87' title="bbox 2036 4103 3614 4183">
    <p class='ocr_par' dir='ltr' id='par_1_87' title="bbox 2036 4103 3614 4183">
     <span class='ocr_line' id='line_1_87' title="bbox 2036 4103 3614 4183; baseline -0.006 -16"><span class='ocrx_word' id='word_1_678' title='bbox 2036 4115 2121 4168; x_wconf 86' lang='lat' dir='ltr'><strong>hic</strong></span> <span class='ocrx_word' id='word_1_679' title='bbox 2143 4126 2497 4183; x_wconf 85' lang='lat' dir='ltr'><strong>apponemus,</strong></span> <span class='ocrx_word' id='word_1_680' title='bbox 2532 4112 2772 4166; x_wconf 88' lang='lat' dir='ltr'><strong>contenti</strong></span> <span class='ocrx_word' id='word_1_681' title='bbox 2809 4108 3185 4164; x_wconf 88' lang='lat' dir='ltr'><strong>tantummodo</strong></span> <span class='ocrx_word' id='word_1_682' title='bbox 3213 4105 3382 4161; x_wconf 91' lang='lat' dir='ltr'><strong>dictis</strong></span> <span class='ocrx_word' id='word_1_683' title='bbox 3432 4103 3614 4176; x_wconf 76' lang='lat' dir='ltr'><strong>magni</strong></span> 
     </span>
    </p>
   </div>
   <div class='ocr_carea' id='block_1_88' title="bbox 2034 4199 3614 4277">
    <p class='ocr_par' dir='ltr' id='par_1_88' title="bbox 2034 4199 3614 4277">
     <span class='ocr_line' id='line_1_88' title="bbox 2034 4199 3614 4277; baseline -0.008 -15"><span class='ocrx_word' id='word_1_684' title='bbox 2034 4208 2338 4273; x_wconf 85' lang='lat' dir='ltr'><strong>Athanasii,</strong></span> <span class='ocrx_word' id='word_1_685' title='bbox 2364 4221 2484 4277; x_wconf 85' lang='lat' dir='ltr'><strong>quae</strong></span> <span class='ocrx_word' id='word_1_686' title='bbox 2525 4220 2757 4275; x_wconf 87' lang='lat' dir='ltr'><strong>magnus</strong></span> <span class='ocrx_word' id='word_1_687' title='bbox 2788 4204 2878 4259; x_wconf 87' lang='lat' dir='ltr'><strong>ille</strong></span> <span class='ocrx_word' id='word_1_688' title='bbox 2900 4203 3128 4273; x_wconf 87' lang='lat' dir='ltr'><strong>epistola</strong></span> <span class='ocrx_word' id='word_1_689' title='bbox 3172 4200 3238 4255; x_wconf 92' lang='lat' dir='ltr'><strong>ad</strong></span> <span class='ocrx_word' id='word_1_690' title='bbox 3265 4199 3614 4268; x_wconf 84' lang='lat' dir='ltr'><strong>Serapionem</strong></span> 
     </span>
    </p>
   </div>
   <div class='ocr_carea' id='block_1_89' title="bbox 2033 4289 3614 4371">
    <p class='ocr_par' dir='ltr' id='par_1_89' title="bbox 2033 4289 3614 4371">
     <span class='ocr_line' id='line_1_89' title="bbox 2033 4289 3614 4371; baseline -0.009 -16"><span class='ocrx_word' id='word_1_691' title='bbox 2033 4302 2100 4356; x_wconf 89' lang='lat' dir='ltr'><strong>de</strong></span> <span class='ocrx_word' id='word_1_692' title='bbox 2118 4300 2319 4371; x_wconf 88' lang='lat' dir='ltr'><strong>Spiritu</strong></span> <span class='ocrx_word' id='word_1_693' title='bbox 2349 4310 2534 4354; x_wconf 89' lang='lat' dir='ltr'><strong>saneto</strong></span> <span class='ocrx_word' id='word_1_694' title='bbox 2560 4298 2865 4368; x_wconf 86' lang='lat' dir='ltr'><strong>usurpavit.</strong></span> <span class='ocrx_word' id='word_1_695' title='bbox 2926 4295 3163 4350; x_wconf 75' lang='lat' dir='ltr'><strong>Sanctus</strong></span> <span class='ocrx_word' id='word_1_696' title='bbox 3188 4292 3333 4347; x_wconf 88' lang='lat' dir='ltr'><strong>enim</strong></span> <span class='ocrx_word' id='word_1_697' title='bbox 3365 4291 3421 4345; x_wconf 89' lang='lat' dir='ltr'><strong>in</strong></span> <span class='ocrx_word' id='word_1_698' title='bbox 3454 4304 3518 4344; x_wconf 88' lang='lat' dir='ltr'><strong>ea</strong></span> <span class='ocrx_word' id='word_1_699' title='bbox 3541 4289 3614 4342; x_wconf 86' lang='lat' dir='ltr'><strong>ita</strong></span> 
     </span>
    </p>
   </div>
   <div class='ocr_carea' id='block_1_90' title="bbox 357 4381 1922 4488">
    <p class='ocr_par' dir='ltr' id='par_1_90' title="bbox 357 4389 1922 4458">
     <span class='ocr_line' id='line_1_90' title="bbox 357 4389 1922 4458; baseline -0.004 -12"><span class='ocrx_word' id='word_1_700' title='bbox 357 4392 662 4454; x_wconf 80' lang='grc' dir='ltr'>κεσοέντες.</span> <span class='ocrx_word' id='word_1_701' title='bbox 695 4389 851 4444; x_wconf 83' lang='grc' dir='ltr'>Οῦτω</span> <span class='ocrx_word' id='word_1_702' title='bbox 879 4391 990 4458; x_wconf 75' lang='grc' dir='ltr'><strong>γάρ</strong></span> <span class='ocrx_word' id='word_1_703' title='bbox 1022 4391 1050 4440; x_wconf 88' lang='grc' dir='ltr'>ὁ</span> <span class='ocrx_word' id='word_1_704' title='bbox 1082 4390 1235 4457; x_wconf 74' lang='grc' dir='ltr'>ἅγιος</span> <span class='ocrx_word' id='word_1_705' title='bbox 1269 4389 1448 4441; x_wconf 83' lang='grc' dir='ltr'>ὲκείσέ</span> <span class='ocrx_word' id='word_1_706' title='bbox 1483 4389 1794 4458; x_wconf 72' lang='grc' dir='ltr'>φησιοιΚαὶ</span> <span class='ocrx_word' id='word_1_707' title='bbox 1824 4394 1922 4458; x_wconf 79' lang='grc' dir='ltr'><strong>γάρ</strong></span> 
     </span>
    </p>
   </div>
   <div class='ocr_carea' id='block_1_91' title="bbox 2026 4381 3615 4488">
    <p class='ocr_par' dir='ltr' id='par_1_91' title="bbox 2035 4381 3615 4465">
     <span class='ocr_line' id='line_1_91' title="bbox 2035 4381 3615 4465; baseline -0.008 -18"><span class='ocrx_word' id='word_1_708' title='bbox 2035 4395 2279 4465; x_wconf 89' lang='lat' dir='ltr'><strong>loquitur</strong></span> <span class='ocrx_word' id='word_1_709' title='bbox 2313 4410 2327 4447; x_wconf 92' lang='lat'><strong>:</strong></span> <span class='ocrx_word' id='word_1_710' title='bbox 2376 4409 2396 4444; x_wconf 83' lang='grc' dir='ltr'><strong>ι</strong></span> <span class='ocrx_word' id='word_1_711' title='bbox 2436 4392 2647 4446; x_wconf 88' lang='lat' dir='ltr'><strong>Etenim</strong></span> <span class='ocrx_word' id='word_1_712' title='bbox 2691 4389 2740 4445; x_wconf 88' lang='lat' dir='ltr'><strong>si</strong></span> <span class='ocrx_word' id='word_1_713' title='bbox 2786 4396 3007 4459; x_wconf 87' lang='lat' dir='ltr'><strong>propter</strong></span> <span class='ocrx_word' id='word_1_714' title='bbox 3058 4384 3221 4439; x_wconf 81' lang='lat' dir='ltr'><strong>Verbi</strong></span> <span class='ocrx_word' id='word_1_715' title='bbox 3254 4384 3511 4437; x_wconf 91' lang='lat' dir='ltr'><strong>unionem</strong></span> <span class='ocrx_word' id='word_1_716' title='bbox 3547 4381 3615 4435; x_wconf 85' lang='lat' dir='ltr'><strong>ad</strong></span> 
     </span>
    </p>
   </div>
   <div class='ocr_carea' id='block_1_92' title="bbox 355 4481 1928 4554">
    <p class='ocr_par' dir='ltr' id='par_1_92' title="bbox 355 4481 1928 4554">
     <span class='ocr_line' id='line_1_92' title="bbox 355 4481 1928 4554; baseline -0.003 -16"><span class='ocrx_word' id='word_1_717' title='bbox 355 4487 403 4538; x_wconf 84' lang='grc' dir='ltr'><strong>εί</strong></span> <span class='ocrx_word' id='word_1_718' title='bbox 447 4484 541 4538; x_wconf 81' lang='grc' dir='ltr'>διὰ</span> <span class='ocrx_word' id='word_1_719' title='bbox 571 4485 671 4554; x_wconf 77' lang='grc' dir='ltr'>τὴν</span> <span class='ocrx_word' id='word_1_720' title='bbox 715 4485 850 4553; x_wconf 80' lang='grc' dir='ltr'>πρὸς</span> <span class='ocrx_word' id='word_1_721' title='bbox 900 4483 991 4535; x_wconf 85' lang='grc' dir='ltr'><strong>τὸν</strong></span> <span class='ocrx_word' id='word_1_722' title='bbox 1027 4482 1251 4551; x_wconf 82' lang='grc' dir='ltr'>Πατέρα</span> <span class='ocrx_word' id='word_1_723' title='bbox 1278 4482 1374 4533; x_wconf 83' lang='grc' dir='ltr'><strong>τοῦ</strong></span> <span class='ocrx_word' id='word_1_724' title='bbox 1404 4483 1575 4549; x_wconf 79' lang='grc' dir='ltr'>Λόγου</span> <span class='ocrx_word' id='word_1_725' title='bbox 1608 4482 1833 4550; x_wconf 78' lang='grc' dir='ltr'>ἑνότητα</span> <span class='ocrx_word' id='word_1_726' title='bbox 1868 4481 1928 4533; x_wconf 75' lang='grc' dir='ltr'><strong>οὐ</strong></span> 
     </span>
    </p>
   </div>
   <div class='ocr_carea' id='block_1_93' title="bbox 354 4571 1932 4645">
    <p class='ocr_par' dir='ltr' id='par_1_93' title="bbox 354 4571 1932 4645">
     <span class='ocr_line' id='line_1_93' title="bbox 354 4571 1932 4645; baseline -0.003 -14"><span class='ocrx_word' id='word_1_727' title='bbox 354 4579 607 4631; x_wconf 75' lang='grc' dir='ltr'>Θέλουσιν</span> <span class='ocrx_word' id='word_1_728' title='bbox 656 4571 796 4629; x_wconf 79' lang='grc' dir='ltr'>εἶναι</span> <span class='ocrx_word' id='word_1_729' title='bbox 826 4575 933 4628; x_wconf 86' lang='grc' dir='ltr'><strong>τῶν</strong></span> <span class='ocrx_word' id='word_1_730' title='bbox 969 4575 1244 4645; x_wconf 84' lang='grc' dir='ltr'>γεννητῶν</span> <span class='ocrx_word' id='word_1_731' title='bbox 1281 4575 1444 4628; x_wconf 76' lang='grc' dir='ltr'>αὐτὸν</span> <span class='ocrx_word' id='word_1_732' title='bbox 1475 4576 1565 4629; x_wconf 81' lang='grc' dir='ltr'><strong>τὸν</strong></span> <span class='ocrx_word' id='word_1_733' title='bbox 1602 4574 1752 4640; x_wconf 84' lang='grc' dir='ltr'>Υίὸν,</span> <span class='ocrx_word' id='word_1_734' title='bbox 1791 4574 1932 4627; x_wconf 84' lang='grc' dir='ltr'>διατί</span> 
     </span>
    </p>
   </div>
   <div class='ocr_carea' id='block_1_94' title="bbox 354 4665 1933 4739">
    <p class='ocr_par' dir='ltr' id='par_1_94' title="bbox 354 4665 1933 4739">
     <span class='ocr_line' id='line_1_94' title="bbox 354 4665 1933 4739; baseline -0.004 -14"><span class='ocrx_word' id='word_1_735' title='bbox 354 4672 413 4725; x_wconf 74' lang='grc' dir='ltr'>τὸ</span> <span class='ocrx_word' id='word_1_736' title='bbox 458 4669 691 4738; x_wconf 80' lang='grc' dir='ltr'>Πνεῦμα</span> <span class='ocrx_word' id='word_1_737' title='bbox 735 4666 796 4720; x_wconf 82' lang='grc' dir='ltr'><strong>τὸ</strong></span> <span class='ocrx_word' id='word_1_738' title='bbox 849 4665 1026 4734; x_wconf 73' lang='grc' dir='ltr'>ἅγιον,</span> <span class='ocrx_word' id='word_1_739' title='bbox 1062 4667 1121 4719; x_wconf 85' lang='grc' dir='ltr'><strong>τὸ</strong></span> <span class='ocrx_word' id='word_1_740' title='bbox 1172 4666 1273 4737; x_wconf 85' lang='grc' dir='ltr'>τὴν</span> <span class='ocrx_word' id='word_1_741' title='bbox 1322 4667 1492 4738; x_wconf 75' lang='grc' dir='ltr'>αὐτὴν</span> <span class='ocrx_word' id='word_1_742' title='bbox 1529 4666 1650 4737; x_wconf 80' lang='grc' dir='ltr'>ἔχον</span> <span class='ocrx_word' id='word_1_743' title='bbox 1706 4668 1933 4739; x_wconf 79' lang='grc' dir='ltr'>ἑνότητα</span> 
     </span>
    </p>
   </div>
   <div class='ocr_carea' id='block_1_95' title="bbox 356 4757 1930 4834">
    <p class='ocr_par' dir='ltr' id='par_1_95' title="bbox 356 4757 1930 4834">
     <span class='ocr_line' id='line_1_95' title="bbox 356 4757 1930 4834; baseline -0.003 -18"><span class='ocrx_word' id='word_1_744' title='bbox 356 4764 492 4834; x_wconf 81' lang='grc' dir='ltr'>πρὸς</span> <span class='ocrx_word' id='word_1_745' title='bbox 522 4763 616 4815; x_wconf 77' lang='grc' dir='ltr'><strong>τὸν</strong></span> <span class='ocrx_word' id='word_1_746' title='bbox 650 4760 799 4824; x_wconf 83' lang='grc' dir='ltr'>Υἱὺν,</span> <span class='ocrx_word' id='word_1_747' title='bbox 829 4761 896 4830; x_wconf 76' lang='grc' dir='ltr'>ἢν</span> <span class='ocrx_word' id='word_1_748' title='bbox 919 4759 1080 4821; x_wconf 72' lang='grc' dir='ltr'>αὐτὸς</span> <span class='ocrx_word' id='word_1_749' title='bbox 1108 4757 1222 4829; x_wconf 79' lang='grc' dir='ltr'>ἔχει</span> <span class='ocrx_word' id='word_1_750' title='bbox 1252 4761 1389 4828; x_wconf 81' lang='grc' dir='ltr'>πρὸς</span> <span class='ocrx_word' id='word_1_751' title='bbox 1417 4760 1504 4813; x_wconf 86' lang='grc' dir='ltr'><strong>τὸν</strong></span> <span class='ocrx_word' id='word_1_752' title='bbox 1535 4760 1774 4828; x_wconf 78' lang='grc' dir='ltr'>Πατέρα,</span> <span class='ocrx_word' id='word_1_753' title='bbox 1814 4760 1930 4812; x_wconf 67' lang='lat' dir='ltr'><strong>xti-</strong></span> 
     </span>
    </p>
   </div>
   <div class='ocr_carea' id='block_1_96' title="bbox 354 4850 1930 4924">
    <p class='ocr_par' dir='ltr' id='par_1_96' title="bbox 354 4850 1930 4924">
     <span class='ocr_line' id='line_1_96' title="bbox 354 4850 1930 4924; baseline -0.004 -18"><span class='ocrx_word' id='word_1_754' title='bbox 354 4870 470 4924; x_wconf 83' lang='grc' dir='ltr'><strong>σμα</strong></span> <span class='ocrx_word' id='word_1_755' title='bbox 523 4852 819 4920; x_wconf 76' lang='grc' dir='ltr'>λέγουσιν;</span> <span class='ocrx_word' id='word_1_756' title='bbox 866 4870 887 4902; x_wconf 76' lang='grc' dir='ltr'><strong>ι</strong></span> <span class='ocrx_word' id='word_1_757' title='bbox 923 4850 1030 4902; x_wconf 76' lang='grc' dir='ltr'>Καὶ</span> <span class='ocrx_word' id='word_1_758' title='bbox 1071 4852 1209 4919; x_wconf 73' lang='grc' dir='ltr'>μετὰ</span> <span class='ocrx_word' id='word_1_759' title='bbox 1263 4850 1436 4903; x_wconf 80' lang='grc' dir='ltr'>πολλὰ</span> <span class='ocrx_word' id='word_1_760' title='bbox 1485 4850 1584 4919; x_wconf 83' lang='grc' dir='ltr'>τῆς</span> <span class='ocrx_word' id='word_1_761' title='bbox 1642 4850 1930 4919; x_wconf 73' lang='grc' dir='ltr'>ἐπιστολῆς</span> 
     </span>
    </p>
   </div>
   <div class='ocr_carea' id='block_1_97' title="bbox 352 4940 1930 5013">
    <p class='ocr_par' dir='ltr' id='par_1_97' title="bbox 352 4940 1930 5013">
     <span class='ocr_line' id='line_1_97' title="bbox 352 4940 1930 5013; baseline -0.003 -16"><span class='ocrx_word' id='word_1_762' title='bbox 352 4945 600 5013; x_wconf 76' lang='grc' dir='ltr'>ταύτης·</span> <span class='ocrx_word' id='word_1_763' title='bbox 638 4959 656 4993; x_wconf 85' lang='grc' dir='ltr'><strong>ι</strong></span> <span class='ocrx_word' id='word_1_764' title='bbox 706 4940 926 5009; x_wconf 79' lang='grc' dir='ltr'>Ἀμέλει</span> <span class='ocrx_word' id='word_1_765' title='bbox 978 4942 1005 4993; x_wconf 87' lang='grc' dir='ltr'>ὁ</span> <span class='ocrx_word' id='word_1_766' title='bbox 1058 4941 1157 5009; x_wconf 84' lang='grc' dir='ltr'><strong>μὲν</strong></span> <span class='ocrx_word' id='word_1_767' title='bbox 1198 4941 1324 5003; x_wconf 72' lang='grc' dir='ltr'><strong>Υἱὸς</strong></span> <span class='ocrx_word' id='word_1_768' title='bbox 1374 4943 1526 5009; x_wconf 80' lang='grc' dir='ltr'>παρὰ</span> <span class='ocrx_word' id='word_1_769' title='bbox 1572 4940 1665 4993; x_wconf 84' lang='grc' dir='ltr'><strong>τοῦ</strong></span> <span class='ocrx_word' id='word_1_770' title='bbox 1724 4943 1930 5010; x_wconf 67' lang='grc' dir='ltr'>Πατρός</span> 
     </span>
    </p>
   </div>
   <div class='ocr_carea' id='block_1_98' title="bbox 355 5032 1928 5109">
    <p class='ocr_par' dir='ltr' id='par_1_98' title="bbox 355 5032 1928 5109">
     <span class='ocr_line' id='line_1_98' title="bbox 355 5032 1928 5109; baseline -0.004 -18"><span class='ocrx_word' id='word_1_771' title='bbox 355 5036 745 5109; x_wconf 77' lang='grc' dir='ltr'>ἀποστέλλεται</span> <span class='ocrx_word' id='word_1_772' title='bbox 776 5049 790 5064; x_wconf 90' lang='grc'><strong>·</strong></span> <span class='ocrx_word' id='word_1_773' title='bbox 835 5052 854 5085; x_wconf 78' lang='grc' dir='ltr'><strong>ι</strong></span> <span class='ocrx_word' id='word_1_774' title='bbox 889 5032 1046 5086; x_wconf 78' lang='grc' dir='ltr'>Οὕτω</span> <span class='ocrx_word' id='word_1_775' title='bbox 1077 5035 1204 5104; x_wconf 84' lang='grc' dir='ltr'>γὰρ,</span> <span class='ocrx_word' id='word_1_776' title='bbox 1238 5036 1424 5104; x_wconf 72' lang='grc' dir='ltr'>φησιν,</span> <span class='ocrx_word' id='word_1_777' title='bbox 1457 5037 1484 5086; x_wconf 88' lang='grc' dir='ltr'>ὁ</span> <span class='ocrx_word' id='word_1_778' title='bbox 1510 5034 1640 5097; x_wconf 84' lang='grc' dir='ltr'>Θεὸς</span> <span class='ocrx_word' id='word_1_779' title='bbox 1673 5036 1928 5104; x_wconf 66' lang='grc' dir='ltr'>ἠγάπησε</span> 
     </span>
    </p>
   </div>
   <div class='ocr_carea' id='block_1_99' title="bbox 354 5125 1928 5198">
    <p class='ocr_par' dir='ltr' id='par_1_99' title="bbox 354 5125 1928 5198">
     <span class='ocr_line' id='line_1_99' title="bbox 354 5125 1928 5198; baseline -0.002 -16"><span class='ocrx_word' id='word_1_780' title='bbox 354 5130 445 5183; x_wconf 84' lang='grc' dir='ltr'><strong>τὸν</strong></span> <span class='ocrx_word' id='word_1_781' title='bbox 499 5128 730 5198; x_wconf 81' lang='grc' dir='ltr'>κόσμον,</span> <span class='ocrx_word' id='word_1_782' title='bbox 792 5125 935 5180; x_wconf 82' lang='grc' dir='ltr'>ὥστε</span> <span class='ocrx_word' id='word_1_783' title='bbox 972 5125 1063 5178; x_wconf 78' lang='grc' dir='ltr'><strong>τὸν</strong></span> <span class='ocrx_word' id='word_1_784' title='bbox 1106 5126 1234 5179; x_wconf 84' lang='grc' dir='ltr'>Υἰὸν</span> <span class='ocrx_word' id='word_1_785' title='bbox 1287 5125 1453 5178; x_wconf 84' lang='grc' dir='ltr'>αὐτοῦ</span> <span class='ocrx_word' id='word_1_786' title='bbox 1518 5127 1607 5179; x_wconf 75' lang='grc' dir='ltr'><strong>τὸν</strong></span> <span class='ocrx_word' id='word_1_787' title='bbox 1664 5126 1928 5196; x_wconf 81' lang='grc' dir='ltr'>μονογενῆ</span> 
     </span>
    </p>
   </div>
   <div class='ocr_carea' id='block_1_100' title="bbox 356 5220 1933 5291">
    <p class='ocr_par' dir='ltr' id='par_1_100' title="bbox 356 5220 1933 5291">
     <span class='ocr_line' id='line_1_100' title="bbox 356 5220 1933 5291; baseline 0.001 -18"><span class='ocrx_word' id='word_1_788' title='bbox 356 5222 579 5276; x_wconf 70' lang='grc' dir='ltr'>ἕδωκενυ</span> <span class='ocrx_word' id='word_1_789' title='bbox 617 5240 636 5272; x_wconf 71' lang='grc' dir='ltr'><strong>ι</strong></span> <span class='ocrx_word' id='word_1_790' title='bbox 669 5224 697 5274; x_wconf 84' lang='grc' dir='ltr'>ὁ</span> <span class='ocrx_word' id='word_1_791' title='bbox 727 5221 784 5274; x_wconf 77' lang='grc' dir='ltr'>δὲ</span> <span class='ocrx_word' id='word_1_792' title='bbox 817 5220 942 5285; x_wconf 78' lang='grc' dir='ltr'>Υἱὸς</span> <span class='ocrx_word' id='word_1_793' title='bbox 973 5221 1034 5274; x_wconf 85' lang='grc' dir='ltr'><strong>τὸ</strong></span> <span class='ocrx_word' id='word_1_794' title='bbox 1067 5220 1293 5291; x_wconf 80' lang='grc' dir='ltr'>Πνεῦμα</span> <span class='ocrx_word' id='word_1_795' title='bbox 1328 5220 1670 5275; x_wconf 80' lang='grc' dir='ltr'>ἀποστέλλει.</span> <span class='ocrx_word' id='word_1_796' title='bbox 1739 5239 1758 5272; x_wconf 78' lang='grc' dir='ltr'><strong>ι</strong></span> <span class='ocrx_word' id='word_1_797' title='bbox 1806 5222 1933 5275; x_wconf 79' lang='grc' dir='ltr'><strong>Ἐὰν</strong></span> 
     </span>
    </p>
   </div>
   <div class='ocr_carea' id='block_1_101' title="bbox 358 5312 1934 5387">
    <p class='ocr_par' dir='ltr' id='par_1_101' title="bbox 358 5312 1934 5387">
     <span class='ocr_line' id='line_1_101' title="bbox 358 5312 1934 5387; baseline -0.001 -18"><span class='ocrx_word' id='word_1_798' title='bbox 358 5317 487 5387; x_wconf 81' lang='grc' dir='ltr'>γὰρ,</span> <span class='ocrx_word' id='word_1_799' title='bbox 545 5317 739 5386; x_wconf 71' lang='grc' dir='ltr'>φησιν,</span> <span class='ocrx_word' id='word_1_800' title='bbox 771 5313 882 5379; x_wconf 76' lang='grc' dir='ltr'><strong>ἐγὼ</strong></span> <span class='ocrx_word' id='word_1_801' title='bbox 916 5312 1157 5378; x_wconf 79' lang='grc' dir='ltr'>ἀπέλθω,</span> <span class='ocrx_word' id='word_1_802' title='bbox 1200 5314 1484 5367; x_wconf 77' lang='grc' dir='ltr'>ἀποστελῶ</span> <span class='ocrx_word' id='word_1_803' title='bbox 1517 5318 1608 5367; x_wconf 74' lang='grc' dir='ltr'><strong>τὸν</strong></span> <span class='ocrx_word' id='word_1_804' title='bbox 1640 5315 1934 5385; x_wconf 80' lang='grc' dir='ltr'>Παράκλη-</span> 
     </span>
    </p>
   </div>
   <div class='ocr_carea' id='block_1_102' title="bbox 360 5407 1930 5484">
    <p class='ocr_par' dir='ltr' id='par_1_102' title="bbox 360 5407 1930 5484">
     <span class='ocr_line' id='line_1_102' title="bbox 360 5407 1930 5484; baseline 0.004 -21"><span class='ocrx_word' id='word_1_805' title='bbox 360 5425 468 5463; x_wconf 86' lang='grc' dir='ltr'>τον.</span> <span class='ocrx_word' id='word_1_806' title='bbox 518 5428 538 5462; x_wconf 75' lang='grc' dir='ltr'><strong>ι</strong></span> <span class='ocrx_word' id='word_1_807' title='bbox 575 5410 688 5463; x_wconf 76' lang='grc' dir='ltr'><strong>Καὶ</strong></span> <span class='ocrx_word' id='word_1_808' title='bbox 716 5410 745 5460; x_wconf 84' lang='grc' dir='ltr'>ὁ</span> <span class='ocrx_word' id='word_1_809' title='bbox 776 5407 875 5479; x_wconf 83' lang='grc' dir='ltr'><strong>μὲν</strong></span> <span class='ocrx_word' id='word_1_810' title='bbox 919 5407 1047 5471; x_wconf 73' lang='grc' dir='ltr'>Υἱὸς</span> <span class='ocrx_word' id='word_1_811' title='bbox 1087 5410 1178 5464; x_wconf 78' lang='grc' dir='ltr'><strong>τὸν</strong></span> <span class='ocrx_word' id='word_1_812' title='bbox 1225 5413 1444 5482; x_wconf 86' lang='grc' dir='ltr'>Πατέρα</span> <span class='ocrx_word' id='word_1_813' title='bbox 1471 5413 1704 5481; x_wconf 78' lang='grc' dir='ltr'>δοξάζει,</span> <span class='ocrx_word' id='word_1_814' title='bbox 1738 5416 1930 5484; x_wconf 80' lang='grc' dir='ltr'>λέγων’</span> 
     </span>
    </p>
   </div>
   <div class='ocr_carea' id='block_1_103' title="bbox 369 5506 1934 5579">
    <p class='ocr_par' dir='ltr' id='par_1_103' title="bbox 369 5506 1934 5579">
     <span class='ocr_line' id='line_1_103' title="bbox 369 5506 1934 5579; baseline 0.005 -23"><span class='ocrx_word' id='word_1_815' title='bbox 369 5524 388 5556; x_wconf 79' lang='grc' dir='ltr'><strong>ι</strong></span> <span class='ocrx_word' id='word_1_816' title='bbox 430 5506 639 5578; x_wconf 84' lang='grc' dir='ltr'>Πάτερ,</span> <span class='ocrx_word' id='word_1_817' title='bbox 675 5507 790 5576; x_wconf 73' lang='grc' dir='ltr'><strong>ἐγώ</strong></span> <span class='ocrx_word' id='word_1_818' title='bbox 818 5526 878 5563; x_wconf 86' lang='grc' dir='ltr'><strong>σε</strong></span> <span class='ocrx_word' id='word_1_819' title='bbox 909 5507 1155 5575; x_wconf 77' lang='grc' dir='ltr'>ἐδόξασα.</span> <span class='ocrx_word' id='word_1_820' title='bbox 1194 5528 1214 5560; x_wconf 70' lang='grc' dir='ltr'><strong>ι</strong></span> <span class='ocrx_word' id='word_1_821' title='bbox 1270 5509 1342 5564; x_wconf 77' lang='grc' dir='ltr'><strong>Τὸ</strong></span> <span class='ocrx_word' id='word_1_822' title='bbox 1374 5508 1432 5562; x_wconf 78' lang='grc' dir='ltr'>δὲ</span> <span class='ocrx_word' id='word_1_823' title='bbox 1461 5508 1686 5579; x_wconf 83' lang='grc' dir='ltr'>Πνεῦμα</span> <span class='ocrx_word' id='word_1_824' title='bbox 1724 5507 1934 5573; x_wconf 75' lang='grc' dir='ltr'>δοξάζει</span> 
     </span>
    </p>
   </div>
   <div class='ocr_carea' id='block_1_104' title="bbox 376 5702 395 5735">
    <p class='ocr_par' dir='ltr' id='par_1_104' title="bbox 376 5702 395 5735">
     <span class='ocr_line' id='line_1_104' title="bbox 376 5702 395 5735; baseline 0 0"><span class='ocrx_word' id='word_1_825' title='bbox 376 5702 395 5735; x_wconf 75' lang='grc' dir='ltr'><strong>ι</strong></span> 
     </span>
    </p>
   </div>
   <div class='ocr_carea' id='block_1_105' title="bbox 440 5751 1509 5821">
    <p class='ocr_par' dir='ltr' id='par_1_105' title="bbox 440 5751 1509 5821">
     <span class='ocr_line' id='line_1_105' title="bbox 440 5751 1509 5821; baseline 0 -13"><span class='ocrx_word' id='word_1_826' title='bbox 440 5755 686 5811; x_wconf 76' lang='lat' dir='ltr'><strong>“‘Joan.</strong></span> <span class='ocrx_word' id='word_1_827' title='bbox 731 5768 814 5820; x_wconf 82' lang='lat' dir='ltr'><strong>tu,</strong></span> <span class='ocrx_word' id='word_1_828' title='bbox 852 5752 933 5806; x_wconf 86' lang='lat' dir='ltr'><strong>l6.</strong></span> <span class='ocrx_word' id='word_1_829' title='bbox 1015 5751 1236 5809; x_wconf 86' lang='lat' dir='ltr'><strong>&quot;Joan.</strong></span> <span class='ocrx_word' id='word_1_830' title='bbox 1273 5769 1385 5821; x_wconf 72' lang='lat' dir='ltr'><strong>XVI,</strong></span> <span class='ocrx_word' id='word_1_831' title='bbox 1425 5754 1509 5809; x_wconf 85' lang='lat' dir='ltr'><strong>l7.</strong></span> 
     </span>
    </p>
   </div>
   <div class='ocr_carea' id='block_1_106' title="bbox 1589 5752 2062 5823">
    <p class='ocr_par' dir='ltr' id='par_1_106' title="bbox 1589 5752 2062 5823">
     <span class='ocr_line' id='line_1_106' title="bbox 1589 5752 2062 5823; baseline 0.006 -17"><span class='ocrx_word' id='word_1_832' title='bbox 1589 5755 1630 5785; x_wconf 83' lang='lat'><strong>“&#39;</strong></span> <span class='ocrx_word' id='word_1_833' title='bbox 1656 5752 1812 5808; x_wconf 83' lang='lat' dir='ltr'><strong>Joan.</strong></span> <span class='ocrx_word' id='word_1_834' title='bbox 1844 5769 1976 5823; x_wconf 74' lang='lat' dir='ltr'><strong>xt&#39;tt,</strong></span> <span class='ocrx_word' id='word_1_835' title='bbox 2010 5755 2062 5809; x_wconf 67' lang='grc'>4.</span> 
     </span>
    </p>
   </div>
   <div class='ocr_carea' id='block_1_107' title="bbox 2035 4473 3617 4548">
    <p class='ocr_par' dir='ltr' id='par_1_107' title="bbox 2035 4473 3617 4548">
     <span class='ocr_line' id='line_1_107' title="bbox 2035 4473 3617 4548; baseline -0.01 -7"><span class='ocrx_word' id='word_1_836' title='bbox 2035 4487 2250 4542; x_wconf 82' lang='lat' dir='ltr'><strong>Patrem</strong></span> <span class='ocrx_word' id='word_1_837' title='bbox 2286 4486 2530 4540; x_wconf 88' lang='lat' dir='ltr'><strong>abnuunt</strong></span> <span class='ocrx_word' id='word_1_838' title='bbox 2560 4499 2681 4539; x_wconf 86' lang='lat' dir='ltr'><strong>esse</strong></span> <span class='ocrx_word' id='word_1_839' title='bbox 2710 4491 3019 4537; x_wconf 85' lang='lat' dir='ltr'><strong>creaturam</strong></span> <span class='ocrx_word' id='word_1_840' title='bbox 3050 4479 3226 4548; x_wconf 90' lang='lat' dir='ltr'><strong>ipsum</strong></span> <span class='ocrx_word' id='word_1_841' title='bbox 3261 4473 3484 4538; x_wconf 81' lang='lat' dir='ltr'><strong>Filium,</strong></span> <span class='ocrx_word' id='word_1_842' title='bbox 3511 4486 3617 4543; x_wconf 83' lang='lat' dir='ltr'><strong>qua</strong></span> 
     </span>
    </p>
   </div>
   <div class='ocr_carea' id='block_1_108' title="bbox 2034 4564 3619 4649">
    <p class='ocr_par' dir='ltr' id='par_1_108' title="bbox 2034 4564 3619 4649">
     <span class='ocr_line' id='line_1_108' title="bbox 2034 4564 3619 4649; baseline -0.012 -13"><span class='ocrx_word' id='word_1_843' title='bbox 2034 4581 2101 4636; x_wconf 90' lang='lat' dir='ltr'><strong>de</strong></span> <span class='ocrx_word' id='word_1_844' title='bbox 2130 4595 2292 4635; x_wconf 88' lang='lat' dir='ltr'><strong>causa</strong></span> <span class='ocrx_word' id='word_1_845' title='bbox 2323 4578 2581 4649; x_wconf 87' lang='lat' dir='ltr'><strong>Spiritum</strong></span> <span class='ocrx_word' id='word_1_846' title='bbox 2608 4586 2854 4634; x_wconf 86' lang='lat' dir='ltr'><strong>sanctum</strong></span> <span class='ocrx_word' id='word_1_847' title='bbox 2890 4571 3132 4644; x_wconf 83' lang='lat' dir='ltr'><strong>ejutdem</strong></span> <span class='ocrx_word' id='word_1_848' title='bbox 3174 4568 3351 4625; x_wconf 82' lang='lat' dir='ltr'><strong>unitat</strong></span> <span class='ocrx_word' id='word_1_849' title='bbox 3373 4582 3400 4623; x_wconf 93' lang='lat' dir='ltr'><strong>s</strong></span> <span class='ocrx_word' id='word_1_850' title='bbox 3425 4569 3491 4620; x_wconf 88' lang='lat' dir='ltr'><strong>ad</strong></span> <span class='ocrx_word' id='word_1_851' title='bbox 3524 4564 3619 4618; x_wconf 78' lang='lat' dir='ltr'><strong>Fi-</strong></span> 
     </span>
    </p>
   </div>
   <div class='ocr_carea' id='block_1_109' title="bbox 2035 4666 3616 4742">
    <p class='ocr_par' dir='ltr' id='par_1_109' title="bbox 2035 4666 3616 4742">
     <span class='ocr_line' id='line_1_109' title="bbox 2035 4666 3616 4742; baseline -0.008 -15"><span class='ocrx_word' id='word_1_852' title='bbox 2035 4673 2191 4738; x_wconf 90' lang='lat' dir='ltr'><strong>lium,</strong></span> <span class='ocrx_word' id='word_1_853' title='bbox 2223 4688 2386 4742; x_wconf 91' lang='lat' dir='ltr'><strong>quam</strong></span> <span class='ocrx_word' id='word_1_854' title='bbox 2444 4670 2615 4726; x_wconf 89' lang='lat' dir='ltr'><strong>Filius</strong></span> <span class='ocrx_word' id='word_1_855' title='bbox 2673 4671 2835 4725; x_wconf 87' lang='lat' dir='ltr'><strong>habet</strong></span> <span class='ocrx_word' id='word_1_856' title='bbox 2893 4668 2962 4722; x_wconf 85' lang='lat' dir='ltr'><strong>ad</strong></span> <span class='ocrx_word' id='word_1_857' title='bbox 3010 4666 3249 4732; x_wconf 86' lang='lat' dir='ltr'><strong>Patrem,</strong></span> <span class='ocrx_word' id='word_1_858' title='bbox 3312 4670 3616 4732; x_wconf 89' lang='lat' dir='ltr'><strong>compotem</strong></span> 
     </span>
    </p>
   </div>
   <div class='ocr_carea' id='block_1_110' title="bbox 2036 4752 3614 4829">
    <p class='ocr_par' dir='ltr' id='par_1_110' title="bbox 2036 4752 3614 4829">
     <span class='ocr_line' id='line_1_110' title="bbox 2036 4752 3614 4829; baseline -0.013 -8"><span class='ocrx_word' id='word_1_859' title='bbox 2036 4776 2343 4821; x_wconf 88' lang='lat' dir='ltr'><strong>creaturam</strong></span> <span class='ocrx_word' id='word_1_860' title='bbox 2397 4762 2684 4819; x_wconf 86' lang='lat' dir='ltr'><strong>asserunt?</strong></span> <span class='ocrx_word' id='word_1_861' title='bbox 2751 4781 2769 4815; x_wconf 69' lang='grc' dir='ltr'><strong>ι</strong></span> <span class='ocrx_word' id='word_1_862' title='bbox 2835 4763 2901 4816; x_wconf 68' lang='lat' dir='ltr'><strong>lit</strong></span> <span class='ocrx_word' id='word_1_863' title='bbox 2960 4757 3209 4829; x_wconf 87' lang='lat' dir='ltr'><strong>pluribus</strong></span> <span class='ocrx_word' id='word_1_864' title='bbox 3270 4752 3614 4823; x_wconf 77' lang='lat' dir='ltr'><strong>interjeCtts:</strong></span> 
     </span>
    </p>
   </div>
   <div class='ocr_carea' id='block_1_111' title="bbox 2045 4845 3618 4927">
    <p class='ocr_par' dir='ltr' id='par_1_111' title="bbox 2045 4845 3618 4927">
     <span class='ocr_line' id='line_1_111' title="bbox 2045 4845 3618 4927; baseline -0.01 -15"><span class='ocrx_word' id='word_1_865' title='bbox 2045 4859 2349 4914; x_wconf 73' lang='lat' dir='ltr'><strong>I&#39;Pl‘OfeClO</strong></span> <span class='ocrx_word' id='word_1_866' title='bbox 2383 4857 2554 4913; x_wconf 88' lang='lat' dir='ltr'><strong>Filius</strong></span> <span class='ocrx_word' id='word_1_867' title='bbox 2587 4857 2804 4927; x_wconf 87' lang='lat' dir='ltr'><strong>quidem</strong></span> <span class='ocrx_word' id='word_1_868' title='bbox 2857 4870 2887 4908; x_wconf 90' lang='lat' dir='ltr'><strong>a</strong></span> <span class='ocrx_word' id='word_1_869' title='bbox 2919 4853 3079 4907; x_wconf 86' lang='lat' dir='ltr'><strong>Patre</strong></span> <span class='ocrx_word' id='word_1_870' title='bbox 3118 4850 3357 4904; x_wconf 86' lang='lat' dir='ltr'><strong>mittitur</strong></span> <span class='ocrx_word' id='word_1_871' title='bbox 3401 4865 3415 4900; x_wconf 91' lang='lat'>:</span> <span class='ocrx_word' id='word_1_872' title='bbox 3469 4864 3488 4897; x_wconf 79' lang='grc' dir='ltr'><strong>ι</strong></span> <span class='ocrx_word' id='word_1_873' title='bbox 3528 4845 3618 4897; x_wconf 73' lang='lat' dir='ltr'><strong>Sc</strong></span> 
     </span>
    </p>
   </div>
   <div class='ocr_carea' id='block_1_112' title="bbox 2039 4940 3692 5020">
    <p class='ocr_par' dir='ltr' id='par_1_112' title="bbox 2039 4940 3692 5020">
     <span class='ocr_line' id='line_1_112' title="bbox 2039 4940 3692 5020; baseline -0.01 -13"><span class='ocrx_word' id='word_1_874' title='bbox 2039 4955 2205 5016; x_wconf 87' lang='lat' dir='ltr'><strong>enim,</strong></span> <span class='ocrx_word' id='word_1_875' title='bbox 2238 4952 2433 5020; x_wconf 89' lang='lat' dir='ltr'><strong>inquit,</strong></span> <span class='ocrx_word' id='word_1_876' title='bbox 2472 4953 2610 5005; x_wconf 88' lang='lat' dir='ltr'><strong>Deus</strong></span> <span class='ocrx_word' id='word_1_877' title='bbox 2635 4949 2899 5002; x_wconf 89' lang='lat' dir='ltr'><strong>mundum</strong></span> <span class='ocrx_word' id='word_1_878' title='bbox 2936 4946 3131 5001; x_wconf 79' lang='lat' dir='ltr'><strong>dilexit</strong></span> <span class='ocrx_word' id='word_1_879' title='bbox 3161 4940 3429 4997; x_wconf 88' lang='lat' dir='ltr'><strong>utFilium</strong></span> <span class='ocrx_word' id='word_1_880' title='bbox 3456 4954 3617 4994; x_wconf 82' lang='lat' dir='ltr'><strong>suum</strong></span> <span class='ocrx_word' id='word_1_881' title='bbox 3686 4948 3692 4956; x_wconf 84' lang='lat'><strong><em>‘</em></strong></span> 
     </span>
    </p>
   </div>
   <div class='ocr_carea' id='block_1_113' title="bbox 2041 5033 3616 5115">
    <p class='ocr_par' dir='ltr' id='par_1_113' title="bbox 2041 5033 3616 5115">
     <span class='ocr_line' id='line_1_113' title="bbox 2041 5033 3616 5115; baseline -0.011 -15"><span class='ocrx_word' id='word_1_882' title='bbox 2041 5046 2383 5115; x_wconf 81' lang='lat' dir='ltr'><strong>unigenitum</strong></span> <span class='ocrx_word' id='word_1_883' title='bbox 2423 5044 2577 5098; x_wconf 89' lang='lat' dir='ltr'><strong>daret</strong></span> <span class='ocrx_word' id='word_1_884' title='bbox 2605 5042 2707 5106; x_wconf 77' lang='grc'><strong>¹⁶¹;</strong></span> <span class='ocrx_word' id='word_1_885' title='bbox 2736 5059 2755 5092; x_wconf 72' lang='grc' dir='ltr'><strong>ι</strong></span> <span class='ocrx_word' id='word_1_886' title='bbox 2784 5040 2954 5095; x_wconf 77' lang='lat' dir='ltr'><strong>Filius</strong></span> <span class='ocrx_word' id='word_1_887' title='bbox 2987 5055 3117 5094; x_wconf 85' lang='lat' dir='ltr'><strong>vero</strong></span> <span class='ocrx_word' id='word_1_888' title='bbox 3136 5036 3397 5107; x_wconf 89' lang='lat' dir='ltr'><strong>Spiritum</strong></span> <span class='ocrx_word' id='word_1_889' title='bbox 3430 5033 3616 5096; x_wconf 86' lang='lat' dir='ltr'><strong>mittit,</strong></span> 
     </span>
    </p>
   </div>
   <div class='ocr_carea' id='block_1_114' title="bbox 2043 5126 3612 5206">
    <p class='ocr_par' dir='ltr' id='par_1_114' title="bbox 2043 5126 3612 5206">
     <span class='ocr_line' id='line_1_114' title="bbox 2043 5126 3612 5206; baseline -0.011 -14"><span class='ocrx_word' id='word_1_890' title='bbox 2043 5158 2060 5192; x_wconf 84' lang='grc' dir='ltr'><strong>ι</strong></span> <span class='ocrx_word' id='word_1_891' title='bbox 2102 5141 2157 5193; x_wconf 86' lang='lat' dir='ltr'><strong>Si</strong></span> <span class='ocrx_word' id='word_1_892' title='bbox 2188 5139 2355 5204; x_wconf 87' lang='lat' dir='ltr'><strong>enim,</strong></span> <span class='ocrx_word' id='word_1_893' title='bbox 2385 5139 2482 5203; x_wconf 89' lang='lat' dir='ltr'><strong>ait,</strong></span> <span class='ocrx_word' id='word_1_894' title='bbox 2511 5151 2609 5206; x_wconf 84' lang='lat' dir='ltr'><strong>ego</strong></span> <span class='ocrx_word' id='word_1_895' title='bbox 2639 5135 2845 5199; x_wconf 90' lang='lat' dir='ltr'><strong>abiero,</strong></span> <span class='ocrx_word' id='word_1_896' title='bbox 2879 5134 3088 5186; x_wconf 87' lang='lat' dir='ltr'><strong>mittam</strong></span> <span class='ocrx_word' id='word_1_897' title='bbox 3123 5130 3460 5184; x_wconf 80' lang='lat' dir='ltr'><strong>Paracletum</strong></span> <span class='ocrx_word' id='word_1_898' title='bbox 3491 5126 3556 5177; x_wconf 84' lang='lat'><strong>&quot;.</strong></span> <span class='ocrx_word' id='word_1_899' title='bbox 3592 5143 3612 5175; x_wconf 79' lang='grc' dir='ltr'><strong>ι</strong></span> 
     </span>
    </p>
   </div>
   <div class='ocr_carea' id='block_1_115' title="bbox 2041 5221 3618 5299">
    <p class='ocr_par' dir='ltr' id='par_1_115' title="bbox 2041 5221 3618 5299">
     <span class='ocr_line' id='line_1_115' title="bbox 2041 5221 3618 5299; baseline -0.01 -14"><span class='ocrx_word' id='word_1_900' title='bbox 2041 5232 2105 5285; x_wconf 65' lang='lat' dir='ltr'><strong>lit</strong></span> <span class='ocrx_word' id='word_1_901' title='bbox 2133 5230 2304 5285; x_wconf 79' lang='lat' dir='ltr'><strong>Filius</strong></span> <span class='ocrx_word' id='word_1_902' title='bbox 2330 5231 2551 5299; x_wconf 88' lang='lat' dir='ltr'><strong>quidem</strong></span> <span class='ocrx_word' id='word_1_903' title='bbox 2581 5227 2796 5283; x_wconf 73' lang='lat' dir='ltr'><strong>Patrem</strong></span> <span class='ocrx_word' id='word_1_904' title='bbox 2846 5228 3139 5295; x_wconf 73' lang='lat' dir='ltr'><strong>gloriticat,</strong></span> <span class='ocrx_word' id='word_1_905' title='bbox 3171 5226 3361 5277; x_wconf 87' lang='lat' dir='ltr'><strong>dicens</strong></span> <span class='ocrx_word' id='word_1_906' title='bbox 3400 5238 3415 5275; x_wconf 91' lang='lat'><strong>:</strong></span> <span class='ocrx_word' id='word_1_907' title='bbox 3453 5237 3472 5271; x_wconf 81' lang='grc' dir='ltr'><strong>ι</strong></span> <span class='ocrx_word' id='word_1_908' title='bbox 3512 5221 3618 5272; x_wconf 82' lang='lat' dir='ltr'><strong>Pa-</strong></span> 
     </span>
    </p>
   </div>
   <div class='ocr_carea' id='block_1_116' title="bbox 2039 5314 3618 5403">
    <p class='ocr_par' dir='ltr' id='par_1_116' title="bbox 2039 5314 3618 5403">
     <span class='ocr_line' id='line_1_116' title="bbox 2039 5314 3618 5403; baseline -0.009 -23"><span class='ocrx_word' id='word_1_909' title='bbox 2039 5335 2139 5389; x_wconf 84' lang='lat' dir='ltr'><strong>ter,</strong></span> <span class='ocrx_word' id='word_1_910' title='bbox 2171 5343 2271 5403; x_wconf 76' lang='lat' dir='ltr'><strong>ego</strong></span> <span class='ocrx_word' id='word_1_911' title='bbox 2319 5334 2370 5378; x_wconf 89' lang='lat' dir='ltr'><strong>te</strong></span> <span class='ocrx_word' id='word_1_912' title='bbox 2399 5322 2697 5393; x_wconf 78' lang='lat' dir='ltr'><strong>gloriﬁcavi</strong></span> <span class='ocrx_word' id='word_1_913' title='bbox 2725 5322 2788 5376; x_wconf 81' lang='lat'><strong>“&#39;.</strong></span> <span class='ocrx_word' id='word_1_914' title='bbox 2829 5339 2849 5373; x_wconf 73' lang='grc' dir='ltr'><strong>ι</strong></span> <span class='ocrx_word' id='word_1_915' title='bbox 2889 5320 3123 5387; x_wconf 86' lang='lat' dir='ltr'><strong>Spiritus</strong></span> <span class='ocrx_word' id='word_1_916' title='bbox 3178 5331 3306 5369; x_wconf 79' lang='lat' dir='ltr'><strong>vero</strong></span> <span class='ocrx_word' id='word_1_917' title='bbox 3352 5314 3618 5386; x_wconf 73' lang='lat' dir='ltr'><strong>gloriﬂeat</strong></span> 
     </span>
    </p>
   </div>
   <div class='ocr_carea' id='block_1_117' title="bbox 2039 5404 3618 5481">
    <p class='ocr_par' dir='ltr' id='par_1_117' title="bbox 2039 5404 3618 5481">
     <span class='ocr_line' id='line_1_117' title="bbox 2039 5404 3618 5481; baseline -0.008 -12"><span class='ocrx_word' id='word_1_918' title='bbox 2039 5415 2236 5470; x_wconf 86' lang='lat' dir='ltr'><strong>Filium</strong></span> <span class='ocrx_word' id='word_1_919' title='bbox 2262 5434 2307 5469; x_wconf 78' lang='grc' dir='ltr'><strong>ει</strong></span> <span class='ocrx_word' id='word_1_920' title='bbox 2332 5416 2422 5471; x_wconf 85' lang='lat' dir='ltr'><strong>ille</strong></span> <span class='ocrx_word' id='word_1_921' title='bbox 2440 5416 2583 5470; x_wconf 89' lang='lat' dir='ltr'><strong>enim</strong></span> <span class='ocrx_word' id='word_1_922' title='bbox 2598 5453 2612 5479; x_wconf 91' lang='lat'><strong>,</strong></span> <span class='ocrx_word' id='word_1_923' title='bbox 2630 5413 2785 5477; x_wconf 88' lang='lat' dir='ltr'><strong>dicit,</strong></span> <span class='ocrx_word' id='word_1_924' title='bbox 2814 5428 2899 5466; x_wconf 89' lang='lat' dir='ltr'><strong>me</strong></span> <span class='ocrx_word' id='word_1_925' title='bbox 2917 5408 3256 5481; x_wconf 84' lang='lat' dir='ltr'><strong>gloriﬁcabit.</strong></span> <span class='ocrx_word' id='word_1_926' title='bbox 3279 5404 3427 5458; x_wconf 61' lang='lat' dir='ltr'><strong>&quot;:Et</strong></span> <span class='ocrx_word' id='word_1_927' title='bbox 3450 5404 3618 5458; x_wconf 71' lang='lat' dir='ltr'><strong>Filius</strong></span> 
     </span>
    </p>
   </div>
   <div class='ocr_carea' id='block_1_118' title="bbox 2040 5499 3619 5581">
    <p class='ocr_par' dir='ltr' id='par_1_118' title="bbox 2040 5499 3619 5581">
     <span class='ocr_line' id='line_1_118' title="bbox 2040 5499 3619 5581; baseline -0.007 -18"><span class='ocrx_word' id='word_1_928' title='bbox 2040 5510 2257 5581; x_wconf 87' lang='lat' dir='ltr'><strong>quidem</strong></span> <span class='ocrx_word' id='word_1_929' title='bbox 2296 5512 2463 5565; x_wconf 86' lang='lat' dir='ltr'><strong>dicit:</strong></span> <span class='ocrx_word' id='word_1_930' title='bbox 2507 5528 2525 5561; x_wconf 83' lang='grc' dir='ltr'><strong>ι</strong></span> <span class='ocrx_word' id='word_1_931' title='bbox 2573 5509 2704 5575; x_wconf 64' lang='lat' dir='ltr'><strong>Quae</strong></span> <span class='ocrx_word' id='word_1_932' title='bbox 2752 5506 2935 5562; x_wconf 80' lang='lat' dir='ltr'><strong>audivi</strong></span> <span class='ocrx_word' id='word_1_933' title='bbox 2975 5520 3005 5559; x_wconf 86' lang='lat' dir='ltr'><strong>a</strong></span> <span class='ocrx_word' id='word_1_934' title='bbox 3033 5504 3213 5568; x_wconf 84' lang='lat' dir='ltr'><strong>Patre,</strong></span> <span class='ocrx_word' id='word_1_935' title='bbox 3262 5502 3377 5556; x_wconf 66' lang='lat' dir='ltr'><strong>haec</strong></span> <span class='ocrx_word' id='word_1_936' title='bbox 3426 5510 3480 5556; x_wconf 89' lang='lat' dir='ltr'><strong>et.</strong></span> <span class='ocrx_word' id='word_1_937' title='bbox 3536 5499 3619 5553; x_wconf 82' lang='lat' dir='ltr'><strong>lo-</strong></span> 
     </span>
    </p>
   </div>
   <div class='ocr_carea' id='block_1_119' title="bbox 2144 5752 2629 5818">
    <p class='ocr_par' dir='ltr' id='par_1_119' title="bbox 2144 5752 2629 5818">
     <span class='ocr_line' id='line_1_119' title="bbox 2144 5752 2629 5818; baseline -0.01 -8"><span class='ocrx_word' id='word_1_938' title='bbox 2144 5756 2182 5785; x_wconf 81' lang='lat'><strong>&#39;°</strong></span> <span class='ocrx_word' id='word_1_939' title='bbox 2207 5753 2364 5810; x_wconf 76' lang='lat' dir='ltr'><strong>Joan.</strong></span> <span class='ocrx_word' id='word_1_940' title='bbox 2401 5770 2511 5818; x_wconf 66' lang='grc' dir='ltr'>ιιι,</span> <span class='ocrx_word' id='word_1_941' title='bbox 2544 5752 2629 5806; x_wconf 75' lang='grc'><strong>14.</strong></span> 
     </span>
    </p>
   </div>
  </div>
