4054 6406
284 354 378 418 169

1288 342 1386 402 DE
1427 337 1942 402 PROCESSIONE
2087 336 2470 399 SPIRITUS.

3414 323 3517 383 170

280 465 527 534 Πατέρων
556 459 742 515 πίστιν
772 455 1117 529 μεταδιώκω,
1147 454 1222 520 τί,
1263 453 1461 524 παρεὶς
1496 452 1624 516 τοὺς
1657 450 1830 506 Πατέ-
1861 470 1876 517 Α

1975 465 2046 513 ir,
2079 449 2172 519 qui
2203 449 2301 502 has
2314 445 2534 501 fraudes
2547 449 2842 503 consunnt.
2868 437 3032 492 Novit
3058 434 3323 489 Dominus
3348 447 3517 498 suos;

284 575 396 629 ρας,
425 531 568 625 -ὲμοὶ
618 551 918 620 πολεμεῖςς
960 549 1019 602 Ei
1069 546 1309 602 πιστεύω
1357 547 1438 611 είς
1489 544 1734 615 Πατέρα,
1789 542 1841 596 εί

1979 540 2118 610 tqui
2153 539 2517 594 calumniatur
2548 548 2861 606 pauperem,
2891 531 3034 585 illius
3067 539 3366 584 creatorem
3400 531 3520 579 irri~

280 622 515 722 δμολογιῖ)
543 644 695 706 Υἱὺν,
726 644 777 695 εί
811 642 886 712 μὴ
918 639 1096 694 ἀθετῶ
1124 639 1188 693 τὸ
1222 637 1470 708 Πνεῦμα,
1506 636 1581 702 τί,
1611 637 1671 689 τὸ
1709 634 1843 706 ὲμδν

1975 641 2042 687 at.
2070 634 2125 686 Si
2150 629 2371 684 Patrum
2388 630 2550 684 tidem
2575 642 2797 697 sequor,
2816 622 3166 695 quid,Patres
3184 622 3526 690 praeteriens,

283 715 562 814 πρόσωπον
611 736 970 801 ὑποθέμενος,
1021 733 1101 802 τῷ
1150 733 1344 803 Κυρίῳ
1391 730 1686 799 πολεμεῐς;
1747 727 1843 790 Τίς

1975 723 2079 778 nilii
2113 723 2312 778 bellum
2345 719 2544 786 infers;
2574 720 2621 776 si
2643 718 2808 774 credo
2838 718 2891 770 in
2921 715 3159 780 Patrem,
3186 715 3231 766 si
3265 715 3530 766 confiteor

285 833 530 889 κατέλιπε
584 828 870 900 βαπτίζειν
917 827 994 890 είς
1036 827 1208 895 ὄνομα
1245 823 1480 895 Πατρδς,
1530 822 1628 876 καὶ
1682 819 1842 885 Υίοῦ,

286 928 372 980 καὶ
418 924 574 992 ἁγίου
607 920 967 990 Πνεύματος;
1015 917 1155 984 Ἐγὼ
1186 916 1218 986 ἢ
1250 918 1278 969 ό
1311 913 1590 984 Δεσπότης
1617 930 1632 978 ;
1689 912 1846 976 Τίνος

286 1017 349 1069 τὰ
378 1016 632 1087 Mira-ra;
664 1011 758 1064 τοῦ
787 1007 1105 1081 κὴρυκος,ῆ
1136 1007 1229 1060 τοῦ
1262 1004 1724 1071 ἀποστείλαντοςς
1757 1002 1848 1069 Τί,

289 1111 341 1162 τὸ
382 1106 516 1176 ἐμὸν
554 1105 844 1176 πρόσωπον
901 1099 1226 1154 εύεπίὸατον
1278 1099 1399 1161 ταῖς
1455 1094 1850 1165 συκοφαντίαις

291 1198 473 1270 ιδρὼν,
501 1199 571 1252 δι’
603 1194 741 1264 ἐμοῦ
772 1195 1028 1264 πολεμεῖς
1059 1195 1125 1261 τῇ
1148 1188 1497 1260 ἀληθείᾳςδι⁹
1528 1185 1665 1258 ἐμοῦ
1688 1201 1852 1239 κατα-

294 1293 443 1352 σείεις
485 1288 547 1340 τὸ
573 1286 841 1357 ὀχύρωμα
864 1286 964 1354 τῆς
995 1285 1265 1345 πίστεως;
1315 1278 1456 1333 Ἀλλ’
1479 1276 1590 1347 ἐγὼ
1621 1278 1721 1348 μὲν
1767 1292 1851 1329 σοι

295 1382 571 1446 εὐάλωτος,
603 1380 638 1448 ἡ
660 1378 717 1431 δὲ
746 1374 928 1437 πίστις
956 1373 1227 1434 ἀσειστος.
1258 1388 1280 1423 ι

1949 816 2169 881 Filium,
2192 816 2239 870 si
2272 830 2380 869 non
2404 812 2597 884 rejicio
2636 810 2920 882 Spiritum,
2955 809 3117 877 quid,
3140 820 3316 860 meam
3347 819 3534 872 peisn—

1951 925 2074 962 nam
2098 922 2387 963 assumens
2413 946 2430 971 ,
2455 921 2577 961 cum
2613 904 2842 959 Domino
2871 904 3073 957 ferrum
3112 897 3365 954 confers?
3398 894 3534 961 Quis

1950 1001 2006 1055 in
2036 1000 2310 1063 mandatis
2342 1000 2513 1066 dedit,
2570 1007 2630 1053 ut
2662 998 3035 1067 baptizaretur
3067 994 3121 1047 in
3163 991 3383 1046 nomine
3418 988 3490 1042 Pa
3512 1017 3536 1028 ο

1953 1094 2072 1159 tris,
2101 1102 2154 1146 et
2185 1091 2328 1156 Filii,
2360 1100 2416 1147 et
2445 1092 2684 1163 Spiritus
2729 1088 2943 1145 sancti?
2987 1089 3165 1159 Egone
3223 1103 3291 1139 an
3352 1085 3538 1138 Domi-

1953 1183 2094 1238 nus?
2135 1183 2306 1254 Cujus
2335 1193 2466 1239 sunt
2523 1182 2736 1238 verba?
2774 1182 3062 1251 praeconis,
3112 1194 3179 1232 an
3236 1176 3383 1231 illius
3442 1175 3537 1243 qui

1954 1276 2142 1331 misit?
2179 1276 2342 1343 Quid,
2387 1280 2785 1343 personaﬁnea
2821 1273 3114 1328 calumniis
3163 1271 3340 1340 appeti
3395 1270 3538 1323 facili

1955 1377 2257 1436 comperta,
2293 1382 2389 1437 per
2424 1381 2512 1421 me
2569 1366 2778 1420 veritati
2814 1364 3011 1419 bellum
3044 1362 3285 1418 indicis?
3334 1376 3424 1429 per
3453 1376 3539 1413 me

1876 1500 1887 1511 κ
1956 1459 2081 1514 fidei
2109 1458 2341 1529 fulcrum
2368 1460 2653 1514 concutis?
2678 1458 2780 1513 Sed
2822 1458 2937 1524 ipse
2970 1456 3125 1511 facile
3151 1469 3374 1525 possum
3426 1467 3456 1505 a
3491 1461 3545 1505 te

363 1678 425 1731 η.
451 1658 563 1713 Καὶ
608 1656 644 1711 ἃ
690 1653 789 1725 μὲν
817 1654 848 1706 ὁ
884 1651 1058 1723 μέγας
1087 1648 1370 1711 Βασίλειος
1399 1648 1542 1702 κατά
1590 1646 1705 1703 τῶν
1736 1645 1855 1699 δια-

312 1751 586 1807 δαλλόντων
603 1748 701 1809 τὰς
732 1744 899 1801 αὑτοῦ
929 1742 1212 1810 θεολογίας
1241 1740 1398 1813 φησὶ,
1427 1739 1627 1794 ταῦτα.
1666 1739 1856 1809 Ἡμεῖς

317 1843 384 1905 δὲ,
429 1840 554 1910 πρὸς
598 1839 729 1900 τοὺς
759 1835 1190 1904 ἀνθισταμένους
1239 1834 1297 1887 ὲν
1345 1831 1425 1902 τῷ
1460 1831 1691 1902 παρόντι
1737 1831 1858 1892 ταῖς

313 1929 858 2003 προανατεταγμέναις
885 1927 1221 1993 θεολογικαῖς
1246 1923 1414 1978 αὐτοῦ
1442 1926 1668 1994 ῥήσεσιν
1692 1922 1861 1992 ὑπερ-

307 2025 676 2094 αγωνιζόμενοι
708 2021 899 2082 αὐτοῦ,
926 2019 958 2090 ἢ
1001 2018 1204 2088 μᾶλλον
1232 2015 1691 2087 συμμαχούμενοι
1727 2015 1859 2086 παρ’

306 2115 468 2182 αὑτοῦ,
501 2113 591 2183 ἐφ’
612 2108 692 2176 οἷς
723 2113 774 2164 οἱ
829 2109 952 2163 καθ’
984 2108 1144 2179 ἡμῶν
1188 2105 1583 2176 ἀγωνιζόμενοι
1629 2104 1719 2158 διά
1761 2106 1862 2176 τὴν

302 2208 410 2263 καίν
436 2206 600 2278 ἡμῶν
654 2204 832 2276 ὁρμὴν
862 2203 957 2254 καὶ
986 2200 1161 2272 ῥοπὴν
1202 2200 1423 2261 καὶτὰς
1467 2196 1636 2251 αὐτοῦ
1673 2198 1861 2267 ῥήσεις

300 2297 713 2368 συκοφαντοῦσι,
747 2296 1063 2365 πλάσματος
1096 2293 1267 2355 αύτάς
1319 2292 1648 2364 γράφοντες,
1679 2289 1863 2359 φαμὲν

298 2392 363 2455 ὡς
408 2390 702 2457 οὐδέτερον
750 2386 859 2439 τῶν
906 2382 1385 2455 ἀπηριθμημένων
1429 2384 1495 2434 ὲκ
1540 2380 1641 2449 τῆς
1684 2377 1864 2432 αὐτῶν

299 2481 557 2552 ἐπηρείας
600 2477 820 2530 ἀτόπων
853 2473 1162 2537 ἀκολουθεῖ,
1195 2474 1244 2524 εἰ
1277 2472 1419 2526 κατὰ
1463 2472 1555 2524 τὸν
1587 2468 1752 2523 αὐτὸν
1780 2469 1867 2521 λό-

299 2589 382 2640 γον
409 2573 534 2626 ἐστὶ
564 2570 626 2623 τὸ
656 2568 882 2636 Πνεῦμα
911 2565 1164 2635 δεύτερον
1209 2563 1302 2617 τοῦ
1333 2561 1490 2626 Υίοῦ,
1526 2560 1648 2615 καθ’
1679 2558 1739 2614 ὃν
1768 2558 1867 2614 καὶ

298 2668 323 2718 ὁ
350 2666 469 2729 Υἱὸς
496 2663 605 2716 τ,ῦ
653 2660 869 2731 Πατρός
892 2674 908 2690 ο
940 2656 1066 2711 οὕτε
1093 2657 1204 2726 γὰρ
1226 2655 1303 2720 ὡς
1331 2657 1397 2709 ἐκ
1435 2653 1659 2724 πρώτης
1683 2651 1869 2714 αίτίας

300 2759 383 2808 καὶ
424 2754 610 2826 ἀρχῆς
659 2751 754 2805 τοῦ
802 2750 935 2803 Υίοῦ
983 2749 1139 2802 ἔσται
1169 2748 1231 2800 τὸ
1266 2745 1514 2816 Πνεῦμα,
1546 2744 1668 2798 οὔτε
1695 2743 1772 2806 ὡς
1803 2743 1870 2796 ὲκ

298 2850 383 2902 δύο
419 2847 688 2917 ἰσοτίμων
732 2840 940 2913 ἀρχῶν,
970 2838 1063 2893 τοῦ
1094 2838 1307 2908 Πατρός
1341 2853 1401 2889 τε
1433 2838 1528 2889 καὶ
1572 2834 1664 2888 τοῦ
1695 2833 1827 2888 Υίοῦ
1850 2875 1868 2900 ,

301 2940 416 2995 οὔτε
446 2941 525 3003 ὡς
561 2936 626 3002 ἐξ
652 2934 891 3004 ἀνάρχου
922 2931 1024 3001 μὲν
1052 2933 1147 2984 καὶ
1173 2928 1398 3001 πρώτης
1424 2926 1605 2990 αἰτίας
1629 2926 1726 2979 τοῦ
1758 2926 1873 2979 Πα-

301 3033 440 3103 τρδς,
467 3029 722 3100 ἀνάρχου
748 3026 806 3079 δὲ
832 3026 929 3078 καὶ
955 3021 1217 3092 δευτέρας
1250 3020 1343 3074 τοῦ
1371 3019 1526 3083 Υίοῦ,
1555 3018 1672 3072 ἀλλ’
1694 3018 1779 3071 ὅτι
1807 3019 1872 3072 ἐκ

1957 1552 2100 1622 capi,
2136 1566 2326 1606 verum
2356 1552 2490 1606 fides
2515 1553 2840 1607 inconcussa
2877 1560 3080 1604 manet.
3118 1566 3139 1600 ι
3179 1598 3190 1607 .

2027 1643 2082 1699 8.
2118 1642 2183 1697 Et
2200 1643 2315 1698 haec
2334 1641 2554 1713 quidem
2588 1657 2817 1712 magnus
2841 1640 3075 1697 Basilius
3098 1639 3360 1693 adversus
3394 1637 3548 1690 theo-

1958 1733 2116 1803 logiae
2154 1733 2488 1789 detractores
2509 1733 2720 1788 effudit.
2757 1731 2827 1787 At
2876 1747 2977 1786 nos
3034 1744 3181 1784 nunc
3213 1744 3398 1798 proco
3448 1741 3546 1794 pa-

1891 1804 1932 1862 Β
1962 1826 2251 1882 trocinium
2284 1827 2669 1897 suscipientes,
2700 1826 2782 1881 vel
2813 1826 2994 1896 potius
3017 1824 3087 1879 ab
3133 1821 3329 1878 eodem
3375 1821 3545 1874 auxi-

1958 1919 2092 1974 lium
2123 1921 2453 1985 obtinentes,
2471 1931 2659 1976 contra
2689 1934 2810 1975 sese
2842 1925 3182 1989 opponentes
3221 1915 3381 1970 dictis
3401 1914 3547 1967 illius

1963 2012 2285 2084 theologicis
2337 2028 2503 2084 supra
2539 2013 2845 2084 dispositis,
2886 2012 2940 2067 in
2988 2011 3209 2081 quibus,
3240 2009 3334 2079 qui
3370 2018 3550 2063 certa-

1962 2120 2086 2160 men
2121 2107 2178 2161 in
2207 2121 2308 2163 nos
2339 2108 2597 2171 subeunt,
2628 2116 2849 2177 propter
2876 2107 3136 2175 impetum
3166 2113 3221 2159 et
3268 2104 3548 2156 incursum

1962 2194 2015 2249 in
2046 2212 2168 2261 nos,
2199 2198 2345 2253 dicta
2385 2198 2533 2253 illius
2575 2199 3005 2263 calumniantur,
3040 2206 3297 2266 tanquam
3333 2193 3455 2247 ficta
3487 2209 3551 2246 ea
3584 2246 3589 2251 .

1962 2287 2369 2355 insimulantes,
2403 2291 2822 2361 respondemus,
2874 2291 3084 2345 nullum
3141 2304 3208 2343 ex
3248 2298 3551 2342 numeratis

1964 2379 2036 2433 ab
2066 2393 2259 2435 eorum
2290 2381 2589 2436 calliditate
2649 2381 2904 2437 absurdis
2960 2376 3246 2450 consequi,
3279 2382 3324 2436 si
3360 2381 3550 2435 eadem

1966 2472 2178 2526 ratione
2203 2471 2438 2542 Spiritus
2489 2482 2573 2529 est
2595 2490 2625 2528 a
2671 2472 2807 2527 Filio
2838 2475 3135 2539 secundus,
3169 2490 3274 2545 qua
3302 2482 3354 2527 ct
3378 2470 3553 2526 Filius

1965 2578 1997 2618 a
2029 2561 2190 2619 Patre
2219 2581 2233 2617 :
2261 2576 2435 2636 neque
2464 2568 2608 2621 enim
2631 2567 2799 2621 veluti
2822 2583 2884 2621 ex
2908 2568 3084 2636 prima
3123 2584 3287 2623 causa
3323 2578 3375 2621 ct
3401 2568 3554 2639 priu-

1967 2654 2114 2724 cipio
2166 2654 2305 2710 Filio
2360 2658 2467 2712 erit
2498 2657 2734 2728 Spiritus
2769 2678 2782 2712 :
2819 2675 2996 2727 neque
3039 2660 3203 2714 veluti
3238 2677 3301 2715 ex
3336 2663 3555 2716 duobus

1968 2747 2233 2815 dignitate
2259 2750 2556 2819 aequalibus
2588 2750 3062 2821 priiicipiis,}Patre
3084 2763 3137 2808 et
3164 2753 3302 2808 Filio
3327 2772 3341 2808 :
3372 2756 3559 2825 uilqno

1968 2840 2133 2895 veluti
2164 2855 2231 2895 ex
2259 2841 2430 2909 prima
2463 2852 2519 2898 et
2563 2845 2682 2897 sine
2708 2844 2978 2913 principio
3013 2860 3176 2901 causa
3223 2846 3401 2909 Patre.
3429 2863 3552 2901 cum

1971 2930 2241 3007 principio
2270 2946 2401 2986 vero
2422 2935 2770 3005 secundaque
2801 2935 2959 3000 Filio,
2992 2937 3084 2991 sed
3129 2940 3272 3007 quod
3305 2954 3369 2992 ex
3396 2937 3557 2993 Patre

1973 3036 2069 3092 per
2096 3003 2293 3076 Filium
2326 3021 2562 3092 Spiritus
2593 3003 2779 3088 est,°et
2811 3003 3198 3095 sempiternam
3243 3044 3397 3084 suam
3429 3045 3558 3100 pro-

305 3125 502 3194 Πατρὶς
528 3122 628 3174 διὰ
654 3117 787 3172 Υἱοῦ
814 3117 877 3170 τὸ
909 3113 1142 3182 Πνεῦμά
1170 3114 1309 3177 ἐστι,
1334 3111 1432 3166 καὶ
1462 3111 1547 3163 ὅτι
1575 3110 1675 3179 τὴν
1703 3108 1872 3161 ἀίδιον

1981 3114 2284 3168 cessionem
2343 3127 2410 3166 ex
2468 3111 2630 3167 Patre
2661 3130 2767 3167 non
2822 3115 3134 3171 immediate
3179 3127 3235 3172 ct
3277 3121 3554 3188 contigue,

303 3216 457 3270 αὐτοῦ
508 3212 855 3282 ἐκπόρευσιν
902 3209 967 3261 ὲκ
1000 3206 1211 3276 Πατρδς
1239 3205 1341 3257 οὐκ
1371 3203 1595 3273 ἀμέσως
1639 3199 1752 3270 ἔχει
1782 3200 1877 3252 καὶ

306 3305 595 3376 προσεχῶς
643 3301 721 3363 ὡς
768 3298 866 3369 τὴν
924 3298 1177 3365 γέννησιν
1224 3294 1255 3347 ό
1299 3292 1451 3357 Υἱὸς,
1484 3291 1619 3344 ἀλλά
1644 3291 1711 3343 δι’
1743 3288 1876 3341 Υίοῦ

305 3397 442 3450 ἔστιν
462 3392 915 3462 ἐκπορευόμενον
945 3389 1010 3439 ἐκ
1039 3384 1274 3455 Πατρός·
1306 3382 1396 3435 διὰ
1417 3381 1576 3434 τοῦτο
1603 3381 1698 3434 καὶ
1728 3379 1881 3448 παρὰ

307 3489 393 3540 τοῦ
422 3486 560 3540 Υἱοῦ
598 3487 724 3554 ἔχον
761 3482 823 3535 τὸ
853 3476 992 3533 εἶναι
1021 3478 1102 3548 τῷ
1137 3474 1360 3547 μεγάλῳ
1387 3472 1653 3543 Βασιλείῳ
1700 3472 1882 3526 τεθεσ-

307 3581 547 3652 λόγηται,
584 3580 684 3632 καὶ
708 3574 963 3644 δεύτερον
992 3571 1088 3624 τοῦ
1116 3569 1273 3631 Υίοῦ,
1301 3565 1378 3630 ὡς
1407 3566 1436 3619 ὁ
1467 3565 1597 3628 Υίδς
1635 3565 1729 3619 τοῦ
1763 3566 1880 3619 Πα-

307 3675 423 3745 τρός
446 3690 461 3705 ο
496 3673 605 3726 καὶ
632 3667 788 3722 οὐδέν
812 3667 959 3718 ἐστιν
991 3663 1196 3717 ἄτοπον
1224 3659 1406 3727 λέγειν
1435 3674 1496 3710 τε
1530 3657 1590 3709 τὸ
1621 3656 1756 3725 πρὸς
1787 3657 1882 3709 τὸν

310 3766 424 3820 Υίδν
469 3762 792 3831 δευτερεῖον
837 3756 930 3810 τοῦ
972 3752 1291 3824 Πνεύματος
1338 3749 1603 3818 ἀνάλογον
1632 3749 1711 3820 τῷ
1743 3747 1881 3817 πρὸς

312 3858 387 3912 τδν
436 3855 673 3925 Πατέρα
704 3849 998 3921 δευτερείῳ
1025 3846 1123 3899 τοῦ
1153 3842 1310 3909 Υίοῦ,
1342 3843 1438 3897 καὶ
1471 3840 1531 3906 ἐξ
1564 3841 1692 3894 Υίοῦ
1742 3834 1884 3892 εῖναι

311 3949 585 4004 πιστεύειν
638 3945 701 3997 τὸ
746 3942 834 3994 διὰ
882 3940 978 3992 τοῦ
1019 3937 1152 3991 Υίοῦ
1204 3937 1270 3988 ὲκ
1296 3934 1391 3988 τοῦ
1425 3932 1636 4004 Πατρδς
1667 3931 1792 4001 ἔχον
1822 3930 1883 3983 τὸ

311 4040 463 4098 εἶναι.
496 4044 564 4096 ΕΞ
614 4038 729 4108 γὰρ
777 4036 853 4107 μὴ
883 4033 1047 4087 τοῦτο
1091 4029 1300 4101 δοθείη,
1332 4029 1432 4081 οὐκ
1469 4026 1536 4082 ἄν
1568 4043 1621 4078 τι
1647 4024 1756 4077 τῶν
1782 4024 1885 4078 ὅσα

312 4136 365 4188 τὸ
392 4135 625 4205 Πνεῦμα.
655 4132 716 4196 ἐξ
743 4127 873 4181 Υίοῦ
900 4126 1118 4195 λέγεται
1148 4124 1295 4195 ἔχειν
1320 4120 1521 4192 ἀληθὲς
1569 4115 1710 4173 εἶναι
1758 4132 1888 4185 συγ-

315 4229 613 4299 χωρηθείη.
649 4222 724 4275 Tb
752 4221 863 4291 γὰρ
894 4217 1140 4287 Πνεῦμα,
1174 4217 1239 4268 ὲκ
1263 4214 1360 4267 τοῦ
1394 4210 1526 4266 Υίοῦ
1556 4209 1884 4277 ἀναὸλύζον,

311 4321 404 4389 οὐχ
428 4321 502 4381 ὡς
532 4317 596 4383 ἐξ
632 4313 766 4374 ἰδίας
800 4308 953 4380 παρά
978 4310 1071 4361 τὸν
1103 4307 1319 4375 Πατέρα
1365 4305 1547 4373 πηγῆς
1584 4300 1886 4363 ἀναδλύζον

312 4413 474 4470 ἐστὶν,
528 4408 652 4463 ἀλλ’
677 4407 758 4458 ὃτι
809 4404 876 4456 ἐκ
925 4401 1134 4470 Πατρὸς
1182 4396 1471 4460 ἀναϐλύζει
1505 4396 1572 4448 δι’
1603 4393 1760 4458 Υίοῦ,
1793 4394 1888 4447 καὶ

1983 3205 2446 3276 quemadmodum
2502 3204 2674 3263 Filius
2705 3213 3108 3276 generationem
3131 3210 3315 3277 habet,
3347 3215 3441 3265 sed
3473 3223 3557 3266 est

1981 3314 2077 3369 per
2117 3297 2313 3354 Filium
2346 3282 2647 3370 procedens
2688 3317 2752 3354 ex
2793 3300 2946 3356 Patre
3003 3320 3017 3356 :
3089 3314 3371 3372 propterea
3422 3316 3474 3359 t'i.
3528 3321 3561 3363 a

1982 3390 2121 3445 Filio
2161 3392 2383 3455 habere,
2417 3393 2560 3462 quod
2599 3395 2688 3458 sit,
2737 3408 2766 3447 a
2802 3409 2998 3464 magno
3056 3395 3259 3451 Basilio
3315 3398 3557 3458 decerni.

1982 3492 2038 3539 et
2069 3484 2366 3540 secundum
2397 3502 2427 3540 a
2459 3484 2617 3551 Filio,
2653 3489 2729 3542 uti
2762 3485 2936 3543 Filius
2962 3505 2991 3542 a
3036 3489 3194 3545 Patre
3247 3509 3261 3545 :
3319 3493 3559 3547 nullum-

1982 3589 2088 3643 que
2124 3573 2423 3629 absurdum
2455 3578 2740 3647 consequi.
2776 3578 2821 3632 si
2867 3594 3104 3644 asseras,
3136 3583 3407 3636 secundas
3438 3600 3559 3653 par-

1985 3676 2064 3719 tes
2102 3681 2229 3735 erga
2262 3664 2457 3720 Filium
2532 3668 2768 3736 Spiritus
2823 3672 3173 3739 proportione
3231 3676 3563 3744 respondere

1985 3756 2240 3810 secundis
2270 3758 2515 3825 partibus
2538 3757 2658 3813 Filii
2695 3775 2821 3830 erga
2860 3762 3077 3815 Patrem
3133 3781 3147 3818 :
3208 3773 3263 3818 et
3312 3780 3377 3818 cx
3425 3764 3563 3821 Filio

1985 3861 2107 3900 esse
2137 3848 2348 3914 credas,
2387 3853 2531 3920 quod
2563 3867 2660 3921 per
2689 3850 2885 3905 Filium
2914 3869 2979 3907 ex
3008 3852 3168 3909 Patre
3194 3855 3377 3919 habet,
3414 3860 3564 3927 quod

1990 3937 2079 3989 sit.
2106 3937 2316 3992 Etenim
2365 3941 2411 3993 si
2447 3940 2496 3994 id
2535 3942 2841 4012 negabitur,
2904 3945 3114 3998 nullum
3185 3962 3246 4000 cx
3288 3947 3392 4013 bis,
3444 3965 3568 4019 qua:

1987 4030 2219 4098 Spiritus
2266 4049 2333 4086 ex
2367 4031 2504 4087 Filio
2554 4035 2756 4090 habere
2806 4037 3027 4101 dicitur,
3064 4053 3250 4093 verum
3285 4056 3407 4095 esse
3436 4058 3569 4095 eon-

1988 4120 2234 4176 cedetur.
2268 4121 2503 4194 Spiritus
2529 4129 2676 4181 enim
2717 4144 2780 4182 ex
2816 4127 2953 4185 Filio
2982 4147 3267 4198 emanans,
3314 4149 3418 4187 non
3444 4143 3566 4188 tan-

1989 4225 2153 4280 quam
2180 4227 2247 4267 ex
2281 4215 2497 4284 propria
2531 4226 2683 4270 extra
2716 4217 2931 4272 Patrem
2986 4219 3134 4275 fonte
3185 4234 3429 4288 emanat,
3471 4225 3568 4279 ενα

1989 4302 2135 4371 quod
2163 4318 2233 4357 ex
2263 4303 2423 4361 Patre
2470 4322 2566 4376 per
2597 4305 2796 4365 Filium
2831 4321 3075 4377 emanat,
3135 4329 3201 4365 ex
3231 4312 3373 4369 Filio
3420 4332 3572 4371 ema-

1991 4409 2147 4460 nare,
2178 4406 2233 4450 et
2259 4412 2354 4466 per
2397 4398 2589 4454 Filium
2651 4401 2876 4464 eﬂundi,
2911 4413 2966 4457 et
2990 4421 3054 4458 ex
3088 4405 3229 4460 Filio
3283 4410 3572 4477 provenire

314 4505 371 4570 ἐξ
419 4504 551 4559 Υίοῦ
607 4501 828 4568 λέγεται
881 4494 1226 4557 ἀναϐλύζειν,
1269 4492 1363 4545 καὶ
1389 4489 1456 4543 δι’
1488 4487 1620 4542 Υίοῦ
1658 4490 1876 4559 προλεό-

1991 4486 2212 4544 dicitur.
2264 4488 2450 4560 Neque
2474 4493 2529 4546 in
2557 4492 2641 4547 his
2671 4494 3000 4550 dictionibus
3028 4507 3263 4562 tantum,
3295 4516 3417 4570 qua:
3445 4517 3570 4557 cum

318 4615 496 4668 μενον,
539 4596 642 4648 καὶ
685 4594 751 4644 ἐκ
781 4589 878 4643 τοῦ
925 4586 1058 4641 Υίοῦ
1115 4582 1481 4656 προέρχεσθαι
1508 4582 1747 4650 λέγεται.
1779 4581 1890 4634 Καὶ

313 4695 370 4747 οὐ
416 4692 585 4762 μόνον
632 4687 729 4741 ἐπὶ
771 4687 893 4745 ταῖς
943 4680 1123 4746 λέξεσι
1168 4679 1394 4741 ταύταις
1436 4679 1555 4739 ταῖς
1603 4674 1892 4745 δηλούσαις

314 4784 560 4853 φυσικῶς
594 4779 696 4834 καὶ
739 4775 1019 4838 οὑσιωδῶς
1064 4774 1333 4844 ὑπάρχειν
1378 4770 1519 4835 αὐτὸ,
1544 4766 1610 4822 δι’
1648 4765 1779 4820 Υἱοῦ
1829 4770 1894 4818 ἐκ

318 4877 525 4946 Πατρὸς
571 4873 756 4927 πάντα
802 4869 1024 4937 λέγεται
1075 4861 1216 4918 εῖναι
1262 4865 1357 4917 καὶ
1387 4864 1452 4915 ὲκ
1478 4863 1573 4914 τοῦ
1617 4859 1749 4914 Υίοῦ
1793 4861 1893 4912 ὅσα

317 4968 431 5021 ἐστὶ
474 4966 547 5019 δι’
579 4963 738 5028 Υίοῦ,
785 4960 925 5015 ἀλλὰ
961 4958 1060 5012 καὶ
1089 4957 1149 5024 eg
1191 4956 1320 5009 Υἱοῦ
1359 4953 1764 5025 χορηγούμενον
1797 4953 1892 5004 καὶ

321 5061 702 5131 πεμπόμενον,
740 5053 831 5107 διὰ
855 5052 918 5106 τὸ
947 5054 1012 5104 ὲκ
1041 5048 1255 5120 Πατρδς
1312 5046 1382 5100 δι’
1411 5043 1542 5100 Υἱοῦ
1575 5046 1894 5115 πέμπεσθαι

324 5147 844 5222 καὶηχορηγεῖσθαι.
889 5144 1116 5213 λέγεται
1167 5140 1361 5195 ταῦτα.
1413 5138 1514 5191 Διά
1545 5138 1677 5206 γοῦν
1720 5137 1896 5191 ταῦτα

323 5245 500 5308 καλῶς
546 5244 665 5314 ἔχει
710 5243 807 5295 καὶ
855 5236 1118 5306 ἀσφαλῶς
1164 5237 1227 5288 τὸ
1263 5233 1330 5286 δι’
1360 5232 1495 5287 Υἱοῦ
1543 5232 1807 5303 ὑπάρχων
1831 5234 1896 5285 ἐκ

322 5339 413 5393 τοῦ
465 5336 683 5408 Πατρὸς
730 5333 889 5402 ἆγιον
942 5328 1168 5398 Πνεῦμα
1216 5328 1274 5393 ἐξ
1341 5326 1473 5379 Υἱοῦ
1526 5342 1587 5379 τε
1641 5323 1896 5393 λέγεσθαι

325 5430 597 5498 ὑπάρχειν
623 5424 781 5485 αὐτὸ,
813 5422 912 5477 καὶ
938 5420 1018 5491 τῷ
1045 5419 1319 5487 ἀξιώματι
1350 5415 1722 5485 θεολοτεϊσθαι
1772 5416 1896 5469 δεύ-

325 5537 481 5591 τερον
531 5518 632 5573 τοῦ
678 5516 831 5571 Υἰοῦ.
871 5515 999 5568 Ὅτι
1048 5515 1159 5583 γὰρ
1208 5511 1300 5565 διὰ
1348 5509 1443 5564 τοῦ
1478 5508 1634 5572 Υίοῦ,
1685 5509 1750 5562 ὲκ
1804 5507 1896 5560 τοῦ

326 5614 480 5682 Υἱοῦ,
520 5617 621 5669 καὶ
651 5615 751 5685 οὐχ
779 5612 855 5678 ὡς
893 5612 959 5664 lx
997 5609 1223 5680 πρώτης
1249 5608 1426 5668 αἰτίας
1454 5607 1548 5659 καὶ
1579 5606 1755 5677 ἀρχῆς
1801 5603 1897 5658 τοῦ

328 5707 479 5774 Tini»,
513 5709 616 5764 καὶ
641 5709 722 5763 ὅτι
745 5708 837 5761 διὰ
863 5702 959 5759 τοῦ
991 5701 1123 5758 Υίοῦ
1156 5700 1413 5769 δεύτερον
1460 5697 1556 5753 τοῦ
1596 5698 1750 5753 Υἱοῦ.
1785 5699 1898 5752 Καὶ

334 5802 672 5872 μαρτυρήσει
701 5816 794 5870 μοι
820 5798 915 5851 τὸν
944 5796 1105 5863 λόγον
1128 5797 1157 5849 ό
1182 5791 1639 5861 θεολογικώτατος
1672 5788 1897 5862 Νύσσης

663 5899 937 5959 Ρλτιοιι.
980 5897 1103 5956 Gn.
1143 5889 1350 5955 CXLI.

1995 4581 2325 4659 naturaliter
2351 4594 2406 4637 et
2429 4586 2942 4650 essentialitercsse
2971 4604 3068 4659 per
3094 4590 3289 4645 Filium
3314 4609 3377 4648 ex
3413 4593 3574 4650 Patre

1993 4671 2255 4740 inuuunt,
2286 4677 2468 4730 omnia
2497 4677 2839 4733 affirmantur
2883 4696 3004 4736 esse
3035 4693 3089 4737 et
3140 4699 3206 4739 ex
3236 4683 3395 4753 Filio,
3451 4705 3574 4757 qua:

1993 4781 2089 4837 per
2119 4766 2314 4823 Filium
2348 4778 2498 4835 sunt,
2535 4771 2627 4826 sed
2677 4787 2744 4826 ex
2774 4771 2913 4829 Filio
2974 4792 3194 4847 quoque
3236 4782 3575 4850 suppeditari

1994 4871 2051 4915 et
2094 4861 2258 4924 mitti,
2304 4863 2450 4932 quod
2497 4878 2562 4917 ex
2601 4862 2760 4919 Patre
2820 4882 2918 4936 per
2973 4866 3167 4923 Filium
3229 4872 3467 4927 mittitur
3521 4886 3577 4929 et

1996 4953 2393 5022 suppeditatur.
2449 4955 2677 5025 Propter
2725 4961 2839 5013 haec
2880 4959 3043 5030 igitur
3095 4963 3230 5016 bene
3271 4980 3330 5019 se
3390 4965 3572 5032 habet,

1997 5055 2223 5115 tutoque
2246 5061 2341 5115 per
2378 5047 2577 5103 Filium
2610 5053 2958 5106 exsistentem
2985 5067 3051 5107 ex
3106 5054 3262 5109 Patre
3311 5054 3574 5123 Spiritum

1998 5150 2247 5193 sanctum
2297 5157 2365 5196 ex
2400 5142 2537 5198 Filio
2566 5158 2688 5199 esse
2717 5136 3084 5212 asseveratur,
3116 5156 3171 5201 et
3200 5148 3461 5219 dignitate
3492 5166 3579 5205 se-

1996 5234 2235 5288 cundum
2265 5251 2385 5292 esse
2408 5258 2419 5266 ν
2440 5253 2469 5292 a
2499 5237 2660 5292 Filio.
2691 5237 2850 5303 Nam,
2879 5241 3005 5313 quia
3062 5256 3159 5311 per
3214 5239 3436 5308 Filium,
3507 5257 3576 5299 ex

1997 5329 2156 5392 Filio.
2188 5338 2379 5385 etnon
2409 5331 2579 5386 veluti
2627 5345 2692 5386 ex
2727 5331 2898 5400 prima
2951 5347 3117 5387 causa
3183 5342 3237 5387 et
3284 5336 3578 5405 principio,

1997 5421 2159 5482 Filio.
2208 5430 2263 5477 et
2282 5423 2404 5492 quia
2457 5438 2553 5493 per
2582 5421 2799 5485 Filium,
2864 5426 3137 5481 secundus
3200 5435 3296 5481 est.
3339 5442 3368 5480 a
3410 5427 3574 5483 Filio.

2002 5513 2214 5568 Dictum
2244 5529 2424 5569 meum
2445 5529 2544 5571 sua
2578 5519 2903 5572 auctoritate
2943 5519 2996 5570 in
3023 5519 3360 5584 exponendis
3412 5522 3577 5577 rebus

2002 5605 2317 5676 theologicis
2378 5608 2611 5662 eximius
2662 5604 2943 5678 Nyssenus
2994 5609 3391 5678 comprobabit,
3444 5614 3577 5667 dum

2003 5697 2268 5762 decernit,
2301 5717 2320 5750 ι
2357 5695 2703 5767 Prteintelligi
2729 5698 2867 5753 Filio
2886 5701 3098 5755 Patrem
3125 5702 3335 5759 ratione
3362 5717 3576 5771 causa;

2003 5791 2343 5863 prieintelligi
2386 5806 2516 5847 vero
2558 5789 2752 5847 Filium
2799 5793 3095 5848 secundum
3179 5810 3362 5850 causae
3404 5797 3576 5852 ration

3168 5895 3201 5954 ὕ
