4054 6418
492 327 584 390 iTi

1518 326 1727 388 JOAN.
1771 325 1985 385 VECCI
2028 323 2136 383 Cl’.
2178 320 2687 382 I’ATRIARCHE
2932 311 2939 315 ’
3622 324 3710 390 Ῑῖὶ

486 445 610 492 nem
649 438 924 509 liypostasi
971 435 1226 505 Spiritus.
1256 453 1288 486 κ»
1310 434 1789 497 Quemadmodum
1813 434 1957 487 enim
1989 433 2061 486 i-bi

2174 450 2192 483 ι
2239 430 2688 501 Προεπινοεῖσθαι
2723 429 2822 499 μὲν
2849 427 2945 483 τοῦ
2976 428 3109 483 Υίοῦ
3138 429 3230 483 τὸν
3263 433 3494 501 Πατερα,
3520 433 3593 504 τῷ
3623 437 3711 503 τῆς

490 530 833 600 pra-intelligi
886 529 1087 583 dicitur
1125 529 1282 581 Pater
1321 527 1402 581 Fil
1427 543 1458 578 o
1481 541 1661 580 causa:
1694 527 1928 587 ratione,
1960 541 2060 578 nec

489 623 595 675 ulla
630 622 732 675 alia
769 621 1033 689 assignari
1093 629 1269 687 potest
1300 621 1667 688 ratio,.quare
1701 609 2064 687 Filidpt‘atritt—

486 714 761 781 telligatur
787 713 965 775 Pater,
1004 713 1105 764 nisi
1132 712 1275 780 quod
1322 709 1495 763 Filius
1523 726 1587 764 ex
1628 710 1786 764 Patre
1820 718 1907 763 est
1941 726 1955 765 :
2009 717 2065 762 et

483 804 820 877 prteintelligi
848 800 1020 855 Filius
1051 802 1252 869 Spiritu
1307 802 1518 855 ratione
1575 815 1775 862 causae,
1819 815 1918 854 nec
1952 800 2060 853 ulla

485 894 587 947 alia
617 896 924 962 assignauit
964 895 1121 950 ratio.
1155 906 1325 960 quare
1370 890 1825 959 praeintelligatur
1855 888 2059 956 Spiritu

485 986 677 1048 Filius,
721 986 824 1039 nisi
858 984 1003 1054 quod
1038 983 1274 1051 Spiritus
1317 998 1413 1051 per
1444 980 1649 1035 Filium
1700 991 1804 1044 est,
1860 981 2064 1049 pariter

468 1087 536 1137 ,ιρι
566 1078 667 1129 lioc
692 1078 743 1128 in
789 1076 932 1139 loco,
979 1076 1252 1129 secundus
1284 1084 1368 1129 est
1398 1072 1583 1127 Filius
1632 1086 1663 1125 a
1698 1069 1880 1133 Patre,
1914 1070 2059 1140 quod

480 1185 545 1222 ex
581 1168 738 1222 Patre
767 1177 871 1233 cst,
900 1168 1174 1222 secundus
1218 1175 1302 1220 est
1360 1164 1598 1233 Spiritus
1645 1179 1675 1218 a
1723 1162 1884 1228 Filio,
1917 1163 2064 1232 quod

480 1276 575 1330 per
606 1259 802 1313 Filium
842 1268 944 1314 est.
982 1259 1085 1321 Qui
1111 1261 1345 1326 itaquea
1375 1257 1521 1311 veris
1543 1258 1907 1326 genuinisque
1959 1270 2062 1310 vo-

481 1352 783 1405 luminibus
807 1349 1011 1404 dictnm
1039 1348 1309 1412 indicans,
1346 1365 1365 1399 ι
1397 1348 1661 1417 Spiritum
1722 1364 1750 1401 a
1789 1347 1925 1405 Filio
1956 1348 2055 1400 lia-

479 1440 630 1508 bere,
656 1444 801 1512 quod
834 1442 928 1505 sit,
970 1460 990 1495 ι
1026 1450 1334 1504 eraserunt,
1384 1440 1451 1503 si,
1490 1450 1547 1493 ut
1602 1449 1762 1493 antea
1796 1437 1927 1495 fassi
1968 1454 2063 1493 su-

481 1550 628 1599 mus,
662 1550 726 1588 es
761 1536 1014 1587 universa
1045 1532 1291 1585 oratione
1322 1531 1651 1583 dcievissent
1700 1529 1905 1585 dictum
1930 1529 2065 1581 alte-

478 1642 601 1680 rum
631 1626 937 1689 insinuans,
973 1644 991 1675 ι
1024 1624 1288 1693 Spiritum
1316 1622 1582 1691 dignitate
1613 1637 1734 1677 esse
1759 1622 2062 1679 secundum

479 1736 509 1775 a
554 1719 713 1780 Filio,
753 1737 772 1768 ι
839 1719 979 1772 forte
1030 1718 1267 1785 aliquem
1318 1731 1385 1770 cx
1442 1714 1661 1784 prepria
1722 1714 2067 1783 imptobitate

2164 526 2345 589 uitia;
2373 525 2514 592 λόγῳ
2550 523 2840 589 θεολογῶν,
2871 522 3305 593 προθεωρείσοαι
3355 525 3410 577 δὲ
3461 524 3549 578 τὸν
3596 525 3718 579 Υίὸν

2164 618 2305 671 κατὰ
2334 618 2424 669 τὸν
2454 619 2550 684 τῆς
2583 616 2763 677 αίτίας
2794 615 2951 683 λόγον
2979 618 3073 682 τῆς
3106 604 3202 668 τοῦ
3250 615 3563 682 Πνεῦματος
3593 619 3720 671 ὑπο-

2167 711 2431 770 στάσεως.
2472 726 2489 761 i
2536 702 2624 769 ’(Ῐς
2674 708 2780 778 γὰρ
2815 709 2933 759 ἐκεῖ
2973 706 3418 776 προεπινοεῖσθκι
3447 706 3657 774 λέγεται
3690 710 3716 759 6

2167 802 2360 870 Πατὴρ
2410 799 2503 854 τοῦ
2542 800 2673 853 Υίοῦ
2710 798 2789 867 τῷ
2841 798 2942 866 τῆς
2991 798 3173 861 αἰτίας
3218 798 3381 868 λόγῳ,
3433 800 3525 850 καὶ
3556 799 3718 862 οὐδείς

2165 891 2320 943 ἐστιν
2370 888 2520 942 ἄλλο.
2578 890 2607 941 6
2658 888 2752 941 τοῦ
2788 887 3238 958 προεπινοεῖσθαι
3271 888 3362 938 τὸν
3395 887 3602 956 Πατέρα
3633 885 3719 939 τοῦ

2166 981 2299 1035 Υίοῦ
2330 982 2487 1049 λόγος
2513 980 2544 1050 ἢ
2583 981 2667 1033 ὅτι
2701 980 2791 1033 διὰ
2828 978 2890 1030 τὸ
2940 979 3006 1031 ὲκ
3034 978 3244 1047 Πατρὸς
3278 980 3365 1033 τὸν
3397 978 3523 1031 Υίὸν
3550 972 3681 1031 εἶναι
3704 994 3715 1005 ·

2165 1075 2259 1129 καὶ
2307 1072 2750 1143 προεπινοεῑσθαι
2799 1072 3021 1140 λέγεται
3066 1060 3160 1125 τοῦ
3197 1071 3511 1140 Πνεύματος
3540 1072 3568 1122 6
3606 1070 3721 1133 Υἱὸς

2165 1167 2306 1219 κατὰ
2337 1165 2429 1218 τὸν
2474 1164 2577 1233 τῆς
2627 1164 2804 1227 αἰτίας
2843 1163 3023 1231 λόγον,
3056 1165 3152 1217 καὶ
3175 1163 3350 1225 οὐδείς
3398 1164 3544 1215 ἐστιν
3577 1161 3721 1222 ἄλλος

2164 1260 2194 1311 ὁ
2219 1256 2315 1310 τοῦ
2342 1256 2791 1327 προεπινοεῖσθαι
2825 1257 2917 1310 τὸν
2947 1256 3076 1309 Υίὸν
3106 1256 3199 1308 τοῦ
3234 1247 3550 1324 Πνεῦματος
3581 1253 3727 1321 λόγος

2166 1350 2199 1419 ἢ
2241 1350 2323 1401 ὅτι
2375 1348 2463 1400 διὰ
2506 1348 2566 1400 τὸ
2619 1343 2759 1400 εἶναι
2794 1347 2854 1400 τὸ
2889 1347 3115 1416 Πνεῦμα
3141 1348 3209 1403 δι’
3240 1347 3368 1400 Υἰοῦ
3395 1364 3409 1377 ·
3443 1346 3581 1407 οἶὺτω
3611 1347 3730 1398 κάν-

2165 1442 2341 1495 ταῦθα
2372 1442 2628 1511 δεύτερος
2671 1441 2768 1511 μὲν
2810 1440 2904 1493 τοῦ
2941 1443 3155 1511 Harpe;
3186 1444 3214 1495 6
3250 1442 3396 1505 Υἱὸς,
3439 1441 3520 1493 ὅτι
3552 1442 3612 1491 ὲκ
3643 1439 3729 1489 τοῦ

2167 1533 2403 1601 Πατρὸς,
2453 1533 2708 1604 δεύτερον
2744 1533 2800 1585 δὲ
2852 1531 2947 1585 τοῦ
2986 1532 3113 1585 Υίοῦ
3159 1534 3220 1585 τὸ
3254 1534 3498 1601 Πνεῦμα,
3544 1531 3624 1584 ὅτι
3653 1529 3736 1582 διὰ

2166 1624 2261 1676 τοῦ
2314 1624 2468 1678 Υῑοῦ.
2521 1626 2585 1678 Οἰ
2617 1624 2751 1691 γοῦν
2783 1623 2896 1679 τῶν
2927 1623 3147 1692 ἀληθῶν
3175 1623 3605 1693 διαγεγραφότες
3657 1619 3736 1690 βί-

2169 1716 2310 1769 ϐλων
2343 1718 2450 1786 τὴν
2479 1718 2745 1788 δηλοῦσαν
2780 1721 2959 1789 ῥῆσιν,
3007 1737 3026 1770 ι
3068 1716 3141 1768 Τὸ
3176 1716 3399 1785 Πνεῦμα
3453 1714 3604 1783 παρᾶ
3646 1710 3736 1766 τοῦ

478 1813 713 1866 fructum
739 1812 1032 1880 cepissent.
1075 1808 1179 1863 Sed
1217 1823 1340 1861 cum
1404 1809 1653 1860 veritatis
1698 1806 1935 1875 Spiritus
1965 1821 2061 1861 eo-

2166 1808 2298 1862 Υἱοῦ
2328 1808 2448 1879 ἔχον
2476 1811 2537 1863 τὸ
2584 1808 2747 1873 εἶναι,
2789 1829 2806 1861 ι
2846 1813 2895 1862 εί
2929 1810 3052 1879 μὲν,
3086 1808 3277 1876 ὥσπερ
3310 1824 3400 1878 μοι
3439 1808 3533 1857 καὶ
3561 1800 3737 1872 προεί-

479 1918 601 1958 ι·υιιι
635 1913 864 1956 conatus
888 1902 1075 1965 irritos
1104 1898 1316 1960 fecerit,
1363 1896 1524 1961 facile
1578 1907 1755 1965 leeSl
1790 1895 1961 1951 refelli
1990 1896 2057 1950 ab

479 2000 672 2049 barum
702 2010 887 2048 rerum
918 1993 1054 2047 ralis
1077 1990 1553 2045 examinatoribus
1580 1989 1753 2043 fraus.

2167 1917 2353 1971 ρηται.
2396 1900 2490 1955 τοῦ
2542 1902 2745 1962 παντὸς
2803 1900 2964 1966 λόγου
3015 1898 3309 1969 διέγραφον
3376 1896 3473 1947 καὶ
3527 1891 3622 1961 τὴν
3663 1888 3741 1940 λέ-

2160 2008 2364 2059 γουσαν
2405 1992 2565 2063 ῥῆσιν
2597 2012 2614 2044 ι
2646 1992 3001 2060 Δευτερεύειν
3050 1988 3325 2058 ἀξιώματι
3362 1986 3457 2040 τοῦ
3508 1981 3636 2039 Υίοῦ
3687 1984 3743 2033 τὸ

478 2086 738 2157 Πνεῦμα,
779 2103 797 2136 ι
842 2083 963 2155 τάχ’
995 2085 1060 2138 ἄν
1116 2101 1167 2137 τι
1223 2084 1316 2135 καὶ
1374 2084 1472 2151 τῆς
1519 2082 1731 2135 ἑαυτῶν
1785 2079 2049 2151 πονηρίας
2083 2082 2393 2139 ἀπώναντο.
2440 2085 2595 2139 Ἐπεὶ
2641 2084 2699 2138 δὲ
2745 2084 2806 2138 τὸ
2879 2083 2978 2153 τῆς
3026 2082 3290 2153 ἀληθείας
3371 2078 3598 2148 Πνεῦμα
3642 2074 3733 2142 τὴν

477 2183 658 2236 αὐτῶν
682 2181 920 2233 διάνοιαν
950 2175 1237 2243 ἐσφαλλεν,
1264 2176 1585 2244 εὐέλεγκτον
1618 2175 1907 2245 πρόκειται
1934 2176 2044 2237 τοῖς
2081 2175 2453 2242 ἔξεταστικοῖς
2479 2178 2538 2231 τὸ
2573 2179 2931 2249 σκαιὼρημα.

551 2276 606 2331 9.
639 2273 798 2341 Quod
828 2281 880 2329 et
908 2273 962 2326 in
1019 2272 1142 2324 aliis
1196 2271 1398 2340 scripto
1446 2271 1657 2329 traditis
1709 2271 1871 2325 dictis
1907 2270 2053 2339 passi

2226 2272 2294 2329 θ’.
2330 2274 2510 2346 Ὅπερ
2543 2272 2637 2329 οὖν
2682 2277 2775 2328 καὶ
2803 2275 2897 2328 ἐπὶ
2940 2272 3132 2335 ἄλλαις
3174 2272 3405 2335 πολλαῖς
3454 2267 3743 2339 γραφικαῖς

477 2380 625 2430 sunt,
682 2365 884 2433 quibus
933 2377 1080 2417 curae
1111 2362 1233 2424 fuit,
1297 2361 1586 2417 dissidium
1636 2360 1897 2417 Ecclesia:
1946 2378 2054 2416 non

2164 2364 2357 2421 ἔπαθον
2392 2368 2640 2436 ῥήσεσιν,
2697 2363 2781 2425 οἷς
2820 2364 3017 2437 μέλλον
3059 2359 3129 2434 ἦν
3172 2364 3232 2416 τὸ
3264 2364 3373 2433 τῆς
3429 2360 3746 2427 Ἐκκλησίας

478 2476 597 2513 sine
625 2458 968 2520 discrimine,
996 2471 1074 2510 vze
1130 2454 1508 2519 miserisillis,
1570 2456 1808 2524 propria
1862 2454 2057 2509 salutis

476 2552 716 2622 pessime
755 2549 1129 2614 conetabilire,
1179 2547 1246 2602 de
1283 2547 1485 2616 quibus
1532 2547 1586 2600 in
1631 2547 1887 2616 praesenti
1935 2561 2057 2602 sor-

478 2658 695 2699 nionem
761 2642 965 2699 habere
1021 2654 1133 2693 non
1187 2639 1618 2707 inopportunum
1672 2637 1862 2692 fuerit.
1920 2637 2060 2692 Cum

477 2739 621 2793 enim
652 2735 765 2791 fere
813 2735 867 2788 in
908 2733 1167 2789 omnibus
1212 2734 1473 2802 praesenti
1527 2731 1795 2789 orationis
1844 2739 1998 2800 parte
2026 2747 2060 2786 a

474 2827 636 2883 nubis
674 2822 1108 2894 comprehensis,
1171 2822 1305 2876 illud
1367 2823 1421 2875 in
1484 2822 1673 2876 animo
1730 2822 1916 2883 fuerit.
1960 2823 2059 2877 de-

476 2927 804 2978 monstrare,
834 2913 1138 2978 volumina,
1159 2926 1281 2981 qua:
1306 2912 1513 2967 dictum
1544 2911 1700 2978 illud,
1739 2930 1758 2962 ι
1792 2910 2056 2982 Spiritum

477 3024 506 3063 a
538 3007 677 3062 Filio
698 3005 921 3065 habere,
955 3004 1100 3073 quod
1124 3002 1215 3067 sit,
1249 3021 1269 3054 ι
1297 3003 1639 3058 continentia
1676 3005 1900 3060 minime
1935 3018 2059 3061 esse

481 3101 788 3158 immutata,
819 3098 919 3151 sed
942 3097 1125 3165 potius
1152 3095 1283 3149 illud
1327 3110 1436 3150 non
1480 3096 1863 3162 continentia;
1899 3110 2057 3164 pars—
2084 3136 2127 3195 C

480 3208 584 3262 que
618 3198 815 3247 nostra:
844 3189 1334 3244 demonstrationis
1360 3188 1706 3254 consisteret,
1760 3189 1910 3257 quod
1949 3202 2054 3243 co-

476 3283 744 3353 gitatione
795 3282 1122 3333 discursuve
1178 3278 1468 3347 dijudicari
1527 3286 1734 3347 posset,
1777 3277 2056 3335 Volumina

477 3376 681 3431 dictum
709 3387 819 3426 non
852 3371 1217 3435 continentia,
1256 3370 1694 3427 immutationem
1724 3380 1777 3427 et
1813 3369 2063 3426 fraudem

476 3466 735 3531 subiisse,
767 3463 981 3518 dissidii
1012 3473 1252 3531 tempore
1276 3464 1344 3517 ad
1368 3473 1630 3521 centenos
1654 3473 1708 3516 ct
1741 3464 1860 3532 plus
1897 3461 2062 3517 etiam

476 3571 675 3619 annos,
711 3568 916 3623 eosque
948 3553 1187 3622 integros
1219 3565 1536 3626 propagato,
1567 3553 1697 3608 dum
1732 3553 1888 3607 inulti
1914 3568 2063 3606 com-

480 3657 693 3717 parent,
717 3646 1059 3702 contentiose
1079 3647 1371 3701 admodum
1405 3648 1601 3715 logicis
1649 3644 2060 3700 dissertationi-

480 3744 583 3797 bus
613 3740 878 3795 adversus
918 3738 1198 3794 Romanos
1220 3738 1585 3800 decertantes,
1624 3752 1656 3792 a
1679 3738 1880 3807 quibus
1912 3736 2061 3791 veri-

481 3834 660 3890 simile
686 3845 787 3900 cst,
815 3833 1019 3887 dictum
1051 3832 1183 3886 illud
1211 3848 1241 3887 e
1275 3832 1460 3901 magni
1493 3830 1678 3885 Basilii
1713 3830 1871 3884 libris
1900 3831 2063 3883 abro-

479 3940 663 3999 gntum
698 3927 888 3993 fuisse,
921 3941 1030 3996 quo
1060 3924 1241 3979 valide
1292 3924 1549 3993 redargui
1578 3922 2064 3991 deprehendebant

479 4042 598 4089 eos,
650 4026 746 4094 qui
824 4021 1189 4078 Ecclesiarum
1252 4020 1542 4075 dissidium
1602 4032 1942 4087 propagare,
2010 4026 2066 4071 et

483 4124 692 4168 tantum
728 4129 835 4169 non
894 4111 1250 4167 constabtiire
1284 4117 1581 4171 conantur,
1640 4105 2060 4176 plurimum-ad

480 4205 969 4264 denionstrandum
998 4204 1295 4265 conducet,
1320 4186 1603 4254 nonnullis
1652 4198 1868 4253 dissidii
1919 4206 2062 4251 tem-

480 4315 615 4368 pore
640 4299 974 4373 propositam
1000 4309 1189 4350 curam
1221 4294 1414 4353 fuisse,
1445 4293 1588 4345 dicta
1624 4290 1828 4360 scripto
1864 4291 2058 4345 tradita

481 4387 897 4462 praevertere,si
922 4402 985 4442 ea
1013 4387 1130 4456 ipsa
1161 4400 1284 4455 qua:
1305 4386 1713 4453 corruptionem
1747 4383 2060 4447 subierunt,

2163 2456 2370 2527 σχίσμα
2395 2459 2488 2510 ἐπὶ
2538 2456 2791 2526 κινδύνῳ,
2839 2459 3014 2527 οἴμοι,
3068 2457 3167 2526 τῆς
3216 2455 3435 2531 ἑαυτῶν
3487 2451 3747 2523 σωτηρίας

2163 2566 2410 2614 κακιστα
2438 2553 2778 2619 συγκροτεῖν,
2809 2551 2939 2620 περὶ
2972 2545 3049 2601 ὦν
3079 2550 3177 2601 καὶ
3216 2552 3399 2601 εἰπεῖν
3429 2548 3630 2617 ἀρτίως
3658 2545 3749 2598 οὐκ

2162 2639 2412 2711 ἄκαιρον.
2458 2640 2613 2692 Ἐπεὶ
2652 2642 2761 2710 γὰρ
2793 2630 2849 2693 ἐν
2893 2642 3028 2693 πᾶσι
3072 2640 3256 2710 σχεδδν
3306 2643 3428 2702 τοῖς
3462 2643 3519 2693 ὲν
3543 2639 3622 2709 τῷ
3655 2654 3751 2691 πα·-

2163 2730 2311 2802 ρόντι
2342 2729 2499 2799 μέρει
2545 2729 2639 2783 τοῦ
2674 2730 2834 2798 λόγου
2872 2730 3002 2801 παρ’
3037 2730 3198 2796 ἡμῶν
3238 2732 3749 2799 προδιειλημμένοις

2161 2825 2388 2892 γέγονεν
2430 2825 2559 2893 ἡμῖν
2613 2825 2646 2894 ὴ
2701 2823 2906 2893 σπουδὴ
2948 2822 3229 2886 ἀποδεῖξαι
3277 2825 3351 2875 οὐ
3383 2824 3484 2886 τὰς
3536 2820 3750 2891 ἐχούσας

2163 2916 2378 2987 βίϐλους
2405 2916 2502 2986 τὴν
2533 2917 2796 2982 λέγουσαν
2827 2917 3008 2987 ῥῆσιν,
3046 2935 3067 2967 ι
3104 2917 3166 2970 τὸ
3206 2916 3444 2985 Πνεῦμα
3484 2914 3638 2986 παρὰ
3665 2908 3751 2965 τοῦ

2162 3008 2294 3062 Υίοῦ
2322 3009 2443 3079 ἔχον
2464 3009 2527 3061 τὸ
2553 3005 2721 3072 εἶναι,
2751 3028 2771 3060 ι
2804 3009 3175 3073 νενοθεῦσθαι,
3224 3009 3376 3062 ἀλλὰ
3417 3009 3619 3079 μᾶλλον
3661 3003 3752 3066 τὰς

2166 3102 2240 3172 μὴ
2272 3101 2499 3171 ἐχούσας
2527 3115 2541 3131 ⁸
2590 3104 2689 3154 καὶ
2719 3101 2885 3172 μέρος
2920 3102 3072 3175 ἡμῖν,
3094 3101 3194 3169 τῆς
3233 3101 3578 3165 ἀποδείξεως
3607 3095 3670 3169 ἦν
3697 3096 3753 3149 τδ

2164 3192 2410 3263 λογισμῷ
2452 3191 2714 3249 δύνασθαι
2762 3193 2971 3263 κρίνειν
3015 3191 3115 3253 τὰς
3160 3193 3235 3262 μὴ
3268 3185 3507 3264 ἐχούσας
3545 3191 3747 3261 βίϐλους

2162 3284 2263 3353 τὴν
2299 3283 2459 3353 ῥῆσιν
2486 3283 2549 3335 τὸ
2580 3281 2834 3351 κίϐδηλον
2875 3282 2972 3335 καὶ
3009 3281 3403 3351 νενοθευμένον
3445 3283 3640 3339 παθεῖν
3666 3280 3747 3333 διὰ

2163 3374 2225 3428 τὸ
2246 3375 2336 3428 τὸν
2363 3374 2462 3443 τῆς
2511 3375 2845 3437 διαστάσεως
2876 3375 3069 3445 χρόνον
3117 3377 3197 3437 εἰς
3232 3376 3603 3440 ἑκατοντάδας
3632 3376 3749 3433 ὅλας

2163 3466 2542 3536 ὲξαπλωθῆναι
2569 3466 2729 3533 ἐτῶν,
2767 3467 2865 3521 καὶ
2893 3468 2995 3523 οὐκ
3018 3466 3232 3535 ὀλίγους
3256 3467 3527 3537 διαμέσον
3553 3471 3752 3535 ἀναφα-

2163 3560 2320 3629 νῆναι
2350 3560 2681 3622 ὲνστατικῶς
2713 3561 2855 3613 πάνυ
2883 3560 3021 3629 πρὸς
3050 3559 3275 3624 λογικὰς
3304 3562 3751 3632 ἀποδυσαμένους

2168 3651 2311 3703 κατὰ
2339 3651 2446 3704 τῶν
2482 3651 2769 3720 Ῥωμαίων
2796 3652 3089 3716 διαλέξειςο
3120 3651 3179 3716 ἐξ
3205 3646 3283 3704 ὧν
3324 3640 3479 3717 εἰν*
3504 3650 3573 3726 ἦν
3603 3654 3755 3724 ῥῆσιν

2164 3743 2382 3815 ἐκείνην
2416 3746 2525 3796 τῶν
2554 3745 2650 3798 τοῦ
2684 3744 2923 3815 μεγάλου
2974 3744 3256 3797 Βασιλείου
3294 3746 3504 3816 βίϐλων
3532 3748 3755 3815 διαγρα-

2165 3839 2355 3907 φῆναι,
2382 3836 2441 3901 ἐξ
2470 3833 2538 3908 ἦς
2568 3838 2667 3890 οὐκ
2693 3836 2925 3908 ἀσθενὴς
2958 3837 2987 3890 6
3010 3837 3232 3906 ἔλεγχος
3261 3837 3631 3907 ἀναφαίνεται
3655 3837 3760 3890 τῶν

2163 3930 2261 3999 τὴν
2283 3929 2564 3985 διάστασιν
2577 3930 2686 3982 τῶν
2715 3928 3059 4000 Ἐκκλησιῶν
3081 3931 3555 3996 ὲπισπευδὸντων,
3576 3930 3759 4001 ὥσπερ

2165 4022 2261 4075 καὶ
2307 4021 2870 4092 ἑπισυγκροτούντων,
2911 4021 3016 4074 οὐκ
3067 4022 3224 4090 ὀλίγα
3266 4024 3587 4094 συμϐάλλον
3630 4023 3761 4093 πρὸς

2165 4113 2439 4180 ἀπόδειξιν
2467 4114 2618 4168 ἔσται
2654 4113 2749 4168 τοῦ
2784 4114 3163 4185 ἀναδειχθῆναί
3196 4132 3349 4179 τινας
3399 4117 3482 4189 τῷ
3518 4119 3619 4189 τῆς
3649 4117 3764 4169 δια.

2167 4205 2406 4268 στάσεως
2454 4206 2632 4277 χρόνῳ
2676 4206 2912 4276 σπουδὴν
2963 4206 3244 4277 θεμένους,
3282 4209 3515 4263 ὀἰκείαν
3572 4210 3671 4279 τὴν
3701 4206 3757 4260 ἔν

2164 4315 2273 4353 τισι
2317 4299 2676 4368 παραφθορὰν
2712 4300 2821 4351 τῶν
2869 4299 3155 4370 γραφικῶν
3184 4301 3466 4368 χρήσεων,
3521 4301 3619 4355 ἐὰν
3664 4299 3763 4354 αὐ-

2166 4393 2263 4454 τὰς
2297 4393 2512 4455 ὲκείνας
2554 4392 2651 4454 τὰς
2682 4390 2780 4462 τὴν
2827 4391 3188 4463 παραφθορὰν
3238 4393 3531 4458 παθούσας
3564 4410 3766 4465 γραφι-

480 4483 626 4539 dicta
655 4482 711 4535 in
748 4480 986 4535 medium
1017 4475 1333 4540 aderamus,
1366 4483 1423 4529 et
1473 4473 1844 4543 corruptionis
1871 4484 2061 4543 patens

2167 4486 2269 4545 κάς
2323 4485 2512 4554 ῥήσεις
2555 4485 2649 4535 ἐπὶ
2693 4482 2788 4536 τοῦ
2837 4486 3004 4552 μέσου
3035 4484 3623 4555 παρυφαπλώσαιμεν,
3668 4485 3763 4537 καὶ

482 4576 695 4630 facinus
731 4585 1122 4643 proponamus.
1155 4568 1223 4622 Et
1257 4578 1383 4625 ante
1404 4567 1589 4622 omnia
1615 4582 1741 4620 cum
1788 4568 1845 4621 in
1894 4567 2061 4621 rebus

481 4665 804 4737 tbeologicis
828 4661 1227 4733 pertractandts
1272 4658 1737 4726 praeclarissimus
1777 4655 2060 4727 Nyssenus

482 4760 548 4815 ad
580 4756 871 4812 Ablabium
922 4754 1171 4808 oratione
1220 4753 1334 4809 haec
1386 4750 1696 4817 scripsisset
1733 4765 1748 4801 :
1783 4766 1803 4800 ι
1838 4745 2062 4811 Naturae

482 4852 538 4905 in
557 4848 813 4904 omnibus
838 4844 1015 4900 sinnle
1035 4842 1381 4905 confitentes,
1407 4841 1792 4908 differentiam,
1832 4856 1960 4911 qua:
1984 4855 2055 4896 ex

482 4956 652 4997 causa
684 4950 851 5007 atque
904 4936 1098 4991 effectu
1149 4936 1348 5001 oritur,
1382 4949 1494 4989 non
1552 4934 1881 4997 inliciamur,
1947 4949 2061 5004 quo

483 5034 605 5093 solo
692 5029 932 5084 discerni
1004 5027 1236 5082 alterum
1290 5026 1359 5081 ab
1435 5026 1605 5083 altero
1693 5026 2058 5095 concipimus.

484 5124 630 5197 quod
661 5123 810 5179 hunc
847 5119 1063 5189 quidem
1099 5131 1319 5173 causam
1367 5118 1655 5172 credamus
1705 5131 1851 5183 esse,
1916 5116 2061 5170 hunc

483 5229 615 5283 vero
651 5228 717 5271 ex
745 5226 912 5285 causa
941 5228 956 5265 :
988 5220 1042 5266 et
1071 5226 1138 5267 ex
1183 5225 1273 5275 eo,
1321 5209 1415 5278 qui
1474 5224 1543 5264 ex
1590 5221 1755 5277 causa
1802 5215 1909 5273 est,
1940 5222 2063 5262 rur-

486 5325 581 5366 sus
638 5306 783 5363 aliud
832 5307 1128 5362 discrimen
1190 5304 1595 5373 intelligimus:
1629 5303 1720 5357 hic
1779 5303 1925 5355 enim
1977 5308 2061 5356 est

486 5402 796 5477 immediate
842 5414 908 5456 ex
973 5400 1170 5469 primo,
1221 5399 1309 5453 hic
1376 5410 1504 5451 vero
1571 5410 1640 5450 ex
1690 5409 1777 5459 eo,
1819 5394 1915 5464 qui
1977 5402 2062 5453 est

483 5496 795 5552 immediate
821 5509 889 5549 ex
911 5494 1089 5564 primo
1121 5510 1135 5547 :
1167 5494 1305 5547 adeo
1338 5501 1397 5546 ut
1441 5498 1496 5546 et
1547 5489 1891 5559 unigenitum
1939 5491 2059 5545 sine

487 5590 595 5653 ulla
629 5587 968 5657 haesitatione
1007 5586 1066 5645 in
1095 5582 1235 5639 Filio
1283 5591 1524 5645 maneat,
1571 5589 1627 5636 et
1670 5580 1935 5650 Spiritum
1988 5595 2057 5637 ex

484 5676 646 5753 Patre
675 5693 838 5735 essea
856 5678 1075 5733 nemine
1104 5681 1565 5736 controvertatur,
1587 5670 1707 5726 Filii
1727 5672 2059 5729 mediatione

484 5772 809 5843 siLimetipsi
834 5768 1178 5840 unigenitum
1220 5776 1601 5839 conservante,
1638 5777 1694 5821 et
1730 5764 1995 5835 Spiritum
2021 5782 2052 5821 a

2165 4576 2257 4630 τὸν
2282 4575 2542 4628 δοκοῦντα
2587 4577 2719 4645 ἡμῖν
2762 4574 2985 4643 ἔλεγχον
3013 4575 3115 4643 τῆς
3159 4575 3539 4647 παραφθρρᾶς
3589 4594 3770 4649 παρα-

2166 4665 2488 4731 στήσαιμεν.
2536 4663 2743 4715 Λύτίκα
2786 4662 2879 4714 τοῦ
2928 4661 3396 4731 θεολογικωτάτου
3449 4667 3680 4739 Νύσσης
3706 4670 3765 4720 ὲν

2162 4750 2241 4820 τῷ
2286 4749 2423 4820 πρὸς
2468 4749 2750 4803 ’Δὸλάὸιον
2790 4750 2934 4821 λόγῳ
2988 4750 3393 4821 θεολογοῦντος,
3424 4776 3447 4810 ι
3501 4760 3579 4813 Τὸ
3627 4762 3773 4814 ἁπα-

2167 4841 2467 4913 ράλλακτον
2510 4841 2607 4910 τῆς
2641 4841 2856 4911 φύσεως
2902 4844 3315 4912 ὁμολογοῦντες,
3377 4849 3486 4918 τὴν
3518 4853 3665 4907 κατὰ
3711 4851 3773 4903 τὸ

2164 4935 2338 4988 αἴτιον
2383 4936 2475 4989 καὶ
2507 4935 2749 4987 αἰτιατὸν
2795 4936 3058 5004 διαφορὰν
3099 4938 3199 4991 οὐκ
3243 4939 3598 5010 ἀρνούμεθα,
3638 4949 3695 4998 ἐν
3728 4937 3772 5011 ᾧ

2167 5028 2314 5097 μόνῳ
2341 5026 2713 5096 διακρίνεσθαι
2743 5027 2806 5078 τὸ
2850 5027 3038 5098 ἕτερον
3078 5029 3172 5082 τοῦ
3227 5031 3424 5101 ἐτέρου
3475 5034 3769 5103 καταλαμ-

2165 5118 2423 5188 ϐάνομεν,
2453 5118 2532 5188 τῷ
2555 5119 2617 5171 τὸ
2659 5120 2759 5188 μὲν
2787 5122 2957 5173 αἰτιον
2988 5121 3266 5175 πιστεύειν
3316 5118 3493 5191 εἶναι,
3533 5128 3596 5179 τὸ
3619 5126 3678 5179 δὲ
3710 5129 3773 5180 ἐκ

2161 5210 2257 5265 τοῦ
2284 5214 2481 5276 αἰτίου,
2515 5213 2612 5267 καὶ
2649 5212 2742 5265 τοῦ
2772 5211 2830 5275 ἐξ
2860 5212 3039 5274 αἰτίας
3068 5212 3219 5275 ὄντος
3246 5214 3422 5285 ἄλλην
3456 5218 3629 5273 πάλιν
3656 5220 3772 5289 διατ

2162 5303 2335 5375 φορὰν
2356 5304 2645 5374 ἐννοοῦμεν
2670 5318 2684 5334 °
2713 5308 2772 5357 τὸ
2805 5307 2903 5373 μὲν
2932 5309 3043 5376 γὰρ
3074 5307 3358 5377 προσεχῶς
3390 5310 3461 5363 ἐκ
3488 5312 3590 5364 τοῦ
3625 5310 3779 5379 πρώ-

2158 5412 2275 5459 του,
2301 5397 2361 5450 τὸ
2388 5397 2445 5449 δὲ
2474 5398 2560 5450 διὰ
2590 5397 2692 5450 τοῦ
2742 5398 3024 5467 προσεχῶς
3072 5397 3166 5453 τοῦ
3206 5398 3428 5466 πρώτου
3452 5414 3468 5429 ·
3499 5401 3648 5455 ὥστε
3681 5401 3779 5460 καὶ

2160 5488 2220 5542 τὸ
2246 5493 2529 5558 μονογενὲς
2565 5489 2935 5559 ἀναμφίϐολον
2970 5491 3063 5542 ἐπὶ
3105 5491 3198 5543 τοῦ
3234 5488 3364 5545 Υίοῦ
3419 5492 3644 5559 μένειν,
3675 5491 3776 5545 καὶ

2160 5585 2225 5639 τὸ
2247 5587 2311 5638 ὲκ
2340 5584 2433 5638 τοῦ
2466 5585 2677 5654 Πατρὸς
2718 5579 2944 5638 εἶναιτὸ
2981 5583 3204 5653 Πνεῦμα
3242 5582 3317 5652 μὴ
3363 5582 3776 5653 ἀμφιϐάλλειν,

2160 5679 2258 5748 τῆς
2303 5677 2397 5733 τοῦ
2436 5677 2566 5734 Υίοῦ
2631 5677 2930 5746 μεσιτείας,
2980 5680 3075 5735 καὶ
3125 5677 3305 5747 ἑαυτῴ
3344 5677 3407 5727 τὸ
3462 5677 3774 5748 μονογενὲς

2163 5768 2560 5841 φυλαττούσης,
2605 5772 2697 5824 καὶ
2732 5769 2791 5822 τι)
2824 5770 3048 5839 Πνεῦμα
3083 5770 3184 5839 τῆς
3216 5769 3464 5840 φυσικῆς
3506 5775 3651 5843 πρὸς
3682 5772 3774 5825 τὸν
