4054 6404
333 396 441 457 173

1362 388 1460 447 DE
1499 385 2023 449 PRUCESSIONE
2063 386 2123 445 S.
2166 383 2551 444 SPiRiTUS.

3490 382 3593 446 174

326 504 565 575 Hart-ipa,
586 499 823 571 σχέσεως
878 496 953 568 μὴ
993 494 1386 566 ἁπειργυύσης,
1429 514 1447 547 ι
1493 496 1594 548 οὐκ
1627 494 1805 561 ὀλίγαι
1839 491 1917 563 βί-

2026 493 2260 547 natnrali
2314 509 2443 557 erga
2498 492 2718 547 Patrem
2754 492 3071 547 habitudine
3130 494 3236 547 nim
3281 503 3522 561 arcente,
3571 515 3589 546 ›

324 593 452 645 ὅλοι
495 590 821 660 εὑρέθησαν,
869 587 931 651 ἐξ
966 581 1041 641 ὧν
1075 586 1437 654 διεγέγραπτο
1477 586 1559 650 rb,
1598 603 1617 637 ι
1650 586 1712 637 rb
1740 585 1798 638 δὲ
1824 583 1913 636 διὰ

320 679 425 733 τοῦ
463 677 747 749 πρωεχῶς
775 677 841 729 ὲκ
874 676 966 728 τοῦ
995 675 1238 746 πρώτου.

403 861 457 919 ι’.
492 864 602 916 Καὶ
634 862 720 925 τίς
750 860 818 915 ἂν
841 861 902 915 οὐ
956 859 1206 929 διαγνοίη
1250 859 1446 913 Θεόθεν
1495 859 1761 927 ἐσφάλθαι
1787 860 1915 922 τοὺς

322 954 810 1026 διαγραῲαμὲνους
849 954 908 1006 τὸ
941 953 1040 1023 τῆς
1069 953 1377 1025 περικοπῆς
1404 951 1606 1023 ταύτης
1629 953 1914 1021 τεμάχιον,

325 1051 434 1114 τὴν
471 1048 617 1116 ’ὃλην
673 1045 982 1114 περικοπὴν
1024 1045 1395 1115 ἁσυνάρτὴτον
1443 1046 1636 1116 ἑαυτῇ,
1669 1046 1762 1097 καὶ
1802 1047 1915 1106 τοῖς

326 1141 539 1208 ἑαυτῆς
572 1137 900 1207 ἀσύμφωνον
929 1137 1153 1207 μέρεσιν
1180 1136 1431 1190 ἐντεῦθεν
1461 1136 1771 1202 κατανοῶν;
1807 1136 1918 1191 Καὶ

327 1228 495 1281 τοῦτο
540 1228 604 1298 δὴ
646 1227 742 1281 τοῦ
788 1227 1010 1296 ἐλέγχου
1040 1228 1099 1279 rb
1139 1228 1426 1297 πρόδηλον,
1465 1229 1565 1298 τὴν
1596 1228 1858 1298 διαφορὰν
1891 1229 1919 1281 ὁ

328 1321 489 1387 ἆγιος
522 1319 616 1372 τοῦ
642 1318 704 1384 ιξ
750 1318 931 1379 αἰτίας
974 1318 1127 1381 ὄντος
1156 1320 1235 1382 εἰς
1265 1319 1358 1371 δύο
1381 1319 1552 1371 ταῦτα
1590 1318 1805 1381 διεῖλεν,
1835 1318 1916 1371 ὅτι

327 1414 395 1465 rb
451 1412 553 1482 μὲν
601 1411 884 1481 προσεχᾶκ
928 1413 993 1463 ὲκ
1043 1410 1135 1463 τοῦ
1195 1411 1434 1481 πρώτου,
1481 1412 1538 1462 ἑν
1570 1409 1675 1464 τίνι
1731 1410 1919 1463 λοιπὸν

330 1506 515 1571 ἀφῆκε
566 1501 667 1569 τὴν
712 1500 973 1572 διαφορὰν
1023 1500 1367 1571 θεωρεῖσθαι.
1406 1502 1514 1554 Καὶ
1571 1501 1692 1555 οὐδὲ
1740 1503 1919 1555 ἐκεῖνο

338 1594 567 1646 συνιδεῖν
601 1594 779 1660 ἔσχεν,
810 1593 883 1655 ὡς
917 1593 945 1642 ὁ
973 1593 1148 1660 λέγων
1180 1593 1241 1645 τὸ
1290 1593 1388 1661 μὲν
1421 1592 1702 1663 προσεχῶς
1730 1593 1793 1646 ἐκ
1824 1592 1919 1645 τοῦ

340 1687 558 1754 πρῶτον
584 1685 723 1737 κατὰ
786 1686 969 1738 πᾶσαν
1007 1685 1317 1738 ἀπαιτεῖται
1357 1686 1603 1753 ἀνάγκην
1635 1685 1828 1749 εἰπεῖν,
1861 1684 1921 1736 τὸ

347 1778 405 1830 δὲ
434 1777 607 1846 ἔτερον
632 1776 684 1829 τί
709 1778 827 1828 ἐστι
853 1775 1004 1845 παρὰ
1030 1776 1090 1828 τὸ
1121 1776 1425 1846 προσεχῶς.
1460 1777 1582 1839 Πῶς
1607 1776 1713 1847 γὰρ
1747 1776 1921 1841 ἄλλως

349 1870 447 1921 καὶ
477 1843 742 1939 σῦνδεθείη
770 1869 800 1921 ὁ
848 1843 1024 1936 λόγος,
1053 1868 1084 1938 ἢ
1130 1843 1247 1932 πῶς
1379 1870 1414 1939 η
1453 1843 1694 1941 διοιφορὲι⁷
1717 1870 1923 1941 θεωρη-
1954 1843 1996 1900 Β

344 1960 461 2029 θεὲη
492 1961 598 2013 τῶν
649 1962 1038 2032 διαφερόντων,
1078 1960 1153 2030 μὴ
1206 1960 1301 2014 τοῦ
1351 1962 1450 2029 μὲν
1498 1961 1690 2025 οὕτως,
1717 1961 1810 2015 τοῦ
1863 1963 1922 2014 δὲ

334 2053 572 2128 ἐκείνως⁹
593 2053 846 2122 ἕχοντοςς
882 2054 995 2106 Καὶ
1025 2055 1057 2123 ἡ
1082 2052 1175 2106 τοῦ
1211 2052 1339 2106 Υἱοῦ
1381 2052 1436 2104 δὲ
1469 2054 1738 2122 μεσιτεία,
1763 2053 1813 2105 εἰ
1844 2056 1923 2124 ’μὴ

332 2144 403 2196 δι’
433 2144 600 2197 αὑτοῦ
633 2144 719 2214 εἴη
750 2144 813 2197 rb
839 2144 1087 2213 Πνεῦμα,
1120 2143 1240 2207 πῶς
1288 2144 1356 2196 ἂν
1382 2144 1550 2214 ἑαυτῇ
1581 2145 1833 2213 φυλάξειε
1864 2145 1924 2199 rb

335 2233 652 2303 μονογενὲς,
689 2236 872 2287 καὶτὸ
899 2234 1122 2304 Πνεῦμα
1150 2234 1249 2302 τῆς
1276 2234 1409 2304 πρὸς
1439 2235 1530 2287 τὸν
1562 2235 1782 2304 Πατέρα
1819 2253 1923 2304 φυ-

334 2325 501 2392 σικῆς
541 2325 643 2377 οὐκ
689 2325 971 2391 ἀπείρξειε
1026 2326 1305 2396 σχέσεωςς
1354 2322 1541 2396 Ὁρᾷς,
1585 2328 1613 2377 ὁ
1658 2324 1827 2378 θέλων
1866 2327 1925 2379 ὲν

286 2460 293 2467 .
336 2414 603 2486 εὐθύτητι
635 2416 952 2471 διασκοπεῖν
976 2418 1046 2470 τὰ
1092 2419 1220 2488 περὶ
1252 2411 1327 2471 ὧν
1350 2418 1378 2470 ὁ
1411 2417 1566 2485 λόγος
1593 2418 1744 2488 ἡμῖν,
1772 2417 1923 2481 ὅπως

335 2509 476 2562 αὐτὸ
508 2509 572 2562 rb
598 2510 699 2579 τῆς
730 2509 990 2581 ἀληθείας
1018 2510 1252 2587 ἔσφαλλε
1286 2502 1511 2578 Πνεῦμα
1538 2512 1664 2573 τοὺς
1686 2511 1786 2582 τὴν
1821 2528 1925 2563 π).-

338 2597 627 2671 ραφθορὰν
659 2601 1090 2670 μηχανωμένους
1112 2603 1222 2654 τῶν
1253 2599 1541 2671 γραφικῶν
1574 2588 1791 2670 ῥήσεων
1832 2600 1925 2652 ἐπὶ

336 2695 709 2761 συγκροτήσει
739 2692 834 2746 τοῦ
875 2693 1328 2766 ὲκκλησιαστικοῦ
1361 2691 1662 2763 σχίσματος
1689 2710 1706 2759 ;

418 2981 509 3031 ια’.
545 2975 656 3029 Καὶ
678 2974 742 3044 δὴ
779 2974 972 3029 σκόπει
998 2975 1237 3040 κάκεῖνο,
1268 2977 1407 3047 ὅπερ
1445 2974 1503 3028 εν
1528 2991 1634 3029 τινι
1663 2974 1771 3029 τῶν
1802 2974 1923 3029 κατ’

334 3070 612 3138 Εὺνομεου
680 3069 1088 3140 ἀντιρρητικῶν
1148 3068 1462 3136 κεφαλαίων
1516 3066 1613 3121 τοῦ
1685 3069 1923 3138 μεγάλου

334 3162 569 3232 εὓρηται
599 3162 904 3224 Βασιλείου,
932 3163 992 3213 ἐν
1013 3155 1058 3229 ᾧ
1079 3164 1107 3215 ὁ
1141 3161 1242 3232 μὲν
1270 3160 1425 3229 ἅγιος
1459 3162 1610 3235 παρὰ
1638 3161 1748 3214 τῶν
1775 3163 1925 3216 ἀντι-
1951 3193 1992 3252 c

335 3253 611 3321 λῖγόντων
645 3252 796 3322 αὐτῷ
845 3252 1224 3323 διαπορηθεὶς,
1263 3272 1281 3304 ι
1317 3253 1416 3305 Διά
1464 3251 1517 3304 τί
1571 3252 1646 3323 μὴ
1709 3254 1925 3322 λέγεται

340 3348 439 3399 καὶ
470 3346 533 3398 rb
569 3344 796 3415 Πνεῦμα
828 3344 958 3408 Tib;
999 3345 1093 3399 τοῦ
1117 3345 1283 3411 Tim];
1323 3362 1342 3395 ι
1377 3345 1651 3414 ἀπεκρίθη
1677 3346 1759 3398 ὅτι
1793 3363 1812 3396 ι
1851 3347 1923 3400 Οὐ

338 3439 431 3491 διὰ
460 3439 526 3491 rb
557 3436 633 3508 μὴ
662 3434 802 3491 εἷναι
835 3438 901 3490 ὲκ
947 3437 1082 3491 Θεοῦ
1111 3437 1178 3490 δι’
1206 3436 1359 3502 Υἱοῦ,
1399 3437 1537 3489 ἀλλὰ
1573 3438 1660 3490 ἶνα
1687 3439 1719 3507 ἡ
1758 3437 1926 3506 Τριὰς

344 3528 421 3598 μὴ
450 3527 681 3597 νομισθῇ
731 3526 935 3597 πλῆθος
963 3526 1214 3597 ἄπειρον,
1250 3525 1412 3596 Tiob;
1443 3525 1501 3590 ἐξ
1535 3525 1699 3589 Υἱῶν,
1729 3524 1805 3587 ὡς
1834 3526 1927 3578 καὶ

339 3621 402 3670 ἐν
439 3618 627 3688 ἀνθρώ

338 3728 435 3776 τος
459 3706 766 3783 μοῖραῖὦν
793 3712 862 3765 δι’
895 3712 1024 3765 Υἰοῦ
1057 3711 1325 3781 λεγόντων
1356 3706 1495 3766 εἶναι
1524 3712 1586 3763 τὸ
1615 3710 1839 3779 Πνεῦμα
1868 3708 1927 3762 ἕν

341 3820 450 3858 τισι
468 3803 674 3876 βίϐλοις
703 3805 786 3869 rb,
817 3806 922 3858 (οὺ
950 3805 1037 3859 διὰ
1056 3807 1116 3858 rb
1140 3803 1217 3876 μὴ
1234 3802 1374 3859 εἶναι
1399 3807 1465 3858 ὲκ
1482 3804 1616 3858 Θεοῦ
1643 3804 1710 3859 δι’
1734 3804 1917 3869 Υἱοῦ,›

347 3898 419 3968 μὴ
447 3897 872 3967 διαγράψαντες,
918 3895 1184 3966 ἔγραψαν.
1215 3896 1280 3948 Τί
1314 3896 1424 3967 γὰρ
1463 3897 1772 3966 συμϐάλλον
1823 3898 1923 3951 αὺ-

340 3993 453 4050 τοῖς
488 3985 573 4058 ιῆν
608 3989 689 4050 εἰς
747 3986 1096 4059 κατασκευὴν
1143 3989 1471 4052 ἀποδείξεως
1521 3989 1661 4059 τάχα
1698 3987 1793 4041 τοῦ
1848 3988 1925 4059 μὴ

340 4076 485 4132 εἶναι
513 4081 578 4133 rb
609 4080 837 4149 Πνεῦμα
865 4079 953 4133 διὰ
977 4078 1073 4132 τοῦ
1103 4078 1257 4143 Υἱοῦ,
1284 4079 1381 4133 ἐὰν
1406 4082 1434 4132 ὁ
1456 4081 1611 4150 ἅγιος
1639 4080 1926 4150 διαπορού-

344 4187 533 4240 μενος,
565 4170 717 4223 Arari
750 4169 827 4240 μὴ
872 4170 967 4223 καὶ
1002 4170 1062 4223 rb
1091 4170 1312 4241 Πνεῦμα
1341 4171 1466 4234 Υἱὸς
1496 4171 1587 4224 τοῦ
1623 4172 1786 4238 Υιοῦς
1818 4174 1924 4244 ἔφη

340 4265 422 4316 ὅτι
455 4262 531 4314 οὐ
562 4262 651 4315 διὰ
671 4262 733 4316 rb
760 4259 898 4316 εἶναι
925 4264 989 4315 ὲκ
1010 4262 1144 4315 Θεοῦ
1166 4263 1232 4315 δι’
1263 4262 1413 4328 Υἱοῦ,
1436 4263 1551 4317 ἀλλι
1580 4264 1666 4317 ἵνα
1688 4266 1720 4334 ἠ
1755 4266 1925 4335 Τριὰς

344 4356 421 4424 μὴ
455 4354 690 4425 νομισθῇ
724 4354 931 4422 πλῆθος
972 4353 1218 4424 ἄπειρόν.
1267 4373 1287 4405 ι
1325 4354 1551 4424 Στῆσον,
1595 4356 1923 4425 παρακαλῶ,

340 4446 494 4507 ὅστις
519 4445 588 4498 ἂν
633 4446 773 4514 ετης,
799 4446 829 4497 6
860 4445 996 4513 πρὸς
1040 4444 1137 4513 τὴν
1167 4444 1456 4512 διάγνωσιν
1487 4446 1594 4497 τῶν
1640 4446 1924 4518 παρόντων

784 3618 931 3688 ἔχειν
973 3616 1397 3671 ὑποπτευθεῖσα.
1439 3634 1458 3667 ι
1508 3617 1573 3669 Ἦ
1618 3616 1677 3668 δὲ
1718 3615 1929 3668 ἀντίθε-

2021 601 2126 638 non
2162 574 2331 655 pauca
2362 587 2635 641 volumina
2670 597 2882 657 reperta
2919 597 3067 653 sunt,
3109 603 3174 642 ex
3206 588 3407 658 quibus
3432 589 3591 651 illud,

2024 698 2040 727 ι
2085 677 2169 730 hie
2192 666 2333 731 ’νει-ο
2368 694 2433 731 ex
2458 694 2544 744 eo,
2570 681 2659 749 qui
2723 690 2805 733 est
2865 679 3177 734 immediate
3209 696 3274 735 ex
3339 681 3539 749 primo,
3574 701 3591 733 ι

2020 768 2296 821 sublatum
2328 778 2467 824 erat.

2104 860 2191 914 iO.
2228 860 2292 913 Et
2315 863 2438 929 quis
2467 876 2575 915 non
2604 861 2962 930 discerneret,
2987 878 3017 917 a
3047 861 3177 929 Deo,
3209 862 3302 932 qui
3335 865 3600 933 sagmenti

2022 952 2253 1022 hujusce
2311 954 2631 1022 particulam
2681 955 3044 1022 sustulerunt,
3099 957 3151 1008 in
3204 971 3446 1009 errorem
3503 958 3603 1009 ab-

2021 1046 2219 1100 ductos
2255 1045 2445 1109 fuisse,
2487 1050 2825 1116 segmentum
2855 1046 3169 1102 universum
3203 1047 3307 1101 sibi
3348 1046 3450 1116 ipsi
3490 1063 3599 1102 non

2020 1138 2325 1203 cohaerens,
2354 1146 2410 1191 et
2439 1135 2555 1189 suis
2585 1137 2833 1204 partibus
2859 1136 3083 1191 minime
3106 1141 3447 1192 concordatis
3475 1140 3601 1193 inde

2020 1230 2368 1299 percipiens?
2409 1227 2475 1282 Et
2503 1245 2569 1283 cn
2626 1229 3166 1299 manifestissimum;
3204 1229 3603 1299 redargutionis

2020 1330 2202 1390 caput.
2238 1322 2383 1375 Illius
2431 1320 2524 1390 qui
2556 1336 2618 1373 ex
2646 1335 2811 1374 causa
2856 1330 2961 1386 est,
2997 1322 3358 1374 dill'eremiam
3398 1323 3447 1375 in
3502 1323 3600 1376 ista

2021 1415 2131 1468 duo
2164 1427 2391 1468 sanctus
2420 1414 2605 1468 divisit
2635 1430 2652 1467 :
2678 1415 2908 1467 alterum
2954 1428 3148 1482 nempe
3179 1415 3495 1468 immediate
3535 1432 3602 1469 ex

2024 1508 2229 1575 primo,
2279 1507 2332 1559 in
2367 1520 2477 1574 quo
2512 1520 2644 1559 vero
2688 1517 2739 1559 ct
2794 1505 3090 1558 discrimen
3137 1504 3601 1559 considerandum

2023 1599 2263 1667 reliquit.
2333 1599 2521 1670 Nequq
2578 1598 2710 1652 illud
2778 1598 3244 1666 comprehendere
3288 1599 3482 1665 potuit,
3519 1598 3605 1649 di-

2024 1690 2258 1755 centem,
2299 1691 2388 1744 hic
2423 1690 2568 1743 enim
2596 1691 2912 1744 immediate
2942 1706 3007 1743 ex
3046 1690 3244 1758 prium,
3288 1706 3605 1744 necessario

2027 1784 2145 1853 cogi
2187 1783 2321 1836 illud
2369 1783 2532 1837 etiam
2593 1783 2772 1847 fateri,
2813 1785 3043 1843 alterum
3095 1785 3226 1852 quid
3273 1785 3365 1845 sit,
3408 1784 3606 1838 distin-

2025 1888 2171 1929 ctum
2218 1876 2285 1929 ab
2310 1891 2396 1941 eo,
2434 1876 2578 1945 quod
2629 1876 2943 1930 immediate
2967 1887 3067 1931 est.
3098 1875 3218 1942 Quo
3266 1877 3410 1930 enim
3444 1886 3605 1946 pacto

2024 1966 2179 2020 aliter
2205 1965 2382 2020 oratio
2427 1965 2816 2035 colligabitur?
2849 1966 2934 2019 vel
2987 1968 3264 2035 quomodo
3304 1969 3602 2022 discrimen

2028 2059 2164 2112 inter
2189 2073 2250 2111 se
2284 2057 2653 2111 diii‘erentium
2689 2058 3045 2129 intelligetur,
3085 2060 3187 2113 uisi
3234 2061 3322 2114 hic
3379 2061 3601 2129 quidem

2026 2149 2152 2214 hoc,
2207 2148 2350 2202 alius
2410 2148 2502 2202 illo
2534 2147 2696 2202 modo
2756 2163 2815 2202 se
2871 2149 3095 2203 habeat?
3132 2147 3199 2201 Et
3231 2149 3348 2203 Filii
3384 2166 3603 2218 quoque

2026 2240 2323 2305 mediatio,
2372 2240 2418 2295 si
2471 2254 2567 2310 per
2596 2243 2723 2295 'enm
2764 2239 3005 2310 Spiritus
3044 2256 3152 2295 non
3184 2244 3606 2311 Aest,quomudo

2025 2331 2126 2387 sibi
2153 2332 2496 2402 unigenitum
2537 2333 2909 2397 conservabit,
2927 2341 2982 2386 et
3021 2331 3283 2401 Spiritum
3309 2346 3340 2387 ι
3371 2334 3610 2389 naturali

2025 2422 2093 2476 ad
2118 2422 2328 2476 Patrem
2371 2422 2691 2477 habitudine
2719 2438 2823 2475 non
2857 2423 3095 2477 arcebit?
3121 2423 3301 2489 Vides,
3335 2425 3428 2494 qui
3459 2435 3609 2481 recta

2025 2521 2210 2567 mente
2241 2512 2380 2577 haec,
2404 2513 2472 2567 de
2500 2513 2701 2583 quibus
2732 2513 2895 2567 nobis
2932 2528 3114 2567 sermo
3134 2524 3238 2577 est,
3262 2517 3608 2582 consideras,

2024 2604 2289 2675 aSpiritu
2336 2607 2584 2661 veritatis
2630 2604 2688 2660 in
2736 2620 2983 2660 errorem
3033 2607 3300 2663 abductos
3352 2623 3470 2672 eos,
3510 2625 3608 2678 qui

2025 2692 2299 2747 dictorum
2330 2694 2536 2763 scripto
2566 2694 2893 2749 traditorum
2932 2698 3345 2764 corruptionem
3394 2701 3608 2754 inachi-

2027 2792 2249 2849 nantur,
2300 2784 2368 2837 ad
2397 2783 2893 2840 constabiiiendum
2964 2786 3401 2845 ecclesiasticum
3456 2792 3606 2845 schi-

2031 2891 2149 2930 sma
2175 2874 2198 2928 ?

2102 2964 2189 3017 Η.
2223 2964 2359 3019 lllud
2394 2966 2521 3020 item
2548 2966 2841 3036 perpende,
2864 2970 3010 3039 quod
3058 2970 3112 3025 in
3147 2988 3258 3028 uno
3305 2988 3373 3028 ex
3418 2974 3606 3028 Antir-

2017 3038 2249 3112 i-heticis
2278 3058 2544 3115 adversus
2578 3059 2907 3116 Eunomium
2951 3065 3219 3134 capitibus
3243 3068 3427 3138 magni
3451 3067 3609 3123 Basi-

2028 3147 2085 3202 lii
2107 3151 2404 3219 reperitur,
2436 3154 2487 3206 in
2525 3170 2635 3223 quo
2692 3172 2814 3209 cum
2852 3167 3076 3212 sanctus
3104 3159 3376 3229 objectum
3409 3161 3510 3217 sibi
3540 3164 3609 3217 ab

2031 3243 2360 3297 adversariis
2387 3243 2625 3307 diluens,
2667 3266 2685 3297 ι
2714 3246 2897 3312 Quare
2918 3264 3028 3302 non
3060 3250 3260 3304 dicitur
3282 3261 3334 3306 et
3368 3252 3611 3322 Spiritus

2030 3332 2200 3388 Filius
2244 3334 2402 3389 Filii?
2435 3354 2453 3385 ι
2491 3339 2766 3406 respondit
2808 3357 2823 3394 :
2866 3359 2885 3390 ι
2925 3338 3042 3394 Non
3068 3341 3216 3411 quod
3248 3358 3355 3397 non
3418 3347 3491 3399 sit
3537 3362 3606 3402 ex

2030 3426 2140 3480 Deo
2170 3443 2267 3497 per
2288 3426 2513 3494 Filium,
2562 3431 2657 3485 sed
2716 3447 2784 3487 ne
2820 3429 3060 3488 Trinitas
3113 3434 3406 3490 multitudo
3443 3438 3609 3491 innu-

2031 3533 2180 3572 mera
2223 3531 2584 3589 reputaretur,
2617 3521 2769 3578 Filiis
2808 3540 2874 3578 ex
2917 3524 3092 3589 Filiis,
3142 3530 3606 3597 quemadmodum

2028 3618 2083 3665 et
2110 3611 2166 3664 in
2200 3611 2515 3667 hominibus
2538 3630 2637 3669 usu
2676 3618 2843 3681 venit,
2876 3618 3211 3688 cogitatione
3238 3622 3606 3691 comprehen-

2028 3703 2126 3758 sis.
2159 3720 2178 3755 ›
2225 3701 2428 3758 Verum
2487 3720 2614 3774 pars
2658 3706 2763 3761 illis
2816 3708 3064 3775 adversa,
3111 3712 3207 3780 qui
3264 3727 3360 3781 per
3409 3713 3606 3769 Filium

2029 3805 2286 3852 asserunt
2342 3813 2466 3854 esse
2529 3797 2820 3868 Spiritum,
2856 3801 2912 3855 in
2968 3803 3250 3860 nonnullis
3293 3806 3603 3872 codicibus,

2033 3904 2053 3936 ι
2088 3886 2204 3942 Non
2229 3888 2372 3958 quod
2394 3906 2501 3944 non
2526 3892 2599 3944 sit
2621 3906 2686 3945 ex
2709 3890 2821 3945 Deo
2843 3908 2938 3962 per
2954 3893 3180 3962 Filium,
3219 3915 3238 3948 ι
3268 3901 3604 3964 omittentes.

2027 3980 2235 4049 reliqua
2265 3981 2690 4051 descripserunt.
2722 3984 2827 4037 Sed
2855 3985 2988 4054 quid
3041 3989 3260 4042 tandem
3314 3990 3448 4060 ipsis
3475 4008 3607 4046 con-

2027 4073 2230 4128 ducere
2263 4083 2451 4142 posset
2507 4074 2578 4129 ad
2621 4077 3134 4144 demonstrandum,
3182 4081 3448 4151 Spiritum
3497 4100 3606 4139 non

2026 4180 2148 4220 esse
2170 4180 2265 4234 per
2290 4165 2511 4230 Filium,
2540 4166 2585 4223 si
2624 4179 2849 4224 sanctus
2876 4171 3104 4226 dubium
3139 4174 3380 4241 solvens,
3408 4191 3608 4244 «quare

2027 4272 2136 4312 non
2166 4269 2217 4312 et
2252 4258 2488 4327 Spiritus
2509 4257 2677 4314 Filius
2703 4260 2824 4313 Filii
2851 4261 3094 4317 dicitur?
3139 4283 3159 4315 ι
3193 4265 3353 4331 dixit,
3399 4283 3419 4316 ι
3486 4265 3607 4321 Νοη

2025 4349 2171 4419 quod
2214 4363 2324 4404 non
2363 4350 2435 4404 sit
2469 4365 2535 4405 ex
2566 4348 2678 4405 Deo
2726 4366 2823 4421 per
2862 4350 3085 4417 Filium,
3115 4357 3212 4410 sed
3244 4372 3313 4410 ne
3362 4355 3606 4415 Trinitas

2029 4441 2321 4497 multitudo
2379 4443 2666 4497 innumera
2738 4452 3106 4512 reputaretur.
3145 4464 3163 4497 ι
3249 4446 3604 4517 Suspendito.

340 4539 518 4600 διδοὺς
562 4537 780 4600 ἑαυτὸν,
833 4535 1055 4608 ἀρρεπῆ
1097 4536 1195 4605 τῆς
1251 4536 1595 4603 διαγνώσεως
1647 4539 1716 4590 τὰ
1757 4537 1918 4605 ζυγὰ,

2028 4549 2240 4601 precor,
2269 4534 2581 4603 quicunque
2605 4550 2686 4598 es,
2715 4544 2807 4604 qui
2862 4537 2926 4589 ad
2979 4551 3160 4592 rerum
3198 4539 3393 4595 harum
3417 4542 3606 4612 cogni-

342 4632 437 4681 καὶ
465 4626 727 4694 διάγνωθι
772 4625 933 4679 ποίαν
976 4623 1090 4695 ἔχει
1136 4625 1236 4694 τὴν
1289 4624 1615 4697 ἀκολουθίαν
1653 4627 1791 4697 πρὸς
1823 4628 1925 4697 τὴν

340 4721 616 4789 ἐρώτησιν
644 4721 678 4788 ὴ
731 4717 1045 4789 ἀπόκρισις.
1090 4717 1153 4768 El
1201 4715 1276 4784 μὴ
1318 4711 1387 4786 ἦν
1432 4714 1924 4787 δεδογματισμένον

339 4814 429 4867 διὰ
456 4811 555 4864 τοῦ
609 4810 762 4873 Υῑιῦ,
804 4810 900 4862 καὶ
943 4810 1008 4861 ἐκ
1060 4807 1151 4859 τοῦ
1184 4807 1313 4860 Υἰοῦ
1367 4804 1506 4860 εἶναι
1552 4808 1613 4859 τὸ
1672 4808 1920 4879 Πνεῦμα,

341 4908 463 4967 πῶς
519 4904 588 4958 ἂν
620 4903 649 4954 ὁ
694 4903 979 4971 ἀπορήσας
1025 4900 1296 4968 ἠπόρησε,
1331 4917 1349 4949 ι
1397 4898 1548 4952 Διατι
1584 4899 1663 4970 μὴ
1712 4901 1807 4954 καλ⁵
1862 4901 1924 4954 rb

345 4997 575 5066 Πνεῦμα
622 4994 748 5057 Υἱὸς
777 4993 877 5047 τοῦ
920 4990 1088 5058 Tibi;
1130 5010 1149 5041 ι
1179 4993 1246 5043 At
1288 4990 1385 5060 τῆς
1433 4976 1665 5061 ampla;
1722 4978 1925 5062 ταύτης

343 5092 595 5163 ἀφορμαὶ
643 5088 813 5140 πόθεν
858 5086 1150 5154 γεγόνασιν
1194 5085 1435 5151 ἄλλοθεν,
1470 5086 1551 5136 ὅτι
1603 5086 1683 5155 μὴ
1712 5087 1778 5138 ὲκ
1829 5086 1924 5138 τοῦ

338 5180 725 5252 ὁμολογεῖσθαι
746 5180 835 5232 διὰ
853 5179 949 5232 τοῦ
979 5176 1113 5230 Υῑοῦ
1143 5173 1285 5230 εἶναι
1311 5178 1372 5230 rb
1394 5177 1618 5248 Πνεῦμα
1641 5177 1703 5229 τὸ
1732 5177 1923 5245 ἅγιονς

342 5272 404 5326 ΕΞ
431 5275 546 5342 γὰρ
582 5270 660 5342 μὴ
685 5270 776 5322 διὸ.
806 5269 904 5322 τοῦ
935 5266 1069 5321 Υῑοῦ
1118 5262 1187 5336 ἦν
1225 5266 1654 5337 διαπορούμενος
1691 5269 1719 5320 ὁ
1746 5269 1923 5336 ἅγιος,

345 5382 365 5416 ι
394 5365 548 5417 Aturi
591 5364 669 5432 μὴ
699 5364 793 5415 καὶ
818 5361 878 5413 rb
907 5358 1134 5428 Πνεῦμα
1167 5360 1291 5421 Tib;
1313 5359 1406 5412 τοῦ
1436 5358 1601 5425 Υἱςῦ;
1644 5379 1662 5412 ι
1693 5360 1927 5429 ἑτοίμως

337 5460 403 5512 ἂν
433 5458 528 5512 καὶ
577 5456 731 5527 μάλα
773 5452 991 5524 γοργῶς
1041 5453 1142 5520 τὴν
1196 5450 1432 5521 ἀπορίαν
1475 5451 1926 5522 ἀποκρούσασθαι

340 5547 504 5619 εἶχεν,
535 5548 1059 5616 ἀπολογησάμενος,
1083 5544 1174 5597 διὰ
1219 5545 1281 5597 rb
1317 5543 1394 5613 μὴ
1422 5538 1564 5597 εἶναι
1593 5542 1665 5595 δι’
1701 5541 1857 5604 Υἱοῦ.
1889 5543 1924 5615 ἢ

339 5642 398 5706 ἐξ
426 5642 583 5697 Υἱοῦ.
621 5641 682 5694 ’0
728 5641 786 5693 δὲ
832 5642 896 5695 rb
930 5641 1031 5711 μὲν
1061 5640 1129 5693 δι’
1170 5637 1304 5692 Υἱοῦ
1354 5634 1497 5693 εἶναι
1521 5643 1582 5691 τὸ
1610 5639 1832 5708 Πνεῦμα
1859 5640 1925 5691 ὲκ

340 5736 436 5805 τῆς
459 5734 731 5805 λεγούσης
762 5734 897 5787 αὐτὸ
929 5733 1152 5803 Πνεῦμα
1180 5730 1314 5785 Υἱοῦ
1345 5731 1710 5799 ἀποστολικῆς
1738 5730 1924 5799 φωνῆς

344 5827 624 5898 σαφηνίζει
673 5824 1053 5890 συνίστασθαι,
1111 5829 1245 5895 πρὸς
1301 5824 1358 5875 δὲ
1407 5821 1506 5890 τὴν
1562 5822 1686 5885 Υἱὸς
1742 5822 1925 5891 φωνὴν

2032 4626 2235 4680 tionem
2266 4627 2509 4680 animum
2537 4626 2801 4693 advortis,
2819 4626 3000 4693 justas
3034 4631 3363 4699 cognitionis
3395 4632 3604 4699 lances,

2027 4715 2439 4786 discernitoque
2479 4718 2758 4786 quomodo
2808 4720 3132 4789 adaequatur
3189 4721 3606 4793 interrogationi

2027 4810 2336 4877 responsio.
2373 4808 2492 4863 Nisi
2537 4808 2817 4864 decretum
2878 4820 3046 4875 esset,
3087 4822 3143 4867 et
3182 4813 3339 4881 plane
3382 4816 3436 4869 in
3474 4831 3608 4871 con-

2028 4896 2214 4965 fessis,
2241 4914 2334 4969 per
2374 4898 2575 4955 Filium
2626 4910 2681 4955 et
2707 4917 2770 4954 ex
2799 4900 2937 4957 Filio
2990 4919 3113 4958 esse
3162 4903 3447 4972 Spiritum,
3495 4922 3605 4977 qua

2028 4992 2239 5046 ratione
2267 4992 2593 5057 dubitasset,
2624 4994 2717 5062 qui
2749 4992 2977 5071 dubium
3006 4996 3193 5059 movit,
3225 5015 3244 5048 ι
3280 4996 3461 5062 Quare
3493 5013 3607 5054 non

2027 5094 2081 5139 et
2109 5086 2345 5153 Spiritus
2404 5086 2527 5140 Filii
2580 5086 2800 5141 Filius?
2848 5106 2866 5140 ι
2927 5086 3335 5145 Dubitationem
3375 5090 3609 5159 hujusce

2027 5193 2207 5232 causae
2235 5178 2487 5233 undenan
2520 5179 2628 5233 alio
2653 5188 2860 5233 exortae
2886 5190 3038 5243 sunt,
3065 5196 3233 5250 quam
3264 5196 3330 5235 ex
3360 5196 3428 5234 eo
3458 5184 3607 5251 quod

2030 5271 2399 5325 indubitatum
2429 5281 2574 5336 erat,
2626 5287 2722 5341 per
2755 5271 2958 5326 Filium
3008 5288 3133 5329 esse
3162 5274 3430 5343 Spiritum
3482 5290 3610 5329 san-

2028 5362 2216 5416 ctum?
2242 5360 2486 5431 Namque
2524 5362 2572 5416 si
2597 5378 2664 5417 ex
2696 5362 2837 5417 Filio
2884 5378 2996 5417 non
3039 5374 3180 5427 erat,
3233 5363 3606 5435 interrogatus

2028 5465 2273 5517 sanctus,
2310 5472 2330 5507 ι
2372 5455 2552 5521 Quare
2594 5470 2705 5510 non
2757 5464 2812 5510 et
2856 5453 3103 5526 Spiritus
3146 5455 3269 5510 Filii
3316 5453 3535 5513 Filius?
3579 5475 3598 5509 ι

2028 5558 2279 5618 prompte
2304 5551 2546 5618 quidem.
2596 5560 2653 5605 et
2680 5551 2979 5604 admodum
3013 5550 3221 5604 acriter
3248 5549 3479 5606 dubium
3515 5564 3605 5606 re-

2026 5641 2271 5708 iecisset,
2298 5642 2705 5709 respondendo,
2730 5641 2879 5709 quod
2912 5655 3023 5693 non
3054 5648 3204 5696 esset
3244 5657 3340 5711 per
3377 5638 3604 5708 Filium,

2029 5728 2127 5785 aut
2152 5749 2215 5787 ex
2246 5733 2404 5787 Filio.
2442 5732 2550 5789 Sed
2600 5733 2692 5788 ille
2752 5733 3023 5803 Spiritum
3091 5734 3319 5804 quidem
3354 5744 3478 5790 εειοε
3506 5749 3606 5804 per

2030 5822 2267 5889 Filium,
2302 5820 2605 5880 alIirmante
2654 5825 2805 5880 illum
2862 5826 3126 5896 Spiritum
3153 5826 3276 5883 Filii
3299 5828 3597 5899 apostolica
