4054 6420
491 379 598 447 175

1523 374 1735 446 JOAN.
1774 382 1993 446 VECCI
2032 381 2143 444 CP.
2181 380 2695 444 PATRIARCH/E
3627 386 3721 449 Πῦ

485 516 638 567 voce,
695 499 1036 571 apertissime
1068 500 1410 570 comprobat,
1455 502 1551 554 sed
1610 500 1677 555 de
1707 514 1843 554 voce
1882 497 2061 553 Filius

2164 499 2643 569 διαγωνιζόμενος,
2668 500 2760 553 καὶ
2788 499 2948 568 λόγον
2976 500 3174 563 διδοὺς,
3212 500 3355 554 διατι
3383 501 3456 572 μὴ
3488 500 3606 567 Υἱὸς
3637 505 3718 556 τοῦ

487 593 796 656 decertans,
819 600 872 646 ct
904 592 1174 645 rationem
1213 591 1465 653 reddens,
1526 606 1695 661 quare
1727 606 1840 645 non
1888 589 2064 645 Filius

487 679 634 742 Filii,
668 682 760 750 qui
801 696 896 749 per
922 680 1120 734 Filium
1149 689 1250 745 est,
1285 679 1521 749 Spiritus
1571 695 1678 734 non
1713 679 1953 734 dicitur?
1983 679 2065 734 sic

489 774 810 842 respondit:
851 772 1091 827 Dicimus
1149 772 1357 841 itaque,
1434 787 1680 827 asserere
1751 771 1947 825 Filium
1995 787 2062 826 ex

488 866 649 932 Filio,
683 865 1005 920 Trinitatem
1037 867 1254 921 deitatis
1293 865 1661 921 multitudinis
1699 864 2063 933 suspicionem

487 958 734 1027 ingerere
757 956 1093 1022 lit-minibus,
1134 957 1228 1027 qui
1261 957 1375 1011 Inrc
1396 957 1644 1010 audiunt.
1690 956 1748 1009 ln
1812 966 2063 1025 promptu

486 1051 630 1105 enim
661 1060 777 1103 erat
804 1049 1119 1118 concipere,
1186 1049 1232 1103 si
1272 1047 1444 1103 Filius
1506 1064 1570 1103 ex
1622 1047 1761 1103 Filio
1802 1048 2062 1115 nascitur,

485 1152 540 1197 et
566 1158 632 1196 ex
660 1143 761 1196 hoc
778 1157 971 1195 rursus
994 1142 1136 1194 alius
1185 1153 1498 1210 generatur,
1531 1141 1767 1210 itemque
1805 1140 1945 1195 alius
1966 1181 1982 1206 ,
2010 1146 2066 1195 et

487 1233 567 1287 sic
621 1232 905 1302 deinceps,
932 1232 1166 1286 ﬁliorum
1213 1247 1475 1286 numerus
1510 1232 1894 1303 adaugeretnr.
1958 1231 2064 1285 Sed

487 1324 920 1393 unumquodque
944 1323 1003 1376 in
1056 1323 1254 1376 Triade
1286 1338 1456 1376 unum
1493 1332 1702 1377 tantum
1762 1338 2065 1390 agnoscen-

485 1416 616 1471 dum
647 1422 732 1469 est
762 1432 781 1468 τ
813 1428 1050 1483 namque
1107 1429 1248 1467 unus
1281 1415 1466 1479 Pater,
1511 1429 1651 1469 unus
1676 1413 1890 1479 .Filius,
1921 1430 2065 1468 unus

488 1506 728 1576 Spiritus
746 1515 987 1562 sanctus.
1022 1506 1090 1560 Et
1124 1508 1237 1561 btec
1276 1507 1494 1577 quidem
1542 1508 1597 1561 in
1637 1507 1802 1562 rebus
1859 1507 2063 1562 divinis

484 1599 719 1654 eximius
742 1598 999 1662 Basilius,
1034 1614 1156 1668 qua:
1180 1600 1315 1654 satis
1380 1614 1656 1668 superque
1680 1638 1696 1665 ,
1726 1612 1782 1653 nt
1836 1601 2059 1669 opinor,

479 1691 594 1760 jam
633 1688 794 1744 dictae
866 1690 1150 1744 sententiae
1217 1691 1627 1758 corruptionem
1703 1690 2061 1760 redarguunt.

555 1779 646 1835 12.
670 1777 839 1836 Nobis
865 1796 1030 1851 porro
1051 1789 1109 1836 et
1153 1781 1379 1836 alterius
1413 1797 1631 1852 quoque
1675 1783 1809 1870 dicti
1866 1785 2058 1853 scripti

484 1873 763 1942 corruptio
796 1848 1198 1928 consideranda
1238 1883 1344 1938 est,
1390 1848 1868 1943 corruptionisque
1910 1848 2059 1929 relu-
2094 1848 2137 1908 Β

487 1967 620 2017 tatio
664 1967 1008 2033 apponenda.
1098 1966 1157 2018 lit
1210 1965 1351 2018 libro
1389 1963 1751 2035 Dei-cognitio
1798 1966 2063 2036 inscripto

486 2056 780 2124 Gregorius
806 2053 1196 2125 Nyssaensium
1226 2056 1455 2111 antistes
1482 2057 1663 2123 docet,
1720 2058 1806 2112 bis
1835 2061 2014 2114 verbis
2045 2077 2058 2114 :

491 2169 508 2197 ι
547 2148 782 2217 Spiritus
799 2163 865 2201 ex
894 2156 1119 2217 paterna
1153 2148 1432 2218 bypostasi
1467 2149 1790 2217 procedens,
1820 2161 2065 2220 pr0pter-

491 2251 669 2307 caque
702 2235 967 2306 Spiritum
994 2238 1137 2303 oris,
1167 2252 1278 2291 non
1299 2245 1483 2292 autem
1505 2236 1733 2292 verbum
1757 2241 1872 2293 oris
1895 2239 2063 2294 David

476 2330 644 2395 dixit,
668 2339 725 2383 ut
746 2331 1112 2400 processivam
1151 2330 1539 2399 proprietatem
1587 2328 1817 2399 Spiritui
1852 2331 1951 2385 soli
1980 2332 2065 2385 in-

484 2425 781 2477 haerentem
818 2422 1189 2477 conlirmaret.
1228 2440 1248 2473 ι
1289 2423 1395 2488 Qui
1432 2437 1529 2492 per
1564 2422 1763 2477 Filium
1799 2422 2063 2494 Spiritum

483 2523 739 2569 salictum
766 2512 1079 2583 procedere,
1104 2527 1213 2567 non
1238 2522 1545 2583 acceptant,
1568 2528 1691 2568 cum
1709 2529 1820 2569 non
1841 2525 2065 2583 possent

478 2607 589 2661 hoc
635 2605 916 2672 stabilire,
954 2604 1355 2675 ἐκπορεύεσθαι
1404 2606 1678 2673 procedere
1737 2605 2063 2662 formatione

476 2697 702 2767 passiva
729 2697 1036 2762 enuntiari,
1077 2699 1171 2753 sed
1199 2698 1309 2751 vim
1333 2700 1564 2752 activam
1599 2699 1875 2762 denotare,
1906 2714 2064 2769 agere

480 2796 625 2846 enim
672 2800 728 2846 et
768 2801 875 2844 non
914 2790 1026 2860 pati
1051 2798 1158 2854 est,
1189 2789 1251 2841 τὸ
1283 2790 1610 2861 πορεύεσθαι
1643 2792 1738 2844 καὶ
1765 2790 2062 2863 ἐκπορεύε-

490 2882 642 2949 σθαι,
681 2881 919 2935 incedere
964 2890 1015 2935 et
1058 2881 1359 2950 procedere,
1393 2883 1586 2953 dogma
1616 2899 1768 2948 vero,
1803 2885 1947 2954 quod
1986 2883 2062 2938 illi

478 2995 552 3034 ex
570 2989 763 3035 ventre
780 2989 1121 3046 eructarunt,
1153 2982 1370 3034 iirmare
1385 2982 1642 3045 nitentes,
1672 2983 1933 3052 Spiritum
1962 2983 2068 3038 sci-

484 3071 610 3125 licet
639 3084 705 3124 ex
738 3069 855 3124 solo
890 3068 1051 3124 Patre
1100 3072 1417 3141 procedere,
1459 3072 1550 3124 πνξ
1595 3072 1826 3139 Spiritui
1871 3075 2065 3129 dictio-

2167 589 2304 643 Υἱοῦ
2327 591 2389 643 τό
2417 590 2508 644 διὰ
2534 589 2628 643 τοῦ
2666 590 2795 643 Υἱοῦ
2837 590 3082 660 ὑπάρχον
3108 591 3328 657 λέγεται
3359 591 3604 662 Πνεῦμα;
3637 595 3722 646 ob-

2163 700 2271 748 τως
2302 684 2429 753 ἔφη’
2473 685 2722 753 Λέγομεν
2753 680 2847 738 οὖν
2881 672 2989 737 an’
3022 684 3083 738 τό
3125 686 3301 737 εἰπεῖν
3350 682 3478 736 Υἱὸν
3507 683 3562 747 ἐξ
3604 683 3722 737 Υἱοῦ

2164 772 2262 845 τὴν
2297 774 2503 845 Τριάδα
2530 775 2626 844 τῆς
2648 774 2897 845 θεότητος
2926 775 3005 837 εἰς
3037 774 3275 844 πλήθους
3302 774 3534 842 ὑποψίαν
3566 793 3724 843 προσο

2165 865 2299 935 ἦγεν
2352 865 2665 935 ἀνθρώποις
2708 865 3035 920 ἀκούσασιν.
3073 866 3329 933 Ἐτοιμον
3360 863 3468 935 γὰρ
3511 860 3576 933 ἧν
3609 866 3728 919 ὑπο.

2163 956 2348 1010 λαϐεῖν
2379 960 2476 1022 ὡς,
2529 958 2687 1030 εἰπερ
2729 958 2855 1020 Υἱὸς
2902 958 2961 1022 ἐξ
2989 956 3121 1011 Υιοῦ
3154 962 3494 1028 γεγέννηται,
3542 960 3630 1009 καὶ
3669 958 3729 1010 ἐκ

2164 1049 2358 1101 τούτου
2389 1050 2555 1104 πάλιν
2582 1050 2766 1117 ἕτερος
2796 1049 2864 1105 ἂν
2887 1052 2973 1121 εἴη
3005 1051 3425 1118 γεγεννημένος,
3468 1051 3559 1102 καὶ
3582 1048 3729 1101 πάλιν

2164 1140 2345 1206 ἄλλος,
2380 1142 2475 1194 καὶ
2510 1143 2605 1193 ἐπὶ
2636 1142 2843 1211 πλῆθος
2889 1141 3037 1211 ἑξῆς.
3076 1142 3215 1193 Ἀλλ’
3247 1142 3478 1193 ’ἑκαστον
3522 1140 3613 1192 ἐπὶ
3641 1141 3730 1207 τῆς

2166 1227 2396 1297 Τριάδος
2428 1227 2489 1280 ἓν
2524 1229 2982 1297 ἐπιγινώσκεσθαι
3015 1229 3124 1281 ὃεῖ’
3175 1224 3255 1291 εἷς
3287 1230 3396 1298 γὰρ
3430 1228 3633 1297 Πατὴρ,
3656 1223 3732 1288 εἷς

2164 1318 2316 1384 Υἱὸς,
2352 1318 2410 1370 ἓν
2439 1320 2681 1389 εΠνεῦμα
2714 1319 2892 1387 ἆγιον.
2928 1321 3040 1374 Καὶ
3068 1320 3244 1374 ταῦτα
3276 1320 3379 1391 μὲν
3423 1321 3450 1372 6
3479 1321 3639 1381 πολύς
3669 1320 3733 1371 τὰ

2166 1410 2283 1464 θεῖα
2315 1412 2614 1473 Βασίλειος,
2640 1412 2781 1481 ἆπερ
2810 1412 2904 1464 καὶ
2935 1411 3271 1481 ἀρκούντως,
3306 1407 3490 1481 οἶμαι,
3513 1409 3609 1481 τὴν
3635 1428 3733 1463 πα-

2167 1502 2449 1572 ραφθορὰν
2480 1505 2579 1573 τῆς
2609 1501 2943 1573 δηλωθείσης
2970 1502 3340 1571 ἁπελέγχουσι
3369 1487 3602 1574 ῥήσεως.

2238 1781 2325 1853 ιβ’.
2366 1783 2529 1853 Ἦμϊν
2553 1782 2611 1835 δέ
2656 1781 3050 1851 διασκοπητέον
3089 1778 3286 1849 ἐτέρας
3318 1775 3603 1848 γραφικῆς
3639 1791 3735 1827 πα-

2165 1875 2448 1947 ραφθορὰν
2504 1874 2738 1944 ρήσεως,
2766 1873 2863 1925 καὶ
2882 1872 2974 1924 τὸν
2996 1870 3096 1939 τῆς
3116 1869 3483 1939 παραφθορᾶς
3505 1865 3736 1934 ἔλεγχον.

2175 1969 2264 2021 Ἐν
2293 1967 2463 2038 βίϐλῳ
2504 1968 2571 2036 τῇ
2621 1963 2959 2034 Θεοτνωσίᾳ
3012 1963 3315 2031 Γρηγόριος
3349 1959 3595 2012 διδάσκει
3637 1953 3739 2009 τῶν

2163 2058 2461 2111 Νυσσαέων
2492 2058 2522 2110 6
2553 2055 2813 2125 πρόεδρος
2847 2054 3021 2121 λέγων
3043 2069 3057 2085 ο
3093 2069 3112 2102 ι
3154 2051 3383 2120 Πνεῦμα
3427 2050 3489 2103 τὸ
3513 2048 3613 2118 τῆς
3638 2061 3740 2100 πα-

2163 2149 2356 2219 τρικῆς
2406 2147 2841 2216 ἐκπορευόμενον
2887 2143 3281 2203 ὑποστάσεωςο
3341 2139 3441 2192 τοῦ
3495 2139 3541 2192 δ’
3588 2137 3743 2190 ’ἑνεκα

2164 2242 2273 2309 γὰρ
2305 2241 2399 2291 καὶ
2430 2236 2653 2299 Πνεῦμα
2686 2235 2973 2304 στόματος,
2997 2231 3114 2286 ἀλλ’
3141 2232 3264 2302 οὐχ).
3304 2231 3408 2284 καὶ
3439 2230 3599 2296 λόγον
3631 2226 3745 2280 στό-

2169 2348 2337 2402 ματος
2365 2330 2585 2399 εἴρηκεν
2624 2327 2653 2377 ὁ
2679 2325 2862 2391 Δαυῒδ,
2898 2324 2985 2377 ἴνα
3015 2322 3113 2393 τὴν
3164 2322 3577 2393 ἐκπορευτικὴν
3627 2318 3748 2372 ἰδιό-

2164 2441 2301 2494 τητα
2334 2422 2411 2492 τῷ
2438 2420 2714 2489 Πνεύματι
2747 2420 2890 2489 μόνῳ
2950 2415 3265 2487 προσοῦσαν
3313 2415 3684 2481 πιστώσηται.
3726 2428 3743 2459 ι

2166 2518 2230 2569 Οἱ
2264 2515 2320 2567 δὲ
2345 2515 2404 2566 τὸ
2428 2514 2495 2566 δι’
2528 2513 2657 2565 Υἱοῦ
2691 2512 2752 2564 τὸ
2798 2512 3022 2578 Πνεῦμα
3045 2507 3107 2559 τὸ
3146 2508 3302 2572 ἅγιον
3347 2505 3748 2576 ἐκπορεύεσθαι

2171 2608 2246 2679 μὴ
2281 2606 2586 2676 δεχόμενοι,
2632 2605 2791 2656 τοῦτο
2823 2602 2923 2671 μὲν
2950 2599 3246 2667 ἐπιστῆσαι
3277 2597 3356 2667 μὴ
3407 2597 3741 2666 δυνηθέντες,

2166 2699 2241 2761 ὠς
2276 2699 2336 2750 τὸ
2362 2696 2794 2762 ἐκπορεύεσθαι
2838 2690 3153 2761 παθητικῶς
3214 2689 3315 2757 μὲν
3357 2689 3747 2757 ἐσχημάτισαι,

2168 2790 2321 2860 φέρει
2346 2788 2403 2841 δὲ
2434 2788 2668 2858 δῆλωσιν
2719 2785 3080 2855 ἐνεργητικήν
3106 2797 3119 2811 ·
3166 2783 3421 2851 ἐνεργεῖν
3454 2783 3588 2850 γὰρ,
3639 2777 3750 2830 ἀλλ’

2167 2883 2290 2952 οὐχ),
2319 2882 2550 2951 πάσχειν
2584 2881 2701 2932 ἐστὶ
2738 2878 2799 2930 τὸ
2832 2874 3163 2942 πορεύεσθαι
3188 2890 3200 2902 ·
3225 2872 3392 2927 τοῦτο
3432 2873 3492 2926 δὲ
3535 2872 3631 2925 καὶ
3666 2887 3754 2922 συ-

2170 2975 2367 3041 στῆσαι
2391 2971 2727 3042 βουλόμενοι,
2747 2970 2885 3037 ὅπερ
2908 2967 3063 3019 αὐτοὶ
3085 2966 3191 3018 ἀπὺ
3212 2964 3425 3026 κοιλίας
3451 2963 3753 3032 ἡρεύξαντο

2166 3067 2370 3135 δόγμα,
2413 3065 2477 3116 τὸ
2516 3064 2578 3116 τδ
2608 3061 2837 3129 Πνεῦμα
2860 3061 2926 3111 ἐκ
2954 3059 3117 3128 μόνου
3152 3055 3361 3126 δηλαδὴ
3398 3054 3498 3108 τοῦ
3548 3052 3755 3123 Πατρὸς

483 3171 611 3210 nem
649 3156 827 3210 tribus
853 3158 1049 3211 litteris
1062 3174 1186 3211 cum
1213 3158 1546 3227 reperissent
1570 3159 1789 3213 exarari
1811 3160 2060 3224 concise,

2171 3156 2593 3228 ἐκπορεύεσθαι,
2626 3156 2726 3224 τὴν
2759 3169 2856 3206 πνι
2885 3151 3029 3215 λέξιν
3066 3151 3214 3219 τρισὶ
3249 3150 3547 3218 στοιχείοις
3576 3148 3757 3216 εὑρόν-

490 3262 600 3301 nec
635 3262 744 3301 non
774 3258 828 3301 et
882 3250 1051 3301 simi‘li
1082 3250 1317 3304 'vratione
1357 3252 1457 3321 πρὶ
1518 3250 1672 3304 Patri
1746 3251 2062 3316 dictionem,

484 3338 667 3392 inedia
692 3338 870 3393 littera
898 3340 1189 3394 immutata
1213 3352 1375 3410 atque
1401 3355 1694 3410 corrupta:
1722 3341 1896 3397 facilis
1917 3345 2062 3397 enim

484 3441 569 3486 est
592 3448 657 3485 αν
675 3431 742 3485 ad
769 3449 799 3503 ρ
823 3434 1093 3498 transitio,
1118 3447 1213 3487 eos
1232 3434 1321 3503 qui
1337 3449 1450 3488 non
1470 3435 1835 3499 considerate,
1858 3439 1952 3489 sed
1971 3449 2064 3503 per

481 3531 856 3577 transversum
908 3527 1297 3579 commentaria
1338 3534 1689 3595 percurrunt,
1734 3525 2060 3588 fefellerunt,

482 3616 630 3685 quod
667 3625 783 3669 erat
813 3614 1051 3685 Spiritus
1081 3621 1386 3686 proprium,
1423 3616 1574 3672 Patri
1618 3618 1944 3672 tribuentes.
1997 3619 2064 3671 Et

2166 3266 2257 3311 τες
2298 3246 2800 3317 διαχαραττομένην
2839 3241 3244 3309 συγκοπτικῶς,
3293 3242 3445 3294 κατὰ
3493 3237 3671 3292 ταῦτα
3703 3234 3762 3288 δὲ

2167 3341 2262 3393 καὶ
2286 3338 2387 3407 τὴν
2421 3338 2520 3407 πρὶ
2544 3336 2707 3401 λέξιν,
2739 3337 2798 3387 τὸ
2831 3336 2998 3404 μέσον
3031 3334 3297 3401 στοιχεῖον
3343 3332 3734 3402 μετα-ποιῆσαν

2163 3430 2255 3493 τές
2281 3445 2365 3496 τε,
2403 3428 2500 3481 καὶ
2542 3425 3043 3497 παραφθειραντες,
3087 3425 3178 3474 καὶ
3225 3426 3337 3492 γὰρ
3373 3437 3410 3493 η
3442 3421 3543 3474 τοῦ
3568 3440 3599 3475 ν
3629 3419 3759 3489 πρὸς

2162 3523 2224 3574 τὸ
2260 3538 2292 3593 ρ
2328 3520 2686 3590 μεταποίησις
2723 3518 2974 3586 εὐχερὴς,
3003 3518 3128 3577 τοὺς
3177 3513 3252 3584 μὴ
3291 3514 3758 3582 ὲπεσκεμμένως,

2163 3613 2302 3667 ἀλλὰ
2335 3611 2644 3683 παροδικῶς
2671 3610 2770 3672 τὰς
2801 3609 3025 3678 Γραφὰς
3058 3608 3313 3668 ἐπιόντας
3345 3609 3674 3677 ἠπάτησαν,
3703 3602 3763 3655 τὸ

2161 3708 2253 3761 τοῦ
2284 3707 2599 3775 Πνεύματος
2626 3703 2759 3756 ῐδιον
2783 3703 2861 3771 τῷ
2889 3701 3065 3770 Πατρὶ
3089 3702 3625 3769 προσαρμόσαντες.
3653 3696 3763 3751 Καὶ

2167 3798 2255 3850 ἵνα
2284 3799 2312 3849 6
2338 3797 2435 3867 τῆς
2468 3794 2832 3863 παραφθορᾶς
2858 3790 3078 3860 ἐλεγχος
3104 3790 3512 3862 διασαφηθειη,
3547 3794 3577 3844 ό
3604 3789 3762 3855 λόγος

2160 3891 2302 3943 οὔτω
2355 3888 2682 3958 προαγέσθω
2738 3886 2888 3953 ἡμῖν,
2925 3884 3007 3955 ὡς,
3054 3876 3197 3934 οὗτοι
3234 3898 3434 3950 φασιν.
3493 3902 3513 3933 ι
3553 3883 3761 3935 Τούτου

2160 3985 2324 4052 χάριν
2352 3979 2575 4047 Πνεῦμα
2611 3977 2902 4045 στόματος,
2931 3971 3048 4027 ἀλλ’
3079 3973 3200 4041 οὐχὶ
3232 3976 3328 4025 καὶ
3354 3973 3524 4041 λόγον
3554 3974 3762 4042 στόμαο

2160 4089 2247 4133 τος
2283 4073 2502 4141 εἴρηκεν
2530 4073 2556 4122 ὁ
2584 4066 2767 4132 Δαυῒδ,
2803 4066 2891 4120 ἵνα
2923 4066 3022 4132 τὴν
3048 4064 3466 4134 ἐκπορευτικῂν
3518 4066 3760 4134 ἰδιότητα

2159 4163 2236 4231 τῷ
2290 4162 2465 4230 Πατρὶ
2522 4161 2667 4227 μόνῳ
2728 4156 3041 4226 προσοῦσαν
3093 4152 3471 4225 πιστώσηται.
3519 4174 3539 4207 ι
3581 4156 3766 4209 Ἔστω

2159 4256 2289 4321 γοῦν
2318 4255 2492 4304 εἰπεῖν
2514 4254 2604 4302 τὸν
2634 4249 2795 4302 Δαυῖδ
2823 4249 2917 4301 καὶ
2944 4248 3034 4299 τὸν
3060 4247 3233 4313 Λόγον
3265 4247 3554 4316 στόματος
3581 4247 3766 4315 λόγον,

480 4347 654 4403 sionis
675 4347 1064 4416 proprietatem
1125 4356 1181 4400 et
1216 4346 1376 4400 alteri
1421 4348 1661 4417 cuipiam
1714 4362 1841 4402 cum
1904 4349 2061 4405 Patre

2164 4344 2348 4413 ὥσπερ
2374 4340 2466 4396 οὖν
2495 4342 2588 4394 καὶ
2614 4342 2673 4393 τὸ
2705 4340 2929 4408 Πνεῦμα
2956 4339 3227 4408 στόματος
3252 4335 3458 4408 εἴρηκε
3498 4341 3761 4410 πνεῦμα·

481 4440 986 4493 communicaturus
1009 4438 1166 4492 erat?
1194 4436 1259 4491 Et
1312 4454 1435 4507 qua:
1474 4440 1589 4493 haec
1640 4444 1912 4495 sermonis
1959 4458 2051 4496 ne.

2164 4433 2249 4506 ἆρ’
2295 4435 2486 4505 ἔμελλε
2532 4436 2619 4486 διὰ
2669 4432 2828 4484 τοῦτο
2877 4433 2975 4500 τὴν
3020 4429 3280 4498 τοιαύτην
3333 4432 3766 4503 ἐκπορευτικὴν

481 4533 708 4586 «:essitas
732 4531 913 4600 cogit?
952 4532 1055 4585 Sed
1103 4532 1150 4585 si
1192 4532 1423 4586 dixisset
1492 4535 1719 4587 verbum
1770 4537 1883 4590 oris
1938 4550 2059 4590 esse

2167 4530 2405 4597 ἰδιότητα
2441 4528 2533 4579 καί
2568 4543 2674 4577 τινι
2711 4526 2851 4595 μετὰ
2887 4523 2982 4576 τοῦ
3016 4523 3227 4593 [ἰατρὸς
3260 4523 3448 4595 ἑτέρῳ
3489 4526 3771 4578 κοινώσα-

485 4623 744 4686 νετιιιιηι,
804 4622 881 4675 uti
926 4630 980 4675 et
1031 4621 1293 4691 Spiritum
1336 4628 1449 4677 oris
1506 4626 1718 4678 dixerat
1769 4626 2055 4694 Spiritum,

2164 4624 2318 4683 σθαι;
2357 4623 2466 4673 Καὶ
2501 4619 2658 4691 ποέαν
2709 4617 2821 4686 ἔχει
2849 4618 2948 4686 τὴν
2990 4618 3234 4685 ανάγκην
3271 4618 3301 4669 6
3356 4618 3571 4687 λόγος;
3629 4615 3772 4671 Ἀλλ’

480 4729 712 4782 prorsus
784 4715 1149 4782 processionis
1217 4725 1599 4784 proprietatem
1665 4729 1718 4771 et
1778 4718 1956 4774 Verbo
2005 4728 2058 4774 et

2165 4717 2258 4765 ἐὰν
2292 4708 2414 4764 εἷπε
2446 4712 2601 4777 λόγον
2640 4712 2901 4776 στόματος
2922 4706 3060 4769 εἶναι
3084 4709 3175 4757 τὸν
3201 4707 3407 4774 Λόγον,
3442 4710 3529 4761 ὦσ
3542 4726 3650 4778 περ
3674 4704 3771 4762 οὖν

488 4808 712 4875 Spiritui
781 4819 1124 4859 communem
1197 4807 1431 4861 fecisset.
1483 4808 1624 4863 Cum
1678 4810 1822 4863 enim
1894 4812 2056 4866 verba

2164 4806 2258 4856 καὶ
2288 4802 2506 4867 πνεῦμα
2549 4800 2814 4866 στόματος
2844 4798 2965 4849 εἰπε
2996 4802 3056 4849 τὸ
3095 4796 3347 4864 Πνεῦμα,
3382 4804 3623 4862 παντως
3674 4816 3772 4869 την

480 4903 597 4952 oris
646 4901 988 4967 procedentiu
1038 4900 1317 4964 dicantur,
1362 4919 1383 4951 ‹
1421 4901 1553 4966 Quae
1605 4902 1940 4972 procedunt,
1976 4904 2057 4956 iti-

2165 4889 2560 4962 ὲκπορευτικὴν
2596 4888 2862 4958 ἰδιότητα,
2895 4888 2990 4941 καὶ
3015 4885 3095 4957 τῷ
3139 4887 3284 4956 λόγῳ
3330 4888 3438 4940 καὶ
3468 4891 3555 4959 τῷ
3597 4887 3775 4942 Πνεῦ-

480 4992 637 5061 quit,
683 4991 752 5044 de
800 4989 958 5043 labiis
1009 4992 1184 5055 meis,
1226 5006 1343 5045 non
1402 4995 1552 5047 irrita
1602 4997 1797 5049 laetam
1833 4996 1903 5058 ³³,
1940 5013 1960 5044 ι
2006 4995 2053 5047 si

481 5081 745 5152 Spiritum
782 5081 894 5136 oris
945 5084 1231 5151 spiritum,
1275 5093 1328 5137 et
1375 5081 1607 5139 Verbum
1658 5086 1776 5141 oris
1829 5089 2051 5141 verbum

485 5171 658 5226 David
712 5170 959 5236 dixisset,
1022 5174 1337 5227 necessario
1394 5189 1622 5243 prorsus
1674 5177 2051 5245 processionis

478 5261 784 5330 proprietas
820 5261 1065 5329 utrisque
1126 5263 1659 5316 conitiulnicaretur.
1727 5262 1841 5318 Hoc
1884 5264 2050 5332 igitur

479 5359 702 5406 sanctus
755 5352 1063 5417 destructis,
1131 5361 1189 5405 ut
1229 5354 1628 5407 demonstraret
1672 5354 2051 5423 processionis

482 5445 874 5512 proprietatem
913 5445 1294 5498 tantummodo
1328 5444 1511 5500 inesse
1540 5445 1809 5513 Spiritui,
1839 5460 2054 5499 assum-

497 3709 948 3778 utcorruptionis
996 3708 1148 3763 fraus
1213 3710 1267 3764 in
1310 3719 1557 3779 apertum
1620 3710 1825 3776 veniat,
1882 3726 2061 3765 sermo

484 3798 559 3852 ita
606 3798 925 3867 disponatur
960 3814 991 3852 a
1023 3799 1204 3863 nobis,
1239 3808 1300 3854 ut
1327 3800 1435 3869 ipsi
1475 3798 1728 3869 digerunt
1766 3817 1781 3854 :
1819 3817 1838 3851 ι
1886 3800 2062 3869 liuius

482 3889 658 3959 gratia
688 3890 922 3958 Spiritus
952 3891 1091 3956 oris,
1122 3906 1230 3944 non
1270 3906 1402 3945 vero
1458 3894 1689 3946 verbum
1736 3893 1850 3949 oris
1887 3893 2059 3948 David

482 3981 639 4046 dixit,
672 3990 728 4034 ut
771 3980 1141 4049 processionis
1198 3982 1586 4050 proprietatem
1617 3983 1719 4037 soli
1768 3981 1914 4037 Patri
1970 3985 2056 4037 in-

476 4074 779 4127 haerentem
827 4081 1123 4128 astrueret.
1160 4089 1179 4121 ι
1244 4070 1485 4133 Dixisset
1543 4074 1731 4141 utique
1789 4073 1957 4128 David
2006 4083 2061 4129 et

477 4163 707 4217 verbum
738 4164 851 4217 oris
882 4163 1144 4228 Verbum,
1187 4162 1648 4231 quemadmodum
1705 4172 1760 4217 et
1809 4166 2059 4233 spiritum

480 4255 596 4309 oris
625 4254 764 4309 dixit
791 4254 1081 4324 Spiritum,
1113 4269 1183 4307 an
1210 4265 1500 4323 propterea
1541 4255 1794 4309 ‘similem
1835 4272 2059 4325 proces-

2168 5001 2297 5054 ματι
2326 4980 2689 5036 κοινώσασθαι
2721 4980 2937 5050 ἔμελλε.
2966 4980 3074 5032 Καὶ
3101 4980 3211 5049 γὰρ
3235 4979 3364 5032 ἐπεὶ
3396 4986 3476 5035 τα
3507 4982 3614 5033 τοῦ
3649 4982 3800 5033 στό-.

2167 5092 2334 5146 ματος
2394 5074 2614 5144 ῥήματα
2668 5071 3077 5142 ἐκπορευόμενα
3126 5070 3346 5138 λέγεται
3379 5087 3396 5102 ’
3443 5090 3466 5124 ‹
3524 5072 3614 5128 Τὰ
3660 5076 3776 5143 γὰρ

2162 5167 2593 5237 ἐκπορευόμενα,
2626 5182 2646 5217 ι
2676 5168 2833 5235 φησι,
2876 5182 2895 5214 ι
2926 5165 3014 5217 διὰ
3039 5163 3148 5216 τῶν
3180 5162 3421 5233 χειλέων
3457 5182 3572 5235 μου
3599 5167 3664 5219 ού
3696 5167 3778 5236 μὴ
3846 5178 3851 5183 ‘

2160 5258 2434 5327 ἀθετήσω,
2475 5274 2494 5307 ι
2537 5258 2631 5310 ἐὰν
2661 5259 2721 5309 τὸ
2767 5256 2991 5325 Πνεῦμα
3042 5257 3310 5324 στόματος
3367 5256 3640 5326 πνεῦμα,
3673 5259 3776 5312 καὶ

2160 5351 2251 5404 τὸν
2284 5352 2458 5419 Λόγον
2515 5352 2783 5422 στόματος
2824 5349 2992 5417 λόγον
3036 5348 3259 5420 εἴρηκεν
3287 5349 3316 5399 6
3366 5351 3580 5418 Δαυῖδ,
3628 5354 3782 5407 κατὰ

2165 5444 2345 5496 πᾶσαν
2374 5445 2442 5496 ἂν
2470 5443 2568 5513 τὴν
2601 5445 2846 5512 ανάγκην
2885 5445 2919 5510 ὴ
2942 5441 3309 5511 ἐκπορευτικὴ
3342 5441 3571 5513 ἰδιότης
3607 5443 3778 5513 ἔμελ-

480 5535 615 5604 psit,
646 5546 757 5589 non
784 5535 995 5591 dixisse
1022 5536 1280 5591 Davidem
1313 5548 1366 5590 et
1403 5534 1642 5590 Verbum
1669 5538 1781 5589 oris
1810 5538 2052 5591 verbum.

2164 5538 2254 5591 λεν
2283 5540 2616 5608 ἀμφοτέροις
2641 5538 2974 5591 κοινοῦσθαι.
2997 5536 3171 5590 Τοῦτο
3187 5534 3319 5603 γοῦν
3344 5535 3379 5585 ὁ
3412 5537 3588 5606 ἅγιος
3616 5541 3781 5594 ἁναι-
3800 5526 3816 5541 ”

478 5627 617 5700 ρῶν,
647 5628 728 5692 εἰς
773 5627 1049 5693 ἀπόδειξιν
1083 5627 1178 5680 τοῦ
1221 5628 1320 5698 τὴν
1368 5630 1768 5700 ἐκπορευτικὴν
1815 5630 2055 5700 ἰδιότητα
2095 5631 2242 5703 μόνῳ
2292 5635 2577 5703 προσεῖναι
2641 5631 2720 5702 τῷ
2762 5630 3066 5701 Πνεῦματι,
3138 5627 3424 5698 παρέλαϐε
3460 5634 3529 5685 τὸ
3562 5634 3650 5705 μὴ
3694 5635 3779 5686 st-

479 5721 601 5773 πείν
632 5721 727 5774 τὸν
751 5716 914 5772 Δανῖδ
951 5722 1043 5773 καὶ
1073 5719 1166 5771 τὸν
1198 5719 1369 5787 Λόγον
1401 5720 1669 5787 στόματος
1698 5722 1872 5793 λόγον.
3308 5736 3313 5737 ί
3366 5758 3369 5761 ν

546 5838 601 5872 ³³
625 5839 768 5895 Psal.
798 5853 1061 5902 Lxxxvnt,
1094 5836 1188 5891 35.
