4054 6408
390 344 492 411 177

1416 355 1512 413 DE
1555 353 2068 413 PROCESSHNE
2113 358 2170 416 S.
2218 353 2596 414 SPlRlTUS.

3530 340 3633 405 178

462 457 550 522 ιγ’.
598 457 725 511 Ἐὰν
745 457 803 511 δὲ
831 461 882 512 oi
913 459 980 512 δι’
1010 461 1281 526 ἐναντίας,
1314 461 1372 514 τὸ
1390 464 1724 531 ὲκπορευτδν
1755 464 1850 516 καὶ
1874 466 1960 515 ὲκ-

2134 463 2221 518 15.
2256 461 2408 530 Quod
2442 462 2484 517 si
2519 458 2813 515 adversarii
2834 458 2882 512 id
2905 473 2969 513 ex
2998 470 3108 527 quo
3139 456 3466 526 proceditur,
3493 464 3547 510 et
3577 453 3632 509 id

389 548 717 618 πορευτικδν
774 548 1138 620 διαιροῦντες.
1183 552 1335 605 οὐδὲν
1384 553 1652 623 ἁρμόζειν
1703 557 1837 624 φασὶ
1887 554 1965 626 τῷ

386 635 670 706 Πνεύματι
699 636 760 689 τὸ
789 640 1205 710 ὲκπορευτικδν,
1254 642 1390 696 ἀλλὰ
1421 643 1500 714 τῷ
1542 644 1718 716 Πατρὶ
1762 645 1965 714 μᾶλλον

381 725 477 779 διὰ
504 728 567 780 τὸ
587 728 688 798 τὴν
726 731 1009 799 προφορὰν
1035 733 1136 801 τῆς
1173 733 1373 799 λέξεως
1398 736 1764 807 ἐνεργητικὴν
1795 736 1960 790 εἶναι·

383 818 527 871 ἀλλὰ
549 818 644 871 καὶ⁸
676 819 926 873 ἐντεῦθεν
954 824 983 874 6
1008 824 1108 892 τῆς
1146 826 1274 895 παρ’
1332 826 1511 880 αὐτῶν
1534 827 1834 897 γενομένης
1863 846 1965 882 πα-

387 908 676 979 ραφθορᾶς
724 916 1230 984 συγκροτηθήσεται
1258 917 1499 989 ἔλεγχος.
1539 921 1601 973 El
1631 921 1742 992 γὰρ
1795 920 1966 974 καθα-

386 996 573 1065 ρεύειν
605 998 797 1068 ἧθελον
818 1001 918 1069 τὴν
943 1004 1269 1074 συνείδησιν,
1292 1007 1391 1060 οὐκ
1422 1007 1489 1061 ἂν
1517 1009 1760 1072 ἐκείνους
1789 1009 1965 1063 διέλα-

381 1084 519 1149 θεν,
570 1087 707 1159 ὅπερ
751 1091 780 1143 6
828 1090 985 1159 ἅγιος
1036 1094 1234 1165 ἐφεξῆς
1289 1098 1388 1167 τῆς
1447 1100 1707 1170 ρηθείσης
1769 1101 1964 1168 ἐπάγει

382 1177 719 1248 περικοπῆς,
754 1179 928 1248 λέγων
959 1180 1166 1248 οὕτως’
1215 1204 1234 1237 ι
1267 1186 1383 1241 Ἵνα
1413 1189 1501 1241 διὰ
1533 1189 1633 1258 μὲν
1660 1189 1754 1242 τοῦ
1786 1190 1960 1257 Λόγου

382 1268 565 1319 εἰπεῖν
595 1269 693 1340 τὴν
727 1270 800 1334 ὡς
827 1273 890 1324 ἐκ
922 1272 1040 1338 νοῦ,
1062 1275 1156 1327 τοῦ
1192 1276 1327 1330 Θεοῦ
1364 1281 1457 1333 καὶ
1492 1280 1726 1348 Πατρὸς,
1755 1281 1964 1334 ἀπαθε-

386 1356 594 1424 στάτην
620 1362 715 1411 καὶ
744 1360 987 1430 ἄρρητον
1012 1363 1104 1417 τοῦ
1130 1365 1260 1418 Υίοῦ
1293 1369 1728 1437 παραδεξὼμεθα
1766 1372 1964 1439 γέννη-

386 1463 496 1506 σιν,
542 1446 632 1501 διὰ
683 1449 740 1502 δὲ
787 1452 880 1506 τοῦ
921 1455 1198 1525 εἰρηκέναι
1245 1458 1491 1529 Πνεῦμα,
1548 1462 1814 1532 στόματος
1864 1464 1964 1535 τὴν

387 1535 721 1608 ἁγιαστικὴν
752 1542 847 1595 καὶ
877 1543 1108 1615 οὐσιώδη
1133 1546 1388 1617 δύναμιν.
1417 1551 1511 1605 καὶ
1535 1552 1847 1623 ζωαρχικὴν
1868 1553 1960 1606 τοῦ

390 1627 706 1697 Πνεύματος
758 1632 1057 1688 ὑπόστασιν
1103 1638 1491 1709 ὑπολάϐωμεν,
1530 1641 1606 1712 τῷ
1644 1644 1744 1712 τῆς
1793 1646 1962 1698 ἔκπο-

397 1721 652 1789 ρευτικῆς
706 1723 969 1795 ἰδιότητος
998 1729 1225 1796 ὀνόματι
1258 1730 1502 1800 δηλονότι
1557 1734 1960 1805 χαρακτηριζο-

2066 554 2209 622 quod
2243 554 2487 622 procedit
2516 551 2933 619 distinguentes,
2967 561 3074 603 non
3122 558 3420 615 congruere
3450 542 3636 596 dit-ant

2068 641 2294 711 Spiritui
2329 643 2390 695 τὸ
2449 640 2861 712 ὲκπορευτικδν,
2903 640 2958 693 id
3007 655 3071 694 ea:
3103 653 3202 709 quo
3252 634 3503 703 procedit,
3539 634 3633 687 sed

2065 737 2210 791 Patri
2237 736 2439 805 potius,
2458 736 2527 788 ob
2543 732 2972 787 enuntiationem
3000 728 3276 793 dictionis,
3310 727 3418 780 vim
3440 725 3632 795 agendi

2066 828 2410 894 possidentis,
2440 842 2503 880 ex
2540 825 2626 879 his
2656 838 2883 893 quoque
2905 818 3267 889 corruptionis
3297 833 3390 887 per
3412 815 3631 869 eosdem

2064 918 2218 972 libris
2267 918 2429 972 illatae
2479 914 2927 984 comprobabitur
2979 918 3381 982 argumentum.
3421 906 3629 960 Etenim

2064 1010 2111 1066 si
2142 1008 2310 1063 animi
2342 1004 2678 1061 conscientia
2732 1004 2866 1057 bene
2913 1000 3088 1055 curati
3125 996 3633 1056 exstimularentur,

2068 1116 2177 1155 non
2210 1114 2306 1154 eos
2344 1098 2614 1161 latuisset,
2649 1097 2794 1163 quod
2831 1103 3054 1149 sanctus
3087 1099 3212 1162 post
3260 1090 3467 1143 dictum
3511 1102 3637 1140 ora-

2065 1192 2226 1246 tionis
2260 1197 2595 1260 segmentum
2622 1187 2880 1255 suggerit,
2915 1185 2986 1239 ita
3016 1182 3260 1237 scribens
3293 1197 3307 1234 :
3354 1197 3372 1230 ι
3406 1175 3477 1232 Ut
3510 1191 3635 1229 eum

2065 1281 2300 1336 Verbum
2353 1279 2580 1340 diceret,
2615 1277 2776 1330 veluti
2823 1291 2887 1328 ex
2945 1283 3147 1336 mente,
3183 1270 3294 1324 Deo
3349 1277 3403 1323 et
3454 1267 3635 1330 Patre,

2067 1371 2241 1425 nullis
2271 1369 2617 1437 passionibns
2648 1367 2962 1427 obnoxiam,
2984 1374 3037 1417 et
3056 1378 3176 1433 qua:
3198 1362 3379 1416 verbis
3407 1360 3639 1428 exprimi

2062 1477 2171 1516 non
2209 1469 2406 1530 potest,
2443 1460 2778 1515 nativitatem
2824 1457 3288 1525 intelliget-emus;
3339 1466 3461 1507 cum
3507 1464 3636 1503 vero

2065 1550 2350 1620 Spiritum,
2368 1548 2480 1603 oris
2510 1548 2616 1602 vim
2642 1546 3069 1603 sanctiﬁcantem
3092 1554 3145 1599 et
3173 1540 3543 1604 essentialetn,
3563 1541 3639 1591 vi-

2063 1649 2237 1711 taeque
2256 1640 2556 1711 principem
2583 1638 2818 1708 Spiritus
2841 1636 3174 1708 hypostasim
3196 1634 3635 1703 conciperemus,

2065 1732 2391 1803 processivae
2417 1731 2761 1802 proprietatis
2794 1728 3015 1783 nomine
3036 1732 3410 1782 connotatam.
3439 1742 3458 1775 ι
3493 1723 3635 1776 San-

407 1808 584 1878 μὲνην.
608 1830 626 1862 ι
642 1814 749 1865 Καὶ
770 1817 797 1866 6
826 1794 883 1868 ἐν
909 1794 1156 1885 ἁγίοιςδὲ
1181 1794 1373 1891 Πατηρ
1401 1794 1747 1888 mulsam;
1773 1794 1963 1897 [gitana

2068 1794 2188 1878 ctus
2210 1794 2432 1894 quoque
2452 1794 2612 1876 Pater
2639 1820 2965 1875 Anastasius
2992 1818 3377 1889 proprietatem
3403 1814 3640 1883 Spiritus

399 1900 492 1990 τοῡ
518 1902 829 1973 Πνεύματος
857 1907 1117 1974 γινώσκει
1145 1911 1206 1964 τὸ
1247 1913 1666 1984 ὲκπορευτικόν.
1729 1917 1816 1969 Ἐν
1858 1919 1965 1990 γὰρ

387 1989 601 2060 δεκάτῳ
640 1997 733 2047 καὶ
787 1996 935 2068 ἕκτῳ
964 2000 1244 2072 κεφαλαίῳ
1274 2003 1374 2074 τῆς
1408 2005 1579 2059 αὐτοῦ
1628 2006 1811 2078 βίὸλου
1867 1989 1967 2079 τῆς

402 2080 635 2153 Ὀδηγοῦ
704 2087 1053 2158 κεκλημένης
1106 2090 1249 2147 οὕτω
1308 2097 1515 2165 φησίν*
1555 2116 1575 2148 ι
1615 2098 1690 2152 Οὐ
1742 2099 1851 2170 γὰρ
1907 2100 1967 2154 τὸ

384 2174 689 2245 ἀγέννητον
734 2180 829 2232 τοῦ
866 2182 1078 2247 Πατρδς
1130 2186 1423 2253 πρόσωπον
1472 2190 1790 2261 ἑσαρκώθη.
1842 2191 1964 2246 οὕτε

384 2267 501 2335 μὴν
541 2270 575 2339 ἡ
628 2271 997 2344 ὲκπορευτικὴ
1027 2275 1123 2329 τοῦ
1168 2278 1326 2346 ἁγίου
1362 2282 1681 2351 Πνεῦματος
1725 2284 1966 2338 ὑπόστα-

382 2376 495 2421 σις.
537 2378 557 2411 ι
606 2359 765 2414 Ἀλλὰ
800 2365 894 2417 καὶ
931 2365 1162 2438 Κλήμης
1188 2372 1217 2423 6
1242 2372 1606 2441 Στρωματεὺς
1636 2373 1692 2425 ἐν
1723 2370 1804 2437 οἷς
1844 2392 1967 2429 συν-

379 2448 542 2500 έθετο
617 2451 900 2521 διαφόροις
984 2455 1169 2524 ὅροις,
1240 2458 1381 2512 ὥστε
1436 2461 1637 2526 παντὸς
1707 2465 1967 2529 εὐσεϐοῦς

380 2542 658 2610 δόγματος
693 2551 1056 2616 προηγεῖσθαι
1092 2550 1295 2613 αὐτοὺς
1319 2551 1397 2620 τῷ
1439 2553 1747 2624 βουλομένῳ
1789 2556 1969 2611 θεολο-

385 2635 516 2697 γίαν
552 2637 816 2703 μετιέναι,
859 2639 1196 2709 ὁριζόμενος,
1239 2661 1258 2693 ι
1299 2642 1364 2695 Τί
1397 2643 1659 2708 Πνεῦμα,
1694 2646 1790 2698 καὶ
1826 2649 1965 2703 κατὰ

385 2726 441 2777 τί
486 2727 747 2799 11νεῦμα;
782 2733 878 2784 καὶ
923 2732 1141 2801 ὁσαχῶς
1174 2733 1392 2802 λέγεται
1433 2735 1692 2806 ﬂventia;
1735 2756 1753 2788 ι
1787 2741 1920 2808 φησὶ
1946 2755 1962 2771 ·

393 2836 416 2865 ι
455 2820 688 2889 Πνεῦμα
732 2821 833 2890 μέν
859 2823 976 2875 ἐστι
1008 2822 1205 2895 λεπτὴ.
1234 2826 1329 2878 καὶ
1363 2824 1550 2892 ἄῦλος,
1590 2828 1684 2880 καὶ
1714 2828 1966 2901 ἀσχημά-

387 2927 573 2976 τιστος
600 2914 967 2985 ἔκπορευτικὴ
1005 2915 1256 2985 ὓπαρξις.
1289 2935 1308 2970 ι

460 3002 541 3056 ιδ’.
581 2996 708 3055 Οἷον
737 3002 797 3056 δὲ
819 3005 1061 3066 κάκεῖνο,
1086 3008 1223 3076 ὅπερ
1250 3009 1311 3073 ¹οἱ
1341 3010 1578 3064 τοιοῦτοι
1619 3011 1966 3067 ἐσπούδασαν

2066 1915 2434 1987 processivam
2464 1914 2733 1985 agnoscit.
2766 1911 3015 1981 Namque
3036 1910 3250 1966 decimo
3275 1914 3431 1963 sexto
3461 1905 3639 1974 capite

2069 2005 2214 2073 libri,
2243 2004 2447 2075 ﬂodegi
2480 2004 2797 2071 nuncttpati,
2857 2003 2971 2056 htec
3003 2001 3168 2056 habet
3199 2016 3213 2052 :
3255 2018 3274 2051 ι
3324 1996 3443 2053 Νοιι
3493 1999 3636 2050 enim

2069 2097 2307 2165 ingenita
2335 2094 2511 2151 Patris
2554 2108 2786 2163 persona
2841 2107 3061 2147 carnem
3106 2091 3428 2159 assumpsit,
3461 2104 3639 2156 neque

2066 2188 2385 2256 processiva
2444 2185 2617 2242 sancti
2670 2183 2905 2254 Spiritus
2961 2180 3311 2253 hypostasis?
3384 2177 3641 2245 Quittitno

2067 2279 2318 2333 Clemens
2377 2275 2723 2331 Stromateus
2781 2274 2833 2326 in
2894 2269 3331 2330 Definitionibus,
3387 2282 3523 2336 quas
3555 2266 3644 2319 illc

2068 2369 2436 2431 concinnavit,
2461 2377 2519 2422 ut
2553 2369 2862 2434 dogmatum
2888 2365 3099 2431 piorum
3127 2361 3474 2416 traditionem
3505 2374 3642 2428 price

2068 2463 2324 2517 cederent
2372 2458 2753 2530 pratirentque,
2808 2466 3095 2524 antequam
3134 2454 3295 2507 rebus
3323 2450 3639 2520 theologicis

2067 2552 2307 2608 studium
2342 2550 2762 2620 impenderetur,
2793 2546 3081 2609 deliniens,
3117 2563 3135 2596 (
3176 2543 3317 2611 Quid
3360 2542 3638 2612 Spiritus?

2067 2655 2116 2699 et
2149 2646 2445 2699 secundum
2482 2642 2611 2711 quid
2659 2638 2934 2709 Spiritus?
2964 2647 3019 2692 et
3068 2646 3203 2706 quot
3252 2636 3428 2691 modis
3465 2634 3641 2704 Spiri-

2070 2737 2196 2792 tus?
2231 2754 2250 2789 ι
2297 2735 2465 2790 tradit
2502 2750 2515 2786 :
2571 2753 2589 2784 ι
2629 2733 2867 2802 Spiritus
2894 2740 2978 2785 est
3004 2730 3244 2789 subtilis,
3281 2736 3335 2783 et
3384 2728 3639 2782 immate-

2068 2828 2238 2892 rialis,
2276 2834 2330 2882 οἱ
2386 2841 2547 2896 supra
2581 2839 2794 2879 omnem
2831 2823 3083 2895 figuram,
3134 2820 3455 2876 exsistentia
3511 2833 3643 2888 pro-

2217 2940 2304 2976 va.
2342 2940 2360 2974 ι

2196 2940 2244 2976 tv
2291 2962 2304 2976 .
2342 2940 2360 2974 ι
3234 2948 3239 2953 .

2068 2939 2228 3070 ceslsl.
2250 2938 2428 3081 Buale
2460 3026 2625 3082 porro
2656 3019 2739 3067 est
2766 3009 2919 3071 illud,
2951 3006 3099 3078 quod
3133 3005 3223 3063 isti
3250 3004 3305 3059 in
3339 3004 3446 3059 line
3483 3003 3643 3073 primi

385 3093 520 3187 περὶ
543 3094 791 3187 ⁸τὸτέλος
822 3095 916 3147 τοῦ
949 3082 1167 3167 πρώτου
1207 3097 1369 3166 λόγου
1394 3101 1505 3154 τῶν
1535 3103 1657 3155 κατ’
1688 3103 1958 3175 Εὑνομίου

2067 3104 2324 3158 adversus
2343 3101 2670 3157 Eunomium
2700 3099 3187 3154 Antirrbeticorum
3226 3096 3349 3151 libri
3398 3093 3642 3164 ejusdem

399 3183 838 3254 ’Δντιῤῥητικῶν
871 3184 968 3238 τοῦ
1013 3186 1181 3241 αὑτοῦ
1228 3189 1445 3259 Πατρὸς
1495 3191 1673 3261 ἡμῶν,
1711 3193 1805 3247 τοῦ
1856 3195 1963 3249 τῶν

2068 3195 2244 3251 Patris
2274 3192 2445 3249 nostri
2494 3192 2878 3264 Nyssaensium
2938 3190 3201 3245 antistitis
3249 3188 3431 3244 conati
3484 3187 3647 3241 sunt?

387 3277 690 3331 Νυσσαέων
738 3279 1037 3349 προέδρου;
1091 3282 1301 3335 Ἐκεϊσε
1346 3283 1458 3353 γὰρ
1498 3286 1527 3338 6
1573 3284 1732 3354 ἅγιος
1784 3288 1841 3340 ὲν
1888 3288 1969 3356 τῷ

388 3369 513 3422 κατ’
564 3370 834 3440 Εὑνομίου
875 3373 1007 3443 περὶ
1062 3376 1162 3444 τῆς
1196 3374 1291 3428 τοῦ
1322 3373 1458 3428 Υἱοῦ
1512 3379 1607 3430 καὶ
1650 3378 1968 3448 Πνεύματος

304 3532 315 3542 ς
392 3462 670 3532 μάχεσθαι
706 3464 798 3515 τὸν
836 3465 936 3534 τῆς
982 3465 1163 3529 αἰτίας
1201 3465 1295 3519 τοῦ
1341 3466 1467 3520 Υίοῦ
1499 3470 1593 3521 καὶ
1649 3469 1968 3540 Πνεῦματος

387 3557 576 3621 λόγον.
605 3556 673 3624 τῇ
716 3553 965 3625 Θεολογίᾳ
991 3556 1442 3625 προσεπιπλέκει,
1474 3556 1569 3611 καί
1601 3576 1771 3628 φησιν
1792 3559 1965 3613 οὔτωο

394 3668 415 3697 ι
451 3648 513 3702 E1
550 3647 650 3716 μέν
675 3664 800 3700 τινα
832 3648 1091 3716 χρονικὴν
1119 3648 1361 3718 ἔμφασιν
1403 3651 1716 3720 ὑπερετίθει
1744 3653 1842 3719 τῆς
1874 3650 1967 3705 τοῦ

386 3740 731 3809 Μονογενοῦς
757 3740 1115 3803 ὑποστάσεως
1137 3740 1166 3793 6
1192 3741 1285 3794 τὸν
1311 3743 1530 3812 Πατέρα
1543 3742 1638 3796 τοῦ
1665 3743 1794 3796 Υἱοῦ
1822 3744 1969 3813 μόνῳ

386 3835 467 3902 τῷ
492 3834 597 3903 τῆς
644 3834 822 3897 αἰτίας
869 3834 1012 3904 λόγῳ
1045 3834 1399 3906 προθεωρῶν,
1430 3837 1657 3900 ιίκότως
1701 3837 1768 3891 ἂν
1795 3839 1822 3890 6
1868 3840 1968 3908 τῆς

385 3927 695 3993 ἁῖδιότητος
724 3928 859 3996 ἡμῖν
889 3928 1020 3998 περὶ
1056 3927 1151 3980 τοῦ
1193 3928 1326 3979 Υίοῦ
1360 3928 1518 3996 λόγος
1554 3929 1967 3983 ὲκινδυνεύετοο

386 4019 508 4071 νυνὶ
531 4018 591 4071 δὲ
617 4019 747 4072 ποτὲ
778 4020 855 4088 μὴ
885 4017 1107 4072 ἔσεσθαι
1128 4021 1221 4073 ἐπὶ
1243 4020 1346 4088 τῆς
1376 4021 1705 4090 προαιωνίου
1726 4020 1965 4087 φύσεως,

391 4112 523 4175 ἴσως
551 4111 649 4164 καὶ
696 4111 900 4180 ὁμοίως
936 4110 1027 4164 ἐπί
1055 4128 1114 4163 τε
1154 4113 1253 4181 τῆς
1287 4112 1380 4165 τοῦ
1417 4113 1628 4182 Πατρὸς
1671 4112 1838 4184 ζωῆς.
1874 4116 1967 4168 καὶ

389 4199 492 4266 τῆς
514 4198 613 4252 τοῦ
643 4197 1006 4266 Μονογενοῦς,
1033 4198 1170 4251 ἀλλὰ
1205 4200 1300 4252 καὶ
1338 4202 1436 4269 τῆς
1465 4199 1560 4253 τοῦ
1600 4199 1758 4267 ἁγίου
1795 4200 1975 4253 lived)

392 4307 567 4354 ματος
605 4290 898 4358 ὁμολογίας
934 4291 994 4342 οὑ
1037 4290 1252 4358 δέχεται
1274 4306 1288 4320 ’
1318 4289 1449 4344 ἔνθα
1491 4289 1596 4360 γὰρ
1631 4291 1823 4359 χρόνος
1864 4291 1966 4344 οὐκ

388 4382 528 4441 ἔστι,
560 4382 657 4434 καὶ
705 4380 765 4434 τδ
792 4380 940 4434 ποτὲ
974 4380 1367 4451 συνανῄρηται,
1403 4400 1422 4432 ι
1474 4381 1568 4433 καὶ
1617 4382 1735 4450 μετ’
1774 4380 1960 4450 ὀλίγοιο

2069 3287 2145 3341 lbi
2177 3287 2320 3341 enim
2353 3291 2577 3339 sanctus
2628 3284 2892 3338 adversus
2928 3280 3256 3335 Eunomium
3300 3279 3367 3332 de
3416 3277 3534 3331 Filii
3592 3283 3646 3329 et

2073 3378 2311 3449 Spiritus
2379 3375 2686 3433 asternitate
2733 3374 3091 3436 contendens,
3146 3370 3415 3426 rationem
3466 3382 3646 3421 causae

2069 3472 2190 3527 Filii
2211 3482 2259 3525 et
2287 3470 2526 3540 Spiritus
2557 3468 2698 3523 inter
2716 3467 2853 3521 alias
2883 3479 2971 3520 res
3009 3463 3346 3531 theologicas
3371 3461 3646 3515 immiscet

2072 3564 2221 3618 hisce
2253 3561 2364 3616 fere
2391 3560 2577 3615 verbis
2620 3574 2634 3613 :
2668 3576 2690 3611 ι
2740 3558 2799 3611 Si
2829 3556 3183 3625 temporalem
3231 3553 3527 3623 quamdam
3564 3553 3642 3607 itt-

2072 3651 2477 3721 tercapcdinetn
2516 3648 2817 3718 ltypostasi,
2866 3662 2963 3703 seu
2996 3643 3365 3700 subsistentia;
3395 3642 3515 3697 Filii
3547 3658 3644 3697 an-

2072 3750 2376 3812 teponeret,
2419 3740 2514 3810 qui
2550 3739 2762 3794 Patrem
2798 3738 2914 3793 sola
2959 3735 3213 3807 principii
3249 3736 3462 3791 ratione
3489 3735 3644 3804 prius

2073 3832 2210 3888 Filio
2241 3832 2502 3902 concipit,
2535 3830 2660 3901 jure
2687 3828 2899 3883 censeri
2933 3837 3117 3896 posset
3145 3828 3393 3880 doctrina
3418 3824 3487 3879 de
3514 3823 3640 3879 Filii

2070 3925 2368 3978 aeternitate
2401 3924 2454 3976 in
2482 3922 2784 3992 periculum
2817 3929 3029 3974 vocata.
3063 3915 3218 3971 Nune
3257 3918 3370 3986 pari
3415 3930 3643 3986 prorsus

2072 4016 2251 4076 modo,
2285 4014 2578 4082 aliquando
2602 4028 2707 4066 non
2744 4012 2987 4065 futurum
3027 4026 3169 4076 esse,
3201 4025 3231 4063 a
3273 4009 3432 4062 l’atre
3465 4018 3519 4062 et
3550 4006 3642 4061 Fi-

2069 4109 2162 4173 bo,
2184 4108 2313 4177 qttin
2341 4118 2394 4162 et
2422 4122 2452 4160 a
2484 4106 2688 4175 Spiritu
2728 4105 2913 4159 exulat
2948 4120 2961 4157 :
2996 4119 3120 4156 nam
3154 4102 3242 4156 ubi
3277 4101 3482 4155 nullum
3504 4108 3644 4155 tem-

2068 4216 2192 4271 pus,
2226 4200 2301 4254 ibi
2354 4182 2514 4267 etiam
2542 4198 2829 4268 aliquando
2861 4196 3137 4251 sublatum
3168 4204 3272 4249 est.
3309 4212 3327 4245 ι
3366 4194 3433 4249 Ει
3456 4194 3644 4262 paucis

2066 4292 2365 4360 interiectis
2397 4308 2412 4346 :
2448 4289 2679 4344 «Eadem
2718 4297 2803 4344 est
2835 4297 3022 4343 nostra
3046 4296 3101 4342 et
3124 4286 3190 4340 de
3216 4287 3421 4355 Spiritu
3451 4292 3644 4340 sancto

2067 4384 2365 4447 sententia,
2403 4384 2455 4436 in
2482 4382 2601 4436 solo
2634 4382 2826 4435 ordine
2862 4379 3009 4433 illius
3039 4377 3401 4432 diﬂ‘erentiam
3436 4378 3643 4430 consti-

394 4490 416 4523 ι
465 4471 526 4525 ’0
559 4471 616 4525 δὲ
662 4471 827 4535 αὐτὸς
861 4472 996 4541 ἡμῖν
1036 4472 1130 4525 καὶ
1161 4471 1406 4543 περὶτοῦ
1439 4472 1595 4537 ἁγίου
1645 4471 1785 4525 Πνεύ
1797 4490 1963 4543 ματος

2072 4475 2172 4528 tui.
2203 4472 2674 4539 Quemadmodum
2717 4470 2863 4525 enim
2903 4470 3051 4523 Patri
3074 4469 3242 4522 Filius
3268 4466 3643 4537 coniungitur,

384 4565 547 4632 λόγος
570 4568 629 4616 ὲν
663 4565 799 4636 μόνῃ
825 4568 889 4634 τῇ
919 4563 1071 4629 τάξει
1111 4565 1212 4632 τὴν
1234 4565 1500 4633 διαφορὰν
1536 4566 1695 4635 ἔχων.
1740 4567 1828 4629 Ὣς
1853 4569 1963 4637 γὰρ

387 4659 726 4712 συνάπτεται
755 4658 836 4727 τῷ
871 4658 1101 4728 Πατρὶὸ
1132 4657 1282 4721 Υἱὸς,
1308 4662 1403 4711 καὶ
1436 4659 1496 4712 τὸ
1534 4659 1594 4724 ἐξ
1624 4660 1792 4713 αὑτοῦ
1822 4657 1963 4714 εἶναι

385 4751 529 4818 ἔχων
550 4749 650 4817 οὑχ
685 4748 957 4817 ὑστερίζει
995 4748 1144 4802 κατὰ
1174 4749 1273 4819 τὴν
1305 4748 1578 4819 ὕπαρξινο
1623 4749 1765 4805 οὕτω
1797 4752 1962 4806 πάλιν

383 4843 480 4894 καὶ
532 4839 631 4892 τοῦ
669 4840 1013 4908 Μονογενοῦς
1064 4841 1250 4912 ἔχεται
1298 4842 1358 4895 τὸ
1408 4842 1632 4912 Πνεῦμα
1680 4845 1741 4897 τὸ
1784 4845 1960 4911 ἅγιον,

384 4932 601 5001 ἐπινοίᾳ
640 4931 773 5002 μόνῃ
828 4932 970 4985 κατὰ
1010 4932 1104 4985 τὸν
1151 4936 1251 5003 τῆς
1290 4933 1467 4996 αἰτίας
1522 4933 1682 5002 λόγον
1714 4935 1960 5003 προθεω-

388 5022 655 5092 ωυμένου
709 5024 803 5091 τῆς
849 5023 945 5076 τοῦ
1002 5023 1311 5093 Πνεύματος
1366 5024 1752 5088 ὑποστάσεως·
1792 5028 1847 5078 αί
1905 5024 1959 5078 δὲ

384 5116 635 5182 χρονικαὶ
666 5114 1003 5186 παρατάσεις
1042 5115 1266 5186 ὲτιὶτῆς
1316 5117 1645 5187 προαιωνίου
1687 5116 1831 5185 ζωῆς
1856 5115 1964 5185 χώ-

388 5222 485 5272 ραν
512 5205 615 5257 οὐκ
644 5204 893 5275 ἔχουσιν·
928 5203 1070 5258 ὥστε
1097 5204 1191 5259 τοῦ
1230 5206 1389 5272 λόγου
1421 5207 1518 5275 τῆς
1547 5206 1725 5267 αἰτίας
1759 5206 1962 5276 ὑπεξῃ-

384 5298 649 5366 ρημένου,
701 5300 758 5351 ἐν
808 5299 998 5369 μηδενὶ
1024 5297 1123 5369 τὴν
1160 5299 1322 5365 ἁγίαν
1351 5298 1558 5368 Τριάδα
1588 5299 1724 5367 πρὸς
1758 5299 1959 5366 ἑαυτὴν

382 5390 730 5459 ἀσυμφώνως
756 5391 923 5460 ἔχειν.
969 5392 1079 5443 Καὶ
1110 5393 1140 5444 6
1179 5390 1278 5461 μὲν
1311 5389 1466 5458 ἅγιος
1508 5389 1651 5443 οὕτω
1695 5390 1838 5443 κατὰ
1871 5390 1959 5442 τὸν

380 5487 479 5545 τῆς
515 5483 697 5543 αἰτίας
743 5482 900 5548 λόγον
927 5482 1363 5553 προοεωρεῐσθαι
1413 5481 1507 5535 τοῦ
1556 5481 1688 5534 Υἱοῦ
1726 5483 1817 5534 τὸν
1847 5483 1959 5535 lla.

381 5573 514 5640 τέρα
552 5572 814 5639 θεολογεῖ,
851 5576 1037 5641 σαφῶς
1074 5574 1357 5641 παριστῶν
1389 5574 1453 5625 ὲκ
1481 5572 1575 5625 τοῦ
1615 5574 1828 5642 Πατρδς
1864 5573 1959 5642 μό-

382 5679 472 5712 νου
498 5662 786 5731 προσεχῶς
835 5663 929 5714 καὶ
955 5663 1177 5732 ἁμέσως
1222 5662 1462 5716 αἱτιατὸν
1500 5663 1590 5716 τον
1631 5663 1759 5715 Υίίον
1798 5658 1955 5731 εἶναι,

383 5753 471 5804 καὶ
496 5752 586 5805 τὸν
628 5754 758 5805 Υιον
793 5751 948 5816 αὖθις
978 5754 1120 5807 κατὰ
1167 5753 1256 5806 τὸν
1286 5754 1384 5824 τῆς
1416 5755 1594 5818 αἰτίας
1630 5753 1787 5823 λόγον
1824 5772 1956 5825 προ-

2071 4576 2276 4620 etcum
2306 4580 2372 4619 ex
2406 4565 2499 4618 illo
2542 4564 2806 4632 originem
2856 4563 3039 4623 ducat,
3092 4562 3409 4616 exsistentia
3461 4569 3639 4612 tamen

2067 4658 2337 4727 posterior
2369 4674 2476 4711 non
2528 4666 2611 4711 est
2644 4672 2657 4709 :
2694 4657 2775 4712 sic
2804 4657 2967 4711 etiam
3016 4653 3255 4724 Spiritus
3303 4661 3527 4709 sanctus
3573 4653 3640 4705 ad

2068 4748 2264 4803 Filium
2300 4763 2360 4802 se
2389 4748 2574 4816 habet,
2615 4747 2952 4817 cogitatione
2982 4745 3097 4799 sola
3128 4743 3432 4799 secundum
3467 4756 3643 4796 causa:

2066 4840 2331 4895 rationem
2362 4839 2532 4893 Filius
2560 4839 2709 4908 prius
2732 4881 2744 4898 ,
2778 4855 2950 4908 quam
2986 4836 3219 4907 Spiritus
3255 4833 3429 4889 sancti
3467 4833 3639 4902 hypo-

2068 4933 2229 4987 stasis
2264 4935 2572 5002 concipitur
2606 4949 2622 4989 :
2659 4933 2989 5001 tempmales
3038 4940 3220 4985 autem
3269 4926 3639 4982 dimensiones

2067 5026 2121 5080 in
2156 5027 2245 5081 illa
2272 5042 2435 5081 omne
2468 5025 2724 5081 saeculum
2776 5036 3089 5096 antegressa
3146 5025 3252 5077 vita
3306 5024 3482 5075 locum
3529 5036 3635 5074 non

2068 5116 2304 5182 habent;
2342 5118 2413 5172 ita
2447 5127 2506 5171 ut
2555 5127 2782 5186 cxcrpta
2841 5132 3021 5170 causae
3050 5116 3265 5170 ratione
3293 5110 3633 5167 sanctissima

2066 5206 2308 5263 Trinitas
2336 5209 2390 5263 iu
2431 5208 2580 5264 nullo
2611 5208 2907 5272 discordet,
2936 5208 3103 5277 probe
3120 5206 3221 5261 sibi
3251 5218 3575 5258 consonans.
3611 5221 3629 5253 ι

2064 5300 2132 5354 Et
2188 5310 2410 5354 sanctus
2455 5301 2557 5355 hoc
2601 5310 2758 5371 parto
2805 5300 3103 5356 secundum
3161 5299 3421 5350 rationem
3457 5310 3637 5349 causa‘

2064 5392 2400 5462 prmintclligi
2430 5391 2625 5447 Filium
2663 5393 2824 5447 Patre
2867 5374 3137 5452 decernit,
3183 5387 3356 5457 palam
3389 5388 3630 5453 edicens,

2064 5500 2130 5538 ex
2164 5484 2278 5539 solo
2312 5483 2469 5539 Patre
2501 5485 2754 5554 contigue
2802 5494 2854 5537 et
2905 5481 3217 5551 immediate
3266 5478 3490 5549 produci
3545 5478 3633 5532 Fi-

2065 5575 2195 5629 lium
2237 5591 2249 5626 :
2280 5585 2331 5628 et
2360 5574 2559 5630 Filium
2594 5591 2786 5630 rursus
2817 5572 3113 5627 secundum
3150 5585 3331 5624 causa:
3360 5572 3627 5624 rationt-m

2067 5669 2408 5740 praeintelligi
2475 5668 2756 5740 bypostasi
2813 5664 3075 5735 Spiritus.
3126 5673 3309 5735 aperte
3365 5671 3631 5724 statuens,

2067 5779 2161 5830 per
2210 5756 2405 5819 Filium
2460 5779 2524 5819 ex
2576 5763 2733 5818 Patre
2763 5759 2988 5831 produci
3025 5756 3311 5829 Spiritum.
3354 5759 3458 5826 Qui
3504 5774 3633 5816 vero
