4054 6472
424 343 525 407 179

1440 348 1653 415 IOAN.
1696 350 1909 412 VECCI
1948 350 2063 420 (ΣΡ.
2103 352 2615 444 PATRIARCH/E
3580 355 3671 420 180

422 457 609 513 omnia
652 470 1012 529 praevertunt,
1070 464 1454 521 existimantes
1502 467 1641 521 forte
1694 466 1993 537 prollcuam

2119 472 2449 541 lempsi’cOat,
2482 473 2640 542 φησι,
2683 471 2781 540 τῆς
2814 471 2908 525 τοῦ
2941 471 3259 541 Πνεύματος
3313 472 3670 535 ὑποστάσεως.

423 548 666 605 futuram
711 557 1122 624 corruptionem
1168 559 1233 613 ad
1285 558 1666 613 stabiliendam
1720 558 1993 628 propriam

423 643 774 710 sententiam,
826 660 952 701 cum
1012 659 1236 704 sanctus
1298 649 1604 719 scripserit,
1656 666 1676 701 ι
1733 648 1995 718 Spiritum

423 743 677 787 sanctum
698 736 977 793 adhaerere
1000 737 1139 793 Filio
1165 740 1499 809 cogitatione
1525 741 1641 796 sola
1664 741 1793 795 dum
1816 740 1995 807 Spiri-

420 830 514 878 tns
544 824 820 899 hypostasi
852 831 1304 898 prmintclligitur,
1338 855 1367 884 ιι
1392 835 1445 887 in
1479 835 1759 905 plerisque
1789 834 1864 887 illi
1901 847 1998 887 co-

422 913 638 970 dicibus
695 930 1015 987 exararnnt,
1064 942 1082 973 ι
1139 922 1316 979 Patris
1378 925 1679 995 hypostasi,
1729 943 1748 976 ι
1785 933 1996 978 tantum

422 1006 684 1087 adversus
733 1020 942 1066 rectum
995 1014 1288 1079 nictantes,
1351 1025 1411 1071 ut
1456 1017 1796 1071 asserncrint
1842 1017 2002 1070 Patre

419 1094 617 1153 Filium
676 1106 979 1159 secundum
1038 1123 1220 1163 causa:
1298 1108 1563 1163 rationem
1633 1108 1999 1177 prmiutelligi.

421 1188 720 1249 dummodo
750 1211 780 1248 e
815 1199 1092 1254 mentibus
1131 1200 1415 1277 hominum
1446 1200 1704 1264 evellant,
1737 1201 2001 1271 Spiritum

425 1296 546 1339 esse
579 1300 675 1354 per
705 1287 928 1352 Filium,
962 1298 1018 1344 et
1055 1303 1456 1361 consequenter
1489 1307 1560 1347 ex
1591 1291 1753 1348 Filio.

2108 558 2296 626 σαφῶς
2320 561 2600 628 παριστῶν
2629 560 2719 613 διὰ
2757 560 2850 613 τοῦ
2886 560 3016 614 Υἱοῦ
3040 562 3103 614 ὲκ
3124 560 3219 614 τοῦ
3260 562 3476 632 Πατρὸς
3511 566 3676 617 αἰτια-

2105 651 2198 703 τδν
2240 646 2378 703 εῖναι
2411 651 2474 704 τὸ
2504 650 2754 718 Πνεῦμα.
2783 654 2846 706 Οἰ
2885 651 2943 705 δὲ
2986 652 3167 706 πάντα
3212 653 3676 719 διαστρεωιοῦντες

2106 741 2246 811 τάχα
2279 758 2331 794 τι
2370 742 2559 811 κέρδος
2590 743 2730 813 πρὸς
2751 743 2846 795 τὸν
2868 745 3068 798 οἰκεῖον
3100 745 3302 798 σκοπὸν
3343 745 3407 798 ὲκ
3455 746 3550 813 τῆς
3582 764 3679 797 πα-

2111 833 2387 904 ραφθορᾶς
2420 834 2698 903 οἰηθέντες
2740 835 3088 905 πορίσασθαι,
3118 835 3369 901 λέγοντος
3396 837 3487 891 τοῦ
3530 836 3677 905 ἁγίου

2106 923 2184 988 ὡς
2222 942 2242 977 t
2284 925 2357 978 Τὸ
2406 925 2631 995 Πνεῦμα
2675 925 2739 979 τδ
2782 927 2937 993 ἅγιον
2981 925 3074 980 τοῦ
3115 927 3456 994 Μονογενοῦς
3504 928 3677 997 ἔχεται

2109 1017 2326 1087 ἐπινοίᾳ.
2381 1018 2517 1088 μόνῃ
2556 1019 2697 1071 κατὰ
2738 1018 2831 1071 τὸν
2862 1019 2963 1086 τῆς
3009 1019 3189 1081 αἰτίας
3229 1020 3412 1087 λόγον,
3444 1019 3680 1088 προθεω-

2115 1109 2379 1179 ρουμὲνου
2408 1112 2507 1177 τῆς
2558 1109 2651 1162 τοῦ
2684 1108 3002 1179 Πνεύματος
3053 1110 3428 1171 ὑποστάσεως.
3470 1111 3528 1161 ὲν
3562 1108 3683 1160 πολ-

2109 1198 2230 1262 λαῖς
2280 1201 2477 1252 ἐκεῖνοι
2516 1198 2719 1269 βίϐλοις
2776 1202 2875 1268 τῆς
2920 1200 3015 1253 τοῦ
3072 1198 3287 1270 Πατρὺς
3345 1200 3685 1260 ὑποστάσεως

2112 1288 2380 1359 ἔγραψαν,
2414 1290 2672 1344 τοσοῦτον
2706 1291 2842 1362 πρὸς
2883 1292 2943 1344 τὸ
2974 1292 3132 1354 εύθὲς
3169 1293 3586 1362 μυωπάσαντες,
3612 1288 3683 1352 ὡς

418 1377 514 1429 τοῦ
559 1379 771 1448 nam;
825 1383 1002 1434 εἰπεῖν
1031 1384 1122 1436 τὸν
1161 1385 1291 1439 Υἰὺν
1344 1386 1488 1440 κατὰ
1534 1387 1626 1439 τὸν
1679 1389 1776 1456 τῆς
1820 1386 1998 1449 αἰτίας
2036 1384 2198 1452 λόγον
2258 1384 2728 1455 προθεωρεῖσθαιο
2783 1386 2870 1439 ἴνα
2891 1387 3051 1456 μόνον
3080 1386 3400 1456 ἀδιανόητον
3422 1374 3703 1455 ποιήσωσι.

420 1469 482 1524 τὸ
516 1471 742 1542 Πνεῦμα
773 1472 862 1527 διὰ
889 1475 984 1528 τοῦ
1009 1476 1164 1543 Υίοῦ,
1211 1480 1307 1540 καὶ
1339 1480 1479 1533 κατὰ
1505 1479 1666 1533 τοῦτο
1698 1482 1794 1534 καὶ
1822 1482 1885 1534 ὲκ
1910 1479 2004 1534 τοῦ
2045 1477 2205 1533 Υίοῦ.

497 1609 587 1667 i5.
628 1593 800 1677 Quale
833 1614 995 1668 etiam
1026 1617 1327 1689 contigisse
1354 1620 1727 1687 cumperimus
1750 1619 1805 1672 in
1843 1619 1998 1672 theo-

422 1703 621 1774 lOgicis
656 1705 839 1773 magni
873 1705 1162 1777 Epiphanii
1194 1710 1379 1771 dietis,
1418 1726 1542 1779 qua:
1582 1710 1673 1764 ille
1703 1711 1867 1776 libro,
1915 1711 2003 1764 cui

2187 1615 2248 1671 ιε’
2312 1616 2529 1672 Ὀποῖόν
2590 1635 2643 1671 τι
2696 1618 2890 1686 γέγονε
2939 1616 3037 1670 καὶ
3088 1619 3149 1671 ἐν
3195 1577 3309 1678 τοίς
3363 1612 3688 1687 θεολογικῶς

2116 1705 2271 1778 παρὰ
2316 1707 2412 1761 τοῦ
2467 1707 2709 1778 μεγάλου
2757 1708 3086 1775 Ἐπιφανίου
3131 1707 3192 1759 ἑν
3232 1702 3311 1775 τῷ
3373 1702 3689 1772 καλουμένῳ

421 1811 621 1849 nomen
655 1798 951 1867 Ancyroto,
985 1797 1236 1869 digessit.
1280 1799 1360 1854 Ilii
1400 1802 1547 1854 enim
1600 1814 1826 1855 sanctus
1862 1803 2008 1854 hunc

2127 1799 2463 1870 ’Δγκυρωτῷ
2502 1801 2841 1871 εἰρημένοις.
2884 1798 3101 1854 Ἐκεῖσε
3153 1799 3263 1868 γάρ
3309 1799 3338 1850 ὁ
3369 1796 3470 1866 μὲν
3504 1795 3688 1862 ’Δγιος

422 1888 477 1941 in
528 1889 752 1942 modum
813 1891 1149 1959 loquituru
1192 1891 1323 1955 Sed,
1369 1903 1429 1947 ut
1484 1909 1629 1956 reor,
1674 1901 1906 1962 utraque
1954 1892 2009 1945 in

422 1980 646 2036 homine
674 1981 824 2048 justo
860 1981 1210 2041 inhabitant:
1252 1984 1509 2040 Christus
1544 1994 1596 2040 et
1650 1983 1893 2053 Spiritus
1941 1983 2009 2037 il-

424 2072 555 2127 lius.
586 2073 743 2138 Quod
778 2074 823 2126 si
857 2073 1111 2130 Christus
1141 2091 1209 2129 ex
1254 2076 1413 2131 Patre
1456 2076 1725 2141 creditur,
1766 2074 1914 2131 Deus
1942 2091 2010 2130 ex

424 2165 557 2226 Deo,
614 2174 670 2220 et
720 2165 960 2236 Spiritus
994 2181 1058 2221 ex
1101 2167 1346 2229 Christo,
1384 2177 1480 2223 aut
1527 2185 1593 2222 ex
1628 2169 1900 2239 utrisque,
1951 2179 2012 2224 nt

422 2254 678 2310 Christus
701 2256 978 2326 loquitur:
1003 2256 1108 2323 Qui
1142 2275 1209 2314 ex
1241 2259 1401 2316 Patre
1429 2262 1764 2331 procedit,et
1788 2281 1800 2316 :
1824 2261 1921 2318 llic
1945 2279 2010 2317 ex

424 2365 549 2404 meo
583 2350 830 2419 accipiet.
871 2368 891 2402 ι
927 2348 1031 2416 Qui
1072 2367 1201 2408 vero
1251 2353 1306 2406 in
1370 2356 1788 2425 corrumpendis
1852 2355 2014 2410 dictis

426 2445 589 2514 plane
620 2443 925 2507 insaniunt,
960 2461 979 2494 ι
1005 2442 1063 2498 Si
1086 2443 1341 2501 Christus
1363 2452 1430 2501 ex
1455 2446 1661 2515 Spiritu
1692 2446 1958 2512 creditur,
1989 2467 2006 2499 ι

423 2536 848 2602 descripserunt,
885 2555 905 2589 ι
938 2535 1083 2591 Deus
1107 2552 1175 2592 ex
1202 2536 1335 2601 Deo,
1388 2548 1443 2595 et
1485 2538 1723 2609 Spiritus
1754 2554 1823 2595 ex
1850 2539 2013 2593 Chri-

343 2669 369 2681 -
425 2639 534 2683 sto.
564 2646 582 2678 ι
606 2625 717 2682 Nec
738 2628 1144 2694 intellexerunt,
1162 2628 1397 2684 similem
1419 2630 1547 2684 dicti
1575 2632 2010 2701 corruptionem,

424 2721 624 2776 mentis
666 2721 828 2789 plane
856 2736 982 2775 esse
1031 2730 1275 2791 apertam
1327 2723 1761 2790 corruptionem.
1807 2724 2013 2780 Demus

423 2814 573 2869 enim
604 2815 815 2868 dictum»
841 2814 914 2868 ita
950 2813 1217 2868 dictatum
1244 2812 1419 2869 fuisse
1448 2831 1464 2868 :
1508 2835 1526 2867 ι
1552 2815 1610 2869 Si
1658 2816 1918 2871 Christus
1943 2832 2012 2872 ex

425 2904 638 2974 Spiritu
674 2905 942 2960 creditur.
993 2923 1012 2956 ι
1066 2902 1215 2958 Nihil
1270 2904 1396 2959 inde
1426 2916 1690 2976 sequetur
1735 2923 1765 2962 a
1811 2909 2015 2979 pietate

427 2996 692 3062 alienum,
716 2996 848 3051 dum
880 2995 1135 3051 Christus
1156 3010 1222 3051 ex
1255 2996 1462 3066 Spiritu
1491 2998 1713 3065 dicitur,
1745 3000 1792 3056 si
1818 3015 2017 3055 secun-

427 3093 559 3147 dum
589 3102 935 3162 assumptum
972 3107 1037 3146 et
1073 3092 1279 3164 Spiritu
1331 3105 1541 3159 sancto,
1588 3103 1643 3150 et
1687 3095 1854 3152 Maria
1886 3094 2015 3151 Vir-

2112 1889 2258 1946 οῦτω
2287 1892 2477 1963 φησίν·
2513 1911 2531 1943 ι
2578 1891 2748 1953 Ἀλλ’,
2782 1888 2964 1961 οἶμαι,
3010 1890 3303 1960 ἀμφότερα
3346 1889 3593 1944 κατοικεῖ
3634 1888 3693 1939 ἐν

2113 1984 2192 2052 τῷ
2223 1983 2502 2054 ἀνθρώπῳ
2531 1983 2611 2052 τῷ
2639 1984 2860 2052 δικαίῳ,
2893 1984 2922 2035 ὁ
2953 1983 3193 2053 Χριστδς
3214 1982 3314 2035 καὶ
3359 1982 3422 2034 τὸ
3471 1978 3690 2047 Πνεῦμα

2113 2074 2302 2129 αὑτοῦ.
2345 2076 2408 2128 Εἰ
2458 2076 2516 2129 δὲ
2566 2076 2804 2146 Χριστὸς
2845 2077 2911 2130 ὲκ
2950 2074 3045 2133 τοῦ
3086 2074 3307 2146 Πατρὺς
3357 2071 3688 2133 πιστεύεται,

2115 2167 2250 2230 Θεὸς
2304 2169 2368 2221 ὲκ
2417 2167 2582 2228 Θεοῦ.
2636 2169 2733 2221 καὶ
2775 2167 2837 2221 τὸ
2892 2166 3118 2234 Πνεῦμα
3174 2168 3238 2218 lx
3285 2165 3384 2219 τοῦ
3437 2163 3689 2235 Χριστοῦ,

2115 2260 2148 2330 ἢ
2184 2261 2314 2325 παρ’
2338 2259 2693 2330 ἀμφοτέρων,
2720 2259 2795 2324 ὦς
2825 2277 2992 2331 φησιν
3015 2263 3043 2313 ὀ
3085 2260 3347 2331 Χριστὸς,
3391 2277 3411 2311 ι
3450 2262 3517 2313 ’0
3549 2257 3693 2327 παρὰ

2115 2350 2210 2405 τοῦ
2249 2352 2463 2423 Πατρδς
2514 2352 2902 2421 ἐκπορεύεται,
2945 2352 3063 2413 καὶ,
3117 2348 3287 2413 Οὗτος
3330 2353 3395 2404 ἐκ
3439 2350 3534 2403 τοῦ
3563 2349 3691 2417 ἐμοῦ

2114 2443 2373 2513 λήψεται.
2410 2462 2430 2495 ι
2471 2447 2534 2498 Ut
2568 2445 2627 2498 δὲ
2659 2447 2792 2512 περὶ
2822 2444 2922 2506 τὰς
2959 2443 3330 2516 παραφθορὰς
3354 2444 3462 2496 τῶν
3486 2441 3691 2512 ῥήσεων

2115 2537 2474 2605 ἐπτοημένοι,
2512 2556 2529 2585 ο
2569 2538 2629 2589 Et
2667 2537 2723 2589 δὲ
2760 2535 2998 2605 Χριστὸς
3037 2538 3101 2589 ὲκ
3140 2535 3236 2588 τοῦ
3290 2535 3630 2604 Πνεύματος.
3669 2548 3686 2581 ι

2115 2627 2435 2683 πιστεύεται
2460 2627 2732 2698 ἔγραψαν,
2772 2648 2790 2680 ι
2817 2629 2950 2690 Θεὸς
2975 2630 3039 2681 ὲκ
3067 2628 3230 2692 Θεοῦ,
3255 2628 3359 2682 καὶ
3387 2629 3449 2681 τὸ
3478 2624 3694 2693 Πνεῦμα

2117 2723 2182 2775 ἐκ
2213 2720 2310 2774 τοῦ
2353 2721 2618 2791 Χριστοῦ.
2657 2740 2675 2774 ι
2719 2721 2829 2776 Καὶ
2875 2720 2938 2776 οὐ
2980 2721 3221 2789 συνῆκαν
3276 2720 3358 2784 ὡς
3406 2723 3442 2791 ἡ
3476 2718 3691 2782 τοιαύτη

2117 2814 2455 2885 παραφθορά
2484 2814 2587 2883 τῆς
2617 2815 2833 2885 ρήσεως
2861 2812 3200 2885 παραφθορὰ
3232 2810 3524 2881 λογισμῶν
3551 2810 3694 2860 ἐστιν

2114 2907 2398 2976 ἄντικρυς.
2435 2907 2620 2959 Ἔστω
2652 2907 2759 2976 γὰρ
2793 2904 2938 2961 οὕτω
2988 2904 3307 2975 γεγράφθαι
3357 2906 3457 2972 τὴν
3500 2900 3690 2973 ῥῆσιν·

2123 3018 2142 3053 ι
2183 2997 2249 3053 Εἰ
2277 2998 2335 3051 δὲ
2377 2998 2617 3069 Χριστὸς
2664 3000 2731 3053 ὲκ
2779 2997 2875 3053 τοῦ
2912 2997 3236 3067 Πνεύματος
3285 2994 3630 3051 πιστεύεται.
3672 3008 3689 3038 ι

2118 3090 2290 3144 Οὐδὲν
2315 3091 2428 3160 γὰρ
2460 3090 2671 3162 ἀπᾷδον
2698 3093 2767 3162 τῇ
2800 3089 3062 3160 εὐσεϐείᾳ
3093 3090 3187 3142 τὸν
3226 3089 3475 3158 Χριστὸν
3522 3084 3692 3151 λέγειν

427 3185 556 3257 gine
615 3183 706 3237 hic
744 3192 853 3246 est,
905 3190 967 3238 ut
1024 3183 1284 3239 idemmet
1335 3194 1568 3241 sanctus
1616 3187 1672 3241 in
1719 3201 2012 3257 progressu

2119 3186 2182 3237 ὲκ
2243 3181 2600 3253 Πνεύματος,
2661 3183 2821 3251 εἴπερ
2904 3181 3051 3235 κατὰ
3114 3180 3176 3233 τὸ
3238 3180 3584 3248 πρόσλημμα
3635 3174 3694 3224 ὲκ

428 3276 700 3333 orationis
726 3275 1000 3343 edisserit,
1025 3274 1114 3331 cui
1149 3277 1272 3331 usui
1308 3275 1473 3332 fuerit
1498 3278 1631 3332 dicti
1673 3281 2014 3349 corruptori-

428 3370 534 3425 bus
558 3369 624 3423 ad
661 3367 1150 3424 demonstrandum
1181 3365 1450 3439 Spiritum
1499 3385 1608 3424 non
1655 3385 1721 3425 ex
1757 3371 2014 3426 Christo?

433 3461 563 3516 Sive
584 3463 731 3516 enim
764 3477 831 3515 ex
863 3462 1047 3523 Patre,
1081 3462 1197 3516 sive
1231 3478 1295 3516 ex
1330 3461 1537 3532 Spiritu
1565 3463 1713 3517 credi
1735 3462 2016 3518 Christum

430 3556 602 3610 Deum
640 3567 705 3607 ex
745 3553 856 3608 Deo
888 3566 1112 3609 sanctus
1141 3555 1394 3619 dixisset,
1435 3563 1680 3608 attamen
1708 3570 1775 3608 ex
1796 3553 2019 3610 Christo

429 3660 555 3700 esse
595 3641 858 3712 Spiritum
898 3643 1076 3697 modis
1126 3644 1385 3698 omnilms
1430 3642 1753 3709 declaravit,
1799 3652 1856 3698 et
1883 3644 2017 3699 dicti

430 3734 713 3804 corruptio
747 3733 881 3788 nihil
909 3734 1017 3788 illis
1042 3733 1271 3803 proluit,
1305 3734 1370 3788 ad
1395 3736 1866 3789 corroborandum
1892 3734 2016 3805 Spi-

430 3830 597 3882 ritum
638 3842 750 3881 non
795 3842 918 3881 esse
956 3842 1024 3882 ex
1056 3825 1300 3882 Christo.
1330 3824 1446 3880 lmo
1478 3826 1625 3896 quod
1660 3827 2012 3897 postmodum

434 3921 758 3983 adnrctitur,
792 3930 915 3973 «aut
941 3920 1009 3975 ab
1041 3920 1311 3987 utrisque,
1348 3930 1408 3974 ut
1435 3919 1696 3975 Christus.
1712 3919 1959 3990 loquitur
1996 3939 2010 3978 :

432 4014 541 4081 Qui
566 4030 632 4069 ex
656 4012 818 4069 Patre
845 4012 1111 4084 procedit,
1145 4022 1199 4067 et
1228 4012 1317 4067 hic
1351 4027 1415 4066 ex
1452 4026 1575 4066 meo
1601 4013 1852 4081 accipiet,
1879 4034 1896 4065 ι
1928 4030 2021 4068 eoo

432 4122 556 4160 rum
605 4122 825 4175 gravem
877 4105 1155 4160 vesaniam
1207 4104 1511 4173 redarguit,
1550 4106 1644 4173 qui
1695 4104 1814 4159 loco
1843 4104 2016 4170 illius,

439 4221 457 4251 ι
498 4217 563 4255 ex
598 4201 757 4255 Patre
787 4198 935 4254 credi
968 4197 1272 4260 Christum,
1316 4195 1486 4249 Deum
1512 4211 1580 4251 ex
1612 4195 1743 4258 Deo,
1783 4215 1802 4247 ι
1841 4198 2021 4252 intru-

436 4301 646 4355 serunt,
689 4310 708 4343 ι
748 4291 805 4346 Si
834 4289 1091 4346 Christus
1116 4305 1185 4345 ex
1208 4287 1418 4359 Spiritu
1454 4288 1719 4353 creditur,
1767 4286 1915 4345 Deus
1945 4306 2014 4346 ex

438 4386 566 4442 Deo.
611 4405 631 4438 ι

2120 3273 2439 3343 Πνεύματος
2509 3274 2671 3343 ἁγίου
2721 3276 2818 3328 καὶ
2872 3272 3090 3343 Μαρίας
3136 3272 3239 3342 τῆς
3293 3271 3582 3342 Παρθένου
3613 3256 3697 3317 οῦ-

2116 3368 2210 3431 τός
2238 3370 2415 3431 ἐστιν,
2445 3366 2522 3431 ὡς
2554 3368 2649 3422 καὶ
2676 3367 2844 3430 αὐτὸς
2870 3365 3240 3438 παρακατιὼν
3270 3367 3299 3418 ὁ
3344 3364 3504 3433 ἅγιος
3530 3360 3695 3424 λέγει.

2116 3460 2171 3516 τί
2223 3459 2537 3530 συμϐάλλον
2558 3454 2630 3531 ἦν
2656 3461 2773 3524 τοῖς
2805 3460 2906 3530 τὴν
2942 3459 3107 3532 ῥῆσιν
3152 3458 3510 3527 διαφθείρασι
3569 3449 3698 3517 πρὸς

2118 3553 2180 3607 τὸ
2219 3553 2298 3621 μὴ
2328 3550 2470 3606 εἷναι
2503 3553 2565 3606 τὸ
2589 3551 2819 3622 Πνεῦμα
2848 3553 2914 3605 ὲκ
2946 3550 3041 3605 τοῦ
3076 3549 3316 3619 Χριστοῦ
3339 3567 3364 3614 ς
3430 3548 3554 3601 Εἴτε
3591 3539 3694 3609 γὰρ

2119 3647 2186 3699 ἐκ
2212 3644 2306 3699 τοῦ
2338 3644 2573 3716 Πατρδς.
2610 3644 2722 3698 εἴτε
2770 3645 2836 3696 ὲκ
2868 3642 2966 3696 τοῦ
2999 3642 3321 3711 Πνεύματος
3345 3630 3702 3694 πιστεύεσθαι

2120 3740 2214 3795 τὸν
2244 3740 2503 3809 Χριστὸν,
2539 3738 2675 3792 Θεδν
2709 3739 2772 3791 ὲκ
2806 3737 2945 3790 Θεοῦ
2977 3740 3006 3791 ὁ
3036 3736 3190 3804 ἅγιος
3219 3735 3347 3804 ἔφη.
3392 3733 3465 3788 Τὸ
3491 3727 3618 3796 γοῦν
3644 3727 3703 3778 ὲκ

2118 3829 2214 3883 τοῦ
2277 3828 2522 3899 Χριστοῦ
2567 3824 2710 3883 εἷναι
2751 3828 2815 3881 τὸ
2844 3828 3075 3898 Πνεῦμα
3130 3828 3309 3897 πάντη
3375 3823 3561 3892 σαφῶς
3602 3816 3704 3870 διε-

2118 3920 2393 3991 τράνωσε,
2446 3920 2542 3974 καὶ
2594 3920 2812 3991 ἔμεινεν
2879 3922 2912 3989 ἠ
2960 3919 3296 3990 παραφθορὰ
3347 3919 3453 3987 τῆς
3496 3916 3701 3987 ῥήσεως

2120 4013 2275 4067 οὐδὲν
2313 4014 2499 4075 αὐτοῖς
2547 4012 2917 4068 συντελέσασα
2950 4013 3032 4075 εἰς
3081 4011 3438 4080 κατασκευὴν
3481 4003 3572 4059 τοῦ
3626 3995 3697 4069 μὴ

2121 4099 2266 4158 εἰναι
2322 4105 2384 4157 τὸ
2429 4102 2658 4173 Πνεῦμα
2703 4106 2767 4157 ὲκ
2821 4101 2918 4156 τοῦ
2971 4102 3234 4172 Χριστοῦ.
3298 4100 3465 4155 Ἀλλὰ
3511 4087 3697 4149 καὶτὸ

2124 4198 2325 4268 ἔφεξῆς
2364 4198 2712 4267 ἐπαγόμενον
2757 4196 2842 4261 τὸ,
2890 4215 2909 4248 ι
2964 4195 2999 4267 ἦ
3054 4196 3182 4266 παρ’
3233 4192 3584 4264 ἀμφοτέρων,
3628 4180 3698 4241 ὣς

2124 4309 2292 4361 φησιν
2320 4295 2348 4346 ὁ
2377 4292 2639 4362 Χριστὸς,
2668 4310 2687 4343 ι
2731 4292 2799 4345 Ὃ
2833 4290 2986 4361 παρὰ
3014 4288 3110 4342 τοῦ
3160 4288 3375 4358 Πατρὸς
3412 4274 3701 4350 ἐκπορεύε-

2123 4402 2238 4442 ται.
2288 4386 2386 4437 καὶ
2420 4379 2578 4447 οὗτος
2621 4384 2685 4436 ἐκ
2714 4381 2811 4436 τοῦ
2841 4381 2980 4451 ἐμοῦ
3013 4380 3275 4451 λήψεται,
3313 4398 3333 4430 ι
3377 4373 3578 4436 πολλὴν
3605 4366 3699 4432 τὴν

434 4478 624 4534 ἄνοιαν
684 4481 991 4551 κατηγορεῖ
1029 4479 1139 4532 τῶν
1195 4477 1320 4531 ἀντὶ
1384 4476 1482 4531 τοῦ
1533 4477 1731 4542 εἰπεῖν,
1764 4494 1782 4528 ι
1819 4477 1886 4530 ἐκ
1941 4475 2036 4530 τοῦ
2078 4478 2294 4549 Πατρὸς
2336 4476 2691 4531 πιστεύεσθαι
2731 4477 2824 4530 τὸν
2869 4476 3131 4548 Χριστὸν,
3193 4473 3331 4526 Θεὸν
3372 4475 3437 4526 ὲκ
3484 4459 3639 4524 Θεοῦ,
3676 4475 3695 4506 ³

434 4578 727 4646 λεγόντων,
782 4598 800 4629 ι
834 4577 979 4631 Εἱδὲ
1026 4576 1263 4648 Χριστὸς
1296 4575 1361 4627 ὲκ
1388 4575 1483 4627 τοῦ
1516 4574 1838 4645 Πνεύματος
1884 4573 2229 4642 πιστεύεται,
2259 4575 2396 4636 Θεὸς
2445 4580 2510 4629 ὲκ
2565 4574 2731 4629 Θεοῦ.
2771 4592 2790 4626 ι

507 4728 596 4784 16.
641 4727 747 4781 Sed
783 4738 917 4780 sane
949 4738 1077 4777 vere
1111 4737 1253 4777 czeca
1285 4736 1372 4775 res
1401 4729 1486 4777 est
1515 4722 1862 4790 improbitas,
1912 4736 2018 4777 saa-
2047 4751 2102 4810 Ι)

436 4837 610 4893 peqtte
655 4819 858 4888 saepius
893 4824 947 4867 et
983 4822 1042 4868 ut
1066 4815 1362 4882 plurimum
1396 4816 1673 4884 sapientes
1698 4814 1922 4882 decipit.
1958 4814 2022 4871 Et

436 4916 531 4981 qui
566 4910 945 4967 adulterandis
976 4908 1278 4970 codicibus,
1318 4923 1623 4977 eorumque
1660 4911 1868 4979 scripto
1908 4921 2020 4963 tra-

436 5009 568 5061 ditis
600 5005 761 5059 dictis
788 5016 985 5055 manus
1013 5000 1398 5061 admoverunt,
1445 5016 1553 5054 non
1601 5001 1733 5065 alio,
1767 5015 1933 5068 quam
1965 5007 2025 5052 ut

436 5098 716 5170 propriam
748 5094 1154 5150 contumaciam
1184 5100 1513 5156 tutarentur,
1566 5094 1631 5145 ad
1666 5092 1718 5145 id
1752 5092 2018 5160 agetidnm

438 5190 672 5262 permoti
704 5199 854 5243 sunt.
887 5185 996 5241 Nos
1029 5202 1192 5256 porro
1238 5186 1349 5254 jam
1400 5185 1576 5239 dictas
1608 5186 2016 5252 corruptiones,

436 5295 492 5337 et
521 5299 709 5337 earum
743 5289 1056 5336 commenta
1082 5279 1254 5334 iutilia
1290 5281 1608 5341 reteximus,
1655 5275 1789 5329 illud
1835 5287 2021 5329 osten-

438 5380 569 5430 dere
599 5384 883 5436 conantes,
915 5389 1022 5426 non
1055 5371 1258 5427 frustra
1296 5388 1397 5425 nos
1425 5371 1763 5428 asseruissc.
1804 5377 2019 5445 tempus

440 5469 715 5524 indicasse
741 5466 955 5521 dissidii
990 5466 1286 5520 nonnullos
1329 5465 1379 5516 in
1412 5460 1790 5515 adulterandis
1831 5458 2027 5512 simili-

441 5562 545 5616 hus
570 5561 855 5614 srntentiis
877 5576 1032 5615 suam
1069 5575 1291 5627 operam
1336 5555 1655 5609 Collocassc.
1690 5551 1844 5616 Quod
1896 5566 2020 5602 cum

442 5632 1029 5718 demonstratum.sit,
1085 5650 1247 5706 simul
1317 5662 1534 5715 quoque
1586 5644 2021 5698 demonstratum

441 5749 613 5810 venit,
656 5747 1048 5815 exemplarium
1112 5746 1380 5797 ιίιιι·οι·ιιιιι
1431 5739 1609 5807 magni
1660 5735 1871 5800 Basilii,
1933 5736 2022 5789 illa

447 5842 819 5895 commcntitia
848 5856 994 5905 csse,
1028 5840 1079 5891 in
1113 5835 1312 5906 quibus
1342 5834 1544 5887 dietum
1574 5846 1847 5896 assert-ns,
1891 5848 1909 5879 ‹
1949 5827 2025 5882 Ex

2203 4727 2302 4785 ις’.
2350 4719 2493 4773 Ἀλλ’
2531 4719 2703 4781 ὅντως
2733 4716 2934 4783 τυφλὸν
2963 4717 2997 4785 ἡ
3043 4713 3234 4777 κακία,
3295 4715 3394 4767 καὶ
3440 4708 3565 4768 τοὺς
3613 4715 3701 4753 σο*

2130 4812 2267 4881 φοὺς
2294 4811 2403 4863 τῶν
2431 4808 2644 4879 ἀνδρῶν
2674 4807 2899 4877 σφάλλει
2929 4806 3006 4866 ὡς
3037 4805 3108 4858 τὰ
3132 4802 3324 4857 πολλὰ.
3359 4801 3469 4856 Καὶ
3493 4799 3544 4849 οἱ
3573 4786 3702 4859 πρὸς

2132 4880 2233 4974 τὴν
2280 4901 2644 4971 παραφθορὰν
2688 4900 3072 4968 ὲξενεχθέντες
3113 4896 3223 4950 τῶν
3273 4888 3564 4964 γραφικῶν
3612 4880 3705 4974 ῥή¹

2134 5015 2273 5051 σεων
2295 4996 2396 5048 οὐκ
2427 4992 2674 5057 ἄλλοθεν,
2706 4992 2824 5046 ἀλλ’
2859 4994 2925 5045 ἐκ
2966 4990 3128 5062 μόνου
3174 4988 3270 5042 τοῦ
3301 4980 3587 5058 βούλεσθαι
3621 4971 3701 5024 οἰε

2131 5088 2288 5141 κείαν
2321 5086 2627 5154 πεισμονὴν
2664 5082 2939 5151 συστῆσαι
2964 5081 3102 5152 πρὸς
3126 5079 3288 5134 τοῦτό
3315 5096 3380 5146 γε
3414 5064 3701 5141 ἐξηνέχθη⁴

2132 5198 2254 5233 σαν.
2299 5179 2489 5248 Ἥμεῖ,
2521 5178 2579 5231 δὲ
2603 5177 2701 5240 τάς
2723 5194 2784 5230 τε
2816 5175 3076 5247 ῥηθείσας
3110 5170 3495 5243 παραφθορᾶς,
3522 5160 3611 5214 τόν
3645 5167 3703 5204 τε

2130 5273 2227 5325 ἐπὶ
2288 5275 2412 5333 ταῖς
2493 5268 2776 5331 τοιαύταις
2843 5267 3231 5335 παραφθοραίς
3301 5258 3706 5326 meonetius”

2135 5366 2379 5433 ἔλεγχον,
2409 5363 2691 5427 ἀποδεῖξαι
2720 5359 3120 5422 σπουδάζοντες
3157 5358 3232 5421 ὼς
3277 5357 3339 5409 οὐ
3372 5352 3548 5423 μάτην
3593 5335 3707 5392 ἑλέ-

2125 5473 2298 5525 γομεν
2335 5456 2424 5508 τὸν
2460 5458 2560 5523 τῆς
2610 5453 2943 5513 διαστάσεως
2988 5451 3186 5520 χρόνον
3226 5440 3503 5508 ἁναδεῖξαί
3555 5440 3703 5525 τινας

2133 5547 2371 5619 σπουδὴν
2406 5549 2673 5617 θεμένους
2701 5544 2911 5598 οἰκείαν
2940 5544 3038 5613 τὴν
3079 5542 3136 5594 ἐν
3181 5556 3294 5594 τισι
3342 5518 3699 5619 παραφθορὰν

2131 5641 2239 5696 τῶν
2275 5617 2564 5709 γραφικῶς)
2592 5639 2865 5708 χρήσεων.
2899 5631 3089 5705 Οῦπερ
3122 5634 3218 5687 καὶ
3248 5617 3702 5688 ἀποδεδειγμένου

2135 5732 2629 5795 συνιιιτῑοδέὀειιιιται¹
2667 5729 2729 5782 τὸ
2783 5728 3048 5798 ἐψεῦσθαι
3109 5726 3210 5794 μὲν
3258 5724 3329 5777 τὰ
3382 5714 3696 5798 ἀντίγραφξ

2134 5828 2243 5881 τῶν
2275 5825 2367 5879 τοῦ
2409 5823 2649 5896 μεγάλου
2682 5821 2968 5875 Βασιλείου
3004 5819 3225 5888 βεϐλων,
3262 5812 3350 5881 αἷς
3385 5814 3423 5883 ἡ
3483 5826 3501 5859 ι
3561 5787 3705 5862 παρὰ
