4054 6432
550 371 653 433 187
1577 374 1790 437 JOAN-
1840 371 2055 433 VECCI
2098 370 2206 429 (ΣΡ.
2252 370 2766 435 PATRIARCIUE
3701 362 3786 425 l‘Vi

553 497 739 554 passe,
790 491 854 538 ut
899 494 1202 540 necessitas
1245 485 1398 539 illum
1443 486 1830 555 compellebat,
1874 486 2138 539 adversus

2251 483 2317 543 ὥς
2377 482 2445 536 ἂν
2509 484 2541 552 ἡ
2600 485 2761 553 χρεία
2816 481 2983 534 αὐτὶν
3037 477 3487 549 κατηνάγκασεν,
3542 474 3667 545 πρὸς
3704 479 3789 539 τις

553 583 881 630 enascentes
928 577 1165 631 haereses
1212 576 1605 632 decertantem.
1642 595 1662 629 ι
1713 577 1780 631 Ει
1824 576 1881 631 1ιί
1912 576 2134 647 quidem

555 662 676 719 haec
704 664 981 735 inquiunt.

626 757 682 812 2.
710 756 823 813 Nos
850 774 979 814 vero
1020 759 1287 815 adversus
1332 774 1523 814 eorum
1569 760 1828 815 eﬁ‘renem
1871 761 2137 831 impetum

555 849 771 905 obviam
803 860 995 907 euntes
1016 891 1033 915 ,
1090 867 1198 907 non
1231 854 1310 907 sic
1343 853 1667 922 simpliciter
1699 863 1754 908 et
1798 870 1863 909 ex
1904 854 2135 909 aliarum

458 999 464 1005 _
554 941 880 1006 dictionum,
932 945 1137 1012 scripto
1161 946 1540 999 mandatarum
1573 947 1916 1008 collectione,
1953 948 2045 1001 sed
2070 963 2139 1002 ex

552 1034 741 1089 eadem
804 1035 920 1103 ipsa
945 1035 1056 1103 jam
1094 1036 1313 1091 laudata
1362 1038 1614 1090 oratione
1671 1047 1881 1091 tantum
1915 1042 2138 1093 menda-

553 1128 700 1181 cium
750 1141 874 1181 esse
924 1126 1280 1182 refellendum
1340 1129 1709 1193 decernimus,
1750 1141 1801 1184 et
1853 1130 2017 1184 simili
2052 1147 2141 1186 ra-

556 1219 725 1273 tione.
763 1217 1080 1275 Dividamus
1108 1221 1376 1275 orationis
1413 1231 1781 1291 segmentum,
1808 1237 1918 1292 quo
1949 1227 2141 1278 adver-

554 1311 690 1366 sarii
725 1310 874 1365 ducti
908 1313 1283 1380 pronuntiant,
1309 1330 1417 1367 non
1453 1315 1638 1369 omnia
1668 1315 1969 1383 theologica
1994 1317 2140 1372 dicta

555 1402 740 1470 magni
774 1401 977 1461 Basilii
1022 1404 1331 1458 ﬁrmitatem
1370 1405 1594 1468 habere,
1644 1416 1697 1460 et
1748 1408 1997 1474 praesenti
2039 1409 2142 1464 hoc

556 1503 744 1548 nostro
774 1510 1027 1550 sermone
1077 1496 1381 1552 referamus
1413 1514 1427 1549 :
1462 1507 1575 1551 tum
1620 1509 1807 1567 postea
1838 1515 1961 1570 quae
1989 1501 2054 1554 de
2076 1515 2137 1555 ea

556 1585 719 1640 nobis
749 1586 1024 1650 videntur,
1066 1601 1405 1656 regeremus,
1458 1589 1539 1644 sic
1569 1589 1880 1645 auditorum
1913 1594 2142 1647 rectitu-

555 1676 669 1729 dini
718 1676 1141 1741 decernendum,
1181 1679 1576 1749 relinquemus,
1626 1697 1694 1736 an
1726 1684 1912 1737 omnia
1959 1686 2139 1754 magni

554 1764 743 1820 Basilii
784 1770 926 1823 dicta
971 1772 1274 1839 theologica
1334 1773 1647 1830 ﬁrmitatem
1704 1777 1963 1844 habeant,
1995 1780 2139 1848 quod

555 1856 647 1912 ille
690 1859 1021 1917 dictionibus
1062 1879 1201 1945 usus
1249 1874 1336 1919 est
1380 1868 1490 1920 alio
1518 1877 1683 1936 atque
1734 1869 1844 1924 alio
1899 1880 2145 1941 tempore

555 1948 789 2004 diversis
813 1990 830 2015 ,
878 1951 1167 2009 adversus"
1187 1968 1409 2013 exortas
1455 1960 1620 2013 certis
1652 1961 1993 2029 temporibus
2030 1964 2143 2018 ha:-

555 2056 705 2096 reses
762 2043 1072 2098 decertans.
1134 2046 1199 2101 Et
1250 2048 1361 2116 jam
1411 2050 1512 2105 hoc
1546 2051 1723 2120 ipsum
1779 2063 2141 2122 prmstantes,

556 2133 822 2187 orationis
862 2145 1205 2205 segmentum
1258 2142 1643 2198 exscribimus.
1685 2162 1703 2195 ι
1742 2145 1921 2215 Atque
1974 2163 2147 2216 quan-

557 2225 648 2278 diu
669 2226 884 2293 quidem
914 2231 1173 2285 adversus
1186 2246 1580 2301 consurgentes
1619 2237 1786 2291 variis
1809 2241 2149 2308 temporibus

560 2320 744 2373 varias
802 2321 1184 2377 haereticorum
1248 2325 1518 2381 lat-tiones
1593 2332 1947 2399 pugnandum
2024 2332 2144 2402 fuit,

557 2423 768 2473 eorum,
790 2427 818 2464 a
841 2413 1043 2481 quibus
1069 2416 1121 2468 in
1146 2428 1419 2471 certamen
1446 2422 1804 2487 provocabar,
1835 2424 1886 2477 in
1914 2424 2147 2481 dicendo

557 2503 682 2572 Styli
703 2505 948 2571 remigiis
979 2506 1260 2571 insistens,
1288 2523 1634 2580 consequens
1659 2528 1782 2567 esse
1809 2516 2144 2582 arbitrabar,

557 2604 617 2647 ut
644 2595 695 2647 ei
739 2596 1035 2663 impietatis
1089 2600 1250 2667 pesti,
1301 2616 1465 2670 quam
1523 2604 1778 2659 diabolus
1829 2608 2144 2675 seminaret,

557 2686 803 2753 ejusdem
828 2688 969 2743 modi
1001 2692 1268 2758 oppositis
1298 2692 1398 2761 ipsi
1430 2695 1713 2749 vocabulis
1740 2696 1951 2751 obviam
1986 2700 2143 2764 irem,

556 2787 613 2832 et
650 2780 961 2838 maledicta.
994 2799 1117 2851 qna:
1148 2785 1201 2836 in
1240 2783 1405 2837 Deum
1436 2787 1561 2841 inde
1591 2800 1949 2845 nascerentur
1974 2794 2147 2861 repri-

558 2885 792 2935 lllCt'etll,
815 2876 898 2923 vt-I
928 2874 1089 2927 etiam
1121 2878 1335 2945 penitus
1360 2877 1657 2934 refutarem
1701 2899 1714 2935 :
1754 2890 1809 2935 et
1837 2883 1958 2936 aliis
1988 2883 2146 2949 alias,

559 2972 724 3028 prout
760 2965 1011 3021 videlicet
1054 2968 1325 3023 ltmreseos
1389 2975 1579 3026 morbo
1635 2973 2002 3029 laborantium
2037 2977 2147 3030 uti-

557 3051 684 3106 litas
754 3057 1065 3112 necessario
1126 3060 1412 3117 videbatur
1476 3064 1776 3134 postulare,
1844 3075 2008 3137 atque
2061 3066 2149 3122 his

2172 1819 2220 1879 Β

2242 576 2384 630 κατά
2417 576 2610 647 καιρὸν
2645 575 2888 645 αἱρέσεις
2933 567 3362 641 ἀγωνιζόμενον.
3404 586 3423 619 ι
3469 567 3578 621 Καὶ
3630 568 3792 634 οἱμὲν

2237 670 2433 723 ταῦτα.

2312 759 2383 830 β’.
2435 759 2629 829 Ἦμεῖς
2663 758 2741 819 δὲ,
2775 758 2912 827 πρὸς
2948 758 3051 825 τὴν
3117 756 3374 827 ἀχάλινον
3403 755 3578 826 ὁρμὴν
3606 753 3791 806 τούτων

2241 853 2685 924 ἀντιφερόμενοι,
2717 853 2829 904 δεῖν
2859 851 3113 921 ἔγνωμεν
3146 852 3219 921 μὴ
3249 850 3438 912 ἁπλῶς
3467 848 3608 901 οὕτω
3634 849 3721 901 καὶ
3744 845 3793 909 ἐξ

2240 946 2435 1017 ἐράνου
2500 944 2674 998 ἀλλων
2738 943 2950 1016 ῥήσεων
3006 942 3317 1014 γραφικῶν,
3382 941 3497 995 ἀλλ’
3554 941 3608 1006 ἐξ
3647 938 3793 992 αὐτοῦ

2242 1040 2457 1093 ἐκείνου
2489 1038 2584 1092 τοῦ
2627 1037 2887 1107 ῥηθέντος
2924 1036 3088 1103 λόγου
3128 1037 3222 1089 τὸν
3272 1035 3497 1102 ἔλεγχον
3530 1032 3619 1085 τοῦ
3655 1032 3797 1084 τόσου

2241 1132 2471 1202 ψεύδους
2503 1131 2861 1201 ποιήσασθαιο
2920 1129 3256 1199 ποιήσασθαι
3313 1127 3369 1181 δὲ
3411 1125 3574 1179 οὕτω⁹
3613 1123 3797 1176 Διελεῖν

2248 1224 2346 1297 μὲν
2374 1225 2476 1291 τὴν
2510 1224 2607 1277 τοῦ
2636 1224 2799 1291 λόγου
2832 1223 3169 1293 περικοπὴν,
3198 1222 3257 1286 ἐξ
3310 1215 3379 1291 ἧς
3426 1222 3539 1283 τοῖς
3569 1220 3635 1273 δι’
3662 1219 3801 1270 ἐναν-

2243 1320 2363 1381 cla;
2411 1319 2589 1371 εἰπεῖν
2645 1318 2841 1384 γέγονε
2888 1314 2963 1387 μὴ
3001 1316 3112 1368 δεῖν
3168 1315 3268 1374 τὰς
3296 1316 3513 1375 ἁπάσας
3541 1311 3801 1380 θεολογίας

2244 1410 2338 1463 τοῦ
2373 1409 2610 1478 μεγάλου
2644 1409 2932 1462 Βασιλείου
3000 1408 3062 1460 τὸ
3115 1407 3337 1477 βέϐαιον
3400 1406 3569 1475 ἔχειν,
3601 1405 3690 1456 καὶ
3734 1402 3802 1467 τῷ

2246 1502 2480 1572 παρόντι
2508 1501 2652 1571 λόγῳ
2676 1499 2884 1570 ταύτην
2935 1499 3396 1568 ἐγκαταπρῶσαι
3422 1514 3438 1530 ·
3477 1495 3802 1564 ἀπολογήσα-

2247 1595 2374 1649 σθαι
2405 1595 2463 1649 δὲ
2493 1596 2562 1647 τά
2601 1596 2695 1647 ἐπὶ
2727 1593 2903 1666 ταύτῃ
2941 1592 3200 1646 δοκοῦντα
3226 1593 3382 1663 ἡμῖν,
3425 1590 3521 1641 καὶ
3555 1588 3692 1642 οὕτω
3718 1586 3802 1653 τῆς

2245 1686 2358 1741 τῶν
2390 1686 2683 1757 ἀκροατῶν
2715 1685 3027 1756 ἀναρτῆσαι
3078 1684 3384 1752 εὐθύτητος
3422 1682 3484 1735 τδ
3513 1679 3800 1747 διαγνῶναι.

2249 1777 2364 1847 εῖγε
2396 1777 2461 1848 δὴ
2492 1778 2567 1848 μὴ
2620 1779 2680 1831 τὸ
2738 1777 2958 1849 βέϐαιον
3015 1777 3117 1839 τὰς
3178 1776 3401 1837 ἁπάσας
3455 1774 3549 1827 τοῦ
3586 1770 3801 1841 μεγάλου

2250 1871 2538 1926 Βασιλείου
2575 1871 2722 1941 ἔχειν
2776 1868 3085 1939 θεολογίας,
3126 1869 3217 1923 διὰ
3266 1868 3330 1921 τὸ
3367 1867 3581 1933 λέξεσιν
3615 1865 3801 1916 ἐκεῖνον

2252 1963 2563 2034 χρήσασθαι
2585 1962 2778 2017 ἄλλοτε
2815 1962 3005 2025 ἄλλαις
3031 1962 3168 2030 πρὸς
3201 1960 3302 2023 τὰς
3336 1958 3478 2012 κατά
3526 1956 3708 2028 καιρὸν
3734 1954 3804 2005 αἱ·

2251 2055 2429 2126 ρέσεις
2461 2054 2889 2124 ἀγωνιζόμενον.
2923 2056 3031 2108 Καὶ
3061 2053 3126 2123 δὴ
3158 2053 3319 2105 τοῦτο
3360 2044 3804 2110 ποιοῦντες,οὐτω
3830 2080 3836 2085 ι

2248 2147 2347 2216 τὴν
2377 2146 2635 2215 τοιαύτην
2668 2145 2765 2199 τοῦ
2800 2144 2964 2213 λόγου
2999 2143 3310 2216 περικοπὴν
3338 2141 3438 2196 ὡδὶ
3469 2138 3794 2206 ὲκτιθέμεθα.

2253 2259 2276 2293 ε
2319 2240 2468 2303 Ἕως
2511 2239 2610 2309 μὲν
2645 2235 2737 2293 οὖν
2790 2238 3157 2308 ἀγωνίζεσθαι
3208 2236 3350 2305 πρὸς
3384 2236 3483 2298 τὰς
3538 2235 3806 2286 ἐπανιστα-

2254 2334 2423 2405 μένας
2470 2332 2614 2386 κατά
2659 2331 2852 2402 καιρὸν
2879 2327 3121 2401 αἱρέσεις
3161 2328 3356 2400 ἐχρῆν,
3391 2327 3678 2396 ἑπομένοις
3713 2323 3805 2382 τοῖς

2251 2426 2650 2496 προειληφόσιν
2703 2423 3000 2477 ἀκόλουθον
3052 2421 3306 2493 ἡγούμην
3359 2423 3427 2491 τῇ
3471 2415 3698 2486 διαφορᾷ
3724 2414 3806 2481 τῆς

2252 2514 2730 2586 ἔπισπειρομένης
2798 2515 2908 2568 ὑπὸ
2956 2514 3054 2568 τοῦ
3118 2515 3371 2568 διαϐόλου
3429 2512 3679 2573 ἀσεϐείας
3706 2508 3806 2567 ταῖς

2250 2605 2558 2665 ἀντιθέτοις
2585 2608 2795 2674 φωναῖς
2851 2603 3168 2675 κωλύειν,ἢ
3211 2606 3306 2657 καὶ
3360 2603 3686 2672 ἀνατρέπειν
3721 2596 3806 2657 τὰς

2252 2697 2698 2767 ὲπεισαγομένας
2730 2696 3111 2768 βλασφημίας,
3149 2699 3242 2751 καὶ
3262 2695 3462 2751 ἄλλοτε
3513 2694 3714 2755 ἄλλαις,
3745 2689 3804 2749 ὡς

2251 2793 2318 2845 ἂν
2348 2794 2381 2859 ἡ
2416 2791 2576 2860 χρεία
2628 2790 2737 2844 τῶν
2773 2791 3078 2843 νοσούντων
3118 2791 3535 2860 κατηνάγκασε.
3586 2785 3674 2840 καὶ
3698 2781 3803 2838 ratio

2250 2902 2375 2947 ταις
2406 2884 2670 2947 πολλάκις
2697 2883 2971 2954 ἀγράφοις
3027 2883 3150 2952 μὲν,
3183 2884 3338 2951 ὅμως
3370 2882 3414 2936 δ’
3453 2879 3546 2934 οὖν
3567 2880 3664 2932 οὐκ
3686 2879 3804 2931 ἀπε·

2256 2977 2587 3048 ξενωμέναις
2611 2978 2708 3046 τῆς
2731 2976 2982 3046 κατᾶτὴν
3000 2976 3225 3045 Γραφὴν
3244 2975 3508 3040 εὐσεϐοῦς
3532 2971 3796 3032 διανοίας.»

2253 3073 2443 3126 Ταῦτα
2479 3073 2582 3142 μὲν
2615 3074 2648 3141 ἡ
2675 3070 3043 3143 περικοπὴ·ὲξ
3080 3066 3147 3143 ἧς
3193 3071 3310 3133 τοῖς
3350 3069 3420 3123 δι’
3455 3065 3696 3126 ἐναντίας
3742 3060 3807 3112 ει-

555 3161 935 3213 smpenumero
984 3151 1294 3220 ejusmodi,
1342 3169 1465 3224 qua:
1523 3156 1652 3211 licet
1691 3158 1745 3212 in
1797 3169 2146 3216 sacrosancta

2260 3166 2386 3219 πεῖν
2438 3165 2635 3233 γέγονε
2698 3165 2775 3235 μὴ
2812 3165 2922 3217 δεῖν
2969 3164 3072 3226 τὰς
3118 3162 3346 3225 ἁπάσας
3406 3158 3679 3228 θεολογίας
3724 3145 3804 3205 τοῦ

560 3238 847 3306 Scriptura
882 3257 1151 3312 nusquam
1213 3247 1589 3314 reperirentur
1613 3289 1627 3313 ,
1657 3264 1686 3303 a
1726 3251 1816 3319 pio
1849 3259 2056 3311 tamen.
2093 3259 2149 3306 ct

2260 3255 2502 3322 μεγάλου
2536 3255 2824 3309 Βασιλείου
2856 3255 2918 3308 τὸ
2949 3254 3169 3325 βέϐαιον
3200 3253 3375 3324 ἔχειν,

558 3337 767 3391 sanctis
794 3336 1012 3393 Litteris
1039 3350 1408 3397 consentaneo
1434 3359 1597 3398 sensu
1659 3346 1979 3415 neutiquam
2011 3346 2395 3405 abhorrerent.
2440 3369 2459 3402 ι
2491 3348 2558 3403 Ει
2615 3351 2732 3406 haec
2808 3350 3165 3405 continentur
3208 3348 3262 3402 in
3313 3348 3605 3418 pericope,
3635 3339 3806 3412 qniblls

557 3428 863 3484 adverSarii
896 3440 1166 3486 conantur
1188 3436 1605 3505 (comprobare,
1648 3436 1906 3491 universa
1941 3436 2252 3506 theologica
2309 3440 2491 3509 magni
2528 3439 2714 3496 Basilii
2743 3438 2928 3496 "dicta
2998 3440 3150 3494 ﬁrma
3185 3454 3250 3494 ac
3312 3438 3534 3495 stabilia
3568 3430 3806 3492 censendi

560 3538 670 3578 non
707 3514 831 3575 esSc
863 3537 880 3574 :

633 3619 687 3674 5.
721 3619 788 3673 At
820 3628 898 3684 tu,
935 3622 1024 3691 qui
1053 3622 1218 3693 judex
1254 3623 1306 3677 in
1338 3625 1443 3680 hoc
1479 3626 1783 3681 certamine
1816 3624 1996 3685 sedes,
2022 3636 2158 3678 con-

563 3713 762 3779 sidera,
805 3728 1166 3785 accurateque
1206 3719 1515 3788 perpende,
1567 3735 1676 3789 quo
1705 3728 1866 3788 pacto
1897 3716 2154 3771 refutatio

564 3818 791 3873 nostra,
828 3825 933 3862 non
978 3826 1009 3864 e
1048 3810 1208 3881 longe
1255 3813 1437 3882 petitis
1466 3853 1481 3878 ,
1517 3820 1572 3866 et
1603 3812 1795 3867 alienis
1851 3811 2149 3881 scripturis

564 3900 918 3962 concinnata,
962 3898 1056 3958 s‘ed
1086 3917 1152 3956 ex
1183 3903 1248 3956 iis
1283 3903 1454 3972 ipsis,
1489 3919 1611 3973 qu:e
1643 3914 1871 3959 sanctus
1905 3918 2151 3972 pronun-

566 3991 723 4046 tiarit
757 3992 809 4046 in
842 3993 957 4065 ipsa
979 3996 1248 4050 orationis
1277 3996 1419 4050 serie
1451 3996 1559 4051 illis
1587 4006 1866 4051 occurrat.
1903 3996 2150 4065 Namque

566 4096 693 4136 cum
731 4084 981 4147 dixisset,
1032 4105 1050 4137 ι
1088 4086 1448 4156 Consequens
1481 4103 1603 4142 esse
1648 4088 1979 4150 arbitrabar,
2015 4096 2074 4141 ut
2102 4091 2153 4142 ei

567 4179 863 4249 impietatis
894 4181 1074 4249 pesti,
1126 4197 1289 4250 quam
1331 4181 1580 4236 diabolus
1629 4182 1947 4244 seminaret,
2003 4180 2149 4250 ejus-

567 4274 690 4328 dem
722 4275 866 4328 modi
898 4276 1167 4345 oppositis
1200 4275 1300 4343 ipsi
1351 4275 1632 4329 vocabulis
1688 4275 1903 4328 obviam
1955 4273 2066 4330 ire.
2099 4283 2153 4327 et

568 4365 879 4428 maledicta,
934 4380 1055 4431 quae.
1105 4365 1156 4418 in
1191 4363 1357 4418 Deum
1411 4363 1537 4418 inde
1564 4372 1942 4422 nascerentur,
1976 4362 2148 4430 repri-

566 4471 740 4520 mere,
771 4458 894 4511 aliis
944 4457 1101 4519 alias,
1133 4465 1295 4525 prout
1341 4456 1595 4509 videlicet
1647 4455 1921 4509 haereseos
1953 4456 2147 4507 morbo

2330 3628 2402 3689 γ’.
2460 3622 2534 3675 Σὺ
2597 3621 2655 3675 δὲ
2702 3623 2870 3684 ότοῖς
2914 3620 3185 3690 παροῦσιν
3255 3621 3471 3689 ἀγῶσιν
3536 3616 3806 3679 ἐνδιαιτῶν,

2252 3712 2411 3785 ἄθρει
2459 3714 2546 3785 δὴ,
2615 3714 2710 3767 καὶ
2775 3712 3023 3783 ἀκριϐῶς
3093 3714 3407 3778 διασκόπει,
3472 3717 3665 3779 ὅπωςό
3695 3708 3805 3779 παρ’

2252 3806 2410 3877 ἡμῶν
2443 3806 2667 3877 ἐλεγχος
2707 3806 2893 3869 αὐτοῖς
2950 3806 3170 3877 ἀπαντᾷ
3214 3807 3275 3859 οὐ
3313 3809 3599 3880 πόρρωθεν
3645 3805 3732 3858 καὶ
3757 3799 3804 3863 ἐξ

2251 3900 2430 3954 ἀλλων
2453 3901 2823 3971 ὴρανισμένος
2880 3900 3130 3971 γραφῶν.
3198 3902 3318 3955 ἀλλ’
3371 3902 3430 3969 ἐξ
3479 3901 3650 3955 αὐτῶν
3685 3892 3803 3951 ὧνὸ

2251 3994 2413 4061 ἅγιος
2445 3993 2552 4063 ἔφη
2582 3992 2675 4045 τοῦ
2704 3994 2868 4061 λόγου
2909 3993 3039 4046 καθ’
3066 3994 3260 4065 εἱρμὸν
3292 3997 3601 4066 προϊόντος.
3643 3989 3804 4045 Εἰπὼν

2258 4087 2370 4155 γὰρ
2400 4104 2419 4137 ι
2485 4085 2807 4139 Ἀκόλουθον
2861 4084 3115 4157 ἡγούμην
3164 4088 3230 4156 τῇ
3280 4086 3516 4159 διαιρορᾷ
3572 4086 3666 4154 τῇς
3698 4087 3803 4134 ὲπι-

2259 4177 2632 4248 σπειρομένῃς
2654 4177 2761 4230 ὐπὸ
2784 4177 2877 4230 τοῦ
2913 4178 3163 4231 διαϐόλου
3200 4179 3462 4242 ἀσεϐείας
3523 4180 3643 4238 ταῖς
3676 4177 3804 4227 ἀντι-

2254 4270 2429 4334 θέτοις
2461 4273 2666 4339 φωναῖς
2689 4270 2939 4335 κωλύειν,
2967 4271 3000 4341 ἢ
3041 4272 3136 4324 καὶ
3167 4271 3500 4343 ἀνατρέπειν
3530 4269 3625 4332 τὰς
3648 4270 3804 4320 ὲπεισ·

2251 4363 2529 4431 αγομένας
2574 4363 2955 4435 βλασφημίας,
3005 4363 3098 4416 καὶ
3123 4362 3314 4417 ἄλλοτε
3355 4365 3568 4429 ἄλλαις,
3602 4361 3672 4422 ὡς
3699 4356 3804 4422 ἆνὴ

2252 4454 2409 4525 χρεία
2432 4454 2542 4508 τῶν
2568 4453 2872 4507 νοσούντων
2891 4453 3336 4523 κατηνάγκασεν,
3377 4473 3395 4506 ι
3426 4455 3616 4521 ἐπάγει
3645 4447 3803 4506 εὐθὺς.

567 4547 936 4602 laborantium
1004 4548 1213 4602 utilitas
1258 4545 1572 4601 necessario
1631 4545 1918 4598 videbatur
1962 4553 2146 4613 postu-

2265 4524 2284 4599 ι
2323 4547 2417 4600 καὶ
2446 4547 2677 4610 ταύταις
2705 4545 2972 4609 πολλάκις
3017 4547 3292 4615 ἀγράφοις
3337 4548 3459 4617 μὲν,
3483 4547 3627 4614 ὅμως
3654 4541 3696 4594 δ’
3724 4535 3804 4589 οὖν

568 4640 704 4701 lare,
743 4659 761 4691 ι
797 4640 979 4694 statim
1025 4638 1336 4700 subnectit,
1375 4655 1394 4688 ι
1436 4649 1596 4704 atque
1644 4636 1732 4690 his
1773 4651 2150 4705 smpeuumero

566 4726 862 4795 ejusmodi,
897 4742 1019 4795 quae
1054 4725 1181 4779 licet
1217 4726 1268 4778 in
1297 4732 1653 4779 sacrosancta
1689 4723 1971 4791 Scriptura
2021 4739 2150 4777 nus-

569 4836 734 4891 quam
760 4820 1152 4887 reperirentur,
1202 4832 1231 4871 a
1265 4818 1353 4886 pio
1381 4827 1560 4870 tamen
1610 4825 1664 4870 ct
1697 4819 1900 4871 sanctis
1929 4814 2152 4872 Litteris

568 4933 942 4978 Consentaneo
993 4935 1154 4973 sensu
1206 4918 1524 4984 neutiquam
1572 4920 1949 4973 abhorrerent.
1996 4938 2013 4969 ι
2049 4920 2149 4983 Qui

570 5019 757 5085 itaque
782 5011 1115 5068 dictionibus
1146 5013 1350 5081 scripto
1393 5012 1615 5065 minime
1651 5014 1861 5085 traditis
1896 5030 1954 5068 se
1990 5030 2149 5066 usum

571 5110 793 5168 fatetur,
822 5102 1096 5171 simulque
1136 5103 1730 5158 contestatur'easdem
1778 5120 1958 5174 neque
1994 5118 2152 5168 pere-

550 5202 775 5268 -giiuas,
810 5210 987 5263 neque
1012 5195 1220 5249 alienas
1244 5211 1367 5251 esse
1395 5212 1422 5248 a
1456 5195 1544 5264 pio
1589 5211 1868 5249 sacrarum
1903 5196 2155 5267 Scriptu-

570 5305 754 5345 rarum
784 5303 974 5351 sensu,
1016 5286 1293 5356 quomodo
1321 5288 1516 5357 dignus
1565 5288 1748 5350 fuerit,
1800 5290 1886 5341 cui
1921 5290 1970 5341 iu
2011 5305 2146 5341 nouo

572 5382 740 5435 nullis
777 5396 839 5435 ex
880 5380 1040 5434 dictis
1095 5379 1212 5433 suis
1265 5380 1589 5448 theologieis
1654 5381 1787 5434 ﬁdes
1840 5382 2148 5434 adhibenda

571 5489 680 5527 mn
723 5471 825 5527 sit?
854 5469 1099 5538 Namque
1162 5469 1285 5523 licet
1320 5477 1383 5522 ad
1444 5470 1590 5524 illius
1643 5478 1893 5537 tempora
1946 5473 2151 5539 εει-ἱριο

568 5565 903 5631 consignatae
948 5577 1011 5617 ex
1048 5561 1131 5615 his
1176 5561 1509 5614 dictimiihus
1552 5561 1822 5629 quaepiam
1870 5558 2011 5613 forte
2039 5578 2147 5615 non

571 5654 703 5718 sint,
733 5664 970 5709 attamen
1010 5668 1136 5708 cum
1181 5666 1275 5706 eas
1324 5666 1354 5704 a
1390 5653 1589 5720 pietate
1630 5650 1836 5703 alienas
1866 5667 1972 5702 non
2004 5667 2146 5714 esse,

570 5763 795 5805 Sanctus
847 5751 963 5820 ipse
1012 5758 1393 5811 contestctur,
1458 5744 1565 5799 illis
1620 5745 2013 5799 attcndemlnm
2068 5761 2153 5802 es:

572 5857 727 5910 reque
756 5856 918 5913 atque
943 5842 1085 5905 aliis,
1114 5855 1252 5909 quas
1280 5852 1407 5893 ante
1436 5837 1612 5906 ipsum
1654 5836 1869 5904 pietatis
1900 5839 2150 5894 doctores

2255 4642 2356 4695 οὐκ
2395 4640 2842 4709 ἀπεξενωμέναις
2867 4641 2967 4710 τῆς
2994 4640 3136 4692 κατά
3173 4641 3272 4710 τὴν
3310 4641 3537 4710 Γραφὴν
3569 4627 3802 4688 εὐσεϐοῦς

2255 4733 2517 4794 διανοίας.
2579 4749 2599 4783 ›
2645 4731 2706 4784 Ὃ
2755 4731 2887 4799 γοῦν
2950 4731 3161 4798 λέξεσιν
3209 4732 3482 4800 ἀγράφοις
3549 4720 3804 4795 ὁμολογῶν

2257 4827 2589 4898 χρήσασθαι,
2621 4826 3131 4897 διαμαρτυρόμενος
3175 4826 3231 4879 δὲ
3398 4819 3799 4889 ἀπεξενωμένπς

2258 4914 2396 4972 εἶναι
2433 4920 2607 4981 αὐτὰς
2655 4921 2755 4989 τῆς
2795 4921 2939 4972 κατὰ
2989 4919 3088 4988 τὴν
3143 4918 3370 4989 Γραφὴν
3426 4914 3676 4974 εὐσεϐοῦς
3707 4910 3809 4961 δια-

2257 5011 2425 5075 νοίας,
2456 5009 2573 5074 πῶς
2606 5010 2670 5063 ἂν
2711 5011 2796 5081 εἴη
2832 5011 3044 5072 δίκαιος
3076 5010 3168 5063 ἐπί
3202 5029 3309 5063 τινι
3344 5012 3451 5063 τῶν
3486 5008 3613 5076 παρ’
3657 4994 3805 5056 αὐτοῦ

2258 5104 2694 5175 θεολογηθέντων
2717 5105 3165 5167 διαπιστεῖσθαι;
3204 5104 3264 5156 Εἰ
3309 5084 3420 5173 γάῥ
3454 5102 3546 5154 καὶ
3589 5098 3805 5163 ἄγραφοι

2260 5198 2458 5268 μέχρις
2506 5197 2722 5249 ἐκείνου
2781 5197 2943 5267 τυχὸν
2998 5196 3145 5259 τινὲς
3205 5195 3455 5265 ὑπῆρχον
3480 5192 3584 5246 τῶν
3625 5184 3806 5245 λέξεων

2256 5291 2484 5349 τούτων,
2514 5289 2629 5341 ἀλλ’
2662 5289 2787 5341 ἐπεὶ
2816 5291 2916 5341 οὐκ
2940 5289 3363 5358 ἀπεξενωμένας
3400 5286 3499 5355 τῆς
3547 5273 3804 5334 εὐσεϐείας

2256 5384 2460 5445 ταύτας
2494 5386 2520 5435 ό
2556 5385 2711 5450 ἆγιος
2753 5384 3045 5452 μαρτυρεῖ,
3086 5379 3230 5432 οὕτω
3264 5380 3348 5432 δεῖ
3397 5373 3680 5445 προσέχειν
3714 5361 3802 5415 αὐ-

2254 5481 2395 5538 ταῖς,
2427 5476 2501 5537 ὡς
2537 5476 2798 5537 ἐκείναις,
2826 5470 2915 5536 αἷς
2942 5475 2991 5525 οί
3028 5473 3135 5541 πρὸ
3162 5471 3326 5524 αὐτοῦ
3378 5463 3686 5522 διδάσκαλοι
3718 5466 3803 5517 της

2255 5568 2535 5631 εὐσεϐείας
2594 5571 2923 5638 ἐχρήσαντο.
2987 5567 3094 5617 Καὶ
3155 5566 3266 5635 γὰρ
3317 5560 3583 5616 κάκείνων
3618 5550 3800 5606 ἑκάστη

2258 5663 2473 5729 καιροῖς
2516 5661 2669 5723 ἰδίοις
2706 5660 2839 5727 πρὸς
2889 5658 3210 5729 ἀποτροπὴν
3269 5655 3376 5707 τῶν
3433 5643 3801 5717 ἀναφυομένων

2255 5754 2521 5822 αἱρέσεων
2548 5754 2819 5822 ἐλάμϐανε
2877 5752 2975 5813 τὰς
3006 5752 3205 5821 ἀρχὰς.
3240 5752 3356 5809 ταῖς
3397 5746 3494 5815 μὲν
3527 5732 3796 5794 συλλαϐαις

2258 5846 2387 5907 itm;
2445 5846 2503 5897 οὐ
2543 5843 2904 5913 διειλημμένη
2939 5845 3059 5905 ταῖς
3120 5842 3223 5911 πρδ
3252 5838 3409 5909 τῆσδε
3461 5836 3490 5905 ἢ
3536 5828 3688 5899 τῆσδε
3712 5833 3796 5885 της
