4054 6410
265 361 372 426 193

1289 354 1386 416 DE
1423 351 1940 414 PROCESSIONE
1980 352 2041 412 S.
2085 349 2474 411 SPIRITUS.

3416 343 3520 408 194

249 470 452 521 σίλειον
506 463 745 534 φανερὰν
802 460 1076 515 ἔκπτωσιν
1144 459 1245 531 τῆς
1294 459 1531 535 πίστεως
1589 456 1733 512 εἶναι
1784 458 1818 529 ἢ
1858 494 1867 522 ε

1971 457 2097 512 nbis
2152 457 2477 527 objicientes
2535 455 2970 513 eﬂ‘ormabimus.
3027 454 3522 525 Agedumzdicit0

248 561 478 613 ἀθετεῖν
533 574 585 610 τι
633 556 742 608 τῶν
815 550 1260 624 γεγραμμένων,
1323 549 1359 622 ἢ
1416 551 1729 618 ἐπεισάγειν
1783 551 1845 602 τὸ

267 649 345 719 μὴ
430 646 821 715 γεγραμμένον
848 684 864 710 ,
923 644 1017 695 καὶ
1099 641 1186 696 διὰ
1236 641 1299 693 τὸ
1352 640 1443 693 τὸν
1522 639 1845 693 Ἀπόστολον

258 736 641 807 απαγορεύειν
694 734 757 787 τὸ
813 734 1154 803 προσθεῖναι,
1193 731 1227 802 ἢ
1260 730 1492 799 ὑφελεῖν
1529 744 1581 782 1t
1616 732 1677 782 ὲν
1727 730 1849 792 ταῖς

266 829 667 890 θεοπνεύστοις
708 828 974 898 Γραφαῖς,
1031 826 1299 896 αἱρέσεως
1368 825 1468 894 τὴν
1527 821 1849 893 Ῥωμαϊκὴν

274 921 619 991 Ἐκκλησίαν
644 920 1013 990 γραφόμενος,
1048 919 1137 973 διὰ
1166 916 1328 971 τοῦτό
1368 932 1451 969 σοι
1486 915 1849 984 ὲγκαλοῦνται

266 1014 573 1082 Ῥωμαῖοι,
624 1012 709 1063 ὅτι
761 1010 871 1062 τῶν
932 1009 1186 1081 Γραικῶν
1243 1012 1301 1062 ὲν
1360 1008 1424 1061 τὸ
1486 1006 1740 1077 συμϐόλῳ
1787 1006 1850 1058 τὸ

261 1104 498 1173 Πνεῦμα
556 1104 620 1154 ὲκ
680 1101 777 1154 τοῦ
823 1102 1036 1171 Πατρὸς
1098 1102 1536 1172 ἐκπορευόμενον
1592 1098 1850 1169 ἀνομολοο

259 1196 538 1263 γούντων,
572 1192 962 1261 προστιθέασιν
988 1186 1161 1259 οὗτοι,
1194 1192 1289 1245 καὶ
1315 1194 1380 1244 ὲκ
1420 1191 1513 1245 τοῦ
1566 1191 1721 1244 Υίοῦ.
1742 1190 1850 1242 Ναὶ

257 1286 487 1347 πάντως
553 1285 643 1335 διὰ
694 1283 856 1334 τοῦτο
912 1284 1057 1351 ἐρεῖς
1110 1283 1480 1352 παραϐάσεως
1562 1279 1848 1344 εὐσεϐείας

262 1374 581 1446 γράφεσθαί
613 1390 698 1427 σοι
720 1373 812 1426 τὸν
848 1373 1073 1436 Ἰταλὸν,
1126 1374 1223 1426 κα)⁸
1252 1373 1349 1441 τὴν
1398 1371 1493 1424 τοῦ
1526 1370 1731 1424 οἰκείου
1762 1370 1850 1422 λό-

259 1486 363 1536 γου
400 1465 687 1530 ἀπόδειξιν
751 1465 1159 1535 ἐναργεστάτην
1211 1466 1307 1517 καὶ
1359 1462 1727 1534 ἁναμφίϐολον
1755 1460 1845 1533 oin

262 1555 440 1623 εἶναι,
469 1557 575 1628 τήν
612 1558 672 1609 ὲν
702 1556 1060 1624 Εὐαγγελίοις
1085 1555 1196 1627 ,τοῦ
1228 1556 1479 1626 Σωτῆρος
1547 1553 1846 1625 προτείνων

269 1650 489 1722 φωνὴν,
521 1652 583 1703 ἑν
682 1650 711 1702 ό
735 1648 929 1719 Σωτὴρ
972 1648 1100 1718 ἔφη,
1135 1666 1156 1701 ι
1186 1648 1249 1701 τὸ
1313 1648 1537 1719 Πνεῦμα
1586 1648 1684 1716 τῆς
1722 1647 1855 1714 ἁλη-

276 1740 513 1806 θείας,ὖ
546 1740 700 1812 παρὰ
740 1740 839 1793 τοῦ
892 1740 1107 1809 Πατρὸς
1140 1740 1526 1810 ἐκπορεύεται.
1568 1755 1587 1790 ι
1633 1736 1853 1805 Ἐπιφέ-

285 1850 407 1905 ρεις
469 1834 574 1904 γὰρ
618 1834 721 1900 ὡς,
753 1831 851 1886 τοῦ
905 1832 1158 1904 Σωτῆρος
1221 1831 1363 1885 οὕτω
1402 1848 1467 1900 γε
1495 1831 1799 1901 εἰρηκότος,
1825 1831 1855 1882 ό
1886 1813 1928 1869 Β

277 1925 591 1996 προστιθεὶς
638 1926 723 1991 τὸ,
779 1925 876 1977 καὶ
913 1926 979 1978 ὲκ
1009 1920 1104 1977 τοῦ
1168 1923 1322 1989 Υξοῦ,
1352 1924 1453 1994 τὴν
1477 1921 1853 1991 Εὑαγγελικὴν

274 2018 700 2089 παραχαράττει
768 2017 1053 2095 ἀλήθειαν,
1081 2017 1303 2080 καὶτὰς
1357 2015 1854 2087 ἀναγεγραμμένας

270 2110 374 2164 τοῦ
407 2111 654 2182 μεγάλου
696 2111 983 2164 Βασιλείου
1006 2110 1259 2179 περὶτῆς
1295 2108 1616 2181 προσθήκης
1671 2108 1855 2176 φωνὰς

264 2207 356 2270 είς
406 2203 767 2275 καταδρομὴν
826 2204 909 2257 ὅτι
952 2201 1154 2273 πολλὴν
1181 2202 1277 2255 τοῦ
1325 2201 1529 2255 Ἰταλοῦ
1577 2198 1854 2270 πανταχοῦ

267 2292 367 2348 τοῦ
403 2293 571 2364 λόγου
606 2293 927 2365 προφέρεις.

342 2491 419 2557 η’.
468 2484 616 2538 Ἀλλ’
644 2482 755 2539 ῐσθι
782 2482 989 2548 ὼςούκ
1022 2482 1266 2550 ἄλλοθεν,
1297 2480 1413 2535 ἀλλ’
1443 2481 1506 2547 ἐξ
1547 2479 1713 2534 αὐτοῦ
1754 2480 1853 2534 τοῦ

273 2576 381 2647 τῆς
409 2575 699 2645 θεολογίας
745 2578 989 2648 κήρυκος
1022 2576 1305 2629 Βασιλείου
1348 2575 1441 2628 τοῦ
1484 2574 1628 2628 πάνυ
1660 2574 1862 2645 ἀποισῃ

278 2667 379 2722 καὶ
413 2665 585 2720 πάλιν
609 2667 703 2719 τὸν
735 2665 980 2736 ἔλεγχον,
1025 2666 1215 2737 ὥσπερ
1244 2665 1339 2719 οὖν
1378 2667 1483 2719 κὰν
1514 2667 1631 2728 τοῖς
1661 2664 1860 2732 προτέο

276 2775 426 2827 ροις,
452 2757 553 2811 καὶ
580 2757 683 2810 οὐκ
712 2757 777 2822 ἐξ
799 2759 961 2811 αὐτοῦ
991 2758 1111 2829 μὲν,
1145 2760 1211 2810 ὲκ
1233 2758 1340 2810 τῶν
1362 2758 1419 2810 ἐν
1449 2757 1627 2820 ἄλλοις
1656 2757 1712 2810 δὲ
1743 2756 1862 2810 θεο-

274 2849 634 2919 λογηθέντων
685 2850 817 2913 ῐσως
854 2849 1025 2918 αὐτῷ,
1060 2849 1179 2904 ἀλλ’
1206 2850 1265 2915 ἐξ
1296 2850 1467 2919 αὐτῆς
1495 2851 1592 2920 τῆς
1626 2850 1684 2903 ἐν
1713 2849 1864 2920 αὗτῷ

273 2920 357 3012 τῷ
398 2941 573 3012 λόγῳ,
603 2936 774 3012 οὗπέρ
829 2944 937 2997 εῖσι
986 2942 1080 2995 καὶ
1111 2944 1167 2995 αί
1203 2942 1746 3013 προανατεταγμέναι
1770 2959 1868 2995 πε·

277 3034 540 3103 ρικοπαὶ,
574 3033 890 3105 ἐκδοθείσης
916 3032 1047 3103 παρ’
1079 3031 1246 3087 αὑτοῦ
1296 3033 1555 3097 πίστεως,
1588 3034 1713 3104 ήτις
1767 3033 1863 3086 καὶ

1952 550 2107 613 mihi,
2158 552 2409 619 quisquis
2441 548 2629 616 fueris,
2674 550 2792 620 qui,
2835 549 2981 618 quod
3025 562 3256 617 magnus
3288 546 3524 602 Basilius

1949 639 2134 693 lassus
2165 650 2267 704 est,
2300 640 2653 695 manifestum
2690 656 2816 695 esse
2860 639 3201 695 inlidelitatis
3224 652 3520 710 argumen-

1951 738 2089 796 tum,
2144 746 2209 784 ex
2260 729 2350 795 iis,
2405 746 2527 799 qua:
2585 731 2872 801 scriptioui
2929 732 3311 786 commendata
3366 738 3518 792 sunt,

1949 822 2156 892 aliquid
2184 823 2436 891 rejicere,
2473 822 2588 878 sive
2613 838 2677 878 ex
2710 823 2799 889 iis,
2836 839 2958 893 qua:
2988 823 3190 893 scripta
3221 836 3332 876 non
3367 828 3517 886 sunt,

1950 916 2342 980 introducere;
2416 924 2472 969 et
2540 916 2688 985 quod
2742 916 3045 985 Apostolus
3100 916 3355 984 prohibet
3428 921 3526 972 aut

1950 1008 2173 1071 addere,
2233 1018 2328 1061 aut
2377 1008 2599 1063 demere
2651 1007 2854 1077 aliquid
2906 1023 2969 1062 ex
3035 1010 3262 1063 numine
3327 1009 3526 1065 aﬂlatis

1949 1099 2270 1169 Scripturis,
2305 1100 2575 1155 haereseos
2607 1100 2814 1155 crimen
2841 1099 3101 1155 Romana:
3131 1102 3384 1157 Ecclesiae
3418 1118 3522 1172 ap-

1951 1192 2150 1261 pingis,
2206 1200 2601 1261 proptereaque
2662 1205 2788 1245 reos
2844 1193 2961 1261 agis
3018 1192 3313 1258 Romanos,
3376 1195 3525 1261 quod

1950 1282 2234 1337 Graecisin
2269 1280 2531 1351 Symbolo
2562 1281 2825 1350 Spiritum
2852 1297 2916 1335 ex
2948 1281 3109 1337 Patre
3138 1284 3524 1351 procedentem

1950 1374 2455 1442 pronuntiantibus,
2502 1374 2579 1428 illi
2626 1373 2859 1437 addunt,
2904 1383 2960 1427 et
3004 1390 3069 1427 ex
3120 1373 3279 1430 Filio.
3306 1375 3384 1429 lta
3441 1382 3532 1430 est

1949 1465 2209 1531 omnino,
2280 1465 2535 1533 inquies,
2589 1465 2896 1534 meritoque
2950 1474 3069 1518 ate
3120 1463 3311 1519 Italum
3358 1468 3528 1522 veluti

1951 1557 2170 1625 pietatis
2196 1557 2519 1611 violatorem
2545 1557 2818 1621 accusari,
2850 1557 3041 1626 tuique
3069 1559 3197 1612 dicti
3243 1561 3527 1628 probatio-

1952 1663 2076 1703 nem
2130 1648 2539 1718 apertissimam
2588 1663 2733 1715 esse,
2779 1658 2827 1703 et
2882 1663 3111 1718 prorsus
3161 1650 3529 1704 certissimam

1959 1740 2271 1805 arbitraris,
2319 1740 2691 1809 evangelicam
2746 1738 3053 1795 Servatoris
3085 1754 3273 1794 vocem
3324 1754 3530 1810 propo-

1957 1847 2114 1897 nens,
2154 1847 2264 1902 qua
2301 1830 2563 1887 Servator
2609 1831 3013 1903 pronuntiavit,
3053 1849 3072 1884 ι
3114 1820 3352 1901 Spii'itus
3382 1831 3530 1884 veri-

1957 1925 2104 1987 tatis,
2153 1925 2246 1994 qui
2304 1940 2335 1978 a
2381 1923 2543 1978 Patre
2585 1925 2829 1994 procedit
2856 1925 2923 1979 “.
2959 1941 2978 1974 ι
3016 1923 3191 1978 infers
3232 1923 3530 1993 siquidem,

1956 2017 2248 2073 Servatore
2306 2016 2382 2072 ita
2429 2026 2730 2081 asserente,
2778 2016 2873 2086 qui
2920 2016 3091 2081 addit,
3135 2015 3199 2070 Et
3246 2030 3315 2071 ex
3366 2015 3528 2081 Filio,

1956 2109 2328 2180 evangelicam
2375 2109 2662 2164 veritatem
2700 2109 3008 2175 adulterat;
3048 2117 3109 2162 ut
3138 2123 3301 2177 supra
3335 2107 3528 2164 allatas

1957 2202 2144 2273 magni
2193 2201 2379 2256 Basilii
2430 2216 2596 2258 voces
2669 2202 2739 2257 de
2815 2201 3133 2267 auditione,
3189 2202 3535 2256 vehementer

1957 2293 2156 2348 Italum
2212 2294 2595 2360 criminando,
2659 2294 2892 2365 singulis
2944 2294 3212 2349 orationis
3271 2293 3535 2346 membris
3588 2350 3593 2355 .

1959 2387 2135 2441 volvis
2165 2386 2528 2456 revolvisque.

2030 2478 2085 2532 8.
2121 2479 2508 2535 Verumtamen
2561 2480 2725 2545 scito,
2770 2494 2879 2533 non
2911 2493 2975 2533 ex
3005 2477 3152 2543 aliis,
3188 2477 3281 2532 sed
3307 2492 3374 2530 ex
3406 2475 3541 2546 ipsis

1962 2575 2145 2642 magni
2207 2572 2496 2641 theologia:
2549 2572 2816 2641 praeconis
2882 2570 3071 2625 Basilii
3111 2569 3295 2623 verbis
3340 2583 3532 2621 rursus

1962 2662 2315 2729 refutaberis,
2346 2664 2809 2732 quemadmodum
2841 2672 2896 2717 et
2928 2661 2994 2717 de
3021 2663 3141 2716 aliis
3170 2677 3333 2731 supra
3366 2677 3536 2730 expo-

1965 2757 2200 2822 suimus,
2240 2771 2417 2825 neque
2462 2770 2529 2808 ex
2565 2754 2761 2823 ipsius,
2807 2756 2900 2808 sed
2952 2756 3004 2807 in
3038 2754 3162 2809 aliis
3212 2753 3538 2807 tractatibus

1965 2851 2034 2905 ab
2053 2850 2245 2904 eodem
2277 2849 2344 2903 de
2391 2850 2553 2904 rebus
2578 2849 2779 2904 divinis
2809 2850 3066 2914 decretis,
3129 2848 3222 2903 sed
3255 2863 3320 2902 ex
3346 2848 3539 2902 eadem

1967 2944 2204 3013 metipsa
2233 2942 2507 3009 oratione,
2538 2940 2698 3011 cujus
2720 2951 2776 2995 et
2798 2956 2965 3012 supra
2996 2940 3230 2995 adducta
3259 2949 3539 3010 segmenta

1973 3042 2126 3100 sunt,
2172 3042 2228 3089 et
2254 3033 2363 3089 ﬁde
2418 3034 2474 3088 in
2512 3048 2577 3088 ea
2623 3033 2844 3097 tradita,
2895 3048 3017 3102 qua:
3043 3031 3190 3086 hunc
3226 3033 3280 3087 in
3322 3025 3541 3086 modum

274 3128 458 3190 οὕτως
480 3129 576 3181 ἐπὶ
598 3128 797 3196 λέξεων
825 3128 968 3201 ἔχει’
1006 3146 1025 3181 t
1058 3127 1340 3182 Βασιλείου
1372 3126 1590 3190 ἐκθεσις
1611 3128 1867 3190 πίστεως.

1976 3142 2076 3181 nec
2116 3126 2240 3180 aliis
2274 3124 2456 3180 verbis
2488 3124 2752 3194 producta
2782 3133 2888 3179 est.
2922 3141 2944 3175 ι
2981 3124 3267 3179 Credimus
3301 3124 3468 3194 igitur
3490 3131 3546 3177 et

278 3220 625 3289 Πιστεύομεν
674 3221 859 3276 τοίνυν
904 3222 996 3274 καὶ
1041 3220 1418 3291 ὁμολογοῦμεν
1449 3223 1529 3283 είς
1568 3222 1663 3273 ἕνα
1710 3221 1871 3290 μόνον

276 3309 572 3379 ἀληθινὸν,
626 3309 836 3378 ἀγαθὸν
866 3309 1020 3376 Θεὸν,
1057 3311 1278 3382 Πατέρα
1313 3312 1730 3380 παντοκράτορα
1753 3350 1768 3375 ,
1812 3308 1874 3374 ἐξ

273 3401 343 3458 οὗ
390 3401 464 3455 τὰ
516 3401 719 3467 πάντα,
774 3400 865 3455 τὸν
900 3401 1034 3455 Θεὸν
1085 3406 1178 3456 καὶ
1232 3404 1451 3471 Πατέρα
1516 3402 1609 3456 τοῦ
1664 3403 1869 3474 Κυρίου

278 3495 448 3565 ἡμῶν
497 3494 598 3548 καὶ
637 3491 775 3546 Θεοῦ
820 3492 994 3564 Ἰησοῦ
1038 3493 1274 3564 Χριστοῦ
1309 3510 1324 3525 ο
1385 3495 1479 3546 καὶ
1515 3495 1596 3557 είς
1641 3493 1738 3549 ἱνα
1781 3495 1872 3547 τὸν

283 3587 563 3655 μονογενῆ
599 3583 767 3638 αὐτοῦ
796 3584 948 3646 Υίὸν,
994 3585 1199 3657 Κύριον
1247 3585 1340 3638 καὶ
1372 3584 1504 3638 Θεὸν
1552 3585 1708 3655 ήμῶν
1770 3586 1875 3654 ’1η-

288 3679 422 3731 σοῦν
475 3674 740 3746 Χριστὸν,
809 3675 970 3746 μόνον
1015 3674 1291 3747 ἀληθινὸν,
1344 3676 1412 3730 δι’
1461 3667 1521 3728 οὗ
1565 3677 1633 3729 τὰ
1693 3678 1873 3731 πάντα

289 3772 532 3839 ἐγένετο,
565 3767 637 3821 τά
668 3783 727 3820 τε
753 3767 929 3838 όρατὰ
964 3769 1059 3820 καὶ
1090 3767 1161 3821 τὰ
1205 3768 1435 3836 ἀόρατα,
1482 3768 1577 3821 καὶ
1614 3770 1673 3820 ὲν
1719 3761 1764 3835 ᾧ
1802 3769 1873 3822 τὰ

299 3864 474 3916 πάντα
523 3862 862 3931 συνέστηκεν
890 3875 906 3890 ο
956 3858 1014 3922 ὃς
1049 3861 1109 3913 ὲν
1141 3860 1283 3931 ἀρχῇ
1328 3854 1398 3930 ἦν
1430 3861 1565 3930 πρὸς
1593 3866 1684 3912 τὸν
1715 3860 1869 3923 Θεὸν,

291 3953 386 4006 καὶ
409 3952 550 4015 Θεὸς
579 3946 671 4022 ἦν,
703 3951 797 4003 καὶ
823 3948 961 4021 μετὰ
1000 3948 1173 4002 ταῦτα
1197 3951 1337 4002 κατὰ
1376 3949 1474 4018 τὴν
1510 3946 1733 4019 Γραφὴν
1780 3950 1873 4002 ἐπὶ

283 4047 387 4116 τῆς
418 4045 530 4115 γῆς
563 4042 749 4113 ὤφθη,
781 4045 880 4097 καὶ
918 4043 1033 4105 τοῖς
1061 4041 1373 4113 ἀνθρώποις
1406 4042 1823 4112 συνανεστράφη
1856 4056 1871 4072 ο

280 4136 345 4201 ὃς
367 4140 432 4191 ὲν
472 4138 660 4207 μορφῇ
687 4134 826 4188 Θεοῦ
856 4134 1119 4205 ὑπάρχων
1162 4135 1263 4205 οὐχ
1290 4134 1586 4205 ἁρπαγμὸν
1629 4134 1874 4204 ἡγήσατο

279 4226 347 4278 τὸ
372 4220 522 4277 εἶναι
553 4224 646 4276 ῐσα
679 4222 821 4292 Θεῷ,
848 4223 966 4277 ἀλλ’
997 4224 1190 4277 ἑαυτὸν
1220 4223 1456 4275 ἐκένωσε
1476 4261 1492 4289 ,
1536 4225 1629 4276 καὶ
1658 4223 1747 4275 διὰ
1774 4226 1874 4294 τῆς

281 4321 353 4370 ὲκ
382 4314 676 4384 Παρθένου
712 4316 1019 4384 γεννήσεως
1052 4316 1269 4386 μορφήν
1293 4314 1483 4367 δούλου
1529 4311 1730 4380 λαϐὼν,
1779 4317 1873 4367 καὶ

286 4408 545 4478 σχήματι
576 4406 822 4476 εὑρεθεὶς
852 4406 929 4469 ὡς
972 4406 1282 4476 ἄνθρωπος,
1313 4407 1492 4461 πάντα
1527 4408 1594 4460 τὰ
1634 4408 1714 4469 είς
1739 4407 1872 4460 ἑαυ-

281 4470 537 4550 τὸν-’καὶ
577 4470 708 4566 περὶ
743 4493 939 4549 ἑαυτοῦ
985 4470 1351 4567 γεγραμμένα
1397 4497 1685 4568 ἐπλήρωσε
1731 4470 1951 4551 ita.th

287 4591 392 4658 τὴν
422 4584 657 4656 ἐντολὴν
686 4584 782 4639 τοῦ
819 4585 1056 4656 Πατρὸς,
1087 4587 1382 4656 γενόμενος
1426 4589 1666 4659 ὑπήκοος
1713 4590 1877 4660 μέχρι

290 4681 556 4743 θανάτου,
591 4679 823 4731 θανάτου
853 4678 910 4730 δὲ
951 4678 1211 4748 σταυροῦ.
1255 4680 1366 4731 Καὶ
1394 4683 1460 4751 τῇ
1491 4682 1650 4754 τρίτῃ
1691 4684 1877 4754 ἡμέρᾳ

291 4770 552 4840 ἐγερθεὶς
594 4772 663 4822 ὲκ
708 4771 918 4840 νεκρῶν
945 4772 1087 4823 κατὰ
1132 4771 1230 4834 τὰς
1266 4771 1511 4842 Γραφὰς,
1560 4771 1715 4843 ὤφθη
1765 4778 1878 4838 τοῖς

293 4864 477 4932 ἁγίοις
508 4860 676 4915 αὐτοῦ
703 4863 976 4931 μαθηταῖς
1026 4863 1123 4917 καὶ
1164 4865 1276 4927 τοῖς
1308 4867 1533 4931 λοιποῖς,
1569 4866 1644 4928 ὼς
1673 4866 1877 4934 γέγρα-

293 4971 453 5010 πται.
501 4953 699 5023 ’Δνέϐη
745 4969 804 5005 τε
852 4954 935 5017 είς
967 4956 1250 5024 οὐρανοὺς,
1286 4954 1382 5009 καὶ
1409 4956 1644 5026 κάθηται
1685 4957 1744 5008 ὲν
1786 4955 1876 5008 δε-

298 5047 392 5119 ξιᾷ
439 5046 542 5101 τοῦ
591 5046 827 5113 Πατρὸς,
877 5046 1003 5099 ὅθεν
1050 5046 1274 5117 ἔρχεται
1316 5048 1408 5102 ἐπὶ
1449 5048 1731 5118 συντελείᾳ
1777 5047 1875 5100 τοῦ

298 5141 500 5202 αἰῶνος
546 5138 765 5204 τούτου,
817 5138 1119 5208 ἀναστῆσαι
1179 5139 1389 5202 πάντας
1432 5140 1525 5193 καὶ
1579 5138 1877 5193 ἀποδοῦναι

298 5232 521 5301 ἑκάστῳ
551 5230 698 5283 κατὰ
726 5230 826 5299 τὴν
864 5230 1067 5300 πρᾶξιν
1104 5230 1271 5284 αὐτοῦ
1296 5246 1313 5262 ο
1347 5233 1436 5286 ὅτε
1461 5233 1513 5284 οί
1551 5233 1652 5303 μὲν
1673 5233 1877 5285 δίκαιοι

299 5322 822 5394 προσληφθήσονται
867 5324 951 5385 είς
999 5323 1146 5394 ζωήν
1194 5323 1415 5378 αἰώνιον
1446 5324 1542 5378 καὶ
1588 5324 1873 5393 βασιλείαν

302 5418 576 5488 οὐρανῶν,
612 5418 663 5468 0i
692 5417 752 5469 δὲ
774 5417 1097 5486 ἁμαρτωλοὶ
1139 5419 1638 5490 κατακριθήσονται
1668 5422 1751 5482 είς
1780 5420 1881 5472 κό·

302 5508 459 5561 λασιν
484 5506 730 5574 αἰώνιον,
767 5509 906 5561 ὅπου
946 5511 976 5562 ό
1029 5508 1246 5580 σκώληξ
1274 5511 1337 5563 οὐ
1366 5512 1615 5581 τελευτᾷ,
1666 5513 1762 5565 καὶ
1818 5512 1882 5564 τὸ

309 5597 420 5670 πῦρ
450 5599 515 5653 οὐ
541 5599 855 5656 σϐέννυται.
889 5601 1001 5654 Καὶ
1025 5601 1082 5653 ἓν
1113 5603 1273 5670 μόνον
1308 5603 1533 5673 Πνεῦμα
1571 5604 1747 5672 ἅγιον,
1786 5604 1881 5657 τὸν

380 5759 428 5791 ’⁸
447 5756 610 5813 Joan.
643 5773 731 5824 xv,
765 5744 860 5814 9.6.

1974 3225 2303 3273 conlitemnr
2359 3234 2527 3272 unum
2568 3218 2780 3283 solum,
2839 3224 2894 3271 et
2946 3231 3173 3280 verum,
3229 3224 3282 3269 ct
3341 3217 3542 3270 bonum
3581 3233 3589 3253 π

1975 3311 2168 3376 Deum,
2209 3320 2262 3362 et
2309 3310 2524 3364 Patrem
2575 3308 3027 3378 omnipotentem,
3063 3323 3130 3361 ex
3171 3322 3283 3377 quo
3331 3306 3541 3371 omnia,

1975 3404 2143 3458 Deum
2176 3401 2395 3456 Patrem
2445 3401 2662 3455 Domini
2695 3410 2749 3454 et
2789 3399 2882 3453 Dei
2920 3398 3095 3452 nostri
3132 3395 3260 3452 Jesu
3288 3397 3490 3452 Christi
3525 3412 3542 3450 :

1976 3496 2040 3549 Et
2085 3494 2311 3548 unicum
2357 3493 2696 3563 unigenitum
2747 3491 2866 3560 ejus
2915 3489 3133 3556 Filium,
3166 3488 3458 3541 Dominum
3491 3497 3545 3542 et

1974 3588 2145 3642 Deum
2195 3594 2447 3640 nostrum
2493 3583 2681 3640 Jesum
2726 3583 3032 3649 Christum,
3072 3582 3275 3647 solum,
3331 3596 3543 3645 verum,

1973 3695 2072 3749 per
2121 3694 2285 3747 quem
2341 3678 2523 3730 omnia
2568 3676 2714 3729 l‘acla
2765 3683 2934 3739 sunt,
2986 3674 3329 3742 visibiliaque
3383 3683 3547 3741 atque

1975 3770 2297 3833 invisibilia,
2352 3779 2407 3824 et
2438 3770 2492 3822 in
2528 3783 2640 3838 quo
2681 3772 2865 3820 omnia
2914 3774 3189 3829 constant,
3232 3764 3437 3832 quique
3487 3764 3545 3817 in

1973 3862 2247 3934 principio
2289 3873 2408 3916 erat
2442 3860 2584 3930 apud
2635 3858 2833 3924 Deum,
2889 3867 2946 3910 et
2982 3855 3128 3910 Deus
3175 3866 3296 3909 erat
3337 3863 3392 3907 et
3424 3865 3547 3921 post

1974 3958 2092 4011 haec
2134 3956 2436 4010 secundum
2480 3953 2796 4021 Scripturas
2846 3953 2903 4004 in
2937 3950 3099 4003 terris
3152 3950 3305 4001 visus
3350 3957 3457 4013 est,
3491 3956 3549 4001 et

1974 4064 2099 4104 cum
2166 4046 2488 4100 hominibus
2547 4052 2909 4098 conversatus
2977 4049 3080 4095 est.
3139 4038 3245 4105 Qui
3299 4054 3426 4092 cum
3489 4041 3545 4092 in

1974 4142 2152 4195 forma
2182 4139 2278 4192 Dei
2309 4147 2477 4205 esset,
2507 4154 2615 4191 non
2657 4136 2905 4206 rapinam
2949 4134 3250 4188 arbitratus
3281 4142 3368 4187 est
3417 4146 3542 4186 esse

1975 4252 2035 4301 se
2076 4234 2342 4303 aequalem
2386 4232 2520 4296 Deo,
2566 4230 2661 4285 sed
2720 4231 3075 4297 semetipsum
3117 4229 3423 4283 exinanivit
3454 4237 3551 4281 :et

1974 4343 2072 4397 per
2114 4326 2451 4379 nativitatem
2490 4338 2560 4376 cx
2599 4322 2816 4390 Virgine
2855 4321 3090 4375 [urinam
3131 4319 3275 4375 servi
3302 4335 3425 4374 cum
3458 4335 3551 4373 ac-

1977 4419 2234 4486 cepisset,
2265 4426 2319 4469 et
2343 4414 2535 4468 habitu
2566 4413 2820 4467 inventus
2857 4425 3004 4467 esset
3037 4422 3096 4466 ut
3130 4413 3313 4473 homo,
3339 4412 3549 4474 omnia,

1977 4526 2101 4580 qua;
2134 4510 2186 4563 in
2219 4512 2425 4577 ipsum,
2465 4518 2521 4562 et
2551 4506 2618 4560 de
2648 4505 2770 4575 ipso
2802 4507 3002 4576 scripta
3037 4507 3282 4573 fuerunt,
3310 4506 3553 4575 comple-

1980 4602 2085 4662 vit,
2130 4601 2431 4654 secundum
2486 4600 2799 4652 mandatum
2843 4596 3022 4654 Patris
3064 4596 3243 4653 factus
3290 4598 3551 4652 obediens

1981 4705 2154 4760 usque
2184 4691 2251 4744 ad
2283 4699 2538 4753 mortem,
2580 4700 2809 4742 mortem
2845 4697 3024 4743 autem
3067 4691 3268 4743 crucis.
3303 4689 3369 4743 Et
3403 4702 3545 4758 post-

1981 4799 2148 4852 quam
2177 4783 2335 4836 tertia
2363 4782 2453 4836 die
2488 4783 2880 4837 resurrexisset
2912 4797 2943 4835 a
2989 4784 3220 4837 mortuis
3248 4789 3540 4838 secundum

1983 4876 2320 4944 Seripturus,
2350 4874 2502 4928 visus
2546 4882 2630 4927 est
2674 4887 2705 4926 a
2758 4873 2968 4927 sanctis
2997 4872 3280 4943 discipulis
3319 4874 3457 4939 suis,
3499 4892 3541 4925 ei

1981 4966 2229 5035 reliquis,
2262 4964 2408 5019 sicut
2437 4963 2701 5031 scriptum
2724 4972 2807 5016 est
2833 4976 2849 5015 :
2882 4960 2951 5014 Et
2972 4962 3218 5017 ascendit
3246 4964 3300 5014 in
3323 4964 3549 5025 caelum,

1983 5068 2042 5112 et
2063 5060 2219 5113 sedet
2252 5056 2321 5111 ad
2349 5056 2633 5111 dexteram
2681 5054 2880 5117 Patris,
2918 5053 3062 5109 unde
3092 5065 3351 5108 venturus
3379 5067 3463 5107 est
3495 5055 3548 5108 in

1983 5148 2473 5206 consummatione
2502 5148 2689 5203 saeculi
2722 5146 2882 5217 hujus
2916 5147 2983 5202 ad
3017 5147 3337 5202 excitandos
3359 5154 3549 5200 omnes

1982 5252 2038 5297 et
2064 5242 2403 5296 reddendum
2438 5242 2735 5311 unicuique
2752 5242 2908 5311 juxta
2939 5256 3078 5311 opus
3112 5241 3261 5295 illius
3289 5241 3549 5309 :quando

1973 5333 2110 5399 justi
2140 5332 2361 5402 quidem
2410 5345 2763 5388 assumentur
2795 5333 2862 5388 ad
2892 5337 3057 5388 vitam
3109 5344 3394 5399 aeternam,
3425 5346 3552 5402 pec-

1980 5432 2195 5477 catores
2223 5436 2352 5476 vero
2385 5424 2721 5491 sempiterno
2756 5422 3084 5477 addicentur
3131 5422 3421 5491 supplicio,
3455 5421 3547 5475 ubi

1983 5514 2182 5569 vermis
2224 5527 2416 5583 eorum
2466 5529 2576 5568 non
2628 5514 2883 5581 moritur,
2915 5526 2972 5569 et
3002 5514 3145 5585 ignis
3181 5530 3285 5568 non
3335 5514 3549 5569 exstin-

1984 5604 2184 5674 guitur.
2218 5603 2511 5662 Credimus
2544 5605 2675 5660 item
2706 5621 2877 5664 unum
2910 5607 3086 5662 solum
3129 5605 3391 5674 Spiritum
3425 5620 3554 5659 san-
