4054 6470
511 389 611 453 195
657 454 665 459 _
1536 379 1750 443 JOAN.
1788 375 2006 440 VECCl
2042 374 2154 438 (ΣΡ.

504 513 681 566 ctum,
706 498 1081 560 Paracletum,
1123 496 1177 549 iu
1214 508 1325 564 quo
1353 491 1628 562 obsignsti
1670 501 1864 543 sumus
1897 487 1951 540 in
1997 487 2086 540 die
2114 494 2159 550 Α

507 591 922 660 redemptionis.
986 588 1252 655 Spiritum
1311 584 1579 644 veritatis,
1631 579 1894 649 Spiritum
1950 577 2087 631 ado-

504 684 728 753 ptionis,
764 684 818 735 in
861 697 972 750 quo
1008 680 1332 741 clamamus,
1366 676 1518 727 Ahha
1551 674 1733 735 Pater,
1768 673 1859 741 qui
1898 668 2090 723 dividit

508 788 561 830 et
609 774 900 829 ellicaciter
942 783 1207 842 operatur
1239 770 1407 829 dona,
1453 780 1578 835 qua:
1628 781 1657 819 a
1704 763 1816 817 Deo
1863 764 2088 820 dantur,

508 867 962 936 Sillgtllls,‘pf0lll
1018 863 1157 927 vult,
1192 860 1259 914 ad
1311 858 1643 913 utilitatem:
1673 853 1959 923 Spiritum,
2004 849 2093 903 in-

502 974 696 1028 quam,
746 970 1091 1026 quaecunque
1152 952 1421 1006 audiverit
1465 965 1495 1003 a
1526 946 1661 1001 Filio
1693 948 1981 1000 docentem
2035 952 2091 995 et

502 1061 948 1102 commonentem
1020 1046 1209 1098 omnia
1255 1060 1269 1095 :
1330 1042 1571 1103 bonum,
1618 1038 1977 1091 deducentem
2037 1031 2092 1086 in

508 1153 729 1193 omnem
761 1138 1072 1198 veritatem,
1114 1144 1171 1186 et
1202 1132 1619 1187 cniilirinantem
1645 1142 1839 1182 omnes
1865 1126 2096 1181 creden-

506 1240 593 1283 tes
638 1228 706 1282 ad
738 1228 1105 1296 cognitionem
1147 1239 1331 1279 veram
1379 1234 1435 1277 ct
1474 1231 1750 1284 exactam,
1784 1230 1837 1273 et
1884 1219 2093 1271 uultum

511 1318 605 1372 Dei
662 1322 853 1388 pium,
897 1331 953 1373 et
993 1318 1371 1371 adorationum
1421 1315 1760 1384 spiritalem,
1800 1322 1856 1366 et
1911 1324 2092 1362 veram

504 1410 918 1465 confessionem
969 1410 1060 1463 Dei
1114 1410 1315 1470 Patris,
1368 1408 1746 1476 uuigeiiitique
1783 1404 1905 1473 ejus
1948 1401 2094 1465 Filii,

506 1503 841 1573 Douiiuique
870 1518 935 1558 ac
970 1502 1066 1556 Dei
1098 1503 1274 1556 nostri
1305 1499 1433 1554 Jesu
1469 1498 1699 1553 Christi.
1738 1497 1801 1551 Et
1830 1499 1947 1550 liaac
1974 1496 2093 1564 ipsa

508 1596 763 1664 equidem
806 1596 908 1647 tria
936 1597 1157 1647 nomina
1188 1608 1444 1647 seorsum
1484 1592 1701 1660 singula
1733 1604 1889 1644 suam
1926 1602 2094 1657 pecu-

508 1686 704 1739 liarem
747 1686 1042 1753 quamdam
1088 1685 1477 1755 proprietatem
1526 1694 1715 1753 aperte
1759 1682 2093 1753 signiﬁcant,

506 1795 632 1847 quae
665 1782 749 1848 pie
780 1780 1122 1834 considerari
1166 1782 1219 1833 in
1250 1780 1388 1849 ipsis
1420 1786 1618 1848 potest,
1650 1790 1817 1847 atque
1851 1778 1905 1831 in
1936 1776 2095 1831 Patre

502 1870 732 1939 quidem
762 1870 1070 1939 preprieias
1101 1869 1307 1934 Patris,
1341 1872 1395 1923 in
1427 1870 1566 1923 Filio
1595 1869 1910 1939 proprietas
1948 1866 2093 1930 Filii,
2124 1852 2172 1911 Β

518 1967 575 2016 in
604 1963 813 2031 Spiritu
843 1973 1033 2016 sancto
1066 1972 1342 2030 postremo
1380 1977 1479 2015 sua
1521 1962 1771 2030 quzedaui
1818 1975 1848 2012 a
1879 1959 2098 2013 duobus

511 2055 736 2108 diversa
769 2056 1080 2122 proprietas
1115 2066 1134 2104 :
1162 2068 1288 2106 cum
1324 2066 1501 2119 neque
1532 2051 1771 2120 Spiritus
1811 2061 2036 2106 sanctus
2067 2065 2099 2103 a

512 2160 574 2200 se
611 2147 730 2212 ipso
764 2145 1045 2213 loquatur,
1082 2160 1257 2212 neque
1287 2141 1464 2198 Filius
1508 2160 1540 2197 a
1591 2143 1885 2212 semetipso
1932 2141 2101 2195 faciat

508 2236 817 2304 quidquam
852 2251 866 2287 :
903 2249 969 2288 ac
998 2232 1163 2287 Pater
1190 2234 1411 2304 quidem
1453 2232 1653 2287 Filium
1685 2236 1889 2299 mittat,
1926 2231 2101 2286 Filius

515 2342 647 2382 vero
708 2329 974 2396 Spiritum
1033 2338 1314 2381 sanctum.
1386 2328 1480 2383 Sic
1540 2329 1856 2393 sentimus,
1917 2334 1972 2379 et
2021 2324 2102 2379 sic

516 2424 863 2493 haptizamus
895 2424 947 2475 iii
993 2420 1265 2476 Trinitate
1295 2422 1779 2489 consubstantiali,
1820 2422 1985 2491 idque
2035 2434 2103 2473 ex

516 2525 792 2586 praecepto
842 2514 1057 2569 Domini
1108 2516 1287 2568 nastri
1330 2512 1459 2569 Jesu
1492 2515 1718 2580 Christi,
1770 2513 1865 2584 qui
1912 2512 2101 2566 dixit:

520 2624 541 2658 ι
575 2607 781 2661 Euntes
816 2606 1009 2661 docete
1033 2621 1231 2661 omnes
1264 2617 1482 2676 gentes,
1531 2606 1875 2675 baptizantes
1913 2617 2011 2657 eos
2046 2602 2101 2655 in

513 2700 738 2752 nomine
764 2697 965 2766 Pati-ir,
1003 2710 1057 2753 et
1092 2698 1238 2762 Filii,
1270 2711 1326 2753 et
1352 2696 1592 2766 Spiritus
1616 2700 1816 2763 sancti,
1847 2700 2103 2755 docentes

515 2807 614 2846 eos
643 2806 865 2846 servare
892 2791 1101 2856 omnia,
1135 2807 1478 2861 quaecunque
1505 2792 1758 2845 mandavi
1786 2793 1940 2848 vobis
1968 2794 2038 2847 ³⁸.
2080 2811 2099 2845 ι

515 2884 652 2951 Quae
705 2897 993 2939 servantes
1039 2895 1094 2938 et
1138 2885 1467 2938 charitatem
1515 2898 1647 2951 erga
1698 2884 1851 2937 illum
1900 2885 2104 2941 habere

516 2991 619 3029 nos
647 2977 1123 3038 demonstrantes.
1165 2985 1220 3030 et
1269 2975 1418 3044 digiti
1466 2974 1755 3041 elﬁcimur,
1790 2978 1887 3047 qui
1935 2978 1991 3031 in
2040 2993 2105 3033 ea

520 3082 862 3132 maneamus,
890 3068 1035 3121 sicut
1061 3067 1327 3132 scriptum
1360 3076 1445 3122 est
1476 3084 1492 3121 :
1522 3079 1715 3122 contra
1762 3070 2105 3140 negligentes

519 3175 641 3217 caui
692 3175 935 3226 seri-are,
990 3161 1060 3215 ab
1107 3176 1171 3214 ea
1214 3162 1499 3231 disjuneti,
1550 3171 1647 3216 aut
1709 3162 1868 3217 aliter
1925 3162 2103 3216 aﬁecti

514 3254 924 3308 convincimur.
977 3272 1001 3307 ι
1037 3253 1143 3320 Qui
1184 3256 1330 3310 enim
1378 3269 1486 3309 non
1541 3257 1713 3326 diligit
1759 3272 1884 3320 me,
1934 3256 2109 3326 inquit

522 3346 819 3411 Dominus,
847 3362 1137 3402 sei-moues
1171 3363 1323 3402 meos
1340 3363 1450 3402 non
1481 3359 1667 3402 servat
1692 3347 1761 3401 “.
1800 3365 1821 3398 ι
1856 3345 1922 3401 Et
1952 3348 2106 3411 item,

529 3455 548 3489 ι
586 3437 691 3501 Qui
733 3440 899 3492 habet
944 3438 1203 3492 mandata
1238 3454 1359 3493 mea
1390 3449 1445 3493 et
1472 3441 1715 3494 custodit
1745 3454 1830 3505 ea,
1872 3440 1964 3493 ille
1995 3449 2103 3505 est,

526 3546 625 3598 qui
657 3530 842 3599 diligit
883 3547 970 3586 me
996 3533 1066 3586 ".
1103 3550 1122 3583 ι
1158 3533 1224 3585 Et
1271 3532 1387 3586 haec
1417 3532 1674 3601 equidem
1702 3540 1788 3585 est
1833 3546 1865 3585 ε
1912 3545 2112 3601 magno

526 3621 734 3676 Basilio
765 3625 902 3677 tides
927 3624 1129 3677 tradita
1166 3623 1464 3692 ipsissimis
1494 3623 1702 3713 verbis.

597 3805 651 3859 9.
694 3804 815 3871 Qua
857 3812 1070 3862 asserta
1103 3814 1197 3860 tua
1230 3804 1380 3860 hunc
1413 3805 1470 3859 in
1507 3805 1731 3859 modum
1777 3803 2115 3875 redarguen-

529 3908 641 3952 tur.
693 3898 942 3968 Namque
995 3900 1053 3953 in
1101 3913 1166 3952 ea
1210 3913 1243 3952 a
1276 3897 1418 3953 Filio
1465 3897 1734 3968 Spiritum
1792 3899 2111 3969 procedere,

528 3995 677 4061 quod
736 3992 1001 4047 ltalorum
1057 3993 1267 4045 additio
1326 3992 1647 4057 contendit,
1712 4003 1935 4059 tacens,
1988 3992 2117 4048 silet

524 4099 751 4154 quoque
780 4094 835 4138 et
870 4098 938 4138 ex
970 4083 1133 4137 Patre
1160 4086 1479 4152 procedere,
1510 4086 1657 4152 quod
1692 4083 1978 4138 Dominica
2013 4099 2116 4139 vox

530 4194 587 4230 in
635 4176 933 4245 Evangelia
976 4176 1336 4239 enuntiavit,
1402 4190 1513 4244 quo
1584 4184 1774 4243 aperte
1829 4170 2119 4245 palamque

530 4270 841 4329 edulii-mat,
878 4283 987 4322 non
1016 4268 1178 4321 talem
1218 4282 1343 4323 esse
1388 4266 1725 4322 additiouem
1767 4269 1836 4322 ah
1868 4268 2019 4325 Italis
2058 4271 2116 4324 in

530 4358 795 4428 Symbolo
848 4357 1053 4413 factam
1082 4397 1098 4423 ,
1154 4360 1372 4429 qualem
1425 4359 1569 4414 idem
1618 4359 1769 4428 ipse,
1825 4363 2119 4433 ca-terique

529 4462 704 4506 nostri
738 4450 932 4506 deil‘eri
954 4450 1073 4505 Pati
1087 4466 1171 4517 es,
1206 4467 1357 4515 eum,
1382 4451 1481 4519 qui
1510 4465 1644 4505 sane
1676 4450 1802 4505 lidei
1837 4454 2117 4522 quidpiam

532 4541 823 4606 addiderit,
877 4544 963 4596 vel
1013 4543 1220 4611 aliquid
1281 4556 1351 4596 ex
1395 4557 1460 4595 ea
1508 4541 1829 4608 detraxerit,
1887 4547 2114 4599 anathe-
2149 4570 2193 4625 ι)

532 4635 669 4688 mati
720 4635 1109 4702 subjicientes,
1163 4635 1591 4703 prohibuerunt.
1649 4633 1790 4691 Vera
1841 4637 2117 4708 siquidem

536 4737 654 4781 tum
681 4729 918 4791 additto,
956 4738 1011 4780 et
1030 4728 1305 4780 detractio
1327 4736 1432 4791 est,
1462 4742 1587 4781 eum
1615 4743 1723 4781 non
1756 4729 2118 4795 dictionibus,

535 4825 631 4873 sed
663 4822 953 4874 sententiis
985 4819 1182 4872 alienis
1229 4822 1583 4890 externisque
1616 4823 1751 4876 tides
1783 4836 1915 4876 sana
1948 4823 2123 4877 Viola-

540 4923 647 4964 tur.
694 4910 935 4972 Etenim,
984 4911 1033 4962 si
1088 4909 1397 4962 dictionum
1456 4911 1735 4965 additioue
1789 4914 2118 4982 lsvaugelica

541 5008 741 5058 κει-διεδ
794 5004 1139 5068 vulneratur,
1194 5005 1466 5074 iidemque
1509 5003 1636 5058 aliis
1687 5008 2005 5087 prepiiiare,
2063 5009 2119 5060 in

540 5114 648 5164 qua
673 5096 1011 5164 Evangeltca:
1046 5095 1354 5151 Servatoris
1385 5111 1547 5151 voces
1577 5112 1806 5167 prorsus
1837 5114 1945 5163 non
1971 5098 2124 5168 dige-

543 5202 755 5255 rantur,
793 5193 891 5242 Sed
935 5189 1160 5242 silentio
1204 5190 1463 5243 involutae
1509 5190 1959 5256 dissuuulentur,
2010 5176 2124 5245 Do-

545 5281 776 5335 iiiiiiieas
819 5295 980 5335 voces
1015 5290 1103 5334 est
1138 5283 1362 5349 violare,
1394 5296 1448 5337 et
1496 5283 1853 5352 Evaiigelium
1906 5284 2121 5337 adulte-

544 5384 714 5423 rare:
748 5370 794 5422 si
842 5370 967 5432 hoc,
1023 5372 1285 5441 inquam,
1335 5388 1527 5426 verum
1575 5385 1661 5427 est
1705 5386 1988 5441 nunquam
2035 5373 2125 5427 hic

546 5474 779 5526 magnus
811 5459 1050 5516 Basilius
1093 5478 1492 5527 asseverasset,
1535 5482 1553 5513 ι
1591 5465 1814 5532 planum
1847 5474 2124 5533 apertum-

545 5568 651 5619 que
679 5568 800 5607 esse
844 5570 875 5608 a
909 5557 1015 5611 lide
1045 5572 1258 5623 casum,
1311 5564 1366 5610 et
1401 5560 1675 5626 superbia:
1712 5558 1996 5625 indicmui,
2029 5570 2123 5613 aut

546 5660 615 5696 et
647 5645 714 5697 iis
738 5662 859 5713 quae
882 5662 1086 5719 scripta
1114 5660 1243 5703 sunt
1273 5651 1483 5716 aliquid
1510 5649 1759 5717 rejicere,
1793 5661 1888 5703 aut
1916 5665 1981 5704 ex
2014 5666 2122 5704 non

619 5805 663 5836 ³³
692 5805 879 5862 Matth.
911 5826 1101 5875 xxvut,
1137 5811 1223 5877 l9,
1256 5810 1347 5861 εἰ).

2196 370 2717 435 PATRIARCIL’E
3735 367 3827 432 196

2191 485 2577 555 Παράκλητον,
2611 486 2671 537 τδ
2702 483 2927 553 Πνεῦμα
2957 482 3059 553 τῆς
3095 482 3410 554 ἀληθείας,
3451 485 3515 535 ἐν
3547 475 3595 550 ᾧ
3626 484 3827 553 ἐσφρα-

2192 577 2464 647 γίσθημεν
2519 578 2600 640 εἰς
2655 576 2871 647 ἡμέραν
2920 575 3392 645 ἀπολυτρώσεως
3422 590 3440 604 ·
3487 573 3556 627 τὸ
3599 575 3827 645 Πνεῦμι..

2191 671 2289 737 τῆς
2324 668 2628 731 υἱοθεσίας,
2659 670 2718 721 ὲν
2759 661 2803 735 ᾧ
2851 665 3149 738 κράζομεν,
3196 667 3395 721 Ἀδϐἄ
3426 667 3459 718 ὁ
3512 667 3739 736 Πατὴρ,
3772 668 3828 720 τὸ

2191 758 2439 831 διαιροῦν
2462 761 2556 811 καὶ
2577 757 2835 827 ἐνεργοῦν
2862 760 2930 811 τὰ
2962 759 3113 827 παρὰ
3144 756 3245 809 τοῦ
3306 756 3462 810 Θεοῦ
3500 758 3831 828 χαρίσματα

2192 851 2410 920 ἑκάστῳ
2445 850 2582 920 πρὸς
2624 849 2685 901 τὸ
2717 850 3019 919 συμφέρον,
3054 848 3248 913 καθὼς
3293 848 3621 917 βούλεται-ν
3666 851 3728 901 τὸ
3759 853 3835 902 δι-

2193 943 2398 995 δάσκον
2431 942 2528 996 καὶ
2554 942 2978 1011 ὑπομιμνῆσκον
3009 943 3211 1006 πάντα,
3254 944 3374 994 ὅσα
3422 941 3631 995 ἀκούει
3682 942 3833 1012 παρὰ

2194 1035 2290 1088 τοῦ
2342 1036 2511 1091 Υίοῦο
2576 1036 2638 1088 τὸ
2701 1036 2926 1104 ἀγαθὸν,
2985 1037 3048 1088 τὸ
3098 1035 3351 1107 ὁδηγοῦν
3389 1037 3481 1099 εἰς
3521 1040 3712 1088 πέσαν
3736 1037 3835 1106 τὴν

2198 1130 2478 1200 ἀλήθειαν,
2527 1130 2623 1183 καὶ
2674 1128 2932 1199 στηρίζον
2980 1130 3191 1189 πάντας
3259 1129 3411 1191 τοὺς
3463 1127 3830 1190 πιστεύοντας

2200 1222 2341 1293 πρὸς
2372 1221 2583 1289 γνῶσιν
2629 1220 2873 1290 ἀσφαλῆ,
2930 1220 3024 1272 καὶ
3063 1218 3383 1289 ὁμολογίαν
3439 1220 3691 1289 ἀκριϐῆ,
3742 1222 3831 1272 καὶ

2197 1315 2573 1382 προσκύνησιν
2621 1313 3007 1384 πνευματικὴν
3067 1316 3158 1364 καὶ
3191 1312 3394 1384 ἁληθῆ
3430 1312 3581 1367 Θεοῦ
3621 1314 3830 1385 Πατρὶς

2196 1410 2292 1460 καὶ
2346 1406 2439 1460 τοῦ
2502 1406 2831 1476 μονογενοῦς
2880 1405 3046 1458 αὺτοῦ
3097 1405 3259 1469 Υίοῦ,
3308 1405 3419 1459 τοῦ
3466 1407 3693 1475 Κυρίου
3741 1411 3831 1457 καὶ

2197 1500 2335 1553 Θεοῦ
2387 1499 2546 1571 ἡμῶν
2599 1498 2775 1569 Ἰησοῦ
2832 1498 3093 1568 Χριστοῦ.
3151 1500 3267 1552 Καὶ
3329 1496 3557 1552 ἑαυτοῦ
3594 1499 3827 1552 ἑκάστου

2196 1593 2461 1664 ὀνόματος
2506 1592 2606 1662 τὴν
2680 1592 2776 1645 τοῦ
2830 1591 3241 1662 ὀνομαζομένου
3313 1591 3585 1661 ἰδιότητα
3646 1592 3824 1660 σαφῶς

2199 1690 2330 1759 ἡμῖν
2362 1685 2812 1758 διευκρινοῦντος
2845 1701 2860 1716 ·
2898 1689 2991 1737 καὶ
3020 1686 3149 1755 περὶ
3182 1683 3447 1737 ἕκαστον
3480 1682 3599 1737 τῶν
3626 1684 3819 1753 ὄνομα·

2200 1777 2449 1847 ζομένων
2485 1778 2705 1840 πάντως
2735 1776 2844 1830 τῶν
2874 1777 3172 1846 έξαιρέτων
3204 1775 3557 1844 ἰδιωμάτων
3590 1775 3823 1837 εὐσεϐῶς

2201 1871 2620 1940 θεωρουμένων,
2667 1869 2764 1921 τοῦ
2800 1870 2901 1938 μὲν
2936 1869 3148 1939 Πατρὸς
3195 1869 3261 1920 ἐν
3300 1868 3392 1939 τῷ
3444 1867 3821 1938 ἰδιώματιτοῦ

2202 1965 2439 2034 Πατρὸς,
2477 1963 2570 2016 τοῦ
2600 1964 2656 2015 δὲ
2694 1961 2828 2014 Υἱοῦ
2864 1964 2922 2014 ὲν
2955 1960 3034 2030 τῷ
3088 1958 3360 2028 ἰδιώματι
3414 1960 3519 2014 τοῦ
3549 1960 3711 2031 Υἰοῦ,
3736 1956 3823 2011 τοῦ

2200 2058 2259 2111 δὲ
2310 2059 2467 2126 ἁγίου
2521 2058 2840 2127 Πνεύματος
2888 2056 2945 2107 ὲν
2996 2052 3074 2124 τῷ
3106 2054 3305 2121 οἰκείῳ
3360 2052 3661 2125 ἰδιώματι,
3695 2056 3822 2122 μήτε

2201 2150 2295 2203 τοῦ
2323 2151 2482 2217 ἁγίου
2525 2149 2843 2217 Πνεύματος
2889 2146 2983 2215 ἀφ’
3032 2142 3233 2199 ἑαυτοῦ
3282 2143 3639 2210 λαλοῦντος,
3694 2143 3824 2212 μήτε

2203 2240 2297 2296 τοῦ
2348 2239 2480 2293 Υἰοῦ
2509 2240 2602 2309 ἀφ’
2638 2237 2834 2291 ἑαυτοῦ
2867 2256 2916 2290 τι
2949 2234 3259 2297 ποιοῦντος,
3316 2237 3426 2289 καὶ
3455 2235 3558 2288 τοῦ
3594 2235 3698 2303 μὲν
3725 2235 3826 2286 lla-

2204 2332 2331 2401 τρδς
2370 2332 2682 2400 πέμποντος
2712 2329 2804 2381 τὸν
2848 2328 3003 2391 Υἰον,
3054 2325 3147 2381 τοῦ
3199 2326 3264 2380 δὲ
3317 2326 3469 2381 Υἰοῦ
3515 2328 3824 2397 πέμποντος

2202 2427 2265 2479 τὸ
2298 2424 2455 2494 ἆγιον
2495 2423 2725 2494 Πνεῦμα
2752 2438 2765 2452 ·
2798 2421 2941 2475 οῦτω
2979 2420 3325 2492 φρονοῦμεν,
3365 2423 3473 2474 καὶ
3514 2420 3666 2473 οῦτω
3692 2419 3821 2490 βαπ-

2204 2518 2429 2588 τίζομεν
2474 2520 2555 2580 εἰς
2603 2516 2811 2586 Τριάδα
2864 2516 3174 2585 ὁμοούσιον,
3216 2515 3382 2568 κατὰ
3440 2513 3551 2588 τὴν
3611 2512 3820 2581 ἐντολὴν

2205 2610 2375 2666 αὑτοῦ
2404 2608 2498 2663 τοῦ
2528 2609 2743 2681 Κυρίου
2776 2608 2935 2677 ἡμῶν
2979 2605 3156 2676 Ἰησοῦ
3209 2606 3505 2675 Χριστοῦ,
3557 2606 3814 2665 εἰπόντος·

2214 2723 2233 2756 ι
2271 2704 2638 2776 Πορευθέντες
2675 2700 3060 2773 μαθητεύσατε
3091 2700 3275 2754 πάντα
3309 2702 3383 2754 τὰ
3419 2700 3585 2771 ἔθνη,
3638 2695 3815 2768 βαπτί-

2207 2797 2393 2861 ζοντες
2430 2796 2628 2858 αὐτοὺς
2692 2794 2772 2857 είς
2812 2793 2869 2847 τὸ
2915 2795 3089 2862 ὄνομα
3130 2792 3228 2847 τοῦ
3291 2793 3554 2863 Πατρὸς,
3593 2791 3689 2846 καί
3735 2786 3815 2841 τοῦ

2211 2887 2365 2953 Υίοῦ,
2414 2886 2633 2940 καὶτοῦ
2697 2888 2853 2956 ἁγίου
2902 2886 3247 2954 Πνεῦματος,
3299 2885 3667 2947 διδάσκοντες
3704 2880 3816 2943 τοὺς

2208 2983 2399 3053 τηρεῖν
2448 2982 2647 3045 πάντα,
2677 2980 2776 3033 ὅσα
2826 2978 3187 3048 ἐνετειλάμην
3222 2978 3387 3049 ἡμῖν.
3432 2996 3454 3030 ι
3514 2974 3696 3046 ⁶Δπερ
3728 2990 3816 3042 τη-

2211 3077 2431 3146 ροῦντες
2483 3074 2582 3146 μὲν
2622 3075 2721 3146 τὴν
2768 3074 2849 3136 είς
2898 3072 3061 3126 αὑτὸν
3099 3071 3331 3141 ἀγάπην
3366 3064 3812 3136 ἐπιδεικνύμεθα,

2211 3168 2309 3220 καὶ
2343 3169 2401 3219 ὲν
2437 3168 2576 3237 αὐτῇ
2634 3166 2819 3234 μένειν
2874 3160 3313 3232 καταξούμεθα,
3369 3163 3567 3224 καθὼς
3623 3162 3814 3228 γέγρα-

2213 3275 2368 3322 πται,
2403 3258 2478 3327 μὴ
2505 3256 2799 3326 τηροῦντες
2822 3255 2881 3308 δὲ
2909 3256 3168 3317 ἐναντίως
3197 3253 3430 3323 ἔχοντες
3460 3253 3810 3322 ἐλεγχόμεθα.

2218 3366 2238 3400 ι
2288 3348 2346 3400 '0
2376 3348 2453 3418 μὴ
2482 3346 2714 3417 ἀγαπῶν
2748 3349 2858 3416 γάρ
2914 3361 3003 3415 με,
3045 3363 3063 3394 ι
3105 3345 3271 3413 φησὶν
3305 3344 3337 3397 ὁ
3363 3345 3607 3415 Κύριος,
3643 3360 3662 3393 ι
3696 3338 3811 3398 τοὺς

2212 3441 2407 3509 λόγους
2442 3455 2546 3509 μου
2587 3438 2650 3492 οὐ
2682 3441 2861 3509 τηρεῖ.
2896 3456 2914 3490 i
2968 3436 3078 3491 Καὶ
3110 3436 3277 3489 πάλιν
3308 3453 3323 3467 ·
3375 3456 3395 3488 ι
3445 3438 3507 3490 '0
3556 3437 3693 3506 ἔχων
3723 3421 3808 3491 τὰς

2213 3533 2436 3595 ἐντολάς
2463 3549 2567 3601 μου
2600 3533 2695 3585 καὶ
2735 3530 2921 3602 τηρῶν
2950 3530 3142 3595 αὐτας,
3174 3530 3395 3591 ἐκεῖνός
3425 3530 3582 3583 ἐστιν
3612 3530 3640 3580 ὁ
3687 3528 3810 3592 ἀγα-

2214 3624 2335 3676 πῶν
2369 3636 2459 3693 με.
2498 3641 2517 3675 ι
2559 3621 2712 3692 Αὕτη
2744 3624 2844 3692 μὲν
2883 3623 2916 3691 ή
2947 3619 3102 3689 παρὰ
3122 3619 3215 3673 τοῦ
3248 3619 3507 3690 μεγάλου
3533 3615 3805 3672 Βασιλείου

2213 3715 2500 3771 ἐκδοθεῖσα
2538 3717 2722 3778 πίστις
2755 3715 3055 3780 αὐτολεξεί.

2287 3809 2353 3866 θ’.
2385 3809 2455 3860 Σὺ
2485 3808 2542 3860 δὲ
2574 3809 2637 3859 ὲκ
2661 3806 2886 3876 ταύτης,
2918 3808 3004 3875 ἐφ’
3033 3801 3114 3870 οἷς
3146 3806 3352 3876 λέγεις,
3385 3807 3567 3872 οὕτως
3590 3802 3806 3869 ἀπελεγ-

2216 3903 2416 3975 χθήσῃ.
2462 3904 2550 3956 Ἐν
2580 3901 2755 3974 ταύτῃ
2785 3907 2894 3971 γὰρ
2924 3903 2999 3972 μὴ
3033 3901 3185 3973 παρὰ
3217 3901 3318 3956 τοῦ
3354 3903 3492 3957 Υἰοῦ
3525 3896 3808 3968 ἐκπορεύε-

2221 3992 2346 4045 σθαι
2381 3993 2555 4060 λέγων
2588 3991 2653 4044 τὸ
2687 3991 2913 4061 Πνεῦμα
2953 3992 2979 4042 ὁ
3016 3990 3172 4058 ἅγιος
3201 4033 3216 4057 ,
3251 3993 3399 4065 ὅπερ
3451 3995 3485 4064 ή
3530 3988 3802 4061 προσθήκη

2218 4086 2328 4138 τῶν
2369 4084 2591 4138 Ἰταλῶν
2626 4083 2899 4155 βούλεται,
2931 4086 3062 4155 σιγᾷ
3100 4085 3192 4138 καὶ
3222 4087 3283 4137 τὸ
3336 4088 3406 4141 ἐκ
3441 4083 3657 4156 Ila-cpe;
3689 4078 3807 4132 αὐτὸ

2221 4178 2642 4251 ἐκπορεύεσθαι,
2674 4179 2810 4250 ὅπερ
2838 4181 2895 4231 ἐν
2922 4176 3278 4248 mansum;
3304 4181 3338 4248 ἡ
3371 4175 3636 4249 Κυριακὴ
3666 4173 3801 4241 φωνὴ

2221 4272 2580 4343 παραδέδωκε
2605 4286 2620 4303 ο
2671 4273 2767 4324 καὶ
2798 4271 2959 4324 τοῦτο
2989 4274 3157 4324 ποιῶν
3197 4274 3541 4342 παρίστησιν
3572 4262 3803 4338 ἐναργῶς

2224 4366 2301 4435 μὴ
2334 4364 2593 4430 τοιαύτην
2627 4358 2768 4416 εἶναι
2804 4362 3129 4435 προσθήκην
3180 4363 3279 4435 τὴν
3312 4363 3453 4435 παρ’
3499 4360 3712 4416 Ἰταλῶν
3755 4359 3804 4405 ἐν

2220 4454 2298 4523 τῷ
2342 4453 2603 4524 Συμδόλῳ
2657 4455 2956 4524 γενομένην
3014 4453 3375 4525 προσθήκην,
3435 4454 3668 4521 οἵανπερ
3721 4444 3806 4498 καὶ

2222 4538 2377 4608 οὗτος
2412 4544 2597 4606 αὐτὸς,
2638 4544 2734 4597 καὶ
2774 4545 2820 4596 οἰ
2857 4542 3036 4596 λοιποὶ
3077 4546 3328 4615 θεοφόροι
3363 4546 3611 4614 Πατέρες
3660 4535 3802 4606 ἡμῶν

2221 4638 2636 4709 ἀπηγόρευσαν,
2669 4638 2849 4690 πάντα
2880 4636 2970 4689 τὸν
2999 4638 3364 4707 προστιθέντα
3401 4640 3467 4707 τῇ
3499 4637 3802 4702 ὑγιαινουσῃ

2225 4728 2429 4794 πίστει,
2471 4729 2503 4799 ἢ
2554 4727 2964 4797 ἀφαιρούμενον
3006 4728 3065 4792 ἐξ
3112 4729 3305 4798 αὐτῆς,
3355 4721 3803 4784 καταδικάζοντες

2221 4820 2551 4888 ἁναθέματι.
2600 4820 2834 4889 Ἀληθης
2869 4821 2978 4891 γὰρ
3026 4821 3317 4892 προσθήκη
3365 4822 3486 4874 ἐστὶ
3526 4820 3620 4871 καὶ
3651 4808 3802 4878 ἀφαίρ-

2227 4927 2378 4982 ρεσις
2409 4913 2472 4964 τὸ
2499 4913 2573 4983 μὴ
2606 4912 2841 4978 λέξεσιν,
2880 4915 2998 4968 αλλ’
3030 4918 3262 4978 ἐννοίαις
3296 4917 3579 4984 εκατέρως
3611 4906 3799 4959 τούτων

2219 5008 2320 5074 την
2354 5006 2709 5071 ὑγιαίνουσαν
2754 5008 2940 5059 πίστιν
2982 5008 3198 5063 παθεῖν.
3257 5007 3321 5059 El
3371 5007 3484 5077 γάρ
3532 5006 3592 5056 ἐν
3634 4995 3797 5059 λέξεσι

2222 5096 2519 5168 προσθήκη
2543 5099 2641 5168 τὴν
2673 5098 3055 5168 Εὐαγγελικην
3080 5101 3501 5171 παραχαράττει
3529 5092 3792 5159 ἀλήθειαν,

2227 5188 2324 5239 καὶ
2355 5188 2417 5239 τὸ
2451 5189 2638 5241 πίστιν
2670 5190 2886 5252 πάντως
2919 5189 3294 5259 παραδιοοναι,
3323 5188 3539 5248 καὶτὰς
3569 5183 3795 5244 ΕὑαΥΥ⁸’

2228 5281 2388 5345 λικὰς
2414 5282 2506 5334 τοῦ
2542 5282 2797 5353 Σωτῆρος
2824 5285 3007 5351 φωνάς
3051 5287 3108 5336 ὲν
3136 5287 3204 5356 τῇ
3236 5286 3461 5354 τοιαύτῃ
3505 5280 3683 5332 πίστει
3709 5274 3792 5320 ἑκο

2229 5375 2501 5438 τίθεσθαι,
2535 5375 2673 5427 α).λά
2697 5377 2900 5436 ταῦτα,
2936 5382 3306 5447 παρατρέχειν
3336 5378 3485 5444 σιγῇ,
3518 5373 3608 5423 καὶ
3651 5358 3792 5414 τοῦτο

2231 5468 2445 5520 ἀθετεῖν
2472 5471 2586 5520 ἐστι
2619 5468 2713 5530 τὰς
2736 5468 2831 5520 τοῦ
2861 5468 3065 5539 Κυρίου
3094 5472 3301 5538 φωνὰς,
3335 5470 3432 5522 καὶ
3457 5452 3793 5533 παραχαράτ’

2231 5578 2346 5614 τειν
2372 5564 2433 5614 τὸ
2477 5562 2837 5631 Εὑαγγέλιον.
2878 5562 3020 5615 Ἀλλ’
3052 5565 3100 5616 εἰ
3150 5563 3307 5616 τοῦτο
3356 5558 3421 5632 ἦν
3468 5555 3670 5612 αλεθὶςν
3701 5541 3788 5594 οὐκ

2233 5652 2299 5706 ἂν
2333 5658 2359 5706 ὁ
2395 5654 2569 5723 μέγας
2593 5654 2748 5717 οὗτος
2786 5653 3064 5716 Βασίλειος
3117 5654 3210 5705 νῦν
3241 5654 3340 5724 μὲν
3369 5650 3554 5715 ἔλεγεν
3588 5660 3605 5694 ι
3637 5644 3788 5705 φανε’

1444 5810 1488 5841 ²⁶
1511 5808 1672 5866 .Ioan.
1707 5828 1818 5879 xiv,
1850 5813 1939 5868 24.
2020 5815 2062 5845 ²¹
2093 5815 2222 5868 ibid.
2260 5820 2350 5868 ει.
