4054 6406
278 332 390 395 197

1323 330 1423 391 DE
1462 330 1975 394 PROCESSIONE
2013 333 2079 395 S.
2118 335 2499 399 SPlRITUS.

3430 345 3535 412 198

274 444 387 512 ραν
406 438 686 495 ἔκπτωσιν
722 438 957 502 πίστεως
993 433 1133 494 εῖναι
1161 438 1255 493 καὶ
1282 439 1664 510 ὑπερηφανίας
1691 458 1849 512 κατη-

1963 444 2184 516 εδτῑρῑὶε
2206 446 2467 503 inserere.
2492 466 2511 500 ι
2534 446 2689 504 Nunc
2711 465 2845 506 vero
2862 451 3236 510 deﬁnitionem
3265 457 3385 511 ﬁdei
3411 460 3534 528 pie-

276 533 538 606 γορίανῆ
588 532 804 589 ἀθετεῖν
843 549 894 585 τι
935 532 1043 585 τῶν
1076 533 1499 602 γεγραμμένων,
1547 533 1578 603 ἢ
1637 536 1858 587 ἐπεισά-

273 644 402 694 γειν
429 625 494 678 τὸ
519 625 595 695 μὴ
626 624 1045 694 γεγραμμένον·
1078 642 1097 674 ι
1131 622 1224 675 νῦν
1252 624 1315 677 δε
1345 624 1471 692 ὅρον
1499 624 1734 687 πίστεως
1758 626 1854 678 καὶ

270 719 569 781 εὐσεϐείας
602 719 934 788 παραδιδοὺς
971 718 1070 788 τὴν
1121 721 1179 771 ἐν
1214 719 1566 785 Εὑαγγελίοις
1611 737 1857 791 γεγραμ-

273 815 455 881 μένην
487 811 642 881 ὴφίει
669 810 765 864 τοῦ
802 812 1005 879 Κυρίου
1032 809 1237 879 φωνὴν,
1272 811 1372 879 τὴν
1407 810 1478 862 ὲκ
1522 810 1614 863 τοῦ
1642 810 1856 881 Harpe;

264 904 330 956 τὸ
370 902 600 969 Πνεῦμα
637 900 1037 970 ἐκπορεύεσθαι
1090 902 1372 969 λέγουσαν.
1395 900 1565 972 Ἆρα,
1611 902 1695 955 ὅτι
1736 917 1798 968 γε
1828 903 1856 954 ὁ

269 998 457 1063 μέγας
486 994 765 1055 Βασίλειος
812 995 867 1045 ἐν
915 996 982 1063 τῇ
1014 994 1226 1048 ἐκθέσει
1275 993 1450 1065 ταύτῃ
1483 997 1579 1063 τῆς
1618 995 1855 1057 πίστεως

265 1084 372 1136 οὑκ
412 1083 523 1151 ἔφη
555 1082 614 1135 τὸ
650 1081 873 1151 Πνεῦμα
905 1084 970 1136 ἐκ
1017 1082 1112 1134 τοῦ
1163 1083 1375 1152 Πατρδς
1427 1084 1850 1153 ἐκπορεύεσθαι,

269 1175 515 1243 ἡθέτηκέ
546 1193 599 1227 τι
632 1175 743 1227 τῶν
765 1175 1186 1244 γεγραμμένων,
1217 1174 1311 1228 καὶ⁵
1339 1178 1402 1246 τῇ
1434 1179 1704 1249 καταδίκῃ
1742 1179 1856 1230 ένο-

266 1284 367 1336 χον
397 1268 737 1334 κατέστησεν
766 1267 981 1324 ἑαυτὸν.
1015 1268 1080 1338 ῆν
1110 1270 1159 1319 οἱ
1195 1268 1435 1338 Πατέρες
1462 1272 1493 1338 ὴ
1504 1270 1618 1338 μῶν
1641 1270 1853 1323 κατεδί-

268 1377 453 1415 κασαν
477 1344 607 1423 τοὺς
656 1361 750 1412 ἐπὶ
808 1359 884 1429 τῷ
925 1360 1186 1428 Συμϐόλῳ
1231 1362 1328 1431 τῆς
1361 1362 1597 1425 πίστεως
1628 1380 1851 1432 προστιο

266 1454 523 1522 θένταςῆ
556 1452 926 1522 ἀφαιροῦντας
969 1468 984 1517 ;
1032 1453 1129 1505 καὶ
1179 1455 1332 1516 ποῖος
1385 1452 1520 1529 ᾅδης
1572 1458 1713 1507 κατά
1755 1454 1849 1507 τοῦ

266 1545 369 1614 τῆς
422 1546 753 1614 Ἐκκλησίας
786 1542 1073 1612 φωστῆρος
1100 1543 1310 1596 ἐκείνου
1340 1544 1591 1614 τοιαύτην
1618 1544 1853 1615 ἁπερεύ-

272 1636 429 1697 ξεται
486 1634 840 1703 βλασφημίαν
870 1650 886 1698 ;
921 1635 1091 1696 Αὐτός
1150 1635 1299 1686 ἐστιν
1336 1635 1364 1685 ὁ
1415 1653 1433 1684 ι
1468 1637 1712 1704 φανερὰν
1759 1635 1850 1688 ἔκ-

273 1739 486 1776 πτωσιν
544 1725 779 1784 πίστεως
810 1741 828 1774 ι
870 1724 1161 1775 ἀποκαλῶν
1218 1742 1236 1774 ι
1269 1723 1331 1775 τὸ
1375 1725 1590 1778 ἀθετεῖν
1636 1744 1688 1778 τι
1740 1727 1849 1780 τῶν

1968 536 2128 604 tatisq
2138 553 2201 591 ue
2220 541 2462 605 tradens,
2488 539 2702 595 Domini
2720 557 2909 598 vocem
2927 546 2981 598 iit
3000 545 3110 599 Eva
3120 547 3313 617 ngeliis
3329 551 3536 617 scripto

1964 629 2343 697 consignatam
2362 630 2622 695 deseruit,
2646 648 2764 685 eam
2791 649 3005 704 nempe,
3031 651 3153 704 quae
3174 636 3437 706 Spiritum
3466 654 3534 692 ex

1963 718 2125 771 Patre
2153 720 2447 788 procedere
2474 722 2707 777 intonat.
2739 723 2879 779 Nam
2910 731 3088 796 itaque
3118 743 3349 798 magnus
3381 727 3534 784 Basi—

1961 809 2092 874 lius,
2117 813 2262 881 quod
2285 812 2341 866 in
2371 816 2471 867 hac
2495 813 2613 869 ﬁdei
2635 818 2977 886 expositione
3000 818 3263 889 Spiritum
3287 837 3351 875 ex
3370 820 3534 876 Patre

1960 905 2276 972 procedere,
2323 906 2511 968 tacuit,
2562 908 2765 977 aliquid
2810 925 2877 964 ex
2922 914 3141 979 scriptis
3191 913 3433 977 violavit,
3477 921 3535 966 et

1961 996 2139 1065 poenis
2170 996 2236 1051 iis
2266 997 2536 1053 obnoxius
2565 999 2741 1055 factus
2771 1011 2873 1066 est,
2903 1003 3103 1070 quibus
3135 1003 3324 1059 Patres
3356 1004 3528 1057 nostri

1959 1102 2056 1142 eos
2079 1089 2382 1160 subjecere,
2413 1093 2508 1160 qui
2554 1093 2607 1145 in
2646 1091 2792 1146 Fidei
2836 1093 3097 1164 Symbolo
3126 1098 3410 1162 adderem,
3444 1095 3533 1148 vel

1961 1180 2354 1236 detraherent?
2386 1184 2448 1236 Et
2476 1185 2730 1253 quisnam
2763 1201 2929 1241 orcus
2959 1187 3222 1242 adversus
3256 1188 3389 1241 illud
3432 1190 3533 1242 Ec-

1959 1274 2144 1328 clesiae
2197 1275 2381 1329 lumen
2433 1276 2669 1330 similem
2715 1278 3101 1346 blasphemiam
3158 1280 3533 1334 cruciaverit?

1958 1367 2051 1421 llle
2086 1367 2200 1437 ipse
2235 1377 2339 1433 est,
2377 1371 2469 1439 qui
2517 1390 2534 1420 ι
2575 1371 2722 1424 haud
2768 1356 2997 1425 dubium
3045 1386 3076 1424 a
3130 1371 3235 1425 title
3277 1386 3464 1426 casum
3506 1390 3526 1422 ι

1959 1470 2264 1530 nuncupat,
2305 1481 2325 1512 ι
2357 1472 2451 1515 aut
2481 1463 2687 1532 aliquid
2723 1479 2787 1515 ex
2820 1465 3039 1532 scriptis
3070 1463 3404 1531 improbare,
3437 1473 3532 1516 aut

1957 1553 2175 1616 addere,
2225 1554 2569 1621 Apostolum,
2618 1565 2839 1623 sumpto
2887 1570 2952 1609 ex
3004 1556 3225 1609 homine
3277 1556 3530 1622 exemplo

1957 1645 2438 1699 vehementissime
2482 1646 2898 1699 interdicentetn
2927 1685 2942 1709 ,
2989 1661 3057 1698 ne
3111 1646 3241 1713 quid
3293 1661 3484 1697 eorum
3511 1685 3528 1709 ,

1958 1749 2077 1802 quae
2127 1733 2181 1786 in
2229 1734 2430 1788 divinis
2478 1733 2698 1789 Litteris
2763 1737 3053 1797 habentttr,
3113 1737 3385 1798 dematur,
3433 1743 3530 1787 aut

280 1814 703 1881 γεγραμμένων,
758 1812 789 1880 ἢ
841 1814 1190 1880 ἐπεισάγειν,
1228 1818 1320 1864 καὶ
1370 1818 1429 1866 έν
1468 1814 1545 1883 τῷ
1580 1816 1849 1885 παράγειν

1955 1826 2212 1888 addatur,
2243 1827 2543 1881 adducens.
2598 1826 2697 1881 llic
2726 1837 2810 1881 est
2859 1829 2952 1896 qui
2983 1828 3096 1880 haec
3128 1828 3359 1890 intonat,
3391 1836 3446 1880 et
3473 1828 3526 1881 in

278 1904 371 1955 τὸν
420 1903 731 1955 Ἀπόσταλον
767 1905 826 1953 ὲν
865 1903 1224 1972 ὑπλδείγματι
1257 1905 1584 1973 ἀνθρωπίνῳ
1631 1907 1855 1977 σφοδρο-

268 1997 449 2066 τέρως
476 1994 895 2066 ἀπαγορεύοντα
924 1993 986 2046 τὸ
1035 1997 1353 2065 προσθεῖναι
1386 1997 1418 2066 ἢ
1456 1998 1671 2066 ὑφελεῖν
1708 2015 1761 2051 τι
1793 2002 1853 2052 ἐν

261 2089 388 2148 ταῖς
416 2086 799 2148 θεοπνεύστοις
835 2088 1102 2156 Γραφαῖς.
1135 2107 1154 2140 ι
1205 2090 1376 2151 Αὐτός
1419 2091 1568 2142 ἐστιν
1605 2093 1633 2143 ὁ
1679 2091 1854 2145 ταῦτα

258 2179 472 2248 λέγων,
504 2180 598 2230 καὶ
638 2181 697 2232 ὲν
725 2183 791 2248 τῇ
825 2180 1109 2250 ὲκδοθείσῃ
1148 2181 1275 2250 παρ’
1302 2182 1470 2235 αὑτοῦ
1505 2183 1687 2236 πίστει
1722 2199 1855 2237 σιω-

260 2275 339 2343 πῇ
390 2272 743 2342 παρατρέχει
800 2272 900 2341 τὴν
962 2273 1092 2342 περὶ
1150 2274 1247 2342 τῆς
1312 2276 1697 2345 ἐκπορεύσεως
1753 2272 1849 2327 τοῦ

261 2366 593 2435 [ινεύματος
627 2364 1008 2437 Εὑαγγελικὴν
1037 2365 1132 2419 τοῦ
1167 2367 1419 2437 Σωτῆρος
1448 2367 1652 2437 φωνὴν,
1691 2369 1851 2439 εἰπερ

262 2460 464 2526 ὑφεσίν
494 2474 618 2513 τινα
665 2461 766 2526 τῆς
815 2459 1080 2528 ἀκριϐοῦς
1114 2459 1397 2521 εὑσεὸείας
1426 2460 1751 2528 διεγίνωακε
1788 2466 1850 2513 τὸ

264 2553 493 2622 ὑφελεῖν
550 2554 716 2624 μέχρι
762 2552 1043 2621 στοιχείων
1098 2568 1158 2605 τε
1199 2554 1291 2607 καὶ
1348 2554 1697 2622 γραμμάτων
1741 2553 1851 2606 τῶν

261 2663 421 2708 τινας
459 2646 803 2714 ἐγκειμένων
836 2647 897 2696 ὲν
931 2646 1054 2707 ταῖς
1084 2643 1466 2706 θεοπνεύστοις
1497 2647 1740 2714 γραφαῖς
1766 2643 1854 2697 λέ-

261 2741 405 2805 ξεων
437 2755 455 2804 ;
488 2740 606 2791 Οὑκ
666 2736 783 2790 ἐστι.
835 2736 1018 2800 τοῦτο,
1074 2738 1177 2794 οὑκ
1242 2737 1410 2792 ἔστιν.
1486 2737 1626 2791 Ἀλλ’
1668 2739 1729 2792 ἑν
1771 2738 1850 2809 τῷ

262 2832 514 2901 φανερὰν
540 2830 817 2885 ἔκπτωσιν
857 2831 1116 2897 πίστεως,
1142 2832 1237 2884 καὶ
1268 2832 1646 2902 ὑπερηφανίας
1679 2848 1850 2903 κατη.

261 2925 466 2994 γορίαν
497 2924 796 2976 ἀποκαλεῖν
828 2925 889 2978 τὸ
919 2922 1133 2976 ἀθετεῖν
1176 2942 1229 2977 τι
1276 2925 1387 2978 τῶν
1420 2926 1849 2995 γεγραμμένων,

260 3022 294 3086 ῆ
324 3016 652 3083 ἐπεισάγειν
683 3015 746 3067 τὸ
783 3015 857 3085 μὴ
899 3018 1313 3085 γεγραμμένον,
1348 3017 1444 3068 καὶ
1476 3018 1534 3069 ὲν
1560 3016 1638 3084 τῷ
1671 3015 1851 3085 παρά-

1954 1918 2208 1984 exposita
2250 1931 2280 1968 a
2322 1931 2381 1970 se
2413 1916 2517 1970 [ide
2563 1916 2776 1971 silentio
2826 1918 3055 1973 involvit
3083 1919 3150 1970 de
3183 1917 3530 1984 processione

1957 2008 2192 2076 Spiritus
2223 2008 2589 2087 evangelicatn
2626 2008 2933 2062 Servatoris
2955 2023 3161 2070 vocem,
3188 2007 3234 2059 si
3260 2022 3306 2060 at
3326 2017 3530 2060 curata:

1953 2103 2170 2171 pietatis
2191 2103 2625 2155 itnminutiOncm
2648 2104 2885 2170 aliquam
2904 2100 3223 2163 censuisset,
3248 2102 3332 2153 vel
3358 2099 3533 2150 lineo-

1954 2194 2020 2247 lis
2042 2197 2125 2247 vel
2153 2194 2408 2247 litterulis
2445 2208 2632 2254 voces,
2673 2196 2767 2262 qui
2802 2193 2854 2244 in
2885 2191 3083 2243 divinis
3112 2189 3335 2244 Litteris
3367 2188 3524 2255 dige-

1953 2295 2170 2349 runtur,
2213 2299 2437 2354 quoquo
2481 2286 2642 2339 modo
2673 2282 2963 2336 mutilare?
2996 2281 3114 2335 Non
3150 2291 3234 2334 ιΒΙ.
3265 2282 3390 2341 hoc,
3421 2295 3526 2331 non

1953 2386 2057 2432 est.
2093 2360 2504 2441 Verumtamen,
2529 2378 2660 2430 dum
2686 2378 2910 2429 minime
2928 2376 3153 2430 dubium
3190 2372 3528 2426 inﬁdelitatis

1953 2480 2362 2538 argumentum,
2400 2477 2454 2521 et
2487 2469 2764 2536 superbia:
2797 2467 3057 2521 indicium
3087 2475 3246 2518 vocat
3269 2503 3285 2528 ,
3318 2463 3524 2531 aliquid

1953 2564 2170 2631 scriptis
2199 2562 2443 2630 rejieere,
2473 2571 2528 2613 et
2579 2574 2643 2613 ex
2699 2574 2807 2612 noti
2861 2558 3082 2626 scriptis
3133 2556 3523 2608 introducere:

1951 2653 2191 2722 dumque
2244 2653 2562 2720 Apostolutn
2611 2650 2854 2715 adducit,
2913 2659 3130 2716 sumpto
3180 2650 3247 2699 ab
3304 2646 3527 2698 homine

1951 2745 2602 2815 exetnplo,veltetnentius
2624 2744 3059 2804 interdicentetn,
3083 2738 3290 2808 nequid
3310 2751 3520 2795 eorum,

1951 2854 2075 2908 quae
2122 2842 2178 2891 in
2211 2839 2411 2892 divinis
2441 2835 2665 2891 Litteris
2693 2836 2983 2895 habentur,
3017 2838 3265 2886 dematur
3304 2840 3397 2882 aut
3425 2835 3525 2881 ad-

1952 2934 2129 2997 datur,
2183 2942 2296 2985 tum
2347 2931 2693 2996 postmodum
2744 2927 2870 2982 lidei
2932 2928 3229 2981 editionem
3280 2925 3524 2983 tradens,

1950 3028 2324 3095 evangelicam
2350 3040 2538 3080 vocent
2570 3034 2931 3084 asserentetn,
2968 3020 3233 3089 Spiritum
3266 3034 3331 3071 ex
3363 3017 3523 3070 Patre

258 3125 387 3176 γειν
445 3107 542 3159 τὸν
610 3106 939 3161 Ἀπόστολον
984 3112 1044 3159 εν
1090 3107 1449 3174 ὑποδείγματι
1523 3107 1847 3177 ἀνθρωπίνῳ

1954 3124 2281 3190 procedere,
2356 3124 2553 3172 tacitus
2600 3120 2874 3186 praeterit,
2935 3116 3092 3184 plane
3157 3118 3520 3173 demonstrat,

262 3199 650 3270 σφοδροτέρως
682 3199 1099 3267 ἀπαγορεύοντα
1133 3199 1193 3250 τὸ
1219 3200 1534 3268 προσθεῖναι
1566 3199 1598 3269 ἦ
1633 3198 1847 3267 ὑφελεῖν

256 3309 315 3343 τι
350 3294 413 3343 ἐν
465 3293 587 3348 ταῖς
623 3289 1005 3351 θεοπνεύστοις
1061 3290 1327 3361 Γραφαῇς,
1377 3286 1496 3342 εἶτα
1550 3292 1848 3361 παράδοσιν

257 3380 584 3433 ἐκτίθεσθαι
637 3380 896 3441 πίστεως,
949 3384 1041 3430 και
1094 3396 1191 3448 τιον
1240 3378 1612 3450 Εὑαγγελικὴν
1666 3384 1848 3449 φωνὴν

257 3473 619 3540 ἀποσιωπᾴν,
644 3470 741 3538 τὴν
772 3470 1038 3537 λέγουσαν
1073 3470 1132 3520 τὸ
1157 3469 1382 3538 Πνεῦμα
1413 3474 1476 3522 ἐκ
1508 3472 1600 3523 τοῦ
1633 3472 1849 3539 ιιατρὸς

259 3562 691 3633 ἐκπορεύεσθαι,
715 3561 923 3632 ἐναργῆ
953 3565 1186 3613 ποιεῖται
1206 3561 1489 3625 ἀποδειξιν
1510 3562 1603 3614 τοῦ
1632 3565 1708 3632 μὴ
1740 3562 1848 3615 τῶν

257 3658 677 3728 γεγραμμένων
699 3655 842 3709 εἶναι
880 3657 1140 3727 ἀθέτησιν
1186 3658 1247 3709 τὸ
1282 3658 1454 3721 λέξεις
1488 3658 1544 3709 ὲν
1574 3662 1689 3717 ταῐ,
1724 3661 1847 3709 θεο-

263 3751 477 3819 λογίαις
500 3750 932 3804 ἀποσιωπᾶσθαι
968 3750 1349 3818 Εὑαγγελικάς
1382 3767 1441 3802 τε
1481 3751 1575 3802 καί
1611 3752 1847 3802 ἀποστο-

270 3842 444 3907 ltitia,
497 3843 740 3911 ὁπηνίκα
775 3844 841 3892 ἐκ
894 3846 988 3910 της
1031 3842 1239 3904 ἑννοίας
1270 3842 1379 3893 τῶν
1409 3842 1585 3894 ἄλλων
1614 3843 1845 3894 ἀπασῶν

266 3933 465 3998 λέξεων
493 3937 551 3986 αξ
583 3935 855 4000 θεολογίαι
904 3936 963 3987 τὸ
997 3935 1222 4003 ἀκριϐὲς
1255 3934 1349 3986 καὶ⁹
1381 3934 1594 3995 ἐντελὲς
1639 3934 1848 4002 ἀποφέ-

261 4046 475 4101 ρονται.
512 4029 627 4080 Καὶ
661 4031 710 4081 εἰ
745 4030 822 4099 μὴ
852 4027 1135 4089 εὐσεϐείας
1167 4029 1641 4097 έστὶνιάφαίρεσις
1672 4031 1704 4099 η
1737 4028 1846 4079 τῶν

254 4122 558 4191 γραφικών
610 4122 906 4190 ἀφαίρεσις
950 4119 1167 4185 λέξεων,
1226 4121 1463 4188 ὁπηνίκα
1499 4121 1597 4192 ἔχῃ
1651 4122 1711 4172 τὸ
1745 4121 1845 4189 τῆς

255 4213 548 4274 εὑσεοεξας
600 4213 1010 4282 ἀπηρτισμένον
1063 4214 1096 4280 ὴ
1145 4212 1345 4273 ἔννοια,
1396 4213 1516 4264 οὐδὲ
1562 4213 1844 4277 εὐσεϐείας

254 4308 411 4359 ἐστὶν
438 4306 702 4372 ἀθέτησις
739 4304 850 4354 τῶν
882 4303 1078 4367 λέξεων
1113 4305 1147 4373 ή
1178 4302 1488 4373 προσθήκη,
1526 4305 1768 4373 ὁπηνίκα
1810 4307 1844 4375 ἡ

252 4400 366 4450 τῶν
428 4396 884 4462 προστιθεμένων
935 4395 1132 4458 λέξεων
1184 4397 1364 4449 ἔννοια
1411 4400 1509 4467 τὴν
1560 4398 1842 4452 εὐσέϐειαν

1951 3229 2165 3279 eorum,
2219 3228 2341 3283 quae
2402 3211 2609 3280 scripta
2648 3220 2796 3274 sunt,
2836 3207 3180 3264 violationent
3231 3218 3339 3257 non
3379 3217 3523 3262 esse,

1951 3306 2220 3359 dictiones
2257 3317 2371 3359 tum
2424 3305 2788 3373 evangelicas,
2832 3311 2946 3355 tum
2997 3298 3347 3368 apostolicas,
3396 3310 3521 3349 cunt

1950 3400 2018 3451 de
2064 3397 2388 3464 theologteis
2434 3407 2755 3456 tractamus,
2791 3394 3009 3451 silentio
3059 3398 3316 3453 obruere,
3367 3391 3525 3440 dunt-

1951 3492 2118 3543 inodo
2178 3505 2242 3542 ex
2299 3490 2530 3541 aliarutn
2593 3490 2839 3541 omnium
2894 3485 3192 3539 dictionum
3251 3478 3522 3535 sententia

1951 3581 2256 3649 theo.ogica
2306 3581 2449 3632 dicta
2495 3588 2812 3632 accuratum
2849 3578 3267 3645 perfectumque
3305 3572 3522 3624 intelle‘

1949 3683 2096 3726 ctum
2132 3671 2508 3740 pt'teselerunt.
2561 3669 2628 3723 Et
2681 3671 2725 3724 si
2761 3671 2910 3721 nulla
2942 3668 3117 3737 pietas
3152 3664 3520 3725 imminuitur,

1948 3769 2077 3819 dum
2117 3764 2335 3832 scripta:
2366 3764 2633 3819 dictiones
2663 3764 3039 3822 detrahuntur,
3060 3758 3356 3813 dummodo
3393 3770 3524 3809 sen-

1950 3859 2115 3911 tentia
2147 3859 2484 3925 pietatiserit
2521 3856 2740 3909 violatio
2774 3855 3073 3908 dictionum
3116 3850 3343 3910 addttio,
3366 3850 3523 3901 dum-

1949 3950 2112 4003 modo
2126 3952 2433 4002 adilitarum
2457 3950 2758 4002 dictionum
2787 3948 3052 4000 sententia
3074 3946 3218 3997 nulla
3252 3943 3304 3996 iii
3330 3957 3387 3995 rc
3410 3941 3522 4010 pie-

1949 4050 2112 4095 tatem
2150 4045 2423 4096 immutat.
2466 4041 2603 4094 llinc
2637 4056 2812 4108 neque
2837 4052 2889 4092 ttt
2912 4053 2975 4091 ex
3003 4037 3091 4098 iis,
3135 4052 3257 4104 qua:
3292 4034 3524 4089 tradunn

1947 4142 2038 4187 tur
2082 4134 2149 4186 de
2200 4135 2477 4187 additione
2504 4141 2558 4185 et
2597 4132 2937 4185 dett-aetione
2971 4145 3002 4183 ιι
3053 4140 3245 4181 sancto
3295 4128 3351 4180 in
3402 4128 3513 4196 jam

1946 4223 2182 4276 adducto
2234 4222 2357 4276 libri
2393 4232 2697 4290 segmento,
2736 4225 2904 4290 probe
2956 4235 3021 4273 ac
3052 4220 3248 4272 merito
3303 4233 3400 4270 nos
3432 4232 3521 4269 re-

1946 4312 2378 4382 prehendis,qui
2420 4310 2691 4367 Romana:
2734 4310 2997 4365 Ecclesia:
3043 4312 3358 4365 societatem
3398 4298 3533 4359 aut?

1949 4405 2146 4473 plexati
2197 4419 2411 4469 smnus,
2446 4413 2706 4473 tanquam
2760 4406 2817 4466 ii,
2854 4406 2946 4472 qui
2977 4404 3375 4472 dignoscimus,
3406 4402 3521 4467 pic-

254 4485 687 4556 ἁπαραποίητον
716 4486 995 4555 συντηρεῐ.
1028 4485 1194 4538 Ὅθεν
1220 4488 1342 4539 οὐδε
1374 4488 1437 4539 σὺ
1469 4490 1532 4539 έκ
1562 4490 1672 4540 τῶν
1717 4490 1845 4559 περὶ

1953 4505 2119 4549 tatem
2179 4496 2457 4550 additione
2509 4499 2564 4549 itt
2639 4496 2898 4563 Sytnbolo
2954 4496 3096 4548 facta
3151 4494 3302 4546 nullo
3357 4492 3518 4543 tnodo

254 4584 590 4652 προσθήκης
638 4581 733 4631 καὶ
783 4580 1129 4647 ἀφαιρέσεως
1163 4578 1236 4648 τῷ
1288 4579 1428 4648 ἁγίῳ
1474 4579 1752 4649 ῥηθέντων
1784 4584 1840 4635 έν
1948 4588 2091 4641 lagdi.

254 4682 319 4749 τῇ
366 4674 686 4745 δηλωθείσῃ
736 4674 1012 4743 περικοπῇ
1061 4671 1240 4735 καλῶς
1284 4674 1431 4744 ἡμᾶς
1505 4677 1835 4746 ἀπελέγχειν
1905 4680 2196 4747 ὑπέλαϐες,
2237 4685 2304 4755 τῇ
2380 4680 2665 4753 Ῥωμαϊκῇ
2756 4686 3158 4756 σπεισαμένους
3221 4683 3522 4753 Ἐκκλησία

256 4779 327 4842 ὡς
352 4774 680 4841 διαγνόντας
736 4773 904 4840 μηδὲν
951 4774 1050 4841 τὴν
1103 4772 1388 4824 εὐσέϐειαν
1418 4775 1482 4822 εκ
1513 4772 1614 4841 τῆς
1668 4776 1724 4826 ἐν
1752 4773 1831 4843 τῷ
1859 4776 2124 4847 Συμὸύλῳ
2157 4777 2474 4849 προσθήκης
2505 4777 2886 4848 λυμαίνεσθαι.

325 4868 383 4922 τ’.
418 4869 586 4920 Ἐστι
616 4866 673 4917 δέ
702 4882 782 4917 σοι
810 4869 904 4917 καὶ
937 4865 997 4928 ἐξ
1028 4863 1204 4916 ἄλλων
1257 4863 1350 4915 τοῦ
1391 4866 1652 4934 ῥηθέντος
1683 4864 1846 4931 λόγου

254 4963 459 5028 λέξεων
493 4958 654 5012 τοῦτο
697 4958 1059 5026 καταμαθεῖν.
1103 4956 1622 5025 Προεπαγγέλλεται
1671 4961 1781 5029 γαρ
1818 4960 1846 5011 ὁ

258 5056 413 5119 ἀγιος
476 5052 590 5111 τοῖς
648 5049 1042 5117 αἰτησαμένοις
1099 5048 1264 5100 αὑτὸν
1315 5049 1412 5117 τὴν
1456 5047 1556 5116 τῆς
1610 5049 1848 5110 πίστεως

258 5146 482 5200 ἔκθεσιν
536 5140 848 5203 ἀνοθεύτως
900 5141 995 5193 καὶ
1038 5140 1441 5209 ἀκαπηλεύτως
1487 5137 1847 5208 παραδοῦναι,

258 5241 353 5292 καὶ
387 5238 467 5300 ὡς
503 5236 680 5305 αὐτὴν
710 5236 777 5287 ὲκ
815 5232 917 5303 τῆς
964 5232 1325 5285 θεοπνεύστου
1363 5232 1583 5303 Γραφῆς
1616 5231 1844 5303 ἔμαθεν.

269 5330 357 5381 Ἐν
390 5331 504 5397 γὰρ
544 5328 647 5398 μιᾷ
693 5326 803 5379 τῶν
847 5324 944 5378 τοῦ
1005 5327 1265 5395 ῥηθέντος
1313 5325 1473 5393 λόγου
1519 5325 1840 5396 περικοπῶν

257 5423 401 5475 οὕτω
433 5423 585 5490 λέγει
622 5419 817 5488 σαφῶς
846 5434 861 5448 ο
897 5437 916 5470 ι
949 5421 1213 5472 Διακόνου
1243 5418 1299 5498 δὲς
1334 5416 1531 5470 πιστοῦ
1566 5420 1698 5471 ίδιον
1731 5420 1848 5470 ἴστε

260 5516 475 5578 πάντως
504 5516 601 5569 καὶ
632 5512 794 5568 αὐτοὶ
819 5512 901 5576 τὸ,
934 5511 1079 5582 ἀπερ
1122 5513 1189 5566 ἂν
1229 5515 1309 5575 είς
1357 5513 1485 5572 τοὺς
1529 5511 1847 5570 συνδούλους

261 5613 607 5684 οἰκονομῆσαι
635 5609 794 5681 παρά
828 5607 925 5663 τοῦ
973 5608 1182 5677 ἀγαθοῦ
1229 5608 1502 5659 Δεσπότου
1556 5606 1846 5675 πιστευθῇ,

261 5705 426 5760 ταῦτα
452 5707 717 5760 διασῶσαι
742 5703 957 5764 τούτοις
982 5699 1284 5763 ἀνοθεύτως
1315 5701 1408 5753 καὶ
1431 5696 1843 5768 ἀκαπηλεύτως.

266 5797 418 5851 Ὥστε
451 5800 610 5866 κάγὼ
655 5797 809 5862 ἅπερ
840 5795 1045 5861 ἔμαθον
1078 5795 1139 5845 ἐκ
1170 5795 1269 5862 τῆς
1301 5790 1665 5844 θεο.τνεύστου
1706 5790 1847 5859 Γρα-

2018 4870 2106 4923 10.
2158 4869 2320 4923 Potes
2370 4871 2496 4923 item
2556 4881 2613 4923 et
2661 4886 2726 4924 ex
2773 4872 2894 4941 aliis
2948 4871 3059 4941 jam
3112 4873 3343 4928 laudatae
3391 4888 3516 4927 ora-

1948 4959 2113 5014 tionis
2167 4961 2352 5014 verbis
2406 4963 2509 5016 hoc
2560 4961 2704 5016 idem
2768 4978 3090 5031 agitescere,
3132 4965 3408 5020 Promittit
3437 4980 3522 5019 et—

1944 5051 2094 5104 enim
2167 5060 2393 5107 sanetus
2446 5054 2535 5116 iis,
2570 5054 2665 5122 qni
2728 5055 2798 5106 ab
2845 5068 2911 5107 eo
2977 5054 3340 5122 postularant,
3392 5056 3516 5109 lidei

1943 5143 2365 5211 expositionem,
2427 5144 2721 5215 integram,
2775 5155 2830 5201 et.
2892 5149 3093 5202 nullius
3142 5148 3227 5203 rei
3287 5148 3515 5202 alterius

1946 5236 2274 5290 admistione
2326 5238 2691 5293 adulteratam
2755 5240 3012 5307 tradere,
3060 5250 3115 5295 et
3166 5256 3232 5296 ea
3286 5244 3519 5308 ratione,

1949 5340 2058 5395 qua
2094 5341 2161 5379 ex
2209 5327 2411 5381 divinis
2437 5324 2655 5381 Litteris
2690 5342 2992 5398 acceperat.
3035 5329 3282 5399 Namque
3315 5334 3367 5386 in
3412 5346 3523 5390 una

1942 5419 2188 5487 ejusdem
2224 5420 2489 5476 orationis
2542 5427 2820 5491 pericopa,
2867 5424 2982 5476 hazc
3028 5423 3189 5492 plane
3228 5424 3521 5488 habentur.

1954 5500 2185 5565 «Ῥω-ιο
2236 5513 2411 5567 tidelis
2464 5515 2698 5567 ministri
2753 5517 2859 5569 hoc
2893 5529 3015 5569 esse
3058 5516 3341 5584 proprium
3396 5521 3523 5576 sint.

1947 5602 2115 5657 dubio
2146 5605 2300 5658 scitis
2333 5620 2431 5660 vos
2462 5622 2683 5675 quoque
2728 5607 3008 5673 nimirum,
3044 5620 3102 5661 ut
3146 5622 3268 5677 qua:
3305 5621 3337 5660 a
3369 5613 3520 5666 heni-

1947 5712 2054 5765 gno
2089 5695 2321 5751 Domino
2361 5699 2418 5752 in
2463 5715 2760 5755 conservos
2786 5717 2916 5754 suos
2946 5701 3325 5756 distribuentla
3365 5720 3522 5757 acce-

1948 5792 2109 5858 perit,
2146 5778 2285 5861 Tltmc
2334 5791 2469 5859 ipsis
2521 5796 2748 5860 integta,
2802 5805 2856 5846 et
2906 5794 3110 5847 nullius
3168 5793 3249 5848 rci
3299 5794 3518 5850 alterius
