4054 6412
556 321 660 388 199

1611 314 1828 378 JOAN.
1865 312 2082 376 VECCI
2123 315 2139 372 ί

2276 313 2794 376 ΡΑΤΗΙΑΒΗΠᾸΕ
3692 326 3779 386 lztib

545 434 879 492 admistione
956 429 1265 487 adulterata
1344 426 1636 483 custodiat.
1704 422 1977 491 Quocirca
2026 437 2129 494 ego

2246 424 2361 493 Ρῆς,
2399 424 2576 478 ταῦτα
2605 426 2738 495 ἡμῖν
2771 423 3117 495 παραθέσθαι
3170 424 3314 480 κατά
3345 428 3405 481 τὸ
3432 426 3655 499 ἀρέσκον
3680 431 3782 502 Θεῷ

529 540 767 598 ‘quoque
792 540 913 595 quae
940 539 1010 579 ex
1040 522 1244 578 divinis
1269 519 1490 576 Litteris
1536 517 1743 587 accepi,
1782 516 1898 571 hate
1925 530 2118 586 quem-

544 619 840 675 admodum
873 614 969 671 Dei
998 616 1257 670 voluntas
1291 622 1398 675 est,
1440 612 1506 666 ad
1532 625 1886 681 communem
1919 609 2127 664 utilita-

547 722 656 766 tem
687 723 958 778 exponere
978 709 1133 761 vobis
1160 718 1352 760 teneor
1383 703 1720 758 necessario.
1761 722 1783 755 ι
1824 700 1928 767 Qui
1958 702 2124 771 igitur

546 800 874 871 postulatam
901 797 1063 851 [idem
1101 797 1395 865 integram,
1427 803 1484 847 et
1502 794 1650 847 nulla
1684 795 1737 846 in
1769 808 1827 847 re
1851 793 2129 845 adultera-

546 906 658 950 tam
715 891 1119 962 postulantibus
1154 887 1389 943 'tradere
1427 890 1754 957 prolitetur,
1788 901 1964 956 eaque
2019 884 2128 939 illis

546 997 823 1055 apponere
867 981 1170 1053 promittit,
1216 995 1340 1050 quae
1388 980 1506 1049 ipse
1546 994 1616 1033 ex
1652 978 1856 1033 divinis
1907 976 2129 1031 Litteris

545 1074 776 1139 didicit,
824 1074 868 1126 si
910 1072 994 1125 vel
1024 1071 1371 1136 .dictionibus
1415 1070 1616 1123 divina:
1680 1067 1980 1137 Scriptura
2027 1068 2123 1119 do-

549 1165 730 1220 ctrina
768 1163 1170 1234 praascribitur,
1211 1176 1449 1230 quanam
1499 1161 1709 1214 ratione
1757 1159 1811 1211 in
1868 1158 1974 1212 lide
2015 1166 2127 1210 tra-

549 1259 727 1311 denda
789 1256 1014 1311 silentio
1070 1254 1354 1322 praeteriit,
1397 1252 1694 1307 dictionem
1736 1251 1880 1304 illam
1930 1250 2127 1319 ipsam,

553 1365 720 1419 quant
767 1347 1033 1403 Dominus
1067 1346 1121 1400 in
1166 1344 1477 1415 Evangeliis
1507 1341 1924 1415 pronuntiavit?
1974 1342 2041 1395 Et
2084 1341 2130 1395 si

548 1442 836 1513 praeteriit,
894 1437 1170 1509 quomodo
1215 1437 1506 1500 mendacii,
1559 1436 1822 1503 illiusque
1885 1433 2130 1503 ingentis

552 1551 663 1590 non
695 1534 801 1588 erit
849 1547 1001 1596 reus,
1038 1529 1133 1600 qui
1178 1530 1507 1599 promiserat
1554 1529 1773 1597 quidem
1833 1541 2130 1597 apponere,

550 1643 675 1695 quae
717 1641 784 1682 ex
832 1627 1015 1680 divina
1071 1623 1356 1692 Scriptura
1400 1623 1689 1688 didicerat,
1732 1630 1787 1674 et
1834 1636 1897 1674 ea
1950 1630 2131 1674 tamen

550 1735 672 1788 qua:
694 1719 946 1773 maxime
989 1717 1239 1771 omnium
1300 1705 1610 1770 necessaria
1663 1714 2014 1777 videbantur,
2055 1720 2135 1765 ta-

2226 517 2362 588 πρὸς
2389 518 2450 571 τὸ
2487 522 2639 589 κοινῇ
2673 519 2957 588 συμφέρον
2982 517 3274 588 ὀφειλέτης
3306 520 3445 591 είμί.
3485 522 3540 573 '0
3563 521 3681 591 γοῦν
3695 531 3781 594 τὴν

2226 609 2633 679 ἀπατηθεῖσαν
2658 608 2799 680 παρ’·
2817 609 2988 662 αὑτοῦ
3019 612 3205 663 πίστιν
3233 612 3517 666 ἀνόθευτον
3545 616 3632 667 καὶ
3664 618 3784 668 data-

2227 702 2500 773 πὴλευτον
2524 703 2637 765 τοῖς
2669 702 3067 773 αἰτησαμένοις
3099 703 3438 773 παραδοῦναι
3472 707 3780 775 ἐπαγγελλό-

2232 812 2418 866 μενος.
2449 795 2681 847 κάκεῖνα
2709 795 2897 858 αὐτοῖς
2940 797 3286 867 παραθέσθαι
3329 797 3787 869 καθυπισχνούμε-

2230 904 2342 953 νος,
2392 889 2538 957 ἆπερ
2586 889 2652 941 ὲκ
2681 888 2778 954 τῆς
2813 887 3177 941 θεοπνεύστου
3211 888 3435 958 Γραφῆς
3486 887 3699 958 ἔμαθεν,
3745 893 3790 945 εί

2233 982 2396 1052 μέχρι
2424 980 2625 1045 λέξεων
2660 982 2693 1052 ἡ
2728 979 2829 1051 τῆς
2858 978 3223 1034 θεοπνεύστου
3254 979 3292 1031 Γ
3298 979 3479 1049 ραφῆς
3497 977 3791 1032 διδασκαλία

2228 1073 2541 1144 διώρισται,
2608 1073 2727 1137 πῶς
2766 1072 2835 1127 ἂν
2866 1072 2927 1126 ὲν
2959 1071 3037 1142 τῷ
3079 1070 3434 1143 παραδιδόναι
3486 1075 3583 1142 τὴν
3627 1069 3790 1122 πίστιν

2232 1164 2416 1233 σιωπῇ
2455 1163 2945 1234 παραδεδραμηκει
2973 1161 3124 1227 λέξιν
3148 1163 3322 1235 αὐτὴν
3363 1162 3598 1232 ἐκείνην,
3642 1163 3705 1233 ην
3744 1162 3794 1212 έν

2234 1256 2595 1323 Εύαγγελίοις
2626 1256 2654 1307 ό
2702 1254 2908 1323 Κύριος
2952 1256 3182 1325 εῐρηκεν
3214 1272 3229 1321 ;
3265 1256 3327 1307 Εἰ
3369 1253 3427 1307 δὲ
3478 1254 3795 1324 παρέδραμε,

2232 1345 2351 1408 πῶς
2371 1346 2471 1398 οὐκ
2500 1344 2566 1398 ἂν
2597 1344 2693 1398 τοῦ
2722 1347 2988 1415 μεγίστου
3025 1344 3257 1414 ψεύδους
3288 1345 3455 1408 ἑάλως
3488 1344 3798 1413 ὲπαγγειλάυ

2238 1454 2399 1508 μενος
2438 1438 2537 1509 μὲν
2564 1441 2762 1503 εἰπεῖν,
2796 1439 2942 1510 ἅπερ
2973 1437 3183 1509 ἔμαθεν
3213 1441 3278 1491 ὲκ
3319 1439 3420 1508 τῆς
3453 1436 3794 1491 θεοπνεύστου

2234 1531 2482 1602 Γραφῆς,
2521 1532 2747 1585 σιωπῶν
2778 1532 2837 1586 δὲ
2862 1533 2931 1585 τὰ
2968 1532 3172 1603 μᾶλλον
3197 1531 3467 1586 δοκοῦντα
3504 1530 3613 1583 τῶν
3638 1528 3797 1582 ἄλλων

2235 1626 2691 1697 ἀναγκαιότερα;
2756 1626 2986 1691 Πάντως
3053 1628 3085 1680 ὁ
3144 1626 3240 1679 τὸν
3300 1628 3480 1695 μέγαν
3535 1623 3799 1677 Βασίλειον

2235 1715 2566 1771 διδάσκαλον
2620 1718 2905 1783 εὐσεϐείας
2961 1718 3268 1789 ὁμολογῶν,
3302 1718 3498 1788 ὥσπερ
3546 1715 3676 1785 ἐγὼ,
3722 1714 3802 1769 καὶ

547 1781 711 1866 cuit?
765 1810 908 1863 Sane
951 1808 1045 1878 qui
1087 1821 1345 1875 magnum
1398 1803 1658 1860 Basilium
1684 1802 1903 1874 pietatis
1939 1803 2134 1854 docto-

2246 1808 2565 1879 Πνεύματος
2596 1810 2951 1879 καταγώγιον
2989 1811 3267 1863 πιστεύων
3296 1807 3439 1864 εἶναι
3468 1809 3649 1875 αὑτὸν,
3689 1808 3802 1860 σύνο

548 1918 665 1956 rem
721 1901 1059 1966 conﬁtetur,
1112 1897 1579 1969 quemadmodum
1611 1913 1739 1968 ego,
1790 1906 1846 1950 et
1894 1894 2135 1964 Spiritus

548 1993 910 2046 diversorium
938 2006 1064 2045 eum
1098 2000 1268 2057 tenet,
1296 2004 1587 2047 assensum
1618 1987 1903 2058 praebebit,
1924 1984 2130 2039 nullam

549 2084 710 2138 aliam
764 2084 835 2137 ob
878 2097 1101 2138 causam
1147 2098 1273 2137 eum
1325 2097 1596 2147 asserere,
1656 2080 1911 2133 traditam
1954 2078 2026 2130 ab
2073 2091 2133 2129 se

552 2177 715 2229 tidem
746 2176 1012 2245 integram
1051 2192 1197 2241 esse,
1225 2188 1280 2230 et
1311 2175 1458 2230 trulla
1485 2176 1538 2228 in
1571 2188 1628 2228 re
1661 2171 2050 2234 adulteratam,
2076 2177 2133 2223 et

553 2276 615 2318 ut
647 2282 769 2320 eam
800 2283 865 2321 ex
896 2269 1099 2325 divinis
1132 2269 1356 2324 Litteris
1376 2268 1661 2331 didicerat,
1692 2273 1746 2318 ct
1775 2262 2137 2317 nihilominus

551 2358 883 2414 dictionibus
937 2363 1270 2432 evangelicis
1343 2366 1411 2415 de
1484 2358 1838 2430 processione
1892 2353 2137 2425 Spiritus

551 2458 852 2518 carentem,
898 2467 1067 2521 quam
1116 2453 1266 2523 quod
1318 2466 1427 2505 non
1475 2449 1836 2512 dictionibus,
1868 2447 1967 2501 sed
2010 2462 2141 2502 sen-

555 2541 739 2609 tentiis
772 2543 825 2594 in
857 2543 964 2598 title
1012 2544 1369 2603 additionem,
1418 2551 1512 2596 aut
1548 2540 1989 2594 imminutionem
2017 2553 2141 2594 esse

552 2633 701 2687 dicat
753 2642 810 2687 et
845 2633 1125 2692 decernat.
1175 2634 1330 2689 Adeo
1363 2634 1552 2703 itaque
1596 2635 1753 2688 lit-ma
1807 2640 2138 2702 patenteque

552 2723 1050 2788 demonstratione,
1089 2742 1198 2781 non
1238 2726 1292 2779 in
1326 2726 1662 2780 dictionibus
1693 2726 1788 2780 sed
1822 2725 1878 2779 in
1914 2732 2141 2779 senten-

554 2817 646 2870 tiis
669 2817 974 2873 consistere
1009 2819 1345 2872 additionem
1389 2819 1472 2871 vel
1501 2818 1895 2872 detractionem
1922 2815 1979 2871 in
2012 2814 2139 2882 ﬁde,

555 2915 762 2965 lrnstra
809 2927 1094 2967 sermones
1128 2911 1467 2967 confundere
1504 2908 2003 2982 deprehendimini,
2040 2908 2139 2977 qui

553 3015 682 3055 cum
720 3001 966 3059 Romana
1002 3002 1244 3059 Ecclesia
1278 3005 1594 3059 sOcietatem
1633 3005 1829 3060 initam
1863 3011 1918 3059 et
1944 3016 2135 3073 pacem

554 3097 715 3151 nobis
746 3098 1114 3168 exprobratis.

1163 3204 1393 3263 CAPUT
1432 3207 1525 3263 IV.

557 3320 822 3392 Adversus
856 3338 942 3377 eos
972 3322 1062 3392 qui
1094 3322 1409 3376 addubitant
1441 3338 1597 3391 super
1617 3337 1677 3376 eo
1720 3321 1885 3384 dicto,
1918 3338 1936 3371 ι
1980 3304 2136 3387 Quod

696 3409 729 3445 a
772 3390 916 3446 Filio
942 3390 1053 3447 esse
1083 3394 1302 3462 dicitur,
1335 3392 1403 3447 ad
1427 3390 1649 3446 Patrem
1676 3392 1927 3459 refertur.
1966 3410 1986 3442 ι

631 3639 687 3693 l.
730 3636 835 3692 Sed
865 3654 1009 3706 cum,
1039 3638 1169 3694 dum
1198 3639 1267 3696 de
1293 3639 1454 3695 dictis
1486 3639 1616 3706 illis,
1654 3652 1776 3708 quae
1805 3652 1900 3707 per
1936 3636 2135 3693 Filium

557 3737 614 3785 et
641 3746 706 3785 ex
736 3729 875 3786 Filio
926 3747 1050 3787 esse
1089 3731 1358 3804 Spiritum
1404 3741 1675 3796 astruuut,
1707 3732 1812 3785 alia
1844 3740 2009 3802 atque
2040 3733 2144 3787 alia

557 3823 895 3892 objiciendo,
947 3825 1041 3894 qui
1101 3826 1266 3879 rebus
1314 3823 1589 3879 similibus
1643 3823 1882 3890 inhiant,
1937 3822 2143 3877 defessi

560 3913 790 3980 fuerint,
839 3931 1032 3970 rursus
1064 3900 1284 3982 interii,
1336 3914 1795 3985 haasitabuntque,
1846 3915 2143 3984 inquiunt:

565 4003 630 4057 Et
688 4005 959 4058 undenam
987 4003 1417 4066 addisceremus,
1463 4004 1607 4072 quod
1634 4018 1662 4056 a
1701 4001 1835 4056 Filio
1864 4019 1985 4057 esse
2014 4003 2149 4055 dici-

566 4104 677 4160 tur,
715 4096 781 4147 ad
821 4095 1038 4149 Patrem
1073 4095 1399 4148 relationem
1437 4094 1672 4149 habere?
1697 4094 1809 4148 Nos
1840 4095 1906 4148 ad
1930 4108 2145 4158 eorum,

565 4200 691 4254 «tua:
739 4186 807 4239 ab
852 4188 986 4255 ipsis
1037 4188 1406 4255 postulantur,
1452 4184 1978 4238 demonstrationem
2023 4197 2148 4236 cum

562 4277 743 4344 aptius
803 4276 937 4329 nihil
1002 4286 1097 4329 aut
1156 4276 1521 4344 Opportunius
1583 4271 2148 4334 all‘erre‘valeamus,

565 4382 731 4436 quam
769 4383 893 4437 qua:
939 4381 1173 4436 magnus
1224 4366 1461 4422 Basilius
1507 4367 1561 4419 in
1610 4366 1715 4419 line
1760 4366 2015 4435 secundae
2056 4370 2139 4419 ad-

572 4475 770 4513 versus
822 4460 1155 4513 Eunomium
1213 4459 1478 4512 orationis
1524 4457 1682 4524 dixit,
1736 4458 1825 4512 illa
1872 4458 2061 4512 eadem
2100 4461 2151 4510 in

2163 3140 2215 3208 C

2245 1897 2392 1951 θοιτο
2421 1898 2488 1952 ἂν
2519 1900 2579 1951 ού
2610 1899 2681 1952 δι’
2714 1900 2844 1954 ἀλλο
2872 1918 2924 1954 τι
2954 1900 3137 1968 λέγειν
3164 1902 3330 1956 αὑτὸν
3357 1901 3461 1972 τὴν
3488 1901 3618 1970 παρ’
3655 1895 3802 1952 αὑτοῦ

2242 1990 2498 2046 δοθεῖσαν
2529 1993 2718 2046 πίστιν
2753 1994 3044 2048 ἀνόθευτον
3086 1990 3229 2048 εἶναι
3271 1994 3369 2048 καὶ
3422 1992 3803 2059 ἀκαπήλευτον,

2244 2084 2343 2137 καὶ
2373 2084 2450 2148 ὡς
2478 2086 2651 2156 αὐτὴν
2678 2085 2882 2152 ἔμαθεν
2919 2088 2983 2140 ὲκ
3031 2087 3132 2157 τῆς
3174 2086 3541 2140 θεοπνεύστου
3582 2085 3805 2155 Γραφῆς,

2244 2176 2342 2229 καὶ
2397 2175 2576 2231 ταῦτα
2626 2177 2866 2243 ἐλλιπῶς
2913 2178 3025 2231 τῶν
3083 2178 3177 2231 ἐπὶ
3228 2181 3295 2249 τῇ
3345 2177 3669 2249 ὲκπορεύσει
3724 2172 3807 2226 τοῦ

2246 2264 2568 2335 Πνεύματος
2600 2266 2991 2336 Εύαγγελικῶν
3019 2266 3219 2331 λέξεων
3253 2267 3513 2336 ἔχουσαν,
3547 2263 3658 2317 ἀλλ’
3684 2259 3808 2333 ἣδιά

2245 2357 2308 2409 τὸ
2342 2358 2418 2428 μὴ
2449 2359 2508 2410 ἐν
2536 2357 2771 2424 λέξεσιν,
2798 2359 2916 2413 ἀλλ’
2947 2360 3185 2422 ἐννοίαις
3214 2360 3427 2431 κρίνειν
3456 2359 3618 2412 αὐτὸν
3648 2356 3739 2425 τὴν
3759 2355 3807 2407 ὲν

2244 2450 2313 2519 τῇ
2346 2450 2530 2503 πίστει
2564 2450 2891 2521 προσθήκην
2922 2451 3017 2503 καὶ
3052 2449 3266 2519 ὕφεσιν.
3328 2451 3491 2504 Οὕτω
3514 2449 3572 2502 δὲ
3605 2444 3808 2519 βεϐαίας

2247 2541 2698 2612 ἀναφαινομένης
2727 2543 2825 2612 τῆς
2855 2542 3188 2607 ἀποδείξεως
3227 2540 3331 2597 τοῦ
3367 2543 3444 2612 μὴ
3493 2544 3551 2595 έν
3599 2538 3806 2605 λέξεσιν,

2248 2632 2368 2686 ἀλλ’
2400 2636 2640 2696 ἐννοίαις
2669 2635 2945 2705 περιεῖναι
2980 2635 3042 2687 τὸ
3068 2635 3164 2687 ἐπὶ
3195 2637 3263 2703 τῇ
3305 2634 3491 2687 πίστει
3521 2630 3806 2703 προσθεῖναι

2250 2726 2348 2779 καὶ
2374 2725 2618 2796 ὑφελεῖν,
2656 2727 2839 2797 μάτην
2884 2726 3072 2781 λοιπὸν
3099 2726 3361 2797 λέγοντες
3401 2727 3562 2797 ὑμεῖς
3603 2719 3809 2785 ἀπελέγο

2247 2814 2412 2884 χεσθε
2472 2816 2521 2868 oi
2558 2815 2659 2887 τὴν
2716 2815 3046 2887 Ῥωμαῖκῆς
3104 2816 3443 2885 Ἐκκλησίας
3492 2807 3811 2879 καταλλαγὴν

2254 2906 2352 2959 καὶ
2375 2906 2603 2977 εἰρήνην
2635 2907 3053 2977 διεγκαλοῦντες
3076 2911 3235 2981 ἡμῖν.

2865 3205 3120 3259 ΚΕΦΑΛ.
3150 3209 3223 3260 Δθ.

2248 3320 2404 3392 Πρός
2432 3316 2577 3383 τοὺς
2598 3316 3064 3392 διαποροῦντας,
3103 3339 3121 3371 t
3157 3323 3226 3373 El
3253 3322 3319 3376 τὸ
3352 3322 3513 3392 παρὰ
3567 3321 3670 3377 τοῦ
3702 3315 3818 3372 Υἰοῦ

2318 3389 2832 3511 εἵαὲλεγόμενον
2864 3392 3017 3458 πρὸς
3040 3393 3147 3445 τὸν
3173 3394 3361 3462 Πατέέ
3381 3389 3450 3447 α’
3472 3394 3586 3463 τὴν
3616 3395 3819 3460 ἀναφο-

2311 3476 2353 3528 ρ
2396 3476 2433 3513 ν
2494 3475 2605 3527 χει.
2642 3478 2662 3511 ι

2322 3608 2392 3663 α’.
2442 3607 2585 3662 Ἀλλ’
2615 3610 2740 3663 ἐπεὶ
2765 3609 3006 3681 ὁπηνίκα
3035 3612 3155 3675 ταῖς
3187 3614 3345 3684 παρά
3375 3613 3473 3668 τοῦ
3497 3611 3629 3667 Υιοῦ
3655 3608 3743 3666 καὶ
3760 3608 3815 3660 ἐκ

2251 3702 2345 3756 τοῦ
2381 3702 2511 3755 Υἱοῦ
2553 3696 2694 3756 εἶναι
2745 3704 2808 3756 τὸ
2858 3704 3087 3773 Πνεῦμα
3135 3705 3434 3775 δηλούσαις
3481 3709 3671 3778 ρήσεσι
3723 3701 3814 3754 τῶν

2252 3799 2426 3863 ἁγίων
2456 3798 2821 3867 ἀποκάμωσιν
2850 3798 3156 3865 ἀντιλέγειν
3185 3800 3235 3852 οἱ
3263 3803 3405 3872 πρὸς
3426 3801 3587 3855 τοῦτο
3616 3798 3817 3868 ἑπιρρε-

2254 3894 2376 3952 πεῑς
2402 3891 2812 3961 διαποροῦντες,
2853 3895 2947 3943 καὶ
2979 3892 3146 3945 πάλιν
3175 3894 3314 3961 φασί
3345 3911 3358 3925 ·
3389 3898 3496 3950 Καὶ
3535 3894 3698 3950 πόθεν
3724 3905 3814 3961 μα’

2255 3982 2369 4034 θεῖν
2401 3983 2595 4053 ἕξομεν
2634 3984 2696 4037 τὸ
2725 3982 2879 4055 παρὰ
2906 3983 2999 4037 τοῦ
3033 3984 3166 4039 Υἱοῦ
3215 3987 3522 4059 λεγόμενον
3569 3985 3706 4039 εἶναι
3753 3980 3822 4042 εἰς

2253 4074 2347 4127 τὸν
2386 4075 2607 4146 Πατέρα
2635 4074 2733 4147 τὴν
2764 4078 3044 4149 ἀναφορὰν
3093 4080 3274 4149 ἐχεινς
3327 4082 3494 4152 ἡμεῖς
3519 4082 3599 4142 είς
3624 4074 3822 4130 ἀπόδει-

2260 4164 2363 4231 ξιν,
2396 4160 2470 4218 ὧν
2511 4166 2830 4232 ἀπαιτοῦσι,
2884 4169 3054 4238 μηδὲν
3095 4171 3316 4239 ἔχοντες
3361 4174 3544 4225 εἰπεῖν
3575 4164 3824 4241 προσφυέρ

2259 4274 2472 4329 στερον,
2506 4251 2583 4312 ὧν
2608 4260 2637 4312 ὁ
2662 4261 2836 4329 μέγας
2856 4260 2965 4331 ἔφη
2999 4263 3283 4326 Βασίλειος
3315 4265 3452 4335 περὶ
3491 4265 3562 4318 τὰ
3588 4262 3713 4330 τέλη
3741 4253 3822 4310 τοῦ

2258 4350 2515 4421 δευτέρου
2543 4350 2655 4404 τῶν
2688 4352 2808 4405 κατ’
2834 4352 3105 4422 Εὐνομίου
3133 4354 3311 4423 λόγων
3345 4357 3541 4421 αὑτοῦ,
3569 4357 3746 4410 ἐκεῖνα
3770 4349 3826 4418 δὴ

2261 4445 2358 4497 καὶ
2382 4447 2765 4516 προτείνομεν,
2801 4445 2837 4499 ἃ
2866 4448 2962 4499 καὶ
2991 4447 3208 4518 ἔχουσιν
3235 4448 3413 4513 οὕτως
3442 4466 3458 4482 ·
3494 4471 3515 4502 ε
3560 4450 3760 4502 Ἐκεῖνο
3778 4442 3829 4495 δὲ

570 4550 809 4604 medium
863 4551 1217 4615 adducimus,
1258 4566 1385 4618 qua:
1417 4550 1565 4603 hunc
1600 4551 1654 4604 in
1694 4551 1931 4605 modum
1965 4566 2025 4605 se
2061 4551 2139 4604 ha-

2261 4533 2369 4585 τίνι
2400 4535 2510 4588 τῶν
2548 4535 2770 4589 πάντων
2799 4536 3001 4606 ἄδηλον
3021 4579 3036 4604 ,
3068 4539 3152 4592 ὅτι
3182 4540 3415 4611 οὐδεμία
3457 4543 3710 4612 ἐνέργεια
3743 4535 3829 4589 τοῦ

568 4645 700 4697 bent
735 4659 753 4698 .'
788 4659 806 4692 ι
849 4642 985 4696 Illud
1019 4657 1147 4697 vero
1178 4643 1266 4695 cui
1301 4657 1409 4695 non
1444 4653 1611 4711 patet,
1666 4644 1813 4711 quod
1846 4642 1993 4696 nulla
2026 4640 2149 4696 Filii

567 4737 815 4805 operatio
850 4751 879 4788 a
936 4733 1100 4788 Patre
1155 4736 1332 4789 divisa
1379 4747 1512 4790 est:
1569 4751 1671 4790 nec
1723 4745 1808 4791 est
1851 4733 2061 4805 aliquid
2096 4736 2149 4788 in

571 4831 758 4890 rebus,
817 4828 965 4896 quod
1003 4826 1141 4881 Filio
1175 4827 1327 4891 insit,
1377 4837 1434 4882 et
1472 4845 1499 4881 a
1554 4827 1712 4883 Patre
1753 4829 1992 4882 alienum
2040 4827 2154 4882 sit?

574 4940 591 4969 ε
626 4920 847 4981 Umttia,
890 4939 908 4970 ι
945 4923 1142 4988 tuquit,
1177 4937 1196 4971 ι
1229 4936 1346 4975 mea
1381 4930 1470 4975 tua
1495 4931 1642 4986 sunt,
1669 4929 1724 4976 et
1753 4930 1846 4975 tua
1880 4936 1996 4975 mea
2031 4920 2098 4972 ".
2128 4938 2147 4971 ι

569 5012 853 5077 Quomodo
888 5027 1019 5081 ergo
1080 5012 1316 5081 Spiritus
1355 5029 1575 5068 causam
1624 5025 1680 5068 et
1712 5015 1978 5083 originem
2019 5013 2155 5069 Uni—

571 5106 755 5173 genito
787 5107 887 5158 soli
924 5104 1203 5170 attribuit,
1234 5116 1289 5159 et
1318 5105 1386 5159 ad
1435 5106 1556 5175 ejus
1592 5106 1957 5160 accusandam
1995 5114 2155 5158 natu-

576 5211 691 5248 ram
726 5194 894 5263 hujus
927 5197 1260 5251 creationem
1294 5196 1526 5267 accipit?
1563 5196 1618 5251 Si
1654 5198 1826 5266 igitur
1850 5198 1959 5249 duo
1998 5196 2152 5264 priu-

573 5287 714 5357 cipia
756 5288 810 5340 in
854 5289 1164 5357 oppositum
1196 5290 1334 5343 inter
1371 5306 1430 5343 se
1469 5288 1699 5352 ducens,
1733 5290 1848 5343 haec
1892 5290 1993 5352 ait,
2027 5304 2151 5341 cum

574 5377 876 5431 Manichmo
899 5388 954 5432 et
985 5379 1261 5433 Marcioue
1317 5390 1655 5433 conteretur.
1688 5379 1849 5445 Quod
1873 5382 1919 5434 si
1950 5380 2020 5434 ab
2044 5394 2156 5433 uno

576 5471 886 5538 dependere
929 5485 995 5525 ac
1046 5472 1267 5541 prodire
1309 5473 1496 5526 omnia
1544 5480 1720 5540 putat,
1767 5471 1915 5540 quod
1944 5487 1973 5523 a
2013 5470 2154 5525 Filio

575 5576 699 5615 esse
732 5561 934 5617 dicitur
975 5563 1211 5626 factum,
1241 5562 1309 5617 ad
1347 5564 1581 5632 primam
1614 5576 1853 5629 ,causam
1896 5561 2155 5631 refertur,

576 5667 750 5721 quare
781 5663 836 5708 ct
860 5656 905 5709 si
932 5664 1132 5711 cuncta
1161 5655 1427 5723 producta
1448 5669 1569 5709 esse
1596 5670 1692 5724 per
1720 5652 1953 5709 Verbum
1981 5654 2152 5710 Deum

643 5812 690 5847 ⁸⁸
717 5811 879 5872 Joau.
926 5830 1060 5880 xvn,
1090 5813 1180 5867 to.

2261 4625 2393 4678 Υἱοῦ
2417 4628 2852 4699 ἀποτετμημένη
2878 4632 2995 4684 ἐστὶ
3019 4632 3114 4685 τοῦ
3144 4634 3381 4703 Πᾳτρὸς,
3411 4636 3536 4688 οὐδὲ
3566 4635 3681 4686 ἐστι
3707 4648 3754 4684 τι
3779 4631 3830 4680 ὲν

2258 4721 2373 4782 τοῖς
2401 4716 2520 4773 οὖσι
2547 4721 2625 4791 τῷ
2653 4721 2771 4791 Υἱῴ
2798 4724 3070 4795 ὑπάρχον,
3111 4727 3139 4780 ὃ
3172 4727 3267 4780 τοῦ
3312 4730 3529 4800 Πατρὸς
3555 4724 3832 4799 ὴλλοτρίωο

2259 4827 2349 4861 ται
2379 4825 2395 4876 ;
2434 4828 2454 4861 ι
2487 4811 2676 4865 Πάντα
2702 4814 2835 4883 γὰρ,
2867 4832 2886 4865 ι
2947 4816 3105 4887 φησι,
3155 4836 3174 4868 ι
3206 4823 3273 4871 τὰ
3303 4820 3417 4890 ἐμὰ
3465 4822 3536 4874 σά
3587 4822 3719 4882 ἐστι,
3753 4828 3834 4866 και

2258 4906 2328 4955 τά
2363 4903 2432 4958 σὰ
2478 4905 2609 4975 ὲμά.
2647 4925 2666 4958 ι
2719 4907 2840 4970 Πῶ,
2866 4905 2960 4962 οὖν
2994 4911 3094 4980 τὴν
3155 4911 3254 4964 τοῦ
3296 4913 3620 4983 Πνεύματος
3667 4908 3835 4963 αἰτίαν

2260 4996 2339 5067 τῷ
2371 4998 2677 5067 Μονογενεῖ
2728 5000 2880 5070 μόνῳ
2928 5004 3283 5076 προστίθησι.
3331 5009 3433 5059 καὶ
3482 5005 3835 5074 κατηγόρημα

2260 5089 2361 5158 τῆς
2410 5089 2626 5159 φύσεως
2658 5092 2825 5145 αὐτοῦ
2860 5092 2960 5165 τὴν
3010 5096 3205 5149 τούτου
3263 5097 3540 5168 λαμόἀνει
3584 5098 3837 5167 δημιουρ-

2253 5184 2421 5249 γίαν;
2459 5184 2518 5237 El
2552 5184 2653 5253 μὲν
2702 5185 2798 5239 δύο
2846 5187 3024 5257 ἀρχὰς
3077 5190 3543 5262 ἁντιπαρεξά,ων
3592 5190 3835 5262 ἀλλήλαις

2256 5274 2430 5327 ταῦτά
2456 5292 2614 5345 φησι,
2649 5279 2789 5347 μετά
2816 5280 3125 5349 Μανιχαίου
3154 5283 3251 5336 καὶ
3265 5285 3598 5355 Μαρκίωνος
3637 5295 3839 5351 συντρι-

2258 5365 2490 5436 ϐήσεται
2522 5383 2537 5398 ⁸
2574 5371 2623 5422 εί
2654 5369 2712 5422 δὲ
2745 5372 2873 5440 μιᾶς
2911 5373 3138 5438 ἐξάπτει
3186 5376 3254 5429 τὰ
3287 5376 3448 5442 ὄντα,
3476 5380 3539 5430 τὸ
3568 5378 3718 5447 παρὰ
3753 5371 3839 5426 τοῦ

2258 5456 2392 5511 Υἱοῦ
2425 5461 2758 5532 γεγενῆσθαι
2796 5464 3091 5534 λεγόμενον
3119 5468 3254 5534 πρὸς
3276 5469 3380 5538 τὴν
3417 5469 3649 5541 πρώτην
3673 5467 3841 5521 αἰτίαν

2257 5549 2684 5628 την-ἀναφορὰν
2738 5553 2876 5624 ἔχει.
2907 5556 3069 5610 ’Ὥστε
3122 5559 3226 5612 κᾶν
3258 5560 3441 5613 πάντα
3486 5565 3569 5628 είς
3616 5561 3678 5615 τὸ
3712 5555 3840 5611 εἶναι

2264 5614 2545 5712 παρ’ῆχθαι
2572 5614 2660 5698 διὰ
2691 5614 2946 5702 τούῐθεοῦ
2980 5650 3156 5719 Λόγου
3192 5614 3571 5722 πιστεύωμενὶ
3607 5653 3742 5706 ἀλλὰ
3771 5649 3827 5701 τὸ
