4054 6438
244 427 330 492 201

244 544 433 596 πάντων
487 538 663 594 αἴτιον
705 533 848 593 εἴναι
884 537 973 592 τὸν
1005 537 1140 591 Θεὸν
1170 537 1279 591 τῶν
1308 537 1448 591 ὅλων
1488 536 1589 590 οὒκ
1625 537 1791 604 ἀφαιέ

241 632 479 703 ρούμεθσ..
504 630 692 685 Ταῦτα
725 630 827 700 μὲν
850 627 945 683 οὖν
970 631 1130 699 ἡμεῖς
1154 628 1231 699 τῷ
1258 628 1401 698 λόγῳ
1432 627 1786 697 προτείνομεν

238 727 310 789 εἰς
346 724 611 791 ἀπόδειξιν
646 724 740 776 τοῦ
777 722 875 794 τὴν
894 724 1080 776 αἰτίαν
1105 722 1199 775 τοῦ
1232 720 1546 791 Πνεύματος
1580 722 1659 782 εἰς
1694 719 1786 773 τὸν

238 818 433 879 Πατέρα
464 818 566 888 τὴν
601 816 879 886 ἀναφορὰν
903 814 1069 886 ἔχειν,
1093 814 1194 867 κᾶν
1224 816 1320 868 καὶ
1355 813 1507 883 παρά
1527 812 1623 866 τοῦ
1654 809 1785 864 Υἰοῦ

234 909 438 978 λέγηται
465 904 606 962 εἰναι
635 908 786 963 αὑτό.

303 1029 365 1100 β’.
397 1024 555 1082 Οὗτοι
586 1029 641 1081 δὲ
679 1027 1103 1099 ἐριστικώτερον
1134 1029 1264 1099 ἡμῖν
1307 1027 1403 1080 καὶ
1447 1019 1611 1082 πάλιν
1666 1028 1788 1081 6m-

238 1121 498 1191 φυόμενοι,
536 1119 677 1172 Ἀλλ’
700 1122 727 1173 6
755 1120 948 1189 μέγας.
968 1120 1125 1186 φασὶ,
1159 1119 1457 1185 Βασίλειος,
1486 1119 1612 1171 ὅσον
1638 1119 1789 1172 ὲστέν

233 1214 435 1265 εἰκάσαι
494 1211 603 1263 ἀπὺ
652 1210 761 1262 τῶν
814 1208 1083 1280 ρηθεισῶν
1136 1207 1357 1273 λέξεων,
1394 1209 1456 1262 οὐ
1510 1212 1638 1275 περ)⁵
1683 1209 1786 1276 τῆς

232 1303 468 1370 Θεότητος
501 1300 598 1352 τοῦ
633 1299 956 1369 Πνεύματος
1001 1297 1237 1352 ἐνταῦθα
1265 1297 1537 1366 θεολογῶν
1572 1299 1679 1369 ἔφη
1717 1299 1786 1351 τὰ

229 1380 502 1462 είρημὲνα,
552 1391 640 1444 ἵνα
690 1392 825 1460 ἡμῖν
872 1390 1023 1454 λύσις
1061 1390 1155 1443 τοῦ
1191 1390 1529 1461 ζητουμένου
1560 1392 1785 1462 γένηται

226 1483 403 1535 ταῦτα.
451 1480 595 1533 Ἀλλ’
647 1483 765 1533 ἐπεὶ
833 1481 1041 1551 κτίσμα
1096 1482 1192 1534 τοῦ
1240 1480 1369 1533 Υίοῦ
1427 1482 1455 1534 6
1520 1479 1787 1549 Εὑνόμιος

231 1574 576 1640 ἱδλασιρὴμει,
599 1570 826 1641 διαιρῶν
846 1571 901 1624 δὲ
936 1571 1071 1625 αὐτὸ
1100 1570 1196 1624 τοῦ
1234 1572 1469 1644 Πατρὸς,
1501 1573 1665 1642 μόνον
1690 1571 1784 1626 τοῦ

237 1663 352 1718 Tim}
383 1665 533 1730 ἔλεγε
566 1663 777 1732 κτίσμα
805 1658 946 1715 εἶναι
969 1663 1124 1725 αὐτὸ,
1146 1663 1223 1726 ὡς
1257 1664 1557 1734 προτάσεις
1581 1665 1608 1716 ὁ
1628 1661 1786 1731 ἅγιος

236 1756 628 1825 προτιθέμενος,
695 1756 755 1807 τὸ
788 1774 806 1805 ι
844 1755 1135 1824 Μηδεμίαν
1166 1756 1449 1825 ἐνέργειαν
1501 1756 1591 1808 τοῦ
1646 1755 1778 1809 Υίοῦ

242 1847 684 1915 ἀποτετμημὲνην
713 1845 809 1899 τοῦ
841 1847 1055 1918 Πατρδς
1083 1843 1245 1912 εἶναι,
1293 1847 1429 1920 μηδὲ
1470 1843 1614 1902 εἷναί
1646 1864 1699 1899 τι
1725 1849 1783 1899 ὲν

239 1942 340 2003 τοῖς
360 1937 470 1992 οὖσι
497 1941 569 2009 τῷ
593 1940 713 2010 Υἱῷ
742 1940 1013 2013 ὑπάρχον,
1036 1940 1064 1991 6
1103 1939 1199 1993 τοῦ
1230 1940 1445 2011 Πατρὸς
1474 1940 1788 2010 ἡλλωτρίω-

231 2048 331 2093 ται,
369 2050 388 2082 ι
420 2032 643 2098 συνάγει
667 2030 921 2084 ἐντεῦθεν
955 2032 1016 2084 τὸ
1068 2033 1255 2094 κακῶς
1313 2032 1409 2086 καὶ
1465 2032 1786 2101 ἐπισφαλῶς

224 2126 316 2195 τὴν
345 2124 437 2176 τοῦ
468 2124 789 2188 Πνεύματος
846 2125 1028 2179 αἰτίαν
1076 2126 1155 2196 τῷ
1185 2127 1485 2195 Μονογενεί
1517 2129 1665 2198 μόνῳ
1694 2127 1786 2180 τὸν

222 2219 478 2287 Εὐνόμιον
508 2209 891 2288 προστιθέναι,
922 2220 1017 2272 καὶ
1047 2220 1420 2290 κατηγόρημα
1444 2220 1546 2288 τῆς
1569 2221 1786 2288 φύσεως

223 2310 380 2363 αὐτοῦ
412 2311 516 2381 τὴν
540 2311 735 2364 τούτου
769 2311 1070 2382 λαμϐάνειν
1108 2314 1499 2385 δημιουργίαν.
1537 2313 1779 2367 Τοιαῦτα

226 2408 324 2467 τοῖς
351 2404 657 2473 ἡμετέροις
687 2405 1210 2475 ἀντιπροτεινόντων
1251 2406 1457 2466 αὐτῶν.
1493 2408 1651 2478 ἡμεῖς
1684 2408 1789 2461 πά-

227 2497 314 2561 λιν,
345 2497 455 2550 Καὶ
485 2496 565 2560 τί,
591 2495 799 2566 φαμὲν,
833 2497 961 2567 ὑμῖν
987 2498 1166 2564 δοκεῖ,
1201 2497 1502 2567 βέλτιστοι;
1527 2492 1676 2569 ’Λρά
1722 2514 1788 2567 γε

222 2590 302 2643 διὰ
332 2588 494 2641 τοῦτο
529 2590 828 2652 κακιστέος
863 2589 1128 2660 Εὐνόμιος
1176 2591 1322 2657 εδοξε
1356 2590 1432 2661 τῷ
1460 2591 1634 2661 [lupi
1676 2591 1787 2643 Βα-

219 2680 415 2752 σιλείῳ,
450 2680 629 2750 λέγων
665 2676 742 2735 ὲκ
770 2681 936 2749 μόνου
972 2680 1067 2736 τοῦ
1096 2683 1225 2737 Υἱοῦ
1250 2685 1310 2737 τὸ
1340 2684 1591 2756 Πνεῦμα,
1647 2686 1786 2739 διότι

214 2775 349 2842 ἔφθη
381 2773 592 2843 κτίσμα
620 2774 754 2827 Υἱοῦ
811 2776 871 2826 τὺ
917 2775 1143 2847 Πνεῦμα
1175 2776 1386 2842 είπεῖν;
1442 2780 1554 2832 Καὶ
1599 2780 1649 2831 εἰ
1699 2779 1789 2832 διὰ

213 2866 374 2918 τοῦτο
408 2865 785 2935 ἀναμφίσολος
812 2865 935 2920 καθ’
955 2867 1099 2935 ὑμᾶς
1124 2869 1414 2922 ἀκολουθεῖ
1439 2871 1619 2922 ἔννοια
1647 2871 1787 2924 κατὰ

206 2960 269 3011 τὸ
298 2959 686 3029 σιωπώμενον,
735 2959 833 3020 ὡς,
866 2960 916 3011 εἰ
953 2966 1026 3031 μὴ
1066 2961 1307 3031 κτίσμα,
1343 2962 1480 3015 ἀλλὰ
1533 2963 1667 3016 Θεὸν
1727 2963 1788 3017 τὺ

205 3051 438 3120 Πνεῦμα
470 3052 687 3122 φρονῶν
721 3055 747 3106 6
782 3053 1049 3125 Εὐνόμιος
1082 3057 1148 3106 ἐκ
1174 3056 1346 3124 μόνου
1372 3054 1472 3108 ’τοῦ
1504 3055 1635 3108 Υἱοῦ
1669 3056 1788 3109 ἐλε-

205 3161 303 3213 γεν
355 3141 503 3200 εἶναι
552 3145 706 3211 αὐτὸ,
735 3146 838 3199 οὐκ
866 3146 935 3201 ἂν
981 3147 1135 3218 παρὰ
1164 3146 1243 3218 τῷ
1294 3147 1474 3219 Πατρὶ
1525 3149 1788 3220 Βασιλείῳ

210 3237 509 3306 ὲκακίσθη.
542 3236 615 3289 Ἦ
637 3237 749 3307 γὰρ
782 3238 989 3307 κτίσμα
1013 3241 1073 3291 τὸ
1104 3238 1331 3311 Πνεῦμα
1358 3240 1479 3293 κατ’
1502 3240 1785 3311 Εὐνόμιον,
1812 3258 1859 3317 ο

210 3330 308 3381 καὶ
338 3330 402 3380 τὺ
430 3326 759 3399 βλάσφημον
794 3332 874 3392 εἰς
900 3331 1009 3399 τὴν
1038 3332 1246 3384 ἐκείνω
1300 3331 1560 3402 τρέποιτο
1616 3347 1790 3400 κεφα-

207 3414 336 3484 λὴν,
368 3415 405 3487 ἢ
435 3417 498 3468 οὐ
527 3417 736 3486 κτίσμα
764 3420 905 3472 κατὰ
934 3426 1032 3488 τὴν
1062 3422 1161 3491 τῆς
1188 3420 1471 3491 θεολογίας
1501 3422 1787 3492 ἀληθειαν,

207 3509 311 3561 καὶ
353 3512 405 3561 εἰ
433 3508 527 3562 διὰ
551 3508 651 3579 τὴν
685 3509 782 3561 τοῦ
835 3510 1137 3580 κτίσματος
1192 3512 1353 3579 δόξαν
1414 3514 1708 3577 κακιστέος
1760 3515 1790 3568 6

204 3600 480 3670 Εὐνόμιος
537 3600 717 3668 λέγων
741 3603 808 3655 ὲκ
842 3603 1008 3672 μόνου
1039 3604 1132 3657 τοῦ
1161 3604 1291 3659 Υίοῦ
1321 3606 1383 3660 τὸ
1416 3606 1665 3677 Πνεῦμα,
1693 3605 1790 3677 εῦ-

199 3692 361 3761 δηλον
418 3692 496 3757 ὡς
553 3696 582 3745 6
627 3693 766 3747 Θεὸν
798 3696 862 3747 τὸ
894 3695 1114 3768 Ιινεῦμα
1150 3698 1363 3768 φρονῶν
1386 3699 1447 3751 οὐ
1475 3701 1787 3769 κακιστέος,

206 3786 274 3836 ὲκ
324 3786 495 3854 μόνον
543 3785 639 3838 τοῦ
671 3785 804 3838 Υἱοῦ
861 3786 1037 3854 λέγων
1080 3789 1237 3843 αὑτό.
1271 3790 1378 3843 Καὶ
1411 3792 1572 3858 ὁρᾶτε
1608 3793 1788 3861 ὑμεῖς,

212 3874 427 3941 μήποτε
455 3877 554 3928 τὸν
591 3876 798 3929 καπνὸν
831 3877 1129 3945 φεύγοντες
1172 3881 1503 3949 ἐμπεσετσοε
1532 3881 1687 3952 πυρί.
1725 3882 1790 3934 Oi

205 3966 317 4035 γαρ
347 3968 509 4035 παρὰ
540 3967 707 4035 μόνου
735 3966 830 4019 τοῦ
870 3969 1084 4039 Πατρὸς
1108 3964 1246 4023 εἶναι
1283 3970 1343 4023 τὸ
1389 3971 1614 4041 Πνεῦμα
1652 3970 1792 4024 διενο

204 4060 525 4129 ιστάμενοι,
584 4060 772 4131 ὥσπερ
818 4062 1300 4132 ἐπιλανθανόμενοι
1351 4064 1428 4134 μὴ
1481 4059 1644 4134 μόνόυ
1695 4062 1790 4118 τοῦ

190 4154 424 4224 Πατρεὺς
486 4154 711 4224 Πνεῦμα
767 4150 910 4218 εῖναι
969 4154 1123 4222 αὒτδ,
1179 4157 1391 4210 δοκεῖτε
1446 4159 1537 4210 τὸν
1615 4158 1790 4229 μέγαν

191 4248 491 4315 παράγειν
524 4247 811 4301 Βασίλειον
848 4252 914 4303 ὲκ
949 4253 1048 4320 τῆς
1078 4249 1199 4302 κατ’
1236 4250 1502 4319 Εὐνομίαν
1535 4252 1793 4322 ἀντιῤῥή-

189 4355 338 4401 crto;
407 4340 782 4404 συνιστῶντα,
810 4342 876 4394 ἐκ
946 4342 1108 4412 μόνου
1168 4341 1264 4395 τοῦ
1333 4342 1466 4396 Υἱοῦ
1527 4339 1665 4398 εἶναι
1730 4345 1791 4396 τὸ

185 4432 465 4504 Πνεῦμα,
498 4436 643 4487 κατὰ
674 4436 775 4504 τὴν
811 4435 1001 4506 ϐεῖκὴν
1031 4436 1222 4489 οὐσίαν
1257 4436 1448 4493 αὐτοῦ.

263 4564 347 4631 γ’.
388 4562 552 4632 Φημὶ
574 4559 682 4631 γὰρ
709 4563 806 4616 καὶ
838 4562 1000 4616 πάλιν
1022 4563 1119 4627 ὡς,
1152 4534 1250 4617 ιᾶν
1279 4563 1400 4619 καθ’
1434 4564 1579 4635 ὑμᾶς
1608 4566 1636 4619 ὀ
1666 4563 1788 4618 κατ’

182 4656 484 4729 ξίῦνομίου
521 4657 717 4723 γέγονε
752 4655 1092 4725 γογγυσμὸς,
1130 4655 1381 4725 λέγοντος
1411 4658 1476 4710 ὲκ
1508 4657 1669 4726 μόνον
1692 4656 1786 4711 τοῦ

185 4748 318 4803 Υἱοῦ
354 4747 516 4802 εἶναι
548 4748 611 4800 τὸ
661 4747 925 4816 Πνεῦμα,
970 4748 1049 4817 τῷ
1082 4748 1325 4813 δοξάζειν
1367 4749 1531 4802 αὐτὸν
1583 4752 1791 4821 κτίσμα

180 4836 326 4895 εἶναι
352 4844 425 4895 τὸ
447 4839 706 4910 Πνεῦμα,
743 4840 1020 4910 πρόδηλον
1036 4840 1111 4904 ὡς
1141 4841 1242 4894 οὐκ
1270 4841 1337 4895 ἂν
1363 4842 1632 4912 ἐκακίσθη
1653 4844 1791 4911 πρὸς

177 4935 236 4985 τὸ
262 4938 337 4988 ὲκ
375 4933 559 5004 μόνου
591 4930 684 4984 τοῦ
712 4930 845 4984 Υίοῦ
878 4932 1059 5001 λέγειν
1109 4934 1262 4996 αὐτὸ,
1315 4936 1366 4986 εἰ
1410 4932 1543 4989 Θεὸν
1572 4935 1790 5005 ἐφρόνει

170 5028 323 5081 αὐτὸ
350 5045 366 5058 ·
410 5026 520 5080 καὶ
550 5024 650 5095 τῆς
693 5026 902 5088 ἑννοίας
936 5025 1140 5096 ταύτης
1190 5026 1510 5081 ἀκολουθεῖν
1546 5029 1793 5100 ἠναγκα-

168 5121 402 5190 σμένης
443 5117 599 5172 κατὰ
648 5117 709 5171 τὸ
743 5118 1127 5188 σιωπώμενον,
1153 5115 1221 5173 ὀἱ
1270 5119 1426 5190 παρὰ
1477 5122 1641 5191 μόνου
1694 5120 1790 5174 τοῦ

162 5206 413 5283 Ῑιατρὸς
443 5207 601 5264 εἶναι
630 5209 692 5263 τὸ
733 5210 961 5287 Πνεῦμα
993 5211 1390 5282 διενιστάμενοι
1411 5252 1427 5278 ,
1460 5213 1790 5267 λανθάνουσι

164 5308 340 5373 παρὰ
373 5307 557 5375 μόνου
584 5301 680 5357 τοῦ
714 5302 847 5356 Υἱοῦ
881 5302 1244 5367 συνιστῶντες
1277 5299 1417 5357 εἶναι
1450 5305 1609 5358 αὑτό.
1647 5305 1790 5358 Ἀλλ’

164 5398 350 5469 εἰπερ
377 5398 446 5450 τὸ
483 5393 739 5449 ἐντεῦθεν
767 5394 1085 5449 ἀνακύπτον
1114 5395 1319 5450 ἄτοπον
1354 5398 1448 5450 καὶ
1476 5396 1791 5468 παράλογον

168 5493 549 5562 παρίστησιν
585 5487 837 5559 ἐναργῶς
872 5486 947 5557 μὴ
976 5485 1067 5541 διὰ
1098 5487 1197 5557 τὴν
1228 5488 1322 5541 τοῦ
1354 5491 1657 5560 κτίσματος
1700 5490 1790 5545 56-

157 5586 273 5648 ξαν
307 5582 667 5648 κακίζεσοαι
691 5581 843 5652 παρὰ
866 5579 961 5632 τοῦ
997 5576 1238 5650 μεγάλου
1266 5582 1552 5649 Βασιλείου
1579 5586 1672 5636 τὸν
1701 5585 1790 5637 αἱ·

157 5680 426 5747 ρετικὸν
463 5660 762 5744 Εὐνόμιον,
788 5678 856 5726 ὲκ
891 5674 1056 5744 μόνου
1088 5674 1183 5728 τοῦ
1217 5674 1349 5728 Υίοῦ
1381 5674 1613 5745 λέγοντα
1643 5674 1789 5732 εἶναι

146 5770 232 5824 τὸ
262 5773 550 5841 Πνεῦμα,
574 5769 713 5822 ἀλλὰ
756 5767 848 5821 διὰ
891 5768 1054 5835 μόνον
1086 5767 1307 5822 uti-.676
1348 5769 1484 5832 ὅλως
1519 5772 1584 5824 ὲκ
1622 5773 1786 5842 μόνου

162 5865 408 5930 εξπεῖν,
442 5864 556 5917 εἴτε
588 5861 664 5923 ὡς
686 5862 715 5914 ὀ
743 5859 1015 5929 Εὑνόμιος
1040 5860 1389 5931 ἐϐλασφήμει
1415 5864 1644 5935 κτίσμα,
1671 5867 1783 5919 εἴτε

454 5959 732 6018 Ριτιιοι..
768 5958 885 6016 Gn.
924 5953 1131 6017 CXLI.

182 6053 295 6072 *ς-

1242 419 1344 481 DE
1384 419 1902 481 PROCESSIONE
1939 420 2001 479 S.
2042 420 2429 483 SPlRlTUS.

3352 422 3458 476 203

1822 545 1864 600 Α
1900 510 2201 599 credimus.
2240 537 2488 590 omnium
2521 543 2715 590 ‘tamen
2747 549 2870 591 esse
2895 547 3120 590 causam
3161 531 3329 588 Deum
3352 548 3459 587 non

1894 641 2178 695 negamus.
2220 647 2240 680 ι
2288 628 2409 682 Ιιαιο
2440 631 2627 698 itaque
2678 643 2782 685 nos
2824 629 2928 683 bac.
2984 636 3169 682 nostra
3216 624 3464 680 oratione

1896 719 2275 788 proponimus,
2312 731 2379 773 ut
2417 721 2799 784 ostendamus.
2853 736 3074 776 causam
3112 719 3355 790 Spiritus
3393 718 3464 773 ad

1895 807 2110 863 Patrem
2145 810 2362 875 referri,
2400 812 2528 865 licet
2564 812 2652 867 ille
2686 820 2742 867 et
2791 827 2822 866 a
2891 810 3030 866 Filio
3075 826 3200 867 esse
3237 810 3462 864 dicitur.

1965 1008 2021 1066 2.
2064 1012 2134 1067 At
2178 1011 2232 1067 hi
2269 1024 2440 1082 porro
2483 1014 2885 1067 contentius-ius
2921 1014 3078 1070 nobis
3125 1012 3502 1083 insistentes,‘

1897 1105 2002 1159 Sed
2034 1120 2283 1175 magnus,
2327 1106 2602 1175 inquiunt,
2639 1105 2899 1171 Basiiius,
2935 1119 2989 1161 ut
3025 1124 3088 1162 ex
3128 1107 3287 1163 dictis
3318 1107 3470 1162 voci-
3512 1122 3519 1128 '

1896 1196 1994 1250 bus
2024 1197 2297 1265 conjicere
2342 1212 2656 1267 possumus,
2701 1214 2807 1253 non
2842 1202 2907 1255 de
2953 1201 3157 1255 deitate
3204 1200 3465 1269 Spiritus,

1894 1302 2017 1356 qua:
2047 1287 2283 1343 adducta
2327 1298 2476 1354 sunt,
2524 1291 2855 1356 enuntiarit,
2890 1300 2950 1344 ut
3002 1292 3323 1361 qiucstionis
3366 1308 3468 1345 no-

1894 1391 2021 1434 strae
2044 1379 2242 1435 solutio
2272 1396 2455 1437 essent
2484 1401 2497 1435 :
2525 1386 2618 1437 sed
2643 1399 2767 1438 cum
2792 1381 2915 1438 ΡΗιί
2948 1393 3254 1438 creaturam
3284 1384 3470 1437 Euno-

1902 1471 2044 1527 mins
2093 1473 2335 1542 improbe
2393 1475 2819 1546 blasphemi-que
2865 1484 3152 1539 assereret,
3188 1491 3473 1545 separatis-

1890 1579 1997 1634 que
2018 1581 2146 1620 eum
2176 1581 2207 1622 a
2250 1565 2431 1632 Patre,
2473 1569 2644 1624 setius
2675 1568 2792 1624 Filii
2820 1579 3126 1624 creaturam
3156 1569 3470 1635 alllrmaret,

1892 1671 2218 1726 pt'choneus
2272 1674 2495 1716 sanctus
2545 1663 2708 1716 veluti
2763 1663 3140 1730 pronuntiata.
3189 1681 3207 1715 ι
3252 1662 3469 1716 Nullam

1896 1751 2269 1816 operationem
2314 1750 2432 1804 Filii
2484 1768 2512 1806 a
2569 1751 2729 1807 Patre
2776 1756 3006 1808 divisam
3057 1771 3227 1811 esse:
3274 1775 3293 1808 ι
3333 1765 3405 1818 et,
3441 1773 3463 1806 ι

1896 1838 2015 1893 Non
2039 1857 2159 1896 esse
2184 1842 2397 1912 aliquid
2440 1843 2495 1897 iu
2533 1846 2719 1911 rebus,
2763 1846 2907 1914 quod
2958 1845 3096 1900 Filio
3131 1847 3280 1911 insit,
3336 1855 3390 1899 et
3436 1861 3469 1900 a

1823 1903 1864 1957 Β
1900 1929 2066 1987 Patre
2098 1933 2343 1988 alienum
2374 1936 2477 2000 sit;
2515 1954 2533 1987 ι
2596 1937 2723 1991 inde
2760 1939 2990 2007 colligit,
3040 1938 3202 2002 male,
3252 1946 3308 1993 et
3356 1953 3469 1991 non

1894 2022 2017 2078 sine
2047 2039 2261 2089 errore,
2292 2041 2515 2081 causam
2572 2025 2808 2098 Spiritus
2857 2029 3155 2098 Unigenito
3180 2029 3280 2084 soli
3317 2029 3472 2083 attri-

1895 2116 2009 2184 bui,
2038 2127 2093 2173 et
2113 2118 2179 2172 ad
2211 2122 2574 2175 accusandam
2611 2122 2759 2178 illius
2796 2135 3070 2191 naturam,
3107 2124 3272 2194 hujus
3317 2140 3474 2178 crea-

1891 2209 2099 2263 tionem
2137 2212 2369 2267 assumi.
2407 2213 2533 2269 llaec
2577 2214 2684 2269 illis
2728 2215 3117 2282 objicientibus
3147 2233 3244 2273 nos
3272 2234 3470 2274 rursus

1897 2307 2336 2371 respondemus:
2379 2305 2443 2361 Et
2482 2309 2635 2378 quid,
2673 2309 2974 2379 inquimus,
3009 2312 3164 2367 vobis
3212 2313 3473 2367 videtur?

1895 2393 1999 2444 viri
2054 2394 2267 2461 Optimi.
2312 2394 2453 2448 Num
2487 2407 2773 2466 prepterea
2799 2397 2945 2453 Patri
2977 2401 3178 2455 Basilio
3206 2403 3471 2457 condem-

1896 2486 2109 2540 nandus
2151 2487 2303 2541 risus
2342 2495 2432 2541 est
2471 2488 2773 2545 Eunomius
2820 2492 3007 2546 dicens
3048 2510 3113 2548 ex
3159 2495 3277 2549 solo
3330 2490 3470 2549 Filio

1896 2573 2183 2643 Spiritum,
2213 2580 2366 2647 quod
2400 2591 2561 2634 antea
2587 2581 2800 2635 dixerat
2842 2593 3149 2637 creaturam
3194 2584 3313 2639 Filii
3347 2585 3472 2656 Spi-

1897 2666 2111 2721 ritum?
2162 2670 2226 2722 Et
2275 2670 2321 2724 si
2370 2681 2594 2742 propter
2639 2674 2743 2729 hoe
2794 2676 3001 2744 absque
3047 2677 3213 2731 dubio
3245 2694 3340 2747 per
3374 2695 3470 2733 vos

1897 2769 2159 2825 St‘tlllellﬂ’
2215 2760 2369 2823 illud,
2425 2763 2554 2817 licet
2617 2764 2799 2820 verbis
2856 2783 2961 2822 non
3009 2772 3379 2837 exprimatur,
3420 2773 3468 2825 si

1896 2848 2159 2917 Spiritum
2184 2869 2295 2911 non
2336 2866 2667 2922 creaturam,
2713 2860 2804 2914 sed
2850 2859 3018 2915 Deum
3052 2873 3246 2919 tenens
3285 2864 3469 2920 Euno-

1898 2944 2063 3010 inius,
2124 2962 2188 2999 ex
2255 2948 2371 3003 solo
2421 2937 2560 3003 Filio
2614 2966 2735 3006 esse
2783 2953 3050 3021 dixisset,
3106 2974 3384 3027 nunquam
3438 2978 3465 3012 α

1898 3051 2095 3105 magno
2150 3036 2351 3094 Bas'lio
2401 3042 2542 3096 male
2579 3041 2795 3100 habitus
2848 3044 3069 3102 fuisset.
3105 3047 3318 3104 Etenim
3373 3065 3469 3106 aut

1897 3135 2150 3182 creatura
2208 3139 2293 3186 est
2344 3130 2584 3200 Spiritus
2641 3140 2943 3192 scentulum
3001 3137 3358 3205 Ennomium,
3411 3155 3470 3198 ct

1898 3219 2233 3291 blasphemia
2264 3225 2317 3280 in
2345 3236 2509 3295 caput
2549 3229 2695 3285 illius
2727 3242 2994 3298 vertatur,
3039 3245 3130 3290 aut
3175 3252 3281 3290 non
3316 3254 3469 3293 erea-

1896 3321 2039 3378 tura,
2067 3323 2127 3368 ut
2155 3331 2281 3371 vera
2337 3320 2829 3393 saneittbeologia,
2872 3337 2925 3381 et
2969 3328 3016 3382 si
3060 3343 3282 3399 promer
3315 3348 3472 3386 crea-

1895 3411 2030 3459 turae
2064 3406 2378 3476 opinionem
2437 3409 2736 3469 Eunomius
2783 3417 3128 3475 damnandus
3173 3434 3275 3485 est,
3315 3436 3468 3477 esst-.-

1892 3511 2023 3553 rens
2063 3515 2128 3554 ex
2159 3500 2277 3556 solo
2317 3499 2451 3558 Filio
2484 3502 2772 3573 Spiritum,
2811 3509 3161 3565 manifestum
3195 3521 3275 3566 est
3310 3527 3463 3577 etilli.

1892 3591 1985 3661 qui
2013 3590 2184 3647 Deum
2234 3592 2502 3664 Spiritum
2550 3605 2720 3663 tenet,
2749 3599 3119 3655 damnandum
3167 3618 3273 3658 non
3326 3619 3463 3663 csse.

1892 3681 2020 3738 licet
2059 3683 2207 3738 dicat
2237 3700 2303 3738 ex
2354 3686 2475 3740 solo
2505 3685 2646 3743 Filio
2671 3690 2821 3744 illum
2853 3707 2991 3747 esse.
3034 3693 3102 3748 Et
3133 3706 3319 3751 cavete
3349 3714 3466 3759 vos,

1892 3789 1961 3829 ne
1989 3775 2119 3829 dum
2156 3777 2363 3830 turnum
2395 3776 2581 3848 fngitis
2611 3781 2664 3833 in
2698 3784 2876 3851 ignem
2913 3783 3189 3841 incidatis.
3220 3786 3468 3858 Namque

1894 3866 1989 3936 qui
2021 3881 2052 3920 ιι
2077 3868 2196 3922 solo
2241 3871 2399 3924 Patre
2445 3885 2567 3925 esse
2620 3871 2885 3942 Spiritum
2915 3878 3267 3945 contenditis,
3305 3884 3468 3950 quasi

1891 3959 2045 4014 obliti
2100 3976 2208 4016 non
2248 3964 2421 4021 solius
2473 3964 2653 4023 Patris
2702 3967 2965 4036 Spiritum
3012 3970 3164 4025 illum
3206 3987 3352 4038 es~e,
3410 3986 3469 4027 rt

1891 4051 2176 4118 videmini,
2211 4071 2468 4127 magnum
2504 4060 2786 4127 Basilium,
2818 4065 3142 4129 obiectione,
3177 4082 3339 4135 quam
3376 4069 3467 4122 ille

1894 4142 2166 4200 Eunomio
2195 4150 2500 4218 proposuit,
2545 4152 2819 4210 adducitis
2866 4157 3362 4217 constabilientem.
3398 4177 3463 4213 «ετ

1892 4234 2012 4289 solo
2045 4234 2184 4290 Filio
2211 4254 2332 4294 esse
2382 4240 2645 4312 Spiritum
2690 4247 2990 4301 secundum
3039 4247 3278 4302 divinam
3318 4251 3467 4305 illius

1891 4330 2208 4383 essentiam.

1961 4570 2012 4624 5.
2051 4568 2295 4639 Namque
2326 4570 2520 4623 iterum
2561 4578 2766 4637 repeto,
2799 4585 2843 4624 si
2894 4585 2989 4641 per
3042 4588 3140 4628 vos
3207 4589 3472 4633 adversus

1896 4661 2225 4717 Eunomium
2260 4663 2480 4732 querela
2516 4662 2698 4717 habita
2765 4670 2873 4728 est,
2915 4664 3187 4721 dicentem
3237 4683 3303 4723 ex
3348 4671 3470 4725 mlo

1894 4752 2032 4808 Filio
2060 4769 2185 4809 esse
2209 4753 2498 4824 Spiritum,
2551 4754 2682 4807 dum
2739 4754 2830 4806 ille
2872 4757 3148 4825 opinatur,
3201 4759 3468 4830 Spiritum

1894 4861 2199 4901 creaturam
2251 4862 2395 4908 esse.
2454 4845 2807 4901 manifestum
2840 4858 2946 4912 cst,
2996 4864 3119 4905 eum
3165 4867 3274 4906 non
3332 4857 3473 4911 male

1894 4948 2187 4994 tractatum
2220 4940 2416 5003 fuisse,
2443 4939 2588 5009 quod
2626 4955 2690 4993 ex
2728 4940 2848 4993 solo
2877 4938 3018 4996 Filio
3053 4943 3260 4999 diceret
3296 4943 3472 5016 Spiri-

1896 5039 2038 5096 tum,
2068 5031 2114 5086 si
2151 5033 2317 5085 Deum
2358 5031 2507 5083 illum
2541 5045 2666 5085 esse
2704 5031 2954 5086 crederet
2982 5051 2996 5087 :
3030 5041 3083 5089 et
3114 5051 3181 5089 ex
3213 5037 3313 5092 hac
3351 5040 3473 5093 rid-

1895 5122 2038 5176 lenta
2095 5123 2362 5177 sententia
2404 5123 2582 5191 sequi,
2619 5122 2745 5177 licet
2796 5132 3072 5190 taceatur,
3113 5130 3206 5199 qui
3265 5147 3292 5184 a
3350 5133 3472 5186 solo

1896 5214 2054 5269 Patre
2085 5213 2344 5283 Spiritum
2377 5228 2499 5268 esse
2534 5216 2891 5282 contendunt,
2932 5218 3052 5274 illos
3099 5219 3472 5291 imprudenter

1893 5322 1923 5361 a
1956 5309 2075 5362 solo
2119 5304 2258 5359 Filio
2316 5320 2441 5360 eum
2497 5320 2618 5362 esse
2669 5312 3050 5377 comprobare.
3110 5310 3213 5365 Sed
3249 5313 3292 5366 si
3322 5317 3468 5383 quod

1895 5398 2024 5455 hinc
2076 5397 2347 5454 subsultat
2412 5398 2736 5462 absurdum,
2769 5408 2823 5454 et
2883 5401 3043 5470 plane
3108 5402 3485 5474 inopinabile,

1894 5501 2082 5560 aperte
2117 5492 2431 5559 conﬁrmat,
2458 5506 2567 5545 non
2599 5500 2821 5562 propter
2851 5506 3120 5549 creatum
3152 5497 3467 5566 opinionem

1895 5585 2035 5639 male
2052 5583 2225 5657 accipi
2255 5583 2572 5639 bazreticum
2601 5585 2927 5639 Ennomium
2960 5601 2990 5641 a
3024 5603 3221 5654 magno
3241 5588 3466 5657 Basilio,

1893 5691 1957 5732 ex
1986 5678 2103 5733 solo
2126 5675 2265 5732 Filio
2296 5686 2630 5733 asserentem
2678 5678 2936 5744 Spiritum
2973 5695 3116 5742 esse,
3172 5682 3265 5736 sed
3319 5687 3468 5754 quod

1895 5766 2074 5830 selum
2112 5788 2235 5828 eum
2275 5772 2504 5828 omnino
2557 5787 2622 5826 ex
2656 5772 2776 5825 solo
2802 5771 3033 5831 dixerat,
3073 5772 3210 5840 sive,
3253 5785 3312 5828 nt
3366 5778 3472 5830 l-Zn-

1894 5867 2111 5921 nomius
2145 5864 2308 5932 impie
2340 5862 2629 5928 sentiebat,
2656 5872 2928 5925 creatura,
2977 5863 3113 5926 sire,
3155 5873 3214 5918 ut
3264 5868 3473 5923 theolo-

3021 5955 3050 6019 Ἰ

1824 4611 1863 4665 D
