4054 6406
571 378 676 439 ἓθὶἰ

1600 375 1811 438 max.
1850 375 2062 438 vacet
2105 354 2212 437 Cr.
2259 377 2774 437 PATlilARClL-‘E

3720 385 3829 442 20%

574 498 695 560 gica
732 491 933 547 veritas
962 489 1226 550 insinuat,
1265 486 1407 542 Deus
1451 497 1537 542 est
1584 487 1823 557 Spiritus
1884 494 2149 553 sanctus;

2265 487 2332 551 ὥς
2388 488 2420 554 ή
2479 488 2690 560 ἀληθὴς
2752 488 3005 557 θεολογία
3077 488 3353 560 βούλεται,
3409 492 3541 557 ﬁeri;
3609 494 3725 548 ἐστι
3775 499 3839 549 τὸ

574 584 759 638 nullus
823 583 1148 651 relinquitur
1216 579 1575 637 dubitationis
1617 581 1796 643 locus,
1854 581 1989 649 quin
2053 596 2151 634 co-

571 692 933 745 gnoscamus,
978 683 1229 735 sanctum
1273 674 1403 728 illud
1445 674 1830 729 tantummodo
1876 674 2153 728 adversus

570 769 902 824 Eouomiunt
924 768 1254 831 inculcasse,
1290 764 1560 835 Spiritum
1594 774 1871 828 sanctum,
1905 766 2032 820 licet
2064 766 2154 821 ille

570 859 873 913 secundum
912 858 1151 912 divinam
1187 873 1342 913 suam
1378 856 1676 912 essentiam
1730 870 1840 911 non
1866 858 1938 912 sit
1967 872 1997 910 a
2035 857 2154 911 solo

570 951 730 1018 Filio,
766 952 1112 1023 disgregatus
1143 965 1175 1005 a
1217 950 1400 1015 Patre,
1435 950 1531 1004 sed
1585 950 1749 1005 etiam
1807 949 1855 1005 si
1901 928 2153 1005 creatura

568 1052 713 1100 esset
737 1042 885 1109 Filii,
924 1042 1179 1108 Eunomi,
1216 1051 1275 1096 ut
1325 1042 1551 1104 astruis,
1592 1056 1771 1112 neque
1800 1041 1904 1096 hac
1940 1041 2153 1097 ratione

567 1149 749 1205 Operae
797 1134 1034 1205 pretium
1086 1144 1224 1202 erat,
1265 1149 1490 1190 causam
1523 1133 1669 1188 illius
1700 1131 1992 1205 Unigenito
2047 1124 2150 1187 soli

567 1229 867 1299 appingere
958 1240 1325 1296 separareque
1389 1242 1418 1279 ιι
1482 1225 1661 1291 Patre,
1702 1224 1852 1295 quod
1908 1242 1928 1276 ι
1986 1237 2152 1277 omne

568 1322 717 1391 qqu
750 1338 778 1373 a
814 1318 953 1373 Filio
978 1317 1180 1374 factum
1217 1328 1324 1384 est,
1359 1319 1424 1372 ad
1464 1318 1677 1372 Patrem
1736 1318 1970 1388 primam
2015 1331 2153 1370 cau-

569 1428 684 1466 sam
720 1410 993 1476 refertur;
1040 1431 1057 1462 ι
1114 1426 1326 1466 necnon
1381 1410 1588 1479 absque
1642 1409 1750 1462 ulla
1813 1408 2154 1463 haesitatione

573 1514 814 1571 patente,
862 1520 968 1559 non
1000 1512 1223 1573 propter
1247 1511 1513 1556 creaturae
1542 1501 1856 1572 Opinionem
1892 1516 1922 1554 a
1953 1513 2153 1571 magno

570 1598 769 1652 Basilio
805 1597 1154 1669 objurgatum
1200 1596 1530 1651 Euuoutiuiu
1583 1597 1883 1661 dicentem,
1913 1609 1980 1647 ex
2029 1595 2152 1647 solo

571 1689 709 1744 Filio
749 1706 868 1747 esse
893 1690 1310 1760 Spiritumysed
1353 1689 1499 1760 quod
1536 1687 1713 1743 solum
1765 1687 1942 1758 ipsum
1998 1700 2155 1756 pror-

567 1798 663 1836 sus
685 1798 748 1835 ex
785 1782 903 1838 solo
939 1782 1082 1836 Filio
1117 1782 1347 1844 diceret,
1383 1790 1532 1850 patet
1567 1795 1674 1834 una
1698 1779 1863 1834 simul
1896 1776 2152 1832 refutatio

560 1886 784 1937 eorum,
810 1871 904 1941 qui
930 1871 1251 1925 addubitant
1287 1838 1355 1925 an
1383 1838 1527 1940 quod
1564 1884 1594 1922 a
1619 1866 1757 1922 Filio
1788 1867 2152 1931 dicituresse,
2178 1838 2229 1893 θ

570 1964 838 2020 referatur
869 1964 935 2018 ad
961 1962 1199 2021 Patrem.

639 2154 692 2207 4.
726 2151 807 2206 Τιι
842 2165 1028 2222 porro.
1085 2151 1132 2203 si
1163 2149 1276 2221 jam
1307 2148 1528 2202 allatam
1593 2144 1980 2201 refutationem
2030 2154 2155 2203 tan-

560 2260 731 2314 quam
797 2245 982 2297 minus
1017 2242 1251 2296 validam
1297 2255 1407 2293 non
1470 2253 1866 2309 usquequaque
1926 2240 2150 2309 probas,

566 2335 882 2389 accuratius
910 2332 1238 2387 examinatis
1288 2347 1410 2401 quae
1478 2338 1602 2401 post
1647 2329 1761 2400 jam
1820 2329 2153 2397 descriptam

569 2426 877 2496 pericopem
910 2436 1137 2481 sanctus
1198 2423 1363 2478 verba
1421 2422 1721 2487 connectit,
1780 2422 1962 2477 adhuc
2019 2422 2154 2477 illud

569 2518 859 2587 percipies,
909 2518 1057 2588 quod
1093 2516 1280 2572 multis
1339 2530 1507 2586 supra
1577 2514 1806 2585 digestis
1859 2513 2155 2570 manifesto

568 2610 749 2665 oratio
779 2608 1176 2679 comprobavit.
1204 2607 1342 2663 Cum
1369 2607 1517 2661 enini
1535 2616 1759 2661 sanctus
1785 2604 2157 2674 redarguisset

572 2700 924 2765 Euntuuiutn,
957 2710 1011 2754 et
1041 2709 1248 2754 tantum
1278 2713 1387 2752 non
1419 2698 1485 2750 ad
1507 2714 1631 2750 ettut
1660 2694 2003 2765 protulisset,
2032 2695 2157 2750 licet

570 2803 822 2850 creatura
840 2800 988 2848 esset.
1009 2790 1128 2846 Filii
1157 2790 1417 2859 Spiritus,
1440 2800 1497 2842 ut
1519 2800 1574 2842 tu
1599 2788 1865 2859 opinaris,
1898 2786 2155 2852 liuuomi,

576 2893 677 2942 liae
709 2887 872 2942 etiam
908 2885 1117 2939 ratione
1140 2900 1317 2954 neque
1347 2883 1648 2937 addeeebat
1686 2892 1975 2935 teeausam
2007 2881 2155 2934 illius

578 2980 867 3051 Unigeuito
904 2980 1008 3034 soli
1047 2978 1366 3049 appiugere,
1411 2978 1558 3046 quod
1607 2974 1871 3044 quidquid
1930 2988 1962 3028 at
2017 2972 2157 3027 Filio

583 3083 786 3129 tat-tum
815 3082 922 3137 est,
957 3072 1011 3127 in
1042 3069 1259 3124 Patrem
1303 3083 1540 3140 prunam
1585 3080 1806 3121 causam
1862 3066 2153 3130 referatur,

2256 580 2486 651 Πνεῦμα
2515 582 2578 634 τὸ
2605 582 2795 650 ἅγιον*
2832 582 3014 645 οὐδεὶς
3063 582 3254 636 λοιπὸν
3287 582 3371 637 ἔτι
3400 584 3560 653 λόγος
3591 585 3841 656 ἀμφιϐο-

2255 672 2377 736 λίας
2402 672 2701 741 διαγνῶναι
2749 672 2894 741 ὑμᾶς
2927 672 3005 736 ὡς
3058 673 3088 726 ό
3139 674 3297 742 ἆτιος
3353 676 3647 745 μονονουχὶ
3676 693 3843 729 τοῦτο

2252 765 2509 833 φαίνεται
2531 764 2672 836 πρὸς
2700 765 2793 818 τὸν
2826 765 3098 829 Εὐνόμιον
3147 765 3349 834 λέγων,
3378 766 3458 830 ὡς
3505 766 3567 819 τὸ
3613 766 3844 838 Πνεῦμα

2254 856 2317 909 τὸ
2343 858 2523 926 ἅγιον,
2569 858 2619 910 εἰ
2650 857 2746 911 καὶ
2789 858 2933 911 κατὰ
2968 856 3064 928 τὴν
3090 856 3284 929 θεῖκὴν
3311 857 3510 912 οὐσίαν
3534 857 3705 912 αὐτοῦ
3734 861 3844 914 οὐκ

2255 949 2404 1005 ἐστιν
2431 951 2496 1004 ὲκ
2526 951 2693 1020 μόνον
2723 949 2821 1004 τοῦ
2848 949 2978 1005 Υἰοῦ
3009 950 3453 1024 ἀποδιῃρημένον
3475 950 3571 1005 τοῦ
3598 952 3841 1024 Πατρδς,

2255 1043 2373 1098 ἀλλ’
2402 1040 2516 1098 οὐδ’
2550 1045 2601 1098 εἰ
2638 1044 2856 1115 ποίημα
2878 1039 2948 1115 ἦν
2982 1042 3078 1098 τοῦ
3108 1044 3261 1108 Υἰοῦ,
3290 1044 3554 1115 Ἐύνόμιε,
3586 1045 3732 1100 κατὰ
3753 1046 3845 1109 σὲ,

2254 1132 2379 1187 οὐδὲ
2410 1133 2582 1196 οὕτως
2614 1135 2721 1188 ἔδει
2759 1152 2818 1187 σε
2844 1133 2943 1202 τὴν
2970 1134 3155 1189 αἰτίαν
3188 1136 3357 1190 αὐτοῦ
3385 1138 3533 1210 μόνῳ
3553 1137 3631 1207 τῷ
3661 1139 3850 1192 Μονο-

2257 1228 2407 1293 γενεῖ
2441 1226 2821 1301 προστιθέναι,
2865 1227 2962 1281 καὶ
2989 1226 3084 1282 τοῦ
3112 1228 3326 1298 Πατρδς
3356 1229 3850 1299 ἀποδιαιρετν,διὰ

2255 1319 2317 1373 τὸ
2368 1337 2385 1370 ι
2416 1319 2526 1373 πᾶν
2558 1320 2617 1372 τὸ
2645 1318 2797 1391 παρὰ
2842 1319 2937 1373 τοῦ
2988 1318 3120 1373 nos
3178 1320 3555 1392 πεποιημένον
3620 1325 3701 1387 εἰς
3747 1324 3849 1377 τὸν

2258 1412 2483 1483 Πατέρα
2509 1413 2611 1481 τὴν
2663 1411 2896 1484 πρώτην
2940 1414 3125 1466 αἰτίαν
3156 1414 3259 1482 τὴν
3291 1414 3575 1484 ἀναφορὰν
3604 1414 3772 1484 ἔχειν.
3820 1435 3842 1466 ο

2268 1501 2688 1573 ’Δναμφιϐόλως
2709 1503 2769 1557 δὲ
2791 1502 3234 1575 ἀναφαινομένου
3261 1502 3464 1573 τοῦιμὴ
3497 1504 3587 1558 διὰ
3617 1505 3717 1575 τὴν
3742 1504 3847 1558 τοῦ

2255 1599 2561 1666 κτίσματος
2596 1594 2756 1660 δόξαν
2792 1596 2946 1667 παρὰ
2999 1594 3097 1648 τοῦ
3134 1596 3379 1665 μεγάλου
3418 1597 3710 1650 Βασιλείου
3741 1615 3848 1651 κα-

2256 1690 2510 1755 κίζεσθαι
2537 1690 2630 1744 τὸν
2660 1691 2928 1761 Εὐνόμιον
2964 1689 3193 1757 λέγοντα
3248 1691 3316 1744 ὲκ
3348 1689 3517 1758 μόνου
3564 1688 3661 1744 τοῦ
3710 1689 3846 1744 Υἰοῦ

2256 1776 2401 1835 εἶναι
2436 1783 2497 1837 τὸ
2524 1782 2777 1851 Πνεῦμα,
2810 1780 2950 1836 ἀλλά
2978 1783 3069 1835 διὰ
3120 1783 3286 1851 μόνον
3333 1782 3469 1839 αὐτὸ
3512 1782 3574 1836 τὸ
3603 1782 3745 1847 ὅλως
3772 1785 3849 1837 ἐκ

2261 1876 2426 1944 μόνον
2482 1873 2581 1927 τοῦ
2640 1873 2776 1927 Υίοῦ
2829 1873 3011 1942 λέγειν
3063 1874 3223 1938 αὐτὸ,
3290 1872 3756 1944 σνναναφαίνεται
3819 1878 3852 1927 ό

2257 1966 2483 2036 ἔλεγχος
2508 1964 2619 2018 τῶν
2647 1963 3079 2034 διαπορούντων,
3136 1966 3186 2019 εἰ
3237 1965 3300 2018 τὸ
3350 1964 3502 2036 παρὰ
3550 1967 3646 2020 τοῦ
3705 1965 3847 2018 Υἰοῦ

2257 2055 2706 2128 εἷναιλεγόμενον
2730 2058 2870 2129 πρὸς
2897 2057 2990 2110 τὸν
3017 2058 3239 2128 Πατέρα
3265 2058 3366 2129 τὴν
3389 2058 3675 2129 ἀναφορὰν
3701 2058 3849 2129 ἔχει.

2328 2149 2391 2206 δ’.
2421 2152 2496 2205 Σὺ
2530 2151 2608 2215 δὲ,
2643 2151 2694 2203 εἰ
2747 2149 2825 2221 μὴ
2869 2149 3188 2222 ἀρκούντως
3225 2169 3309 2204 σοι
3350 2152 3501 2205 δοκεί
3534 2153 3562 2204 ὁ
3591 2149 3847 2214 τοιοῦτος

2258 2244 2480 2314 ἔλεγχος
2525 2243 2947 2311 ἀναφαίνεσθαι,
3000 2243 3119 2298 ἀλλ’
3153 2244 3553 2316 ἀκριὸἐστερον
3586 2243 3843 2298 ἐπελθὼν

2257 2338 2352 2391 καὶ
2372 2336 2521 2406 ειπερ
2550 2338 2577 2389 ό
2602 2334 2760 2407 ἅγιος
2788 2335 2994 2406 ἐφεξῆς
3018 2337 3119 2407 τῆς
3150 2324 3654 2408 ἀναγεγραμμένης
3684 2352 3855 2405 περι-

2258 2428 2437 2497 κοπῆς
2460 2427 2657 2499 ἐπάγει
2681 2428 2848 2500 ῥητὰ.
2872 2428 2954 2480 ἐτι
2977 2428 3337 2498 κατανοήσεις
3363 2428 3501 2497 ὅπερ
3521 2427 3611 2480 διὰ
3629 2427 3851 2481 πολλῶν

2256 2519 2771 2592 ἀναγεγραμμένων
2802 2518 3073 2588 καθαρῶς
3107 2519 3426 2588 παρέστησέ
3459 2536 3544 2573 σοι
3590 2519 3620 2570 ό
3660 2518 3847 2587 λόγος.

2257 2614 2414 2667 Μετὰ
2459 2613 2571 2684 γὰρ
2612 2610 2676 2665 τὸ
2697 2614 2789 2665 τὸν
2819 2611 3088 2682 Εὐνόμιον
3123 2611 3425 2682 ἁπελέγξαι
3474 2614 3503 2664 ό
3530 2611 3709 2679 ἅγιος,
3747 2618 3841 2665 καὶ

2262 2706 2552 2774 μονονουχὶ
2578 2704 2716 2775 πρὸς
2745 2704 2912 2758 αὐτὸν
2943 2706 3123 2758 εἰπεῖν
3154 2704 3250 2771 ὡς,
3302 2706 3351 2758 εἰ
3385 2706 3481 2759 καὶ
3530 2707 3747 2776 ποίημα
3772 2701 3844 2778 ἦν

2258 2794 2353 2847 τοῦ
2383 2793 2516 2847 Υἰοῦ
2552 2795 2611 2847 τὸ
2639 2793 2887 2863 Πνεῦμα,
2932 2792 3197 2864 Εὐνόμιε,
3250 2795 3395 2850 κατὰ
3447 2796 3529 2859 σὲ,
3577 2795 3851 2851 ἀλλὀὐδὲ

2258 2888 2432 2949 οὕτως
2461 2888 2567 2941 ἔδει
2610 2905 2670 2942 σε
2704 2889 2804 2960 τὴν
2837 2890 3023 2943 αἰτίαν
3050 2889 3216 2943 αὑτοῦ
3244 2889 3395 2960 μόνῳ
3426 2889 3506 2960 τῷ
3544 2891 3856 2958 Μονογενεί

2259 2979 2656 3051 προστιθέναι,
2691 2980 2782 3035 διὰ
2811 2980 2873 3033 τὸ
2907 2982 3016 3034 πᾶν
3046 2981 3108 3036 τὸ
3140 2981 3293 3055 παρὰ
3322 2979 3416 3035 τοῦ
3450 2979 3581 3034 Υίοῦ
3610 2997 3857 3051 πεποιη-

2267 3073 2433 3143 μένον
2462 3075 2545 3136 εἰς
2574 3076 2668 3128 τὸν
2697 3074 2925 3145 Πατέρα
2955 3074 3053 3144 τὴν
3097 3074 3327 3147 πρώτην
3358 3074 3543 3130 αἰτίαν
3589 3076 3688 3145 τὴν
3713 3076 3858 3129 ἁνα-

573 3168 641 3222 de
671 3166 960 3222 divinitate
994 3162 1234 3233 Spiritus
1272 3175 1590 3218 sermonem
1622 3158 1839 3227 arripit,
1876 3156 2157 3214 constabi-

2266 3164 2441 3236 φορὰν
2475 3164 2644 3236 ἔχειν,
2672 3165 2755 3229 εἰς
2788 3165 2915 3229 τοὺς
2948 3165 3075 3234 περὶ
3108 3162 3365 3234 θεότητος
3394 3164 3490 3218 τοῦ
3527 3163 3859 3233 Πνεύματος

575 3259 788 3328 lircque
828 3254 1080 3317 studens,
1111 3269 1175 3307 ex
1208 3251 1365 3305 Patre
1414 3258 1470 3304 et
1494 3247 1541 3302 .F
1548 3250 1641 3305 ilio
1692 3249 1994 3304 secundum
2026 3261 2156 3318 pro-

577 3350 751 3420 priatn
790 3348 1045 3403 deitatem
1068 3360 1193 3399 esse
1214 3343 1391 3409 illum,
1411 3352 1671 3413 tanquam
1691 3340 1785 3411 qui
1812 3340 2159 3429 iiieﬂabiliter

572 3460 638 3498 ex
694 3443 851 3497 Patre
902 3454 999 3510 per
1063 3436 1263 3491 Filium
1320 3435 1615 3506 procedat,
1666 3433 1786 3507 haec
1861 3434 2158 3503 ipsissiniis

566 3518 757 3591 iverhis
819 3532 1075 3593 edisserit
1129 3548 1195 3606 :_t
1233 3527 1354 3597 Quo
1410 3535 1573 3599 pacto
1662 3534 1849 3582 autem
1912 3525 2160 3583 dividere

578 3630 842 3699 Spiritum
877 3643 907 3681 a
933 3627 1039 3680 Deo
1082 3639 1189 3677 non
1219 3623 1382 3679 habet
1422 3619 1775 3675 manifestum
1809 3615 2162 3689 periculum?

579 3722 777 3791 partim
836 3717 1104 3789 Apostolo
1164 3715 1503 3782 coniunctim
1557 3712 1718 3767 nobis
1787 3711 2056 3775 tradente,
2107 3717 2161 3764 et

566 3818 742 3868 η-ιιιυιίυ
767 3814 970 3867 Chrisn
998 3809 1263 3880 Spiritum
1321 3807 1562 3871 dicente,
1600 3815 1655 3861 et
1696 3803 1861 3871 modo
1909 3801 2026 3866 Dei,
2063 3799 2159 3865 ubi

578 3908 819 3963 soi-init:
861 3923 879 3957 ι
932 3904 988 3959 St
1050 3902 1176 3973 quis
1231 3911 1415 3957 autem
1466 3897 1735 3969 Spiritum
1794 3896 1994 3957 Christi
2054 3909 2160 3948 non

580 4004 764 4066 habet,
796 3998 885 4052 hic
908 4013 1014 4051 non
1047 4005 1129 4050 est
1159 3994 1343 4071 ejus"
1378 4011 1425 4048 ι.
1452 3990 1516 4047 Et
1550 4005 1743 4047 rursus
1775 4006 1819 4045 :t
1853 3984 1959 4047 Vos
1977 3996 2160 4051 autem

582 4109 691 4148 non
720 4091 982 4162 Spiritum
1012 4089 1195 4143 mundi
1223 4086 1519 4158 accepistis
1542 4084 1638 4140 sed
1663 4080 1956 4152 Spiritum,
1978 4082 2073 4151 qui
2092 4094 2162 4134 ex

585 4192 694 4242 lico
732 4195 816 4239 est
844 4184 889 4215 '°
922 4202 937 4237 :
983 4201 1001 4234 ι
1037 4182 1233 4252 partim
1265 4193 1394 4232 vero
1433 4176 1689 4238 Domino,
1722 4172 1987 4244 Spiritum
2024 4173 2165 4227 veri-

586 4270 733 4344 tatis,
760 4280 1021 4346 quoniam
1058 4276 1174 4342 ipse
1195 4270 1399 4326 Veritas
1433 4276 1536 4330 est,
1562 4266 1800 4331 dicente,
1833 4272 1888 4318 et
1941 4282 1970 4317 a
2002 4264 2164 4318 Patre

576 4373 856 4445 procedit.
900 4389 919 4422 ι
959 4369 1023 4422 Et
1055 4369 1169 4421 haec
1201 4365 1423 4433 quidem
1457 4361 1734 4431 ipsissima
1768 4358 1932 4413 verba
1975 4356 2166 4411 Basilii

583 4478 732 4522 sunt.
766 4467 834 4518 At
865 4477 921 4516 tu
956 4476 1121 4532 purro
1148 4456 1437 4513 considera
1478 4453 1612 4508 illud
1642 4452 1907 4507 attentius
1941 4470 1954 4505 :
1993 4470 2011 4503 ι
2046 4450 2166 4516 Quo

572 4561 744 4630 parto
775 4556 1025 4611 dividere
1056 4549 1323 4621 Spiritum
1364 4561 1396 4601 a
1439 4546 1571 4611 Deo,
1621 4545 1975 4599 manifestum
2015 4543 2164 4615 peri-

585 4652 767 4706 eulum
812 4663 920 4700 nou
963 4641 1164 4697 habet?
1215 4657 1235 4691 ι
1272 4639 1464 4707 Neque
1513 4637 1660 4691 enim
1710 4649 1934 4693 sanctus
1980 4637 2161 4692 dixit:

584 4748 706 4809 Quo
734 4749 892 4810 pacto
922 4735 1275 4790 manifestum
1320 4731 1625 4802 periculum
1674 4744 1782 4783 non
1815 4729 1998 4793 habet,
2026 4742 2166 4782 con-

583 4838 812 4904 jungere
844 4831 1105 4901 Spiritum
1129 4825 1439 4889 Filio,scum
1466 4837 1641 4893 neque
1662 4836 1756 4891 per
1781 4821 1959 4890 ipsum
1990 4833 2168 4888 neque

586 4947 655 4985 ex
696 4932 814 5000 ipso
840 4928 932 4992 sit,
968 4927 1061 4981 sed
1090 4941 1158 4979 ex
1212 4928 1329 4979 solo
1380 4921 1573 4976 Patre?
1603 4920 1711 4974 Sed
1768 4921 1903 4974 dixit
1938 4933 1954 4969 :
1991 4935 2009 4967 ι
2046 4916 2167 4981 Quo

588 5034 747 5094 pacto
774 5018 1124 5074 manifestum
1181 5017 1481 5085 periculum
1525 5028 1632 5067 nou
1678 5011 1871 5076 habet,
1916 5009 2166 5065 dividere

584 5118 856 5186 Spiritum
921 5128 951 5166 a
1005 5109 1158 5166 Deo?
1229 5129 1246 5162 ι
1312 5109 1454 5164 Hine
1530 5117 1677 5176 patet
1749 5119 1942 5159 ontues
2016 5101 2165 5156 illius

583 5220 821 5267 conatus
875 5206 1080 5270 fuisse,
1124 5200 1578 5263 demonstrandi,
1637 5209 1874 5267 quanam
1906 5232 1915 5239 -
1950 5194 2169 5249 ratione

592 5305 865 5375 Spiritus,
926 5299 1020 5371 qui
1069 5296 1223 5352 Patri
1264 5291 1642 5365 conjungitur,
1692 5296 2044 5361 separaretnr
2101 5288 2173 5343 ab

589 5412 693 5463 eo,
765 5406 824 5449 ut
887 5390 1255 5464 prazteudebat
1310 5386 1655 5448 Eunomius,
1723 5392 1779 5438 et
1837 5383 2171 5439 testimoniis

592 5491 826 5543 annexis
862 5488 1037 5557 palam
1093 5486 1186 5545 sit,
1257 5492 1371 5535 tum
1417 5493 1488 5533 ex
1551 5475 1867 5546 Evangelio,
1928 5485 2042 5531 tum
2105 5491 2172 5532 ex

594 5578 876 5649 Apostolo,
928 5577 1130 5646 quibus
1184 5573 1565 5639 demonstrat,
1612 5570 1976 5638 coniunctum
2048 5582 2172 5623 esse

594 5674 858 5743 Spititum
907 5670 1056 5726 Patri
1085 5679 1141 5725 et
1162 5667 1302 5721 Filio
1342 5681 1489 5721 :uon
1524 5677 1831 5737 propterea,
1877 5663 2023 5735 quod
2051 5661 2171 5722 Filii

594 5777 702 5823 est.
739 5765 916 5821 Patris
944 5779 1053 5819 non
1082 5778 1204 5819 esse
1232 5777 1444 5831 :ueque
1473 5763 1597 5832 quia
1625 5776 1689 5814 ex
1714 5760 1896 5828 Patre,
1929 5760 2051 5814 ideo
2079 5776 2186 5816 non

683 5865 719 5898 ’ν
746 5863 905 5917 Rom.
943 5878 1054 5924 rm,
1085 5862 1136 5915 9.
1219 5858 1261 5891 3°
1287 5857 1304 5911 ἰ
1332 5864 1460 5914 Lor.
1498 5873 1531 5911 ιι
1596 5856 1678 5911 1:2.

2262 3258 2457 3327 λόγους
2508 3256 2809 3322 εἰσϐάλλει,
2868 3257 2962 3310 καὶ
3028 3256 3389 3328 παραστῆσαι
3423 3256 3596 3312 θέλων
3648 3257 3718 3310 ἐκ
3751 3257 3857 3312 τοῦ

2263 3351 2483 3421 Πατρὸς
2513 3349 2609 3403 καὶ
2640 3349 2734 3404 τοῦ
2767 3348 2900 3402 Υίοῦ
2946 3348 3090 3405 κατὰ
3135 3349 3234 3421 τὴν
3267 3347 3437 3402 αὐτοῦ
3482 3348 3715 3419 θεότητα
3739 3349 3859 3403 ὑπο

2261 3445 2454 3515 ἄρχειν
2485 3442 2640 3508 αὐτὸ,
2668 3442 2744 3507 ὼς
2780 3446 2847 3497 ὲκ
2877 3444 2972 3499 τοῦ
3008 3442 3225 3514 Πατρὸς
3268 3442 3357 3496 διὰ
3384 3442 3478 3495 τοῦ
3507 3441 3858 3513 Υἰοῦ-ἁρρὴ-

2262 3554 2371 3601 τως
2398 3536 2862 3609 ἐκπορευόμενον,
2886 3533 3065 3589 ταῦτά
3090 3551 3257 3605 φησιν
3288 3534 3384 3589 ὲπὶ
3415 3533 3640 3601 λέξεων·
3670 3553 3692 3587 ι
3720 3536 3859 3599 Πῶς

2262 3628 2320 3683 δὲ
2368 3628 2429 3682 οὐ
2482 3628 2718 3700 φανερὸν
2772 3626 3013 3701 ἔχειτὸν
3040 3628 3287 3682 κίνδυνον
3337 3628 3573 3697 διαιρεῖν
3602 3630 3712 3683 ἀπὸ
3748 3632 3858 3686 τοῦ

2265 3719 2403 3773 Θεοῦ
2458 3721 2521 3772 τὸ
2575 3716 2840 3789 Πνεῦμας
2893 3716 3053 3772 τοῦτο
3089 3719 3187 3788 μὲν
3215 3716 3311 3771 τοῦ
3346 3719 3674 3775 Ἀποστόλον
3722 3737 3863 3775 συν-

2265 3812 2537 3883 ημμένως
2572 3812 2705 3883 ἡμῖν
2737 3810 3153 3881 παραδιδόντος,
3220 3814 3317 3865 καὶ
3347 3811 3443 3865 νῦν
3473 3814 3575 3882 μὲν
3606 3812 3860 3884 Χριστοῦ

2265 3902 2540 3972 λέγοντος,
2562 3902 2658 3957 νῦν
2682 3903 2739 3956 δὲ
2773 3902 2868 3956 τοῦ
2888 3902 3047 3968 Θεοῦ,
3079 3906 3136 3959 ὲν
3159 3899 3245 3967 οἷς
3271 3906 3476 3976 γράφει
3498 3921 3513 3935 υ
3550 3924 3569 3957 ι
3592 3906 3656 3963 Εἰ
3685 3906 3743 3960 δέ
3766 3925 3862 3972 τις

2269 3996 2499 4069 Πνεῦμα
2528 3997 2767 4068 Χριστοῦ
2794 3998 2897 4051 οὐκ
2927 3999 3065 4070 ἔχει,
3091 3991 3250 4061 οὗτος
3278 4000 3381 4053 οὐκ
3410 3999 3560 4053 ἐστιν
3583 3998 3752 4055 αὐτοῦ
3780 4017 3799 4033 ·
3835 4021 3856 4055 ι

2267 4093 2362 4146 καὶ
2421 4091 2586 4145 πάλιν
2609 4109 2621 4122 ο
2657 4109 2677 4144 ς
2720 4092 2914 4162 Ὑμεῖς
2942 4091 2998 4145 δὲ
3030 4092 3093 4146 οὐ
3124 4092 3186 4145 τὸ
3215 4092 3441 4163 Πνεῦμα
3491 4093 3589 4146 τοῦ
3638 4094 3858 4164 κόσμον

2269 4180 2516 4245 ἐλάϐετε,
2553 4180 2691 4236 ἀλλὰ
2716 4182 2777 4234 τὸ
2800 4179 3031 4249 Πνεῦμα
3070 4180 3132 4233 τὸ
3159 4182 3225 4234 ὲκ
3258 4181 3352 4233 ’τοῦ
3387 4179 3550 4237 Θεοῦ.
3587 4180 3761 4234 Τοῦτο
3794 4183 3861 4243 δὲ

2268 4270 2364 4325 τοῦ
2398 4271 2607 4342 Κυρίου
2636 4273 2696 4323 τὸ
2726 4268 2951 4341 Πνεῦμα
2973 4270 3074 4340 τῆς
3102 4269 3365 4341 ἀληθείας
3392 4271 3668 4339 λέγοντος,
3694 4274 3796 4325 ἐπε
3809 4288 3862 4325 ι·-

2271 4367 2334 4438 δὴ
2363 4368 2527 4429 αὐτὸς
2575 4368 2608 4437 ἡ
2662 4365 2916 4438 ἀλήθεια,
2975 4365 3073 4419 καὶ
3107 4367 3259 4439 παρὰ
3294 4366 3389 4419 τοῦ
3437 4368 3656 4439 Πατρὸς
3686 4369 3864 4422 ἐκπο-

2276 4455 2515 4528 ρεύεται.
2551 4474 2570 4507 ι
2624 4457 2814 4510 Ταῦτα
2848 4457 2947 4528 μὲν
2981 4456 3076 4510 ἐπὶ
3123 4457 3324 4521 λέξεων
3380 4460 3408 4510 ὀ
3458 4456 3636 4524 ἅγιος.
3686 4459 3759 4511 Σὺ
3794 4460 3855 4512 δὲ

2282 4548 2479 4602 σκόπει
2510 4547 2589 4613 τὸ,
2622 4566 2644 4598 ί
2684 4547 2806 4612 Πῶς
2851 4548 2911 4601 δὲ
2946 4549 3007 4601 οὐ
3059 4548 3297 4620 φανερὸν
3329 4549 3446 4620 ἔχει
3473 4551 3566 4605 τὸν
3598 4550 3864 4609 κίνδυνον

2278 4641 2511 4711 διαιρεῖν
2535 4641 2642 4693 ἀπὸ
2667 4640 2762 4693 τοῦ
2806 4640 2945 4694 Θεοῦ
2977 4643 3041 4694 τὸ
3072 4641 3300 4711 Πνεῦμα
3326 4658 3342 4710 ;
3382 4660 3401 4693 ι
3442 4642 3521 4695 Οὐ
3554 4643 3666 4715 γὰρ
3700 4637 3869 4699 εἶπεν

2277 4735 2306 4786 ό
2333 4730 2488 4800 ἅγιος
2509 4746 2522 4760 ·
2556 4730 2680 4795 Πῶς
2710 4731 2767 4784 δὲ
2795 4733 2856 4785 οὐ
2889 4733 3124 4802 φανερὸν
3150 4732 3267 4803 ἔχει
3290 4731 3384 4786 τὸν
3407 4731 3655 4788 κίνδυνον
3680 4749 3865 4804 προσ.

2277 4824 2484 4877 τιθέναι
2519 4823 2598 4893 τῷ
2626 4823 2742 4892 Υἱῷ
2762 4824 2823 4876 τὸ
2854 4824 3100 4894 Πνεῦμα,
3130 4826 3273 4896 μήτε
3302 4824 3370 4878 δι.
3397 4824 3587 4892 αὐτοῦ,
3624 4826 3767 4896 μήτε
3803 4827 3868 4893 ἐξ

2281 4915 2447 4970 αὑτοῦ
2476 4914 2557 4981 δν,
2619 4916 2736 4969 ἀλλ’
2764 4918 2829 4970 ὲκ
2885 4917 2979 4971 τοῦ
3014 4919 3228 4986 Πατρὸς
3285 4918 3487 4989 μόνους
3531 4918 3675 4973 Ἀλλ’
3707 4918 3868 4990 εἰπε,

2284 5028 2304 5060 ι
2342 5007 2466 5072 Πῶς
2491 5009 2548 5061 δὲ
2577 5008 2644 5062 οὐ
2670 5011 2909 5080 φανερὸν
2937 5009 3053 5080 ἔχει
3081 5009 3174 5062 τδν
3203 5009 3451 5065 κίνδυνον
3479 5011 3714 5081 διαιρεῖν
3750 5014 3871 5067 ἀπὸ

2275 5101 2369 5155 τοῦ
2400 5100 2537 5155 Θεοῦ
2571 5100 2632 5155 τὺ
2662 5100 2888 5172 Πνεῦμα
2914 5118 2930 5169 ;
2960 5101 3126 5155 ’Ὥστε
3153 5103 3306 5157 πᾶσα
3332 5096 3402 5176 ἦν
3434 5102 3590 5175 αὑτῷ
3618 5104 3654 5175 ἡ
3685 5119 3869 5158 σπου-

2276 5195 2363 5264 δὴ,
2414 5194 2531 5257 πῶς
2565 5194 2632 5247 ἂν
2664 5193 2967 5259 ἀποδείξειε
2994 5194 3056 5248 τὸ
3088 5195 3317 5264 Πνεῦμα
3369 5194 3450 5267 τῷ
3488 5195 3667 5267 Πατρὶ
3729 5214 3870 5249 συν-

2280 5288 2610 5359 απτόμενον,
2641 5285 3024 5357 διαιρούμενον
3052 5286 3149 5341 ἀπ’
3176 5286 3345 5355 αὑτοῦ
3396 5286 3543 5341 κατὰ
3571 5287 3667 5341 τὸν
3691 5288 3870 5342 Εὐνό-

2282 5399 2424 5453 μιον.
2455 5380 2564 5433 Καὶ
2593 5379 2755 5451 δῆλον
2781 5379 2840 5446 ἐξ
2874 5371 2949 5432 ὧν
2982 5378 3240 5450 ιπιφέρει
3302 5379 3651 5452 μαρτυριῶν,
3709 5381 3863 5434 ἁπο-

2281 5474 2544 5528 στολικῶν
2592 5489 2650 5527 τε
2706 5473 2802 5526 καὶ
2829 5472 3244 5542 Εὐαγγελικῶν,
3279 5472 3340 5539 ἐξ
3365 5465 3444 5527 ὧν
3500 5471 3867 5526 ἀποδείκνυσι

2283 5565 2648 5638 συνημμένως
2702 5559 2844 5617 εἶναι
2898 5563 2957 5617 τὸ
3010 5565 3237 5636 Πνεῦμα
3290 5564 3385 5619 τοῦ
3423 5564 3553 5619 Υἰοῦ
3613 5566 3710 5620 καὶ
3766 5564 3870 5619 τοῦ

2288 5661 2525 5731 Πατρὸς,
2589 5658 2682 5711 καὶ
2707 5655 2767 5708 οὐ
2798 5655 2933 5709 διότι
2962 5656 3056 5710 τοῦ
3082 5656 3235 5722 Υίοῦ,
3263 5657 3354 5711 διὰ
3399 5657 3562 5712 τοῦτο
3592 5660 3718 5730 οὐχὶ
3768 5659 3871 5712 καὶ

2306 5754 2400 5810 τοῦ
2428 5750 2664 5820 Πατρὶς,
2686 5747 2794 5803 οὐδ’
2828 5750 2908 5803 ὅτι
2940 5753 3002 5804 ὲκ
3036 5749 3130 5805 τοῦ
3159 5749 3393 5823 Πατρδς,
3432 5750 3521 5805 διὰ
3550 5732 3711 5805 τοῦτο
3744 5749 3869 5821 οὐχ).
