4054 6420
435 397 543 461 227

1424 394 1439 407 ’
1479 399 1692 462 JOAN’.
1727 400 1939 461 VECCl
1976 403 2082 463 CP.
2129 401 2646 462 PATRIARCHE

3598 403 3703 479 2:8.

508 519 560 571 5.
594 511 662 569 Mi
713 515 898 582 homo,
951 512 1116 588 negas
1167 505 1430 586 Spiritum
1491 532 1614 572 esse
1664 532 1761 587 per
1786 516 2023 571 Filium?

2202 518 2263 573 ε’.
2298 522 2612 591 Ἄνθρωπε,
2644 520 2782 590 ἀρνῇ
2813 516 2873 571 τὸ
2907 516 3133 589 Πνεῦμα
3165 516 3433 586 ὑπάρχειν
3478 513 3565 567 διὰ
3607 512 3704 566 τοῦ

435 619 551 660 tum
586 622 780 661 rursus
814 609 1047 662 inculco.
1073 608 1392 677 imprudens
1423 607 1574 662 illum
1610 623 1640 662 a
1693 607 1833 663 Filio
1864 624 2022 678 sepa-

438 714 528 752 ras
580 700 878 754 secundum
924 701 1094 768 ipsam
1156 701 1303 754 illius
1358 700 1845 754 essentiam..l\’am
1878 701 1923 754 si
1956 717 2019 755 ex

437 790 596 846 Patre
641 801 721 847 est
771 803 825 846 et
874 809 979 846 non
1012 809 1107 862 per
1153 791 1374 852 Filium.
1405 790 1555 847 Patri
1579 794 1799 862 quidem
1837 807 2023 847 essen-

437 885 636 937 tialiler
692 874 877 937 unitus
936 893 1039 947 est,
1098 892 1361 953 tanquam
1393 884 1487 953 qui
1523 896 1587 937 ex
1620 884 1856 937 essentia
1878 882 2024 937 illius

436 984 521 1030 est
575 972 837 1029 Unionem
871 989 1000 1029 vero
1026 974 1375 1030 essentinlem
1422 989 1546 1028 eum
1584 972 1721 1028 Filio
1753 974 2021 1027 undenam

440 1067 679 1131 habebit,
742 1068 845 1123 nisi
875 1069 997 1138 quis
1029 1069 1103 1123 ita
1142 1068 1272 1123 velit
1301 1068 1527 1135 sentire,
1556 1068 1851 1122 essentiam
1901 1067 2026 1137 Spi-

440 1161 580 1214 ritus
613 1161 757 1215 uniri
788 1178 912 1216 cum
966 1161 1202 1215 essentia
1251 1158 1397 1226 Filii,
1432 1160 1895 1231 quemadmodum
1937 1174 2026 1214 es-

437 1253 613 1305 sentia
656 1254 820 1306 unius
849 1252 1034 1306 fratris
1077 1266 1200 1306 cum
1241 1252 1477 1305 essentia
1511 1250 1757 1304 alterius.
1784 1250 1887 1304 Sed
1921 1249 2025 1305 hoc

438 1341 817 1407 blasphemum
853 1351 958 1400 est,
1009 1351 1062 1395 et
1103 1342 1179 1413 ab
1202 1340 1434 1394 indivisa
1464 1341 1553 1394 illa
1584 1343 1821 1395 essentia
1856 1354 2017 1409 quam

438 1429 844 1499 longissimum.
917 1415 1230 1485 Fraternam
1312 1431 1578 1501 siquidem
1662 1430 2024 1487 consubstan-

440 1522 726 1576 tialitatem
810 1522 1180 1593 liypostaseon
1250 1523 1635 1579 essentialibns
1692 1523 2026 1579 exsistentiis

448 1615 678 1667 divisam
707 1615 830 1682 quis
885 1615 936 1667 in
985 1614 1095 1668 Deo
1156 1615 1486 1679 constituet,
1546 1621 1601 1667 et
1655 1613 1887 1669 similem
1940 1629 2028 1669 es-

437 1706 692 1760 sentialis
741 1706 1076 1760 exsistentia:
1140 1711 1300 1759 trium
1385 1721 1741 1776 personarum
1799 1705 2027 1760 divisio-

438 1813 562 1852 nem
610 1798 910 1851 concedet?
958 1796 1093 1867 lpsze
1138 1799 1407 1868 siquidem
1443 1809 1553 1853 tres
1591 1799 1910 1871 hypostases
1940 1814 2028 1854 co-

443 1893 703 1963 gitatione
758 1891 1050 1957 distinetur,
1110 1891 1407 1946 indivisum
1453 1892 1594 1945 inter
1628 1904 1708 1957 se,
1749 1907 1855 1946 non
1886 1891 2034 1961 cogi-

2126 612 2308 675 Υἰοῦ;
2360 614 2467 665 Καὶ
2505 612 2668 665 πάλιν
2720 611 2888 681 φημξ,
2945 609 3180 678 λέληθας
3228 607 3530 678 ἀλλοτριῶν
3572 606 3707 658 αὑτὸ

2126 704 2220 757 τοῦ
2269 703 2401 758 Υίοῦ
2441 705 2561 757 κατ’
2609 704 2782 773 αὐτὴν
2812 704 2909 771 τὴν
2935 702 3124 755 οὑσίαν
3167 699 3351 755 αὑτοῦ.
3397 700 3462 753 Εἰ
3497 699 3605 767 γὰρ
3642 698 3708 750 ἐκ

2124 795 2217 845 τοῦ
2249 793 2463 863 Harpe;
2497 794 2758 863 ὑπάρχει,
2791 795 2884 845 καὶ
2918 794 3038 862 οὐχὶ
3063 791 3153 846 διὰ
3179 791 3272 844 τοῦ
3305 789 3458 854 Υιοῦ,
3495 788 3571 858 τῷ
3609 790 3709 856 μὲν

2126 883 2303 953 Hirpi.
2340 883 2612 946 οὑσιωδῶς
2641 883 2871 953 ἥνωται,
2914 881 3009 935 ars
3064 884 3129 935 ἐκ
3168 882 3268 948 τῆς
3305 879 3498 943 obolo;
3529 880 3696 946 ὑπάρ-

2125 992 2218 1044 χον
2247 974 2434 1040 αὐτοῦ,
2460 973 2558 1043 τὴν
2578 974 2635 1026 δὲ
2667 973 2804 1045 πρὸς
2836 972 2928 1028 τὸν
2952 973 3084 1026 Υξδν
3110 972 3343 1041 οὑσιώδη
3370 973 3561 1025 ἕνωσιν
3590 970 3708 1039 πῶς

2124 1063 2190 1117 ἂν
2218 1064 2351 1130 ἐξοι,
2379 1067 2427 1117 εί
2462 1066 2536 1135 μή
2570 1082 2653 1125 τις
2686 1064 2938 1134 βούλεται
2968 1066 3193 1135 φρονεῖν
3221 1064 3364 1117 οὑτω
3388 1064 3486 1133 τὴν
3519 1066 3709 1120 οὐσίαν

2124 1154 2219 1207 τοῦ
2250 1151 2661 1226 Πνεύματοξτῇ
2687 1155 2784 1209 τοῦ
2822 1156 2955 1208 Υίοῦ
2992 1153 3245 1207 ἐνοῦσθαι
3273 1155 3452 1226 οὖσίᾳ,
3490 1152 3566 1217 ὡς
3605 1156 3711 1224 τὴν

2124 1246 2218 1300 τοῦ
2253 1247 2487 1315 ἀδελφοῦ
2522 1250 2587 1319 τῇ
2618 1246 2713 1301 τοῦ
2750 1247 2986 1317 ἀδελφοῦ
3016 1264 3032 1312 ;
3080 1247 3242 1301 Ἀλλὰ
3274 1245 3434 1299 τοῦτο
3466 1244 3704 1317 βλασφησ

2130 1340 2229 1408 μόν
2260 1339 2399 1403 ἐστι,
2426 1338 2642 1408 καὶτῆς
2693 1338 3002 1408 ἀδιαιρέτου
3031 1337 3246 1406 ἐκείνης
3275 1337 3463 1401 οὐσίας
3488 1340 3546 1390 ἐν
3576 1338 3699 1409 πορ

2130 1431 2377 1501 ῥωτάτῳ.
2436 1430 2547 1500 Τῆς
2596 1430 2704 1501 γὰρ
2757 1431 3053 1499 ἀδελφικῆς
3096 1430 3514 1500 όμοουσιότητος
3561 1432 3708 1482 κατὰ

2126 1527 2225 1588 τὰς
2257 1526 2363 1576 τῶν
2404 1524 2759 1577 ὑποστάσεων
2801 1523 3079 1586 οὑσιὼδεις
3128 1521 3390 1594 ὑπάρξεις
3438 1520 3708 1592 ὣῃρημέο

2128 1634 2247 1688 νης,
2278 1617 2363 1680 τίς
2397 1616 2461 1670 ἂν
2499 1616 2794 1687 τολμήσειε
2839 1616 2935 1668 καὶ
2982 1618 3072 1670 ἐπὶ
3108 1615 3246 1693 φεοῦ
3274 1613 3532 1681 τοιαύτην
3564 1611 3709 1665 διαί-

2132 1726 2283 1782 ρεσιν
2327 1709 2428 1778 τῆς
2461 1710 2757 1773 οὐσιὼδους
2787 1704 3076 1780 ὑπάρξεως
3107 1708 3215 1760 τῶν
3256 1693 3423 1778 τριῶν
3465 1702 3704 1758 ὑποστά-

2139 1818 2278 1855 σεων
2308 1803 2683 1872 φαντασθῆναι
2714 1818 2728 1867 ;
2762 1802 2931 1855 Αὑταὶ
2966 1801 3073 1870 γὰρ
3105 1802 3159 1853 αἱ
3192 1801 3342 1868 τρεῖς
3378 1796 3709 1859 ὑποστάσεις

2141 1893 2355 1963 ἐπινοίᾳ
2397 1893 2777 1964 διαιρούμεναι
2822 1892 2883 1946 τὸ
2918 1891 3052 1962 πρὸς
3090 1890 3351 1961 ἀλλήλαις
3398 1888 3709 1956 ἀδιαίρετον

439 1986 646 2037 latione
716 1983 809 2037 sed
869 1998 927 2036 re
989 1981 1295 2050 possident.
1342 1982 1409 2036 Et
1474 1990 1597 2036 cum
1653 1998 1711 2037 re
1767 1981 1910 2037 inter
1975 1998 2023 2038 se

2140 1986 2238 2038 οὑκ
2305 1985 2558 2056 ἐπινοίᾳ,
2632 1984 2771 2039 ἀλλά
2825 1986 3111 2054 πράγματι
3165 1984 3369 2053 ἔχουσι.
3420 1983 3529 2033 Καὶ
3587 1979 3708 2031 ἐπεὶ

442 2077 692 2131 indivisa:
742 2075 853 2129 sint
909 2082 1017 2128 tres
1080 2074 1305 2129 Deitatis
1355 2076 1709 2145 bypostases,
1758 2074 2023 2143 quomodo

2141 2076 2427 2146 πράγματι
2475 2075 2724 2147 ἀλλήλων
2774 2074 3075 2145 ἀδιαίρετοι
3125 2076 3263 2126 εἰσιν
3312 2073 3368 2124 αί
3419 2072 3567 2140 τρεῖς
3609 2071 3708 2136 τῆς

443 2167 654 2237 concipi
684 2167 882 2236 poterit
902 2208 917 2231 ,
951 2166 1098 2235 quod
1140 2169 1244 2220 hoc
1280 2169 1446 2220 modo
1477 2167 1837 2234 imaginemur
1867 2166 2023 2220 trium

2137 2167 2391 2230 θεότητος
2439 2167 2785 2241 ὑποστάσεις,
2832 2165 2948 2229 πῶς
2990 2162 3400 2234 ἐπινοηθῆναι
3453 2161 3515 2212 τὸ
3564 2160 3707 2212 οὕτω

447 2259 815 2328 hyposuiscon
870 2254 1204 2319 indirisom,
1250 2255 1295 2310 si
1361 2253 1628 2324 quispiam
1692 2255 2023 2309 continenter

2140 2260 2517 2331 θεωρούμενον
2538 2262 2657 2324 ταῖς
2678 2261 2857 2331 τρισὶν
2874 2261 3238 2313 ὑποστάσεσιν
3258 2256 3585 2327 ἀδιαίρετον,
3611 2255 3707 2307 ἐάν

442 2359 498 2406 et
558 2348 865 2402 immediate
912 2346 1174 2416 Spiritum
1228 2358 1440 2403 asserat
1489 2344 1552 2403 ei
1605 2345 1798 2414 Patre,
1854 2356 1907 2402 et
1943 2362 2023 2417 per

2138 2368 2220 2412 τις
2243 2351 2526 2421 προσεχῶς
2551 2352 2646 2403 καὶ
2665 2351 2883 2420 ἀμέσως
2897 2350 3030 2421 λέγῃ
3061 2353 3154 2402 καὶ
3179 2348 3240 2400 τὸ
3260 2348 3484 2416 Πνεῦμα
3523 2346 3588 2399 ἐκ
3612 2344 3707 2398 τοῦ

444 2441 642 2496 Filium
674 2439 990 2494 iulicietur?

515 2529 569 2582 6.
608 2527 907 2583 Considera
967 2526 1116 2582 enim
1175 2526 1460 2582 elfectibus
1485 2526 1745 2582 omnibus
1779 2526 2026 2590 seruatis,

443 2637 538 2693 per
565 2622 736 2693 ipsam
793 2620 1067 2687 Triadem,
1110 2634 1357 2674 meorum
1397 2633 1713 2676 sermonum
1742 2619 2016 2689 cegnitor.

2156 2442 2367 2512 Πατρὸς
2390 2445 2483 2496 καὶ
2507 2443 2595 2496 διὰ
2616 2443 2709 2494 τοῦ
2735 2442 2866 2495 Υἱοῦ
2890 2443 3156 2511 ὑπάρχειν
3196 2441 3330 2494 αὑτὸ
3355 2439 3665 2510 ἀπαρνῆται
3690 2454 3706 2502 ;

2209 2539 2286 2597 ς’.
2320 2532 2519 2586 Σκόπει
2577 2533 2686 2604 γὰρ
2723 2533 3123 2602 ἀπροσπαθῶς,
3173 2532 3305 2603 πρὸς
3348 2533 3447 2598 τῆς
3472 2531 3706 2598 Τριάδος

2128 2623 2319 2692 αὐτῆς,
2352 2625 2380 2676 ό
2407 2626 2525 2676 τῶν
2572 2624 2726 2694 ἐμῶν
2777 2623 2953 2692 λόγων
2998 2623 3316 2693 ἐξεταστὴς.
3360 2622 3431 2683 ,⁸0
3464 2623 3590 2685 Υἱὸς
3618 2621 3707 2673 διὰ.

442 2717 615 2773 Filius
667 2725 949 2788 propterea
997 2725 1103 2782 est,
1160 2726 1213 2771 et
1260 2715 1462 2771 dicitur
1494 2729 1601 2769 una
1633 2716 1868 2770 essentia
1894 2729 2020 2770 cum

2128 2715 2287 2768 τοῦτό
2318 2716 2433 2767 ἐστί
2465 2732 2524 2768 τε
2579 2717 2673 2769 καὶ
2717 2716 2933 2784 λέγεται
2971 2716 3068 2785 μία
3101 2716 3258 2769 οὑσία
3302 2714 3440 2785 μετά
3470 2714 3705 2784 Πατρὺς,

443 2812 607 2868 Patre
634 2812 778 2882 quod
806 2825 868 2865 ex
901 2810 1140 2865 essentia
1176 2807 1355 2864 Patris
1406 2808 1821 2862 immutabiliter
1853 2816 1908 2860 et
1938 2807 2023 2859 in-

2128 2806 2206 2860 ὃτι
2272 2809 2336 2859 ἐκ
2397 2806 2498 2875 τῆς
2562 2806 2751 2869 οὐσίας
2807 2805 2903 2859 τοῦ
2962 2807 3177 2874 Πατρδς
3235 2805 3557 2878 ἀρῤεύστως
3606 2804 3706 2858 ’καὶ

451 2904 626 2959 divise
677 2910 762 2956 est
790 2918 806 2955 :
839 2900 1078 2970 Spiritus
1135 2910 1427 2969 propterea
1484 2907 1568 2953 est
1598 2909 1652 2952 et
1683 2898 1884 2952 dicitur
1919 2913 2023 2952 una

2128 2898 2446 2969 ἀδιαιρέτως
2503 2899 2621 2952 ἐστί
2651 2916 2664 2931 ·
2692 2898 2754 2951 τὸ
2794 2897 3020 2969 Πνεῦμα
3055 2899 3143 2953 διὰ
3188 2899 3350 2952 τοῦτο
3378 2898 3494 2952 ἐστί
3518 2915 3576 2952 τε
3604 2897 3705 2952 καὶ

450 2996 687 3051 essentia
720 3007 843 3048 cum
873 2991 1011 3046 Filio
1037 3000 1093 3045 et
1118 2989 1301 3055 Patre,
1332 2990 1475 3059 quod
1510 2990 1746 3046 essentia
1790 2988 2023 3060 Spiritus

2128 2990 2339 3058 λέγεται
2369 2992 2468 3062 μία
2501 2993 2659 3046 οὐσία
2696 2994 2834 3065 μετὰ
2865 2992 2994 3046 Υιοῦ
3030 2993 3125 3046 καὶ
3166 2993 3400 3062 Πατρὸς,
3433 2994 3517 3047 ὄτι
3547 2993 3579 3063 ἡ
3608 2992 3703 3046 τοῦ

450 3101 547 3156 per
577 3083 774 3139 Filium
809 3090 892 3137 est
933 3092 1001 3135 ex
1026 3077 1189 3135 Patre
1216 3096 1232 3135 :
1259 3079 1402 3150 quod
1447 3080 1493 3134 si
1528 3080 1654 3149 quis
1687 3079 1868 3134 demat
1897 3079 2023 3134 illud

2128 3082 2447 3153 Πνεῦματος
2501 3084 2657 3137 οὑσίά
2701 3085 2788 3139 διὰ
2840 3084 2935 3138 τοῦ
2987 3084 3119 3138 Υῐοῦ
3151 3086 3301 3138 ἐστιν
3350 3086 3414 3137 ἐκ
3460 3085 3699 3154 Πατρός.

449 3188 546 3247 per
570 3175 793 3241 Filium,
820 3174 993 3245 ipsam
1028 3171 1345 3235 inseissam,
1392 3169 1724 3240 infragilem,
1753 3180 1807 3225 et
1830 3171 2023 3225 indivi-

2130 3177 2194 3229 Ελί
2223 3176 2280 3229 δέ
2306 3193 2393 3240 τις
2432 3177 2599 3249 ἀνέλῃ
2635 3177 2696 3231 τὺ
2739 3178 2829 3231 διὰ
2872 3178 2968 3232 τοῦ
3007 3179 3163 3261 Υίοῦ,
3193 3179 3369 3248 αὐτὴν
3400 3178 3502 3249 τὴν
3527 3178 3704 3247 ἄτμη-

448 3284 565 3324 sam
619 3267 907 3322 essentiam
965 3264 1186 3329 scindit,
1236 3262 1459 3332 frangit,
1510 3274 1563 3318 et
1601 3263 1812 3317 dividit.
1844 3261 2018 3328 Quam

447 3362 590 3413 enim
623 3359 876 3414 unionem
911 3356 1149 3427 Spiritus
1179 3357 1244 3409 ad
1269 3353 1489 3417 Filium,
1513 3364 1604 3408 ant
1632 3352 2022 3409 continentiam

449 3449 915 3512 comminiscetur,
957 3448 1003 3502 si
1049 3462 1155 3500 non
1190 3445 1493 3500 secundum
1522 3445 1700 3514 ipsum
1732 3445 2021 3498 indivisuin

453 3551 661 3594 natura:
686 3540 882 3594 sitnilis
917 3538 1048 3593 unio
1073 3547 1125 3593 et
1166 3537 1500 3593 continentia
1528 3536 1888 3606 intelligatur,
1929 3535 2023 3591 sed

455 3632 798 3701 participata,
822 3629 1226 3698 divisionisque
1290 3630 1582 3698 particeps,
1616 3628 1764 3683 illius
1794 3627 2021 3692 scilicet,

450 3736 571 3793 quae
618 3722 916 3776 secundum
969 3721 1266 3775 naturalem
1297 3732 1351 3773 et
1378 3719 1725 3795 essentialem
1759 3722 2025 3773 exsistan-

451 3818 581 3869 tiam
629 3830 693 3867 ex
731 3816 902 3883 prima
936 3827 1102 3867 causa
1153 3812 1389 3866 duorum
1449 3811 1736 3866 ellectuum
1792 3809 2024 3867 est?.Ne

453 3906 636 3973 itaque
660 3905 950 3974 quispiam,
980 3903 1074 3973 qui
1113 3904 1364 3972 pietatem
1393 3903 1572 3958 colere
1602 3906 1837 3967 studeat,
1860 3902 2022 3957 simili

448 3998 789 4066 blasphemia
851 3996 1070 4050 wnlodi
1121 3996 1599 4065 deprehendatur,
1651 3992 2022 4064 tbeologoru'm

448 4091 670 4144 Patrum
705 4102 864 4142 voces
891 4100 959 4141 ex
984 4088 1149 4140 corde
1199 4086 1581 4140 deosculandc
1608 4093 1757 4149 sunt,
1809 4085 1905 4154 qui
1958 4100 2025 4138 ex

449 4184 609 4237 Patre
631 4195 725 4250 per
753 4179 951 4235 Filium
986 4179 1249 4249 Spiritum
1284 4179 1676 4241 decreverunt;
1705 4184 1756 4229 et
1794 4175 2027 4231 traditus

454 4292 548 4346 per
574 4282 794 4330 sanctos
820 4274 874 4328 in
904 4272 1102 4327 Triade
1130 4273 1267 4326 ordo
1311 4269 1718 4340 atnpleetendus
1746 4277 1799 4322 et
1826 4282 2022 4337 appro-

455 4367 688 4432 bandus,
724 4369 815 4435 qui
851 4375 1064 4420 tantum
1101 4363 1278 4430 abest,
1325 4374 1384 4417 ut
1433 4362 1754 4417 divisionem
1803 4359 2028 4416 Deitatis

452 4461 790 4522 introducat,
839 4455 1300 4526 quemadmodum
1341 4454 1761 4507 calumniatores
1800 4460 2026 4519 prieten-

2128 3284 2240 3331 τον,
2296 3268 2393 3321 καὶ
2439 3269 2716 3338 ἄσχιστον,
2762 3268 2861 3322 καὶ
2903 3269 3215 3340 ἀδιαίρετον
3261 3270 3449 3322 οὐσίαν
3492 3270 3703 3337 τέμνει,

2127 3359 2224 3410 καὶ
2274 3357 2471 3427 σχίζει,
2537 3362 2631 3411 καὶ
2687 3359 2910 3429 διαιρεῖ.
2976 3360 3110 3412 Οἴαν
3167 3360 3276 3429 γὰρ
3334 3359 3403 3414 ἂν
3459 3359 3703 3429 βούλοιτο

2126 3451 2415 3521 ἐπινοῆσαι
2436 3452 2533 3522 τὴν
2572 3451 2667 3504 τοῦ
2693 3452 3015 3521 Πνεύμ-ατος
3050 3452 3185 3523 πρὸς
3213 3453 3303 3504 τὸν
3332 3452 3463 3505 Υἱον
3486 3453 3701 3515 ἕνωσιν,

2125 3544 2222 3596 καὶ⁸
2252 3543 2725 3615 ἐμπεριχὼρησιν,
2757 3546 2856 3598 οὐκ
2892 3544 3024 3598 αὐτὸ
3053 3547 3114 3597 τὸ
3148 3546 3244 3614 τῆς
3275 3544 3490 3613 φύσεως
3524 3543 3703 3596 ἀδιαί-

2129 3638 2285 3705 ρετον
2313 3636 2345 3706 ἡ
2374 3636 2600 3705 τοιαύτη
2627 3636 2820 3699 ἓνωσις
2852 3637 2948 3689 καὶ
2976 3634 3426 3708 ἐμπεριχὼρησις
3461 3635 3703 3704 νοηθείη,

2125 3727 2262 3780 ἀλλά
2291 3728 2419 3798 δοτὴ
2447 3728 2543 3782 καὶ
2585 3728 2907 3798 διαιρέσεως
2957 3729 3263 3797 μετέχουσα
3305 3729 3404 3797 τῆς
3434 3728 3578 3781 κατά
3604 3728 3703 3798 τὴν

2128 3820 2369 3888 φυσικὴν
2396 3821 2492 3872 καὶ
2523 3820 2753 3891 οὑσιώδη
2792 3821 3027 3891 ὑπάρξιν
3071 3819 3182 3873 τῶν
3226 3822 3289 3874 ἐκ
3336 3821 3431 3873 τοῦ
3481 3821 3704 3892 πρώτου

2127 3911 2303 3964 αἰτίου
2344 3910 2729 3965 δύοάίτιατῶν
2765 3930 2778 3977 ;
2812 3912 2930 3965 Ἵνα
2962 3913 3095 3981 γοῦν
3133 3902 3322 3984 μηδεὶς
3350 3915 3460 3969 τῶν
3489 3917 3704 3970 ἀσεϐεῖν

2127 4003 2467 4074 αἱρουμένων
2489 4003 2627 4072 λάθῃ
2658 4007 2724 4074 τῇ
2751 4005 2975 4076 τοιαύτῃ
3006 4005 3327 4076 βλασφημίᾳ
3349 4009 3702 4078 περιπαρεὶς,

2125 4095 2207 4147 δεῖ
2235 4095 2334 4157 τὰς
2366 4093 2477 4149 τῶν
2517 4093 2781 4164 θεολόγων
2810 4094 3070 4168 Πατέρων
3120 4099 3304 4166 φωνὰς
3332 4101 3443 4154 ἀπὸ
3475 4101 3701 4170 καρδίας

2127 4182 2488 4247 ἀσπάζεσθαι,
2519 4183 2629 4236 τῶν
2652 4185 2716 4238 ἐκ
2749 4185 2964 4257 [πατρὸς
2996 4187 3063 4240 δι’
3093 4187 3226 4242 Υἱοῦ
3259 4189 3702 4259 θεολοτησάντων

2126 4273 2190 4326 τὸ
2225 4275 2470 4344 Πνεῦμα,
2505 4278 2601 4330 καὶ
2637 4278 2737 4349 τῆν
2772 4279 3173 4349 παραδοθεῖσαν
3214 4282 3368 4354 παρὰ
3395 4285 3505 4337 τῶν
3532 4286 3704 4353 ἁγίων

2127 4365 2223 4418 ἐπὶ
2254 4367 2355 4434 τῆς
2395 4368 2625 4438 mea;
2654 4367 2907 4438 λέγεσθαι
2951 4371 3107 4438 τάξιν
3145 4375 3397 4444 στέργειν
3434 4378 3530 4429 καὶ
3561 4380 3703 4433 ἀπο-

2127 4454 2414 4525 δέχεσθαι,
2478 4457 2553 4520 ὡς
2615 4458 2677 4510 οὑ
2731 4459 2896 4528 μόνον
2958 4461 3226 4533 διαίρεσιν
3284 4465 3538 4536 θεότητος
3602 4470 3703 4521 οὐκ

450 4553 609 4617 dunt,
659 4561 716 4604 ut
765 4549 927 4602 etiam
979 4546 1288 4601 naturalem
1355 4556 1409 4598 et
1460 4543 1808 4598 essentialem
1863 4543 2023 4598 trium

2130 4549 2479 4617 εἰσάγουσαν,
2509 4550 2581 4612 ὡς
2618 4552 2669 4603 ot
2701 4552 3164 4621 συκοφαντοῦντες
3216 4558 3402 4625 φασιν,
3441 4557 3577 4610 ἀλλά
3609 4564 3704 4612 καὶ

455 4642 817 4712 bypostaseon
860 4638 1119 4691 unionem
1154 4637 1333 4706 palam
1373 4640 1666 4703 aperteque
1686 4635 2022 4705 οοιιιριοιιει.

524 4830 589 4880 7.»
610 4823 864 4877 llucitein
880 4823 992 4892 jam
1016 4819 1175 4876 dictis
1204 4818 1430 4889 insuper
1449 4816 1757 4875 addendum
1784 4822 2020 4877 videtur.

455 4917 689 4971 Verbum
721 4930 845 4967 cum
885 4915 958 4968 sit
983 4926 1046 4968 ex
1082 4912 1362 4967 intellectu
1386 4951 1402 4978 ,
1434 4913 1810 4978 continenter,
1843 4923 1896 4967 et
1924 4915 2027 4971 im-

454 5010 690 5063 mediate
740 5018 805 5058 ex
869 5005 1144 5061 intellectu
1191 5005 1448 5069 exsistit,
1486 5012 1880 5074 proptereaque
1904 5014 2026 5059 tan.

451 5099 733 5152 tummodo
765 5096 1072 5153 intellectus
1122 5096 1324 5152 dicitur
1355 5096 1602 5151 verbum.
1658 5095 1713 5151 Si
1765 5097 1946 5167 itaque
1972 5105 2026 5151 et

455 5188 694 5257 Spiritus
749 5182 1092 5244 continenter
1152 5198 1208 5242 et
1259 5185 1573 5242 immediate
1625 5201 1695 5241 ex
1750 5187 2022 5242 intellectu

454 5277 716 5343 dilueret,
751 5277 927 5333 sollus‘
963 5276 1268 5339 intellectus
1298 5265 1537 5348 Spiritus
1559 5278 1856 5341 diceretur,
1885 5288 1944 5333 at
1968 5287 2027 5334 et

458 5368 617 5423 Verbi
668 5372 867 5425 dicitur
909 5367 1167 5438 Spiritus.
1218 5371 1360 5424 Hine
1414 5370 1709 5425 manifesto
1765 5381 2024 5442 apparet,

452 5460 576 5512 ideo
631 5445 790 5517 Verbi
830 5460 935 5514 dici
997 5461 1299 5529 Spiritum,
1334 5461 1481 5530 quod
1540 5477 1634 5530 per
1674 5459 1908 5518 Verbum
1959 5474 2023 5519 ex

451 5549 726 5603 intellectu
759 5560 999 5607 emanat.
1048 5550 1181 5603 Nam
1230 5551 1276 5604 si
1312 5567 1406 5620 per
1444 5551 1675 5607 Verbum
1709 5570 1814 5608 non
1857 5565 2023 5620 esset,

450 5662 731 5714 nunquam
771 5650 929 5704 Verbi
973 5649 1213 5718 Spiritus
1259 5649 1550 5706 deeretur.
1590 5653 1794 5707 Dicitur
1823 5655 2023 5709 ctenim

446 5739 682 5790 alterum
738 5740 967 5794 alterius
1022 5740 1343 5796 naturaliter
1388 5753 1442 5798 et
1494 5747 1858 5801 essentialiter
1888 5788 1901 5810 ,
1933 5754 2027 5800 aut

447 5830 593 5897 quod
627 5847 688 5884 ex
718 5830 835 5901 ipso
862 5842 965 5897 est,
989 5834 1248 5903 autquod
1279 5849 1370 5902 per
1395 5837 1592 5906 ipsum,
1622 5840 1777 5909 cuer
1802 5840 2022 5907 dicitur,

2128 4639 2232 4709 τὴν
2258 4641 2495 4712 φυσικὴν
2524 4642 2620 4695 ml
2652 4643 2884 4715 οὑσιὼδη
2919 4647 3113 4700 ἕνωσιν
3135 4648 3244 4700 τῶν
3268 4640 3436 4718 τριῶν
3468 4646 3699 4703 ὑποστά-

2138 4749 2279 4785 σεων
2309 4733 2558 4802 ἐναργῶς
2584 4736 2964 4804 παριστῶσαν.

2198 4822 2264 4888 ζ’,
2316 4823 2429 4876 Καὶ
2458 4825 2621 4878 τοῦτο
2652 4827 2707 4878 δὲ
2744 4829 2858 4891 τοῖς
2891 4830 3208 4900 είρημένοις
3254 4832 3338 4886 δεῖ
3368 4849 3705 4903 προσεπιπο-

2128 4914 2415 4983 ρίσασθαι.
2465 4914 2525 4967 '0
2556 4915 2714 4984 λόγος
2746 4918 3009 4990 ὑπάρχων
3044 4924 3105 4975 ἐκ
3138 4922 3252 4990 νοῦ,
3286 4910 3572 4996 «paulo;
3606 4928 3703 4981 iul

2126 5005 2354 5075 ἀμέσως
2382 5006 2622 5078 ὑπάρχει
2674 5012 2738 5063 ἐκ
2772 5010 2864 5064 νοῦ
2893 5052 2907 5077 ,
2948 5014 3044 5067 καὶ
3086 5014 3177 5067 διὰ
3210 5017 3372 5070 τοῦτο
3404 5019 3565 5086 μόνον
3606 5004 3702 5073 τοῦ

2126 5097 2219 5151 νοῦ
2241 5098 2460 5167 λέγεται
2496 5101 2672 5171 λόγος.
2714 5090 2886 5175 Εἴπερ
2918 5105 3012 5159 οῦν
3048 5108 3142 5160 καὶ
3172 5109 3233 5162 τι
3266 5110 3488 5181 Πνεῦμα
3530 5129 3700 5181 προσ-

2127 5190 2269 5261 εχῶς
2334 5195 2426 5247 καὶ
2461 5194 2687 5264 ἀμέσως
2713 5198 2909 5268 προείη
2941 5198 3004 5250 ἐκ
3030 5198 3126 5252 τοῦ
3160 5201 3275 5266 νοῦ,
3306 5202 3467 5271 μόνον
3507 5203 3573 5256 ἂν
3606 5204 3702 5257 τοῦ

2126 5283 2221 5340 νοῦ
2279 5286 2499 5355 ἐλέγετο
2565 5289 2813 5361 Πνεῦμα.
2864 5291 3027 5346 Ἀλλά
3073 5293 3180 5366 μὴν
3226 5296 3321 5349 καὶ
3370 5295 3467 5350 τοῦ
3525 5297 3702 5366 Λόγου

2130 5376 2351 5443 λέγεται
2382 5378 2634 5450 Πνεῦμα,
2675 5384 2769 5435 καὶ
2787 5382 2954 5451 δῆλον
2986 5385 3274 5451 ἐντεῦθεν,
3305 5388 3380 5451 ὡς
3408 5388 3501 5442 διὰ
3542 5389 3704 5445 τοῦτο

2127 5470 2225 5524 τοῦ
2253 5471 2429 5540 Λόγου
2452 5473 2678 5542 λέγεται
2707 5474 2959 5546 Πνεῦμα,
2991 5478 3073 5531 ὅτι
3113 5479 3201 5532 διὰ
3227 5479 3325 5533 τοῦ
3355 5482 3531 5550 Λόγου
3567 5460 3704 5557 πρό-

2126 5579 2267 5616 εισιν
2300 5564 2364 5617 ἐκ
2400 5562 2495 5617 τοῦ
2519 5566 2633 5620 νοῦ.
2663 5566 2727 5620 El
2757 5568 2867 5638 γὰρ
2896 5569 2969 5639 μὴ
2998 5570 3089 5624 διὰ
3122 5571 3216 5625 τοῦ
3247 5574 3424 5643 Λόγου
3459 5572 3550 5647 ἦν,
3597 5577 3699 5630 οὑκ

2127 5655 2196 5710 ἄν
2230 5666 2359 5707 ποτε
2390 5656 2569 5725 Λόγου
2618 5658 2844 5728 Πνεῦμα
2889 5661 3134 5731 ἐλέγετο.
3186 5664 3259 5717 Τὸ
3308 5665 3562 5735 λέγεσθαι
3592 5671 3701 5741 γὰρ

2128 5747 2192 5799 τὸ
2228 5746 2418 5817 ἕτερον
2448 5748 2541 5801 τοῦ
2574 5750 2765 5821 ἐτέρου
2799 5755 3047 5820 φυσικῶς
3091 5772 3152 5808 τε
3196 5759 3292 5810 καὶ
3339 5759 3633 5826 οὑσιωὸὦς,
3666 5764 3700 5826 ἢ

2128 5839 2218 5892 διὰ
2272 5839 2331 5891 τὸ
2378 5839 2435 5904 ἐξ
2477 5841 2643 5894 αὐτοῦ
2684 5845 2954 5916 ὑπάρχειν
2987 5848 3228 5917 λέγεται,
3260 5851 3294 5919 ἢ
3319 5851 3404 5905 διὰ
3436 5853 3498 5906 τὸ
3527 5856 3696 5920 ὑπάρ-
