4054 6418
379 371 493 435 229

1424 370 1523 435 DE
1566 367 2093 434 PROCESSIONE
2135 369 2199 436 S.
2238 371 2621 435 SPIRITUS.

3551 374 3661 439 230

383 511 503 565 χειν
532 488 600 545 δι’
630 491 825 556 αὐτοῦ,
890 483 1064 562 οὗπερ
1095 490 1191 544 καὶ
1217 490 1459 559 λέγεται,
1488 492 1566 553 ὡς
1610 489 1673 543 τὸ
1712 487 1826 559 φῶς
1867 488 1965 554 τῆς

2075 495 2179 548 est,
2212 488 2377 542 veluti
2414 489 2599 543 lumen
2631 486 2794 551 radii,
2824 486 2970 557 quod
3017 502 3114 557 per
3146 486 3381 547 radium,
3412 496 3471 541 et
3500 490 3659 568 solis,

383 585 624 647 ἀκτῖνος,
663 583 747 635 ὃτι
783 583 874 635 διὰ
907 585 1006 653 τῆς
1037 583 1281 647 ἀκτῖνος,
1321 583 1417 636 καὶ
1439 581 1536 635 τοῦ
1568 581 1721 651 ἡλίου
1745 620 1759 643 ,
1793 581 1877 632 ὅτι
1907 579 1972 631 ὲκ

378 672 481 725 «τοῦ
513 671 689 741 ἡλίου.
742 672 852 725 Καὶ
895 671 956 723 τὸ
1004 671 1235 741 Πνεῦμα
1265 671 1398 737 γοῦν
1444 670 1541 723 τοῦ
1586 669 1719 724 Υἱοῦ
1751 667 1971 737 λέγεται

380 764 637 832 Πνεῦμα,
674 763 750 826 ὡς
776 764 1026 833 ὑπάρχον
1077 764 1164 817 διὰ
1190 763 1285 817 τοῦ
1314 764 1470 829 Υἱοῦ,
1503 765 1601 817 καὶ
1627 760 1724 816 τοῦ
1756 763 1971 832 Πατρδς

366 858 634 928 ἸΙνεῦμα,
659 856 735 920 ὡς
758 857 1030 928 ὑπάρχων
1058 858 1123 909 ὲκ
1154 857 1249 911 τοῦ
1282 857 1521 928 Πατρός.

512 957 537 991 ‘
992 972 1035 1024 Κ
1046 970 1248 1025 ΕΦΑΛ.
1283 969 1363 1027 Θ’.

367 1062 545 1131 Πρὸς
581 1061 726 1127 τοὺς
770 1061 1069 1132 λέγοντας
1094 1061 1219 1133 κὼς,
1266 1081 1300 1133 ς(
1346 1065 1508 1118 Ἐπεί
1544 1065 1969 1133 συμπροῑέναι,

455 1133 573 1206 καί
613 1132 1154 1206 συμπαρομαρτεῑιί
1199 1132 1445 1206 λέγεται
1486 1135 1551 1189 τὸ
1596 1132 1842 1206 Πνεῦμα
1887 1135 1968 1201 τῷ

455 1200 600 1267 ιΥλῷ,
629 1204 740 1256 οὐκ
767 1201 1028 1257 ἔστιηδιὰ
1050 1202 1159 1256 τοῦ
1194 1200 1355 1257 Υισῡ.
1394 1224 1413 1256 ι

454 1322 531 1369 α’.
578 1315 849 1370 Ἐνταῦθά
897 1333 990 1385 μοι
1023 1317 1051 1367 ὁ
1086 1314 1425 1390 λόγος’πρὸς
1479 1319 1671 1389 ἀγῶνα
1712 1320 1832 1374 οῦτι
1885 1339 1974 1392 μι-

372 1408 524 1476 νκρδν
550 1408 957 1478 ἀποδυσάμενος
988 1408 1236 1479 ἔρχεται.
1282 1411 1545 1465 Βούλεται
1589 1415 1698 1483 γάρ
1742 1416 1972 1485 χρήσεσι

380 1501 688 1568 γραφικαῖς
714 1500 1165 1569 ἀντιπαραθεῖναι
1200 1503 1341 1572 ῥητὰ
1373 1505 1644 1575 γραφικὰ,
1677 1505 1736 1570 ἐξ
1760 1501 1835 1558 ὧν
1857 1509 1972 1571 τοῖς

388 1592 495 1660 μὲν
556 1591 994 1662 φιλονεικότερον
1043 1595 1519 1659 ἀναγινώσκουσιν
1572 1598 1972 1671 ῆὲπηρεαστι-

386 1684 632 1754 κώτερον
666 1684 851 1738 ἔπεισι
878 1685 1218 1740 διανοεῖσθαι
1250 1689 1469 1753 ἑαυτοῖς
1499 1693 1970 1762 ὲναντιοφωνῆοαι

392 1778 519 1839 τοὺς
572 1776 747 1830 ταῦτα
804 1777 1267 1849 θεολογήσαντας,
1339 1784 1453 1846 τοῖς
1505 1783 1561 1835 δὲ
1612 1784 1970 1853 ἀφιλονείκως

2075 578 2335 643 quoniam
2371 595 2434 634 ex
2472 579 2608 636 sole.
2659 578 2900 645 Spiritus
2947 594 3080 646 ergo
3132 579 3334 633 dicitur
3382 566 3503 632 Filii
3542 566 3666 650 Βρίξ-

2074 668 2235 732 ritus,
2262 679 2520 739 tanquam
2547 671 2639 740 qui
2667 682 2749 725 est
2795 686 2888 739 per
2930 670 3151 735 Filium,
3184 680 3240 724 et
3275 669 3455 725 Patris
3491 670 3665 741 Spiri-

2076 768 2185 825 tus,
2230 770 2487 830 tanquam
2521 763 2614 830 qui
2644 774 2724 817 est
2760 779 2823 816 ex
2856 763 3034 816 l‘atre.

2687 969 2921 1027 CAPUT
2962 970 3051 1030 IX.

2073 1060 2158 1114 Ad
2195 1077 2303 1122 eos,
2341 1063 2429 1130 qui
2459 1059 2661 1122 dicunt,
2718 1080 2735 1111 ι
2776 1060 3004 1127 Quando
3052 1078 3158 1117 una
3211 1064 3373 1118 siina!
3413 1080 3663 1120 emanare

2145 1148 2264 1184 cum
2303 1130 2464 1194 It'ilio,
2499 1140 2673 1205 agna
2701 1133 2862 1186 simul
2884 1136 3132 1205 consequi
3162 1132 3398 1204 Spiritus
3433 1137 3660 1200 dicitur,

2146 1218 2249 1255 non
2278 1218 2391 1276 esse
2411 1217 2504 1270 per
2538 1199 2586 1254 F
2589 1201 2760 1256 ilium.
2807 1221 2826 1253 ›

2148 1319 2199 1373 1.
2249 1316 2352 1372 Hic
2396 1326 2584 1372 nostra
2639 1318 2815 1372 oratio
2886 1319 2954 1373 ad
3012 1328 3288 1374 certamen
3354 1321 3663 1391 accingitur

2075 1410 2307 1462 celebre.
2373 1409 2620 1463 Conatut‘
2679 1398 2885 1465 etenim
2959 1411 3382 1467 auctoritatibus
3458 1414 3664 1480 scripto

2077 1501 2339 1567 traditis,
2382 1502 2487 1555 alia
2529 1501 2738 1570 scripto
2791 1502 3109 1571 consignata
3169 1504 3314 1558 dicta
3363 1518 3663 1573 apponere,

2075 1593 2277 1662 quibus
2328 1594 2419 1665 qui
2468 1593 2871 1649 contentiosius
2925 1610 2987 1648 ea
3037 1606 3390 1664 percurrunt,
3417 1598 3531 1652 sive
3570 1612 3665 1651 ca-

2073 1684 2406 1740 lumniosius
2453 1688 2790 1748 examinant,
2825 1685 3013 1740 animo
3042 1689 3533 1757 comprehendant,
3568 1703 3663 1743 eo-

2077 1794 2195 1833 rum
2250 1788 2505 1833 auctores
2557 1777 2802 1846 sibiipsis
2863 1778 3208 1833 adversantia
3274 1781 3661 1847 concinnasse,

399 1867 792 1937 ἐπερχομένοις
817 1868 981 1936 αὐτὰ,
1020 1874 1117 1923 καὶ
1152 1874 1228 1943 μὴ
1263 1873 1402 1944 πρὸς
1455 1876 1722 1947 ἐπήρειαν
1758 1878 1968 1946 ἐγγίνε-

2077 1872 2169 1943 qui
2205 1887 2333 1927 vero
2370 1888 2433 1928 ea
2465 1875 2584 1928 sine
2628 1873 2983 1927 contentione
3028 1881 3088 1926 er
3125 1874 3245 1926 rixa
3288 1873 3663 1937 considerant.

384 1977 501 2027 ται,
561 1961 868 2032 θαυμάζειν
910 1963 971 2017 τὺ
1024 1967 1274 2020 ποικίλον
1314 1969 1414 2036 τῆς
1470 1969 1665 2038 σοφίας
1704 1971 1798 2022 τοῦ
1830 1970 1969 2024 Θεοῦ

525 2054 897 2163 πολύτροπον,
923 2056 1062 2111 καθὸ
1096 2059 1254 2163 copi,
1274 2060 1469 2163 ἁγίους
1507 2062 1670 2134 ὴμῶν
1717 2064 1971 2135 Πατέρας

377 2147 638 2225 ὡδήγησε
687 2148 776 2202 διὰ
827 2152 1049 2205 πάντων
1101 2147 1248 2223 ὁμοῦ
1291 2153 1352 2207 τὸ
1382 2147 1406 2173 ’
1411 2157 1513 2223 τῆς
1561 2155 1847 2225 θεολογίας
1877 2159 1968 2211 εύ-

379 2239 615 2312 ρύθμως
650 2242 1104 2312 συναρμόσασθαι
1138 2243 1454 2316 σύμφωνον.
1484 2249 1606 2302 Τῶν
1639 2250 1750 2321 γὰρ
1793 2253 1971 2306 ἁπάν-

372 2351 493 2387 των
521 2333 696 2403 ἁγίων
728 2373 744 2398 ,
779 2334 896 2388 ὅσοι
934 2333 995 2389 τὸ
1035 2335 1132 2404 τῆς
1164 2339 1444 2408 θεολογίας
1480 2339 1631 2412 βῆμα
1664 2343 1968 2412 περιεκάθ-

377 2443 529 2491 ισαν,
582 2425 1047 2498 θεολογησάντων,
1106 2428 1226 2482 ἐστι
1261 2431 1363 2500 μὲν
1396 2426 1457 2486 οὗ
1495 2436 1820 2505 συμπροῖὸν,
1875 2437 1970 2489 καὶ

380 2518 899 2589 συμπαρομαρτοῦν
926 2518 1004 2590 τῷ
1036 2520 1152 2592 Υἱῷ
1171 2522 1233 2575 τὸ
1256 2523 1487 2595 Πνεῦμα
1521 2528 1584 2578 ὲκ
1614 2529 1707 2579 τοῦ
1734 2527 1970 2599 Πατρὸς,

380 2612 509 2665 ἔστι
545 2613 603 2666 δὲ
630 2605 692 2664 οὗ
730 2613 820 2667 διὰ
866 2612 964 2666 τοῦ
1034 2614 1169 2669 Υίοῦ
1202 2616 1448 2688 ὑπάρχον
1476 2618 1612 2672 αὐτὸ
1641 2626 1733 2674 καὶ
1775 2622 1832 2676 ὲν
1890 2616 1972 2685 οἷς

378 2705 701 2775 ἐχρήσαντο
747 2704 1216 2776 παραδείγμασιν,
1269 2708 1386 2761 ἔστι
1433 2710 1535 2780 μὲν
1560 2704 1656 2765 οὖν
1699 2729 1717 2763 ι
1743 2713 1964 2783 δίδυμον

380 2799 589 2851 ἀκτῖνα
622 2796 717 2850 τοῦ
759 2798 973 2869 Πατρὸς
1009 2803 1106 2853 καὶ
1136 2800 1392 2873 δίρρυτον
1425 2802 1458 2874 ἢ
1485 2803 1768 2877 δίκρουνον
1805 2825 1973 2861 ποτα-

384 2889 515 2958 μὸν,
547 2886 663 2941 ἔστι
691 2886 751 2941 δὲ
781 2880 844 2943 οῦ
873 2888 951 2952 ὡς
981 2889 1039 2955 ἐξ
1068 2889 1221 2960 ἡλίου
1251 2894 1448 2946 ἀκτῖνα
1482 2897 1577 2947 καὶ
1610 2897 1749 2964 φῶς,
1776 2901 1872 2952 καλ⁸
1897 2898 1974 2963 ὡς

380 2984 450 3034 ὲκ
481 2981 671 3052 πηγῆς
694 2984 941 3053 ποταμόν
967 2999 1025 3035 τε
1060 2984 1156 3038 καὶ
1190 2983 1356 3056 ὕδωρ,
1389 2985 1483 3040 τὸν
1514 2986 1645 3048 Υίὸν
1669 2990 1974 3061 εἰρηκότων

379 3076 484 3128 καὶ
518 3074 583 3127 τὸ
620 3075 852 3146 Πνεῦμα
874 3077 934 3131 τὸ
965 3077 1147 3147 ἅγιον,
1178 3079 1227 3130 οἱ
1262 3077 1402 3149 πρὸς
1436 3080 1537 3151 τὴν
1577 3081 1677 3150 τῆς
1728 3083 1975 3154 Ῥωμαῖ-

380 3166 496 3237 κῆς
549 3166 887 3236 Ἐκκλησίας
930 3168 1130 3224 ἕνωσιν
1166 3170 1519 3241 κακοσχύλως
1564 3171 1969 3245 διενιστάμενοι

380 3261 471 3321 εἰς
495 3257 596 3331 τὴν
627 3258 768 3328 πρὸς
801 3258 1011 3330 ἄλληλα
1037 3250 1467 3333 ἐναντιόςρωνίαν
1500 3264 1568 3318 τὰ
1599 3265 1831 3320 τοιαῦτα
1858 3268 1968 3322 τῶν

383 3352 562 3420 ἁγίων
587 3355 732 3426 ῥητὰ
755 3352 1224 3424 ἐκλαμωνοντες,
1266 3355 1336 3409 τὰ
1366 3354 1467 3426 μὲν
1501 3359 1580 3421 είς
1611 3360 1971 3430 παράδειγμα

380 3446 500 3507 τοῖς
529 3444 710 3513 ἁγίοις
740 3444 1171 3515 παρειλημμένα
1198 3444 1294 3499 τοῦ
1328 3441 1477 3502 εἶναι
1502 3447 1595 3502 διὰ
1629 3448 1862 3521 θατέρου
1909 3451 1972 3505 τὸ

379 3536 574 3607 ἕτερον
605 3534 916 3606 παρορῶσι,
950 3535 1092 3589 τὰδὲ
1130 3538 1211 3600 εἰς
1244 3538 1567 3609 ἀποτροπὴν
1582 3540 1679 3593 τοῦ
1698 3542 1971 3612 ὑπάρχειν

382 3630 474 3683 διὰ
510 3628 609 3682 τοῦ
648 3628 786 3682 Tim”:
829 3628 892 3681 τὺ
926 3627 1181 3697 Πνεῦμα,
1226 3628 1495 3683 δοκοῦντα
1538 3632 1840 3687 συντείνειν
1871 3635 1973 3688 αὒ-

378 3722 523 3786 τοῖς,
555 3720 908 3791 προτείνουσι
944 3721 1042 3773 καὶ
1077 3720 1502 3791 προϐάλλονται.
1539 3725 1654 3779 Καὶ
1681 3725 1804 3778 δέον
1829 3724 1889 3779 ὃν
1910 3726 1970 3781 τὸ

380 3813 490 3865 ¹ιῶν
531 3812 818 3884 ἑκατέρων
856 3813 1047 3885 ῥητῶν
1083 3811 1379 3883 σύμφωνον
1410 3815 1637 3880 τούτους
1683 3820 1969 3872 κατανοεῖν

379 3904 442 3970 ἐξ
480 3904 604 3966 ἑνὸς
640 3905 807 3973 μόνου
833 3905 928 3957 τοῦ
958 3907 1111 3976 παρὰ
1134 3906 1241 3958 τῶν
1279 3905 1464 3960 αὐτῶν
1492 3906 1761 3978 θεολόγων
1790 3911 1971 3982 ἀμφό-

378 4014 524 4066 τερα
557 3997 738 4050 ταῦτα
773 3996 1174 4064 θεολογεῖσθαι,
1205 3998 1260 4052 τί
1288 4000 1400 4070 γὰρ
1438 4001 1506 4078 ᾂν
1552 4003 1648 4055 καὶ
1690 4002 1972 4072 βεϐαιότε-

382 4106 480 4159 ρον
508 4088 704 4141 τούτου
733 4088 873 4158 πρὸς
896 4088 1173 4153 ἀπόδειξιν
1195 4089 1353 4144 ἔσται
1389 4095 1490 4164 τῆς
1532 4094 1642 4147 τῶν
1676 4095 1970 4165 γραφικῶν

384 4181 606 4252 ῥήσεων
639 4181 990 4249 συμφωνίας,
1038 4181 1154 4250 είγε
1184 4184 1397 4246 κοιναῖς
1425 4185 1657 4250 ἐννοίαις
1687 4186 1972 4258 ὡμολόγη-

375 4290 473 4327 ται
506 4272 718 4344 μηδένα
746 4273 858 4325 τῶν
900 4271 1163 4325 ἁπάντων
1197 4274 1419 4328 ἐναντία
1442 4276 1619 4346 ἑαυτῴ
1658 4276 1840 4345 λέγειν
1876 4279 1971 4332 καὶ

375 4365 763 4435 δογματίζειν,
789 4366 884 4417 καὶ
914 4365 1155 4435 μάλιστα
1180 4367 1230 4418 εἰ
1269 4367 1424 4437 παρὰ
1464 4367 1559 4420 τοῦ
1593 4368 1909 4440 Πνεύματος
1937 4372 1965 4423 ὁ

373 4464 479 4530 τῆς
511 4458 795 4526 θεολογίας
847 4457 1125 4527 ἐγγίνεται
1168 4460 1450 4529 φωτισμὺς
1487 4463 1601 4526 τοῖς
1626 4462 1756 4532 περὶ
1801 4462 1969 4516 αὑτοῦ

2085 1963 2294 2017 variam
2328 1979 2392 2018 ac
2419 1962 2777 2033 multiplicem
2809 1961 2908 2017 Dei
2937 1964 3259 2032 sapientiam
3296 1963 3662 2027 admirentur,

2079 2072 2203 2128 quin
2237 2066 2461 2112 sanctos
2510 2054 2702 2112 Patres
2750 2063 2974 2111 nostros
3021 2057 3093 2110 ita
3125 2056 3413 2125 disposuit,
3470 2064 3530 2110 ut
3568 2070 3666 2125 per

2077 2149 2261 2203 omnia
2291 2148 2584 2218 theologia:
2619 2161 2926 2203 consonum
2974 2147 3140 2202 simul
3171 2160 3226 2201 et.
3268 2148 3538 2203 concinne
3565 2149 3665 2201 ad-

2077 2243 2302 2297 modum
2335 2248 2730 2310 componerent
2775 2254 2842 2295 ac
2882 2248 3332 2311 coagmentarcnt
3362 2256 3377 2294 ι
3407 2237 3666 2293 omnibus

2077 2332 2346 2402 siquidem
2381 2332 2610 2396 sanctis,
2660 2332 2752 2401 qui
2794 2331 3081 2399 tlieologiae
3117 2338 3438 2401 suggestum
3469 2344 3668 2385 ascen-

2077 2425 2294 2488 derunt,
2321 2433 2380 2479 et
2412 2438 2499 2479 res
2527 2423 2868 2492 theologicas
2907 2430 3233 2486 tractarunt,
3264 2422 3664 2487 asserentibus,

2078 2515 2373 2586 aliquando
2414 2535 2434 2569 ι
2470 2529 2576 2569 una
2608 2515 2774 2571 simul
2815 2528 3078 2570 emanare
3121 2530 3246 2567 cum
3277 2511 3436 2576 Filio,
3467 2523 3523 2568 et
3556 2529 3667 2570 una

2079 2609 2243 2665 simul
2293 2607 2557 2678 consequi
2614 2607 2880 2677 Spiritum
2931 2621 3000 2663 ex
3032 2603 3193 2660 Patre
3239 2624 3255 2661 :
3296 2624 3315 2658 ι
3374 2606 3668 2676 aliquando

2084 2720 2104 2755 ι
2143 2718 2239 2774 per
2288 2700 2488 2756 Filium
2551 2699 2705 2754 illum
2755 2698 3024 2753 exsistere
3063 2714 3079 2751 :
3125 2716 3147 2749 ›
3181 2706 3237 2753 et
3269 2697 3325 2750 in
3375 2699 3665 2767 exemptis,

2080 2792 2285 2863 quibus
2311 2791 2387 2845 illi
2442 2790 2524 2846 usi
2559 2798 2711 2854 sunt,
2749 2788 3069 2857 aliquando,
3108 2804 3128 2839 ι
3164 2788 3439 2858 dupliCem
3486 2788 3666 2846 Patris

2082 2883 2319 2948 radium,
2373 2893 2427 2937 et
2455 2879 2773 2963 .dupliciter
2823 2879 3119 2944 ﬂuentem;
3160 2894 3258 2945 ac,
3312 2897 3333 2931 ι
3369 2880 3666 2949 dupliciter
3765 2877 3768 2882 “

2082 2987 2330 3032 ruentem
2384 2973 2613 3029 ﬂuvium
2655 2989 2667 3024 :
2708 2990 2728 3024 ι
2777 2971 3094 3042 aliquando,
3140 2989 3158 3023 ι
3215 2971 3381 3025 veluti
3434 2984 3498 3026 ex
3549 2972 3667 3027 sole

2082 3070 2268 3125 lumen
2297 3076 2352 3123 et
2384 3067 2623 3132 radium,
2661 3083 2679 3116 ι
2711 3075 2786 3128 et,
2824 3083 2844 3117 ι
2886 3063 3054 3119 veluti
3081 3078 3149 3117 ex
3169 3062 3320 3119 fonte
3347 3062 3574 3118 ﬂuvium
3612 3073 3671 3119 et

2082 3176 2283 3234 aquam
2329 3178 2346 3212 ι
2378 3158 2578 3213 Filium
2612 3166 2666 3213 et
2698 3157 2961 3228 Spiritum
3009 3165 3260 3211 sanctum
3293 3159 3671 3228 nuncupanti-

2079 3255 2205 3316 bus,
2239 3250 2485 3321 quicum
2523 3247 2773 3303 Rmuana
2821 3246 3066 3303 Ecclesia
3099 3248 3379 3313 unionem,
3407 3248 3522 3301 otio
3564 3263 3668 3304 suo

2079 3346 2391 3407 abutentes,
2418 3343 2717 3411 exagitant,
2742 3340 2946 3394 similia
2971 3351 3289 3396 sanctorum
3315 3341 3480 3405 dicta,
3502 3344 3665 3412 quasi

2079 3437 2318 3506 sibiipsis
2360 3434 2704 3490 adversantia
2735 3434 3104 3501 accipientes,
3134 3448 3257 3503 qua!
3301 3434 3359 3486 in
3399 3433 3666 3503 exetnplis

2078 3532 2309 3587 adducta
2352 3539 2502 3593 sunt,
2533 3529 2599 3580 ad
2636 3526 3129 3598 comprobandum,
3170 3541 3338 3580 unum
3377 3541 3473 3595 per
3519 3527 3665 3582 aliud

2077 3638 2238 3686 esse,
2289 3623 2611 3691 negligunt;
2663 3634 2788 3690 quae
2831 3633 2962 3674 vero
2985 3618 3056 3673 ad
3104 3618 3508 3684 refellendum,
3541 3634 3667 3677 esse

2078 3732 2175 3787 per
2190 3713 2392 3769 Filium
2412 3713 2700 3784 Spiritum,
2720 3713 2970 3765 Videntur
2992 3709 3328 3777 conducere,
3354 3710 3662 3780 proferunt,

2079 3827 2520 3891 preponuntque.
2549 3814 2615 3870 Et
2652 3829 2776 3869 cum
2810 3829 2949 3884 opus
2997 3824 3147 3869 esset
3178 3818 3556 3884 utrorumque:
3580 3816 3665 3870 di-

2078 3920 2295 3967 etorum
2323 3908 2673 3964 concordiam
2709 3921 2774 3959 ac
2800 3905 3220 3960 consensionem
3236 3906 3544 3974 concipere,
3577 3907 3664 3961 vel

2075 4018 2144 4058 eo
2174 4003 2314 4065 solo,
2357 4006 2503 4071 quod
2560 4006 2796 4068 utra-que
2845 3999 2963 4053 luce
3021 3996 3090 4053 ab
3138 3996 3334 4052 iisdem
3395 3998 3664 4068 theologis

2075 4092 2363 4152 enuntiata
2393 4101 2523 4150 sunt
2544 4133 2559 4159 ,
2593 4091 2725 4162 quid
2763 4091 2911 4145 enim
2937 4092 3122 4162 aptius
3151 4090 3425 4145 dictorum
3457 4090 3665 4161 scripto

2079 4190 2409 4243 traditurum
2477 4187 2903 4241 consensionem
2977 4183 3454 4250 constabiliverit;
3529 4184 3663 4239 dum

2077 4279 2466 4337 communibus
2496 4277 2819 4331 nationibus
2850 4275 2971 4331 sine
2992 4276 3101 4330 ulla
3145 4275 3491 4330 haesitatione
3516 4276 3662 4346 apud

2079 4386 2275 4427 omnes
2306 4370 2360 4423 in
2392 4367 2647 4424 confesso
2678 4366 2772 4431 sit,
2797 4366 3072 4423 neminem
3107 4368 3352 4420 omnium
3384 4368 3663 4422 contraria

2079 4461 2298 4533 sibiipsl
2331 4461 2547 4515 tradere
2570 4469 2665 4514 aut
2691 4459 3013 4524 decernere,
3042 4468 3099 4513 ct
3130 4459 3479 4528 potissimum
3514 4460 3561 4515 si
3594 4474 3662 4515 ex

375 4549 702 4619 θεολογοῦσι
727 4551 820 4605 τοῦ
857 4549 1178 4622 Πνεύματος
1203 4572 1217 4618 ;
1245 4555 1311 4606 Ol.
1337 4554 1395 4606 δὲ
1427 4553 1583 4620 ἀλλὰ,
1615 4558 1715 4625 τῆς
1737 4548 1968 4628 πεισμο-

2083 4553 2290 4624 Spiritu
2334 4553 2463 4607 dicti
2500 4551 2648 4605 illius
2682 4550 2973 4620 tbeOIOgici
3028 4550 3214 4604 lumen
3265 4551 3502 4608 accessit
3530 4551 3660 4619 illis,

379 4645 484 4713 νῆς
515 4641 673 4709 ἅπαξ
706 4643 801 4696 καὶ
835 4643 930 4696 τοῦ
965 4643 1318 4714 ἰδιορῤύθμου
1348 4645 1655 4716 γενόμενοι,
1699 4648 1838 4720 πρὸς
1865 4653 1964 4719 μὲν

370 4736 473 4789 τὺν
506 4733 617 4787 τῶν
651 4734 1121 4804 παραδειγμάτων
1147 4735 1324 4805 ἥλιον,
1349 4736 1450 4807 τὴν
1478 4737 1679 4792 ἁκτῖνά
1706 4757 1766 4793 τε
1791 4742 1965 4796 καὶτὸ

373 4826 502 4898 φῶς
530 4827 658 4890 τοὺς
691 4827 911 4897 νοεροὺς
947 4828 1181 4897 μύουσιν
1209 4827 1551 4896 ὀφθαλμοὺς,
1601 4832 1700 4885 καὶ
1725 4834 1827 4902 τὴν
1850 4834 1963 4888 τῶν

369 4920 847 4991 παραδειγμάτων
875 4925 1083 4992 πηγὴν,
1113 4921 1208 4972 τόν
1235 4935 1295 4971 τε
1328 4922 1579 4993 ποταμὸν
1608 4926 1704 4977 καὶ
1731 4926 1793 4977 τὸ
1814 4923 1962 4998 ὕδωρ

370 5012 489 5074 τοῖς
526 5011 765 5083 ῥεύμασι
820 5010 924 5080 τῆς
965 5010 1179 5065 ἑαυτῶν
1225 5010 1744 5086 ἐθελογνωμοσύνης
1783 5033 1962 5089 παρα-

379 5102 576 5175 σύρειν
613 5102 1094 5174 ἐπιτεχνάζονται,
1129 5105 1233 5174 τὴν
1262 5102 1322 5157 δὲ
1344 5105 1571 5176 δίδυμον
1608 5109 1831 5174 ἀκτῖνα,
1866 5110 1962 5164 καὶ

367 5193 469 5249 τὸν
498 5193 782 5264 δίρῤυτον,
824 5193 858 5265 ἢ
911 5195 1009 5248 καὶ
1059 5195 1349 5266 δίκρουνον
1379 5197 1652 5269 ποταμὸν,
1690 5198 1767 5262 ὡς
1816 5201 1960 5272 τάχα

367 5287 601 5340 ἐναντία
629 5284 743 5339 τῶν
774 5286 1110 5358 είρημένων,
1161 5289 1258 5343 καὶ
1299 5291 1682 5360 ἁνατρεπτικὰ
1717 5291 1831 5346 άνω
1862 5294 1959 5348 καὶ

372 5377 535 5435 κάτω
558 5377 657 5433 τοῦ
686 5378 853 5448 λόγου
884 5381 1247 5454 προφέρουσι.
1279 5383 1391 5437 Καὶ
1422 5384 1597 5457 οἱμὲν
1619 5385 1812 5453 οὕτως.

444 5565 511 5638 β’.
557 5566 755 5636 Ἡμεῖς
778 5564 861 5633 δὲ,
892 5567 989 5639 τῆς
1021 5572 1247 5640 εἰρήνης
1292 5569 1404 5623 τῶν
1434 5570 1776 5642 Ἐκκλησιῶν
1826 5577 1956 5629 ἀντ-

369 5661 653 5731 εχόμενοι,
677 5660 747 5712 δι’
774 5659 844 5731 ἦν
869 5666 964 5713 τὸν
995 5662 1132 5729 πρὸς
1163 5661 1292 5725 τοὺς
1334 5663 1405 5717 τά
1430 5665 1656 5718 τοιαῦτα
1706 5670 1956 5738 τεχνολο-

368 5752 605 5819 γοῦντας
636 5751 829 5819 ἀγῶνα
858 5750 1156 5821 προθύμως
1187 5751 1556 5824 ὑποδυόμεθα,
1579 5753 1722 5808 οὕτω
1746 5759 1950 5826 φαμέν.

356 5840 752 5919 βΩμολὸγηται
814 5842 914 5911 μὲν
969 5842 1334 5914 συμπροῖέναι
1388 5845 1451 5897 τὸ
1524 5844 1769 5914 Πνεῦμα,
1846 5851 1947 5902 καὶ

2073 4648 2167 4718 qui
2208 4647 2275 4701 de
2313 4647 2503 4701 eodem
2539 4644 2748 4714 Spiritu
2790 4643 2957 4699 verba
2985 4640 3235 4698 faciunt?
3263 4641 3351 4720 Illi
3379 4646 3663 4700 enimvero

2071 4740 2386 4811 pertinacia:
2439 4737 2608 4794 semel
2676 4746 2734 4792 et
2787 4737 3021 4807 propria":
3076 4737 3381 4792 voluntatis
3440 4737 3659 4793 libidini

2067 4822 2295 4894 addicti,
2319 4830 2387 4885 ad
2417 4833 2611 4890 solem.
2635 4829 2873 4895 radium,
2914 4841 2969 4883 et
3002 4830 3188 4883 lumen
3237 4831 3470 4899 exempli
3495 4845 3661 4884 causa

2067 4925 2278 4992 prolata
2340 4922 2744 4976 intellectuales
2779 4922 2973 4975 oculos
3027 4920 3375 4987 occludunt,
3445 4936 3660 4976 necnon

2062 5012 2290 5078 fontem,
2314 5010 2563 5076 ﬂuvium,
2583 5021 2636 5066 et
2662 5027 2862 5081 aquam
2885 5026 3010 5066 cum
3042 5011 3128 5066 sui
3159 5012 3333 5081 ipsius
3364 5011 3665 5065 arbitratus

2063 5106 2307 5162 ﬂuxibus
2359 5116 2671 5160 transversa
2739 5106 2957 5160 trahere
3024 5114 3296 5159 conantur
3333 5123 3347 5158 ε
3384 5101 3661 5170 duplicem

2063 5208 2244 5254 autem
2297 5198 2511 5252 radium
2561 5206 2616 5251 et
2657 5195 2958 5266 dupliciter
2985 5193 3242 5250 ﬂuentem
3296 5201 3659 5261 mentemque

2058 5292 2307 5355 ﬂuvium,
2339 5289 2496 5359 quasi
2523 5289 2685 5344 dictis
2711 5289 3169 5354 adversarentur,
3214 5299 3387 5355 eaque
3434 5287 3659 5341 convel-

2059 5388 2253 5447 lerent.
2273 5399 2493 5440 rursum
2515 5383 2885 5452 deorsumque
2907 5422 2922 5449 ,
2953 5382 3011 5436 in
3030 5378 3663 5439 oratione-conculcant.

2059 5481 2125 5537 Et
2157 5466 2211 5536 lii
2247 5483 2465 5551 quidem
2503 5481 2574 5534 ita
2607 5493 2667 5533 se
2693 5485 2911 5548 gerant.

2128 5574 2182 5628 9..
2213 5572 2323 5626 Nos
2357 5587 2518 5641 porro
2566 5570 2659 5640 qui
2705 5569 3094 5625 ecclesiasticae
3135 5565 3255 5636 paci
3302 5563 3664 5639 intraremus,

2059 5669 2130 5720 ob
2161 5681 2322 5734 quam
2354 5664 2619 5717 adversus
2647 5661 2846 5715 similia
2879 5660 3375 5715 comminisceutes
3399 5662 3659 5719 alacriter

2063 5767 2341 5813 certamen
2377 5755 2749 5827 aggredimur,
2782 5754 2854 5807 ita
2884 5753 3139 5806 dicimus.
3176 5748 3386 5808 Nemini
3423 5754 3655 5810 dubium

2062 5859 2488 5907 controversum
2519 5861 2623 5912 cst,
2658 5844 2918 5912 Spit-itum
2967 5846 3135 5902 simul
3177 5862 3298 5903 cum
3345 5847 3481 5905 Filio
3511 5864 3665 5905 etua-

3574 6026 3657 6085 Μ,

3468 6118 3541 6161 κ
