4054 6420
390 5982 427 6007 κ

488 373 585 435 SL3!

1525 368 1739 427 ΙΟᾹΝ.
1787 365 1995 427 VECCI
2039 363 2149 425 CP.
2191 363 2702 426 PATRIARCHIE

3672 370 3691 386 β

3672 370 3691 386 Γ

3636 364 3734 432 2.εὲ

485 505 639 553 ιςιιιε,
673 494 722 541 et
760 482 1048 553 ptogredi,
1104 476 1404 534 Secundum
1441 490 1596 529 suam
1629 489 1694 528 ex
1739 473 1898 527 Patre
1937 472 2077 525 exsi-

2189 474 2688 543 συμπαρομαρτεῖν
2723 468 2801 541 τῷ
2835 468 2949 540 Tit?)
2975 468 3117 522 κατὰ
3149 470 3247 540 τὴν
3289 470 3350 523 ἐκ
3402 473 3607 544 Πατρὶς
3653 478 3743 531 αὖ-

488 582 770 641 stentiam,
802 588 853 631 ct
884 578 935 629 iu
970 572 1238 628 confessis
1269 583 1488 639 quoque
1526 576 1628 631 cst,
1670 571 1921 620 eumdem
1956 579 2079 619 esse

486 686 539 728 et
571 689 663 742 per
693 669 913 730 Filium,
942 675 996 718 et
1029 676 1285 718 neutrum
1320 660 1477 714 alteri
1508 660 1874 727 (adversatur,
1907 671 2080 725 neque

489 769 718 819 alterum
758 759 1045 819 convellit,
1090 764 1143 810 et
1187 754 1332 824 quod
1368 768 1436 807 ex
1468 767 1583 806 uno
1619 750 1851 806 alterum
1883 765 2080 804 cense-

491 858 703 925 quitur,
740 854 880 904 inter
931 865 1053 903 sese
1101 857 1332 916 utraque
1366 844 1713 899 concorditer
1746 851 2075 909 congruunt.

491 952 555 1001 Et
598 949 662 1000 de
687 946 751 998 iis
777 950 1093 996 accmatum
1118 953 1431 993 sermonem
1458 937 1668 999 haberi,
1706 935 1822 990 ticri
1869 933 2077 1006 nequit,

485 1041 555 1094 ab
586 1041 672 1098 iis,
705 1036 798 1102 qui
835 1033 1055 1096 callent,
1097 1045 1264 1099 supra
1291 1042 1513 1082 omnem
1547 1027 2074 1082 demonstrationem

484 1146 629 1190 esse,
661 1136 713 1181 et
744 1124 1047 1179 naturalem
1086 1122 1355 1174 rationem
1386 1133 1721 1188 exsuperare
1748 1117 1895 1170 illius
1920 1124 2081 1169 uatu-

487 1238 601 1274 ram
633 1221 871 1271 divinam
896 1225 1059 1285 atque
1084 1214 1614 1281 incoutpreliensam.
1643 1207 1743 1263 Ubi
1763 1209 1903 1264 enim
1934 1209 2080 1262 illius

484 1313 1008 1379 incomprelicnsum
1046 1304 1234 1369 fuerit,
1263 1305 1308 1359 si
1337 1304 1463 1373 quis
1497 1319 1559 1357 se
1589 1303 1731 1357 scire
1754 1302 2077 1364 contendat,

483 1419 595 1471 quo
626 1411 786 1470 pacto
812 1400 1049 1469 Spiritus
1083 1413 1189 1453 una
1221 1412 1346 1450 cum
1371 1394 1512 1448 Filio
1540 1410 1827 1459 cmanans,
1862 1409 1958 1462 per
1984 1392 2075 1447 Fi-

485 1496 617 1549 lium
664 1509 729 1548 ex
768 1494 924 1546 Patre
975 1488 1375 1560 progreditur‘i
1412 1488 1797 1541 Verumtamen
1848 1502 1972 1541 cum
2009 1485 2076 1540 ad

485 1588 881 1639 subobscuram
934 1583 1227 1651 quamdam
1276 1577 1604 1648 cognitionis
1635 1594 1814 1631 rerum
1869 1579 2078 1633 incom-

485 1676 877 1742 prvlieusarum
904 1673 1139 1741 speciem
1164 1671 1636 1739 consequendum,
1655 1686 1819 1739 supra
1838 1670 2078 1739 digestas

485 1765 751 1831 imagines
807 1763 998 1817 Patres
1060 1762 1425 1826 tradiderint,
1459 1776 1526 1815 ex
1577 1761 1768 1815 iisdem
1811 1761 1944 1829 ipsis
1976 1776 2075 1815 nos

481 1873 702 1926 quoque
734 1871 993 1911 enarrare
1018 1855 1361 1919 conabimur,
1394 1853 1671 1923 quomodo
1705 1855 1883 1921 possit
1910 1854 2071 1907 intel-
2111 1833 2151 1886 Β

483 1952 599 2021 Iigi,
632 1966 738 2004 una
799 1949 964 2004 simul
1016 1961 1283 2001 emanans
1336 1961 1460 2000 cum
1510 1945 1698 1999 Verbo
1733 1941 1988 2012 Spiritus,
2024 1952 2075 1997 et

485 2058 594 2095 una
643 2042 808 2095 simul
861 2057 987 2094 cum
1022 2053 1088 2092 eo
1119 2037 1506 2108 progrediens,
1539 2046 1593 2090 et
1622 2052 1716 2105 per
1739 2034 1975 2089 Verbum
2010 2052 2077 2089 ex

484 2132 645 2189 Patre
675 2134 919 2198 cilluens,
954 2141 1009 2185 et
1039 2131 1322 2201 quomodo
1354 2130 1561 2183 nullum
1599 2143 1666 2184 ex
1698 2128 1783 2183 his
1812 2129 1975 2183 dictis
2010 2129 2076 2183 ad

487 2226 632 2280 aliud
669 2225 1065 2279 destruendum
1099 2223 1385 2278 conducit.

557 2318 612 2374 5.
651 2315 785 2370 Nam
823 2329 950 2371 ante
975 2315 1079 2367 alia
1117 2315 1171 2367 in
1198 2314 1315 2369 sole
1346 2328 1451 2367 una
1481 2312 1645 2368 simul
1676 2311 1912 2382 prosilit,
1944 2326 2078 2364 una-

487 2423 596 2478 que
637 2408 799 2462 simul
834 2406 1195 2475 consequitur
1240 2421 1361 2460 cum
1402 2403 1557 2461 radio
1593 2406 1800 2466 lumen,
1847 2416 1900 2455 et
1933 2400 2076 2454 uil.il

487 2501 706 2554 ominus
727 2516 818 2567 per
839 2499 1047 2552 radium
1064 2498 1246 2551 lumen
1268 2512 1595 2567 promanare
1611 2494 2002 2563 conspicimus,
2025 2498 2080 2545 et

485 2592 538 2645 iu
557 2592 705 2645 fonte
721 2589 868 2644 ﬂuvii
892 2600 944 2643 et
960 2604 1136 2659 aquae,
1154 2588 1313 2642 simul
1332 2589 1551 2658 prosilit
1570 2598 1623 2642 et
1646 2602 1752 2640 una
1772 2587 1935 2639 simul
1949 2600 2080 2639 con-

486 2686 734 2752 sequitur
759 2681 958 2736 ﬂuvius
997 2698 1193 2749 aquam
1226 2689 1279 2733 ct
1300 2689 1478 2733 tamen
1498 2695 1591 2747 per
1623 2678 1847 2734 ﬂuvium
1877 2693 2075 2748 aquam

483 2773 751 2836 deﬂuere,
775 2781 830 2825 et
858 2786 984 2825 vere
1001 2770 1366 2838 concipimus.
1399 2768 1462 2823 Et
1495 2784 1600 2822 non
1627 2779 1911 2837 propterea
1933 2766 2078 2836 quod

484 2867 647 2920 simul
660 2879 786 2918 cum
803 2863 952 2916 radio
969 2863 1150 2915 lumen
1164 2870 1403 2925 emanat,
1421 2861 1605 2914 lumen
1621 2875 1743 2914 esse
1763 2875 1856 2929 per
1872 2858 2078 2913 radium

485 2956 693 3013 refellit
727 2972 739 3008 :
772 2971 946 3024 neque
966 2955 1110 3025 quod
1137 2970 1277 3024 aqua
1298 2969 1421 3008 cum
1457 2950 1620 3007 ﬂuvio
1654 2953 1884 3021 prosilit,
1914 2952 2079 3007 simul

484 3049 756 3114 proﬂuere
816 3048 1069 3102 destruit.
1140 3048 1397 3102 Sedeuim
1454 3049 1697 3101 rationes
1759 3046 2073 3101 accuratius

2186 566 2298 617 τῶν
2332 563 2593 636 ὕπαρξιν,
2624 562 2759 617 ἀλλά
2812 562 3261 633 συνωμολόγηται
3312 564 3574 634 ὑπάρχειν
3620 567 3742 622 αὐτὸ

2191 656 2286 707 γαὶ
2324 654 2414 706 διὰ
2454 656 2547 707 τοῦ
2574 652 2730 713 Υἱοῦ,
2766 654 2859 706 καὶ
2888 653 3175 723 οὐδέτερον
3204 652 3283 721 τῷ
3319 654 3489 726 ἑτέρῳ
3522 656 3741 725 μάχεται

2186 748 2268 808 εἰς
2291 747 2632 816 ἀνατροπὴν,
2664 746 2783 800 ἀλλ’
2814 748 2897 799 ὅτι
2930 746 3152 816 θατέρῳ
3204 746 3266 799 τδ
3303 747 3490 816 ἕτερον
3543 749 3741 813 ἕπεται,

2186 838 2459 906 σύμφωνα
2519 839 2770 908 ἀλλήλοις
2819 841 3058 908 ἑκάτερα
3107 839 3487 905 ἀναφαῑνεται.
3539 840 3641 892 Καὶ
3690 839 3747 891 τὸ

2187 930 2286 999 μὲν
2340 930 2567 999 ἀκριϐές
2620 949 2672 983 τι
2722 932 2906 996 λέγειν
2956 931 3086 1000 περὶ
3137 930 3320 982 αὐτῶν
3367 931 3464 982 οῦκ
3506 930 3617 982 ἔστι
3643 912 3746 993 τοῖς

2184 1019 2381 1072 εἰδόσιν
2412 1020 2484 1081 ὡς
2519 1021 2699 1090 πάσης
2736 1018 3062 1086 ἀποδείξεως
3095 1022 3126 1092 ἡ
3161 1021 3278 1072 θεία
3325 1019 3481 1086 φύσις
3525 1021 3749 1088 ὑπεραν-

2182 1112 2432 1183 ᾠκισται,
2488 1113 2579 1166 καὶ
2604 1114 2679 1175 ὡς
2734 1116 2913 1167 πάντα
2947 1115 3178 1181 φυσικὸν
3233 1114 3392 1183 λόγον
3427 1115 3752 1183 ὑπερεκτρὲ-

2184 1221 2270 1274 χει
2326 1207 2535 1274 ταύτης
2586 1206 2646 1257 τὸ
2693 1205 3088 1273 ἀκατάληπτον
3122 1223 3136 1237 °
3176 1207 3279 1260 ποῦ
3322 1208 3433 1276 γὰρ
3463 1208 3521 1260 τὸ
3559 1208 3751 1269 ταύτης

2183 1295 2599 1366 ἀκατάληπτον,
2658 1296 2821 1363 εἴπερ
2850 1297 3068 1350 εἰδέναι
3114 1314 3199 1359 τις
3229 1298 3473 1365 ἐνσταῐη,
3508 1297 3651 1358 ὅπως
3693 1295 3750 1347 τδ

2189 1391 2501 1461 συμπροϊὸν
2540 1389 2618 1460 τῷ
2654 1391 2797 1462 Υῖῷ,
2849 1392 2940 1443 διὰ
2974 1389 3069 1442 τοῦ
3115 1389 3247 1443 Υῖοῦ
3291 1392 3405 1442 ἐστι
3458 1390 3643 1457 προϊὸν
3692 1391 3751 1441 ἐκ

2186 1483 2436 1553 Πατρός;
2478 1483 2632 1536 Ἐπεὶ
2660 1484 2715 1537 δὲ
2751 1486 2832 1547 ei;
2878 1482 3130 1555 ἀμυδρὰν
3165 1500 3289 1536 τινα
3336 1484 3635 1551 φαντασίαν
3660 1482 3751 1552 τῆς

2182 1574 2291 1643 τῶν
2321 1578 2727 1648 ἀκαταλήπτων
2751 1576 2978 1631 ἐκείνων
3003 1576 3260 1644 γνώσεως
3295 1576 3392 1638 τὰς
3416 1578 3752 1645 ἀναγεγραμ·

2185 1666 2357 1736 μένας
2386 1668 2602 1730 εἰκόνας
2634 1669 2681 1719 οἱ
2716 1667 2960 1736 Πατέρες
2985 1666 3463 1737 παραδεδώκασιν,
3500 1664 3556 1730 ἐξ
3580 1666 3750 1716 αὐτῶν

2165 1758 2391 1815 ,τούτων
2438 1760 2615 1812 εἰπεῖν
2655 1760 2751 1810 καὶ
2794 1760 2957 1828 ἡμεῖς
3018 1757 3420 1828 πειρασόμεθα.
3481 1757 3596 1819 πῶς
3645 1758 3754 1809 ἐστι

2184 1851 2326 1901 νοεῖν
2357 1851 2446 1901 καὶ
2481 1849 2817 1920 συμπροῖδν,
2839 1851 2931 1902 καὶ
2955 1847 3465 1919 συμπαρομαρτοῦν
3496 1847 3574 1913 τῷ
3602 1844 3752 1914 Λόγῳ

2183 1943 2244 1996 τὸ
2278 1942 2502 2012 Πνεῦμα
2528 1946 2624 1997 καὶ
2647 1944 2735 1997 διά
2769 1943 2865 1996 τοῦ
2898 1943 3077 2010 Λόγου
3109 1944 3296 2014 προϊὸν
3320 1945 3384 1995 ἐκ
3412 1942 3644 2011 Πατρὸς,
3667 1942 3756 1995 καὶ

2182 2036 2301 2099 πῶς
2333 2036 2615 2106 οὐδέτερον
2637 2035 2748 2089 τῶν
2778 2036 2961 2106 ῥητῶν
2987 2036 3272 2106 ἑκατέρων
3292 2038 3373 2099 εἰς
3405 2035 3503 2104 τὴν
3532 2035 3752 2100 θατέρου

2184 2126 2519 2180 συντείνεται
2579 2127 2916 2197 ἀνατροπὴν.

2259 2314 2331 2379 γ’.
2369 2309 2577 2362 Αὐτίκα
2612 2313 2720 2381 γὰρ
2757 2310 2851 2365 ἐπὶ
2889 2311 2983 2364 τοῦ
3034 2312 3185 2384 ἡλίου
3239 2311 3606 2382 συμπρόεισι,
3672 2310 3758 2363 καὶ

2185 2402 2660 2474 συμπαρομαρτεῖ
2692 2406 2758 2475 τῇ
2792 2406 2999 2468 ἀκτῖνι,
3031 2405 3091 2456 τὸ
3126 2406 3241 2474 φῶς
3269 2447 3283 2470 ,
3325 2406 3450 2459 ἀλλ’
3490 2407 3637 2474 ὅμως
3677 2401 3757 2454 διὰ

2181 2500 2279 2565 τῆς
2306 2499 2526 2560 ἀκτῖνος
2587 2497 2720 2550 αὐτὸ
2765 2501 3019 2568 προϊέναι
3066 2500 3595 2569 καταμανθάνομεν.
3659 2498 3759 2548 Καὶ

2181 2591 2276 2642 ἐπὶ
2315 2592 2413 2660 τῆς
2449 2590 2633 2660 πηγῆς
2674 2590 2770 2644 τοῦ
2814 2592 3070 2662 ποταμοῦ
3108 2594 3203 2645 καὶ
3249 2593 3347 2646 τοῦ
3402 2594 3598 2657 ὓδατος
3632 2608 3759 2658 συμο

2182 2681 2405 2752 πρόεισι
2444 2682 2540 2734 καὶ
2588 2686 3063 2754 συμπαρομαρτεῖ
3091 2684 3151 2737 τὺ
3189 2682 3337 2755 ὕδωρ
3384 2685 3467 2756 τῷ
3514 2683 3758 2752 ποταμῷ,

2184 2772 2302 2827 ἀλλ’
2332 2774 2486 2843 ὅμως
2526 2773 2618 2831 διά
2654 2773 2748 2826 τοῦ
2781 2775 3028 2845 ποταμοῦ
3056 2776 3189 2828 αὐτὸ
3235 2781 3492 2848 προϊέναι
3538 2792 3760 2831 κατανο-

2183 2866 2357 2936 οῦμεν
2387 2881 2401 2896 ο
2440 2866 2537 2919 καὶ
2565 2865 2691 2919 οὔτε
2721 2867 2779 2919 τ’)
2814 2869 3181 2938 συμπροῖἐναι
3214 2872 3278 2939 τῇ
3322 2873 3509 2924 ἀκτῖνι
3549 2870 3610 2923 τὸ
3653 2869 3759 2936 φὼς

2183 2959 2593 3030 ἀνατρεπτικόν
2618 2959 2714 3013 τοῦ
2744 2956 2892 3014 εἶναι
2925 2961 3014 3014 διά
3044 2963 3146 3032 τῆς
3178 2963 3405 3028 ἀκτῖνος
3449 2964 3601 3027 αὐτὸ,
3641 2960 3760 3014 οὔτε

2180 3053 2243 3107 τὸ
2268 3052 2355 3107 διὰ
2386 3050 2481 3105 τοῦ
2510 3049 2763 3122 ποταμοῦ
2803 3051 3051 3123 προϊέναι
3097 3052 3157 3105 τὸ
3212 3052 3362 3128 ὕδωρ
3393 3056 3638 3109 ἐναντίον
3673 3050 3760 3105 τοῦ

479 3141 879 3204 exatniuautes,
911 3149 968 3194 ct
994 3142 1232 3208 pemtius
1263 3140 1609 3209 indagantes,
1642 3138 1925 3209 quomodo
1968 3153 2074 3192 una

2186 3146 2555 3219 συμπροϊέναι
2584 3145 2838 3218 ἀλλήλοις
2880 3143 3054 3198 ταῦτα
3087 3147 3551 3218 διαγιιώσκομεν.
3601 3148 3671 3200 Τὸ
3709 3143 3763 3197 δὲ

479 3232 645 3287 simul
675 3247 798 3286 cum
830 3231 985 3287 radio
1014 3233 1239 3297 exsilit,.
1263 3242 1320 3287 et
1354 3247 1451 3303 per
1488 3231 1702 3286 radium
1748 3247 1812 3286 ex
1849 3231 1965 3286 sole
1991 3231 2078 3284 lu-

482 3339 605 3378 men
637 3334 879 3391 emanat,
905 3333 960 3379 et
984 3325 1261 3394 quomodo
1303 3324 1469 3379 simul
1517 3340 1642 3378 cum
1675 3322 1842 3378 ﬂuvio
1871 3322 2073 3389 eﬂluit,

480 3426 537 3468 et
586 3430 681 3482 per
711 3414 938 3470 ﬂuvium
986 3418 1171 3472 exsilit
1229 3432 1368 3486 aqua
1399 3433 1465 3471 ex
1501 3416 1649 3473 foute
1677 3456 1691 3480 ,
1722 3425 1778 3472 et
1798 3416 2077 3487 quomodo

479 3515 737 3561 neutrum
770 3521 835 3560 ex
870 3507 980 3576 jam
1010 3508 1170 3562 dictis
1198 3512 1264 3561 ad
1307 3508 1453 3562 aliud
1489 3508 1905 3563 convellendum
1936 3523 2073 3562 con-

482 3605 609 3671 fert,
646 3619 756 3662 tum
786 3609 1017 3663 subinde
1066 3609 1144 3664 rei
1186 3610 1341 3663 tinem
1377 3610 1732 3680 imponimus.
1764 3609 2072 3674 Poscimus,

482 3709 539 3761 in
574 3702 878 3767 ctl‘ectibus,
902 3703 994 3772 qui
1027 3703 1101 3756 ita
1132 3718 1190 3757 se
1253 3702 1478 3766 habent,
1511 3712 1760 3771 potestne
1789 3718 1932 3757 unus
1957 3705 2077 3758 sine

478 3794 585 3846 alio
603 3794 761 3848 esse?
788 3796 854 3846 At
878 3796 1034 3861 plane
1072 3794 1439 3849 discernimus
1462 3793 1887 3863 nequeiradium
1914 3809 2079 3864 posse

477 3901 599 3942 esse
612 3886 821 3953 absque
840 3885 1065 3948 lumine,
1082 3896 1260 3955 neque
1275 3887 1453 3941 solare
1469 3885 1654 3940 lumen
1674 3887 1881 3955 absque
1901 3887 2074 3949 radio,

483 3993 658 4046 neque
692 3980 966 4032 ﬂuvialem
999 3994 1197 4048 aquam
1234 3979 1352 4035 sine
1402 3977 1600 4044 ﬂuvio,
1637 3995 1818 4048 neque
1847 3979 2073 4033 ﬂuvium

480 4072 596 4123 sine
627 4086 791 4139 aqua,
813 4080 866 4124 et
895 4073 1170 4125 curiosius
1192 4072 1582 4140 conquireutcs
1607 4073 1874 4125 rationem
1912 4084 2075 4139 prop-

476 4172 560 4213 ter
593 4176 757 4227 quam
796 4161 851 4212 in
899 4161 1173 4215 similibus
1211 4160 1499 4215 eﬂeetibus
1553 4176 1696 4214 nnus
1725 4162 1933 4228 absque
1968 4160 2076 4213 alto

476 4267 594 4304 esse
631 4262 890 4319 nequeat,
934 4261 1122 4320 aperte
1159 4252 1548 4321 cognoscimus
1577 4250 1781 4305 nullam
1808 4250 1971 4303 aliam
2005 4250 2074 4305 ob

478 4359 699 4399 causam
737 4345 788 4399 id
824 4346 1176 4414 contingere,
1212 4360 1377 4412 quam
1406 4344 1551 4413 quod
1581 4359 1750 4397 unum
1783 4358 1848 4396 ex
1900 4343 2072 4397 altero

476 4447 577 4490 est.
618 4432 736 4489 Hoc
763 4437 911 4490 enim
965 4452 1067 4491 nec
1095 4438 1242 4490 aliud
1277 4437 1560 4504 potissima
1593 4451 1765 4490 causa
1782 4444 2072 4502 ‘ceusetur,

478 4542 648 4593 quare
680 4527 734 4578 in
758 4526 870 4593 jam
891 4525 1053 4583 dictis
1079 4525 1366 4580 effectibus
1390 4542 1557 4581 unum
1593 4527 1801 4596 absque
1829 4527 1936 4583 alio
1957 4545 2077 4584 esse

478 4628 739 4686 nequeat.
776 4616 829 4670 Id
878 4620 1026 4672 enim
1096 4619 1142 4671 si
1203 4634 1311 4673 non
1350 4626 1539 4683 esset,
1572 4619 1708 4673 nihil
1768 4620 2072 4690 impediret,

478 4724 589 4778 quo
621 4709 807 4761 minus
828 4724 995 4765 unum
1030 4710 1237 4777 absque
1267 4709 1377 4763 alio
1402 4723 1570 4773 esset,
1606 4713 2069 4781 quemadmodum

478 4804 548 4855 de
579 4803 796 4854 duotms
821 4817 884 4855 ex
919 4816 1030 4855 uno
1075 4800 1191 4855 sole
1225 4802 1416 4867 radiis,
1445 4814 1502 4856 et
1526 4805 1594 4859 de
1621 4805 1833 4859 duobus
1861 4822 1924 4859 ex
1961 4819 2072 4858 uno

486 4893 637 4949 fonte
665 4891 1058 4963 proﬂuentibus
1091 4892 1293 4950 ﬂuviis.

550 5176 606 5229 4.
634 5173 752 5229 .lam
788 5168 972 5241 itaque
994 5184 1117 5225 cum
1140 5170 1519 5236 didicerimus,
1542 5186 1607 5225 ex
1638 5185 1704 5226 eo
1728 5171 1871 5241 quod
1905 5187 2071 5225 unum

482 5283 580 5337 per
598 5268 744 5321 aliud
764 5276 869 5329 est,
895 5263 1010 5318 fieri
1039 5279 1145 5318 non
1171 5278 1351 5333 posse,
1374 5274 1435 5317 ut
1456 5279 1625 5318 uuutn
1649 5263 1768 5319 sine
1791 5265 1963 5318 altero
1981 5264 2075 5328 sit,

486 5362 667 5413 statim
697 5357 1003 5414 certissima
1025 5356 1491 5411 deuionstratione
1515 5366 1749 5420 constat,
1783 5372 1888 5410 una
1912 5356 2078 5412 simul

481 5452 742 5504 continuo
771 5448 1042 5519 progredi.
1076 5446 1149 5500 Ea
1180 5446 1469 5514 siquidem,
1493 5461 1725 5517 quorum
1761 5463 1926 5501 unum
1958 5448 2079 5503 sine

455 5540 592 5594 ~talio
610 5554 731 5594 esse
753 5541 962 5608 nequit.
983 5554 1092 5606 quo
1109 5547 1267 5607 pacto
1290 5538 1453 5593 simul
1478 5554 1583 5591 non
1609 5537 1848 5591 fuerint?
1868 5539 2074 5593 Etcum

480 5643 520 5686 u
544 5647 589 5683 ia
607 5632 767 5684 simul
780 5645 1054 5690 emanare.
1071 5641 1433 5699 consequatur
1446 5646 1507 5684 ex
1527 5629 1762 5699 eo,qnod
1777 5646 1939 5685 unum
1955 5635 2053 5687 abs
2066 5660 2079 5671 ο

470 5739 589 5803 ‘que
605 5722 710 5777 alio
731 5739 852 5778 esse
880 5733 1135 5792 nequeat,
1158 5732 1209 5776 ct
1233 5740 1398 5777 unum
1422 5724 1629 5792 absque
1649 5724 1755 5777 alio
1804 5739 1925 5777 esse
1962 5740 2071 5778 non

486 5830 668 5887 posse,
696 5827 1046 5883 Compareth
1065 5831 1129 5868 co
1148 5817 1288 5885 quod
1325 5833 1489 5871 tutum
1512 5832 1604 5885 per
1630 5816 1794 5870 alium
1820 5819 1910 5882 sit,
1935 5835 2069 5890 qua.

444 6020 489 6049 ἰι

2182 3240 2293 3293 τῶν
2325 3239 2508 3307 λόγων
2546 3238 3055 3309 ἑξεταστικώτερον
3096 3243 3649 3311 μεταχειριζόμενοι,
3675 3239 3759 3292 καὶ

2184 3331 2775 3403 πολυπραγμονοῦντες
2802 3333 3160 3404 κατανοῆσαι,
3196 3326 3313 3391 πῶς
3340 3352 3402 3387 τε
3436 3333 3765 3404 συμπρόεισι

2181 3429 2249 3496 τῇ
2292 3427 2497 3492 ἀκτῖνι,
2532 3426 2630 3479 καὶ
2662 3425 2753 3480 διὰ
2780 3426 2877 3497 τῆς
2909 3428 3129 3488 ἀκτῖνος
3157 3427 3416 3496 πρόεισιν
3445 3429 3506 3494 ἐξ
3531 3429 3682 3490 ἡλίου
3707 3423 3764 3477 τδ

2183 3519 2322 3589 φῶς,
2347 3519 2441 3573 καὶ
2471 3519 2589 3583 πῶς
2622 3519 2960 3591 συμπρόεισι
2990 3520 3067 3589 τῷ
3099 3519 3337 3590 ποταμῷ
3365 3563 3381 3586 ,
3415 3521 3513 3575 καὶ
3546 3521 3635 3574 διὰ
3674 3515 3764 3571 τοῦ

2182 3614 2435 3684 ποταμοῦ
2481 3617 2700 3687 πρόεισι
2743 3618 2806 3669 τὸ
2851 3615 3000 3686 ὕδωρ
3030 3618 3094 3669 ἐκ
3133 3615 3235 3684 τῆς
3273 3620 3490 3687 πηγῆς,
3527 3619 3623 3671 καὶ
3650 3616 3766 3677 πῶς

2179 3708 2465 3778 οὐδέτερον
2514 3709 2622 3761 τῶν
2663 3709 2974 3780 εἰρημένων
3023 3710 3105 3772 εὶς
3154 3709 3252 3780 τὴν
3282 3711 3383 3765 τοῦ
3413 3713 3610 3783 ἑτέρου
3654 3728 3771 3764 συν-

2180 3800 2356 3853 τείνει
2394 3800 2737 3872 ἀνατροπὴν,
2769 3804 2853 3864 εἰς
2898 3800 3059 3855 τοῦτο
3093 3803 3451 3869 διαγνώσεως
3511 3806 3768 3876 λήγομεν.

2180 3891 2469 3963 Ζητοῦμεν
2504 3895 2553 3944 εἰ
2582 3891 2730 3945 ἐστιν
2761 3893 2855 3944 ἐπὶ
2881 3892 2990 3945 τῶν
3016 3891 3188 3956 οὕτως
3214 3895 3465 3964 ἐχόντων
3505 3898 3657 3950 αἴτια
3679 3893 3768 3947 τοῦ

2176 3979 2323 4037 εἶναι
2356 3984 2417 4035 τὸ
2446 3982 2636 4054 ἕτερον
2667 3983 2762 4037 τοῦ
2804 3986 3002 4054 ἐτέρου
3039 4003 3207 4055 χωρςς
3236 4026 3250 4049 ,
3278 3990 3383 4040 καὶ
3414 3987 3546 4043 οὔτε
3583 3991 3774 4042 ἀκτῖνα

2178 4069 2642 4146 διαγινώσκομεν’
2670 4077 2937 4130 δύνασθαι
2999 4076 3144 4131 εἶναι
3201 4079 3323 4149 δίχα
3387 4085 3594 4149 φωτὸς,
3649 4080 3768 4135 οὔτε

2183 4169 2298 4235 φῶς
2329 4166 2559 4234 ἡλιακὸν
2603 4170 2825 4230 ἀκτῖνος
2866 4169 3036 4239 χωρὶς
3066 4207 3081 4231 ,
3134 4168 3261 4221 οὔτε
3315 4175 3595 4241 ποτάμιον
3631 4172 3756 4241 ὕδωρ

2183 4260 2435 4332 ποταμοῦ
2491 4261 2638 4332 δίχα,
2699 4260 2829 4315 οὔτε
2895 4262 3143 4332 ποταμὸν
3198 4264 3397 4331 ὓδατος
3445 4268 3594 4339 δίχα.
3666 4269 3749 4320 Κα

2183 4350 2779 4423 πολυπραγμονοῦντες
2802 4351 2893 4404 τὸν
2928 4353 3108 4420 λόγον,
3144 4355 3268 4408 καθ’
3294 4359 3356 4411 ὃν
3390 4362 3546 4414 ἐστιν
3573 4359 3758 4415 ἀδύνα-

2181 4460 2273 4497 τον
2305 4445 2364 4496 ἐν
2388 4446 2500 4506 τοῖς
2527 4442 2797 4508 τοιούτοις
2839 4445 3130 4511 αἰτιατοίς,
3173 4443 3316 4502 εἶναι
3353 4451 3417 4505 τὸ
3448 4454 3642 4522 ἕτερον
3679 4451 3764 4505 τοῦ

2182 4535 2373 4605 ἑτέρου
2405 4538 2595 4606 χωρὶς,
2637 4534 2696 4600 ἐξ
2725 4534 2963 4601 οὐδενὸς,
3017 4536 3178 4593 ἄυλον
3232 4540 3395 4594 τοῦτο
3447 4546 3770 4613 συμῦαίνειν
3848 4531 3860 4543 ’

2183 4624 2646 4694 διαγινώσκομεν,
2675 4621 2794 4676 ἀλλ’
2841 4625 2873 4694 ἢ
2905 4627 2969 4678 ὲκ
3002 4624 3095 4678 τοῦ
3133 4621 3272 4680 εἶναι
3303 4628 3396 4683 διὰ
3438 4631 3679 4704 θατέρου
3713 4632 3770 4682 τὸ

2174 4718 2386 4785 ἕτερον.
2433 4715 2608 4768 Τοῦτο
2636 4717 2746 4787 γὰρ
2777 4718 2941 4787 μόνον
2972 4722 3068 4770 καὶ
3093 4720 3247 4771 οὐδὲν
3281 4720 3415 4775 ἄλλο
3436 4723 3766 4777 αἰτιώτατόν

2180 4812 2304 4864 ἐστι
2333 4810 2433 4863 τοῦ
2484 4813 2561 4880 μὴ
2609 4810 2877 4866 δύνασθαι
2937 4814 2995 4866 ἐν
3037 4819 3149 4877 τοῖς
3195 4816 3451 4885 ῥηθεῖσιν
3505 4824 3771 4881 ατιατοῑς

2177 4899 2319 4955 εἶναι
2348 4903 2409 4956 τὸ
2438 4903 2625 4973 ἕτερον
2652 4901 2746 4957 τοῦ
2780 4906 2971 4974 ἐτέρου
3022 4906 3214 4976 χωρὶς,
3260 4908 3336 4972 ὡς
3389 4912 3492 4964 ἐπὶ
3549 4912 3663 4964 τών
3715 4910 3774 4974 ἐξ

2176 4994 2298 5058 ἐνὸς
2335 4994 2488 5063 ἡλίου
2528 4995 2623 5048 δύο
2656 4997 2931 5062 ἀκτίνων,
2970 5001 3064 5050 καὶ
3097 4999 3195 5052 ἐπὶ
3240 4998 3354 5052 τῶν
3388 5006 3532 5071 μιᾶς
3586 5005 3773 5075 πηγῆς

2094 5078 2097 5081 ’
2176 5076 2573 5157 προχεομένων
2600 5087 2696 5141 δύο
2725 5090 3011 5159 ποταμῶν.

2250 5179 2312 5232 δ’.
2351 5179 2491 5248 Ἤδη
2533 5181 2764 5248 γοῦνέκ
2793 5182 2886 5243 τοῦ
2912 5178 3054 5237 εἶναι
3083 5183 3171 5237 διά
3215 5186 3458 5260 θατέρου
3489 5192 3553 5244 τὸ
3584 5193 3774 5261 ἕτερον

2180 5268 2596 5338 καταμαθόντες
2626 5271 2688 5323 τὸ
2726 5271 2988 5341 ἀδύνατον
3042 5275 3135 5337 τοῦ
3178 5271 3324 5330 εἶναι
3354 5279 3648 5352 ἐδ-ἓτερον
3678 5283 3772 5337 τοῦ

2180 5359 2371 5433 ἐτέρου
2401 5362 2589 5432 χωρὶς,
2626 5364 3186 5436 συναποδεδειγμένον
3221 5369 3391 5433 εὐθὺς
3442 5374 3649 5444 ἔχομεν
3685 5378 3776 5428 καῖ⁵

2181 5454 2241 5508 τὸ
2272 5456 2641 5525 συμπροϊέναι
2670 5456 2923 5526 ἀλλήλοις
2955 5460 3117 5515 αὐτά.
3170 5453 3272 5533 Ὧν
3311 5462 3429 5536 γὰρ
3476 5466 3542 5520 τὺ
3587 5467 3775 5540 ἕτερον

2179 5541 2275 5595 τοῦ
2319 5544 2513 5615 ἐτέρου
2556 5548 2725 5616 χωρὶς
2768 5543 2910 5600 εἶναι
2955 5548 3243 5618 ἀδύνατον,
3289 5554 3422 5619 πῶς
3458 5558 3644 5612 ταῦτα
3678 5562 3774 5628 οὐχ

2185 5636 2344 5705 aps;
2382 5638 2491 5690 Καὶ
2521 5641 2645 5691 ἐπεὶ
2690 5639 2753 5693 τὸ
2790 5638 2892 5702 μὲν
2935 5644 3300 5714 συμπροῖέναι
3336 5647 3604 5720 αλλήλοις
3638 5657 3776 5705 αὑτά

2183 5728 2556 5799 ἠκολούθησεν
2587 5730 2696 5783 ἀπὸ
2736 5729 2832 5784 τοῦ
2888 5732 2963 5804 μὴ
2994 5733 3259 5790 δύνασθαι
3309 5742 3497 5811 χωρὶς
3531 5745 3778 5815 ἀλλήλων

2188 5818 2331 5876 εἶναι
2363 5824 2521 5892 αὐτὰ,
2560 5824 2618 5876 τὸ
2646 5823 2700 5876 δὲ
2739 5824 2814 5896 μὴ
2846 5827 3015 5896 χωρὶς
3049 5826 3296 5899 ἀλλή)ων
3337 5826 3489 5886 εἷναι
3518 5838 3660 5891 αὐτ).
3688 5837 3777 5890 δύ-
