4054 6406
331 339 437 406 233

1377 347 1476 406 DE
1516 345 2038 408 PROCESSIONE
2080 351 2140 408 S.
2183 350 2565 415 SPIBITUS.

3480 358 3586 424 234

331 457 556 522 νασθαι,
594 457 970 528 ἀναφαίνεται
1001 457 1108 512 ἀπὸ
1137 447 1231 511 τοῦ
1263 453 1405 513 εἶναι
1437 458 1525 512 διὰ
1571 458 1806 528 θατέρου
1848 459 1908 512 τὸ

2016 477 2137 516 nam
2195 464 2408 519 ratione
2431 481 2539 520 una
2579 465 2763 531 simul,
2809 481 3069 522 emanare
3109 469 3509 539 adversabitur,
3535 487 3590 531 et

335 554 528 624 ἕτερον
562 552 684 616 πῶς
715 553 780 605 τὸ
826 552 1190 624 συμπροῖέναι
1221 551 1469 621 ἀλλήλοις
1509 551 1648 603 αὐτὰ
1673 550 1916 604 ἐναντίον

326 646 403 698 ἂν
432 644 519 716 εἴη
543 645 623 715 τῷ
665 646 758 699 διὰ
789 645 1020 716 θατέρου
1073 643 1135 696 τὸ
1179 643 1368 715 ἕτερον
1406 643 1586 696 αὐτῶν
1622 638 1802 707 εἷναις
1842 643 1916 695 Τὸ

325 738 444 807 γὰρ
468 737 542 799 ὡς
570 739 868 807 ἡγουμένῳ
891 737 1000 788 τινὶ
1024 735 1292 805 ἑπόμενον
1317 735 1416 786 οὐκ
1443 733 1508 787 ἂν
1530 733 1616 804 εἴη
1649 734 1910 800 ἐναντέον,

324 824 489 898 ᾧπερ
521 829 738 882 ἕπεται.
776 829 893 880 Οὐκ
926 828 1036 896 ἄρα
1077 825 1137 880 τὸ
1185 825 1246 878 τὸ
1277 824 1504 894 Πνεῦμα
1545 825 1912 894 συμπροῖὲναι

322 924 413 994 τῷ
446 922 559 992 Υἱῷ
583 923 647 974 ὲκ
674 921 892 990 Πατρδς
927 915 1070 972 εἶναι
1097 918 1251 972 αὑτό.
1309 917 1419 970 Καὶ
1449 915 1640 968 τούτου
1671 915 1911 986 δειχθένο

323 1031 448 1077 τος,
483 1010 965 1067 συναποδέδεικται
1029 1026 1083 1062 τι
1133 1007 1437 1077 ἐπισφαλὲς
1492 1007 1601 1060 τῶν
1649 1008 1914 1076 οἰομένων

325 1108 590 1178 ἀλλήλοις
623 1105 847 1158 ἐναντία
894 1099 1036 1156 εἷναι
1081 1104 1243 1167 αὐτὰ,
1290 1100 1386 1154 καὶ
1413 1100 1503 1152 διὰ
1533 1099 1696 1154 τοῦτο
1723 1100 1912 1169 λεγόν-

324 1213 440 1249 των
489 1197 609 1260 ὼς,
646 1195 772 1247 ἐπεὶ
835 1192 1204 1264 συμπροῖέναι
1266 1190 1364 1244 καὶ
1420 1195 1910 1262 συμπαρομαρτεῖν

323 1290 553 1348 λέγεται
579 1286 641 1338 τὸ
676 1285 903 1354 Πνεῦμα
949 1283 1026 1351 τῷ
1053 1281 1190 1350 Υῑῷ,
1227 1282 1327 1336 οὐκ
1354 1280 1470 1333 ἐστι
1503 1280 1594 1334 διὰ
1624 1279 1719 1332 τοῦ
1752 1281 1905 1337 Υίοῦ.

331 1383 446 1435 Καὶ
498 1381 580 1433 δεῖ
628 1380 914 1432 πεπαῦθαι
963 1377 1151 1430 λοιπὸν
1197 1377 1324 1437 τοὺς
1357 1375 1743 1437 ἀνυποστόλως
1775 1375 1911 1428 ἁπε-

336 1472 716 1546 ρευγομὲνους
773 1470 1000 1537 σύμπαν
1054 1469 1115 1521 τὸ
1162 1467 1599 1537 παριστάμενον.
1635 1466 1698 1518 Εἰ
1748 1466 1908 1533 eam

339 1567 701 1637 παράδειγμα
736 1563 833 1630 τῆς
872 1559 1098 1628 διδύμου
1131 1561 1350 1622 ἀκτῖνος
1394 1558 1488 1611 καὶ
1517 1557 1608 1610 τοῦ
1653 1556 1906 1627 διρρύτου

336 1655 614 1726 ποταμοῦ,
648 1655 738 1708 διὰ
771 1654 833 1706 τὸ
864 1654 921 1705 ὲν
954 1655 1067 1716 τοῖς
1100 1651 1224 1704 κατ’
1259 1652 1400 1705 αὐτα
1430 1649 1699 1712 αίτιατοῖς
1739 1648 1903 1701 δύνα-

341 1745 469 1804 σθαι
497 1747 634 1802 εἶναι
669 1748 736 1800 τὸ
758 1747 952 1816 ἕτερον
999 1743 1094 1796 τοῦ
1128 1743 1318 1813 ἑτέρου
1357 1742 1527 1812 χωρίς
1550 1783 1564 1807 ,
1600 1740 1902 1812 προϐάλλε-

2019 551 2284 622 destruet,
2321 571 2488 610 unum
2518 571 2584 611 ex
2614 557 2680 612 iis
2709 573 2803 627 per
2825 558 2970 614 aliud
2998 561 3155 616 esse?
3184 561 3424 633 Namque
3445 570 3591 634 quod

2016 657 2083 698 ex
2115 644 2299 714 aliquo
2324 657 2579 717 tanquam
2608 664 2671 703 ex
2701 651 2870 719 priori
2904 653 3280 726 consequitur,
3309 671 3590 726 nunquam

2017 741 2351 794 contrarium
2374 744 2477 796 erit
2507 742 2584 796 illi
2615 757 2681 796 ex
2707 759 2816 814 quo
2848 748 3224 817 consequitur.
3257 748 3374 804 Non
3404 749 3589 820 igitur,

2018 833 2278 906 Spiritum
2309 853 2415 892 una
2448 852 2573 892 eum
2620 839 2757 894 Filio
2799 829 2872 895 ex,
2896 839 3056 897 Patre
3089 843 3339 912 prosilire
3367 852 3590 900 contra-

2015 928 2158 982 rium
2185 929 2350 983 fuerit
2373 929 2469 996 illi,
2505 945 2601 1000 per
2632 930 2831 985 Filium
2871 948 2936 986 ex
2983 933 3142 989 Patre
3165 935 3415 989 eumdem
3445 951 3588 991 esse.

2015 1017 2180 1090 quue
2213 1035 2337 1075 cum
2389 1021 2826 1076 demonstratum
2875 1023 2964 1090 sit,
3024 1040 3130 1079 una
3179 1025 3342 1078 simul
3372 1041 3592 1096 quoque

2013 1123 2170 1164 error
2196 1111 2598 1166 demonstratus
2635 1120 2956 1178 esteorum,
3000 1115 3096 1184 qui
3130 1130 3193 1170 ea
3222 1116 3323 1169 sibi
3359 1118 3591 1172 invicem

2014 1201 2294 1258 adversari
2347 1203 2693 1272 (opinantur;
2745 1215 3142 1276 proptereaque
3205 1209 3589 1274 asserentium,

2012 1308 2138 1348 cum
2173 1289 2336 1348 simul
2389 1309 2512 1348 cum
2557 1292 2694 1349 Filio
2724 1310 2980 1351 emanare
3001 1337 3016 1362 ,
3047 1307 3099 1351 et
3130 1297 3294 1352 simul
3343 1301 3592 1368 progredi

2013 1382 2249 1453 Spiritus
2303 1385 2520 1439 dicatur
2571 1401 2695 1440 cum
2748 1386 2906 1453 Filio,
2957 1403 3065 1440 non
3097 1403 3217 1442 esse
3247 1404 3342 1457 per
3371 1387 3592 1443 Filium.

2018 1473 2158 1528 Hine
2191 1475 2246 1528 in
2302 1485 2584 1544 posterum
2645 1477 2754 1532 illis
2785 1480 3272 1534 olnnutescendum
3328 1488 3452 1543 est,
3504 1482 3598 1550 qui

2014 1562 2278 1633 quidquid
2307 1565 2361 1617 in
2388 1565 2612 1620 buccam
2645 1567 2873 1631 venerit,
2922 1567 3288 1622 inverecunde
3322 1569 3595 1624 effutiunt.

2009 1651 2164 1718 Quod
2200 1653 2245 1708 si
2272 1655 2578 1724 exemplum
2630 1657 2861 1726 duplicis
2913 1658 3072 1723 radii,
3121 1667 3175 1712 et
3233 1660 3284 1713 in
3347 1661 3456 1715 duo
3517 1663 3598 1716 di-

2008 1745 2222 1815 spartiti
2286 1745 2457 1813 ﬂuvii,
2509 1749 2652 1816 quod
2700 1749 2754 1802 in
2795 1748 3076 1805 effectibus
3111 1751 3413 1806 secundum
3447 1753 3595 1822 ipsos

343 1839 471 1890 σθαι
526 1836 770 1888 θέλουσιν
823 1836 905 1896 εἰς
962 1831 1394 1900 ἐναντιοφωνίαν
1448 1830 1591 1898 τάχα
1633 1828 1759 1881 τινὰ
1798 1827 1908 1880 τῶν

2017 1854 2184 1892 unum
2219 1837 2426 1909 absque
2484 1839 2592 1893 alio
2625 1855 2745 1895 esse
2774 1850 2975 1911 potest,
3031 1842 3352 1908 obtendent,
3388 1843 3593 1912 aliquid

336 1931 615 2002 ῥηθέντων
649 1946 662 1960 ·
697 1928 836 1983 ἀλλὰ
863 1925 1164 1996 γνώτωσαν
1180 1925 1276 1988 ὡς,
1316 1923 1440 1976 ἐπεὶ
1464 1921 1726 1975 ἀδύνατόν
1754 1923 1906 1975 ἐστιν

330 2018 809 2086 ὲναντιοφωνῆσαι
855 2014 996 2069 κατά
1023 2031 1078 2067 τι
1106 2014 1326 2074 ἑαυτοῖς
1357 2013 1483 2074 τοὺς
1514 2011 1804 2081 ἀμφότερα
1838 2009 1905 2064 τὰ

328 2110 475 2181 μέλη
515 2110 630 2161 τῶν
683 2106 1156 2177 παραδειγμάτων
1197 2101 1671 2172 θεολογήσαντας,
1701 2101 1767 2154 τὰ
1804 2099 1905 2168 μὲν

320 2201 437 2258 τῶν
463 2199 930 2268 παραδειγμάτων
965 2192 1236 2264 ὲξελήφθη
1260 2192 1488 2254 ἐκείνοις
1511 2193 1592 2252 εἰς
1618 2190 1906 2261 παράστα-

323 2307 412 2342 σιν
438 2288 536 2341 τοῦ
563 2282 705 2342 εἶναι
731 2285 842 2339 τῶν
865 2285 961 2339 δύο
999 2281 1265 2337 ait-tat:th
1297 2281 1358 2333 τὸ
1387 2281 1486 2351 μὲν
1515 2280 1800 2351 προσεχῶς
1841 2280 1906 2331 ὲκ

320 2372 419 2428 τοῦ
446 2373 691 2444 πρώτου,
721 2374 780 2425 τὺ
807 2373 863 2425 δὲ
890 2369 978 2423 διὰ
1007 2368 1101 2422 τοῦ
1125 2366 1411 2439 προσεχῶς
1443 2369 1507 2420 ἐκ
1536 2367 1628 2420 τοῦ
1659 2365 1903 2439 πρώτουο

321 2468 390 2518 τὰ
462 2465 520 2517 δὲ
585 2463 859 2535 tegimen
910 2460 1140 2523 ἐκείνοις
1220 2461 1300 2520 εἰς
1393 2458 1740 2528 παράστασιν
1808 2457 1903 2510 τοῦ

319 2554 466 2623 εἶναι
524 2557 756 2610 ἕκαστον
791 2555 898 2607 τῶν
949 2552 1205 2607 τοιούτων
1266 2550 1529 2604 αἰτιατῶν
1590 2548 1711 2602 καθ’
1771 2548 1906 2602 αὑτό

318 2668 384 2704 τε
438 2649 536 2703 καὶ
593 2648 1027 2702 ίδιοΰπόστατον.
1079 2644 1252 2698 Τοῦτο
1297 2644 1404 2714 γὰρ
1452 2642 1817 2712 σημαίνουσιν
1867 2643 1902 2712 ή

316 2744 550 2813 δίδυμος
583 2742 744 2803 ἀκτὶς
772 2741 866 2792 καὶ
889 2741 918 2791 ὁ
937 2737 1190 2809 δίῤῥυτος
1208 2735 1474 2805 ποταμός.
1504 2733 1616 2787 Καὶ
1655 2735 1905 2788 πείσειαν

319 2835 394 2887 ἂν
438 2833 583 2902 πρὸς
631 2831 794 2884 τοῦτο
838 2830 934 2883 τὸν
981 2828 1339 2895 ἀντιλέγοντα
1382 2826 1567 2879 καὶτὸ
1597 2826 1904 2896 τρισήλιον,

317 2925 424 2979 καὶ
465 2925 528 2975 τὸ
577 2923 932 2993 τρισάκτινον
982 2920 1079 2990 τῆς
1112 2919 1400 2988 Θεότητος,
1433 2916 1720 2986 γραφικῶς
1755 2918 1908 2987 εἰρη-

318 3013 474 3084 μένα
502 3010 591 3065 διὰ
621 3010 684 3064 τὸ
712 3008 1170 3080 τρισυπόστατον.

933 3120 1194 3172 ΚΕΦΑΛ.
1243 3115 1301 3172 l'.

315 3235 486 3306 Πρὸς
522 3235 663 3312 (of);
693 3234 986 3312 λέγοντας
1008 3229 1373 3312 ἰιηςΕπξε-ιδὴ
1421 3227 1906 3312 ᾲνᾳὸλύζειτωκαὶ

351 3301 691 3374 farm-datr
718 3308 956 3374 λέγεται
987 3304 1052 3356 τὸ
1082 3304 1328 3372 Πνεῦμα
1357 3301 1458 3355 καὶ
1496 3302 1566 3354 ἐκ
1594 3303 1704 3354 τοῦ
1743 3301 1909 3382 Υίοῦ,

401 3377 562 3429 διατι
601 3377 691 3446 μὴ
735 3375 1176 3441 ἐκπορεύεσθαι
1241 3373 1482 3442 λέγεται
1535 3371 1637 3424 καὶ
1685 3371 1755 3425 ἐκ
1802 3388 1912 3426 του

414 3447 576 3501 Ποῦ.
624 3464 644 3497 ι

404 3566 478 3614 α’.
520 3561 590 3613 ’Δ
615 3559 714 3629 μὲν
745 3559 875 3629 περὶ
905 3560 1002 3630 τῆς
1029 3576 1048 3611 ι
1083 3559 1445 3630 ἐκπορεύεται
1475 3577 1495 3611 ι
1529 3557 1728 3626 λέξεως
1749 3556 1914 3627 ἡμεῖς

325 3655 588 3724 ιῖπομεν,
619 3654 681 3706 τὸ
717 3653 854 3723 πρὸς
883 3653 945 3706 τὸ
976 3653 1327 3718 άναϐλύζειν,
1372 3652 1468 3705 ttat
1497 3651 1794 3723 πηγάζειν,
1819 3650 1916 3703 xa‘t

339 3746 674 3817 προχεῖσθαι
739 3746 1064 3816 ἰσοδύναμον
1097 3746 1266 3816 αὐτῆς
1295 3743 1814 3815 διασκοπησάμενοι,
1855 3744 1916 3796 ὲν

339 3841 550 3910 ἑτέροις
605 3840 764 3910 ἡμῶν
822 3838 1003 3906 λόγοις
1052 3838 1298 3908 ἐρρέθη·
1345 3837 1555 3890 ὲπεὶδὲ
1608 3834 1760 3906 παρὰ
1803 3833 1915 3887 τῶν

335 3933 768 4004 διενισταμένων
831 3933 1294 4002 φιλονεικότερον,
1352 3930 1446 3983 καὶ
1492 3930 1574 3983 ἔτι
1626 3929 1755 3998 περὶ
1804 3927 1914 3980 τῶν

331 4025 522 4080 αὐτῶν
559 4024 900 4094 σαφέστερόν
926 4041 978 4077 τι
1010 4023 1193 4090 λέγειν
1251 4020 1812 4092 προσαπαιτούμεοα,
1845 4019 1915 4073 τὰ

328 4115 602 4170 δοκοῦντα
631 4120 726 4169 καὶ
760 4117 924 4168 πάλιν
949 4114 1088 4184 πρὸς
1119 4113 1179 4164 τὸ
1211 4115 1309 4183 τῆς
1340 4113 1549 4176 ἐννοίας
1583 4111 1914 4181 συμϐάλλειν

328 4213 474 4282 ἡμῖν
511 4208 925 4279 καθαρώτερον,
951 4208 1215 4276 οὐδαμῶς
1239 4207 1512 4277 ὁκνοῦμεν
1554 4205 1914 4276 ἐπεξεργάζε-

333 4307 489 4357 altat.
527 4303 682 4355 Ἐπεὶ
719 4303 829 4372 γὰρ
861 4304 910 4355 oi
945 4301 1282 4372 ἀποροῦντες
1308 4297 1653 4370 διαποροῦσι,
1687 4300 1804 4359 πῶς
1854 4298 1914 4350 τὸ

330 4401 400 4450 ὲκ
441 4395 538 4450 τοῦ
583 4396 716 4448 Υἱοῦ
743 4395 1070 4461 άναὸλύζον,
1108 4394 1204 4447 καὶ
1239 4391 1514 4463 πηγάζον,
1557 4393 1652 4443 καὶ
1679 4389 1912 4460 προχεό-

2013 1928 2271 1998 proferri,
2306 1931 2451 1999 quod
2485 1933 2821 1986 contrarium
2857 1942 3014 1987 sonet
3041 1932 3153 2003 jam
3185 1935 3363 2001 dictis,
3398 1937 3592 1999 sciant,

2020 2034 2144 2072 cum
2165 2017 2282 2073 fieri
2305 2031 2561 2084 nequeat,
2581 2033 2638 2074 ut
2660 2021 2900 2092 sibiipsis
2922 2024 3296 2089 adversentur,
3315 2027 3408 2095 qui
3433 2029 3594 2081 ambo

2009 2109 2124 2163 haec
2153 2111 2294 2166 dicta
2331 2113 2563 2180 exempli
2589 2127 2756 2166 causa
2803 2115 3208 2181 produxerunt,
3237 2117 3495 2171 noiinulla
3531 2134 3596 2172 ex

2008 2200 2272 2270 exemplis
2293 2201 2360 2255 ab
2382 2201 2488 2257 illis
2507 2213 2787 2273 assumpta
2811 2219 2934 2260 esse
2951 2206 3016 2260 ad
3043 2207 3513 2276 comprobandum
3533 2225 3600 2262 ex

2009 2289 2093 2344 liis
2123 2289 2338 2346 duobus
2369 2291 2685 2360 effectibus,
2721 2294 2950 2349 alterum
2986 2296 3202 2367 quidem
3256 2299 3601 2354 continenter

2007 2394 2071 2435 ex
2099 2381 2298 2450 primo,
2333 2382 2560 2438 alterum
2591 2399 2688 2453 per
2713 2399 2836 2440 eum
2863 2424 2879 2451 ,
2913 2388 3003 2455 qui
3051 2388 3393 2443 continenter
3421 2401 3503 2444 est
3532 2405 3596 2444 ex

2007 2469 2185 2540 primo
2217 2489 2229 2526 :
2259 2471 2367 2527 alia
2419 2471 2488 2527 ad
2531 2473 3020 2530 demonstrandum
3063 2493 3128 2532 ex
3175 2477 3262 2533 liis
3315 2479 3598 2534 effectibus

2007 2575 2450 2632 unumquemque
2471 2579 2594 2620 esse
2611 2567 2906 2622 secundum
2927 2584 3005 2633 se,
3021 2577 3073 2622 et
3088 2569 3301 2638 propria
3320 2572 3598 2640 hypostasi

2008 2654 2430 2712 subsistentem.
2463 2655 2580 2713 Hoc
2613 2660 2758 2714 enim
2789 2661 3010 2716 denotat
3056 2662 3254 2732 duplex
3291 2665 3477 2719 radius
3499 2709 3512 2729 ,
3545 2681 3601 2742 (τι

2008 2745 2300 2816 dupliciter
2328 2758 2514 2805 sectus
2545 2749 2764 2807 fluvius.
2797 2753 2852 2808 ld
2889 2768 3108 2824 quoque
3132 2756 3446 2811 adversario
3476 2773 3599 2827 μοι’-

2011 2838 2301 2908 suadebit,
2338 2849 2392 2898 et
2433 2843 2707 2900 trisolium
2733 2886 2749 2912 ,
2784 2854 2839 2900 et
2873 2847 3163 2901 triradium
3200 2846 3430 2905 Deitatis
3473 2865 3598 2921 gra-

2008 2932 2170 3002 phice
2199 2949 2460 3005 expressa
2493 2945 2720 3010 propter
2749 2939 2957 2994 trinum
2993 2940 3384 3010 bypostaseon.

2637 3145 2868 3202 CAPUT
2911 3148 2978 3204 X.

2019 3253 2102 3307 Ad
2126 3257 2362 3332 eoquai
2390 3258 2571 3312 dicunt
2595 3275 2667 3332 εκ(
2697 3259 2830 3315 Cum
2858 3263 3078 3332 efﬂuere,
3104 3277 3153 3318 et
3181 3281 3428 3320 emanare
3449 3267 3596 3321 dica-

2091 3334 2180 3377 tur
2218 3323 2449 3401 Spiritus
2498 3327 2768 3401 ea:_Filio,
2815 3323 2978 3401 qu'ure
3035 3323 3134 3388 non
3184 3336 3394 3390 dicatur
3432 3340 3594 3391 etiam

2088 3397 2368 3464 procedere
2399 3406 2448 3452 et
2471 3413 2536 3452 ea:
2567 3397 2751 3455 Filio?
2783 3397 2837 3452 »⁷
3429 3418 3433 3422 ’

2093 3579 2145 3636 1.
2177 3581 2309 3646 Quae
2339 3582 2406 3637 de
2436 3585 2805 3653 proccssionis
2833 3586 3072 3642 dictione
3103 3589 3378 3654 diximus,
3409 3607 3594 3662 aequas

2020 3669 2172 3726 illius
2201 3687 2327 3726 cum
2360 3676 2732 3742 emanatione,
2779 3677 3088 3744 efﬂuxione,
3125 3689 3178 3734 et
3213 3684 3598 3750 progressione

2019 3764 2165 3819 vires
2197 3766 2604 3835 examinantes,
2641 3768 2694 3824 in
2727 3769 2850 3826 aliis
2889 3773 3090 3827 nostris
3128 3774 3472 3831 orationibus
3500 3777 3593 3830 ha~

2017 3856 2236 3911 bentur.
2267 3859 2406 3913 Cum
2449 3875 2578 3916 vero
2602 3861 2670 3916 ab
2715 3863 2816 3929 iis,
2861 3864 2954 3933 qui
2999 3868 3391 3924 contentiosius
3431 3870 3595 3924 rebus

2018 3951 2141 4006 istis
2170 3952 2478 4021 obsistunt,
2515 3955 2581 4010 de
2613 3957 2803 4012 iisdem
2839 3957 3046 4027 aliquid
3069 3999 3084 4025 ,
3119 3959 3263 4028 quod
3301 3961 3592 4018 dilucidius

2017 4045 2109 4108 sit,
2136 4053 2190 4099 et
2218 4060 2333 4100 rem
2367 4056 2738 4116 repraesentet.
2771 4049 2968 4106 afferre
2989 4051 3042 4104 in
3071 4051 3306 4107 medium
3337 4063 3593 4121 praeterea

2018 4137 2312 4206 exigimur,
2372 4154 2494 4209 quas
2547 4141 2704 4197 nobis
2752 4154 3080 4210 occurrunt,
3135 4145 3204 4199 ad
3263 4147 3588 4202 sententiam

2020 4229 2260 4296 apertius
2319 4232 2663 4286 enodandam
2719 4243 3064 4302 opportuna,
3114 4237 3394 4293 elaborare
3445 4239 3592 4294 nullo

2021 4318 2183 4374 modo
2211 4321 2606 4376 cunctabimur.
2643 4323 2876 4390 Etcum,
2907 4327 3000 4396 qui
3032 4327 3374 4394 addubitant,
3401 4329 3455 4384 in
3486 4331 3590 4384 du-

2023 4410 2172 4465 bium
2231 4421 2482 4478 vertant,
2531 4416 2805 4483 quomodo
2857 4419 2949 4486 qui
3007 4434 3074 4472 ex
3127 4417 3266 4474 Filio
3309 4435 3589 4485 emanare,

247 4541 250 4546 .
337 4507 506 4562 μενον
544 4489 795 4558 Πνεῦμα,
829 4489 952 4558 οὐχὶ
998 4488 1095 4540 καὶ
1122 4486 1564 4556 ἐκπορευόμενον
1607 4484 1824 4551 λέγεται
1855 4482 1911 4547 ἐξ

2022 4501 2265 4568 efﬂuere,
2302 4515 2355 4558 et
2384 4482 2587 4560 effundi
2619 4507 2817 4561 dicitur
2845 4482 3103 4578 spiritus,
3140 4525 3248 4565 non
3281 4511 3408 4566 item
3442 4513 3592 4568 dica-

333 4581 506 4637 αὑτοῦ
531 4597 547 4647 ;
578 4580 717 4634 Τάδε
753 4577 1054 4648 σαφηνείας
1080 4578 1240 4646 χάριν
1265 4575 1466 4644 φαμέν.

407 4769 482 4841 β’.
531 4768 595 4821 Ἦ
651 4765 984 4836 ὲκπόρευσις
1045 4779 1105 4815 ου
1157 4763 1220 4814 τὸ
1271 4759 1459 4822 ἁπλῶς
1512 4762 1579 4812 ἐκ
1617 4758 1832 4830 Πατρὸς
1855 4759 1916 4812 τὺ

336 4863 576 4929 Πνεῦμα
615 4859 793 4930 δηλοῖ,
838 4856 976 4909 ἀλλὰ
1010 4854 1071 4908 τὸ
1117 4855 1235 4916 πῶς
1281 4848 1447 4906 εἶναι.
1480 4852 1578 4905 Διὰ
1609 4853 1720 4921 γὰρ
1756 4850 1917 4904 τοῦτο

336 4958 439 5010 καὶ
488 4954 696 5025 τρόπος
749 4947 1063 5018 ὑπάρξεως,
1119 4948 1147 4999 ὃ
1195 4949 1312 4998 ὲστι
1364 4943 1597 5014 διαφορά
1629 4942 1916 5014 ὑπάρξεως

343 5046 498 5117 παρὰ
519 5051 634 5107 τοῖς
675 5042 926 5112 Πατράσι
955 5042 1016 5094 τὸ
1043 5039 1141 5110 τῆς
1184 5038 1568 5109 ὲκπορεύσεως
1595 5037 1916 5104 τεθεολόγη-

341 5157 436 5196 ται
470 5138 663 5208 ὄνομα.
698 5136 810 5190 Καὶ
843 5134 992 5186 ἐστιν
1024 5134 1057 5202 ἡ
1084 5131 1228 5185 κατὰ
1259 5135 1357 5200 τὴν
1379 5131 1709 5200 ὲκπόρευσιν
1731 5130 1918 5199 δηλου-

346 5236 486 5304 μένη
545 5231 785 5303 ὓπαρξις
839 5226 1174 5298 διαφέρουσα
1237 5223 1372 5296 πρός
1424 5241 1484 5276 τε
1537 5225 1638 5291 τὴν
1681 5223 1918 5294 ἄναρχον

343 5324 583 5394 ὕπαρξιν
617 5321 712 5374 τοῦ
743 5319 956 5389 Πατρὺς
988 5318 1064 5387 τῷ
1117 5315 1213 5368 τοῦ
1245 5316 1547 5385 άγεννήτου
1577 5313 1918 5385 δηλουμένην

340 5422 594 5491 ὀνόματι,
629 5414 721 5469 καὶ
755 5413 892 5486 πρὸς
925 5413 1026 5482 τὴν
1061 5409 1302 5480 ὕπαρξιν
1335 5408 1430 5462 τοῦ
1457 5407 1588 5461 Υἰοῦ
1624 5409 1912 5473 ἐξιδιωσά-

347 5513 522 5585 μένην
557 5509 620 5562 τὸ
661 5505 952 5576 γεννητόν.
987 5503 1131 5575 Τρία
1164 5501 1294 5571 γοῦν
1317 5500 1491 5555 ταῦτα
1518 5500 1758 5569 ὀνόματα
1801 5502 1922 5564 ταῖς

342 5605 455 5657 τών
501 5600 678 5672 τριῶν
751 5597 1064 5671 προσώπων
1141 5592 1535 5664 ἀφωρίσθησαν
1615 5591 1873 5662 ἰδιότησιν
1907 5634 1920 5655 ,

347 5698 586 5750 ἑκάστου
659 5693 770 5745 τῶν
831 5690 1113 5758 ὀνομάτων
1175 5684 1320 5736 οὕτω
1382 5699 1446 5752 γε
1503 5681 1806 5750 δυναμένου
1862 5681 1925 5732 τὸ

346 5790 744 5864 ὠνομασμένον
796 5784 857 5850 ἐξ
913 5779 1080 5834 αὑτοῦ
1132 5780 1429 5848 πρόσωπον
1476 5776 1534 5831 ὲν
1564 5779 1630 5845 τῇ
1671 5775 1924 5846 μακαρίᾳ

669 5889 940 5946 Ριιτιιοι.
983 5881 1096 5940 Gn.
1130 5874 1325 5938 CXLI.

2019 4606 2107 4652 tur
2149 4604 2203 4649 et
2245 4611 2310 4650 ex
2357 4597 2548 4652 eodem
2598 4599 2933 4666 procedere?
2972 4599 3116 4666 haec,
3171 4609 3230 4655 ut
3279 4603 3453 4674 magis
3504 4619 3592 4660 res

2017 4685 2312 4750 elucescat,
2348 4686 2727 4755 proponimus.

2092 4774 2147 4830 2.
2191 4774 2478 4830 l’rocessio
2533 4791 2642 4830 non
2695 4784 2845 4831 notat
2891 4776 3248 4846 simpliciter,
3309 4795 3374 4834 ex
3431 4780 3590 4836 Patre

2022 4865 2286 4937 Spiritum
2324 4880 2479 4930 esse,
2520 4866 2616 4922 sed
2652 4869 2898 4932 modum,
2938 4884 3046 4937 quo
3082 4877 3186 4924 est.
3230 4869 3457 4940 Propter
3487 4873 3591 4927 hoc

2020 4959 2166 5012 enim
2215 4966 2270 5013 et
2313 4959 2508 5015 modus
2559 4961 2912 5024 exsistentiae,
2962 4977 3084 5031 quae
3131 4971 3216 5017 est
3259 4966 3590 5021 exsistentim

2019 5049 2346 5117 differentia,
2379 5068 2406 5105 a
2447 5053 2702 5108 Patribus
2742 5055 3112 5122 proccssionis
3147 5070 3343 5109 nomen
3383 5056 3587 5109 consli-

2023 5149 2196 5194 tutum
2237 5149 2340 5194 est.
2381 5138 2448 5193 Et
2490 5142 2793 5195 secundum
2837 5142 3236 5209 processionem
3288 5139 3588 5208 significatu

2022 5229 2339 5284 exsistentia
2375 5228 2587 5294 differt,
2621 5239 2676 5284 et
2701 5229 2768 5283 ab
2807 5230 3127 5283 exsistentia
3156 5229 3271 5282 sine
3299 5227 3583 5296 principio,

2023 5321 2247 5391 ingeniti
2287 5321 2510 5377 nomine
2553 5330 2864 5386 connotata,
2896 5330 2952 5375 et
2996 5321 3065 5374 ab
3105 5319 3422 5375 exsistertia
3465 5316 3584 5372 Filii

2025 5410 2127 5465 sibi
2178 5411 2419 5479 genitum
2484 5409 2810 5464 vindicante.
2871 5409 2996 5464 llazc
3039 5425 3168 5480 ergo
3216 5407 3315 5461 tria
3365 5408 3588 5462 nomina

2026 5502 2192 5556 trium
2261 5516 2621 5571 personarum
2686 5501 3112 5572 proprietatibus
3168 5501 3381 5554 decreta
3437 5510 3589 5565 sunt,

2025 5608 2149 5648 cum
2179 5591 2392 5663 singula
2423 5593 2536 5646 haec
2559 5595 2783 5646 nomina
2811 5591 3017 5645 viribus
3047 5590 3119 5645 ita
3149 5588 3404 5658 polleant,
3437 5599 3494 5644 ut
3522 5605 3590 5645 ex

2027 5697 2087 5737 se
2113 5697 2400 5752 personam
2423 5691 2791 5752 nuncupatam
2819 5681 2875 5734 in
2899 5681 3055 5735 beata
3083 5679 3281 5734 Triade
3311 5678 3590 5734 denotem.

2033 5771 2099 5829 Ut
2125 5774 2266 5830 idem
2305 5774 2468 5844 plane
2510 5773 2582 5829 sit
2621 5771 2920 5841 ingenitum
2958 5779 3012 5826 et
3056 5769 3236 5835 Pater,
3267 5771 3507 5839 genitum
3539 5779 3592 5824 ct

3130 5873 3168 5929 ὅ
