4054 6408
3416 267 3447 283 δ

372 352 481 426 οτι
1412 360 1509 421 DE
1554 356 2078 421 PROCESSIONE
2119 358 2180 421 s.
2225 344 2608 419 SPIRITUS.
3531 332 3638 414 ωε

372 495 461 530 τοι
492 476 621 547 περὶ
648 475 758 528 τῶν
786 474 1047 529 τοιούτων
1091 472 1278 545 φασίν.
1322 470 1575 541 Ἰωάννην
1608 471 1699 524 τὸν
1731 470 1960 541 χρυσορε

2067 485 2221 523 reum
2278 468 2408 524 illud
2435 465 2762 539 eloquentiae
2801 466 3027 528 ﬂumen,
3065 473 3118 518 et
3140 479 3204 519 ex
3238 477 3373 517 auro
3400 462 3638 532 Spiritus
3738 486 3743 489 Α

376 571 613 640 ῥήμονα,
644 568 743 637 τὴν
773 567 867 621 τοῦ
904 567 1224 639 Πνεύματος
1255 565 1600 636 χρυσήλατον
1648 564 1951 632 σάλπιγγα,

2063 560 2365 616 confectam
2413 560 2598 615 tubam
2644 557 2914 613 dicentem
2958 554 3267 627 reperiunt,
3314 554 3370 609 in
3427 568 3526 608 sua
3571 554 3640 608 de

375 660 700 731 εὑρίσκουσι
753 659 1023 728 λέγοντα,
1081 661 1140 713 ἐν
1192 658 1273 728 τῷ
1338 659 1466 728 περὶ
1519 656 1613 710 τοῦ
1682 657 1953 724 παναγὶου

2064 652 2415 707 sanctissimo
2468 650 2676 721 Spiritu
2740 650 3020 714 oratione,
3078 647 3236 716 cujus
3287 647 3636 717 principium,

376 751 700 821 Πνεύματος
733 750 877 821 λόγῳ
910 750 1097 814 αὑτοῦ,
1137 745 1199 805 οῦ
1231 752 1264 821 ή
1304 750 1449 820 ἀρχή
1476 765 1489 777 ·
1539 766 1559 800 t
1616 748 1758 811 Χθές
1794 749 1951 818 ἡμῖν,

2067 763 2087 795 ε
2124 744 2275 810 lleri,
2308 761 2341 800 ο
2375 744 2577 798 Christi
2612 753 2901 806 amatores,
2934 741 3108 796 sancti
3139 750 3194 794 et
3226 739 3485 793 adorandi
3518 738 3642 807 Spi-

374 837 423 895 ὦ
478 843 819 914 φιλόχριστοι
852 883 869 907 ,
939 845 972 913 ἡ
1039 842 1133 896 τοῦ
1190 842 1349 910 ἁγίου
1410 841 1506 894 καὶ
1568 838 1954 910 προσκυνητοῦ

2063 835 2202 889 ritus
2247 835 2622 889 celebrabatur
2668 833 2951 889 adventus.
2997 832 3075 889 De
3117 846 3239 886 meo
3287 829 3537 901 accipiet,
3574 842 3641 882 ex

380 932 705 1004 Πνεῦματος
756 933 1109 1003 ἐπιφοίτησις
1163 932 1471 1002 ἁνυμνείτο.
1514 929 1608 984 Ἐκ
1663 928 1758 983 τοῦ
1820 928 1953 1000 ἐμοῦ

2063 924 2152 983 his
2181 942 2303 997 qua:
2334 926 2467 981 mihi
2504 927 2711 981 homini
2747 925 3027 988 Dominieo
3064 923 3451 994 suppeditavit.
3486 920 3645 975 Acci-

372 1023 635 1095 λήψεται,
666 1023 725 1087 ἐξ
754 1019 828 1077 ὧν
863 1023 1171 1094 ἐχορήγησε
1208 1041 1297 1094 μοι
1340 1023 1418 1094 τῷ
1443 1021 1711 1094 Κυριακῷ
1746 1021 1957 1094 ἀνθρώ⁴

2061 1018 2173 1089 piet
2200 1019 2318 1088 ipse
2351 1018 2445 1088 qui
2469 1018 2741 1083 exhibuit,
2767 1017 2859 1088 qui
2889 1017 3129 1081 advenit,
3162 1025 3216 1070 et
3244 1015 3448 1071 mansit
3475 1026 3640 1082 super

375 1132 490 1185 πῳ.
523 1115 771 1184 Λήψεται
796 1115 950 1182 αὐτὸ,
979 1116 1042 1168 τὸ
1065 1114 1317 1182 δεδωκὸς,
1340 1115 1399 1169 τὸ
1430 1114 1603 1179 ἐλθὸν,
1636 1115 1733 1168 καὶ
1767 1116 1955 1184 μεῖναν

2063 1125 2172 1176 me,
2200 1111 2292 1180 qui
2320 1111 2476 1165 unxit
2495 1125 2603 1177 me,
2632 1110 2727 1181 qui
2759 1107 3138 1175 sanctiﬁcavit,
3165 1108 3258 1178 qui
3287 1107 3441 1162 duxit
3468 1120 3554 1160 me
3580 1106 3638 1160 in

371 1206 434 1257 ἐν
489 1206 636 1274 ἐμοὶ,
692 1204 752 1258 τὸ
795 1206 992 1275 χρῖσάν
1043 1222 1135 1275 με,
1169 1207 1231 1259 τὸ
1269 1206 1527 1273 ἁγιάσαν,
1581 1206 1642 1259 τὸ
1677 1206 1954 1275 ἀναγαγδν

2063 1203 2365 1267 desertum,
2411 1209 2468 1256 et
2506 1203 2769 1258 victorem
2812 1201 3049 1255 reduxit.
3091 1219 3110 1252 ι
3157 1198 3224 1255 Ει
3261 1213 3472 1263 rursus,
3507 1195 3643 1269 «De

371 1293 456 1356 είς
489 1292 590 1364 τὴν
621 1291 849 1364 ἔρημον,
878 1294 941 1347 τὸ
975 1294 1324 1365 ῦποστρέψαν
1364 1313 1433 1366 με
1485 1297 1735 1367 νικητήν.
1781 1315 1802 1349 ›
1843 1296 1955 1348 Καὶ

376 1387 585 1439 πάλιν
628 1402 647 1436 t
700 1386 796 1438 Ἐκ
843 1386 939 1440 τοῦ
995 1386 1130 1456 ἐμοῦ
1180 1387 1449 1458 λήψεται,
1517 1389 1612 1442 καὶ
1663 1389 1957 1458 ἀναγγελεῖ

384 1477 559 1546 ήμίνο
607 1495 626 1528 ν
669 1478 764 1532 καὶ
805 1477 893 1531 ἴνα
917 1479 1065 1551 δείξῃ
1104 1480 1186 1532 δτι
1226 1480 1285 1533 οὗ
1331 1480 1425 1533 τοῦ
1454 1481 1612 1549 ἁγίου
1639 1483 1957 1554 Πνεῦματος

373 1568 806 1637 ἐμνημόνευσεν,
858 1569 997 1623 ἀλλὰ
1044 1570 1154 1624 τῶν
1207 1571 1447 1642 δωρεῶν,
1480 1574 1677 1642 ἐπάγει
1729 1574 1868 1644 μετὰ
1896 1575 1957 1628 τὸ

374 1659 588 1710 εἰπεῖν’
621 1677 640 1710 ι
694 1659 791 1714 Ἐκ
818 1659 912 1713 τοῦ
948 1661 1084 1732 ἐμοῦ
1112 1662 1343 1733 λήψεται
1379 1678 1392 1692 ’
1432 1682 1452 1715 ›
1489 1663 1673 1730 εὐθὺς,
1715 1684 1733 1716 t
1771 1665 1956 1720 Πάντα

382 1751 482 1803 ὅσα
516 1751 627 1821 ἔχει
657 1754 685 1805 ό
715 1755 1047 1823 Πατὴρ,ἐμά
1112 1757 1285 1809 ἐστιν·
1358 1756 1552 1810 ἔλαϐον
1591 1760 1735 1813 αὐτὰ
1764 1760 1830 1813 ἐκ
1858 1757 1953 1813 τοῦ

2064 1309 2187 1350 meo
2211 1293 2463 1364 accipiet,
2496 1301 2549 1349 ct
2578 1292 2924 1348 annuntiabit
2953 1292 3106 1346 vobis
3129 1292 3195 1357 ³¹,
3230 1308 3251 1342 ι
3283 1300 3341 1344 ut
3364 1290 3639 1353 ostendat,

2064 1401 2126 1441 se
2172 1401 2283 1439 non
2334 1386 2506 1440 sancti
2562 1383 2801 1455 Spiritus
2849 1385 2943 1439 sed
2991 1385 3259 1438 donorum
3306 1381 3641 1446 meminisse,

2024 1502 2029 1508 ι
2064 1475 2245 1532 subdit
2268 1484 2392 1545 post
2416 1473 2533 1540 illa,
2554 1490 2621 1530 ex
2652 1489 2773 1529 meo
2799 1474 3050 1544 accipiet,
3076 1473 3361 1544 protinus:
3399 1489 3418 1522 ‹
3447 1468 3644 1523 Omnia

2063 1582 2403 1639 quaecunque
2433 1567 2598 1622 habet
2627 1565 2788 1622 Pater
2824 1583 2943 1622 mea
2983 1575 3112 1621 sunt
3148 1565 3215 1631 ³³,
3256 1584 3274 1617 ι
3312 1565 3493 1634 accepi
3527 1564 3640 1635 ipsa

2063 1674 2129 1715 ex
2163 1657 2371 1730 Spiritu
2400 1667 2611 1714 sancto.
2651 1658 2715 1714 Et
2751 1662 2969 1721 iterum,
3002 1678 3020 1711 ι
3063 1659 3351 1728 PrOpterea
3378 1656 3533 1721 dixit,
3566 1656 3643 1711 De

2066 1767 2186 1808 meo
2213 1753 2478 1822 accipiet,
2520 1752 2781 1822 quoniam
2826 1750 2970 1807 Deus
3014 1749 3375 1805 sanctiiicavit
3421 1764 3641 1804 carnem

394 1841 544 1907 ἁγίου
572 1841 915 1913 Πνεύματος.
958 1862 977 1896 ι
1012 1845 1123 1898 Καὶ
1163 1845 1325 1899 πάλιν
1353 1863 1368 1877 ·
1402 1864 1422 1898 ι
1458 1846 1561 1899 Διὰ
1586 1846 1747 1902 τοῦτο
1784 1844 1958 1917 εἶπεν,

2065 1845 2271 1916 Spiritu
2307 1855 2519 1908 sancto,
2553 1846 2863 1901 Adveniens
2901 1860 3032 1900 vero
3064 1845 3237 1916 gratia
3276 1842 3458 1897 omnia
3499 1841 3642 1896 dona

395 1921 487 1984 Ἐκ
536 1934 629 1986 τοῦ
681 1935 818 2004 ἐμοῦ
873 1935 1127 2006 λήψεται,
1162 1938 1406 2007 ἐπειδὴὸ
1442 1938 1572 2003 Θεὸς
1616 1940 1815 2012 ήγίασε
1860 1942 1961 2011 τὴν

380 2025 565 2095 σάρκα
615 2027 894 2098 Πνεῦματι
946 2031 1107 2100 ἁγίῳ,
1158 2030 1252 2084 κα)⁸
1301 2031 1591 2085 ἀπέστειλε
1620 2035 1720 2105 τήν
1751 2033 1962 2105 δωρεάν

370 2117 473 2170 τοῦ
522 2119 842 2191 Πνεῦματος
890 2120 920 2172 ό
972 2122 1164 2194 Πατήρ
1207 2124 1289 2187 είς
1334 2125 1436 2197 τὴν
1467 2127 1650 2196 σάρκα
1699 2125 1795 2180 τοῦ
1824 2127 1961 2198 Χρι-

380 2210 541 2264 στοῦ.
590 2230 610 2263 ι
660 2212 925 2268 Ἐλθοῦσα
958 2215 1017 2269 δέ
1064 2216 1284 2288 ἡχάρις
1329 2217 1426 2271 ὅλα
1454 2218 1522 2272 τά
1550 2219 1698 2291 δῶρα
1737 2221 1961 2291 ἐνέθηκε

367 2302 455 2373 τῷ
500 2304 746 2376 Χριστῷ,
800 2305 968 2375 λέγει,
1006 2325 1025 2359 ‹
1076 2307 1173 2362 Ἐκ
1223 2306 1318 2362 τοῦ
1373 2308 1510 2378 ἐμοῦ
1551 2308 1805 2379 λήψεται,
1862 2312 1960 2365 καὶ

367 2396 675 2464 ἀναγγελεῖ
722 2398 874 2469 ήμίν,
917 2418 936 2452 ι
972 2398 1159 2453 Ταῦτα
1208 2400 1301 2454 τὸν
1353 2402 1792 2474 Χρυσοῤῥήμονα
1816 2404 1964 2476 εὑρί-

369 2502 606 2550 σκοντες
636 2488 1005 2558 ἐξηγούμενον
1033 2491 1091 2543 ἐν
1122 2489 1201 2561 τῷ
1234 2489 1455 2561 ῥηθέντι
1498 2492 1639 2563 λόγῳ
1670 2493 1835 2547 αὐτοῦ
1867 2495 1960 2548 ἐπὶ

368 2578 443 2647 τῇ
476 2578 808 2649 εὖαγγελικῇ
838 2580 998 2650 ῥήσει
1029 2583 1119 2652 τῇ,
1161 2599 1179 2633 t
1230 2582 1325 2634 Ἐκ
1362 2581 1457 2635 τοῦ
1495 2582 1630 2653 ἐμοῦ
1665 2583 1953 2655 λήψεται,ι

367 2669 568 2733 ἁδείας
622 2669 812 2742 ῶσπερ
868 2671 1162 2744 λαϐόμενοι
1220 2673 1423 2743 λέγειν,
1472 2673 1508 2729 ἁ
1570 2674 1871 2746 βούλονται,
1910 2680 1960 2733 οί

378 2766 567 2817 πάντα
599 2765 736 2836 πρὸς
772 2765 835 2820 τδ
880 2766 1076 2821 δοκοῦν
1104 2769 1322 2834 ἑαυτοῖς
1362 2770 1649 2840 μεθέλκειν
1679 2772 1960 2845 πειρώμε-

375 2874 490 2919 νοι,
537 2855 692 2924 Ἰδοὺ,
715 2858 903 2928 φασιν,
934 2859 995 2913 τὸ
1020 2859 1116 2914 τοῦ
1149 2861 1616 2936 Χρυσορρήμονος
1647 2865 1961 2931 ἀξιόπιστον

376 2951 719 3021 παρίστησιν
753 2952 1007 3024 ἐναργῶς
1057 2955 1202 3007 κατὰ
1232 2956 1294 3008 τὸ
1323 2953 1668 3025 ἀνθρώπινον
1716 2957 1811 3010 τοῦ
1848 2959 1963 3012 Κυ-

379 3037 506 3111 ρίου
533 3038 788 3109 λέγεσθαι
820 3042 881 3095 τὸ
919 3041 978 3107 ἐξ
1011 3042 1177 3095 αὑτοῦ
1222 3043 1525 3113 λαμϐάνειν
1556 3045 1618 3097 τὸ
1645 3044 1874 3118 Πνεῦμα
1898 3046 1961 3101 τὸ

373 3132 558 3200 ἅγιον,
604 3131 699 3185 ἆτε
727 3132 882 3198 θείας
912 3133 1081 3188 αὐτοῦ
1106 3135 1306 3207 σαρκὸς
1336 3136 1641 3208 δεξαμενῆς
1667 3139 1961 3208 γεγονυίας

2062 1941 2282 1998 Christo
2313 1941 2530 2006 indidit,
2563 1941 2697 1995 dicit
2725 1957 2739 1996 :
2777 1940 2851 1994 De
2884 1954 3008 1994 meo
3038 1938 3298 2008 accipiet,
3341 1947 3393 1992 et
3429 1950 3648 1990 annun-

2062 2034 2409 2091 tiahitvobis.
2435 2053 2454 2087 ›
2482 2032 2606 2089 llaec
2626 2034 3076 2105 Chrysostomum
3099 2031 3173 2087 ita
3199 2038 3558 2100 exponentem
3585 2028 3642 2083 in

2062 2124 2285 2181 laudata
2350 2126 2603 2181 oratione
2672 2125 3053 2188 invenientes,
3106 2137 3273 2192 super
3329 2120 3644 2190 evangelica

2062 2219 2230 2283 dicto,
2261 2237 2280 2270 ι
2316 2218 2393 2273 Ex
2430 2233 2551 2273 meo
2584 2217 2833 2288 accipiet,
2871 2236 2890 2270 ι
2924 2216 3080 2287 quasi
3105 2216 3449 2271 securitatem
3478 2211 3642 2275 nacti,

2062 2318 2404 2384 quaecunque
2429 2312 2536 2368 illis
2559 2312 2880 2366 collubitutn
2910 2309 3094 2377 fuerit,
3119 2306 3293 2374 eﬂ‘ari,
3319 2306 3412 2378 qui
3438 2307 3642 2368 omnia,

2063 2413 2125 2460 ut
2152 2407 2254 2460 sibi
2276 2405 2509 2467 videtur,
2530 2413 2585 2459 et
2613 2421 2708 2474 pro
2734 2403 2953 2458 libidine
2980 2404 3192 2457 trahere
3214 2410 3507 2465 conantur,
3536 2398 3643 2463 En,

2063 2495 2235 2561 aiunt,
2268 2494 2644 2564 Chrysostomi
2678 2496 2977 2550 auctoritas
3003 2502 3190 2561 aperte
3222 2499 3643 2557 commonstrat,

2063 2587 2365 2643 secundum
2399 2587 2794 2642 humanitatem
2831 2586 3045 2641 Domini
3084 2585 3216 2649 dici,
3253 2600 3316 2638 ex
3353 2585 3471 2652 ipso
3500 2584 3646 2638 acci-

2063 2693 2191 2749 pere
2241 2676 2506 2749 Spiritum
2549 2689 2837 2744 sanctum,
2889 2675 3044 2746 quasi
3093 2675 3277 2730 divina
3325 2674 3470 2730 illius
3516 2690 3645 2729 earn

2063 2770 2304 2841 Spiritus
2335 2771 2782 2840 conceptaculum
2814 2769 3017 2823 factum
3055 2774 3225 2823 esset.
3250 2768 3316 2822 Et
3346 2782 3455 2835 quo
3485 2774 3646 2836 pacto

2064 2864 2242 2934 palam
2284 2879 2393 2918 non
2427 2872 2544 2927 est,
2592 2870 2811 2933 propter
2855 2861 3117 2930 spiritalia
3151 2861 3294 2916 dona
3336 2860 3455 2914 hinc
3498 2858 3646 2913 dicta

2063 2955 2267 3011 fuisse?
2294 2956 2360 3010 Et
2391 2956 2516 3022 hoc,
2546 2963 2608 3010 ut
2653 2954 2756 3025 ipsi
2797 2954 3133 3018 existimant,
3179 2953 3333 3022 quasi
3377 2951 3505 3006 inde
3547 2949 3646 3005 de-

2064 3058 2429 3104 monstratum
2463 3048 2556 3112 sit,
2590 3055 2957 3113 assumentes,
2994 3047 3331 3102 contendunt
3361 3043 3642 3113 deinceps,

2063 3141 2270 3196 nullam
2318 3139 2554 3211 relinqui
2600 3139 2904 3204 rationem,
2950 3154 3060 3210 quo
3099 3139 3284 3193 minus
3330 3137 3460 3193 ﬁdes
3503 3135 3645 3206 apud

371 3221 475 3276 τοῦ
528 3213 872 3295 Πνεῦματος.
921 3214 1182 3291 Καὶνπῶς
1223 3228 1283 3281 οὐ
1316 3228 1587 3299 πρόδηλόν
1618 3231 1738 3284 ἐστι
1768 3230 1856 3286 διά
1886 3232 1956 3287 τά

2065 3249 2256 3291 omnes
2298 3234 2410 3301 sit,
2442 3248 2618 3304 eaque
2649 3233 2982 3296 certissima,
3032 3232 3205 3287 sancti
3252 3230 3515 3300 Spiritus,
3546 3243 3646 3284 no-

376 3319 735 3386 πνευματικὰ
763 3316 1084 3388 χαρίσματα
1115 3317 1275 3373 τοῦτο
1325 3318 1614 3391 είρῆσθαι;
1654 3322 1763 3374 Καὶ
1798 3321 1958 3376 τοῦτο

2061 3342 2182 3383 men
2212 3368 2228 3394 ,
2260 3342 2374 3382 non
2407 3326 2473 3382 ad
2507 3327 2855 3381 indicandam
2891 3323 3129 3396 Spiritus
3161 3324 3336 3379 sancti
3370 3333 3643 3387 naturam,

375 3410 522 3461 κατὰ
560 3408 623 3461 τὸ
650 3408 842 3463 δοκοῦν
875 3411 1061 3474 αὐτοῖς
1090 3409 1165 3474 ὡς
1199 3411 1450 3465 ἐντεῦθεν
1506 3411 1959 3485 ἀποδεδειγμένον

2061 3420 2154 3475 sed
2197 3419 2263 3474 ad
2307 3418 2595 3474 indicanda
2632 3418 2903 3488 spiritalia
2953 3418 3097 3472 dona
3138 3417 3350 3487 accipi,
3404 3416 3459 3471 in
3504 3431 3647 3487 quo-

373 3498 776 3570 λαμϐάνοντες,
811 3501 1011 3573 ἐφεξῆς
1042 3501 1259 3569 ἀξιοῦσι
1290 3501 1496 3573 μηδένα
1548 3501 1630 3556 ἔτι
1669 3502 1959 3560 λείπεσθαι

2061 3524 2275 3580 cunque
2301 3500 2857 3580 Scripturarumloco
2881 3509 3189 3565 inveniatur
3215 3511 3472 3582 Spiritus,
3496 3526 3647 3567 ema-

326 3594 343 3607 '
373 3592 537 3664 λόγον
564 3594 665 3648 τοῦ
696 3595 882 3649 πίστιν
913 3596 1277 3668 προσκεῖσθαι
1326 3597 1535 3651 άπασιν
1584 3597 1959 3667 ἁναμφίϐολον

2061 3617 2219 3666 nans,
2251 3600 2480 3659 emuens
2512 3612 2567 3658 et
2615 3603 2908 3675 prosiliens
2939 3618 3006 3659 ex
3035 3601 3200 3662 Filio.
3235 3602 3302 3658 Et
3330 3604 3385 3659 hi
3419 3604 3644 3674 quidem

371 3685 437 3740 τὸ
477 3684 575 3739 τοῦ
611 3687 772 3756 ἁγίου
830 3687 1155 3754 Πνεύματος
1200 3688 1377 3759 ὄνομα
1434 3688 1536 3743 οὐκ
1588 3691 1671 3753 είς
1722 3688 1958 3757 δήλωσιν

2061 3692 2174 3747 haec
2205 3691 2509 3762 proferunt.

373 3780 549 3850 αὐτῆς
585 3781 690 3852 τῆς
739 3780 836 3835 τοῦ
883 3782 1044 3851 ἁγίου
1102 3782 1425 3854 Πνεύματος
1457 3783 1694 3853 φύσεως,
1729 3783 1846 3836 ἁλλ’
1909 3786 1989 3850 είς
2026 3786 2264 3858 δήλωσιν
2327 3786 2719 3857 πνευματικῶν
2783 3789 3143 3861 χαρισμάτων
3205 3789 3647 3862 ἐκλαμϐάνεσθαι

375 3875 432 3928 ἐν
456 3873 732 3945 οίῳδήτινι
765 3871 834 3927 ἂν
868 3873 1025 3944 μέρει
1059 3874 1157 3939 τῆς
1190 3873 1339 3937 θείας
1369 3873 1594 3944 Γραφῆς
1625 3874 1951 3947 εὑρίσκηται
1988 3875 2291 3946 λεγόμενον
2342 3875 2405 3930 τὸ
2452 3876 2680 3947 Πνεῦμα
2743 3875 3047 3941 ἁναϐλύξον
3112 3878 3210 3933 καὶ
3251 3881 3521 3952 πηγάζον,
3548 3868 3646 3938 καῑ

372 3968 746 4042 προχεόμενον
779 3966 839 4032 ἐξ
867 3966 1017 4022 Υίοῦ.
1052 3968 1163 4021 Καὶ
1192 3970 1241 4021 oi
1275 3968 1375 4036 μὲν
1404 3970 1598 4025 ταῦτα.

451 4063 526 4134 β’·
571 4062 765 4133 Ἡμεῖς
797 4059 854 4113 δὲ
890 4060 981 4114 τὸν
1010 4059 1257 4130 ἐλτειχον,
1306 4058 1367 4112 ὃν
1411 4058 1833 4133 πραεξηγεῑσθαι
1862 4060 1961 4130 οὐχ
2020 4076 2028 4083 -

374 4152 829 4218 ὑποστέλλονται,
878 4150 979 4204 οὐκ
1025 4149 1272 4214 ἄλλοθεν,
1321 4149 1437 4204 ἀλλ’
1463 4149 1523 4215 ἐξ
1555 4148 1721 4203 αὐτοῦ
1748 4147 1843 4203 τοῦ
1875 4148 1962 4201 λό-

373 4262 503 4315 γου,
561 4241 734 4316 οὗπερ
783 4244 876 4297 καὶ
922 4245 956 4312 ἠ
1006 4242 1234 4314 ρηθεῖσα
1288 4243 1570 4314 περικοπή
1599 4243 1766 4314 μέρος
1818 4240 1960 4306 ἐστὶ,

375 4332 751 4405 ποιησάμεθα.
787 4332 851 4387 Ei
887 4332 997 4401 γὰρ
1031 4333 1285 4404 εὑρεθείη
1317 4336 1346 4386 ὁ
1381 4333 1560 4401 ἅγιος,
1596 4334 1764 4403 πρινὴ
1822 4331 1960 4402 πρὸς

374 4428 508 4489 τοὺς
539 4426 734 4495 λόγους
766 4425 1062 4492 εἰσϐαλεῖν,
1086 4425 1185 4497 τῆς
1211 4443 1230 4477 t
1252 4426 1351 4478 Ἐκ
1373 4425 1468 4478 τοῦ
1505 4425 1638 4495 ἐμοῦ
1669 4422 1953 4494 λήψεται,›

2137 4059 2193 4115 2.
2235 4058 2347 4116 Nos
2375 4075 2509 4116 vero
2536 4060 2927 4116 refutationem
2963 4078 3175 4127 eorum,
3209 4078 3331 4135 qua:
3358 4066 3459 4136 ipsi
3484 4082 3649 4139 expo-

2064 4166 2196 4207 nere
2238 4166 2349 4205 non
2394 4151 2788 4218 reformidant,
2823 4168 2931 4208 non
2964 4155 3184 4211 aliunde
3205 4195 3221 4220 ,
3252 4174 3415 4227 quam
3448 4175 3512 4214 ex
3546 4162 3649 4218 hac

2064 4243 2180 4313 ipsa
2217 4244 2466 4299 oratione
2491 4286 2506 4311 ,
2544 4246 2702 4315 cujus
2744 4255 2799 4301 et
2826 4247 3117 4301 adductum
3151 4260 3492 4319 segmentum
3520 4269 3647 4321 pars

2065 4343 2169 4400 est,
2200 4335 2636 4405 suspicabimur.
2664 4335 2877 4391 Etenim
2910 4338 2956 4392 si
2987 4348 3213 4394 sanctus
3243 4341 3497 4397 inventus
3532 4343 3650 4400 fue-

2063 4426 2171 4493 rit,
2215 4438 2511 4498 antequam
2557 4429 2623 4483 ad
2656 4430 2817 4485 verba
2846 4430 2968 4495 illa,
3009 4449 3028 4482 t
3064 4430 3140 4486 De
3174 4448 3299 4488 meo
3331 4434 3581 4504 accipiet,
3623 4457 3640 4489 ι

375 4515 553 4589 ῥητοῦ
589 4517 929 4589 ἐξηγήσεως,
981 4517 1152 4570 πολὺν
1200 4516 1443 4587 ὑφαίνων
1474 4516 1566 4570 τὸν
1622 4516 1780 4584 λόγον
1827 4515 1960 4586 περὶ

2063 4520 2383 4588 exponenda
2424 4520 2736 4591 perveniat,
2773 4523 2985 4592 prolixo
3017 4538 3272 4581 sermone
3305 4527 3372 4585 de
3411 4528 3651 4584 nomini-

372 4610 492 4662 τῶν
540 4610 824 4679 ὀνομάτων
879 4607 977 4662 τοῦ
1007 4608 1357 4679 Πνεῦματος,
1390 4610 1486 4661 καὶ
1515 4608 1744 4680 διαιρῶν
1769 4608 1831 4661 τὸ
1860 4608 1956 4663 τοῦ

378 4698 704 4770 ιινεύματος
748 4698 925 4769 ὄνομα
973 4700 1055 4763 εἰς
1091 4715 1153 4752 τε
1204 4699 1302 4769 τὴν
1355 4698 1591 4770 δήλωσιν
1641 4699 1811 4769 αὐτῆς
1859 4699 1960 4771 τῆς

374 4791 671 4856 αὑθεντίας
721 4794 818 4845 καὶ
864 4792 964 4862 τῆς
1010 4791 1232 4862 φύσεως
1275 4791 1370 4845 τοῦ
1421 4792 1520 4862 τῆς
1551 4791 1784 4861 Τριάδος
1822 4807 1960 4861 συμ-

375 4884 734 4954 πληρωτικοῦ
790 4884 1137 4955 Πνεύματος,
1194 4884 1286 4938 καὶ
1321 4885 1402 4948 είς
1450 4884 1548 4956 τὴν
1580 4883 1818 4956 δήλωσιν
1857 4883 1958 4954 τῆς

373 4979 490 5034 τῶν
535 4978 932 5048 πνευματικῶν
980 4979 1339 5048 χαρισμάτων
1370 4976 1655 5047 διανομῆς,
1692 4976 1787 5030 καὶ⁸
1842 4975 1958 5029 δα-

377 5073 575 5141 σαφῶν
602 5071 869 5143 ἀκριϐῶς,
905 5071 1000 5123 καὶ
1030 5069 1406 5142 διερμηνεύων
1439 5071 1581 5123 πάνυ
1614 5069 1853 5135 λεπτῶς,
1878 5071 1955 5141 πῆ

376 5165 482 5237 μέν
535 5166 686 5218 ἐστιν
726 5163 962 5217 ἀκοῦσαι
1010 5161 1073 5215 τὸ
1120 5159 1215 5214 τοῦ
1271 5159 1588 5231 Πνεύματος
1631 5159 1828 5232 ὄνομα,
1861 5159 1957 5214 καὶ

371 5259 573 5328 νοῆσαι
611 5256 775 5309 αὐτὸν
805 5256 898 5308 τὸν
929 5253 1309 5325 Παράκλητον,
1333 5257 1407 5325 πῆ
1436 5253 1494 5307 δὲ
1527 5254 1762 5307 ἀκοῦσαι
1794 5252 1958 5309 πάλιν

371 5349 555 5419 ὄνομα
580 5346 927 5418 Πνεῦματος,
960 5348 1056 5398 καὶ
1093 5345 1289 5416 νοῆσαι
1328 5345 1485 5416 χάριν
1515 5344 1637 5400 τινὰ
1687 5343 1958 5415 δηλουμέ-

371 5462 477 5515 νην
510 5440 919 5513 πνευματικὴν,
944 5439 1029 5503 τίς
1058 5439 1126 5494 ἂν
1159 5440 1248 5509 εἴη
1275 5438 1487 5502 δίκαιος
1516 5436 1728 5501 ἔκτοτε,
1759 5438 1835 5501 ὡς
1863 5437 1958 5491 τοῦ

373 5535 701 5604 Πνεύματος
768 5529 1117 5601 καταγώγιον
1183 5531 1574 5603 καθαρώτερον
1657 5530 1799 5602 τάχα
1863 5530 1957 5584 τοῦ

374 5626 864 5701 Χρυσορρήμονος,
902 5624 995 5678 καὶ
1029 5622 1107 5689 ὡς
1136 5623 1469 5696 ὑψηλότερος
1499 5622 1669 5679 αὐτοῦ
1704 5622 1955 5693 θεολόγο,

443 5784 675 5854 "Joan,
709 5801 823 5854 xvt,
865 5785 957 5843 15.
1028 5784 1074 5817 ⁸³
1101 5783 1235 5840 ibid.

2059 4609 2163 4667 bus
2188 4609 2427 4682 Spiritus
2452 4623 2816 4683 pertractans,
2840 4610 3159 4672 etdividens
3184 4617 3424 4689 Spiritus
3441 4636 3639 4677 nomen

2059 4710 2172 4758 tum
2207 4705 2274 4759 ad
2304 4706 2721 4775 exprimendum
2754 4708 3099 4765 dominatum
3129 4722 3185 4766 et
3217 4723 3510 4778 naturam,
3552 4695 3644 4785 qui

2058 4793 2342 4852 Trinitatis
2376 4797 2739 4868 completivus
2771 4809 2877 4863 est,
2914 4799 3173 4871 Spiritus,
3211 4810 3326 4856 tum
3362 4804 3429 4858 ad
3460 4805 3646 4874 expri—

2059 4890 2318 4944 mendum
2382 4891 2750 4962 spiritualium
2804 4892 3074 4947 donorum
3144 4895 3544 4964 partitionem,
3595 4904 3649 4950 ct

2066 4990 2321 5036 accurate
2346 4981 2685 5050 explanatis,
2727 4990 2782 5037 et
2815 4997 3079 5053 perquam
3123 4984 3433 5038 minutatim
3476 4986 3650 5039 inter-

2066 5083 2312 5143 pretans,
2347 5074 2643 5144 aliquando
2684 5073 2766 5130 fas
2788 5084 2883 5130 est
2925 5076 3116 5133 audire
3148 5074 3391 5147 Spiritus
3425 5090 3646 5139 nomen,

2066 5173 2121 5219 et
2152 5166 2331 5234 ipsum
2374 5163 2716 5223 Paratletum
2752 5168 3075 5238 concipere,
3119 5169 3411 5240 aliquando
3456 5185 3651 5227 rursus

2065 5256 2258 5311 audire
2292 5255 2531 5326 Spiritus
2563 5273 2784 5323 nomen,
2814 5268 2868 5313 et
2900 5262 3128 5331 gratiam
3152 5262 3390 5331 aliquam
3426 5261 3650 5330 spirita-

2061 5346 2165 5402 lem
2201 5363 2266 5402 eo
2295 5347 2609 5405 denotatam
2646 5350 2952 5421 intelligere
2977 5390 2992 5416 ,
3034 5353 3160 5421 quis
3187 5352 3394 5422 justius
3424 5352 3647 5422 poterit,

2060 5441 2287 5509 perinde
2327 5456 2392 5496 ac
2413 5441 2460 5496 si
2493 5441 2612 5514 ipso
2639 5442 3036 5515 Cbrysostomo
3078 5448 3271 5514 purius
3309 5443 3546 5521 Spiritus
3568 5445 3653 5500 di-

2063 5532 2406 5598 versorium,
2440 5541 2495 5588 et
2544 5549 2611 5590 co
2663 5536 2879 5591 acutior
2922 5536 3306 5606 excelsiorque
3361 5537 3650 5607 theologus

2060 5636 2230 5691 esset,
2276 5624 2570 5681 decernere
2616 5635 2670 5682 et
2715 5626 3104 5694 determinarc,
3146 5627 3395 5696 spiritale
3442 5630 3649 5686 donum
