4054 6420
392 319 498 383 239

1422 318 1637 382 JOAN.
1677 318 1896 381 VECCI
1938 316 2050 379 CP.
2093 311 2599 378 ΡΑΤΒΙΑΠΟΗιΕ

3535 311 3645 376 240
3725 383 3733 389 ,

395 431 597 497 ubique
646 424 969 495 signiﬁcari,
1014 426 1068 480 in
1108 439 1433 495 quacunque
1472 440 1642 482 sacrae
1680 426 1977 496 Scriptura:

2089 422 2431 493 Ξογματίζειν
2466 420 2559 472 καὶ
2585 418 3003 488 ἀποφαίνεσθαι,
3037 420 3095 473 τὸ
3148 424 3520 490 πνευματικὸν
3550 426 3651 493 χὰ-

395 525 548 588 parte
576 516 778 572 dicitur
805 516 1063 586 Spiritus,
1112 532 1256 581 esse,
1285 532 1543 572 emanare
1571 528 1627 572 et
1656 517 1876 573 exsilire
1901 532 1967 571 ex

395 607 575 663 Filio?
617 607 679 661 Et
715 622 783 661 ne
813 607 1018 662 diutius
1050 622 1264 672 eorum,
1294 609 1388 678 qui
1421 608 1619 663 similia
1655 607 1969 663 inconside-

396 708 515 754 rate
562 697 910 770 praeﬁniunt,
960 696 1341 753 refutationem
1400 701 1829 769 protrahamus,
1879 698 1969 752 illa

396 791 587 846 eadem
644 805 674 844 a
716 791 1109 861 Chrysostomo
1151 791 1502 858 pronuntiata
1541 791 1609 845 de
1654 791 1972 846 nominibus

399 882 638 952 Spiritus
680 881 733 935 in
767 882 958 935 eadem
991 895 1156 949 supra
1201 881 1421 935 laudata
1464 882 1735 943 oratione,
1761 896 1827 934 ex
1856 879 1977 947 qui-

397 974 519 1036 bus,
544 973 634 1042 qui
666 973 851 1029 omnia
886 987 982 1040 pro
1014 966 1261 1037 libidine,
1294 984 1347 1026 et
1374 971 1441 1026 ad
1473 972 1619 1042 quod
1656 970 1971 1035 allubescit,

397 1065 756 1135 detorquent,
809 1066 892 1120 sui
945 1065 1214 1119 euuntiati
1270 1079 1461 1119 ansam
1514 1066 1862 1133 arripuerunt
1919 1072 1977 1118 ut

398 1175 517 1216 sese
547 1160 768 1222 habent,
806 1158 1068 1213 verbatim
1111 1160 1199 1212 hic
1226 1159 1560 1229 digerantur.
1598 1156 1688 1212 Sic
1714 1160 1858 1214 enim
1889 1156 1973 1210 lo-

377 1252 582 1320 quitur
607 1269 623 1310 ;
651 1266 672 1302 ι
698 1249 888 1320 Operae
912 1250 1142 1321 pretium
1164 1260 1339 1303 autem
1373 1258 1456 1303 est
1490 1252 1976 1318 utfperseveremus

398 1340 603 1395 diutius
639 1340 695 1394 in
730 1339 903 1393 sancti
930 1338 1307 1409 adorandique
1331 1338 1570 1408 Spiritus
1607 1338 1977 1407 enarratione,

401 1438 457 1484 et
487 1427 835 1484 manifestius
867 1427 1071 1497 aliquid
1102 1429 1166 1482 de
1200 1440 1392 1483 sancta
1422 1427 1767 1496 gloriosaque
1804 1425 1980 1480 facul-
2012 1492 2015 1495 _

404 1531 515 1577 tate
543 1521 813 1587 dicamus,
852 1537 959 1575 non
1001 1536 1095 1591 per
1125 1536 1210 1586 ea,
1250 1536 1371 1590 quae
1400 1520 1727 1591 cogitamus,
1759 1517 1853 1573 sed
1883 1532 1982 1589 per

406 1628 529 1683 qua
552 1612 832 1676 docemur,
865 1612 1129 1682 Spiritum
1163 1620 1411 1667 sanctum
1449 1619 1645 1665 natura
1681 1625 1800 1664 esse
1831 1609 1980 1664 inse-

2074 531 2248 583 ρισμα
2276 513 2569 584 δηλοῦσθαι
2637 510 2975 582 ἁπανταχοῦ,
3011 512 3070 564 ὲν
3118 513 3390 582 οίῳδήτινι
3432 513 3499 566 ἂν
3552 517 3655 580 τῆς

2073 605 2223 669 θείας
2258 605 2484 676 Γραφῆς
2541 603 2697 674 μέρει
2737 604 2955 671 λέγεται
3010 603 3072 656 τὸ
3108 603 3331 674 Πνεῦμα
3380 605 3651 677 ὑπάρχον,

2074 699 2167 751 καὶ
2195 696 2498 761 ἀναϐλύζον
2530 697 2624 748 καὶ
2657 695 2906 766 πηγάζον
2936 696 3001 748 ὲκ
3048 695 3143 749 τοῦ
3178 696 3349 762 Υίοῦ;
3405 687 3513 751 Καὶ
3563 697 3658 749 ἵνα

2079 791 2154 863 μὴ
2183 791 2277 843 ἐπὶ
2305 789 2469 842 πλέον
2508 790 2535 841 ὁ
2568 789 2726 856 λόγος
2757 788 2848 841 τὸν
2885 788 3110 858 ἔλεγχον
3133 789 3516 860 ἁναϐἁλληται
3543 789 3656 841 τῶν

2076 883 2497 952 ἀπερισκέπτως
2554 879 2625 934 τὰ
2677 879 2905 933 τοιαῦτα
2965 879 3452 948 δογματιζόντων,
3511 881 3658 933 αὑτὰ

2076 971 2261 1023 ἐκεῖνα
2308 970 2378 1022 τὰ
2428 971 2699 1039 εἰρημένα
2751 969 2831 1039 τῷ
2888 970 3319 1042 Χρυσορῤήμονι
3358 972 3490 1040 περί
3545 971 3662 1023 τῶν

2077 1061 2356 1129 ὀνομάτων
2390 1058 2483 1112 τοῦ
2548 1059 2874 1128 Πνεῦματος
2906 1061 2964 1112 ὲν
2999 1059 3149 1129 αὐτῷ
3183 1061 3259 1131 τῷ
3295 1062 3661 1132 ἀναγεγραμ-

2082 1154 2229 1224 μένῳ
2277 1152 2422 1219 λόγῳ
2454 1153 2640 1214 αὐτοῦ,
2678 1153 2735 1218 ἐξ
2773 1146 2950 1222 οὗπερ
3005 1153 3106 1213 τὰς
3138 1154 3394 1225 ἀφορμὰς
3424 1154 3580 1223 ἔσχον
3607 1156 3663 1208 (ί

2080 1245 2259 1297 πάντα
2299 1242 2783 1314 διαστρεϐλοῦντες
2812 1242 2948 1315 πρὸς
2978 1244 3038 1296 τὸ
3066 1244 3260 1298 δοκοῦν
3310 1246 3548 1310 ἑαυτοῖς,
3579 1244 3664 1308 ὡς

2081 1335 2297 1406 ἔχουσιν
2354 1336 2449 1390 ἐπὶ
2511 1335 2712 1400 λέξεων
2768 1336 3007 1390 ἐνταῦθα
3076 1338 3666 1407 καταστρωθήσονται.

2079 1426 2219 1497 Φησὶ
2251 1428 2360 1498 γὰρ
2408 1427 2583 1491 οὕτως
2612 1445 2625 1459 ·
2668 1446 2687 1479 ι
2740 1428 3060 1496 ’Λναγκαῖον
3088 1428 3145 1481 δέ
3177 1432 3326 1483 ἐστιν
3378 1430 3669 1498 ἐπιμεῖναι

2080 1521 2147 1590 τῇ
2171 1518 2266 1572 τοῦ
2297 1518 2455 1587 ἁγίου
2489 1520 2585 1572 καὶ
2616 1519 2998 1591 προσκυνητοῦ
3030 1519 3348 1591 Πνεύματος
3376 1520 3669 1590 ἐξηγήσει,
3749 1549 3757 1557 -

2083 1612 2179 1663 καὶ
2227 1610 2565 1681 σαφέστερόν
2596 1628 2649 1663 τι
2682 1610 2813 1682 περὶ
2856 1612 2957 1681 τῆς
3000 1612 3163 1681 ἁγίας
3194 1614 3288 1667 καὶ
3316 1612 3533 1676 ἐνδόξου
3572 1612 3673 1664 δυ-

406 1704 725 1773 parabilem,
762 1712 943 1767 utpote
969 1702 1061 1773 qui
1093 1717 1159 1757 ex
1190 1702 1541 1771 inseparabili
1574 1711 1628 1756 et
1658 1701 1979 1757 indivisibili

2089 1702 2303 1771 νὰμεως
2354 1687 2549 1767 εἰπεῖν,
2583 1702 2684 1755 οὐκ
2733 1702 2795 1765 ἐξ
2853 1696 2928 1757 ὧν
2961 1702 3312 1773 λογιζόμεθα,
3345 1703 3462 1756 ἀλλ’
3491 1703 3550 1769 ἐξ
3586 1698 3672 1755 ὧν

408 1805 602 1851 natura
631 1809 952 1864 progressus
997 1804 1100 1856 est,
1130 1809 1324 1847 nomen
1365 1802 1546 1848 autem
1585 1793 1707 1863 ejus
1745 1793 1982 1862 Spiritus

2089 1767 2474 1864 διδασκόμεθα.
2532 1795 2606 1848 Τὸ
2660 1797 2887 1866 Πνεῦμα
2915 1796 2974 1849 τὸ
3006 1767 3164 1863 ἀγιον
3215 1797 3314 1868 τὴν
3365 1796 3464 1867 μὲν
3499 1767 3670 1865 φύσιν

402 1896 646 1950 sanctus,
691 1885 930 1956 Spiritus
969 1886 1235 1954 veritatis,
1288 1885 1523 1955 Spiritus
1570 1885 1694 1951 Dei,
1744 1884 1983 1955 Spiritus

406 1978 655 2043 Domini,
705 1975 943 2048 Spiritus
994 1978 1206 2045 Patris,
1252 1976 1489 2048 Spiritus
1537 1977 1697 2040 Filii,
1746 1976 1984 2046 Spiritus

402 2070 628 2127 Christi.
668 2089 687 2122 ι
724 2071 791 2125 Ει
823 2078 949 2140 post
986 2084 1295 2141 perpauca:
1336 2089 1354 2123 ι
1390 2070 1579 2141 Itaque
1622 2070 1823 2125 dicitur
1856 2070 1983 2140 Spi-

400 2163 541 2220 ritus
570 2173 815 2219 sanctus.
844 2162 950 2218 Ista
975 2164 1121 2218 enim
1150 2173 1233 2218 est
1260 2164 1434 2234 prima
1467 2173 1524 2219 et
1549 2164 1768 2234 propria
1798 2163 1984 2232 appel-

405 2257 576 2319 latio,
626 2263 683 2311 et
740 2264 800 2311 ut
853 2256 1246 2312 evidentiorem
1299 2257 1506 2313 habens
1569 2258 1983 2328 intelligentiam

405 2348 644 2416 Spiritus
688 2350 859 2403 sancti
916 2359 1165 2402 naturam
1219 2350 1581 2405 demonstrat.
1632 2368 1652 2403 ι
1684 2349 1751 2404 Ει
1795 2349 1983 2421 paucis

405 2441 749 2507 interiectis:
790 2460 808 2492 ι
854 2441 911 2497 Si
950 2441 1074 2510 quis
1115 2450 1294 2497 autem
1344 2440 1608 2512 Spiritum
1641 2442 1843 2498 Christi
1873 2458 1983 2497 non

407 2534 590 2598 habet,
617 2545 671 2589 et
699 2549 831 2589 sane
863 2535 1149 2603 oportebat
1177 2535 1381 2602 dicere,
1415 2536 1460 2589 si
1492 2536 1617 2605 quis
1644 2544 1824 2591 autem
1858 2535 1982 2605 Spi-

407 2626 572 2680 ritum
602 2625 692 2681 Dei
737 2641 842 2680 non
887 2627 1069 2690 habet,
1111 2628 1204 2681 sed
1248 2626 1407 2694 dixit,
1446 2626 1711 2697 Spiritum
1754 2628 1980 2683 Christi.

406 2716 607 2771 Verum
650 2718 753 2772 hoc
780 2717 938 2783 dixit,
970 2727 1027 2772 ut
1068 2719 1412 2784 ostenderet,
1457 2717 1598 2773 idem
1645 2733 1765 2774 esse
1807 2719 1987 2774 dicere

402 2809 672 2879 Spiritum
732 2810 858 2875 Dei,
905 2819 962 2863 et
1007 2810 1269 2880 Spiritum
1317 2810 1545 2864 Christi.
1590 2808 1715 2864 Haec
1763 2810 1985 2864 nomina

408 2912 607 2957 sanctae
636 2909 690 2955 et
732 2901 1097 2956 immaculata:
1124 2902 1347 2957 virtutis
1392 2902 1570 2955 sancti
1599 2912 1723 2955 sunt
1757 2911 1811 2956 et
1854 2903 1987 2957 ado-

408 2992 563 3046 randi
590 2988 841 3060 Spiritus.
868 2989 1008 3044 Sunt
1040 3005 1169 3045 vero
1198 2999 1252 3045 et
1283 2991 1390 3046 alia
1422 2990 1650 3045 nomina
1681 3005 1790 3044 non
1823 2999 1984 3044 natu-

2086 1888 2236 1939 ἐστὶν
2287 1887 2619 1957 ἀδιαίρετον,
2678 1886 2774 1942 ἁτε
2821 1888 2887 1956 δὴ
2941 1890 3006 1941 ἐκ
3062 1892 3160 1959 τῆς
3204 1888 3514 1959 ἀδιαιρέτου
3565 1888 3669 1942 καὶ

2084 1977 2386 2048 ἀμερίστου
2414 1978 2629 2048 φύσεως
2656 1980 2943 2048 προελθὸν,
2966 1980 3136 2049 ὄνομα
3164 1980 3219 2032 δὲ
3247 1981 3411 2034 αὐτοῦ
3437 1979 3670 2049 Πνεῦμα

2085 2071 2263 2138 ἅγιον,
2296 2071 2522 2138 Πνεῦμα
2551 2072 2830 2142 ἀληθείας,
2864 2071 3089 2143 Πνεῦμα
3116 2075 3208 2125 τοῦ
3243 2073 3402 2139 θεοῦ,
3439 2074 3673 2143 Πνεῦμα

2084 2164 2318 2232 Κυρίου,
2374 2163 2598 2233 Πνεῦμα
2646 2163 2743 2217 τοῦ
2800 2165 3034 2235 Πατρὸς,
3077 2164 3304 2235 Πνεῦμα
3355 2165 3451 2218 τοῦ
3508 2164 3668 2230 Υἱοῦ,

2086 2253 2311 2324 Πνεῦμα
2342 2253 2602 2326 Χριστοῦ.
2647 2273 2665 2306 ι
2704 2257 2816 2309 Καὶ
2852 2256 2971 2324 μετ’
3000 2257 3156 2327 ὀλίγα
3185 2273 3200 2290 ο
3237 2276 3257 2309 ι
3293 2258 3528 2327 Λέγεται
3553 2257 3672 2310 τοί-

2085 2361 2181 2397 νυν
2233 2342 2461 2413 Πνεῦμα
2494 2343 2669 2412 ἁγιον.
2718 2346 2868 2417 Αὕτη
2905 2347 3014 2419 γάρ
3065 2350 3216 2402 ἐστιν
3266 2348 3300 2420 ἡ
3359 2350 3529 2417 κυρία
3572 2348 3672 2401 καὶ

2088 2433 2279 2507 πρώτη
2312 2435 2675 2513 προσηγορία,
2714 2437 2747 2507 ἡ
2781 2438 3271 2510 ὲμςραντικωτέραν
3322 2438 3524 2510 ἔχουσα
3567 2439 3669 2509 τὴν

2084 2527 2348 2592 διάνοιαν,
2380 2525 2476 2580 καὶ
2509 2529 2833 2597 παριστῶσα
2862 2530 2953 2582 τοῦ
2989 2531 3148 2597 ἁγίου
3202 2532 3522 2602 Πνεύματος
3567 2533 3669 2602 τὴν

2088 2621 2269 2691 φύσιν.
2315 2637 2335 2670 ι
2370 2621 2482 2673 Καὶ
2515 2622 2634 2691 μετ’
2661 2621 2846 2689 ό).ίγα’
2885 2640 2905 2673 ι
2944 2622 3007 2675 Εἰ
3039 2624 3098 2676 δέ
3138 2641 3222 2686 τις
3271 2624 3497 2695 Πνεῦμα
3527 2626 3668 2697 Χρι-

2090 2713 2217 2766 στοῦ
2276 2713 2377 2767 οὐκ
2426 2714 2565 2783 ἔχει,
2622 2714 2717 2767 καὶ
2772 2714 2881 2784 μὴν
2930 2715 3103 2785 ἐχρῆν
3151 2717 3351 2780 εἰπεῖν,
3407 2720 3456 2770 εί
3491 2717 3548 2769 δέ
3582 2733 3670 2777 τις

2088 2804 2312 2878 Πνεῦμα
2354 2805 2491 2859 Θεοῦ
2540 2807 2639 2859 οὐκ
2690 2806 2825 2877 ἔχει,
2860 2808 2978 2861 ἀλλ’
3016 2806 3160 2871 εἷπε,
3189 2808 3455 2877 Χριστοῦ.
3505 2809 3671 2863 Ἀλλὰ

2087 2897 2247 2950 τοῦτο
2278 2895 2455 2963 εἶπεν,
2483 2898 2570 2951 ἵνα
2601 2898 2752 2969 δείξῃ
2784 2900 2865 2952 ὅτι
2900 2898 3014 2952 ἴσον
3046 2901 3196 2953 ἐστὶν
3226 2903 3403 2956 εἰπεῖν
3437 2900 3667 2973 Πνεῦμα

2088 2987 2225 3041 Θεοῦ
2265 2990 2359 3041 καὶ
2392 2987 2616 3059 Πνεῦμα
2654 2989 2914 3060 Χριστοῦ.
2952 2990 3141 3044 Ταῦτα
3172 2994 3240 3045 τὰ
3268 2993 3509 3062 ὀνόματα
3565 2992 3671 3062 τῆς

392 3095 483 3136 -rte
516 3081 915 3145 contenientia,
947 3081 1042 3135 sed
1073 3082 1394 3150 operationi.
1432 3080 1743 3137 Prol'undus
1780 3096 1982 3148 sermo,

2090 3080 2254 3149 ἁγίας
2302 3082 2396 3133 καὶ
2448 3081 2722 3151 ἀχρὰντου
2770 3081 3057 3148 δυνάμεως
3093 3082 3187 3136 τοῦ
3218 3084 3379 3151 ἁγίου
3422 3084 3541 3138 ἐστὶ
3574 3086 3671 3138 καὶ

408 3183 463 3225 et
483 3186 622 3239 Opus
652 3171 813 3224 habet
840 3172 1067 3226 auribus
1092 3172 1333 3236 attentis,
1361 3172 1586 3226 munitis
1629 3181 1683 3226 et
1710 3172 1980 3227 ﬁdelibus.

413 3259 621 3313 Dicitur
650 3262 850 3314 ctenim
887 3260 1124 3330 Spiritus
1168 3259 1404 3329 Spiritus
1448 3263 1594 3326 Viue,
1638 3276 1761 3315 eum
1794 3263 1987 3316 Salva-

388 3363 497 3406 ..tor
538 3352 719 3417 dicat,
758 3371 777 3403 ι
810 3351 923 3422 Ego
965 3366 1086 3405 sum
1134 3352 1333 3408 veritas
1379 3362 1434 3407 et
1475 3354 1582 3425 vita
1612 3351 1674 3406 “.
1726 3371 1746 3405 ι
1783 3351 1988 3407 Dicitur

413 3442 651 3513 Spiritus
680 3455 827 3509 Vitae,
862 3453 921 3497 ut
949 3442 1148 3498 Paulus
1176 3444 1333 3510 dicit,
1376 3462 1395 3497 ι
1433 3444 1544 3501 Lex
1574 3445 1717 3500 enim
1751 3447 1987 3517 Spiritus

387 3537 536 3597 ,ritae
555 3535 622 3590 ³³.
656 3553 676 3587 ι
711 3534 835 3591 Haec
857 3537 1078 3592 nomina
1108 3536 1352 3607 ejusdem
1382 3549 1513 3594 sunt
1542 3538 1906 3605 auctoritatis,
1935 3547 1989 3593 et

411 3628 657 3696 ejusdem
695 3638 923 3684 natura.
968 3630 1107 3684 Sunt
1150 3639 1204 3685 et
1250 3632 1355 3685 alia
1406 3631 1665 3698 nomina,
1707 3646 1829 3701 qua
1879 3646 1989 3686 non

412 3720 765 3775 ascribuntur
806 3723 1033 3791 Spiritui
1075 3730 1298 3789 sancto,
1342 3722 1438 3778 sed
1483 3725 1674 3778 virtuti
1720 3724 1890 3789 illius,
1938 3733 1991 3778 et

414 3812 745 3880 operationi,
777 3822 834 3868 ut
862 3823 991 3868 sunt
1022 3814 1166 3868 dona
1190 3814 1331 3884 ejus.
1373 3814 1505 3869 Dico
1539 3816 1724 3884 itaque
1752 3825 1806 3870 et
1835 3817 1992 3871 insu-

415 3918 508 3971 per
536 3904 751 3959 declaro
784 3906 1134 3971 sententiam,
1167 3914 1356 3976 postea
1391 3907 1767 3962 testimonium
1801 3908 1993 3962 subin-

414 3997 703 4051 dncturus.
750 3995 979 4062 Quando
1022 3999 1118 4053 dat
1178 3998 1416 4066 Spiritus
1465 4012 1686 4054 sanctus
1735 4000 1991 4070 precibus

415 4099 727 4143 sanctorqu
759 4090 842 4142 vel
871 4089 1038 4155 mihi,
1086 4089 1171 4143 vel
1202 4090 1356 4143 alteri
1391 4089 1825 4146 Christianorum
1861 4103 1992 4142 san-

412 4177 823 4242 etiﬁeationem,
843 4180 1055 4247 accipio
1072 4177 1277 4232 donum
1298 4180 1371 4232 ita
1393 4191 1451 4233 ut
1469 4188 1719 4235 sanctum
1741 4177 1989 4244 habeam,

416 4277 472 4321 et
494 4281 698 4337 corpus
726 4276 782 4322 et
812 4271 1072 4321 animam.
1101 4268 1313 4322 Donum
1344 4271 1478 4322 mihi
1508 4270 1812 4323 exbibitum
1834 4282 1992 4322 voea-

417 4368 507 4414 'ur
539 4357 773 4428 Spiritus
805 4358 1113 4414 sanctitatis
1142 4376 1156 4412 :
1196 4359 1299 4414 hoc
1348 4370 1430 4414 est
1478 4374 1700 4413 munus.
1742 4358 1798 4414 Si
1831 4358 1993 4414 dede-

2089 3167 2472 3238 προσκυνητοῦ
2536 3169 2876 3240 Πνεύματος.
2923 3173 3082 3224 Ἔστι
3123 3172 3180 3224 δὲ
3235 3172 3374 3227 ἄλλα
3420 3172 3669 3243 ὀνόματα

2087 3262 2150 3314 ού
2182 3264 2248 3332 τῇ
2285 3261 2445 3328 φύσει
2476 3262 2849 3330 προσήκοντα,
2885 3262 3019 3314 ἀλλα
3071 3266 3136 3334 τῇ
3174 3264 3447 3336 ἐνεργείᾳ.
3489 3264 3670 3327 Βαθὺς

2089 3353 2118 3405 ό
2142 3352 2322 3420 λόγος,
2352 3353 2448 3404 καὶ
2495 3352 2687 3422 χρῄζει
2714 3354 2883 3422 ἀκοῆς
2913 3353 3215 3423 προσεχοῦς
3272 3357 3367 3408 καὶ
3395 3355 3671 3425 ἀσφαλοῦς

2090 3444 2188 3499 καὶ
2241 3445 2459 3514 πιστῆς.
2495 3445 2730 3512 Λέγεται
2783 3445 2840 3498 δὲ
2900 3447 3059 3498 πάλιν
3112 3447 3174 3499 τὸ
3226 3446 3451 3516 Πνεῦμα
3517 3448 3664 3519 ζωῆς

2091 3534 2334 3607 Πνεῦμα,
2366 3535 2554 3607 ἐπειδὴ
2583 3539 2610 3589 ό
2638 3536 2829 3608 Σωτὴρ
2862 3535 3032 3604 λέγει,
3079 3555 3097 3589 ι
3141 3538 3285 3606 Ἐγώ
3319 3540 3497 3611 είμιη
3536 3539 3673 3612 ἀλή-

2091 3628 2215 3681 θεια
2243 3630 2338 3680 καὶ
2365 3628 2397 3699 ή
2422 3628 2558 3701 ζωή.
2593 3646 2613 3678 ι
2646 3629 2879 3696 Λέγεται
2910 3626 3004 3684 οῦν
3033 3631 3261 3699 Πνεῦμα
3289 3631 3458 3700 ζωῆς,
3487 3632 3670 3696 καθὼς

2091 3723 2185 3774 καὶ
2225 3722 2253 3773 ό
2286 3721 2497 3783 Παῦλος
2535 3720 2706 3788 λέγει·
2745 3739 2764 3772 ι
2812 3722 2870 3774 '0
2897 3724 3006 3791 γὰρ
3037 3725 3199 3793 νόμος
3228 3723 3321 3776 τοῦ
3350 3724 3672 3793 Πνεύματος

2090 3814 2190 3882 τῆς
2242 3812 2411 3882 ζωῆς.
2454 3831 2472 3863 ι
2515 3813 2704 3866 Ταῦτα
2743 3813 2812 3867 τὰ
2860 3814 3101 3883 ὀνόματα
3134 3816 3304 3884 αὐτῆς
3335 3815 3435 3886 τῆς
3469 3815 3669 3869 αὺθενυ

2090 3907 2233 3971 τίας,
2268 3907 2436 3975 αὐτῆς
2469 3907 2568 3977 τῆς
2609 3891 2847 3974 φύσεως.
2885 3908 3041 3959 Ἐστι
3072 3908 3128 3960 δὲ
3156 3907 3291 3960 ἄλλα
3339 3907 3604 3978 ὀνόματα,
3637 3907 3673 3961 ἃ

2091 3997 2153 4049 οὐ
2201 3997 2621 4065 προσγράφεται
2668 3997 2746 4068 τῷ
2778 3999 2920 4069 ἁγίῳ
2954 3998 3252 4069 Πνεύματι,
3284 3999 3425 4054 ἀλλὰ
3462 4002 3531 4070 τῇ
3580 4000 3672 4053 δυο

2093 4084 2254 4155 νάμει
2294 4092 2388 4140 καὶ
2416 4090 2480 4157 τῇ
2513 4090 2770 4160 ἐνεργείᾳ
2803 4090 2991 4155 αὐτοῦ,
3023 4088 3135 4144 οἷον
3165 4093 3221 4143 at
3249 4091 3451 4163 δωρεαὶ
3478 4091 3668 4148 αὑτοῦ.

2092 4180 2251 4244 Λέγω
2297 4182 2351 4233 δὲ
2395 4182 2492 4235 καὶ
2544 4183 3065 4255 προσδιασαφηνίζω
3119 4187 3219 4256 τὴν
3246 4185 3523 4257 ,ἐννοιαν,
3578 4185 3675 4239 καὶ

2095 4273 2288 4342 ἐπάγω
2357 4274 2457 4344 τὴν
2526 4276 2858 4348 μαρτυρίαν.
2934 4278 3187 4330 Ἐπειδὰν
3250 4279 3547 4350 χαρίσηται
3612 4280 3676 4333 τὸ

2097 4364 2320 4434 Πνεῦμα
2358 4367 2419 4419 τὸ
2452 4364 2607 4435 ἅγιον
2642 4368 2830 4438 εὐχαῖς
2858 4367 2967 4419 τῶν
3000 4368 3167 4436 ἁγίων
3194 4368 3227 4439 ἢ
3260 4370 3385 4439 ἐμοὶ
3431 4370 3464 4440 ἢ
3501 4373 3677 4443 ἑτέρῳ

422 4455 491 4507 rit
532 4453 769 4523 Spiritus
812 4462 1035 4507 sanctus
1087 4452 1323 4521 cuipiam
1360 4453 1563 4507 donum
1598 4466 1706 4506 non
1772 4452 1987 4505 babenti

2099 4457 2410 4528 Χριστιανῷ
2457 4460 2753 4529 ἁγιασμόν,
2792 4460 2885 4512 καὶ
2931 4460 3079 4513 λάϐω
3112 4460 3306 4532 δῶρον,
3340 4459 3479 4514 ὥστε
3518 4461 3676 4527 ἅγιον

421 4544 764 4614 sapientiam,
804 4557 914 4597 non
951 4543 1171 4597 habenti
1223 4544 1660 4614 intelligentiam,
1694 4542 1786 4597 sed
1805 4542 1897 4597 det
1920 4542 1998 4596 illi

420 4638 593 4689 solam
626 4635 808 4697 ﬁdem,
839 4634 1028 4702 quales
1054 4644 1181 4689 sunt
1208 4634 1364 4690 multi
1396 4634 1655 4689 habentes
1677 4634 1903 4700 donum,
1938 4643 1996 4688 ut

421 4726 644 4782 credant
661 4726 840 4780 solum
874 4726 1196 4795 Scripturis,
1220 4726 1535 4796 ignorantes
1567 4726 1901 4794 Scripturas,
1945 4736 1999 4780 et

428 4819 724 4889 Scripturis
764 4802 1070 4882 credentes,
1109 4818 1240 4874 illud
1273 4820 1478 4874 donum
1509 4806 1754 4882 vocatur,
1785 4827 1839 4873 et
1880 4818 2001 4888 Spi-

426 4913 563 4966 ritus
591 4910 736 4964 lidei.
769 4910 827 4964 Si
867 4911 991 4981 quis
1011 4912 1245 4980 accipiat
1299 4915 1527 4973 donum,
1572 4920 1625 4964 et
1655 4911 1909 4965 virtutem
1963 4927 1995 4966 a

428 5003 628 5071 Spiritu
675 5012 886 5067 sancto,
929 5015 987 5057 ut
1044 5004 1231 5058 credat
1285 5003 1636 5071 prowissioni
1703 4992 1999 5069 bonorum,

430 5111 543 5162 ,ιυω
572 5094 773 5149 dantur
800 5095 855 5148 in
888 5093 1074 5149 futuro
1098 5093 1318 5155 saeculo,
1350 5094 1439 5147 ille
1467 5092 1728 5163 Spiritum
1756 5099 1997 5164 promis-

428 5186 597 5238 sionis
655 5174 884 5255 accepit.
931 5184 990 5239 Si
1020 5186 1146 5255 quis
1189 5185 1389 5255 accipit
1432 5186 1715 5255 sapientia:
1763 5187 1995 5251 donum,

418 5288 627 5330 nonum
660 5279 788 5332 illud
835 5287 1057 5333 vocatur
1088 5277 1323 5345 Spiritus
1355 5279 1654 5348 sapientiae,
1713 5290 1768 5334 et
1818 5282 2002 5334 omnia

429 5373 565 5422 Jona
607 5368 844 5438 Spiritus
874 5372 1050 5423 sancti
1089 5378 1475 5437 nuncupantur
1530 5370 1789 5440 Spiritus.
1827 5372 1892 5425 Et
1923 5381 2004 5426 at-

429 5463 589 5514 tende
621 5462 930 5530 diligenter,
968 5459 1093 5528 quia
1148 5460 1263 5515 ha'c
1310 5465 1477 5515 modo
1534 5464 1628 5516 tibi
1664 5463 2004 5532 speculativo

431 5553 787 5607 declaramus.
840 5552 1073 5617 Quando
1116 5552 1238 5622 quis
1274 5552 1438 5609 habet
1455 5555 1660 5611 donum
1694 5555 2001 5624 charitatis,

498 5706 543 5739 ³³
562 5706 721 5761 Joan.
759 5721 867 5773 xiv,
906 5705 962 5762 6.
1039 5707 1083 5739 ³⁸
1107 5705 1269 5763 Rom.
1301 5723 1421 5776 vni,
1456 5709 1511 5761 2.

2094 4550 2240 4621 ἔχειν
2278 4550 2338 4603 τὸ
2371 4552 2532 4619 σῶμα
2565 4552 2657 4604 καὶ
2702 4554 2800 4621 τὴν
2846 4550 3046 4625 ψυχὴν,
3097 4555 3131 4625 ή
3179 4554 3360 4624 δωρεά
3391 4555 3425 4624 ἡ
3458 4555 3677 4609 δοθείσὰ

2100 4661 2191 4714 μοι
2226 4645 2473 4697 καλεῖται
2505 4642 2732 4715 Πνεῦμα
2762 4644 3096 4714 ἁγιωσύνης,
3129 4647 3376 4699 τουτέστι
3398 4647 3670 4717 χάρισμα.

2109 4736 2234 4787 Ἐὰν
2260 4735 2351 4817 8Q
2369 4737 2430 4788 τὸ
2459 4736 2683 4805 Πνεῦμα
2708 4737 2769 4789 τὸ
2815 4738 2970 4805 ἁγιον
3010 4738 3222 4806 δωρεάν
3248 4754 3356 4792 τινι
3387 4740 3461 4809 μὴ
3496 4738 3676 4815 ἔχοντι

2102 4827 2316 4897 σοφίαν,
2362 4827 2440 4901 μὴ
2467 4826 2644 4898 ἔχοντι
2670 4827 2892 4896 γνῶσιν,
2924 4829 3061 4882 ἀλλὰ
3092 4829 3165 4899 δῷ
3197 4829 3344 4899 αὐτῷ
3376 4830 3546 4899 μόνην
3590 4829 3680 4882 πίο

2105 4935 2243 4981 στιν,
2270 4913 2372 4972 οἷοί
2401 4920 2509 4972 εἰσι
2535 4920 2721 4973 πολλοὶ
2753 4922 3000 4992 χάρισμα
3029 4923 3245 4992 ἔχοντες
3271 4921 3365 4974 τοῦ
3398 4921 3678 4975 πιστεύειν

2105 5010 2267 5080 μόνον
2304 5010 2571 5080 Γραφαῖς,
2625 5013 2726 5063 οῦκ
2755 5012 2955 5075 εἰδότες
2984 5012 3085 5076 τὰς
3120 5013 3367 5084 Γραφὰς,
3405 5013 3500 5065 καὶ
3558 5016 3679 5076 ταῖς

2104 5102 2223 5154 ἐκεῖ
2281 5102 2528 5172 Γραφαίς
2593 5103 2982 5168 πιστεύοντες,
3052 5106 3297 5159 καλεῖται
3357 5106 3534 5174 δωρεὰ
3584 5108 3680 5158 καὶ

2106 5194 2332 5263 Πνεῦμα
2379 5196 2637 5258 πίστεως.
2688 5196 2815 5250 Ἐάν
2846 5213 2929 5259 τις
2966 5197 3105 5269 λάϐῃ
3148 5198 3361 5268 δωρεὰν
3394 5198 3489 5249 καὶ
3517 5196 3682 5249 δύνα·

2103 5301 2197 5353 μιν
2234 5286 2384 5355 παρὰ
2410 5286 2503 5339 τοῦ
2537 5288 2693 5356 ἁγίου
2728 5288 3040 5357 Πνεύματος
3077 5291 3358 5342 πιστεύειν
3398 5291 3462 5356 τῇ
3510 5290 3681 5355 ἑπαγ-

2099 5378 2257 5449 γελίᾳ
2283 5379 2392 5433 τῶν
2423 5380 2714 5449 διδομένων
2741 5382 2963 5448 ἀγαθῶν
2999 5386 3059 5435 έν
3098 5382 3178 5452 τῷ
3212 5366 3480 5451 μέλλοντι,
3516 5381 3680 5433 ἔλαϐε

2105 5469 2327 5539 Πνεῦμα
2359 5473 2710 5538 ἐπαγγελίας.
2767 5473 2892 5525 Ἐάν
2925 5489 3010 5541 τις
3057 5473 3196 5543 λάϐῃ
3245 5474 3440 5541 σοφίας
3483 5472 3684 5541 δῶρον,

2103 5560 2348 5615 καλεῖται
2400 5566 2432 5631 ἡ
2482 5564 2664 5633 δωρεὰ
2721 5562 2945 5633 Πνεῦμα
2994 5565 3185 5632 σοφίας
3214 5584 3229 5601 ·
3261 5568 3355 5619 καὶ
3385 5565 3564 5618 πάντα
3616 5564 3687 5618 τὰ
