4054 6428
406 457 508 521 ΞΗ

1445 471 1541 531 DE
1581 470 2098 535 PROCESSIONE
2140 474 2199 534 S.
2242 472 2632 537 SPIRI'I‘US.

3580 458 3693 536 21?

403 578 728 648 χαρίσματα
775 579 870 631 τοῦ
920 579 1240 650 Πνεύματος
1291 584 1540 637 καλεῖται
1581 583 1830 656 Πνεῦμα.
1884 586 1994 663 Καὶ

2103 585 2301 641 dicitur
2335 588 2534 641 habere
2563 582 2826 655 Spiritum
2854 584 3160 640 eliaritatis.
3191 582 3420 651 Quando
3454 585 3581 655 quis
3600 600 3690 638 ac-

407 668 644 740 πρόσεχε
691 670 868 724 τύπον
913 671 1414 743 διασαφηνιξόντων
1470 675 1628 744 ἡμῶν
1679 677 1742 730 ἐκ
1788 677 1988 749 μέρους

406 761 511 824 τὰς
539 759 800 829 θεωρίας.
832 763 1003 817 Ὅταν
1033 781 1118 828 τις
1150 764 1247 837 ἔχῃ
1280 766 1528 838 χάρισμα
1558 768 1802 839 ἀγάπης,
1833 767 1986 838 λέγε-

404 869 500 906 ται
526 851 609 906 ὅτι
644 852 875 923 Πνεῦμα
902 854 1125 925 ἀγάπης
1170 856 1306 928 ἔχει.
1339 857 1509 911 Ὅταν
1539 858 1685 932 λάϐῃ
1718 878 1802 924 τις
1833 862 1992 931 χάρι-

410 959 531 1015 σμα
579 945 907 1016 μαρτυρίου,
955 946 1178 1014 λέγεται
1232 948 1462 1019 Πνεῦμα
1492 950 1776 1022 δυνάμεως
1822 951 1989 1023 ἔχειν,

403 1034 664 1090 τουτέστι
692 1034 957 1105 χάρισμα·
990 1037 1294 1109 ἐπειδήπερ
1315 1038 1376 1092 τὸ
1399 1039 1742 1111 δωρούμενον
1764 1040 1994 1111 Πνεῦμα

406 1128 570 1195 ἂγιον
616 1125 885 1195 καλεῖται,
915 1128 1012 1181 καὶ
1045 1129 1104 1181 τὸ
1151 1128 1325 1199 δῶρον
1358 1130 1666 1203 ὁμωνύμως
1702 1134 1780 1204 τῷ
1830 1132 1992 1206 χαρί-

404 1217 586 1282 ζοντι.
622 1235 643 1269 ι
675 1218 786 1272 Καὶ
839 1218 962 1287 μετ’
987 1219 1146 1288 ὀλίγα
1175 1237 1189 1252 ⁸
1230 1239 1249 1273 ι
1292 1220 1449 1277 Οὕτω
1498 1224 1593 1277 καὶ
1632 1227 1659 1279 6
1720 1225 1991 1294 μακάριος

420 1310 665 1381 Ἰσαῒαςξ
700 1329 719 1362 ι
762 1310 1159 1377 Ἐξελεύσεται,
1195 1314 1351 1385 φησὶ,
1382 1316 1578 1386 ῥάϐδος
1609 1317 1672 1371 ὲκ
1699 1318 1804 1388 τῆς
1836 1317 1995 1390 ῥίζης

419 1400 645 1467 Ἰεσσαὶ,
690 1400 788 1455 καὶ
817 1401 976 1466 ἄνθος
1002 1403 1062 1469 ἐξ
1093 1405 1266 1476 αὐτῆς
1299 1404 1637 1475 ἀναϐήσεται
1668 1409 1763 1463 καὶ
1794 1410 1995 1463 ἐπανα-

409 1491 685 1545 παύσεται
738 1493 1018 1547 ὲπάῦτὺν
1054 1495 1281 1566 Πνεῦμα
1338 1497 1434 1550 τοῦ
1491 1496 1650 1552 Θεοῦ.
1694 1517 1713 1552 ι
1753 1493 1883 1553 Ἷιδε
1935 1499 1997 1552 τδ

407 1584 586 1653 δνομα
620 1583 720 1652 τῆς
750 1584 967 1652 φύσεως
998 1587 1163 1640 αὐτοῦ
1197 1588 1292 1641 τοῦ
1326 1588 1645 1659 Πνεύματος
1672 1606 1688 1620 ⁸
1720 1591 1910 1645 λοιπὸν
1937 1590 1997 1645 δὲ

409 1677 482 1729 τὰ
503 1675 821 1745 χαρίσματα
849 1692 863 1708 ⁶
890 1679 1109 1748 πνεῦμα
1135 1681 1325 1748 σοφίας
1344 1683 1439 1735 καὶ
1468 1681 1999 1753 συνέσεως,πνεῦμα

417 1762 609 1835 βουλῆς
639 1765 733 1819 καὶ
766 1765 967 1836 ἰσχύος,
1002 1770 1223 1839 πνεῦμα
1271 1772 1548 1839 γνώσεως,
1581 1773 1800 1844 πνεῦμα
1841 1776 1997 1828 εύσεο

424 1854 603 1918 ϐείας,
660 1857 883 1927 πνεῦμα
949 1859 1118 1927 φόϐου
1174 1862 1334 1917 θεοῦ.
1404 1883 1422 1915 ι
1469 1865 1582 1918 Καὶ
1648 1867 1766 1936 μετ’
1799 1866 1993 1929 ὀλίγαο

426 1964 445 1997 ι
488 1945 718 2000 Ἔλαϐεν
746 1949 774 2000 6
801 1948 1070 2004 διδάσκων
1100 1952 1321 2024 πνεῦμα
1357 1955 1572 2025 σοφίας,
1614 1958 1641 2009 6
1673 1957 1995 2029 διδασκόμε-

413 2054 507 2101 νος
540 2040 757 2110 πνεῦμα
790 2041 1082 2111 συνέσεως,
1127 2044 1215 2099 ἵνα
1246 2050 1406 2119 συνῇ.
1462 2050 1559 2103 Διὰ
1593 2051 1752 2103 τοῦτο
1794 2050 1997 2116 Ἱσαῖας

409 2130 515 2200 τὴν
549 2132 743 2199 σοφίαν
787 2135 1088 2205 ἐπιγράφει
1121 2137 1199 2207 τῷ
1231 2140 1471 2207 λέγοντι,
1517 2141 1619 2211 τὴν
1650 2143 1870 2197 σύνεσιν
1918 2142 1996 2213 τῷ

406 2221 687 2289 ἀκούοντι,
718 2226 997 2309 καίκφησι,
1034 2231 1196 2299 σοφὸν
1226 2224 1610 2303 ἀρχιτέκτονα,
1644 2235 1739 2288 καὶ
1772 2236 1995 2291 συνετὸν

402 2315 711 2385 ἀκροατήν.
746 2320 969 2390 Πνεῦμα
1000 2321 1199 2392 βουλῆς
1232 2324 1435 2379 δίδοται
1471 2326 1549 2396 τῷ
1585 2326 1993 2397 γνωμοδοτοῦν-

402 2423 485 2470 τι,
520 2407 738 2479 πνεῦμα
769 2410 953 2480 ἰσχύος
982 2413 1061 2483 τῷ
1087 2414 1185 2483 τὴν
1219 2414 1447 2486 γνώμην
1484 2417 1786 2488 δεχομένῳ.
1821 2436 1839 2470 ι
1879 2419 1989 2473 Καὶ

407 2498 557 2567 μετά
580 2515 704 2553 τινα
739 2502 841 2572 τῆς
873 2507 1205 2576 περικοπῆςο
1245 2524 1264 2557 ι
1308 2506 1785 2576 Ἐπαναλαμϐάνω
1814 2506 1995 2561 τοίνυν

398 2588 480 2642 τὰ
532 2590 776 2670 ὀνόματα
821 2593 921 2664 τῆς
972 2595 1253 2666 ἁφράστου
1287 2597 1525 2666 φύσεως,
1577 2597 1799 2669 πνεῦμα
1833 2599 1994 2665 Θεοῦ,

400 2675 636 2750 πνεῦμα
680 2680 740 2734 τὸ
790 2682 855 2736 ὲκ
910 2682 1007 2736 τοῦ
1056 2683 1215 2750 Θεοῦ,
1253 2685 1473 2758 πνεῦμα
1502 2687 1735 2759 Κυρίου,
1772 2688 1996 2758 πνεῦμα

400 2770 649 2842 Πατρδς,
678 2768 894 2844 πνεῦμα
920 2774 1075 2841 Υἱοῦ,
1095 2776 1327 2848 πνεῦμα
1353 2779 1620 2848 Χριστοῦ,
1650 2781 1872 2852 πνεῦμα
1899 2779 1995 2833 τοῦ

398 2863 735 2943 ἐγείραντος,
781 2865 872 2921 τὸν
923 2866 1183 2940 Χριστὸν,
1241 2869 1468 2944 πνεῦμα
1522 2869 1714 2945 ζωῆς,
1776 2870 1996 2943 πνεῦμα

2094 677 2298 747 ceperit
2358 678 2561 735 donum
2623 677 2892 750 martyrii,
2955 677 3157 731 dicitur
3216 677 3686 734 liaherervirtutis

2097 769 2385 840 Spiritum,
2461 773 2563 827 hoc
2612 779 2696 827 est
2737 770 2941 827 donum
2977 790 2994 828 :
3027 771 3171 841 quod
3213 770 3400 827 datum
3452 758 3688 839 Spiritus

2096 872 2322 918 sanctus
2351 864 2679 934 appellatur,
2718 867 2783 920 'et
2815 865 3016 920 donum
3056 863 3244 919 eodem
3274 863 3522 928 nomine,
3570 877 3680 932 quo

2096 956 2166 1020 is,
2191 956 2284 1025 qui
2322 957 2508 1013 donat.
2542 977 2560 1010 ›
2605 957 2671 1012 Et
2705 958 2896 1025 paucis
2932 956 3253 1027 interiectis.
3302 975 3321 1008 ι
3361 956 3437 1011 ita
3477 966 3530 1010 ct
3561 958 3688 1009 hea'

2100 1046 2421 1104 tusisaias:
2461 1066 2480 1100 ι
2547 1048 2892 1120 Egredietur,
2945 1049 3144 1119 inquit.
3180 1048 3247 1102 de
3301 1047 3483 1102 radice
3532 1033 3688 1102 Iesse

2097 1140 2276 1210 virga,
2305 1149 2359 1195 et
2390 1138 2493 1195 ﬂos
2524 1155 2585 1195 ex
2646 1154 2707 1194 ea
2739 1139 3014 1203 ascendet,
3077 1147 3129 1194 et
3182 1140 3487 1208 requiescet
3525 1153 3689 1207 super

2102 1245 2228 1285 eum
2261 1230 2499 1301 Spiritus
2520 1229 2613 1286 Dei
2647 1230 2715 1286 ³⁸.
2761 1248 2779 1281 ι
2815 1229 2915 1284 Hic
2939 1238 3243 1297 estnomen
3278 1229 3448 1297 ipsius
3483 1237 3688 1283 naturae

2104 1320 2369 1390 Spiritus,
2400 1322 2658 1392 deinceps
2708 1327 3008 1390 sequuntur
3060 1321 3201 1376 dona
3232 1319 3504 1390 :Spiritus
3540 1319 3689 1389 sapi-

2100 1413 2262 1468 entiae
2295 1420 2350 1467 et
2384 1413 2708 1479 intellectus,
2752 1411 2989 1482 Spiritus
3018 1413 3231 1469 consilii
3258 1422 3310 1467 et
3333 1410 3686 1475 fortitudinis,

2108 1501 2346 1573 Spiritus
2374 1503 2721 1575 cognitionis,
2771 1503 3007 1573 Spiritus
3044 1503 3282 1573 pietatis,
3334 1500 3570 1570 Spiritus
3620 1501 3688 1556 ti-

2099 1594 2269 1650 moris
2303 1592 2426 1649 Dei.
2464 1612 2483 1646 ι
2518 1594 2585 1650 Ει
2620 1601 2742 1665 post
2771 1609 2943 1665 pauca
2986 1613 3000 1650 :
3039 1612 3058 1645 ι
3087 1593 3312 1663 Accepit
3337 1592 3542 1648 docens
3567 1591 3690 1662 Spi-

2098 1686 2265 1741 ritum
2297 1685 2598 1755 sapientiae,
2633 1694 2688 1740 et
2739 1682 3027 1741 addiscens
3063 1684 3340 1755 'Spiritum
3378 1683 3686 1753 intelligen-

2100 1773 2211 1836 tiae,
2239 1782 2300 1827 ut
2322 1774 2607 1843 intelligat.
2640 1764 2929 1843 Propterea
2973 1774 3139 1829 Isaias
3161 1773 3478 1843 sapientiam
3509 1772 3683 1828 ascri-

2100 1868 2183 1923 bit
2206 1868 2427 1934 dicenti,
2458 1870 2789 1926 intellectum
2819 1868 3086 1926 audienti.
3121 1869 3185 1924 Et
3215 1869 3418 1940 inquit,
3459 1868 3679 1938 sapien—

2099 1959 2203 2012 lem
2245 1959 2630 2026 architectum,
2655 1970 2710 2017 et
2737 1960 3121 2029 intelligentem
3154 1960 3480 2015 auditorem.
3511 1958 3690 2030 Spiri-

2096 2055 2186 2103 tus
2218 2048 2436 2103 consilii
2487 2048 2652 2105 datur
2681 2048 3020 2115 consiliario,
3055 2047 3295 2118 SpiritUs
3344 2047 3686 2112 fortitudinis

2095 2139 2390 2194 consiliUm
2413 2141 2725 2210 accipienti.
2761 2158 2778 2193 ι
2810 2138 2876 2196 Ει
2905 2148 3029 2210 post
3056 2141 3161 2194 alia
3189 2136 3448 2194 nonnulla
3475 2138 3688 2210 pet-ico—

2094 2245 2193 2302 pes
2232 2247 2248 2291 :
2289 2250 2308 2283 ‹
2349 2229 2556 2302 Repeto
2607 2232 2775 2304 igitur
2821 2232 3043 2288 nomina
3113 2231 3403 2288 ineii'abilis
3461 2240 3689 2285 naturae,

2097 2322 2324 2392 spiritus
2351 2321 2467 2388 Dei,
2503 2324 2729 2394 spiritus
2753 2325 2845 2395 qui
2888 2338 2954 2379 ex
3003 2323 3139 2392 Deo,
3181 2316 3403 2392 spiritus
3449 2318 3688 2383 Domini,

2096 2411 2325 2482 spiritus
2357 2411 2554 2478 Patris,
2586 2414 2810 2484 spiritus
2831 2413 2980 2478 Filii,
3051 2413 3276 2485 spiritus
3304 2412 3530 2477 Christi,
3569 2412 3685 2481 spi-

2102 2502 2244 2558 ritus
2272 2506 2365 2574 qui
2405 2506 2665 2561 excitavit
2694 2506 2994 2571 Christum,
3016 2505 3244 2576 spiritus
3278 2505 3425 2572 vitae,
3462 2503 3688 2574 spiritus
3736 2498 3743 2503 ’

2100 2586 2375 2652 Veritatis.
2408 2590 2540 2652 Dein
2565 2599 2732 2662 dona,
2760 2597 2987 2668 Spiritus
3031 2597 3269 2663 virtutis,
3301 2596 3525 2667 spiritus
3557 2597 3688 2651 cha-

2100 2685 2302 2753 ritatis,
2331 2687 2557 2758 Spiritus
2596 2691 2995 2761 temperantiae,
3025 2690 3254 2760 spiritus
3284 2687 3688 2760 promissionis,

2102 2778 2328 2848 spiritus
2374 2778 2523 2849 ﬁdei,
2572 2781 2802 2854 spiritus
2847 2780 3219 2848 revelationis,
3271 2779 3499 2852 spiritus
3556 2778 3691 2833 ado-

2100 2870 2306 2942 ptionis
2331 2873 2588 2928 liliorum.
2615 2892 2635 2926 ι

401 2960 695 3030 ἀληθείας.
724 2961 930 3016 Λοιπὸν
948 2962 1018 3018 τὰ
1051 2965 1399 3035 χαρίσματα,
1468 2969 1691 3039 πνεῦμα
1751 2968 2057 3039 δυνάμεως,
2114 2966 2337 3039 πνεῦμα
2390 2970 2656 3041 ἀγάπης,
2709 2965 2930 3040 πνεῦμα
2980 2964 3412 3038 σωφρονισμοῦ,
3469 2962 3691 3036 πνεῦμα

402 3054 770 3123 ἐπαγγελίας,
792 3056 1013 3128 πνεῦμα
1034 3058 1288 3126 πίστεως,
1312 3059 1534 3130 πνεῦμα
1563 3061 1983 3133 ἀποκαλύψεως,
2020 3063 2242 3134 πνεῦμα
2279 3062 2575 3127 υἱοθεσίας.
2619 3081 2638 3116 ι

483 3151 556 3222 Υ.
613 3152 801 3207 Ταῦτα
854 3155 1044 3223 σαφῶς
1099 3156 1193 3210 τοῦ
1254 3159 1718 3231 Χρυσορῤήμονος
1775 3159 1993 3232 Πατρὸς

401 3241 869 3313 διηυκρινηκὸτος
917 3244 1014 3297 καὶ
1067 3247 1538 3316 παραδεδωκότος,
1576 3249 1656 3319 πῆ
1690 3249 1791 3318 μέν
1847 3252 1996 3304 ἐστιν
2021 3234 2070 3302 C

407 3333 649 3389 ἀκοῦσαι
675 3333 737 3386 τὸ
774 3334 870 3388 τοῦ
902 3335 1213 3405 πνεύματος
1248 3338 1444 3409 ὄνομα,
1478 3342 1572 3394 καὶ
1602 3342 1797 3412 νοῆσαι
1829 3343 1994 3396 αὑτὸν

406 3424 506 3477 τὸν
544 3421 931 3493 Παράκλητον,
968 3425 1045 3495 πῆ
1074 3425 1131 3479 δὲ
1162 3426 1398 3481 ἀκοῦσαι
1432 3427 1594 3482 πάλιν
1623 3430 1799 3501 ὄνομα
1831 3433 1996 3485 πνεύ-

412 3531 610 3585 ματος,
652 3514 746 3567 καὶ
776 3515 971 3586 νοῆσαι
1023 3515 1185 3586 χάριν
1218 3520 1339 3573 τινὰ
1373 3520 1715 3592 δηλουμένην
1752 3541 1998 3594 πνευμα-

406 3606 594 3676 τικήν.
634 3603 744 3658 Ποῦ
795 3606 936 3659 εἰσιν
980 3606 1029 3660 oi
1064 3609 1288 3679 σύμπαν
1320 3611 1381 3665 τὸ
1409 3612 1604 3666 δοκοῦν
1639 3614 1823 3678 αὐτοῖς
1856 3616 1998 3671 ἀπυ-

407 3696 572 3766 λώτφ
627 3697 1067 3769 ἁπερευγόμενοι
1122 3689 1392 3771 στόματι,
1446 3705 1542 3756 καὶ
1594 3705 1999 3775 διενιστάμενοι

415 3786 544 3857 οὐχὶ
589 3786 691 3857 τὴν
740 3788 905 3857 φύσιν
952 3789 1048 3843 τοῦ
1101 3790 1257 3861 ἁγίου
1311 3793 1634 3864 Πνεύματος
1676 3795 1994 3867 δηλοῦσθαι,

413 3880 552 3935 ἀλλὰ
605 3879 675 3933 τὰ
717 3882 1069 3951 πνευματικὰ
1097 3883 1417 3954 χαρίσματα
1459 3887 1737 3957 πανταχοῦ
1780 3888 1838 3940 ἐν
1867 3870 1998 3957 οίῳ-

411 3969 594 4040 δήτινι
645 3971 713 4023 ἁν
760 3969 863 4038 τῆς
901 3970 1053 4034 θείας
1102 3973 1322 4044 Γραφῆς
1380 3974 1538 4045 μέρει
1577 3976 1906 4048 εὑρίσκηται
1939 3978 2000 4032 τὸ

411 4059 647 4132 Πνεῦμα
668 4062 732 4116 τὸ
757 4062 914 4129 ἅγιον
946 4062 1215 4134 ὑπάρχον,
1252 4067 1348 4118 καὶ
1373 4066 1700 4134 ἁναϐλύζον,
1743 4069 1836 4123 καὶ
1863 4050 1999 4140 προεέ

413 4152 680 4223 χεόμενον
721 4153 781 4219 ἐξ
826 4148 978 4218 Υίοῦ,
1006 4154 1083 4217 ὡς
1114 4155 1181 4208 ἃν
1211 4156 1356 4210 κατὰ
1383 4158 1445 4211 τὸ
1471 4157 1662 4212 δοκοῦν
1692 4159 1877 4224 αὐτοῖς
1908 4162 1994 4213 ὲν-

415 4242 611 4299 τεῦθεν
644 4243 996 4316 ἀποδειχθείη
1025 4244 1101 4314 μὴ
1132 4245 1232 4317 τὴν
1257 4247 1403 4300 κατὰ
1429 4246 1523 4301 τοῦ
1563 4250 1740 4318 Λόγου
1771 4245 2002 4320 θεότητα

414 4338 483 4391 ὲκ
518 4335 614 4389 τοῦ
667 4331 799 4389 Υίοῦ
851 4336 950 4406 τὴν
988 4334 1151 4406 φύσιν
1180 4333 1318 4392 εἶναι
1358 4337 1453 4393 τοῦ
1486 4340 1828 4409 Πνεύματος,
1864 4343 2002 4412 μηδὲ
2046 4364 2049 4367 ·

417 4428 745 4500 προχεῖσθαι
793 4428 1003 4498 ταύτην
1050 4428 1146 4481 καὶ
1198 4429 1257 4494 ἐξ
1296 4427 1487 4494 αὐτοῦ,
1518 4431 1774 4504 καθάπερ
1806 4434 2002 4505 ἀμέλει

2170 3164 2223 3217 5.
2254 3160 2380 3217 Haec
2413 3161 2593 3231 palam
2645 3160 3037 3231 Clirysostomo
3081 3155 3691 3224 discernente,traden-

2102 3260 2262 3324 teque
2311 3251 2608 3322 aliquando
2647 3250 2900 3305 audimus
2927 3248 3151 3319 spiritus
3183 3262 3402 3311 nomen,
3438 3255 3492 3301 et
3519 3247 3689 3301 Para-

2102 3345 2301 3399 cletum
2336 3342 2514 3414 ipsum
2541 3342 2915 3413 intelligimus,
2954 3339 3246 3409 aliquando
3290 3351 3483 3394 rursus
3532 3336 3688 3392 audi—

2098 3450 2224 3490 mus
2257 3450 2453 3491 nomen
2479 3434 2728 3504 spiritus,
2762 3441 2815 3487 et
2839 3431 3056 3502 aliquod
3093 3429 3338 3501 spiritale
3357 3428 3563 3484 denum
3593 3443 3688 3496 per

2098 3528 2231 3583 illud
2254 3526 2556 3582 indicatum
2586 3526 2994 3597 cognoscimus.
3023 3518 3255 3579 Ubinam
3287 3528 3414 3577 sunt
3438 3521 3538 3588 illi,
3570 3518 3687 3590 qui,

2101 3619 2369 3691 quidquid
2403 3619 2580 3675 visum
2618 3616 2809 3682 fuerit,
2851 3614 3040 3672 effreni
3091 3630 3186 3670 ore
3219 3612 3491 3679 eii‘utiunt,
3558 3626 3689 3667 con-

2099 3711 2458 3778 tendantque,
2496 3723 2603 3763 non
2627 3718 2878 3762 naturam
2912 3706 3084 3762 sancti
3114 3705 3353 3775 Spiritus
3413 3702 3684 3766 denotari,

2102 3801 2197 3857 sed
2232 3814 2448 3869 semper
2484 3798 2747 3868 spiritalia
2779 3797 2921 3852 dona
2962 3798 3012 3851 in
3038 3810 3364 3865 quacunque
3391 3792 3689 3862 Scripturae

2054 3951 2059 3955 ,
2103 3901 2257 3962 parte
2284 3891 2576 3960 reperitur,
2609 3888 2876 3957 Spiritum
2935 3896 3185 3943 sanctum
3242 3899 3383 3951 esse,
3428 3898 3686 3940 emanare

2101 3984 2154 4038 et
2201 3981 2401 4036 eti'undi
2429 3995 2494 4035 ex
2540 3979 2705 4038 Filio.
2747 3986 2804 4032 ut
2838 3978 2983 4038 inde,
3014 3992 3112 4046 pro
3136 3974 3385 4040 arbitrio,
3439 3983 3687 4042 nutuque

2103 4087 2206 4133 Suo
2228 4076 2621 4139 demonstrent,
2653 4086 2756 4125 non
2797 4070 3098 4124 secundum
3133 4066 3298 4123 Verbi
3321 4066 3683 4128 divinitatem,

2103 4183 2170 4223 ex
2198 4164 2336 4220 Filio
2371 4166 2619 4220 naturain
2644 4177 2763 4219 esse
2794 4157 3055 4230 Spiritus,
3089 4172 3190 4215 nec
3223 4154 3424 4216 effundi
3468 4171 3588 4239 eam
3619 4172 3685 4210 ex

2104 4259 2245 4329 ipso,
2288 4256 2750 4329 quemadmodum
2781 4255 2987 4310 scilicet
3017 4262 3070 4307 et
3099 4266 3164 4307 ex
3192 4250 3392 4308 Patre?
3438 4249 3686 4319 Namque

2107 4350 2149 4405 si
2185 4351 2250 4403 de
2283 4348 2601 4403 nominibus
2630 4347 2864 4417 SpiritUs
2899 4346 3065 4399 verba
3088 4338 3293 4399 faciens
3312 4350 3554 4405 sanctus,
3586 4339 3683 4402 ait,

2113 4460 2130 4494 ι
2160 4440 2368 4496 Nomen
2405 4453 2528 4494 vero
2558 4430 2751 4508 ipsius,
2790 4435 3029 4505 Spiritus
3066 4444 3309 4500 sanctus,
3336 4433 3561 4505 spiritus
3590 4444 3684 4485 ve—

414 4538 502 4574 τοι
544 4521 640 4573 καὶ
688 4521 754 4574 ὲκ
800 4516 895 4574 τοῦ
936 4520 1192 4591 Πατρόςς
1237 4520 1301 4575 Ei
1331 4524 1439 4595 γὰρ
1467 4524 1556 4578 τὸν
1584 4525 1714 4597 περὶ
1748 4525 1859 4581 τῶν
1889 4528 1999 4582 ὀνο-

2110 4530 2307 4590 ritatis.
2337 4529 2562 4598 spiritus
2589 4522 2701 4594 Dei,
2736 4526 2960 4596 spiritus
3003 4523 3203 4589 Patris,
3232 4522 3457 4594 spiritus
3480 4518 3623 4576 Filii.
3663 4539 3683 4571 ι

421 4615 610 4683 μάτων
642 4612 802 4681 λόγον
848 4614 876 4666 6
909 4589 1068 4680 ἆγιος
1111 4589 1438 4685 ποιούμενός
1484 4589 1688 4686 φησιννο
1727 4634 1745 4671 ι
1789 4620 1999 4691 Ὄνομα

2111 4623 2178 4677 Et
2217 4589 2415 4678 addit:
2467 4639 2486 4671 ‹
2531 4617 2659 4675 Haec
2687 4589 2840 4675 enim
2877 4627 2958 4673 est
3001 4615 3217 4687 pr0pria
3259 4589 3314 4669 et
3373 4613 3550 4683 prima
3591 4626 3689 4681 ap-

416 4702 479 4757 δὲ
516 4702 706 4767 αὐτοῦ,
742 4698 964 4772 Πνεῦμα
996 4703 1175 4772 ἅγιον,
1210 4701 1428 4776 πνεῦμα
1472 4707 1751 4777 ἀληθείας,
1783 4704 2031 4778 πνεῦμα,

414 4793 514 4852 τοῦ
545 4795 708 4863 Θεοῦ,
743 4796 962 4867 πνεῦμα
996 4792 1088 4850 τοῦ
1122 4799 1360 4867 Πατρός,
1396 4798 1615 4869 πνεῦμα
1648 4796 1739 4854 τοῦ
1776 4802 1928 4857 Υἱοῦ.
1976 4823 1995 4856 ι

425 4890 540 4944 Καὶ
575 4889 935 4961 προστίθησιν
963 4904 979 4920 ο
1015 4907 1034 4939 ι
1067 4888 1221 4960 Αὕτη
1282 4891 1392 4957 γάρ
1440 4893 1589 4944 ἐστιν
1624 4893 1656 4962 ἠ
1688 4893 1856 4963 κυρία
1911 4894 2006 4947 καὶ

420 4982 616 5052 πρώτη
677 4980 1048 5050 προσηγορία,
1083 4981 1116 5050 ἡ
1149 4983 1636 5053 ὲμφαντικωτέραν
1663 4983 1864 5052 ἔχουσα
1901 4984 2003 5056 τὴν

418 5076 688 5139 διάνοιαν,
735 5076 828 5126 καὶ
882 5072 1206 5145 παριστῶσα
1237 5072 1330 5126 τοῦ
1372 5074 1529 5142 ἁγίου
1559 5075 1879 5146 Πνεύματος
1906 5079 2006 5148 τὴν

421 5168 610 5237 φύσιν,
639 5166 733 5220 καὶ
765 5168 964 5235 ἐπάγει
992 5165 1168 5222 ταῦτα
1195 5168 1263 5220 τὰ
1305 5168 1546 5237 ὀνόματα
1577 5168 1748 5237 αὐτῆς
1779 5169 1875 5238 τῆς
1904 5169 2005 5222 αὐ-

419 5260 664 5322 θεντίας,
694 5258 866 5326 αὐτῆς
893 5257 994 5326 τῆς
1019 5255 1112 5311 τοῦ
1150 5257 1307 5326 ἁγίου
1336 5258 1653 5327 Πνεύματος
1687 5261 1902 5328 φύσεως
1929 5277 1942 5291 ⁸
1981 5281 2001 5313 ι

418 5354 505 5415 τίς
538 5350 607 5404 ἂν
639 5352 716 5421 μὴ
751 5349 1078 5419 βουλόμενος
1111 5350 1209 5420 τὴν
1238 5348 1502 5418 ἀλήθειαν
1529 5351 1857 5422 ἐπηρεάζειν
1884 5352 2005 5405 διαοο

419 5445 588 5513 κενῆς
633 5442 733 5512 οὐχ
779 5443 1135 5513 ὁμολογήσειε
1161 5442 1222 5494 τὸ
1255 5444 1313 5494 ὲν
1342 5444 1460 5505 ταῖς
1507 5443 1747 5507 Γραφαίς
1797 5443 2005 5513 ἀδιορίσ-

422 5551 567 5595 στως
616 5531 910 5603 εἰρημένον
959 5535 1114 5598 ἆγιον
1164 5526 1388 5604 Πνεῦμα
1427 5533 1600 5599 αὐτῆς
1627 5534 1724 5603 τῆς
1754 5533 1998 5603 φύσεως,

424 5626 596 5692 αὐτῆς
626 5623 726 5688 τῆς
761 5623 1049 5684 αύθεντίας
1076 5618 1169 5676 τοῦ
1217 5623 1579 5695 Παρακλήτου
1625 5623 1795 5694 ὄνομα
1824 5621 1997 5691 εἷναι;

420 5714 534 5766 Καὶ
590 5711 639 5763 εἰ
688 5698 867 5777 τοῦτο,
920 5710 1038 5773 πῶς
1072 5711 1139 5764 ἂν
1170 5712 1495 5783 τολμήσειεν
1526 5715 1699 5767 εἰπεῖν
1752 5716 1999 5785 χάρισμα

495 5870 542 5901 ³⁵
570 5870 675 5926 lsa.
707 5888 786 5933 ιι,
819 5870 869 5931 1,
905 5871 959 5923 2.

2111 4713 2356 4785 pellatio,
2406 4726 2530 4782 qua:
2580 4707 2908 4765 sententiam
2962 4707 3126 4762 habet
3173 4704 3594 4776 expressiorem,
3635 4710 3689 4756 et

2110 4815 2363 4861 naturam
2397 4802 2634 4877 Spiritus
2680 4803 2855 4860 sancti
2894 4808 3264 4872 repraesentat.
3309 4817 3326 4851 ι
3367 4795 3505 4852 Tum
3555 4794 3688 4850 sub:

2114 4895 2450 4952 ditdeinde:
2490 4914 2508 4947 ι
2548 4890 2674 4949 Ηαιο
2705 4902 2836 4949 sunt
2861 4893 3080 4948 numina
3119 4891 3290 4961 ipsius
3327 4887 3499 4945 sancti
3517 4886 3673 4956 Spiri-

2116 4997 2202 5043 tus
2233 4999 2438 5042 naturre
2465 5022 2497 5053 ,ι
2540 5004 2557 5039 ι
2602 4987 2749 5056 quis,
2783 4984 3080 5040 dummodo
3136 4984 3418 5038 veritatem
3485 4979 3690 5034 frustra

2113 5093 2430 5150 oppugnare
2461 5094 2569 5134 non
2595 5077 2821 5149 appetit,
2856 5093 2961 5131 non
2996 5074 3269 5141 fatebitur,
3308 5073 3398 5143 qui
3460 5071 3512 5126 in
3545 5068 3690 5123 Scri-

2114 5170 2289 5240 ptnris
2328 5169 2644 5224 indistincte
2679 5169 2915 5239 Spiritus
2942 5178 3167 5222 sanctus
3203 5164 3494 5228 vocitatur,
3516 5159 3698 5228 ipsius

2115 5270 2342 5322 naturae,
2370 5259 2544 5329 ipsius
2583 5260 2896 5316 dominatus
2952 5256 3220 5312 Paracleti
3265 5266 3460 5308 nomen
3514 5263 3636 5305 esse
3664 5248 3691 5303 ‘i

2116 5349 2179 5404 Et
2225 5350 2273 5404 si
2300 5349 2353 5404 id
2386 5360 2498 5416 est,
2525 5366 2760 5421 quanam
2788 5352 2998 5406 ratione
3031 5347 3254 5403 audebit
3283 5343 3549 5400 aﬂirmare
3591 5341 3689 5395 do-

2113 5457 2243 5494 num
2287 5442 2536 5511 spiritaie
2572 5442 2976 5509 denotaricum
3031 5444 3197 5510 prope
3228 5434 3369 5490 locis
3395 5432 3691 5502 Scriptura)

2110 5532 2419 5588 innumeris
2433 5534 2721 5603 reperitur,
2751 5547 2893 5588 nunc
2932 5531 3151 5601 quidem
3185 5526 3417 5596 Spiritus
3462 5529 3689 5579 sanctus

2109 5636 2174 5677 ex
2215 5622 2372 5677 Patre
2395 5631 2459 5676 et~
2489 5616 2623 5676 Filio
2652 5623 3021 5693 progrediens,
3050 5619 3194 5673 nunc
3231 5631 3293 5672 ex
3329 5621 3558 5685 utroque
3589 5624 3687 5665 ex-

2111 5717 2332 5782 sistcns,
2375 5727 2427 5772 et
2453 5730 2596 5772 nunc
2630 5733 2695 5773 cx
2722 5716 2881 5772 Patre
2914 5725 3199 5778 emanans,
3226 5724 3374 5767 nunc
3419 5722 3485 5766 ex
3548 5704 3689 5762 Filio
