4054 6420
426 397 536 461 Ξ43

1461 408 1674 471 JOAN‘.
1713 409 1931 472 VECCI
1971 410 2078 471 ΟΡ.
2120 411 2638 476 ΡΑΤΒΙΑΗΕΗιΕ

3574 413 3673 485 214

429 507 688 564 exsiliens
741 509 1067 566 naturaliter
1121 521 1176 567 et
1246 515 1651 571 essentialiter?
1700 515 1892 579 Nemo,
1950 525 2008 570 ut

2114 517 2407 590 δηλοῦσθαι
2435 520 2828 592 πνευματικδν,
2860 522 2991 579 ὅταν
3023 521 3292 595 μυριαχοῦ
3327 523 3428 597 τῆς
3458 527 3672 598 Γραερῆς

429 619 576 668 reor,
638 602 901 660 adversus
926 607 1207 661 veritatem
1254 607 1326 661 ita
1383 607 1785 665 inverecundus
1814 609 2000 676 fuerit,

430 704 492 746 ut
540 710 605 748 ex
632 693 737 761 bis,
766 711 886 765 qua:
938 696 1356 768 Chrysnstomus
1389 699 1456 755 de
1496 702 1810 758 nominibus
1844 703 2017 773 Spiri-

430 792 522 839 tus
552 787 903 855 prmscripsit,
932 797 1131 843 certam
1164 798 1546 859 patentemque
1598 794 2016 849 demonstratio-

436 889 561 929 nem
595 890 700 931 non
753 876 973 941 habeat,
1001 878 1173 946 ipsam
1205 877 1470 935 Paracleti
1504 890 1754 937 naturam
1790 883 2006 954 signiﬁ-

436 965 569 1032 cari,
602 982 726 1021 cum
764 967 889 1037 quis
929 968 1253 1039 simpliciter
1296 980 1354 1026 et
1406 972 1715 1029 indistincte
1746 974 2007 1045 Spiritum

431 1064 680 1110 sanctum
715 1058 1046 1126 pronuntiat.

2110 609 2457 683 εὑρίσκηται,
2485 612 2580 667 νῦν
2612 613 2709 684 μὲν
2733 614 2794 666 τδ
2827 615 3052 685 Πνεῦμα
3082 616 3144 670 τὸ
3190 617 3346 685 ἅγιον
3373 619 3438 672 ὲκ
3468 619 3675 689 Πατρὸς

2117 704 2214 757 καὶ⁸
2247 704 2378 759 Υίοῦ
2430 706 2641 776 προϊὸν,
2684 701 2778 760 νῦν
2809 706 2864 760 δὲ
2915 706 2975 772 ἐξ
3024 709 3228 778 ἀμφοῖν
3274 710 3537 779 ὑπάρχον,
3584 712 3675 763 καὶ

2115 793 2209 848 νῦν
2243 796 2341 865 μὲν
2363 796 2427 849 ὲκ
2452 796 2546 850 τοῦ
2579 798 2796 867 Πατρδς
2825 799 3098 869 πηγάζον,
3128 795 3221 854 νῦν
3249 800 3307 854 δὲ
3331 801 3396 854 ἐκ
3424 800 3523 855 τοῦ
3552 799 3676 854 Υίοῦ

2113 885 2415 952 ἀναϐλύζον
2467 890 2714 957 φυσικῶς
2762 907 2821 945 τε
2872 893 2967 945 καὶ
3005 892 3323 960 οὐσιωδῶς;
3377 893 3564 957 Οὐδεὶς
3591 894 3675 960 ἂν,

2108 970 2285 1047 οἶμαι,
2317 978 2416 1048 τῆς
2447 979 2705 1050 ἀληθείας
2733 980 2876 1035 οὕτω
2903 983 3433 1055 καταναιδεύσηται,
3468 984 3544 1049 ὡς
3609 984 3681 1056 μὴ

2100 1068 2171 1134 νέξ
2201 1064 2277 1124 ὧν
2301 1072 2329 1125 ὁ
2368 1072 2792 1144 Χρυσοῤῥήμων
2824 1073 2931 1144 ἔφη
2962 1075 3091 1145 περὶ
3120 1076 3230 1128 τῶν
3267 1075 3550 1146 ὀνομάτων
3589 1077 3680 1130 τοῦ

431 1150 749 1220 Ιινεύματος
792 1150 1233 1222 ὁμολογουμένην
1275 1152 1421 1225 ἔχειν
1472 1156 1747 1221 ἀπόδειξιν
1780 1151 1871 1211 τοῦ
1939 1157 2113 1230 αὐτὴν
2143 1160 2240 1234 τὴν
2274 1162 2371 1217 τοῦ
2439 1164 2802 1237 Παρακλήτου
2863 1166 3028 1237 φύσιν
3070 1167 3385 1240 δηλοῦσθαι,
3449 1168 3684 1240 ὁπηνίκα

427 1262 513 1308 τις
546 1239 772 1316 Πνεῦμα
798 1244 955 1315 ἅγιον
980 1246 1115 1318 λέγῃ
1141 1248 1328 1313 ἁπλῶς
1363 1250 1458 1304 καὶ
1504 1252 1996 1323 ἀπροσδιορίστως.

502 1341 555 1395 4.
583 1338 694 1397 Hac
728 1341 1196 1398 demonstratione
1235 1360 1336 1415 pro
1363 1356 1513 1402 certo
1541 1347 1745 1414 habita,
1775 1365 2009 1418 quatiant

430 1434 644 1489 ratione
674 1434 801 1488 hinc
831 1434 966 1489 citra
997 1437 1485 1493 contradictionem
1515 1455 1622 1495 non
1648 1450 1904 1510 sequetur
1926 1457 2009 1497 re-

430 1522 627 1578 futatio
661 1524 980 1591 dicentium,
1023 1540 1088 1581 ex
1132 1526 1271 1582 Filio
1312 1544 1591 1595 emanare,
1650 1534 2012 1601 prosilit-eque

433 1616 694 1687 Spiritum
730 1629 1004 1684 sanctum,
1043 1618 1209 1674 veluti
1266 1621 1471 1676 donum
1511 1624 1786 1693 quoddam
1851 1627 2007 1696 Spiris

430 1708 576 1764 tale?
606 1707 708 1763 Sed
732 1709 912 1765 adhuc
959 1710 1101 1766 ultra
1150 1711 1479 1769 blaterantes
1520 1716 1860 1783 obstrepunt.
1921 1718 2008 1783 Et,

427 1798 740 1868 ubicunque
763 1798 996 1871 Spiritus
1016 1802 1192 1859 sancti
1216 1804 1421 1860 mentio
1450 1805 1839 1874 introducitur,
1869 1824 2012 1865 sem-

2188 1350 2250 1405 δ’.
2304 1350 2521 1421 Ταύτης
2572 1350 2619 1407 δ’
2672 1352 3108 1425 ὁμολογηθείσης
3154 1352 3256 1425 τῆς
3331 1354 3680 1421 ἀποδείξεως.

2120 1442 2237 1505 πῶς
2260 1444 2361 1498 οὐκ
2392 1444 2790 1517 ἀναντίρῤητος
2819 1445 3174 1517 ἀκολουθήσει
3206 1445 3459 1501 ἐντεῦθεν
3478 1449 3506 1501 ὁ
3536 1449 3688 1516 ελεγ-

2115 1533 2339 1604 χοςτῶν
2390 1536 2659 1607 λεγόντων
2712 1540 2778 1592 ἐκ
2828 1537 2922 1592 τοῦ
2982 1538 3115 1593 Υίοῢ
3156 1539 3484 1604 ἀναδλύζειν
3513 1559 3572 1595 τε
3598 1544 3690 1596 καὶ

2114 1622 2495 1694 ἅναπηγάζειν
2549 1627 2610 1680 τὸ
2666 1628 2892 1697 Πνεῦμα
2938 1629 3000 1682 τὸ
3060 1629 3237 1696 ἅγιον,
3304 1629 3381 1692 ὡς
3448 1631 3690 1701 χάρισμά

2112 1726 2166 1764 τι
2209 1713 2576 1784 πνευματικόν
2600 1755 2616 1774 .
2653 1714 2795 1769 Ἀλλ’
2820 1717 2927 1770 ἰδοὺ
2959 1715 3122 1769 πάλιν
3142 1714 3505 1784 λαλαγοῦντές
3526 1732 3653 1786 φασι
3675 1734 3688 1749 ο

2113 1801 2224 1856 Καὶ
2255 1804 2304 1856 εἰ
2336 1803 2411 1874 μὴ
2445 1805 2723 1877 πανταχοῦ
2774 1805 3146 1874 πνευματικὸν
3213 1801 3478 1874 δηλοῦται
3537 1805 3692 1876 χάρι-

427 1906 527 1962 per
564 1892 768 1948 donum
797 1893 1043 1964 spiritale
1071 1894 1344 1964 denotari,
1377 1905 1432 1953 et
1460 1905 1720 1970 tanquam
1753 1916 1783 1957 a
1812 1916 2008 1960 conce-

2120 1909 2253 1961 σμα,
2281 1892 2416 1948 ὅπου
2465 1895 2533 1948 ἂν
2565 1894 2759 1966 ῥηθείη
2788 1899 2848 1948 τὸ
2874 1893 3102 1966 Πνεῦμα
3149 1897 3208 1949 τὸ
3249 1895 3432 1965 ἅγιον,
3462 1895 3538 1959 ὡς
3585 1895 3692 1950 ἀπὸ

428 1982 652 2051 ptaculo
668 1998 833 2040 carne
858 1984 1098 2052 Domini,
1129 1987 1272 2041 dona
1301 1988 1484 2057 dignis
1514 1989 1775 2061 impendi.
1805 1993 2014 2060 Quibus

427 2087 532 2130 nos
562 2090 756 2132 rursus
782 2076 899 2132 hate
943 2077 1181 2148 obiicere
1209 2095 1318 2136 non
1347 2080 1735 2140 detrectamus.
1765 2084 2014 2142 Addece-

429 2164 525 2219 bat
547 2180 668 2231 vos,
697 2167 790 2238 qui
834 2168 1239 2226 inconsiderate
1298 2172 1367 2227 de
1406 2174 1723 2231 nominibus
1777 2175 2016 2248 Spiritus

431 2252 751 2324 decernitis,
801 2258 929 2327 illis,
961 2277 1082 2330 qua:
1131 2262 1246 2333 jam
1301 2277 1465 2334 supra
1517 2274 1702 2323 nostra
1752 2267 2016 2337 {oratione

429 2350 697 2419 complexi
728 2368 939 2421 sumus,
969 2353 1210 2418 suaderi,
1246 2365 1302 2411 at
1331 2372 1480 2425 cum,
1517 2359 1647 2415 licet
1674 2360 1894 2427 exilem,
1927 2377 2015 2416 re-

431 2441 817 2510 prehensionis
845 2452 1028 2502 tamen
1063 2461 1250 2503 ansam
1301 2448 1459 2505 vobis
1492 2450 1734 2520 praebent
1763 2453 1819 2507 in
1848 2468 2013 2524 supra

439 2531 659 2588 laudata
700 2534 951 2591 oratione
1002 2551 1032 2590 a
1088 2538 1249 2592 beato
1298 2539 1690 2611 Cbrysostomo
1744 2545 2012 2614 exposita,

439 2622 529 2676 illa
566 2624 875 2695 evangelica
909 2627 1330 2707 interpretante,
1372 2650 1391 2683 (
1433 2634 1505 2688 De
1536 2648 1657 2689 meo
1695 2637 1949 2707 accipiet,
1988 2654 2007 2689 ο

434 2727 533 2782 age
560 2713 671 2784 jam
704 2731 766 2770 ea
790 2715 1087 2774 dilucidius
1125 2700 1492 2790 exponatttur,
1524 2726 1773 2793 utmagis
1801 2739 1862 2781 ac
1894 2744 2012 2781 nta-

434 2805 517 2874 gis
555 2815 747 2862 vestra:
772 2807 1239 2878 interpretationis
1262 2813 1499 2869 absurda
1531 2818 1797 2871 sententia
1826 2819 2013 2873 redar-

435 2904 652 2964 guatur.
693 2896 877 2953 Aureo
936 2900 1158 2970 eloquio
1204 2904 1470 2974 praeditus
1528 2904 1693 2962 Pater
1748 2907 2013 2964 adversus

442 2987 569 3043 illos
593 2996 869 3044 certamen
901 2991 1149 3057 subiens,
1196 2995 1288 3064 qui
1327 3011 1397 3051 ex
1442 2997 1547 3052 hoc
1575 2998 1737 3064 dicto,
1777 2997 2013 3068 Spiritus

436 3089 684 3134 naturam
706 3080 856 3137 infra
899 3098 1022 3139 esse
1053 3094 1302 3141 naturam
1333 3085 1456 3142 Filii
1490 3089 1847 3158 comprobare
1872 3091 2012 3146 nite—

433 3172 668 3238 bantur;
703 3189 811 3243 quo
842 3175 985 3231 enim
1014 3187 1190 3247 pacto,
1221 3181 1489 3247 dicentes,
1514 3196 1636 3237 esse
1668 3193 1849 3251 potest
1880 3182 2005 3253 Spi-

433 3264 570 3319 ritus
598 3264 736 3323 Filio
762 3269 1012 3338 aequalis,
1041 3271 1134 3341 qui
1160 3286 1224 3327 ex
1255 3288 1320 3327 eo
1356 3274 1553 3344 accipit
1580 3283 1633 3329 et
1682 3274 2006 3330 mutuatur?

432 3357 488 3412 in
522 3375 627 3414 una
688 3362 961 3431 prmdicta:
993 3365 1258 3421 orationis
1291 3376 1442 3437 parte
1494 3369 1609 3423 hare
1666 3369 1729 3422 ad
1782 3369 2009 3423 verbum

429 3451 706 3518 edisseri=,
745 3472 764 3505 t
801 3452 874 3510 De
909 3470 1029 3511 meo
1060 3457 1311 3527 accipiet,
1338 3466 1393 3512 et
1422 3460 1769 3514 annuntiabit
1792 3460 2004 3526 vobis,»

441 3552 497 3598 et
547 3555 605 3600 ut
650 3547 903 3602 ostendat
940 3564 1047 3603 non
1099 3547 1334 3618 Spiritus
1381 3550 1555 3606 sancti
1600 3553 1695 3606 sed
1744 3552 2010 3607 donorum

433 3636 763 3694 mentionem
791 3638 1005 3705 iecisse,
1037 3641 1222 3696 subdit
1247 3650 1535 3714 postquam
1558 3643 1696 3698 dixit
1731 3662 1744 3699 :
1782 3643 1855 3700 De
1890 3659 2012 3699 meo

431 3731 665 3816 accipiet
702 3735 987 3789 confestim
1022 3751 1037 3788 :
1076 3733 1425 3807 Quaecunque
1479 3735 1643 3792 habet
1674 3734 1856 3802 Pater,
1888 3749 2009 3791 mea

432 3832 578 3878 SUDL
624 3843 642 3875 ι

499 4109 554 4163 5.
588 4106 654 4161 Et
701 4122 867 4164 aurea
918 4109 1228 4181 eloquentia
1288 4112 1448 4167 Pater
1486 4113 1600 4167 haec
1664 4114 1845 4169 tradit.
1905 4113 2010 4171 Vos

431 4213 561 4255 vero
592 4199 923 4257 dictionibus
986 4202 1254 4258 malitiose
1310 4204 1660 4271 insistentes,
1726 4206 2009 4263 audientes

430 4302 678 4348 sanctum
718 4293 951 4359 tradere,
977 4310 1083 4350 non
1119 4294 1354 4365 Spiritus
1391 4297 1590 4362 sancti,
1622 4298 1715 4354 sed
1743 4298 2006 4354 donorum

435 4385 766 4441 mentionem
791 4384 1009 4453 fecisse,
1054 4385 1295 4443 Verbum
1329 4390 1654 4459 arripientes
1687 4406 1754 4445 ex
1783 4390 2006 4445 animo:

434 4473 570 4530 Vide
602 4476 786 4543 modo,
814 4477 1058 4546 inquitis,
1114 4493 1181 4533 en
1210 4479 1430 4549 eloquio
1460 4494 1629 4536 aureo
1652 4480 1813 4537 Pater
1855 4481 2007 4546 illud,

2116 1983 2418 2056 δεξαμενῆς
2452 1987 2551 2056 τῆς
2581 1986 2676 2041 τοῦ
2732 1989 2937 2055 Κυρίου
2989 1989 3215 2058 σαρκὸς,
3272 1991 3367 2043 καὶ
3420 1989 3694 2059 διανέμειν

2114 2075 2185 2129 τά
2239 2077 2560 2148 χαρίσματα
2605 2083 2719 2144 τοῖς
2768 2078 2967 2146 ἀξίοις.
3032 2081 3179 2148 Πρὸς
3238 2080 3334 2145 οὓς
3374 2082 3505 2136 οὐδὲ
3535 2083 3694 2150 ἡμεῖς

2117 2166 2282 2221 πάλιν
2335 2168 2516 2237 λέγειν
2581 2171 2945 2243 ἀναδυόμεθα.
3006 2173 3154 2227 Ἔδει
3216 2172 3313 2243 μὲν
3365 2174 3513 2243 ὑμᾶς
3571 2175 3696 2238 τοὺς

2117 2265 2546 2336 ἀπερισκέπτως
2575 2269 2705 2337 περὶ
2735 2266 2845 2320 τῶν
2878 2268 3158 2336 ὀνομάτων
3212 2267 3307 2321 τοῦ
3371 2267 3695 2336 Πνεύματος

2115 2358 2551 2428 δογματίζοντας
2583 2359 2870 2431 πεισθῆναι
2897 2364 3007 2421 τοῖς
3040 2359 3240 2423 ἱκανῶς
3293 2360 3398 2431 ἤδη
3446 2359 3525 2428 τῷ
3554 2359 3696 2424 λόγῳ

2117 2449 2246 2520 περὶ
2272 2448 2478 2504 τούτων
2506 2449 2939 2519 διειλημμένοις,
2978 2452 3099 2502 ἐπεὶ
3126 2451 3180 2504 δὲ
3230 2450 3364 2520 ὑμῖν
3388 2452 3469 2513 είς
3527 2448 3697 2517 ἀγενῆ

2114 2555 2236 2593 τινα
2268 2537 2479 2606 γίνεται
2514 2539 2788 2608 πρόφασιν
2818 2538 2888 2591 τὰ
2926 2536 3001 2609 τῷ
3046 2538 3304 2608 μακαρίῳ
3360 2538 3692 2610 Χρυσορῤἠ-

2118 2650 2243 2702 μονι
2282 2630 2622 2702 ὲξηγηθέντα
2653 2632 2834 2696 καλῶς
2867 2632 2924 2685 ὲν
2971 2631 3051 2701 τῷ
3081 2633 3183 2702 ἤδη
3215 2631 3526 2700 δηλωθέντι
3556 2631 3699 2700 λόγῳ

2114 2722 2281 2778 αὑτοῦ
2351 2725 2442 2776 ἐπὶ
2493 2726 2557 2793 τῇ
2612 2724 2956 2793 Εὑαγγελικῆ
3014 2724 3169 2793 ῥήσει
3218 2726 3307 2792 τῇ,
3348 2742 3367 2774 ι
3445 2723 3544 2775 Ἐκ
3607 2722 3699 2775 τοῦ

2115 2816 2254 2886 ἐμοῦ
2300 2815 2602 2885 Amatae,»
2640 2814 2773 2884 φέρε
2834 2814 2898 2883 δὴ
2942 2814 3034 2868 καὶ
3082 2813 3163 2867 ἔτι
3209 2814 3584 2884 διἀσαφητέον
3634 2813 3701 2867 τὰ

2116 2908 2247 2978 περὶ
2283 2906 2513 2969 τούτων,
2548 2907 2622 2968 ὼς
2648 2904 2715 2957 ἂν
2746 2904 2831 2974 εἴη
2860 2904 2951 2957 ἐπὶ
2988 2905 3148 2958 πλέον
3201 2904 3300 2974 τὴν
3368 2906 3575 2960 ἄτοπον
3622 2906 3705 2957 Ev-

2117 3014 2267 3050 νοιαν
2302 2997 2703 3069 ἀπελέγχεσθαι
2737 2996 2837 3065 τῆς
2890 2996 3161 3064 ὑμετέρας
3224 2995 3695 3065 παρεξηγήσεως.

2126 3089 2184 3143 '0
2207 3090 2630 3160 Χρυσορῤἡμων
2678 3087 2891 3157 Πατὴρ,
2921 3084 3044 3139 κατ’
3069 3085 3299 3139 ἐκείνων
3361 3086 3458 3139 τὸν
3518 3084 3707 3151 ἀγῶνα

2117 3178 2460 3248 ποιούμενες,
2492 3179 2653 3248 οἵπερ
2681 3180 2744 3231 ὲκ
2767 3179 2864 3245 τῆς
2896 3178 3104 3247 ρήσεως
3158 3175 3371 3247 ταύτης
3439 3177 3704 3244 συστῆσαι

2114 3261 2450 3333 ἐσπούδαζον
2476 3271 2575 3341 τὴν
2608 3269 2699 3321 τοῦ
2734 3269 3048 3337 Πνεύματος
3101 3268 3267 3337 φύσιν
3299 3269 3405 3338 τῆς
3438 3268 3535 3321 τοῦ
3576 3266 3705 3320 Υἰοῦ

2113 3360 2480 3431 καθυφίεσθαι
2526 3361 2762 3429 φύσεως,
2813 3360 2929 3422 πῶς
2974 3361 3082 3429 γὰρ
3109 3359 3174 3412 ἂν
3207 3360 3318 3430 εἴη,
3347 3360 3564 3427 ἔλεγον,
3593 3359 3706 3410 ἴσον

2119 3450 2232 3519 Υίῷ
2261 3450 2321 3503 τὸ
2351 3451 2600 3520 Πνεῦμα,
2642 3449 2702 3514 ἐξ
2743 3448 2907 3502 αὐτοῦ
2942 3448 3220 3517 λαμϐάνον
3246 3452 3346 3503 καὶ
3374 3451 3707 3520 δανειζόμε-

2118 3560 2209 3597 νον
2235 3560 2249 3610 ;
2284 3544 2341 3596 ἐν
2379 3545 2538 3614 μέρει
2564 3541 2659 3595 τοῦ
2696 3542 2953 3613 ῥηθέντος
2978 3542 3138 3609 λόγου
3169 3540 3352 3607 οὔτως
3390 3548 3490 3598 ἐπὶ
3509 3544 3708 3608 λέξεων

2112 3636 2241 3707 ἔφη’
2282 3653 2301 3687 ι
2350 3636 2447 3689 Ἐκ
2476 3633 2568 3688 τοῦ
2604 3635 2739 3704 ἐμοῦ
2769 3634 3142 3704 λήψεταιτοκαὶ
3161 3636 3468 3705 ἀναγγελεῖ
3494 3639 3649 3709 ὑμῖν,
3685 3656 3704 3690 ι

2111 3732 2228 3797 καὶ,
2266 3729 2355 3784 ἵνα
2378 3728 2551 3800 δείξη,
2584 3728 2667 3782 ὅτι
2694 3728 2752 3782 οὗ
2774 3728 2868 3783 τοῦ
2900 3727 3056 3796 ἁγίου
3088 3728 3423 3799 Πνεύματος
3459 3732 3710 3802 ἐμνημό-

2110 3840 2321 3888 νευσεν,
2353 3806 2487 3878 ἀλλὰ
2515 3823 2624 3877 τῶν
2656 3823 2895 3893 δωρεῶν,
2930 3824 3124 3892 ἐπάγει
3183 3823 3331 3893 μετὰ
3401 3825 3465 3880 τὸ
3512 3827 3710 3879 εἰπεῖν.

2117 3932 2136 3966 ι
2182 3914 2281 3969 Ἐκ
2315 3915 2409 3969 τοῦ
2441 3915 2578 3986 ἐμοῦ
2599 3914 2849 3986 λήψεται,
2887 3935 2905 3967 ι
2941 3916 3128 3985 εὐθὺς,
3169 3933 3188 3968 ι
3222 3916 3421 3972 Πάντα
3463 3919 3569 3973 ὅσα
3599 3919 3711 3990 ἔχει

2108 4009 2136 4061 ὀ
2160 4007 2351 4080 Πατὴρ
2381 4008 2490 4079 ἐμά
2519 4010 2688 4062 ἐστιν.
2723 4026 2743 4060 ι

2179 4110 2243 4167 ε’.
2277 4113 2388 4166 Καὶ
2416 4112 2444 4165 ὀ
2481 4113 2580 4183 μὲν
2606 4114 3023 4184 Χρυσορρἠμων
3052 4112 3237 4182 Πατὴρ
3263 4115 3472 4170 ταῦτα.
3517 4117 3710 4187 Ὑμεῖς

2117 4204 2176 4258 δὲ
2207 4210 2327 4269 ταῖς
2355 4205 2534 4269 λέξεσι
2570 4204 2899 4274 πανούργως
2932 4205 3337 4274 ἑπικαθήμενοι
3394 4209 3704 4270 ἀκούοντες

2108 4292 2184 4356 ὡς
2219 4295 2247 4347 ὀ
2279 4295 2433 4362 ἆγιος
2470 4295 2573 4361 ἔφη
2608 4294 2691 4347 ὅτι
2722 4294 2784 4347 οὐ
2815 4293 2910 4346 τοῦ
2960 4295 3115 4362 ἁγίου
3154 4295 3490 4368 Πνεύματος
3535 4301 3711 4368 ἐμνη-

2115 4382 2400 4453 μόνευσεν,
2443 4382 2582 4437 ἀλλὰ
2613 4383 2721 4436 τῶν
2751 4382 2993 4452 δωρεῶν,
3021 4383 3131 4436 ὅλοι
3186 4383 3283 4451 τῆς
3318 4384 3532 4450 λέξεως
3560 4385 3712 4453 γίνεο

2117 4475 2233 4537 σθε,
2287 4475 2383 4529 καὶ
2436 4475 2601 4544 Ὅρα.
2670 4476 2826 4543 φατέ·
2898 4475 3006 4527 ἰδοὺ
3054 4475 3161 4543 γάρ
3205 4478 3233 4528 ὀ
3270 4476 3711 4550 Χρυσορρήμων

439 4584 458 4617 ‹
489 4564 565 4619 De
584 4580 706 4620 meo
726 4567 987 4635 accipiet;
1019 4587 1037 4619 ι
1074 4583 1183 4623 non
1215 4569 1281 4625 ad
1311 4569 1487 4640 ipsum
1511 4569 1791 4642 Spiritum,
1814 4574 1910 4628 sed
1940 4573 2007 4628 ad

2116 4566 2307 4637 Πατὴρ
2341 4567 2424 4629 τὸ,
2452 4583 2473 4617 ι
2521 4567 2615 4619 Ἐκ
2645 4565 2742 4619 τοῦ
2797 4564 2932 4634 ἐμοῦ
2965 4563 3220 4633 λήψεται,
3262 4585 3280 4617 ι
3318 4567 3427 4620 οὐκ
3461 4570 3544 4631 εἰς
3578 4566 3712 4621 αὐτὸ

434 4658 580 4711 dona
613 4657 763 4711 illius
803 4656 990 4713 refert.
1017 4658 1130 4714 Nos
1160 4669 1341 4716 autem
1364 4677 1471 4717 non
1499 4663 1643 4729 aliis,
1689 4666 1784 4720 sed
1820 4664 1887 4720 iis
1916 4681 2007 4720 so-

428 4748 733 4816 lummodo,
758 4753 1009 4823 quaejam
1036 4752 1216 4808 dictus
1244 4751 1407 4810 Pater
1436 4768 1562 4811 ante
1594 4766 1648 4811 et
1690 4766 1814 4827 post
1843 4759 2002 4813 verba

430 4841 668 4899 adducta
703 4845 1080 4913 concinnavit,
1123 4854 1358 4901 vestram
1409 4848 1570 4918 plane
1600 4846 1912 4909 absurdam.
1951 4858 2006 4903 et

427 4950 458 4988 a
499 4937 712 4993 ratione
743 4937 977 4992 alienam
1014 4938 1532 4996 demonstrabimus.
1568 4937 1659 4994 Ait
1684 4940 1826 4995 enim
1844 4941 2005 5010 paulo

429 5037 554 5083 ante
583 5030 749 5084 verba
785 5028 948 5084 allata
974 5046 987 5083 :
1017 5048 1035 5080 ι
1067 5029 1140 5083 De
1162 5044 1285 5086 meo
1318 5030 1569 5100 accipiet,
1594 5048 1613 5081 ι
1636 5030 1704 5085 de
1729 5031 1838 5096 Itis,
1884 5047 2006 5101 qua:

431 5117 568 5171 mibi
596 5118 807 5194 ltomity'
840 5119 1120 5174 Dominico
1160 5119 1547 5189 suppeditavit,
1574 5120 1826 5190 accipiet,
1892 5122 2004 5191 ipse

427 5209 523 5278 qui
564 5209 729 5277 dedit,
762 5209 857 5282 qui
887 5210 1038 5267 venio
1071 5219 1126 5265 et
1167 5212 1316 5266 stetit
1345 5226 1513 5280 super
1558 5225 1666 5276 me,
1698 5211 1791 5280 qui
1844 5211 2006 5265 unxit

430 5316 540 5368 me,
564 5302 660 5372 qui
684 5302 1069 5365 sanctiﬁcavit;
1121 5304 1214 5373 qui
1256 5305 1309 5357 in
1358 5317 1603 5358 eremum
1656 5302 1925 5358 conduxit
1951 5313 2005 5358 et

322 5412 325 5413 ν
430 5392 695 5448 victorem
725 5393 961 5449 reduxit.
998 5412 1017 5446 ι
1051 5393 1193 5460 Quid
1242 5394 1330 5449 hic
1359 5408 1459 5448 vos
1484 5393 1687 5457 dicitis,
1708 5394 1800 5463 qui
1832 5394 2004 5449 nimia

430 5484 652 5539 licentia
702 5485 1059 5556 libertateque
1106 5484 1320 5540 dicendi
1357 5483 1620 5554 quidquid
1677 5483 1734 5537 in
1776 5484 2002 5541 buccam

429 5576 660 5639 venerit,
695 5578 983 5632 enuntiare
1018 5591 1128 5631 non
1156 5575 1464 5629 veremini?
1512 5573 1869 5644 Spiritnmne,
1910 5576 2004 5646 qui

430 5682 498 5720 ex
536 5666 817 5722 Dominico
838 5665 1060 5722 homine
1115 5664 1328 5735 accipit,
1372 5664 1614 5736 spiritale
1639 5665 1842 5724 donum
1870 5667 2005 5755 dici:

433 5758 520 5825 tis,
553 5769 608 5813 et
641 5773 750 5835 non
786 5758 1125 5815 Paracletum
1168 5758 1390 5830 ipsum?
1433 5758 1814 5816 Verumtamen
1838 5761 2002 5817 dictis

436 5851 696 5906 attentius
722 5851 968 5906 animum
1003 5852 1313 5921 advertens,
1363 5850 1771 5921 pronuntiatum
1827 5853 1999 5922 Spiri-

2111 4659 2174 4711 τδ
2204 4657 2451 4727 Πνεῦμα,
2510 4658 2626 4712 ἀλλ’
2661 4658 2742 4720 είς
2780 4658 2849 4710 τὰ
2904 4655 2997 4708 τοῦ
3050 4654 3374 4726 Πνεύματος
3437 4661 3710 4729 ἀναφέρει

2109 4748 2449 4819 χαρίσματα.
2489 4748 2680 4815 Ἡμεῖς
2710 4748 2766 4801 δὲ
2803 4748 2902 4801 οὐκ
2929 4748 2987 4815 ἐξ
3024 4749 3224 4809 ἄλλων,
3257 4749 3381 4803 ἀλλ’
3416 4751 3481 4815 ἐξ
3508 4746 3588 4805 ὧν
3616 4751 3711 4804 καὶ

2110 4842 2219 4911 πρὸ
2246 4841 2345 4910 τῆς
2385 4843 2599 4910 ρήσεως
2628 4842 2836 4911 ταύτης
2866 4843 2958 4894 καὶ
2993 4840 3134 4908 μετὰ
3167 4840 3264 4912 τὴν
3288 4843 3460 4911 ῥῆσιν
3499 4843 3711 4912 ταύτην
3818 4898 3821 4901 λ

2108 4929 2272 4994 αὐτὸς
2307 4932 2334 4982 ὁ
2363 4931 2779 5001 Χρυσ’ρῤήμ.ιυν
2824 4930 2951 5003 ἔφη,
2999 4930 3062 4982 τὸ
3106 4932 3206 4999 τῆς
3239 4931 3404 4998 ὑμῶν
3460 4933 3712 4993 διανοίας

2110 5020 2395 5089 ἀλόγιστον
2429 5022 2828 5092 ἀπελέγξομεν.
2860 5024 3000 5092 Φησὶ
3024 5022 3132 5091 γὰρ
3156 5021 3325 5090 ὀλίγῳ
3361 5024 3468 5093 τῆς
3491 5028 3710 5095 ρήσεως

2110 5114 2398 5185 πρότερον,
2445 5131 2464 5165 t
2511 5114 2605 5167 Ἐκ
2631 5113 2722 5167 τοῦ
2747 5113 2884 5176 ἐμοῦ
2911 5113 3162 5182 λήψεται.
3204 5133 3222 5169 ι
3272 5113 3374 5180 Ἐξ
3403 5110 3482 5169 ὧν
3514 5118 3716 5187 ἐχορή-

2108 5205 2247 5273 γησέ
2282 5198 2476 5275 μοιτῷ
2514 5205 2784 5276 Κυριακῷ
2815 5203 3116 5275 ἀνθρώπῳ,
3174 5203 3420 5273 λήψεται
3473 5208 3614 5261 αὐτὸ
3653 5207 3712 5260 τὸ

2107 5296 2360 5359 δεδωκὸς,
2394 5297 2455 5350 τδ
2487 5296 2790 5361 ἐλθὸν,.καὶ
2824 5298 3012 5365 μεῖναν
3069 5297 3128 5347 ἐν
3175 5296 3326 5364 ἐμοὶ,
3383 5299 3450 5353 τὸ
3502 5301 3711 5369 χρῖσάν

2112 5406 2204 5460 με,
2236 5390 2297 5442 τὸ
2327 5390 2582 5459 ἁγιάσαν,
2637 5391 2698 5444 τὸ
2732 5390 3014 5459 άναγαγὸν
3064 5391 3141 5451 είς
3194 5387 3293 5458 τὴν
3354 5389 3604 5461 ἔρημον,
3652 5395 3714 5447 ea

2106 5481 2459 5552 ὑποστρέψαν
2491 5500 2558 5553 με
2587 5483 2840 5554 νικητήν.
2873 5500 2894 5534 ›
2933 5482 2999 5534 Tt
3042 5483 3175 5549 γοῦν
3230 5481 3401 5549 ὑμεῖς
3461 5502 3632 5554 φατε,
3658 5484 3710 5538 οἱ

2105 5573 2259 5633 κατὰ.
2282 5573 2486 5643 πολλὴν
2515 5573 2701 5628 ἄδειαν
2741 5574 2803 5627 τὸ
2831 5574 3238 5644 παριστάμενον
3295 5574 3405 5644 οὐχ
3437 5577 3707 5631 ὑποστελ-

2103 5666 2327 5770 λόμενοι
2359 5666 2542 5762 λέγειν
2565 5683 2581 5733 ;
2605 5661 2756 5737 ’Λρα
2784 5665 2843 5719 τὺ
2884 5665 3115 5734 Πνεῦμα
3147 5665 3309 5770 τὸὶὲκ
3340 5667 3446 5770 tofi
3490 5670 3712 5770 Κυρια-

2105 5746 2202 5813 κοῦ
2245 5746 2536 5829 ἀνθρώποῦ
2589 5756 2869 5828 λαμϐάνον
2903 5756 3280 5826 πνευματικὸν
3327 5759 3597 5830 χάρισμα
3627 5754 3708 5813 εῐ.

2105 5848 2193 5906 ναί
2221 5864 2381 5917 φατε,
2417 5848 2513 5902 καὶ
2543 5848 2666 5919 οὐχὶ
2696 5848 2860 5905 αὑτὸν
2884 5847 2973 5903 τὸν
3004 5847 3373 5917 Παράκλητον
3401 5866 3417 5905 :
3497 5851 3653 5905 Ἀλλ’
3678 5853 3707 5905 ὁ
