4054 6406
182 5076 222 5102 δ

363 420 472 484 2ίὸ
1407 425 1507 486 DE
1547 422 1957 486 PROCESSlO

2060 427 2067 486 ἱ
2108 428 2169 488 S.
2209 428 2596 493 SPIRITUS.
3525 427 3635 488 Ξεεῖ

363 538 480 598 τοῖς
512 537 831 607 είρημένοίς
867 539 1366 612 ἓπιστατικὼτερον
1410 543 1739 613 ἐμϐαθύνων
1779 544 1944 600 αὐτὸν

2060 557 2138 602 tus
2169 562 2390 614 nomen,
2441 546 2786 602 Paraclelum
2840 545 3122 602 insinuare
3169 545 3476 612 aﬂirmabit,
3530 547 3632 601 nisi
3680 601 3688 607 _

362 630 484 698 ὲρεί
516 631 608 682 τὸν
647 631 1010 702 Παράκλητον
1034 631 1228 702 δηλοῦν
1281 634 1342 686 τὸ
1373 633 1673 704 εἰρημένον
1708 636 1948 690 ἐνταῦθα

363 719 460 772 τοῦ
488 718 804 786 Πνεύματος
825 719 1017 790 ὄνομα.
1046 722 1105 774 Et
1129 722 1203 792 μὴ
1220 723 1434 791 γὰρτδν
1467 725 1834 794 Παράκλητον
1863 727 1950 778 ἐν·-

361 809 544 864 ταῦθα
567 811 723 878 δηλοί
741 811 799 864 τὸ
817 811 910 865 τοῦ
928 812 1239 882 πνεύματος
1260 815 1453 885 ὄνομα,
1470 823 1588 880 πῶς
1605 819 1712 870 ἀπ’)
1728 817 1824 872 τοῦ
1840 821 1952 872 Κυ-

363 905 490 972 ρίου
511 904 713 972 ὁᾰγιος
744 906 894 973 λέγει
916 908 997 960 ὅτι
1029 925 1047 960 ι
1095 907 1192 960 Ἐκ
1231 906 1326 961 τοῦ
1360 907 1491 979 ἐμοῦ
1523 909 1774 980 λήψεται,
1798 911 1857 976 ἐξ
1877 905 1954 964 ὦν

360 995 678 1066 ἐχορήγησέ
686 1013 776 1066 μοι
793 995 872 1066 τῷ
895 998 1163 1070 Κυριακῷ
1181 1000 1475 1072 ἀνθρώπῳ,
1494 1002 1626 1055 αὐτὸ
1645 1002 1708 1055 τὸ
1720 1003 1954 1068 δεδωκὸς

358 1090 425 1140 τὸ
456 1087 634 1148 ἐλθὸν,
661 1089 753 1141 καὶ
777 1091 970 1158 μεῖναν
990 1091 1047 1143 ὲν
1063 1093 1207 1159 ἐμοὶ,
1233 1092 1295 1146 τὸ
1311 1094 1506 1164 χρϊσάν
1527 1112 1618 1165 με,
1633 1094 1693 1147 τὸ
1715 1095 1954 1164 ἁγιάσαν

365 1196 436 1250 με
466 1197 485 1245 ς
531 1196 550 1229 ο
585 1178 676 1248 Μὴ
704 1180 955 1250 χάρισμα
988 1183 1168 1253 ἐρεῖτε
1217 1179 1359 1238 εἶναι
1409 1188 1786 1256 πνευματικὸν
1821 1189 1955 1242 αῦτδ

359 1272 428 1324 τὸ
458 1271 696 1336 δεδωκδς
747 1272 825 1343 τῷ
859 1275 1254 1346 προσλήμματι
1291 1279 1358 1332 τὰ
1407 1280 1744 1350 χαρίσματα,
1777 1281 1838 1334 τὸ
1865 1281 1952 1334 ἐλ-

360 1363 483 1429 θὸν,
523 1363 620 1417 καὶ
663 1366 854 1433 μεῖναν
882 1368 938 1419 ὲν
962 1367 1131 1437 αὐτῷ,
1175 1369 1236 1422 τδ
1253 1370 1472 1440 χρίσαν,
1522 1377 1582 1424 τὸ
1623 1371 1863 1441 ἁγιάσαν
1889 1373 1951 1426 τὺ

365 1455 749 1525 πρόσλημμοι;
780 1457 1025 1524 Ἔγνωτε
1048 1460 1292 1525 πάντως,
1326 1464 1374 1515 εί
1408 1463 1482 1534 μὴ
1511 1464 1690 1518 ἑκοντὶ
1726 1466 1958 1534 μυωπά-

366 1541 486 1606 ζειν
513 1545 645 1612 πρὸς
667 1544 765 1614 τὴν
784 1546 1040 1614 ἀλήθειαν
1063 1549 1341 1620 βούλεσθε,
1361 1551 1438 1616 ὡς
1457 1555 1516 1608 τὸ
1535 1557 1600 1609 ἐκ
1622 1555 1716 1608 τοῦ
1741 1557 1952 1627 Κυρια-

369 1633 471 1684 κοῦ
501 1633 789 1704 ἀνθρώπου
819 1636 1098 1706 λαμϐάνον
1126 1642 1350 1714 Πνεῦμα
1375 1645 1538 1710 αὐτός
1559 1647 1746 1702 ἐστινὸ
1766 1647 1955 1719 Παρά-

375 1723 592 1792 κλητος.
635 1725 696 1779 El
753 1727 834 1792 δὲ,
866 1733 948 1784 ὅτι
984 1732 1086 1803 ἔφη
1117 1735 1144 1785 ὁ
1177 1735 1598 1806 Χρυσορρήμων
1651 1741 1734 1793 ὅτι
1767 1741 1827 1794 οῦ
1855 1738 1952 1795 τοῦ

387 1814 543 1881 ἁγίου
569 1818 890 1889 Πνεύματος
918 1825 1346 1894 ἐμνημόνευσεν,
1388 1827 1524 1883 ἀλλὰ
1569 1828 1680 1882 τῶν
1709 1830 1949 1901 δωρεῶν,

379 1909 463 1970 είς
489 1912 862 1980 πνευματικὸν
920 1915 1167 1985 χάρισμα
1219 1917 1405 1972 Θέλετε
1450 1920 1822 1990 ἐκλαμϐάνειν
1863 1925 1952 1976 ἐν·

370 1998 547 2052 ταῦθα
569 2000 628 2054 τὸ
661 2001 754 2055 τοῦ
785 2006 1104 2076 Πνεύματος
1137 2009 1325 2078 ὄνομα·
1377 2010 1492 2065 ἀλλ’
1545 2013 1794 2085 ἀκριϐῶς
1841 2015 1954 2079 τοῖς

369 2091 470 2144 νῦν
496 2094 894 2167 ῥηθησομένοις
947 2103 1330 2170 προσεχόντες,
1379 2107 1666 2177 τνωριεῖτι
1693 2106 1956 2180 ἑκάτερον

361 2185 449 2247 είς
473 2185 574 2256 τὴν
620 2187 768 2258 αὐτῷ
803 2195 1054 2264 προσφυῆ
1116 2193 1329 2250 ἔννοιαν
1376 2197 1684 2253 άποτεῖνον.
1751 2201 1862 2254 Καὶ
1887 2201 1954 2270 δὴ

361 2279 672 2349 προσέχετε
703 2282 969 2351 ἀκριϐῶς.
1008 2287 1068 2338 '0
1100 2285 1256 2354 ἅγιος
1313 2288 1480 2360 ὀλίγῳ
1530 2291 1805 2363 πρότερον
1856 2293 1955 2363 τῆς

363 2375 686 2443 περικοπῆς
705 2375 935 2447 ταύτης,
984 2383 1112 2447 περὶ
1165 2376 1234 2452 ἧς
1265 2381 1294 2433 ὁ
1323 2381 1483 2450 λόγος
1529 2385 1686 2455 ἡμῖν,
1739 2385 1802 2439 τὸ
1846 2386 1956 2439 τῶν

355 2462 672 2530 αἱρετικῶν
699 2465 909 2534 είσάγει
934 2470 1246 2538 πρόσωπον,
1282 2473 1577 2544 διαπτιροῦν
1632 2477 1770 2548 πρὸς
1792 2478 1956 2531 αὑτὸν

373 2550 478 2602 κοιλ
528 2551 705 2620 λέγον·
765 2552 919 2619 Εἶδες
985 2557 1104 2622 πῶς
1165 2562 1259 2630 ἀφ’
1321 2563 1520 2619 ἑαυτοῦ
1579 2566 1640 2620 οὐ
1683 2567 1839 2620 λαλεῖ
1891 2568 1954 2622 τὸ

358 2641 624 2712 Πνεῦμα,
657 2645 774 2700 ἀλλ’
799 2648 864 2700 ὲκ
902 2647 998 2702 τοῦ
1054 2651 1183 2710 Υίοῦ
1235 2651 1547 2723 λαμϐάνει;
1605 2656 1698 2727 Μὴ
1727 2657 1955 2711 δύναται

359 2737 400 2804 ὴ
427 2735 688 2789 αὐθεντία
715 2738 994 2810 δειχθῆναι
1035 2743 1128 2795 τοῦ
1158 2746 1513 2814 Πνεύματοςς
1547 2749 1647 2802 οὐκ
1689 2749 1890 2815 ἔδειξεν
1922 2754 1954 2824 ἡ

361 2828 568 2897 Γραφὴ
625 2829 989 2900 ὑποκείμενον
1050 2835 1184 2888 αὐτὸ
1232 2839 1298 2906 τῇ
1360 2841 1578 2912 ἐξουσία
1638 2842 1735 2896 τοῦ
1797 2844 1953 2912 Υίοῦ,

359 2919 753 2990 δανειζόμενον
800 2924 936 2993 παρ’
996 2925 1184 2993 αὐτοῦ,
1240 2930 1334 2983 καὶ
1393 2931 1579 2996 ἄλλοις
1630 2937 1904 3008 χορηγοῦν
1939 2956 1966 3004 ;.

363 3010 594 3082 Ταύτην
619 3013 715 3083 τὴν
738 3017 972 3086 ἀπορίαν
1009 3021 1159 3090 παρὰ
1182 3023 1288 3076 τῶν
1325 3015 1630 3096 αἱρετιῆιιῶν
1677 3046 1957 3098 προτεινο-

364 3103 546 3172 μένην
572 3105 601 3157 ὁ
638 3104 794 3172 ἅγιος
848 3107 1102 3181 τῷλόγῳ
1146 3117 1592 3184 καταστρωννὺς,
1647 3118 1769 3189 οὐχὶ
1823 3119 1956 3191 περὶ

2055 640 2198 694 enim
2234 640 2320 694 ltic
2354 639 2593 710 Spiritus
2644 654 2843 694 nomen
2878 639 3214 694 Paracletum
3248 637 3475 702 indicat,
3501 653 3636 706 quo-

2057 731 2218 787 modo
2247 745 2309 786 ex
2345 746 2574 800 persona
2603 729 2819 787 Domini
2861 740 3084 787 sanctus
3114 730 3221 786 ait:
3259 749 3277 782 ι
3306 729 3378 785 De
3403 744 3522 784 meo
3547 745 3633 783 ae-

2058 823 2247 895 cipiet,
2281 825 2348 880 de
2373 824 2480 891 his,
2517 839 2639 894 quae
2685 825 2818 879 milii
2866 824 3076 880 homini
3107 823 3392 878 Dominico
3433 837 3630 892 suppe-

2055 915 2270 983 ditavit,
2303 916 2442 987 ipse,
2501 917 2596 986 qui
2627 917 2795 980 dedit,
2839 915 2930 985 qui
2969 915 3138 980 venit,
3192 923 3245 969 et
3276 915 3426 970 stetit
3474 930 3638 984 supcr

2055 1024 2164 1074 me,
2220 1010 2314 1079 qui
2375 1009 2530 1064 unxit
2563 1023 2670 1071 me,
2719 1009 2811 1079 qui
2843 1008 3202 1064 sanctiﬁcavit
3231 1008 3352 1063 me?
3379 1028 3396 1059 ›
3421 1009 3634 1061 Annutn

2056 1100 2262 1156 donum
2290 1116 2415 1156 esse
2443 1099 2784 1156 aﬂirmabitis
2845 1099 3108 1170 spiritale,
3162 1100 3337 1168 ipsum
3367 1099 3461 1170 qui
3490 1099 3641 1154 dedit

2056 1191 2266 1247 homini
2300 1201 2586 1262 assumpto
2601 1191 2769 1257 dona,
2809 1190 2903 1261 qui
2937 1191 3102 1255 venit,
3135 1199 3191 1244 et
3229 1189 3377 1244 stetit
3409 1189 3462 1243 in
3494 1189 3636 1259 ipso.

2057 1287 2150 1356 qui
2187 1287 2368 1349 unxit.
2395 1287 2487 1356 qui
2519 1285 2878 1341 sanctificavit
2913 1293 3256 1354 assumptum
3283 1284 3306 1337 ?
3368 1268 3645 1336 Noveritis

2059 1387 2273 1447 aperte,
2308 1379 2364 1434 ni
2393 1387 2586 1448 sponte
2612 1378 2666 1431 in
2695 1377 3174 1444 veritate,soleque
3195 1375 3428 1444 caligare
3454 1373 3644 1437 vultis,

2060 1469 2325 1540 Spiritum
2359 1484 2424 1525 ex
2461 1469 2746 1524 Dominico
2790 1469 3014 1524 homine
3065 1479 3429 1522 assumentem
3466 1464 3641 1534 ipsum

2058 1557 2404 1615 Paracletum
2436 1574 2578 1615 esse.
2623 1557 2690 1612 Et
2717 1557 2788 1620 si.
2815 1557 2965 1627 quod
3018 1557 3448 1627 Chrysostomus
3483 1551 3640 1617 dixit,

2061 1650 2298 1720 Spiritus
2328 1650 2501 1706 sancti
2532 1666 2638 1706 non
2666 1649 3000 1713 meminisse,
3026 1647 3120 1702 sed
3150 1647 3442 1708 donorum,
3467 1644 3522 1698 in
3553 1644 3645 1698 do-

2059 1757 2190 1798 num
2225 1742 2315 1797 liic
2345 1741 2612 1812 spiritale,
2646 1755 2843 1796 nomen
2878 1737 3116 1808 Spiritus
3156 1739 3405 1805 accipere
3433 1747 3644 1804 praesu-

2059 1835 2233 1896 mitis,
2264 1835 2526 1889 attentius
2561 1840 2808 1889 actutum
2856 1829 3103 1885 dicendis
3156 1829 3399 1882 animum
3455 1825 3646 1880 adver-

2060 1919 2258 1994 tentes,
2294 1927 2632 1997 intelligetis,
2685 1921 3243 1993 utrumque-sibimet
3299 1929 3476 1988 aptam
3516 1933 3644 1972 sen-

2060 2019 2307 2087 tentiam,
2337 2017 2646 2084 continere,
2679 2024 2734 2071 et
2768 2011 3156 2070 attentissimis
3193 2009 3390 2064 animis
3435 2007 3640 2062 audite.

2059 2110 2296 2166 Sanctus
2325 2108 2503 2180 paulo
2524 2116 2654 2163 ante
2679 2107 2878 2162 dictam
2904 2107 3233 2176 pericopem.
3261 2105 3329 2160 de
3361 2119 3468 2174 qua
3502 2117 3647 2157 nunc

2059 2202 2224 2258 nobis
2254 2217 2439 2258 sermo
2466 2208 2574 2268 est,
2605 2199 2990 2255 haareticorum
3023 2213 3312 2270 personam
3344 2197 3655 2251 introducit

2059 2292 2426 2360 haesitantem,
2483 2294 2774 2363 ipsumque
2815 2291 3204 2360 alloquentem.
3238 2287 3433 2353 Viden,
3477 2301 3639 2341 nona

2058 2383 2240 2452 seipso
2273 2383 2541 2455 Spiritum
2580 2385 2751 2455 loqui,
2803 2384 2896 2439 sed
2939 2400 2968 2438 a
3003 2383 3142 2437 Filio
3181 2381 3468 2450 accipere?
3501 2377 3641 2432 Nutu

2056 2482 2236 2543 potest
2269 2475 2584 2530 dominatus
2619 2474 2854 2545 Spiritus
2886 2472 3294 2529 demonstrari?
3319 2469 3437 2525 Non
3465 2481 3649 2524 osten—

2058 2564 2141 2622 dit
2165 2565 2346 2635 ipsum
2395 2564 2683 2637 Scriptura
2713 2566 3014 2620 douiinatui
3065 2563 3192 2620 Filii
3241 2561 3564 2624 obnoxium,
3593 2567 3650 2615 et

2059 2657 2128 2712 alt
2159 2657 2250 2710 illo
2282 2666 2622 2713 mutuantem
2672 2657 2902 2726 reliquis
2933 2655 3321 2726 suppeditare?
3354 2650 3506 2707 lianc
3543 2650 3645 2706 du-

2058 2749 2384 2804 bitationem
2418 2750 2488 2820 ab
2517 2750 2789 2805 haereticis
2812 2749 3149 2820 prepositam
3185 2755 3405 2803 sanctus
3447 2744 3499 2797 in
3522 2760 3648 2797 ora-

2061 2843 2211 2897 tione
2245 2843 2520 2913 digerens,
2555 2859 2660 2896 non
2692 2843 2759 2898 de
2792 2842 2911 2912 ipso
2978 2841 3199 2895 nomine
3257 2835 3647 2893 contradictio-

2058 2953 2183 2991 nem
2223 2936 2459 3002 orditur,
2505 2950 2683 3005 neque
2716 2934 2987 2988 haereticis
3019 2931 3309 3000 respondet
3355 2929 3642 2998 Spiritum,

2059 3027 2152 3098 qui
2174 3043 2238 3081 ex
2255 3025 2393 3081 Filio
2417 3025 2637 3096 accipit,
2663 3022 3006 3079 Paracletum
3045 3037 3152 3076 non
3177 3036 3319 3086 esse,
3353 3020 3446 3074 sed
3475 3017 3647 3087 Spiri—

2059 3117 2165 3171 tale
2186 3116 2414 3172 donum.
2447 3114 2513 3170 Et
2538 3130 2774 3186 quanam
2812 3116 2865 3170 id
2893 3115 3104 3170 ratione
3127 3112 3376 3183 peragit?
3404 3109 3461 3165 Si
3494 3126 3651 3164 eum-

363 3196 542 3248 αὑτοῦ
587 3199 684 3250 τοῦ
734 3198 1004 3271 ὀνόματος
1066 3205 1158 3258 τὸν
1182 3206 1282 3275 τῆς
1349 3209 1730 3280 ἀντιρρήσεως
1796 3210 1957 3280 λόγον

2061 3209 2183 3264 dem
2208 3209 2388 3278 ipsum
2433 3223 2556 3264 esse
2602 3207 2868 3277 Spiritum
2893 3206 3043 3269 dicit,
3078 3207 3171 3276 qui
3228 3203 3399 3268 dedit,
3429 3203 3522 3271 qui
3554 3218 3648 3256 ve-

365 3291 631 3353 ποιεῖται,
669 3291 790 3344 οὐδὲ
839 3293 973 3364 πρὸς
1011 3297 1141 3358 τοὺς
1200 3299 1516 3368 αίρετικοὺς
1567 3301 1739 3368 λέγει,
1771 3303 1845 3365 ὡς
1897 3306 1959 3359 τὸ

363 3383 435 3465 ξκ
468 3383 564 3435 τοῦ
615 3383 748 3437 Υίοῦ
789 3383 1070 3454 λαμϐάνον
1104 3389 1350 3460 Πνεῦμα,
1416 3394 1514 3465 οὐχ
1538 3396 1566 3446 ὁ
1599 3395 1958 3468 Παράκλητός

369 3474 547 3534 ἐστιν,
575 3473 714 3528 ἀλλὰ
743 3475 804 3528 τὸ
826 3481 1205 3548 πνευματικὸν
1237 3485 1506 3554 χάρισμα.
1541 3487 1650 3540 Καὶ
1673 3487 1788 3550 πῶς
1809 3489 1955 3560 γάρ;

366 3563 535 3636 εἴπερ
571 3567 708 3620 αὐτὸ
758 3570 937 3624 ἐκεῖνο
998 3567 1144 3628 εἶναι
1184 3576 1244 3628 τὸ
1301 3577 1525 3649 πνεῦμά
1578 3597 1736 3651 φησι,
1789 3581 1849 3636 τὸ
1872 3583 1959 3638 δε-

363 3661 568 3729 sum,
623 3663 684 3716 τὸ
734 3664 910 3726 ἐλθὸν,
975 3669 1072 3720 καὶ
1106 3671 1296 3737 μεῖναν
1339 3673 1396 3725 ὲν
1443 3671 1520 3744 τῷ
1556 3674 1826 3745 Κυριακῷ
1861 3679 1958 3731 άν-

370 3752 608 3824 θρὼπῳ,
645 3759 703 3809 τδ
745 3757 962 3826 χρίσαν,
1003 3761 1099 3813 καὶ
1129 3761 1364 3829 ἁγιάσαν
1411 3764 1576 3818 αὐτόν
1608 3782 1621 3832 ;
1653 3765 1763 3819 ἀλλ’
1794 3767 1870 3832 ὡς
1893 3769 1960 3824 τὰ

332 3847 511 3919 ,βάθη
566 3850 662 3902 τοῦ
710 3851 1028 3922 Πνεύματος
1072 3855 1210 3924 μετὰ
1261 3855 1356 3910 τοῦ
1415 3857 1734 3928 Πνεύματος
1796 3861 1956 3931 ἐρευ-

369 3940 499 4002 νῶν,
550 3941 676 3994 ἐπεὶ
727 3945 852 4007 τοὺς
904 3947 1214 4015 αίρετικοὺς
1258 3949 1373 4020 ᾔδει
1430 3952 1494 4004 ἐκ
1519 3951 1614 4004 τοῦ
1691 3953 1957 4008 ταπεινοῦ

365 4031 467 4101 τῆς
513 4032 780 4101 ,ὶήψεται
843 4036 1041 4117 λέξεως
1094 4040 1174 4102 είς
1234 4040 1332 4111 τὴν
1363 4042 1460 4112 τῆς
1520 4045 1960 4115 παρεξηγήσεως

365 4123 594 4194 ἀπάτην
627 4126 879 4189 ἐλθόντας
911 4129 1000 4182 ἐπὶ
1063 4130 1142 4202 τῷ
1193 4131 1286 4184 τοῦ
1339 4134 1660 4206 Πνεύματος
1710 4137 1955 4206 ὀνόματι,

371 4217 665 4286 μονονουχὶ
722 4218 865 4272 οὕτω
902 4221 1166 4293 προφέρει
1223 4226 1315 4279 τὸν
1350 4225 1533 4294 λόγον.
1568 4227 1656 4291 Ὠς
1689 4230 1737 4282 εἰ
1773 4230 1866 4284 καὶ
1901 4230 1960 4284 τὸ

366 4307 634 4361 ταπεινὸν
667 4308 767 4378 τῆς
792 4310 1053 4378 λήψεται
1104 4314 1305 4381 λέξεως
1347 4317 1492 4387 ὑμᾶς
1525 4322 1669 4372 κινεί
1696 4324 1823 4383 τοὺς
1877 4322 1962 4373 al-

369 4397 630 4465 ρετικους
655 4396 752 4467 τὴν
777 4399 869 4451 τοῦ
905 4401 1220 4470 lli/stipato;
1251 4405 1544 4459 αὑθεντίαν
1562 4408 1960 4475 καταϐιϐάζειν

366 4486 454 4548 εἰς
495 4485 712 4552 ὕφεσιν,
745 4489 820 4551 ὡς
856 4491 1220 4562 ὑποκείμενον
1246 4495 1408 4567 δῆθεν
1443 4497 1610 4553 αὐτοῦ
1645 4502 1712 4572 τῇ
1735 4501 1959 4573 ἐξουσίᾳ

2061 3300 2161 3365 nit,
2196 3300 2287 3370 qui
2317 3300 2542 3354 stetltin
2573 3298 2861 3353 Dominico
2909 3298 3154 3358 ltomine,
3209 3294 3303 3364 qui
3333 3292 3509 3354 unxit,
3549 3293 3645 3361 qui

2061 3392 2425 3448 sanctiﬁcavit
2482 3393 2658 3461 illum,
2694 3392 2790 3448 sed
2859 3388 3176 3445 altitudines
3237 3386 3473 3456 Spiritus
3521 3398 3647 3438 cum

2061 3485 2271 3557 Spiritu
2302 3487 2660 3556 investigatis,
2686 3499 2811 3539 cum
2845 3484 3014 3540 sciret
3040 3481 3350 3545 litereticos,
3376 3495 3440 3534 ex
3473 3478 3648 3532 tenui-

2063 3587 2176 3634 tate
2226 3577 2486 3632 dictionis
2543 3577 2764 3646 accipiet
2822 3575 2876 3630 in
2915 3587 3095 3645 pravae
3181 3569 3651 3640 interpretationis

2061 3669 2309 3726 fraudem
2347 3670 2576 3739 gradum
2612 3669 2832 3733 fecisse,
2869 3667 2937 3722 de
2981 3665 3219 3736 Spiritus
3252 3664 3477 3719 nomine
3535 3671 3652 3715 tau-

2061 3773 2174 3819 tum
2205 3765 2512 3818 orationem
2544 3761 2620 3816 ita
2657 3759 2916 3816 instituit.
2953 3758 3018 3811 Et
3050 3757 3095 3813 si
3125 3757 3382 3812 dictionis
3429 3755 3653 3823 accipiet

2060 3855 2416 3921 exilitas,vos
2439 3853 2722 3909 haereticos
2750 3851 2817 3906 ad
2837 3850 3074 3921 Spiritus
3104 3847 3475 3917 principatum
3516 3846 3652 3900 sub-

2063 3945 2390 4002 move‘ndum
2428 3944 2646 4003 excitat,
2683 3943 2841 4014 quasi
2897 3941 2987 3997 ille
3043 3940 3295 3997 subesset
3347 3935 3653 3992 dominatul

2061 4036 2188 4101 Fili,
2249 4044 2707 4104 mutuareturque
2752 4033 2822 4088 ab
2854 4047 2941 4099 eo,
2977 4041 3031 4086 et
3081 4031 3208 4086 aliis
3254 4027 3650 4099 suppeditaret,

2063 4143 2170 4181 non
2207 4126 2330 4182 ideo
2364 4135 2545 4179 tamen
2565 4133 2777 4186 matura
2812 4137 2911 4179 sua
2945 4121 3132 4176 divina
3157 4136 3186 4174 a
3215 4119 3502 4173 Dominico
3553 4116 3652 4168 Ito-

2063 4218 2208 4272 tnine
2240 4215 2479 4286 Spiritus
2511 4225 2758 4280 sanctus,
2783 4213 3022 4284 [accipit,
3074 4227 3184 4282 quo
3232 4220 3416 4265 vester
3469 4223 3652 4262 sermo

2062 4325 2170 4365 non
2222 4318 2371 4364 esset
2427 4310 2712 4376 ajratione
2763 4308 2997 4362 alienus.
3051 4306 3156 4360 Sed
3193 4318 3316 4360 cum
3349 4301 3648 4358 secundum

2062 4412 2276 4470 tempus
2301 4398 2435 4452 citra
2468 4398 2795 4468 principium
2825 4397 3063 4466 Spiritus
3089 4405 3336 4458 sanctus,
3370 4393 3462 4463 qui
3500 4391 3654 4443 liabi-

2065 4492 2197 4546 tavit
2234 4492 2289 4545 in
2329 4507 2414 4555 eo,
2444 4491 2538 4560 qui
2569 4487 3002 4560 assumptionem
3031 4487 3251 4558 accepit
3289 4495 3652 4553 conceptacu»

367 4578 472 4629 τοῦ
510 4577 668 4639 Υἱοῦ,
704 4581 796 4632 καὶ
823 4579 1201 4653 δανειζομένου
1256 4587 1387 4657 παρ’
1413 4589 1603 4654 αὐτοῦ,
1638 4591 1733 4643 καὶ
1775 4591 1957 4657 ἄλλοις

2064 4584 2174 4639 lum
2209 4585 2360 4639 illum
2418 4584 2667 4639 omnium
2701 4583 3049 4655 propriorum
3125 4581 3392 4636 donorum
3450 4575 3650 4631 eﬂ‘ecit'.

366 4666 763 4735 χορηγοῦντος,
785 4669 902 4724 ἀλλ’
929 4671 1050 4742 οὐχὶ
1099 4674 1240 4728 κατὰ
1267 4675 1364 4745 τὴν
1403 4676 1552 4730 Θείαν
1588 4679 1756 4733 αὐτοῦ
1795 4679 1960 4750 φύσιν

367 4759 442 4809 ἐκ
474 4758 566 4809 τοῦ
591 4760 872 4829 Κυριακοῦ
908 4762 1200 4834 ἀνθρώπου
1233 4766 1296 4819 τὸ
1330 4766 1472 4821 θεῖον
1493 4769 1718 4839 Πνεῦμα
1746 4771 1961 4842 λαμϐά·

366 4864 466 4898 νον
503 4849 679 4913 ἐστὶν,
745 4851 812 4904 ἵν’
861 4853 960 4924 ἔχῃ
1009 4853 1070 4907 τδ
1117 4853 1340 4925 εὔλογον
1369 4858 1398 4910 ὁ
1425 4858 1580 4925 λόγος
1612 4859 1787 4931 ὑμῶν.
1818 4862 1958 4916 Ἀλλ’

367 4937 566 5008 ἐπειδὴ
594 4940 654 4992 τὸ
690 4942 831 4994 κατὰ
856 4945 1048 5013 χρόνον
1080 4944 1317 5016 ἄναρχον
1342 4947 1496 5015 ἅγιον
1523 4949 1773 5020 Πνεῦμα,
1823 4955 1960 5007 ἐνοι-

373 5030 556 5099 κῆσαν
585 5030 666 5102 τῷ
694 5033 795 5102 τὴν
828 5036 1006 5105 ἀρχὴν
1038 5037 1258 5092 λαϐόντι
1288 5041 1702 5112 προσλήμματι,
1737 5043 1963 5114 δεξαμεο
1983 5087 1999 5106 ,

2064 4675 2366 4746 Oportebat
2391 4693 2521 4737 vero
2540 4691 2755 4742 omnes,
2777 4676 2869 4747 qui
2893 4675 3240 4746 postmodum
3273 4669 3648 4732 credidissent,

2065 4785 2128 4824 ex
2159 4780 2314 4840 parte
2358 4769 2523 4826 veluti
2560 4769 2952 4839 conceptaculo
3003 4785 3033 4823 a
3085 4765 3367 4822 Dominico
3423 4776 3652 4830 corpore

2067 4864 2336 4934 accipere.
2387 4862 2460 4918 Ex
2493 4863 2895 4934 complemento
2927 4861 3071 4916 enim
3114 4860 3258 4914 illius
3288 4857 3526 4912 Joannes
3556 4869 3651 4905 vc-

2065 4955 2247 5010 ritatis
2279 4969 2456 5025 praeco
2487 4971 2680 5010 omnes
2732 4955 2982 5024 accipere
3032 4953 3232 5008 astruit
3263 4971 3276 5007 :
3308 4951 3540 5019 ideoque
3583 4960 3650 4998 ex

2068 5046 2357 5103 Dominico
2386 5063 2615 5118 corpore
2648 5048 2898 5116 accipere
2927 5046 3108 5101 dictus
3128 5057 3234 5100 est.

373 5123 475 5192 νὴν
497 5123 630 5176 αὐτὸ
663 5125 884 5178 πάντων
918 5125 1027 5180 τῶν
1053 5128 1274 5183 οἰκείων
1296 5131 1655 5201 χαρισμάτων
1719 5134 1992 5203 ἀπέδειξε,
2051 5138 2210 5208 χρεία
2259 5135 2317 5190 δὲ
2371 5133 2441 5208 ἦν
2493 5137 2702 5202 πάντας
2753 5139 2884 5201 τοὺς
2946 5135 3338 5204 πιστεύονταςἈ
3356 5131 3648 5197 ἐσύστερον

371 5217 685 5287 λαμϐάνειν
735 5220 799 5273 ἐκ
857 5220 1058 5292 μέρους
1114 5223 1224 5278 ἀπὸ
1274 5225 1370 5279 τοῦ
1428 5228 1709 5299 Κυριακοῦ
1748 5228 1999 5300 σώματος
2033 5233 2110 5298 ὡς
2142 5234 2250 5286 ἀπὸ
2305 5233 2628 5304 δεξαμενῆς.
2663 5234 2762 5291 Ἐκ,
2788 5234 2896 5305 γάρ
2921 5231 3014 5287 τοῦ
3051 5227 3422 5302 πληρώματος
3478 5222 3645 5278 αὑτοῦ

376 5310 590 5372 πάντας
623 5309 923 5380 λαμϐάνειν
966 5314 1272 5388 Ἱωάννηςὸ
1321 5318 1422 5389 τῆς
1467 5319 1726 5390 ἀληθείας
1805 5327 2071 5397 μαρτυρεῖ
2111 5324 2332 5406 πήρυξ·
2388 5327 2477 5379 διὰ
2528 5324 2688 5380 τοῦτο
2735 5329 2800 5380 ὲκ
2892 5324 2988 5379 τοῦ
3034 5321 3314 5396 Κυριακοῦ
3357 5318 3645 5390 ἀνθρώπου

374 5405 660 5473 λαμϐάνον
689 5407 888 5478 ἐρρέθη
916 5410 1067 5464 αὐτό.

450 5498 527 5564 ς’.
567 5499 704 5570 Οὐχὶ
733 5503 794 5554 τὸ
823 5501 996 5572 ὄνομα
1027 5504 1159 5572 γοῦν
1198 5505 1293 5560 τοῦ
1330 5507 1486 5574 ἁγίου
1537 5508 1852 5580 Πνεύματος
1883 5511 1962 5573 εἰς

375 5591 614 5662 δήλωσιν
647 5595 1022 5664 πνευματικοῦ
1056 5598 1394 5668 χαρίσματος
1426 5601 1453 5652 ὁ
1477 5598 1634 5667 ἆγιος
1683 5601 1965 5669 ἐκλαμϐά-

378 5701 487 5734 νων
510 5685 579 5736 ti
615 5678 745 5752 περὶ
795 5685 893 5752 τῆς
951 5685 1166 5755 λήψεως
1225 5687 1430 5759 ταύτης
1479 5689 1607 5769 ἔφη,
1651 5690 1965 5762 ἁλλάὑτὴν

381 5775 602 5842 ἐκείνην
624 5774 724 5844 τὴν
783 5775 948 5844 λῆψιν
979 5780 1056 5838 εἰς
1085 5779 1318 5848 δήλωσιν
1365 5781 1463 5851 τῆς
1514 5782 1622 5834 τῶν
1662 5800 1965 5850 πνευματι-

384 5867 501 5919 κῶν
563 5869 927 5938 χαρισμάτων
1003 5869 1260 5941 διανομῆς
1323 5871 1709 5944 ἐξηγούμενος,
1783 5875 1964 5945 ἀφῆκε

2138 5509 2192 5563 6.
2245 5507 2362 5563 Non
2394 5507 2578 5578 itaque
2619 5520 2819 5560 nomen
2853 5506 3026 5560 sancti
3072 5503 3308 5573 Spiritus
3344 5503 3410 5558 ad
3450 5511 3647 5560 notan-

2066 5603 2197 5656 dum
2230 5601 2478 5668 spiritale
2522 5601 2724 5654 donum
2772 5607 2996 5654 sanctus
3023 5610 3333 5660 assumens,
3375 5596 3444 5651 de
3493 5612 3648 5654 acce-

2069 5693 2253 5764 ptione
2282 5694 2374 5747 illa
2405 5693 2607 5749 similia
2650 5693 2895 5759 tradidit,
2931 5693 3027 5748 sed
3062 5690 3210 5744 illam
3263 5689 3437 5760 ipsam
3486 5705 3643 5746 acce-

2068 5786 2308 5854 ptionem
2359 5787 2425 5839 ad
2450 5785 2864 5854 signiﬁcandam
2910 5782 3235 5852 spiritalium
3263 5784 3530 5838 donorum
3565 5785 3644 5837 di-

2068 5879 2474 5944 stributionem,
2551 5892 2852 5949 exponens,
2890 5877 3346 5934 considerandum
3404 5875 3642 5948 reliquit,
