4054 6434
398 460 411 501 ,χ
498 400 600 463 247

1522 405 1729 467 JOAN.
1767 405 1984 472 VECC!
2023 407 2130 472 (ΞΡ.
2174 408 2688 475 PATRIARCHA!

3624 424 3724 492 248

493 515 671 582 ipsum
709 504 1072 579 Paraeletum,
1103 511 1197 585 qui
1233 511 1288 567 in
1336 523 1620 586 assumpto
1665 517 1847 582 datus,
1884 519 2061 585 ,ἰονθ-

2179 521 2416 588 νοεῖσθαι,
2442 523 2519 587 ὡς
2541 525 2703 588 αὐτὸς
2732 526 2935 592 ἐκεῖνος
2966 529 2995 581 6
3023 530 3380 601 Παράκλητος
3406 534 3434 588 6
3459 533 3534 605 τῷ
3563 555 3721 606 προσ-

492 613 716 673 ctusque
751 604 1091 681 inhabitavit,
1121 604 1369 662 eumdem
1416 622 1560 671 esse,
1589 610 1683 680 qui
1734 612 1803 665 ab
1848 625 2063 667 assum-

490 705 586 767 pto
620 697 785 753 veluti
820 712 852 752 a
879 701 1272 770 conceptaculo
1320 700 1764 759 distributionem
1789 704 2060 761 donorum

490 786 651 842 eﬂicit
681 805 694 842 :
733 797 794 843 ut
823 788 936 859 jam
968 789 1059 855 sit,
1090 799 1144 844 et
1174 790 1449 862 accipiens
1502 790 1760 862 Spiritus,
1799 802 1854 849 et
1907 808 2066 850 acce-

490 887 639 946 ptus,
662 887 717 933 et
752 878 854 933 hoc
881 880 1097 949 quidem
1126 881 1353 937 innuere
1378 881 1741 951 Paracletum,
1789 884 1881 954 qui
1917 886 2065 940 acci-

490 971 567 1039 pit
598 986 705 1026 non
736 981 1036 1039 mutuatus,
1068 973 1171 1029 hoc
1208 988 1336 1028 vero
1373 975 1538 1038 dona,
1577 991 1699 1046 qua:
1720 976 1788 1033 ab
1829 978 1950 1048 ipso
1975 993 2068 1034 ex-

490 1064 711 1119 hibente
763 1062 1043 1120 Paracleto
1115 1066 1478 1135 accipiuntur.
1538 1067 1604 1123 Et
1671 1069 1907 1125 addiscit
1953 1071 2067 1127 haec

490 1156 672 1219 latius,
706 1156 797 1225 qui
833 1158 1017 1213 omnia
1045 1160 1341 1214 secundum
1364 1170 1543 1230 partes
1575 1162 1923 1229 percurrerit,
1947 1176 2069 1234 qua

488 1262 588 1313 pro
614 1249 910 1325 sententiae
941 1249 1319 1321 hujuscemodi
1351 1261 1646 1319 structura,
1698 1254 1757 1309 in
1803 1253 1917 1324 jam
1966 1269 2068 1310 saa-

491 1337 615 1405 pius
657 1338 880 1394 laudata
911 1343 1158 1396 oratione
1178 1343 1459 1412 explicuit.
1487 1344 1554 1399 Et
1585 1344 1819 1402 Sanctus
1846 1345 2065 1415 quidem

492 1442 602 1483 non
652 1429 761 1485 alio
793 1439 952 1501 pacto
984 1433 1052 1487 de
1105 1432 1397 1497 similibus,
1463 1449 1583 1504 quas
1619 1435 1670 1489 in
1708 1435 1944 1491 adducta
1973 1451 2067 1507 pe-

494 1521 680 1590 ricopc
729 1521 1022 1587 habentur,
1053 1523 1106 1577 in
1141 1524 1361 1595 propria
1392 1526 1638 1582 oratione
1673 1525 1921 1582 tradidit.
1956 1526 2070 1583 Vos

491 1630 647 1681 vero,
681 1616 774 1686 qui
805 1623 998 1670 cuncta
1036 1623 1241 1670 temere
1267 1616 1625 1685 pronuntiare
1671 1631 1779 1672 non
1806 1618 2070 1673 veremini

492 1711 637 1781 quod
666 1710 932 1781 spiritalia
976 1710 1118 1765 dona
1172 1711 1483 1767 iudicentur
1534 1710 1776 1767 dictione
1824 1712 2069 1782 accipiet,

496 1802 671 1870 ipsum
778 1798 1015 1870 Spiritus
1095 1814 1293 1855 nomen
1400 1800 1544 1855 male
1623 1801 2067 1872 interpretantes,

495 1896 636 1947 hanc
715 1906 940 1962 pravam
1026 1891 1268 1947 nominis
1344 1871 1849 1959 interpretationem
1921 1871 2144 1947 arri--B

493 1983 640 2053 pilis,
664 1984 729 2039 ad
764 1983 1163 2039 decernendum
1196 1998 1305 2037 non
1358 1981 1566 2052 absque
1620 1996 1828 2047 errore,
1862 1996 1972 2038 non
2002 1997 2068 2037 ex

458 2092 463 2095 -
500 2074 673 2131 Verbo
710 2090 833 2130 esse
863 2074 1148 2144 Spiritum,
1185 2088 1283 2129 sua
1308 2083 1504 2129 natura
1540 2090 1603 2130 ac
1631 2074 1930 2130 divinitate.
1967 2073 2072 2131 Ve-

497 2177 804 2222 rumtamen
856 2166 1323 2234 contentionibus,
1374 2173 1427 2221 et
1464 2165 1618 2220 vobis
1656 2164 1790 2236 ipsis
1832 2165 2073 2236 compla-

496 2253 652 2315 cendi
680 2260 859 2315 studio
894 2258 1170 2330 sepoSitis,
1209 2260 1252 2315 si
1297 2259 1498 2329 optatis
1554 2259 1858 2324 addiscere,
1909 2275 1976 2314 an
2004 2274 2073 2315 ex

401 2361 408 2367 ”
496 2354 636 2411 Filio
672 2352 907 2422 Spiritus
939 2354 1028 2417 sit,
1056 2353 1185 2429 illud
1211 2362 1522 2423 procurate,
1574 2368 1641 2408 ex
1682 2351 1883 2408 divinis
1918 2352 2074 2409 Scri-

495 2446 671 2517 pturis
701 2459 1050 2515 cognoscere,
1086 2449 1358 2500 undenam
1401 2445 1516 2515 ipse
1569 2443 1805 2514 Spiritus
1854 2453 2075 2501 sanctus

493 2538 572 2593 rei
602 2544 894 2606 assumpta:
939 2552 1033 2606 per
1073 2535 1363 2590 Dominum
1425 2534 1703 2591 exhibitus
1749 2534 1874 2590 est?
1921 2532 2077 2589 Unde

494 2627 766 2682 exsistens
823 2625 1146 2681 naturaliter
1185 2634 1241 2680 et
1282 2624 1668 2685 essentialiter.
1721 2624 1881 2680 datus
1919 2622 2075 2678 inve-

497 2728 831 2791 ctusque-est
849 2718 1131 2773 Dominico
1164 2717 1418 2787 corpori?
1446 2714 1585 2772 Num
1628 2730 1695 2770 ex
1728 2713 1890 2770 Patre
1935 2714 2076 2781 solo,

499 2825 757 2885 tanquam
790 2828 855 2867 ex
882 2827 947 2867 eo
977 2810 1094 2866 solo
1122 2810 1396 2865 exsislens
1414 2808 1492 2863 rei
1522 2813 1815 2877 assumpta:
1837 2804 2076 2876 Spiritus

499 2907 734 2961 donatus
768 2905 889 2960 est?
941 2905 1010 2958 At
1059 2917 1292 2973 magnus
1363 2900 1691 2955 Athanasius
1754 2900 1955 2955 clamat
2012 2899 2081 2955 de

2162 612 2410 685 λήμματι
2437 615 2603 681 δοτῶς
2631 620 2938 686 ἐνοικήσας,
2956 623 3051 676 καὶ
3089 623 3361 690 επακτῶς,
3390 626 3549 692 αὑτός
3583 630 3720 701 ἐστιν

2161 708 2191 761 6
2221 709 2313 761 καὶ
2342 710 2442 780 τὴν
2475 710 2583 763 ἀπὸ
2611 710 2909 783 δεξαμενῆς
2935 713 3032 769 τοῦ
3083 716 3514 788 προσλήμματος
3559 722 3721 776 διανο-

2170 798 2278 871 μὴν
2306 799 2418 855 τῶν
2439 803 2796 873 χαρισμάτων
2847 806 3192 877 ποιούμενος·
3246 808 3324 871 ὡς
3363 806 3621 865 εἶναικαὶ
3669 819 3723 867 τδ

2163 889 2443 960 λαμϐάνον
2480 893 2726 963 Πνεῦμα,
2755 894 2850 948 καὶ
2893 895 2954 948 τὸ
2999 894 3425 968 λαμϐανόμενον
3486 902 3720 971 Πνεῦμα,

2164 984 2262 1039 καὶ
2291 983 2353 1037 τὸ
2380 983 2476 1053 μὲν
2499 982 2699 1054 δηλοῦν
2745 985 2838 1038 τὸν
2871 987 3249 1057 Παράκλητον,
3273 989 3332 1052 ὃς
3361 989 3621 1059 λαμὸάνει
3655 978 3722 1062 μὴ

2160 1073 2567 1143 δανειζόμενος,
2591 1073 2653 1126 τὸ
2677 1073 2734 1127 δὲ
2760 1074 2828 1127 τὰ
2859 1077 3199 1147 χαρίσματα,
3234 1076 3378 1148 ἅπερ
3403 1080 3532 1147 παρ’
3568 1080 3723 1132 aiam-'3

2166 1163 2263 1217 τοῦ
2286 1164 2519 1227 διδόντος
2550 1164 2910 1237 Παρακλήτου
2960 1166 3360 1236 λαμϐάνονται.
3389 1170 3494 1230 Καὶ
3528 1170 3725 1224 εἵσεται

2168 1255 2412 1325 τὰφπερὶ
2462 1256 2653 1310 τούτου
2705 1256 3044 1328 πλατύτερον
3086 1259 3115 1312 6
3145 1262 3314 1314 πᾶσιν
3359 1261 3726 1329 ἐντευξόμενος

2169 1348 2313 1403 κατὰ
2359 1348 2526 1420 μέρος
2575 1351 2691 1413 τοῖς
2737 1350 2866 1421 περὶ
2913 1353 3268 1419 κατασκευῆς
3318 1353 3411 1405 τοῦ
3469 1354 3728 1420 veritate;

2168 1439 2359 1494 τούτου
2388 1441 2629 1512 ῥηθεῖσιν
2651 1444 2709 1496 ἐν
2737 1442 2814 1511 τῷ
2838 1442 3098 1506 πολλάκις
3122 1442 3339 1514 ῥηθέντι
3381 1443 3522 1512 λόγῳ
3552 1443 3726 1499 αὐτοῦ.

2171 1531 2281 1584 Καὶ
2312 1532 2340 1584 6
2377 1531 2478 1599 μὲν
2528 1531 2684 1601 ἅγιος
2722 1532 2867 1587 οὕτω
2916 1533 3016 1587 καὶ
3056 1534 3149 1586 ἐπὶ
3202 1528 3469 1592 τοιούτοις
3517 1535 3581 1586 τὰ
3640 1535 3729 1601 τῆς

2171 1623 2672 1695 ἀναγεγραμμένης
2737 1625 3049 1695 περικοπῆς
3121 1626 3179 1676 ἐν
3225 1624 3305 1696 τῷ
3349 1625 3535 1696 οἰκείῳ
3596 1625 3731 1695 λόγῳ

2173 1714 2537 1785 προήνεγκεν,
2590 1715 2755 1786 ὑμεῖς
2809 1716 2868 1771 δὲ
2891 1717 2941 1770 οἱ
2983 1717 3181 1781 πάντα,
3226 1717 3301 1779 ὡς
3348 1715 3529 1785 ἔτυχε.
3563 1717 3731 1783 λέγειν

2172 1803 2615 1875 ἀποτολμῶντες,
2669 1805 2759 1860 διὰ
2814 1806 2876 1860 τὸ
2926 1807 2994 1859 τὰ
3049 1806 3402 1876 πνευματικὰ
3454 1806 3732 1875 δηλοῦσθαι

2171 1894 2487 1965 χαρίσματα
2538 1896 2603 1950 ὲκ
2657 1897 2757 1967 τῆς
2807 1897 3041 1967 λήψεται
3091 1898 3315 1965 λέξεως,
3374 1900 3505 1952 αὐτὸ
3538 1900 3598 1951 τὸ
3647 1897 3732 1951 τοῦ

2172 1985 2493 2055 Πνεῦματος
2531 1986 3012 2058 παρεξηγούμενοι
3041 1988 3235 2059 ὄνομα,
3288 1988 3548 2059 ἀφορμὴν
3575 1990 3736 2039 nerei;

2175 2076 2269 2131 σθε
2297 2078 2674 2149 παρεξήγησιν
2726 2078 2821 2132 τοῦ
2847 2079 3115 2150 ὀνόματος
3140 2079 3234 2132 τοῦ
3258 2079 3607 2149 δογματίζειν
3630 2082 3739 2142 ἐπι-

2176 2168 2419 2236 σφαλῶς,
2450 2170 2530 2240 μὴ
2568 2171 2633 2224 ὲκ
2665 2170 2761 2225 τοῦ
2800 2171 2979 2239 Λόγου
3042 2165 3188 2226 εἶναι
3238 2170 3302 2223 τὸ
3331 2170 3562 2239 Πνεῦμα
3610 2169 3740 2222 κατᾶ

2172 2260 2274 2331 τὴν
2309 2261 2476 2315 αὐτοῦ
2530 2262 2694 2331 φύσιν
2728 2278 2787 2316 τε
2817 2264 2910 2316 καὶ⁸
2945 2262 3201 2334 θεότητα.
3243 2263 3392 2317 Ἀλλ’
3431 2262 3740 2331 ἀποθέμενοι

2174 2350 2235 2404 τὸ
2265 2351 2572 2419 φιλόνεικον
2618 2354 2715 2406 καὶ
2742 2353 3101 2425 αὐτάρεσκον,
3128 2355 3177 2408 εἰ
3208 2355 3424 2425 ζητεῖτε
3452 2355 3615 2417 ὅντως
3643 2369 3738 2421 μα·

2178 2445 2317 2511 θεῖν,
2376 2447 2427 2502 εῑ
2472 2448 2540 2503 ὲκ
2591 2448 2687 2502 τοῦ
2748 2449 2878 2503 Υίοῦ
2935 2449 2998 2503 τὸ
3056 2449 3285 2520 Πνεῦμά
3314 2451 3451 2515 ἑστι,
3488 2439 3741 2517 ζητήσατέ

2177 2537 2382 2607 γνῶναι
2432 2537 2541 2591 ἀπὸ
2567 2538 2678 2592 τῶν
2713 2536 2876 2591 θείων
2905 2538 3160 2609 Γραφῶν,
3194 2538 3331 2591 αὐτὸ
3359 2539 3421 2591 τὸ
3453 2537 3668 2604 Πνεῦμα
3688 2533 3741 2585 τδ

2178 2627 2333 2696 ἅγιον
2399 2628 2567 2682 πόθεν
2648 2627 2728 2699 τῷ
2818 2629 3214 2699 προσλήμματι
3300 2629 3511 2699 Κυρίου
3572 2625 3738 2690 ἐδόθη,

2178 2720 2344 2775 πόθεν
2398 2721 2644 2791 ὑπάρχον
2714 2721 2961 2790 φυσικῶς
3034 2737 3094 2774 τε
3147 2721 3243 2775 καὶ
3318 2718 3623 2781 οὐσιωδῶς,
3666 2715 3742 2767 δο-

2182 2814 2275 2867 τὺν
2330 2813 2427 2867 καὶ
2472 2811 2709 2865 ἐπακτὸν
2762 2810 2842 2881 τῷ
2888 2810 3156 2883 Κυριακῷ
3203 2809 3422 2880 σώματι
3481 2806 3741 2877 ὲγεγόνεις

2180 2899 2310 2975 Ἆρ’
2337 2904 2401 2959 ἑκ
2423 2903 2518 2958 τοῦ
2553 2903 2765 2973 Πατρδς
2789 2903 2975 2973 μόνου,
3003 2902 3079 2966 ὡς
3105 2902 3163 2969 ἐξ
3194 2902 3365 2956 αὐτοῦ
3396 2902 3554 2972 μόνου
3584 2897 3743 2964 ὑπάρ-

499 2996 690 3054 Filio:
728 3013 747 3049 ι
788 2996 869 3050 Ex
918 2995 1037 3066 ipso
1076 2996 1257 3065 itaque
1313 2995 1365 3047 in
1398 2993 1649 3049 eumdem
1694 2991 2079 3060 descendebat,

2181 3014 2277 3069 χον
2321 2996 2400 3068 τῷ
2463 2996 2859 3067 προσλήμματι
2909 2995 3070 3067 ἐδόθη
3130 2994 3192 3047 τὸ
3218 2995 3480 3065 Πνεῦμας
3554 2985 3760 3043 ⁸Αλλ’ὁ-

503 3106 570 3147 ex
619 3088 901 3144 divinitate
941 3102 1062 3153 sua,
1095 3086 1151 3142 in
1203 3086 1595 3151 humanitatem
1650 3099 1829 3141 suam.
1878 3101 1898 3136 t
1938 3082 2080 3139 Num

2188 3087 2365 3161 μέγας
2405 3087 2726 3150 ’Δθανὰσιος
2760 3086 2858 3158 βοᾷ
2887 3087 3019 3158 περὶ
3069 3086 3165 3140 τοῦ
3191 3085 3326 3139 Υίοῦ
3356 3102 3371 3117 ⁶
3413 3105 3433 3138 ι
3474 3083 3563 3147 Ἐξ
3593 3077 3742 3133 αὐτοῦ

502 3196 696 3237 rursus
729 3196 794 3236 ex
818 3179 958 3235 Filio
986 3179 1127 3242 solo,
1163 3177 1385 3248 perinde
1400 3192 1464 3231 ac
1482 3176 1529 3231 si
1548 3191 1615 3231 ex
1639 3175 1758 3246 ipso
1788 3176 1906 3232 solo
1924 3176 2080 3239 exsic

2185 3178 2279 3233 οῦν
2307 3180 2390 3242 εἰς
2438 3178 2604 3233 αὑτὸν
2662 3178 2879 3249 κατῄει.
2926 3180 2992 3232 ὲκ
3029 3178 3129 3247 τῆς
3161 3177 3421 3248 θεότητος
3463 3171 3626 3229 αὐτοῦ
3674 3171 3745 3228 εἰς

502 3282 688 3338 sterct,
749 3271 828 3330 rei
888 3278 1177 3340 assumptte
1226 3271 1518 3325 attributus
1546 3278 1631 3326 est
1683 3267 1958 3340 Spiritus?
2011 3268 2080 3324 At

2182 3273 2281 3345 τὴν
2309 3271 2708 3342 ἀνθρωπότητα
2738 3270 2927 3325 αὐτοῦ.
2962 3289 2981 3323 ι
3030 3269 3172 3324 Ἀλλ’
3200 3272 3266 3323 ἐκ
3291 3270 3391 3322 τοῦ
3418 3267 3548 3320 Υἱοῦ
3575 3263 3742 3333 μόνον.

503 3362 948 3432 Chrysostomus,
971 3362 1023 3415 in
1056 3362 1257 3430 sapius
1290 3360 1502 3415 laudata
1536 3360 1781 3415 oratione
1811 3360 1953 3415 inter
1974 3358 2080 3414 alia

2180 3366 2257 3429 ὡς
2288 3364 2348 3430 ἑξ
2387 3364 2552 3418 αὐτοῦ
2589 3364 2751 3432 μόνου
2798 3363 3042 3433 ὑπάρχον
3074 3361 3153 3431 τῷ
3181 3362 3575 3432 προσλὴμματι
3604 3351 3744 3416 ἐδόθη

506 3456 621 3510 haec
650 3468 868 3525 quoque
897 3462 1081 3524 aperte
1120 3454 1283 3508 tradit
1311 3471 1323 3507 :
1354 3471 1373 3504 ι
1402 3452 1542 3509 Deus
1564 3451 1925 3509 sanetilicavit
1955 3465 2080 3505 car-

2182 3460 2243 3513 τὸ
2273 3458 2533 3529 Πνεῦμα;
2576 3457 2719 3511 Ἀλλ’
2747 3456 3209 3528 όΧρυςορῥήμων
3234 3457 3294 3508 ὲν
3320 3457 3480 3526 μέρει
3510 3449 3599 3504 τοῦ
3623 3444 3742 3499 ’πολ⁹

504 3560 628 3600 nem
668 3544 868 3614 Spiritu
894 3553 1106 3600 sancto.
1150 3543 1212 3598 Et
1242 3543 1390 3620 misit
1414 3543 1616 3599 donum
1655 3541 1893 3612 Spiritus
1923 3541 2080 3618 Pater

2185 3551 2343 3614 λάκις
2361 3551 2617 3622 ῥηθέντος
2641 3550 2801 3619 λόγου
2819 3549 2970 3618 λέγει
2994 3547 3228 3620 τρανῶς,
3261 3568 3278 3599 ι
3312 3548 3377 3603 Ὀ
3403 3545 3534 3606 Θεὸς
3561 3540 3741 3612 ἡγίασε

507 3631 559 3686 in
593 3647 811 3688 carnem
832 3633 1031 3689 Christi
1058 3651 1070 3687 :
1100 3643 1297 3690 etcum
1322 3633 1612 3689 adveniens
1638 3633 1809 3704 gratia
1831 3631 2080 3686 universa

2185 3645 2282 3715 τὴν
2311 3644 2490 3715 σάρκα
2528 3642 2814 3713 ιῖνεὺματι
2861 3642 3024 3712 ἁγίῳ,
3072 3642 3166 3694 καὶ
3190 3638 3483 3695 ἀπέστειλε
3505 3635 3602 3704 τὴν
3647 3630 3741 3715 δωξ

507 3726 650 3780 dona
701 3724 899 3780 Christi
959 3726 1174 3793 indidit,
1228 3726 1400 3781 dicit:
1437 3724 1512 3782 De
1564 3740 1687 3781 meo
1745 3723 1994 3795 accipiet,
2028 3730 2080 3778 et

2187 3713 2321 3811 ρεὰν
2370 3713 2463 3790 τοῦ
2510 3735 2881 3806 Πνεῦματοςὸ
2913 3734 3104 3805 Πατὴρ
3155 3732 3237 3794 εἰς
3291 3732 3396 3802 τὴν
3425 3728 3602 3798 σάρκα
3660 3713 3745 3771 τοῧ

507 3817 853 3873 ὓηηυηῑῖῧὶιὶι
884 3818 1057 3873 VObiS-
1098 3838 1116 3869 ³
2185 3827 2449 3901 Χριστοῦ·
2479 3827 2575 3882 καὶ
2602 3828 2793 3897 ἐπειδὴ
2835 3825 3071 3879 ἐλθοῦσα
3104 3826 3138 3895 ἡ
3171 3824 3330 3895 χάρις
3361 3823 3460 3877 ὅλα
3498 3818 3566 3871 τὰ
3610 3811 3744 3880 δῶρα

2186 3920 2413 3990 ἐνέθηκε
2440 3919 2518 3990 τῷ
2538 3914 2781 3990 Χριστῷ,
2811 3918 2987 3986 λέγει.
3030 3935 3049 3968 ι
3097 3915 3195 3970 Ἐκ
3228 3914 3322 3968 τοῦ
3350 3911 3486 3985 ἐμοῦ
3506 3906 3745 3980 λήψεται,

2188 4011 2283 4066 καὶ
2309 4010 2606 4080 ἀναγγελεῖ
2627 4011 2778 4081 ὑμῖν.
2815 4028 2835 4063 ι

578 4106 633 4158 7.
674 4103 740 4157 Et
775 4104 903 4159 hinc
932 4104 1106 4172 palam
1168 4103 1456 4172 probatum
1498 4108 1766 4167 remanet,
1802 4113 1979 4168 neque
2019 4114 2080 4155 ex

2257 4102 2325 4167 ζ’.
2353 4104 2463 4156 Καὶ
2493 4103 2765 4156 δέδεικται
2820 4100 3012 4155 λοιπὸν
3040 4098 3294 4155 ἐντεῦθεν
3324 4096 3515 4167 σαφῶς
3546 4092 3616 4152 ὡς
3639 4082 3750 4139 οὔτε

510 4199 630 4255 solo
665 4197 846 4260 Patre,
875 4212 1054 4268 neque
1088 4211 1154 4250 ex
1188 4195 1306 4251 solo
1347 4194 1486 4249 Filio
1519 4192 1765 4247 divinum
1823 4190 2080 4263 Spiritum

2189 4194 2298 4249 ἀπὸ
2335 4193 2497 4265 μόνου
2525 4192 2621 4247 τοῦ
2661 4193 2874 4263 Πατρδς
2900 4191 3032 4245 οὔτε
3061 4192 3171 4247 ἀπὸ
3205 4192 3372 4262 μόνου
3415 4184 3509 4240 τοῦ
3536 4177 3663 4234 Υἱοῦ
3690 4172 3746 4223 τδ

470 4344 475 4347 Α
512 4293 695 4346 datum
721 4289 1104 4358 invectumque
1156 4286 1452 4341 Dominicae
1485 4287 1633 4340 carni
1687 4283 1876 4349 fuisse,
1901 4284 1997 4340 sed
2022 4300 2080 4340 ex

2192 4286 2338 4341 θεῖον
2378 4285 2602 4355 Πνεῦμα
2636 4284 2789 4338 δοτδν
2815 4285 2911 4337 καὶ
2946 4282 3181 4337 ἐπακτὸν
3213 4285 3277 4353 τῇ
3315 4279 3484 4351 σαρκὶ
3512 4272 3603 4328 τοῦ
3651 4268 3753 4320 κυ⁴

512 4395 749 4449 utroque
783 4398 797 4435 :
830 4389 884 4438 et
916 4394 1142 4452 prorsus
1198 4388 1458 4448 tanquam
1496 4392 1559 4431 ex
1607 4374 1875 4431 ambobus
1917 4375 2080 4431 exsis-

2197 4377 2315 4449 ρίου
2344 4377 2616 4447 ἐγεγόνει,
2650 4376 2768 4430 ἀλλ’
2800 4373 2861 4440 ἐξ
2911 4376 3140 4445 ἀμφοῖν,
3178 4375 3276 4428 καὶ
3303 4375 3528 4428 πάντως
3553 4365 3624 4425 ὡς
3655 4359 3754 4452 ἀμ·

513 4446 686 4542 ειεηε,
730 4489 793 4528 ex
818 4446 1081 4528 ambobus
1111 4471 1273 4526 datus
1303 4446 1386 4525 est
1417 4468 1591 4523 carni.
1648 4466 1804 4533 Quod
1853 4467 1900 4523 si
1950 4466 2080 4522 forte

2195 4446 2315 4543 ιροίν
2340 4473 2607 4543 ὑπάρχον,
2626 4470 2722 4524 καὶ
2752 4468 2812 4534 ἐξ
2850 4470 3058 4536 ἀμφοῖν
3086 4467 3236 4520 δοτδν
3263 4468 3457 4536 γέγονε
3478 4463 3542 4530 τῇ
3578 4446 3750 4521 σαρκὶο

511 4583 575 4624 ex
611 4565 771 4622 Patre
803 4565 1033 4635 quidem,
1056 4565 1133 4619 rei
1161 4546 1459 4631 assumptae
1494 4562 1678 4616 datum
1720 4556 1893 4616 fuisse
1922 4558 2080 4629 Spiri-

2200 4565 2264 4618 El.
2303 4564 2347 4619 δ’
2373 4565 2502 4627 ἴσως
2533 4564 2598 4615 ὲκ
2645 4561 2745 4631 μὲν
2788 4560 2883 4614 τοῦ
2941 4560 3160 4630 Πατρὸς
3209 4560 3432 4628 δοθῆναι
3472 4548 3549 4619 τῷ
3605 4553 3755 4635 πρθῗξ

515 4672 653 4724 tum,
677 4659 841 4715 veluti
871 4675 936 4714 ex
973 4673 1039 4716 eo
1067 4658 1453 4718 exsistentem;
1498 4669 1563 4709 ex
1596 4652 1737 4709 Filio
1781 4669 1907 4711 vero
1932 4653 2080 4709 exhi-

2205 4658 2455 4727 λήμματι
2483 4622 2498 4627 ⁷
2541 4622 2796 4724 βούλεσθε
2869 4622 3080 4719 λέγειν.
3128 4650 3188 4703 τὸ
3230 4622 3456 4718 Πνεῦμα
3493 4682 3508 4708 ,
3571 4635 3645 4736 ιῖξς

515 4756 712 4818 bitum,
742 4768 851 4808 non
870 4751 1031 4806 veluti
1063 4765 1130 4804 ex
1151 4764 1215 4804 eo
1234 4747 1585 4801 exsistentem
1608 4742 1881 4800 aliirmare
1902 4745 2080 4807 vultis,

2197 4747 2364 4803 αὐτοῦ
2409 4747 2672 4816 ὑπάρχον,
2733 4747 2798 4798 ὲκ
2854 4744 2912 4797 δὲ
2945 4741 3042 4797 τοῦ
3099 4741 3231 4795 Υἱοῦ
3289 4740 3531 4809 δοθῆναι,
3561 4727 3656 4818 οῦκ
3680 4727 3749 4772 ωε

518 4846 662 4902 haud
694 4844 829 4909 scio,
859 4858 925 4898 an
967 4841 1235 4914 quispiam
1286 4852 1522 4907 unquam
1572 4835 1790 4892 futurus
1836 4846 1940 4900 est,
1998 4836 2091 4907 qui

522 4937 650 4996 inde
680 4945 1042 5007 emergentem
1086 4932 1415 5003 impietatem
1462 4944 1568 4985 non
1624 4937 1902 5001 agnoscat.
1954 4930 2089 4985 Cum
2142 5000 2147 5004 ἢ

522 5047 651 5102 ergo
680 5029 942 5101 Spiritum
976 5035 1226 5083 sanctum
1254 5032 1306 5077 et
1332 5038 1396 5077 ex
1429 5021 1590 5077 Patre
1617 5031 1670 5076 et
1687 5037 1752 5077 ex
1775 5021 1914 5077 Filio
1942 5022 2095 5075 exhi-

523 5125 695 5189 bitum
722 5138 843 5178 esse
873 5119 953 5176 rei
998 5124 1294 5186 assumpta:
1335 5129 1514 5178 nemo,
1557 5116 1648 5183 qui
1678 5111 1892 5170 divinas
1942 5112 2092 5169 Scri-

520 5227 711 5290 pturas
736 5213 958 5276 evolvit,
992 5207 1211 5264 nescius
1243 5215 1348 5271 est,
1386 5207 1439 5261 ni
1468 5207 1745 5263 exbibitus
1775 5207 1845 5261 sit
1871 5221 1934 5259 ex
1956 5204 2094 5258 Filio

520 5310 680 5367 veluti
730 5323 798 5363 ex
841 5319 908 5360 eo
956 5301 1249 5363 exsistens,
1297 5300 1754 5370 quemadmodum
1807 5296 2096 5352 sciliretet

518 5420 584 5459 ex
623 5404 800 5465 Patre,
836 5395 1183 5450 manifestum
1217 5392 1308 5457 sit,
1348 5391 1770 5453 ministratorio,
1802 5387 2095 5456 servilique

521 5497 685 5554 modo
710 5510 775 5550 ex
797 5490 939 5548 Filio
968 5487 1235 5551 exhiberi,
1266 5501 1375 5557 quo
1430 5484 1558 5554 quid
1612 5481 1923 5545 absurdius,
1963 5478 2092 5547 quid

521 5585 972 5645 contumeliosius
989 5581 1096 5637 dici
1128 5579 1342 5651 potest?
1372 5576 1499 5632 Ηαιε
1521 5575 1685 5644 igitur
1708 5569 1943 5626 absurda
1973 5584 2094 5640 quae

522 5680 650 5735 inde
679 5678 1020 5740 exoriuntur,
1046 5672 1246 5737 edocti,
1286 5668 1501 5723 tandem
1542 5678 1657 5727 vos,
1711 5662 1805 5731 qui
1852 5675 1916 5716 ex
1955 5659 2094 5714 Filio

525 5786 635 5826 non
663 5784 784 5826 esse
818 5766 1084 5838 Spiritum
1116 5759 1437 5817 naturaliter
1469 5763 1524 5810 et
1571 5751 1937 5808 essentialiter
1966 5767 2095 5808 con-

529 5863 769 5929 tenditis,
800 5874 867 5915 ne
888 5856 1157 5913 malitiose
1207 5851 1391 5908 verbis
1436 5845 1831 5919 Chrysostomi,
1874 5860 1995 5914 quae
2025 5844 2093 5899 de

2195 4839 2257 4904 ἐξ
2292 4837 2457 4893 αὑτοῦ
2498 4836 2765 4908 ὑπάρχον,
2803 4835 2904 4889 οὐκ
2937 4830 3056 4888 οῖδα
3094 4833 3261 4897 εἴτις
3321 4832 3388 4886 ἂν
3445 4816 3754 4908 hami-fil"

2197 4930 2317 4999 θείη
2373 4928 2563 4983 λοιπὸν
2593 4903 2693 4997 τ’ἥν
2728 4925 2980 4980 ἐντεῦθεν
3009 4922 3453 4994 ἀναφαινομένην
3497 4903 3753 4999 ἀγνο-ήσας

2194 4994 2474 5074 ἀσὲδειαν.
2514 4994 2672 5072 Ἐπεὶ
2705 5018 2814 5089 γὰρ
2840 5018 2901 5071 το
2932 5013 3075 5070 εῖναι
3124 5016 3186 5069 τὸ
3216 5013 3445 5081 Πνεῦμα
3503 5001 3564 5054 τὸ
3612 4994 3754 5058 ἅγιον

2197 5114 2294 5169 καὶ
2335 5114 2399 5167 ὲκ
2425 5111 2521 5165 τοῦ
2548 5112 2760 5181 Πατρός
2793 5111 2887 5165 καὶ
2916 5111 2980 5163 ὲκ
3002 5108 3099 5162 τοῦ
3132 5106 3264 5160 Υίοῦ
3315 5104 3467 5158 δοτὸν
3496 5092 3755 5181 τῷγπροξῗ

2196 5206 2469 5277 λήμματι,
2503 5178 2683 5266 οὐδεὶς
2709 5202 2819 5255 τῶν
2874 5200 2972 5265 τὰς
3036 5199 3189 5277 θείας
3238 5178 3755 5277 gméwwal‘patpfi

2196 5252 2479 5367 ἇᾷκῗοῖὲξέι
2507 5252 2809 5367 uisa;
2842 5252 3086 5365 εἴη’καὶ
3143 5252 3207 5344 εἷς
3263 5289 3359 5344 τοῦ
3412 5252 3754 5367 γεοῦηὼςξξ

2197 5360 2364 5442 αῦτοῦ
2393 5360 2662 5456 ῦπάρχον,
2712 5360 3016 5453 καθώσττερ
3057 5381 3254 5452 ἀμέλει
3309 5377 3393 5432 τοὶ
3450 5367 3546 5425 καὶ
3578 5362 3640 5412 ἐκ
3666 5360 3752 5456 τξῗ

2199 5478 2414 5548 Πατρὸς
2453 5447 2725 5548 πρόδηλον
2769 5474 2845 5537 ὡς
2896 5447 3225 5535 διακονίκῶς
3272 5471 3366 5525 καὶ
3417 5447 3752 5548 ὑπηρετικᾶλξ

2200 5522 2412 5548 “'"l'"
2460 5522 2719 5548 "t'"'t""
2771 5522 2842 5537 -ι
2901 5522 3223 5535 --π---ν---ην
3516 5522 3546 5526 ,ν

2196 5570 2260 5622 ὲκ
2290 5568 2387 5622 τοῦ
2413 5568 2547 5622 Υἱοῦ
2588 5565 2867 5636 διδόμενόν
2920 5566 3090 5629 ἐστιν,
3131 5557 3192 5617 οὗ
3224 5562 3277 5616 τί
3308 5552 3671 5616 ἀτοπώτερονν
3718 5522 3748 5636 ᾗ

2199 5659 2687 5731 βλασφημὰεερονς
2721 5657 2887 5711 Ταῦτ’
2918 5656 3013 5710 οῦν
3051 5656 3119 5708 τὰ
3143 5654 3320 5716 οὕτως
3376 5630 3745 5731 ἀνακύξξτξνῗ

2196 5706 2718 5823 ἓτοπαψμαθιόντες
2771 5750 2925 5821 μόλις
2980 5750 3142 5819 ὑμεῖς
3204 5750 3255 5801 οἱ
3301 5706 3374 5801 εκ
3408 5734 3501 5793 τοῦ
3530 5716 3654 5779 Υἱοῦ

2200 5846 2468 5916 ὑπάρχειν
2495 5845 2557 5896 τὸ
2586 5842 2815 5912 Πνεῦμα
2850 5842 3248 5911 διενιστὰμενοι
3284 5826 3528 5908 φυσικῶς
3559 5830 3614 5869 τε
3682 5809 3745 5854 κα
