4054 6444
268 432 384 500 249

1312 436 1412 499 DE
1450 438 1967 502 PROCESSIONE
2004 442 2066 505 S.
2103 443 2484 505 SPIRITUS.

3450 422 3558 511 εδδ

268 547 687 618 οὐσιωδῶς,’μὴ
715 547 831 611 τοῖς
868 545 965 600 τοῦ
1020 548 1492 621 Χωσορῤήμονος
1523 553 1857 620 ὲπηρεαστι.

1970 553 2106 609 iith
2136 553 2233 608 illo
2263 556 2580 626 evangelico
2628 576 2644 612 :
2686 576 2705 611 ι
2745 558 2818 613 De
2867 573 2991 613 meo
3027 558 3284 629 accipiet.
3327 576 3346 611 ι
3376 558 3431 613 in
3456 576 3553 617 sua

268 641 393 702 κῶς
417 637 719 709 ὲπιφὺεσθε
762 639 1032 708 ῥήμασιν,
1063 638 1213 708 ειπερ
1242 639 1372 710 περὶ
1399 640 1497 707 τῆς
1532 655 1553 691 ι
1610 640 1707 694 Ἐκ
1764 639 1858 692 τοῦ

266 733 412 806 ἐμοῦ
444 724 680 803 λῆψεται
724 750 744 784 ι
778 731 1166 805 Εὑαγγελικῆς
1193 732 1407 804 ρήσεως
1437 731 1663 803 εἴρηκεν
1695 734 1754 785 ὲν
1783 731 1860 802 τῷ

267 828 410 898 περὶ
461 826 560 880 τοῦ
616 826 885 892 παναγίου
947 824 1267 895 Πνεύματος
1303 826 1446 894 λόγῳ
1504 824 1673 879 αὑτοῦ
1725 825 1861 894 μηδὲ

266 918 472 985 λέγετε
500 920 577 979 ὡς
608 917 670 971 τὸ
692 917 1038 981 ἅναὸλύζειν,
1069 917 1166 971 καὶ
1194 916 1464 987 πηγάζειν
1494 919 1559 972 ἐκ
1598 916 1712 989 τοῦ,
1733 917 1861 971 Υῑοῦ

268 1010 330 1062 τὸ
367 1009 618 1079 Πνεῦμα,
655 1009 719 1061 οὐ
744 1009 889 1062 κατὰ
909 1009 1012 1079 τὴν
1052 1011 1147 1063 τοῦ
1197 1008 1362 1078 λόγου
1400 1009 1657 1078 θεότητα,
1721 1010 1862 1065 ἀλλὰ

276 1099 422 1154 κατὰ
468 1099 535 1151 τὸ
589 1098 933 1170 πρόσλημμα
976 1097 1193 1170 εἴρηται
1237 1098 1330 1152 διὰ
1382 1098 1453 1153 τὰ
1510 1099 1863 1170 πνευματικὰ
1950 1144 1961 1149 -

276 1193 631 1263 χαρίσματα.

870 1306 1125 1361 ΚΕΦΛΛ.
1175 1304 1278 1360 ΙΒ’.

277 1421 438 1489 Πρός
464 1422 609 1486 τοὺς
630 1423 1166 1494 προϐαλλομένους
1197 1423 1312 1490 τὴν
1331 1424 1526 1494 ῥῆσιν
1551 1425 1657 1479 τοῦ
1691 1425 1865 1493 ἁγίου

352 1494 683 1560 [itm/.1101).
721 1492 837 1557 τὴν·
879 1492 1190 1560 λέγουσαν
1236 1492 1383 1557 an.
1420 1493 1494 1548 Τὸ
1521 1492 1763 1561 Πνεῦμα
1797 1496 1865 1549 τὸ

351 1563 528 1628 ἅγιον
577 1562 968 1625 ἐκπορεύεται
997 1563 1065 1615 ἐκ
1110 1563 1305 1633 μόνον
1356 1565 1465 1617 τοῦ
1526 1568 1757 1633 Πατρὸς
1784 1567 1867 1632 ὡς

353 1633 474 1688 ἀπὸ
499 1633 822 1700 στόματος,
859 1634 1156 1701 πεφηνότι
1183 1633 1253 1686 δὲ
1282 1632 1359 1689 δι’
1401 1636 1563 1690 Υιοῦ.
1597 1655 1615 1688 ι

363 1754 434 1801 α’.
477 1746 691 1815 Ἐπειδὴ
728 1762 838 1815 περ
870 1746 963 1801 τδν
997 1750 1128 1818 περὶ
1161 1749 1262 1819 τῆς
1288 1749 1758 1820 ἐκκλησιαστικῆς
1787 1752 1867 1804 εἷ-

303 1836 473 1906 ρήνης
502 1834 924 1903 Ἀπολογητιχδν
952 1836 1340 1906 σχεδιάσαντες
1364 1840 1655 1910 πρότερον,
1681 1843 1865 1895 ἐκεῖνα

298 1930 432 1999 ὓλην
463 1926 554 1982 τοῦ
590 1926 793 1991 παντὸς
822 1929 1206 1999 ἐποιησάμεθα
1241 1930 1423 1998 λόγου,
1467 1928 1549 1995 οἷς
1584 1935 1719 2003 ἡμῖν
1751 1935 1869 1999 ὲξε-
1902 1911 1943 1965 Β

286 2022 474 2089 γένετο
503 2021 747 2088 ἐντυχεῖν
791 2020 850 2072 ἐν
884 2021 1286 2090 συγγράμμασι
1321 2021 1452 2085 τῶν,
1479 2019 1562 2087 οἷς
1588 2024 1655 2077 τὸ
1681 2024 1868 2094 θεομι-

282 2114 375 2174 σὲς
407 2110 717 2166 σκάνδαλον
757 2110 867 2164 τῶν
911 2111 1253 2181 Ἐκκλησιῶν
1282 2113 1359 2176 ὡς
1392 2113 1639 2182 θεοφιλὲς
1668 2117 1870 2168 ἐσπου-

274 2203 478 2266 δάζετο
501 2218 518 2235 ’
552 2202 633 2255 ἔτι
683 2198 741 2255 δὲ
789 2201 887 2255 xei.
937 2198 1021 2263 οἷς
1066 2202 1256 2256 πολλοὶ
1282 2202 1393 2256 τῶν
1426 2202 1527 2272 τῆς
1560 2205 1682 2256 καθ’
1716 2205 1869 2275 ἡμᾶς

274 2297 479 2365 γενεᾶς
533 2297 793 2350 ἀντεῖπον
820 2296 975 2365 ἡμῖν,
1003 2295 1104 2366 τὴν
1135 2296 1365 2368 εἰρήνην
1386 2296 1496 2348 τῶν
1526 2296 1867 2370 Ἑκκλησιῶν
1890 2336 1905 2339 κ

274 2386 692 2457 ἀπωθούμενόι,
717 2384 813 2441 τοῦ
840 2385 897 2441 δὲ
929 2388 1123 2458 χρόνου
1157 2387 1257 2458 ἤδη
1292 2388 1704 2459 προϐαίνοντος,
1741 2391 1868 2442 ἀνευ

275 2480 538 2552 φάνησάν
568 2498 715 2545 τινες
771 2481 953 2550 ἕτεροι
1002 2480 1114 2534 ἀπὸ
1163 2481 1268 2550 τῆς
1330 2481 1709 2551 πολυζητήτου
1758 2481 1867 2536 τῶν

270 2571 518 2640 Γραφιῖψ
545 2570 778 2642 ἐρεύνης
809 2566 1162 2640 ἐκλεξάμενοι
1187 2586 1343 2635 τινας
1368 2574 1580 2643 ῥήσεις,
1603 2572 1869 2635 δοκούσας

268 2661 411 2713 πολὺ
443 2661 508 2713 τὸ
532 2661 681 2714 κατὰ
709 2661 819 2714 τῶν
850 2658 1030 2714 ἄλλων
1072 2661 1278 2731 κράτος
1310 2660 1460 2732 ἔχειν
1492 2663 1588 2715 ἐπὶ
1628 2676 1867 2730 συγκρο-

266 2753 434 2820 τήσει
492 2749 591 2804 τοῦ
653 2750 984 2821 σχίσματοςο
1040 2752 1160 2805 δέον
1218 2753 1354 2823 ἡμῖν
1407 2751 1587 2816 ἔδοξεν
1643 2754 1702 2804 ὲν
1750 2752 1866 2823 ἰδίῳ

267 2843 563 2912 γυμνάσαι
609 2841 755 2914 λόγῳ
802 2843 897 2896 καὶ
952 2844 1021 2896 τὰ
1063 2844 1193 2913 περὶ
1225 2843 1337 2896 τῶν
1386 2842 1588 2908 λέξεων
1634 2841 1860 2897 τούτων.

164 2946 171 2951 ·
276 2932 449 2986 Ἐπεὶ
491 2931 605 3001 γὰρ
653 2932 765 2984 τῶν
816 2932 1077 2987 ἁπάντων
1116 2934 1217 2987 ὅσα
1258 2934 1533 3006 διαφόρως
1580 2933 1860 3005 προετάθη

262 3023 411 3094 ἡμῖν
440 3022 527 3085 εἰς
582 3022 908 3092 ἀπίρῤησιν
962 3024 1112 3090 εδοξε
1160 3026 1276 3087 τοῖς
1306 3025 1652 3093 ἀντιλέγουσι
1700 3026 1864 3079 πλέον

168 3135 184 3158 ο
262 3113 427 3183 ἔχειν
458 3112 669 3176 ταύτας
695 3113 755 3166 τὸ
783 3113 1121 3183 δυσάντητόν
1154 3131 1213 3167 τε
1244 3115 1340 3167 καὶ
1365 3113 1825 3168 δυσαντίϐλεπτον
1843 3126 1860 3144 ⁸

262 3208 439 3269 ῦκνος
483 3207 663 3269 οὐδεὶς
712 3207 857 3260 αὑτά
901 3224 961 3260 τε
1011 3207 1085 3260 τὰ
1121 3206 1274 3277 παρὰ
1305 3207 1418 3260 τῶν
1459 3206 1865 3274 ἀντιλεγόντων

270 3300 690 3370 προτεινόμενα
728 3299 805 3361 ὡς
849 3299 958 3352 τῶν
989 3300 1168 3354 ἄλλων
1210 3299 1538 3369 ἰσχυρότερα
1586 3296 1869 3369 προθεῖναι

264 3395 373 3446 ἐπὶ
407 3392 509 3445 τοῦ
544 3394 740 3463 μέσον,
775 3392 871 3446 καὶ
899 3392 999 3455 τὰς
1038 3394 1125 3461 ἐφ’
1147 3392 1367 3460 ἑκάστῳ
1399 3391 1581 3446 αὐτῶν
1610 3391 1871 3460 εὐλόγους

268 3484 600 3549 ἀντιθέσεις
627 3485 1039 3554 ἀπιπροτετναι
1076 3486 1168 3547 εἰς’
1190 3483 1414 3553 ἔλεγχον
1450 3483 1561 3536 τῶν
1595 3482 1656 3536 οὐ
1687 3482 1872 3545 κακῶς

269 3579 349 3632 τὰ
383 3577 643 3648 γραφικὰ
670 3576 1054 3647 ἐξηγουμένων
1085 3577 1246 3646 ῥητά.
1282 3577 1380 3629 ’Ἑν
1412 3574 1515 3645 μὲν
1543 3571 1638 3629 οῦν
1662 3575 1870 3628 τούτων

273 3673 403 3725 ἐστὶ
468 3670 644 3742 ῥητόν
701 3687 776 3734 τι,
824 3670 985 3740 ὅπερ,
1011 3669 1088 3733 ὡς
1115 3668 1271 3723 αὐτοι
1301 3684 1491 3737 φασιν,
1532 3670 1589 3722 ἐν
1616 3666 1695 3736 τῷ
1741 3669 1872 3736 napi.

280 3764 521 3829 Τριάδος
558 3763 843 3817 ικτεθὲντι
895 3765 1049 3834 παρὰ
1086 3763 1182 3817 τοῦ
1239 3762 1557 3833 θαυμαστοῦ
1593 3761 1869 3833 Κυρίλλου

286 3857 609 3927 εὕρισκεται
654 3856 825 3926 λόγῳ,
862 3855 923 3908 τὸ
952 3856 1178 3926 Πνεῦμα
1237 3854 1434 3926 δηλοῦν
1484 3856 1549 3907 ὲκ
1584 3851 1868 3924 μόνον’τοῦ

281 3950 508 4020 Πατρὸς
534 3949 975 4018 ἐκπορεύεσθαιο
1010 3949 1201 4016 ἕτερον
1247 3948 1328 4013 δὲ,
1357 3948 1497 4018 ὅπερ
1521 3949 1548 4000 ὁ
1585 3949 1651 4000 ὲκ
1686 3952 1872 4016 Δαμα-

278 4042 419 4097 σκοῦ
450 4042 721 4111 Θεολόγος
753 4043 812 4094 ἰν
857 4041 936 4112 τῷ
980 4042 1443 4112 τρισκαιδεκάτῳ,
1480 4040 1594 4093 τῶν
1620 4037 1871 4107 θεολογι-

274 4136 400 4189 κῶν
456 4132 627 4186 αὑτοῦ
674 4132 1012 4200 κεφαλαίων,
1064 4125 1129 4186 οὗ
1189 4132 1223 4200 ἡ
1273 4132 1453 4202 ἀρχή*
1490 4147 1510 4181 ι
1568 4129 1643 4183 Τὸ
1689 4127 1868 4193 Θεῖον,

277 4226 685 4297 ἀκατάληπτον
735 4225 817 4288 ὃν,
871 4224 1094 4288 πάντως
1139 4224 1236 4277 καὶ
1284 4221 1570 4291 ἀνώνυμον
1622 4221 1803 4285 ἔσται,
1844 4237 1865 4271 ι

278 4321 460 4392 φησιν
494 4335 510 4351 ⁸
548 4323 608 4373 ὲν
634 4319 744 4389 γὰρ
775 4317 852 4388 τῷ
882 4319 1127 4371 τοιούτου
1145 4316 1443 4384 κεφαλαίου
1461 4314 1604 4368 τέλει
1638 4312 1870 4384 εὕρηται

277 4418 465 4484 λέγων
507 4416 537 4468 ὁ
566 4414 759 4481 διγιος⁸
824 4428 844 4464 ι
882 4411 1111 4480 Πνεῦμα
1153 4409 1248 4462 τοῦ
1298 4408 1535 4479 Πατρὸς,
1576 4407 1651 4470 ὡς
1684 4407 1749 4460 ὲκ
1774 4404 1870 4459 τοῦ

278 4508 509 4578 Πατρδς
561 4503 1031 4574 ἐκπορευόμενον.
1076 4501 1325 4571 Οὐδεμία
1373 4502 1482 4574 γὰρ
1540 4502 1686 4571 ὁρμὴ
1728 4499 1870 4552 ’ἄνευ

1968 646 2037 701 de
2071 646 2278 717 Spiritu
2321 657 2517 705 sancto
2544 652 2792 706 oratione
2839 650 3086 715 tradidit,
3145 650 3555 716 adhaerescatis,

1966 752 2145 807 neque
2175 743 2458 807 asseratis,
2487 754 2745 796 emanare
2776 742 3141 811 progredique
3171 756 3234 795 ex
3269 741 3407 796 Filio
3436 740 3558 811 Spi—

1965 828 2156 898 ritum,
2193 842 2300 886 non
2325 832 2623 888 secundum
2663 831 2826 888 Verbi
2859 833 3221 897 divinitatem,
3246 834 3336 888 sed
3361 848 3557 887 secun-

1968 920 2099 975 dum
2158 936 2268 976 rem
2343 932 2677 994 assumptum
2743 933 2963 994 propter
3038 924 3304 994 spiritalia
3363 925 3552 991 dona,

1969 1012 2176 1070 dictum
2212 1014 2405 1073 fuisse.
3310 1031 3316 1037 ‘

2559 1310 2790 1370 CAPUT
2830 1311 2945 1367 XII.

1970 1430 2242 1486 Adversus
2284 1446 2392 1492 eos,
2426 1429 2519 1500 qui
2554 1428 2754 1500 dictum
2786 1423 3183 1500 sattctiCyritli
3228 1432 3548 1500 proponunt,

2048 1519 2068 1552 ι
2100 1502 2360 1569 Spiritum
2386 1495 2629 1553 sanctum
2670 1498 2743 1551 ex‘
2776 1497 2911 1569 ιφ
2938 1495 3101 1550 Patre
3150 1497 3448 1565 procedere,
3492 1504 3553 1547 ut

2045 1571 2111 1625 ab
2140 1565 2253 1637 ore,
2281 1570 2374 1625 sed
2391 1584 2644 1640 apparere
2680 1583 2773 1637 per
2803 1565 3025 1623 Filium.
3070 1583 3090 1617 ι

2048 1756 2100 1810 1.
2138 1756 2273 1811 Cum
2306 1762 2433 1810 ante
2461 1754 2567 1831 aﬁa
2603 1769 2700 1823 pro
2746 1751 3118 1808 ecclesiastica
3172 1764 3305 1819 paco
3345 1748 3554 1802 oratio-

1975 1861 2100 1901 nem
2125 1846 2517 1916 apologeticam
2572 1843 2928 1899 tumultuario
2969 1850 3023 1896 ct
3075 1840 3338 1895 subitario
3392 1853 3557 1908 opere
3623 1868 3630 1874 -

1973 1939 2386 1997 conciunautes,
2418 1936 2507 1990 illa
2550 1935 2816 1989 universae
2850 1942 3053 1988 nostra:
3094 1930 3357 1985 orationis
3388 1945 3555 1999 argu-

1969 2037 2214 2086 mentum
2245 2028 2613 2096 suscepimus,
2639 2036 2761 2094 qua:
2788 2024 3032 2093 reperire
3078 2021 3219 2077 forte
3268 2021 3556 2089 continge-

1968 2130 2053 2178 ret
2115 2124 2169 2175 in
2227 2134 2418 2173 eorum
2473 2116 2918 2180 Commentariis,
2983 2129 3014 2168 a
3068 2113 3271 2182 quibus
3329 2113 3384 2166 in
3446 2111 3557 2165 Deo
3658 2116 3665 2121 '

1966 2214 2145 2269 inviso
2198 2212 2566 2267 Ecclesiarum
2624 2209 2873 2274 dissidio,
2924 2217 3183 2274 tanquam
3241 2204 3351 2257 Deo
3401 2212 3556 2272 grato

1967 2302 2343 2359 continuando
2374 2299 2853 2370 promovendoque
2888 2296 3055 2351 nimia
3096 2294 3448 2366 cogitatione,
3486 2278 3552 2348 ac

1967 2410 2098 2450 cura
2128 2393 2546 2449 incumbebatur
2576 2408 2589 2443 :
2627 2400 2738 2445 tum
2767 2396 3025 2459 prazterea
3085 2400 3208 2458 quae
3258 2386 3414 2440 multi
3450 2383 3556 2438 hac

1968 2494 2155 2540 nostra
2215 2493 2377 2538 aetate
2423 2483 2588 2537 vitam
2634 2490 2879 2552 agentes,
2932 2493 3120 2549 pacem
3182 2479 3549 2533 Ecclesiarum

1968 2579 2301 2648 rejicieutes,
2336 2577 2494 2632 nobis
2528 2587 2871 2645 opposuere;
2905 2580 2959 2627 et
2987 2578 3229 2641 tempore
3278 2570 3388 2638 jam
3426 2583 3559 2637 pro-

1966 2673 2191 2726 cedente
2216 2669 2437 2741 quidam
2458 2668 2556 2754 alii
2595 2682 2660 2721 ex
2717 2664 2904 2721 sedula
2947 2662 3353 2732 Scripturarum
3399 2661 3553 2714 inve-

1965 2764 2258 2832 stigatione
2311 2750 2732 2829 dicta'quaedam
2796 2757 3153 2825 collegerunt,
3211 2767 3333 2822 qua:
3382 2750 3556 2804 multo

1964 2856 2086 2909 aliis
2120 2852 2380 2907 validiora
2412 2852 2477 2904 ad
2504 2849 2940 2904 conﬁrmandum
2975 2846 3266 2901 dissi‘dium
3299 2851 3549 2913 reputata

1965 2952 2116 3008 sunt,
2148 2959 2326 3014 operae
2359 2942 2589 3010 pretium
2621 2941 2780 3008 nobis
2819 2940 2997 2995 visum
3042 2947 3145 3003 est,
3180 2936 3322 2991 dicta
3359 2934 3557 3023 similia

1964 3036 2191 3107 propria
2237 3035 2610 3106 singularique
2668 3033 2921 3088 oratione
2955 3030 3258 3086 discutere.
3318 3027 3385 3081 Et
3423 3040 3548 3081 cum

1966 3128 2109 3185 inter
2141 3130 2326 3183 omnia
2356 3128 2505 3181 varie
2548 3124 2708 3179 nobis
2752 3123 3051 3193 proposita,
3103 3130 3267 3195 atque
3320 3119 3555 3186 objetla,

1976 3218 2479 3275 contradicentibus
2510 3215 2684 3271 visum
2715 3224 2821 3279 est,
2853 3214 3003 3267 hisce
3046 3210 3229 3265 minus
3281 3209 3401 3262 aliis
3454 3205 3557 3260 ali-

1975 3313 2104 3383 quid
2137 3310 2348 3381 reponi,
2387 3318 2481 3364 aut
2529 3307 2692 3378 objici
2751 3321 2929 3376 posse,
2988 3320 3094 3359 non
3148 3301 3554 3363 cunctabimur,

1978 3419 2098 3472 qua:
2131 3404 2199 3458 ab
2227 3402 2569 3471 adversariis,
2593 3401 2760 3455 veluti
2798 3399 2924 3453 aliis
2945 3397 3208 3451 validiora
3236 3407 3554 3465 proponun-

1974 3508 2082 3561 tur,
2118 3496 2170 3548 in
2208 3495 2446 3550 medium
2483 3493 2702 3558 alierre,
2724 3490 3067 3561 singulisque
3088 3486 3286 3543 rationi
3322 3498 3558 3540 consen-

1976 3598 2163 3641 taneas
2189 3584 2528 3654 obiectiones
2551 3592 2741 3638 contra
2772 3595 3068 3651 opponere,
3109 3579 3180 3632 ad
3223 3590 3317 3631 cos
3363 3575 3557 3629 redar-

1974 3678 2237 3749 gucndos.
2278 3677 2371 3745 qui
2405 3676 2549 3729 dicta
2584 3674 2790 3742 scripto
2836 3671 3033 3726 tradita
3089 3670 3231 3724 male
3282 3669 3556 3735 interpre-

1976 3779 2175 3824 tantur.
2212 3766 2395 3822 Uuum
2430 3780 2497 3822 ex
2533 3767 2620 3821 his
2655 3765 3067 3827 fueritdit-tum,
3117 3761 3286 3830 quod,
3344 3767 3406 3812 ut
3453 3757 3556 3826 ipsi

1926 3863 1939 3869 ’
1973 3863 2219 3928 tradunt,
2286 3861 2340 3914 iu
2396 3861 2646 3914 oratione
2694 3858 2764 3912 de
2810 3855 3076 3910 Trinitate
3127 3853 3196 3907 ab
3248 3847 3555 3905 admirabili

1932 3949 2176 4029 .Cyrillo
2227 3949 2430 4019 scripta
2488 3948 2793 4017 reperitur,
2854 3944 3118 4015 Spiritum
3177 3942 3435 4005 iunuens,
3472 3952 3555 3993 ex

1973 4043 2135 4098 Patre
2194 4043 2314 4097 solo
2368 4042 2662 4110 procedere
2705 4056 2720 4094 :
2774 4038 2919 4093 aliud
2970 4035 3115 4106 quod
3168 4050 3233 4089 ex
3287 4033 3558 4087 Damasco

1976 4134 2260 4204 theologus
2291 4133 2341 4185 in
2374 4126 2539 4186 tertio
2584 4131 2797 4185 decimo
2829 4127 3261 4197 theologicorum
3293 4123 3550 4193 capitum,

1973 4226 2129 4295 cujus
2159 4225 2536 4295 principium:
2577 4242 2597 4276 ι
2658 4222 2800 4278 Deus
2853 4236 2974 4276 cum
3029 4232 3258 4289 prorsus
3310 4231 3558 4286 compre-

1973 4319 2139 4375 hendi
2172 4327 2430 4388 nequeat,
2465 4332 2696 4387 prorsus
2716 4328 2769 4371 et
2824 4316 2945 4370 sine
2977 4312 3200 4368 nomine
3242 4310 3368 4371 erit,
3406 4327 3426 4360 ι
3462 4323 3559 4378 po-

1973 4412 2104 4466 suit.
2127 4410 2373 4479 Namque
2395 4410 2447 4463 in
2486 4409 2591 4463 line
2621 4409 2767 4462 illius
2805 4406 3001 4473 capitis
3064 4410 3290 4458 sanctus
3319 4401 3510 4456 scribit
3540 4415 3558 4453 :

1982 4523 2002 4557 ‹
2039 4503 2274 4572 Spiritus
2298 4501 2476 4557 Patris
2498 4511 2756 4570 tanquam
2804 4498 2899 4568 qui
2960 4513 3025 4552 ex
3080 4497 3240 4552 Patre
3292 4491 3557 4563 procedit.

282 4601 641 4670 Πνεύμηατος,
673 4597 769 4651 καὶ
808 4597 941 4651 Υἱοῦ
981 4597 1037 4650 δὲ
1065 4595 1315 4665 Πνεῦμα,
1349 4597 1448 4665 οὐχ
1473 4597 1549 4658 ὡς
1590 4595 1650 4661 ἐξ
1678 4592 1868 4658 αὐτοῦ,

1976 4596 2169 4651 Nullus
2200 4595 2345 4649 enim
2406 4602 2590 4649 motus
2624 4595 2833 4660 alisque
2870 4591 3113 4660 Spiritu,
3160 4600 3213 4644 et
3256 4586 3379 4641 Filii
3422 4600 3560 4656 quo-

280 4694 407 4749 ἀλλ’
444 4692 525 4755 ὡς
578 4691 651 4745 δι’
698 4690 870 4744 αὑτοῦ
905 4689 968 4742 ἔκ
991 4689 1085 4742 τοῦ
1142 4689 1356 4758 Harpe;
1404 4688 1870 4758 ἐκπορευόμενον.

284 4785 472 4845 Μόνος
506 4782 621 4852 γὰρ
658 4778 833 4842 αἴτιος
859 4780 888 4833 ὁ
916 4779 1128 4849 Πατήρ.
1167 4796 1186 4830 ι
1215 4777 1400 4831 Ταῦτα
1429 4777 1528 4847 μὲν
1561 4777 1631 4830 τὰ
1652 4774 1875 4829 δοκοῦνο

283 4890 357 4930 τα
419 4879 538 4937 τοῖς
569 4873 707 4943 πρὸς
754 4873 857 4943 τὴν
885 4869 1350 4941 ὲκκλησιαστικὴν
1383 4871 1614 4941 εἰρήνην
1664 4869 1873 4923 ἀντιλέο

282 4983 509 5038 γουσιν.
542 4964 803 5019 ἒπιπλόον
844 4964 908 5018 τὸ
944 4964 1153 5034 σχισμα
1194 4961 1303 5014 τῶν
1346 4958 1686 5031 Ἐκκλησιῶν
1741 4974 1877 5026 συγσ,

283 5062 512 5133 κροτεῖν
1362 5109 1366 5113 .

361 5152 433 5223 β.
473 5152 668 5221 Ἡμεῖς
711 5149 790 5212 δὲ,
829 5149 929 5219 ἢδη
989 5145 1270 5217 γινόμενοι
1314 5144 1452 5214 πρὸς
1504 5144 1567 5199 τὸ
1627 5141 1873 5211 ἐλέγχειν

287 5248 515 5309 αὐτοὺς,
545 5244 621 5307 ὡς
665 5243 769 5313 τὴν
817 5240 927 5293 τῶν
968 5240 1233 5293 τοιούτων
1269 5237 1448 5307 ῥητῶν
1482 5236 1699 5289 ἔννοιαν
1732 5234 1875 5301 πρὸς

287 5341 350 5394 τὸ
379 5340 484 5409 τῆς
523 5336 844 5407 ἐξηγήσεως
883 5332 1218 5403 κακόσχολον
1269 5328 1738 5400 ὲκλαμὸάνοντας,
1773 5327 1876 5403 ουκ

291 5432 388 5501 ἀφ’
420 5429 634 5486 ἑαυτῶν
672 5428 775 5491 τὰς
802 5427 944 5495 πρὸς
998 5425 1198 5487 αὐτοὺς
1228 5421 1573 5492 ποιησόμεθα
1606 5419 1872 5491 ἀντιῤῥή-

293 5538 431 5587 σεις,
463 5520 601 5574 ἀλλά
627 5518 720 5573 τὸν
752 5517 849 5570 ἐπὶ
872 5516 1124 5586 θεολογίᾳ
1153 5515 1520 5586 περίὸλεπτον
1547 5511 1869 5574 Βασίλειον;

290 5618 382 5673 τὸν
405 5617 578 5670 πολὺν
609 5613 705 5668 τοῦ
752 5612 966 5667 ἑαυτῶν
1023 5608 1453 5683 προστησόμεθα
1502 5608 1687 5677 λόγου.
1730 5604 1876 5675 Πρὸς

292 5709 400 5777 γὰρ
430 5707 488 5759 τὸ
510 5722 532 5758 ι
562 5708 626 5759 ἐκ
647 5704 815 5775 μόνου
838 5702 935 5755 τοῦ
958 5700 1172 5772 [ἰατρὸς
1202 5702 1264 5754 τὸ
1283 5699 1440 5768 ἅγιον
1474 5688 1874 5768 ἐκπορεύεσθαι

295 5800 545 5869 Πνεῦμα,
587 5818 608 5852 ι
649 5798 746 5851 καὶ
782 5796 921 5866 πρὶς
944 5793 1025 5858 τὸ,
1075 5814 1093 5846 ι
1134 5794 1297 5864 μόνος
1329 5793 1505 5856 αἴτιος
1530 5794 1558 5846 ὁ
1595 5792 1810 5862 Πατὴρ,
1848 5810 1867 5844 ι

298 5885 375 5955 οἷς
408 5890 503 5944 καὶ
533 5890 594 5943 τὸ
632 5908 649 5942 ι
693 5889 794 5957 οὐχ
837 5888 913 5950 ὡς
942 5887 999 5951 ἐξ
1046 5884 1211 5939 αὐτοῦ
1269 5904 1286 5937 ι
1328 5882 1866 5955 συνδιανοηθήσεται,

1979 4703 2083 4758 que
2133 4687 2371 4756 Spiritus
2436 4700 2544 4741 n0n
2580 4685 2745 4739 veluti
2797 4698 2862 4739 ex
2912 4684 3053 4754 ipso,
3113 4682 3208 4738 sed
3258 4678 3421 4735 veluti
3467 4692 3560 4747 per

1978 4780 2156 4848 ipsum
2185 4794 2250 4833 ex
2282 4780 2445 4833 Patre
2498 4778 2820 4848 procedens.
2875 4775 3036 4830 Solus
3083 4776 3229 4829 enim
3281 4786 3446 4829 causa
3476 4776 3560 4826 est

1977 4871 2160 4928 Pater.
2196 4891 2215 4924 ι
2255 4870 2320 4926 Ει
2352 4873 2471 4926 haec
2496 4871 2741 4940 quidem,
2764 4870 2871 4940 qui
2894 4865 3327 4924 ecclesiasticam
3369 4877 3558 4934 pacem

1979 4974 2267 5033 respuunt,
2298 4964 2470 5034 magis
2498 4977 2562 5018 ac
2609 4963 2799 5034 magis
2842 4960 3215 5016 Ecclesiarum
3269 4956 3557 5013 dissidium

1975 5057 2327 5113 constabilire
2341 5056 2608 5125 iudicant.

2049 5149 2109 5204 2.
2138 5147 2248 5204 Nos
2274 5161 2443 5218 porro
2502 5161 2627 5203 cum
2674 5146 2790 5216 jam
2836 5158 3001 5215 prope
3060 5143 3235 5200 simus
3285 5140 3352 5211 ad
3407 5139 3558 5208 ipsos

1977 5242 2347 5302 refelle-udos,
2409 5241 2579 5295 veluti
2637 5239 2924 5294 sententias
2975 5238 3235 5293 similium
3286 5235 3556 5288 dictorum

1976 5335 2153 5389 malos
2197 5344 2295 5388 nec
2319 5333 2457 5387 tldos
2509 5331 2852 5400 interpretes,
2885 5345 2995 5386 non
3035 5330 3102 5384 de
3131 5326 3335 5384 nostris
3359 5323 3553 5378 adver-

1977 5441 2081 5481 sus
2100 5424 2322 5479 eosdem
2372 5424 2708 5493 obiectiones
2744 5420 3217 5488 refutationesque‘
3255 5412 3552 5476 ordiemur,

1980 5519 2074 5574 sed
2109 5517 2379 5573 celebrem
2409 5518 2464 5571 in
2493 5516 2662 5573 rebus
2701 5512 3021 5584 theologicis
3060 5509 3318 5565 Basilium
3352 5513 3552 5562 nostrae

1979 5626 2356 5683 praeponemus
2390 5612 2649 5666 orationi.
2685 5609 2764 5663 Ad
2804 5609 2935 5662 illud
2964 5604 3256 5675 siquidem.
3291 5619 3310 5652 ι
3345 5614 3408 5655 et
3436 5601 3555 5659 solo

1978 5705 2136 5760 Patre
2167 5703 2430 5774 Spiritum
2466 5712 2716 5760 sanctum
2758 5701 3074 5772 procedere,
3130 5715 3150 5750 ι
3200 5709 3301 5749 nec
3341 5709 3449 5750 non
3485 5693 3555 5749 ad

1978 5798 2133 5862 illud,
2191 5813 2210 5849 ‹
2257 5798 2407 5853 solus
2456 5796 2612 5851 Pater
2664 5808 2828 5850 causa
2868 5811 2888 5845 ι
2939 5790 3138 5859 quibus
3199 5802 3303 5843 una
3364 5786 3551 5851 simul,

1986 5910 2004 5941 ‹
2052 5904 2158 5946 non
2191 5898 2447 5959 tauquam
2479 5902 2542 5943 ex
2587 5888 2704 5955 ipso
2738 5904 2756 5937 ›
2795 5882 3144 5953 intelligetur,
3191 5880 3336 5935 illius
3383 5894 3553 5949 ωρο-
