  <div class='ocr_page' id='page_1' title='image "/cluster/home/n/w/nwhite01/storage/ocr_20150623/141/coo.31924054870468/130.png"; bbox 0 0 4054 6428; ppageno 0'>
   <div class='ocr_carea' id='block_1_1' title="bbox 208 438 324 502">
    <p class='ocr_par' dir='ltr' id='par_1_1' title="bbox 208 438 324 502">
     <span class='ocr_line' id='line_1_1' title="bbox 208 438 324 502; baseline 0.009 -1"><span class='ocrx_word' id='word_1_1' title='bbox 208 438 324 502; x_wconf 77' lang='grc'><strong>253</strong></span> 
     </span>
    </p>
   </div>
   <div class='ocr_carea' id='block_1_2' title="bbox 1253 436 2425 501">
    <p class='ocr_par' dir='ltr' id='par_1_2' title="bbox 1253 436 2425 501">
     <span class='ocr_line' id='line_1_2' title="bbox 1253 436 2425 501; baseline 0.001 -2"><span class='ocrx_word' id='word_1_2' title='bbox 1253 438 1352 499; x_wconf 86' lang='lat' dir='ltr'><strong>DE</strong></span> <span class='ocrx_word' id='word_1_3' title='bbox 1390 436 1912 501; x_wconf 81' lang='lat' dir='ltr'><strong>PROCESSIONE</strong></span> <span class='ocrx_word' id='word_1_4' title='bbox 1948 440 2012 501; x_wconf 72' lang='grc' dir='ltr'><strong>Β.</strong></span> <span class='ocrx_word' id='word_1_5' title='bbox 2046 436 2425 501; x_wconf 86' lang='lat' dir='ltr'><strong>SPIRITUS.</strong></span> 
     </span>
    </p>
   </div>
   <div class='ocr_carea' id='block_1_3' title="bbox 3388 429 3494 497">
    <p class='ocr_par' dir='ltr' id='par_1_3' title="bbox 3388 429 3494 497">
     <span class='ocr_line' id='line_1_3' title="bbox 3388 429 3494 497; baseline -0.028 -1"><span class='ocrx_word' id='word_1_6' title='bbox 3388 429 3494 497; x_wconf 61' lang='lat'><strong>251</strong></span> 
     </span>
    </p>
   </div>
   <div class='ocr_carea' id='block_1_4' title="bbox 202 542 1809 622">
    <p class='ocr_par' dir='ltr' id='par_1_4' title="bbox 202 544 1800 622">
     <span class='ocr_line' id='line_1_4' title="bbox 202 544 1800 622; baseline 0 -20"><span class='ocrx_word' id='word_1_7' title='bbox 202 548 432 622; x_wconf 70' lang='grc' dir='ltr'>Πατρδς</span> <span class='ocrx_word' id='word_1_8' title='bbox 458 546 780 618; x_wconf 77' lang='grc' dir='ltr'>εὖρίσκεταῐ</span> <span class='ocrx_word' id='word_1_9' title='bbox 805 564 891 610; x_wconf 77' lang='grc' dir='ltr'><strong>τις</strong></span> <span class='ocrx_word' id='word_1_10' title='bbox 916 547 1027 601; x_wconf 89' lang='grc' dir='ltr'>τῶν</span> <span class='ocrx_word' id='word_1_11' title='bbox 1052 547 1225 616; x_wconf 79' lang='grc' dir='ltr'>ἁγίων</span> <span class='ocrx_word' id='word_1_12' title='bbox 1254 544 1433 616; x_wconf 80' lang='grc' dir='ltr'>λέγων</span> <span class='ocrx_word' id='word_1_13' title='bbox 1460 550 1522 602; x_wconf 79' lang='grc' dir='ltr'>τὸ</span> <span class='ocrx_word' id='word_1_14' title='bbox 1545 549 1800 620; x_wconf 84' lang='grc' dir='ltr'>Πνεῦμα,</span> 
     </span>
    </p>
   </div>
   <div class='ocr_carea' id='block_1_5' title="bbox 1913 542 3493 622">
    <p class='ocr_par' dir='ltr' id='par_1_5' title="bbox 1913 542 3493 616">
     <span class='ocr_line' id='line_1_5' title="bbox 1913 542 3493 616; baseline -0.004 -11"><span class='ocrx_word' id='word_1_15' title='bbox 1913 560 2226 605; x_wconf 85' lang='lat' dir='ltr'><strong>sanctorum</strong></span> <span class='ocrx_word' id='word_1_16' title='bbox 2280 548 2595 604; x_wconf 76' lang='lat' dir='ltr'><strong>inveniatur</strong></span> <span class='ocrx_word' id='word_1_17' title='bbox 2637 545 2821 603; x_wconf 84' lang='lat' dir='ltr'><strong>dicere</strong></span> <span class='ocrx_word' id='word_1_18' title='bbox 2870 544 3158 616; x_wconf 74' lang='lat' dir='ltr'><strong>Spiritum,</strong></span> <span class='ocrx_word' id='word_1_19' title='bbox 3198 542 3333 599; x_wconf 87' lang='lat' dir='ltr'><strong>nihil</strong></span> <span class='ocrx_word' id='word_1_20' title='bbox 3383 542 3493 599; x_wconf 82' lang='lat' dir='ltr'><strong>dif-</strong></span> 
     </span>
    </p>
   </div>
   <div class='ocr_carea' id='block_1_6' title="bbox 200 637 1803 709">
    <p class='ocr_par' dir='ltr' id='par_1_6' title="bbox 200 637 1803 709">
     <span class='ocr_line' id='line_1_6' title="bbox 200 637 1803 709; baseline 0.001 -16"><span class='ocrx_word' id='word_1_21' title='bbox 200 637 331 693; x_wconf 82' lang='grc' dir='ltr'>ἀλλ’</span> <span class='ocrx_word' id='word_1_22' title='bbox 387 637 540 691; x_wconf 78' lang='grc' dir='ltr'>οὐδὲν</span> <span class='ocrx_word' id='word_1_23' title='bbox 587 638 725 709; x_wconf 77' lang='grc' dir='ltr'>φησὶ</span> <span class='ocrx_word' id='word_1_24' title='bbox 785 637 1044 707; x_wconf 76' lang='grc' dir='ltr'><strong>διαφέρον</strong></span> <span class='ocrx_word' id='word_1_25' title='bbox 1079 637 1218 708; x_wconf 77' lang='grc' dir='ltr'>πρὸς</span> <span class='ocrx_word' id='word_1_26' title='bbox 1267 637 1327 691; x_wconf 76' lang='grc' dir='ltr'>τὸ</span> <span class='ocrx_word' id='word_1_27' title='bbox 1359 639 1425 691; x_wconf 85' lang='grc' dir='ltr'>ὲκ</span> <span class='ocrx_word' id='word_1_28' title='bbox 1454 638 1670 708; x_wconf 80' lang='grc' dir='ltr'>Πατρδς</span> <span class='ocrx_word' id='word_1_29' title='bbox 1704 641 1803 694; x_wconf 72' lang='grc' dir='ltr'><strong>καὶ</strong></span> 
     </span>
    </p>
   </div>
   <div class='ocr_carea' id='block_1_7' title="bbox 198 726 1803 800">
    <p class='ocr_par' dir='ltr' id='par_1_7' title="bbox 198 726 1803 800">
     <span class='ocr_line' id='line_1_7' title="bbox 198 726 1803 800; baseline 0 -19"><span class='ocrx_word' id='word_1_30' title='bbox 198 727 345 782; x_wconf 69' lang='grc' dir='ltr'><strong>1⁸Ξοῦ</strong></span> <span class='ocrx_word' id='word_1_31' title='bbox 385 728 631 798; x_wconf 77' lang='grc' dir='ltr'>ὑπάρχον</span> <span class='ocrx_word' id='word_1_32' title='bbox 675 726 833 793; x_wconf 76' lang='grc' dir='ltr'>αὐτὸ,</span> <span class='ocrx_word' id='word_1_33' title='bbox 887 726 1148 797; x_wconf 76' lang='grc' dir='ltr'>ἀξιοῦμεν</span> <span class='ocrx_word' id='word_1_34' title='bbox 1203 729 1331 790; x_wconf 81' lang='grc' dir='ltr'>τοὺς</span> <span class='ocrx_word' id='word_1_35' title='bbox 1380 728 1487 781; x_wconf 88' lang='grc' dir='ltr'>τῶν</span> <span class='ocrx_word' id='word_1_36' title='bbox 1521 728 1803 800; x_wconf 75' lang='grc' dir='ltr'><strong>ἑκατέρων</strong></span> 
     </span>
    </p>
   </div>
   <div class='ocr_carea' id='block_1_8' title="bbox 198 818 1801 892">
    <p class='ocr_par' dir='ltr' id='par_1_8' title="bbox 198 818 1801 892">
     <span class='ocr_line' id='line_1_8' title="bbox 198 818 1801 892; baseline 0.001 -20"><span class='ocrx_word' id='word_1_37' title='bbox 198 818 393 887; x_wconf 81' lang='grc' dir='ltr'>λόγων</span> <span class='ocrx_word' id='word_1_38' title='bbox 425 820 705 890; x_wconf 76' lang='grc' dir='ltr'>ἀκροατὰς</span> <span class='ocrx_word' id='word_1_39' title='bbox 755 819 1132 889; x_wconf 83' lang='grc' dir='ltr'>ἀπροσπαθῶς</span> <span class='ocrx_word' id='word_1_40' title='bbox 1163 820 1483 889; x_wconf 79' lang='grc' dir='ltr'><strong>διατεθῆναι</strong></span> <span class='ocrx_word' id='word_1_41' title='bbox 1534 822 1671 892; x_wconf 78' lang='grc' dir='ltr'>πρὸς</span> <span class='ocrx_word' id='word_1_42' title='bbox 1699 822 1801 892; x_wconf 82' lang='grc' dir='ltr'><strong>τὴν</strong></span> 
     </span>
    </p>
   </div>
   <div class='ocr_carea' id='block_1_9' title="bbox 197 911 1800 983">
    <p class='ocr_par' dir='ltr' id='par_1_9' title="bbox 197 911 1800 983">
     <span class='ocr_line' id='line_1_9' title="bbox 197 911 1800 983; baseline 0 -19"><span class='ocrx_word' id='word_1_43' title='bbox 197 912 534 979; x_wconf 79' lang='grc' dir='ltr'>διάγνωσιν.</span> <span class='ocrx_word' id='word_1_44' title='bbox 565 913 629 965; x_wconf 82' lang='lat' dir='ltr'><strong>0i</strong></span> <span class='ocrx_word' id='word_1_45' title='bbox 660 912 759 982; x_wconf 81' lang='grc' dir='ltr'><strong>μὲν</strong></span> <span class='ocrx_word' id='word_1_46' title='bbox 790 912 887 981; x_wconf 78' lang='grc' dir='ltr'><strong>τὴν</strong></span> <span class='ocrx_word' id='word_1_47' title='bbox 911 913 1070 983; x_wconf 76' lang='grc' dir='ltr'>ῥῆσιν</span> <span class='ocrx_word' id='word_1_48' title='bbox 1100 911 1538 983; x_wconf 78' lang='grc' dir='ltr'>προϐαλλόμενοι</span> <span class='ocrx_word' id='word_1_49' title='bbox 1568 914 1800 983; x_wconf 83' lang='grc' dir='ltr'>ταύτην,</span> 
     </span>
    </p>
   </div>
   <div class='ocr_carea' id='block_1_10' title="bbox 200 1002 1800 1074">
    <p class='ocr_par' dir='ltr' id='par_1_10' title="bbox 200 1002 1800 1074">
     <span class='ocr_line' id='line_1_10' title="bbox 200 1002 1800 1074; baseline 0.002 -18"><span class='ocrx_word' id='word_1_50' title='bbox 200 1005 273 1056; x_wconf 74' lang='grc' dir='ltr'>ἐκ</span> <span class='ocrx_word' id='word_1_51' title='bbox 334 1004 508 1072; x_wconf 81' lang='grc' dir='ltr'>μόνου</span> <span class='ocrx_word' id='word_1_52' title='bbox 554 1002 649 1056; x_wconf 82' lang='grc' dir='ltr'>τοῦ</span> <span class='ocrx_word' id='word_1_53' title='bbox 686 1005 896 1071; x_wconf 71' lang='lat' dir='ltr'><strong>[Ia-:le;</strong></span> <span class='ocrx_word' id='word_1_54' title='bbox 925 1004 985 1057; x_wconf 71' lang='grc' dir='ltr'>τὸ</span> <span class='ocrx_word' id='word_1_55' title='bbox 1032 1005 1276 1074; x_wconf 78' lang='grc' dir='ltr'>Πνεῦμα,</span> <span class='ocrx_word' id='word_1_56' title='bbox 1329 1006 1598 1073; x_wconf 74' lang='grc' dir='ltr'><strong>λέγουσαν</strong></span> <span class='ocrx_word' id='word_1_57' title='bbox 1634 1002 1800 1067; x_wconf 76' lang='grc' dir='ltr'>εἶναι,</span> 
     </span>
    </p>
   </div>
   <div class='ocr_carea' id='block_1_11' title="bbox 213 1094 1806 1168">
    <p class='ocr_par' dir='ltr' id='par_1_11' title="bbox 213 1094 1806 1168">
     <span class='ocr_line' id='line_1_11' title="bbox 213 1094 1806 1168; baseline 0.001 -19"><span class='ocrx_word' id='word_1_58' title='bbox 213 1098 381 1167; x_wconf 82' lang='grc' dir='ltr'>μόνου</span> <span class='ocrx_word' id='word_1_59' title='bbox 413 1096 511 1149; x_wconf 73' lang='grc' dir='ltr'>τοῦ</span> <span class='ocrx_word' id='word_1_60' title='bbox 547 1097 706 1164; x_wconf 75' lang='grc' dir='ltr'>ἁγίου</span> <span class='ocrx_word' id='word_1_61' title='bbox 769 1098 1039 1167; x_wconf 81' lang='grc' dir='ltr'>Κυρί).λου</span> <span class='ocrx_word' id='word_1_62' title='bbox 1083 1098 1289 1168; x_wconf 88' lang='grc' dir='ltr'>ταύτην</span> <span class='ocrx_word' id='word_1_63' title='bbox 1324 1094 1468 1152; x_wconf 74' lang='grc' dir='ltr'>εἶναι</span> <span class='ocrx_word' id='word_1_64' title='bbox 1508 1115 1664 1165; x_wconf 84' lang='grc' dir='ltr'>φασι,</span> <span class='ocrx_word' id='word_1_65' title='bbox 1707 1099 1806 1152; x_wconf 55' lang='grc' dir='ltr'><strong>καὶ⁸</strong></span> 
     </span>
    </p>
   </div>
   <div class='ocr_carea' id='block_1_12' title="bbox 207 1190 1807 1260">
    <p class='ocr_par' dir='ltr' id='par_1_12' title="bbox 207 1190 1807 1260">
     <span class='ocr_line' id='line_1_12' title="bbox 207 1190 1807 1260; baseline 0.001 -18"><span class='ocrx_word' id='word_1_66' title='bbox 207 1192 270 1242; x_wconf 77' lang='grc' dir='ltr'><strong>ἐν</strong></span> <span class='ocrx_word' id='word_1_67' title='bbox 304 1190 414 1260; x_wconf 85' lang='grc' dir='ltr'>μιᾷ</span> <span class='ocrx_word' id='word_1_68' title='bbox 442 1192 721 1259; x_wconf 78' lang='grc' dir='ltr'>πρικοπῇ</span> <span class='ocrx_word' id='word_1_69' title='bbox 756 1190 866 1243; x_wconf 86' lang='grc' dir='ltr'>τῶν</span> <span class='ocrx_word' id='word_1_70' title='bbox 904 1190 1066 1243; x_wconf 81' lang='grc' dir='ltr'>αὐτοῦ</span> <span class='ocrx_word' id='word_1_71' title='bbox 1119 1191 1573 1260; x_wconf 75' lang='grc' dir='ltr'><strong>συγγραμμάτων</strong></span> <span class='ocrx_word' id='word_1_72' title='bbox 1613 1191 1807 1259; x_wconf 88' lang='grc' dir='ltr'>ὁμολο-</span> 
     </span>
    </p>
   </div>
   <div class='ocr_carea' id='block_1_13' title="bbox 206 1281 1805 1358">
    <p class='ocr_par' dir='ltr' id='par_1_13' title="bbox 206 1281 1805 1358">
     <span class='ocr_line' id='line_1_13' title="bbox 206 1281 1805 1358; baseline 0.001 -23"><span class='ocrx_word' id='word_1_73' title='bbox 206 1281 378 1350; x_wconf 70' lang='grc' dir='ltr'>γοῦσι</span> <span class='ocrx_word' id='word_1_74' title='bbox 407 1282 616 1350; x_wconf 80' lang='grc' dir='ltr'>ταύτην</span> <span class='ocrx_word' id='word_1_75' title='bbox 651 1281 1028 1352; x_wconf 79' lang='grc' dir='ltr'>εὑρίσκεσθαι,</span> <span class='ocrx_word' id='word_1_76' title='bbox 1058 1282 1153 1358; x_wconf 74' lang='grc' dir='ltr'><strong>καὶ</strong></span> <span class='ocrx_word' id='word_1_77' title='bbox 1174 1281 1449 1347; x_wconf 80' lang='grc' dir='ltr'>ἀπόδειξιν</span> <span class='ocrx_word' id='word_1_78' title='bbox 1477 1282 1571 1336; x_wconf 79' lang='grc' dir='ltr'>τοῦ</span> <span class='ocrx_word' id='word_1_79' title='bbox 1596 1282 1805 1353; x_wconf 79' lang='grc' dir='ltr'><strong>ταύτης</strong></span> 
     </span>
    </p>
   </div>
   <div class='ocr_carea' id='block_1_14' title="bbox 205 1373 1792 1446">
    <p class='ocr_par' dir='ltr' id='par_1_14' title="bbox 205 1373 1792 1446">
     <span class='ocr_line' id='line_1_14' title="bbox 205 1373 1792 1446; baseline 0.001 -20"><span class='ocrx_word' id='word_1_80' title='bbox 205 1373 537 1437; x_wconf 77' lang='grc' dir='ltr'><strong>ἀξιοπίστου</strong></span> <span class='ocrx_word' id='word_1_81' title='bbox 593 1373 748 1425; x_wconf 78' lang='grc' dir='ltr'>οὐδὲν</span> <span class='ocrx_word' id='word_1_82' title='bbox 801 1373 990 1443; x_wconf 70' lang='grc' dir='ltr'>’ἕτερον</span> <span class='ocrx_word' id='word_1_83' title='bbox 1024 1373 1429 1443; x_wconf 70' lang='grc' dir='ltr'>προϐάλλεσθαι</span> <span class='ocrx_word' id='word_1_84' title='bbox 1476 1374 1720 1445; x_wconf 73' lang='grc' dir='ltr'>ἔχουσιν,</span> <span class='ocrx_word' id='word_1_85' title='bbox 1758 1375 1792 1446; x_wconf 83' lang='grc' dir='ltr'>ἢ</span> 
     </span>
    </p>
   </div>
   <div class='ocr_carea' id='block_1_15' title="bbox 203 1450 1807 1543">
    <p class='ocr_par' dir='ltr' id='par_1_15' title="bbox 203 1450 1807 1543">
     <span class='ocr_line' id='line_1_15' title="bbox 203 1450 1807 1543; baseline 0.003 -26"><span class='ocrx_word' id='word_1_86' title='bbox 203 1467 306 1536; x_wconf 71' lang='grc' dir='ltr'>τὴν</span> <span class='ocrx_word' id='word_1_87' title='bbox 347 1467 464 1520; x_wconf 85' lang='grc' dir='ltr'>τῶν</span> <span class='ocrx_word' id='word_1_88' title='bbox 516 1465 761 1536; x_wconf 75' lang='grc' dir='ltr'>βίϐλιων,</span> <span class='ocrx_word' id='word_1_89' title='bbox 810 1460 901 1530; x_wconf 71' lang='grc' dir='ltr'>αἷς</span> <span class='ocrx_word' id='word_1_90' title='bbox 941 1467 974 1537; x_wconf 79' lang='grc' dir='ltr'><strong>ἡ</strong></span> <span class='ocrx_word' id='word_1_91' title='bbox 1014 1466 1178 1537; x_wconf 78' lang='grc' dir='ltr'>ῥῆσις</span> <span class='ocrx_word' id='word_1_92' title='bbox 1219 1467 1552 1543; x_wconf 67' lang='grc' dir='ltr'>ἐμφέρεται,</span> <span class='ocrx_word' id='word_1_93' title='bbox 1579 1450 1807 1523; x_wconf 82' lang='grc' dir='ltr'>παλαιό-</span> 
     </span>
    </p>
   </div>
   <div class='ocr_carea' id='block_1_16' title="bbox 210 1577 371 1631">
    <p class='ocr_par' dir='ltr' id='par_1_16' title="bbox 210 1577 371 1631">
     <span class='ocr_line' id='line_1_16' title="bbox 210 1577 371 1631; baseline 0.006 -18"><span class='ocrx_word' id='word_1_94' title='bbox 210 1577 371 1631; x_wconf 82' lang='grc' dir='ltr'>τητα.</span> 
     </span>
    </p>
   </div>
   <div class='ocr_carea' id='block_1_17' title="bbox 279 1650 1809 1724">
    <p class='ocr_par' dir='ltr' id='par_1_17' title="bbox 279 1650 1809 1724">
     <span class='ocr_line' id='line_1_17' title="bbox 279 1650 1809 1724; baseline 0.003 -20"><span class='ocrx_word' id='word_1_95' title='bbox 279 1659 343 1706; x_wconf 85' lang='lat' dir='ltr'><strong>s&#39;.</strong></span> <span class='ocrx_word' id='word_1_96' title='bbox 385 1650 583 1716; x_wconf 80' lang='grc' dir='ltr'>Ἡμεῖς</span> <span class='ocrx_word' id='word_1_97' title='bbox 606 1651 663 1705; x_wconf 75' lang='grc' dir='ltr'><strong>δὲ</strong></span> <span class='ocrx_word' id='word_1_98' title='bbox 698 1650 1149 1722; x_wconf 80' lang='grc' dir='ltr'>ἀνθυποφέρομεν</span> <span class='ocrx_word' id='word_1_99' title='bbox 1209 1654 1285 1718; x_wconf 83' lang='grc' dir='ltr'><strong>ὡς</strong></span> <span class='ocrx_word' id='word_1_100' title='bbox 1335 1654 1460 1709; x_wconf 69' lang='grc' dir='ltr'>ἐπεὶ</span> <span class='ocrx_word' id='word_1_101' title='bbox 1493 1653 1647 1724; x_wconf 60' lang='grc' dir='ltr'>παρὰ</span> <span class='ocrx_word' id='word_1_102' title='bbox 1671 1654 1809 1709; x_wconf 69' lang='grc' dir='ltr'><strong>πάνο</strong></span> 
     </span>
    </p>
   </div>
   <div class='ocr_carea' id='block_1_18' title="bbox 217 1743 1800 1814">
    <p class='ocr_par' dir='ltr' id='par_1_18' title="bbox 217 1743 1800 1814">
     <span class='ocr_line' id='line_1_18' title="bbox 217 1743 1800 1814; baseline 0.003 -18"><span class='ocrx_word' id='word_1_103' title='bbox 217 1760 322 1796; x_wconf 79' lang='grc' dir='ltr'><strong>των</strong></span> <span class='ocrx_word' id='word_1_104' title='bbox 382 1743 592 1796; x_wconf 73' lang='grc' dir='ltr'>τούτων</span> <span class='ocrx_word' id='word_1_105' title='bbox 641 1745 840 1808; x_wconf 80' lang='grc' dir='ltr'>κοινῶς</span> <span class='ocrx_word' id='word_1_106' title='bbox 896 1743 1251 1814; x_wconf 69' lang='grc' dir='ltr'><strong>ὡμολόγηται</strong></span> <span class='ocrx_word' id='word_1_107' title='bbox 1309 1748 1473 1814; x_wconf 77' lang='grc' dir='ltr'>μόνου</span> <span class='ocrx_word' id='word_1_108' title='bbox 1507 1745 1604 1800; x_wconf 82' lang='grc' dir='ltr'>τοῦ</span> <span class='ocrx_word' id='word_1_109' title='bbox 1637 1748 1800 1814; x_wconf 84' lang='grc' dir='ltr'>ἁγίου</span> 
     </span>
    </p>
   </div>
   <div class='ocr_carea' id='block_1_19' title="bbox 1904 636 3492 708">
    <p class='ocr_par' dir='ltr' id='par_1_19' title="bbox 1904 636 3492 708">
     <span class='ocr_line' id='line_1_19' title="bbox 1904 636 3492 708; baseline -0.006 -12"><span class='ocrx_word' id='word_1_110' title='bbox 1904 641 2049 698; x_wconf 78' lang='lat' dir='ltr'><strong>ferre</strong></span> <span class='ocrx_word' id='word_1_111' title='bbox 2075 643 2144 697; x_wconf 90' lang='lat' dir='ltr'><strong>ab</strong></span> <span class='ocrx_word' id='word_1_112' title='bbox 2170 656 2255 704; x_wconf 90' lang='lat' dir='ltr'><strong>eo.</strong></span> <span class='ocrx_word' id='word_1_113' title='bbox 2301 655 2367 696; x_wconf 80' lang='lat' dir='ltr'><strong>ex</strong></span> <span class='ocrx_word' id='word_1_114' title='bbox 2397 639 2558 695; x_wconf 88' lang='lat' dir='ltr'><strong>Patre</strong></span> <span class='ocrx_word' id='word_1_115' title='bbox 2606 653 2800 708; x_wconf 89' lang='lat' dir='ltr'><strong>nempe</strong></span> <span class='ocrx_word' id='word_1_116' title='bbox 2855 647 2908 693; x_wconf 92' lang='lat' dir='ltr'><strong>et</strong></span> <span class='ocrx_word' id='word_1_117' title='bbox 2938 636 3078 692; x_wconf 83' lang='lat' dir='ltr'><strong>Filio</strong></span> <span class='ocrx_word' id='word_1_118' title='bbox 3115 636 3266 708; x_wconf 71' lang='lat' dir='ltr'><strong>illum</strong></span> <span class='ocrx_word' id='word_1_119' title='bbox 3322 636 3492 702; x_wconf 88' lang='lat' dir='ltr'><strong>esse.)</strong></span> 
     </span>
    </p>
   </div>
   <div class='ocr_carea' id='block_1_20' title="bbox 1905 729 3493 804">
    <p class='ocr_par' dir='ltr' id='par_1_20' title="bbox 1905 729 3493 804">
     <span class='ocr_line' id='line_1_20' title="bbox 1905 729 3493 804; baseline -0.004 -15"><span class='ocrx_word' id='word_1_120' title='bbox 1905 749 2169 804; x_wconf 81' lang='lat' dir='ltr'><strong>rogamus</strong></span> <span class='ocrx_word' id='word_1_121' title='bbox 2213 744 2571 803; x_wconf 89' lang='lat' dir='ltr'><strong>utrorumque</strong></span> <span class='ocrx_word' id='word_1_122' title='bbox 2621 746 2934 787; x_wconf 85' lang='lat' dir='ltr'><strong>sermonum</strong></span> <span class='ocrx_word' id='word_1_123' title='bbox 2998 729 3300 793; x_wconf 73' lang='lat' dir='ltr'><strong>auditores,</strong></span> <span class='ocrx_word' id='word_1_124' title='bbox 3343 729 3493 783; x_wconf 87' lang='lat' dir='ltr'><strong>omni</strong></span> 
     </span>
    </p>
   </div>
   <div class='ocr_carea' id='block_1_21' title="bbox 1907 820 3490 893">
    <p class='ocr_par' dir='ltr' id='par_1_21' title="bbox 1907 820 3490 893">
     <span class='ocr_line' id='line_1_21' title="bbox 1907 820 3490 893; baseline -0.006 -12"><span class='ocrx_word' id='word_1_125' title='bbox 1907 825 2194 881; x_wconf 75' lang='lat' dir='ltr'><strong>affectione</strong></span> <span class='ocrx_word' id='word_1_126' title='bbox 2227 835 2458 892; x_wconf 90' lang='lat' dir='ltr'><strong>semota,</strong></span> <span class='ocrx_word' id='word_1_127' title='bbox 2492 826 2545 879; x_wconf 92' lang='lat' dir='ltr'><strong>in</strong></span> <span class='ocrx_word' id='word_1_128' title='bbox 2573 824 2842 893; x_wconf 85' lang='lat' dir='ltr'><strong>judicium</strong></span> <span class='ocrx_word' id='word_1_129' title='bbox 2880 823 3085 877; x_wconf 88' lang='lat' dir='ltr'><strong>venire.</strong></span> <span class='ocrx_word' id='word_1_130' title='bbox 3131 821 3232 889; x_wconf 86' lang='lat' dir='ltr'><strong>Qui</strong></span> <span class='ocrx_word' id='word_1_131' title='bbox 3286 820 3490 874; x_wconf 90' lang='lat' dir='ltr'><strong>dictum</strong></span> 
     </span>
    </p>
   </div>
   <div class='ocr_carea' id='block_1_22' title="bbox 1908 912 3493 988">
    <p class='ocr_par' dir='ltr' id='par_1_22' title="bbox 1908 912 3493 988">
     <span class='ocr_line' id='line_1_22' title="bbox 1908 912 3493 988; baseline -0.005 -14"><span class='ocrx_word' id='word_1_132' title='bbox 1908 919 2013 974; x_wconf 89' lang='lat' dir='ltr'><strong>boc</strong></span> <span class='ocrx_word' id='word_1_133' title='bbox 2049 928 2384 988; x_wconf 88' lang='lat' dir='ltr'><strong>proponunt,</strong></span> <span class='ocrx_word' id='word_1_134' title='bbox 2426 932 2489 971; x_wconf 75' lang='lat' dir='ltr'><strong>ex</strong></span> <span class='ocrx_word' id='word_1_135' title='bbox 2533 918 2652 973; x_wconf 90' lang='lat' dir='ltr'><strong>solo</strong></span> <span class='ocrx_word' id='word_1_136' title='bbox 2700 916 2864 971; x_wconf 80' lang='lat' dir='ltr'><strong>Patre</strong></span> <span class='ocrx_word' id='word_1_137' title='bbox 2911 916 3176 986; x_wconf 88' lang='lat' dir='ltr'><strong>Spiritum</strong></span> <span class='ocrx_word' id='word_1_138' title='bbox 3209 929 3330 968; x_wconf 88' lang='lat' dir='ltr'><strong>esse</strong></span> <span class='ocrx_word' id='word_1_139' title='bbox 3357 912 3493 967; x_wconf 65' lang='lat' dir='ltr'><strong>insi«</strong></span> 
     </span>
    </p>
   </div>
   <div class='ocr_carea' id='block_1_23' title="bbox 1907 1010 3492 1080">
    <p class='ocr_par' dir='ltr' id='par_1_23' title="bbox 1907 1010 3492 1080">
     <span class='ocr_line' id='line_1_23' title="bbox 1907 1010 3492 1080; baseline -0.005 -14"><span class='ocrx_word' id='word_1_140' title='bbox 1907 1026 2108 1075; x_wconf 83' lang='lat' dir='ltr'><strong>nuans,</strong></span> <span class='ocrx_word' id='word_1_141' title='bbox 2138 1011 2313 1067; x_wconf 87' lang='lat' dir='ltr'><strong>solius</strong></span> <span class='ocrx_word' id='word_1_142' title='bbox 2346 1012 2521 1065; x_wconf 84' lang='lat' dir='ltr'><strong>sancti</strong></span> <span class='ocrx_word' id='word_1_143' title='bbox 2553 1010 2743 1080; x_wconf 87' lang='lat' dir='ltr'><strong>Cyrilli</strong></span> <span class='ocrx_word' id='word_1_144' title='bbox 2781 1010 2912 1062; x_wconf 85' lang='lat' dir='ltr'><strong>illud</strong></span> <span class='ocrx_word' id='word_1_145' title='bbox 2949 1023 3072 1062; x_wconf 82' lang='lat' dir='ltr'><strong>esse</strong></span> <span class='ocrx_word' id='word_1_146' title='bbox 3118 1015 3393 1066; x_wconf 83' lang='lat' dir='ltr'><strong>asserunt.</strong></span> <span class='ocrx_word' id='word_1_147' title='bbox 3438 1013 3492 1059; x_wconf 90' lang='lat' dir='ltr'><strong>ct</strong></span> 
     </span>
    </p>
   </div>
   <div class='ocr_carea' id='block_1_24' title="bbox 1907 1097 3490 1169">
    <p class='ocr_par' dir='ltr' id='par_1_24' title="bbox 1907 1097 3490 1169">
     <span class='ocr_line' id='line_1_24' title="bbox 1907 1097 3490 1169; baseline -0.005 -11"><span class='ocrx_word' id='word_1_148' title='bbox 1907 1103 1963 1158; x_wconf 89' lang='lat' dir='ltr'><strong>iu</strong></span> <span class='ocrx_word' id='word_1_149' title='bbox 1997 1120 2109 1159; x_wconf 91' lang='lat' dir='ltr'><strong>uno</strong></span> <span class='ocrx_word' id='word_1_150' title='bbox 2154 1113 2438 1169; x_wconf 75' lang='lat' dir='ltr'><strong>segmento</strong></span> <span class='ocrx_word' id='word_1_151' title='bbox 2472 1103 2617 1157; x_wconf 83' lang='lat' dir='ltr'><strong>illius</strong></span> <span class='ocrx_word' id='word_1_152' title='bbox 2663 1101 3023 1169; x_wconf 82' lang='lat' dir='ltr'><strong>scriptionum</strong></span> <span class='ocrx_word' id='word_1_153' title='bbox 3059 1098 3288 1151; x_wconf 79' lang='lat' dir='ltr'><strong>inveniri</strong></span> <span class='ocrx_word' id='word_1_154' title='bbox 3317 1097 3490 1151; x_wconf 84' lang='lat' dir='ltr'><strong>faten-</strong></span> 
     </span>
    </p>
   </div>
   <div class='ocr_carea' id='block_1_25' title="bbox 1906 1189 3488 1259">
    <p class='ocr_par' dir='ltr' id='par_1_25' title="bbox 1906 1189 3488 1259">
     <span class='ocr_line' id='line_1_25' title="bbox 1906 1189 3488 1259; baseline -0.004 -10"><span class='ocrx_word' id='word_1_155' title='bbox 1906 1202 2019 1259; x_wconf 77' lang='lat' dir='ltr'><strong>tur;</strong></span> <span class='ocrx_word' id='word_1_156' title='bbox 2052 1205 2106 1251; x_wconf 90' lang='lat' dir='ltr'><strong>et</strong></span> <span class='ocrx_word' id='word_1_157' title='bbox 2130 1195 2197 1251; x_wconf 91' lang='lat' dir='ltr'><strong>ad</strong></span> <span class='ocrx_word' id='word_1_158' title='bbox 2229 1196 2390 1249; x_wconf 63' lang='lat' dir='ltr'><strong>tidem</strong></span> <span class='ocrx_word' id='word_1_159' title='bbox 2424 1196 2501 1249; x_wconf 90' lang='lat' dir='ltr'><strong>illi</strong></span> <span class='ocrx_word' id='word_1_160' title='bbox 2545 1193 3037 1258; x_wconf 84' lang='lat' dir='ltr'><strong>auctoritatemque</strong></span> <span class='ocrx_word' id='word_1_161' title='bbox 3066 1189 3488 1249; x_wconf 83' lang='lat' dir='ltr'><strong>conciliandam.</strong></span> 
     </span>
    </p>
   </div>
   <div class='ocr_carea' id='block_1_26' title="bbox 1909 1282 3491 1358">
    <p class='ocr_par' dir='ltr' id='par_1_26' title="bbox 1909 1282 3491 1358">
     <span class='ocr_line' id='line_1_26' title="bbox 1909 1282 3491 1358; baseline -0.004 -16"><span class='ocrx_word' id='word_1_162' title='bbox 1909 1288 2043 1342; x_wconf 88' lang='lat' dir='ltr'><strong>nihil</strong></span> <span class='ocrx_word' id='word_1_163' title='bbox 2075 1288 2217 1342; x_wconf 86' lang='lat' dir='ltr'><strong>aliud</strong></span> <span class='ocrx_word' id='word_1_164' title='bbox 2248 1286 2509 1351; x_wconf 72' lang='lat' dir='ltr'><strong>aﬂ‘erunt.</strong></span> <span class='ocrx_word' id='word_1_165' title='bbox 2540 1301 2705 1358; x_wconf 87' lang='lat' dir='ltr'><strong>quam</strong></span> <span class='ocrx_word' id='word_1_166' title='bbox 2755 1286 3006 1341; x_wconf 84' lang='lat' dir='ltr'><strong>codicum</strong></span> <span class='ocrx_word' id='word_1_167' title='bbox 3037 1283 3089 1337; x_wconf 93' lang='lat' dir='ltr'><strong>in</strong></span> <span class='ocrx_word' id='word_1_168' title='bbox 3117 1282 3317 1353; x_wconf 85' lang='lat' dir='ltr'><strong>quibus</strong></span> <span class='ocrx_word' id='word_1_169' title='bbox 3335 1296 3491 1351; x_wconf 86' lang='lat' dir='ltr'><strong>repe-</strong></span> 
     </span>
    </p>
   </div>
   <div class='ocr_carea' id='block_1_27' title="bbox 1908 1381 2515 1451">
    <p class='ocr_par' dir='ltr' id='par_1_27' title="bbox 1908 1381 2515 1451">
     <span class='ocr_line' id='line_1_27' title="bbox 1908 1381 2515 1451; baseline -0.003 -14"><span class='ocrx_word' id='word_1_170' title='bbox 1908 1382 2068 1447; x_wconf 88' lang='lat' dir='ltr'><strong>ritur,</strong></span> <span class='ocrx_word' id='word_1_171' title='bbox 2110 1381 2515 1451; x_wconf 87' lang='lat' dir='ltr'><strong>antiquitatem.</strong></span> 
     </span>
    </p>
   </div>
   <div class='ocr_carea' id='block_1_28' title="bbox 1976 1653 3492 1730">
    <p class='ocr_par' dir='ltr' id='par_1_28' title="bbox 1976 1653 3492 1730">
     <span class='ocr_line' id='line_1_28' title="bbox 1976 1653 3492 1730; baseline -0.005 -11"><span class='ocrx_word' id='word_1_172' title='bbox 1976 1664 2032 1722; x_wconf 85' lang='lat'><strong>5.</strong></span> <span class='ocrx_word' id='word_1_173' title='bbox 2074 1663 2187 1721; x_wconf 86' lang='lat' dir='ltr'><strong>Nos</strong></span> <span class='ocrx_word' id='word_1_174' title='bbox 2224 1653 2578 1719; x_wconf 45' lang='lat' dir='ltr'><strong>vero&#39;contra</strong></span> <span class='ocrx_word' id='word_1_175' title='bbox 2631 1661 2945 1730; x_wconf 69' lang='lat' dir='ltr'><strong>obiicimus.</strong></span> <span class='ocrx_word' id='word_1_176' title='bbox 2997 1660 3132 1715; x_wconf 89' lang='lat' dir='ltr'><strong>Cum</strong></span> <span class='ocrx_word' id='word_1_177' title='bbox 3198 1657 3338 1726; x_wconf 88' lang='lat' dir='ltr'><strong>apud</strong></span> <span class='ocrx_word' id='word_1_178' title='bbox 3393 1657 3492 1712; x_wconf 88' lang='lat' dir='ltr'><strong>bos</strong></span> 
     </span>
    </p>
   </div>
   <div class='ocr_carea' id='block_1_29' title="bbox 1909 1749 3488 1816">
    <p class='ocr_par' dir='ltr' id='par_1_29' title="bbox 1909 1749 3488 1816">
     <span class='ocr_line' id='line_1_29' title="bbox 1909 1749 3488 1816; baseline -0.008 -2"><span class='ocrx_word' id='word_1_179' title='bbox 1909 1775 2100 1815; x_wconf 88' lang='lat' dir='ltr'><strong>omnes</strong></span> <span class='ocrx_word' id='word_1_180' title='bbox 2125 1761 2248 1816; x_wconf 89' lang='lat' dir='ltr'><strong>unis</strong></span> <span class='ocrx_word' id='word_1_181' title='bbox 2303 1759 2503 1814; x_wconf 85' lang='lat' dir='ltr'><strong>animis</strong></span> <span class='ocrx_word' id='word_1_182' title='bbox 2564 1758 2618 1812; x_wconf 92' lang='lat' dir='ltr'><strong>in</strong></span> <span class='ocrx_word' id='word_1_183' title='bbox 2675 1755 2933 1810; x_wconf 77' lang='lat' dir='ltr'><strong>confesso</strong></span> <span class='ocrx_word' id='word_1_184' title='bbox 2994 1754 3083 1815; x_wconf 87' lang='lat' dir='ltr'><strong>sit,</strong></span> <span class='ocrx_word' id='word_1_185' title='bbox 3122 1752 3227 1805; x_wconf 90' lang='lat' dir='ltr'><strong>hoc</strong></span> <span class='ocrx_word' id='word_1_186' title='bbox 3284 1749 3488 1804; x_wconf 88' lang='lat' dir='ltr'><strong>dictum</strong></span> 
     </span>
    </p>
   </div>
   <div class='ocr_carea' id='block_1_30' title="bbox 228 1833 1809 1923">
    <p class='ocr_par' dir='ltr' id='par_1_30' title="bbox 228 1833 1800 1907">
     <span class='ocr_line' id='line_1_30' title="bbox 228 1833 1800 1907; baseline -0.003 -18"><span class='ocrx_word' id='word_1_187' title='bbox 228 1836 486 1905; x_wconf 70' lang='grc' dir='ltr'>Κυρίλλου</span> <span class='ocrx_word' id='word_1_188' title='bbox 529 1833 676 1889; x_wconf 79' lang='grc' dir='ltr'>εἶναι</span> <span class='ocrx_word' id='word_1_189' title='bbox 707 1836 916 1905; x_wconf 82' lang='grc' dir='ltr'>ταύτην</span> <span class='ocrx_word' id='word_1_190' title='bbox 939 1837 1038 1906; x_wconf 82' lang='grc' dir='ltr'>τὴν</span> <span class='ocrx_word' id='word_1_191' title='bbox 1071 1838 1253 1907; x_wconf 70' lang='grc' dir='ltr'>ῥῆσιν,</span> <span class='ocrx_word' id='word_1_192' title='bbox 1281 1836 1398 1899; x_wconf 86' lang='grc' dir='ltr'>πῶς</span> <span class='ocrx_word' id='word_1_193' title='bbox 1428 1838 1578 1899; x_wconf 65' lang='lat' dir='ltr'><strong>tiu-rt;</strong></span> <span class='ocrx_word' id='word_1_194' title='bbox 1609 1837 1671 1891; x_wconf 80' lang='grc' dir='ltr'><strong>τὸ</strong></span> <span class='ocrx_word' id='word_1_195' title='bbox 1699 1837 1800 1906; x_wconf 82' lang='grc' dir='ltr'>τῆς</span> 
     </span>
    </p>
   </div>
   <div class='ocr_carea' id='block_1_31' title="bbox 1913 1833 3491 1923">
    <p class='ocr_par' dir='ltr' id='par_1_31' title="bbox 1913 1842 3491 1923">
     <span class='ocr_line' id='line_1_31' title="bbox 1913 1842 3491 1923; baseline -0.006 -15"><span class='ocrx_word' id='word_1_196' title='bbox 1913 1853 2082 1908; x_wconf 82' lang='lat' dir='ltr'><strong>sancti</strong></span> <span class='ocrx_word' id='word_1_197' title='bbox 2121 1852 2308 1923; x_wconf 84' lang='lat' dir='ltr'><strong>Cyrilli</strong></span> <span class='ocrx_word' id='word_1_198' title='bbox 2361 1851 2532 1907; x_wconf 88' lang='lat' dir='ltr'><strong>solius</strong></span> <span class='ocrx_word' id='word_1_199' title='bbox 2577 1864 2720 1914; x_wconf 89' lang='lat' dir='ltr'><strong>esse,</strong></span> <span class='ocrx_word' id='word_1_200' title='bbox 2793 1863 3028 1917; x_wconf 86' lang='lat' dir='ltr'><strong>quanam</strong></span> <span class='ocrx_word' id='word_1_201' title='bbox 3087 1845 3296 1899; x_wconf 87' lang='lat' dir='ltr'><strong>ratione</strong></span> <span class='ocrx_word' id='word_1_202' title='bbox 3333 1842 3491 1909; x_wconf 86' lang='lat' dir='ltr'><strong>quis-</strong></span> 
     </span>
    </p>
   </div>
   <div class='ocr_carea' id='block_1_32' title="bbox 228 1926 1803 2010">
    <p class='ocr_par' dir='ltr' id='par_1_32' title="bbox 228 1926 1803 2010">
     <span class='ocr_line' id='line_1_32' title="bbox 228 1926 1803 2010; baseline 0.002 -31"><span class='ocrx_word' id='word_1_203' title='bbox 228 1926 378 1995; x_wconf 71' lang='grc' dir='ltr'>δίκης</span> <span class='ocrx_word' id='word_1_204' title='bbox 421 1927 594 1995; x_wconf 75' lang='grc' dir='ltr'>φιλῶν</span> <span class='ocrx_word' id='word_1_205' title='bbox 628 1929 885 2010; x_wconf 53' lang='lat' dir='ltr'><strong>appara;</strong></span> <span class='ocrx_word' id='word_1_206' title='bbox 930 1928 991 1982; x_wconf 83' lang='grc' dir='ltr'><strong>ού</strong></span> <span class='ocrx_word' id='word_1_207' title='bbox 1035 1929 1103 1983; x_wconf 70' lang='grc' dir='ltr'>τὰ</span> <span class='ocrx_word' id='word_1_208' title='bbox 1147 1930 1443 2001; x_wconf 72' lang='grc' dir='ltr'><strong>νικητήρια</strong></span> <span class='ocrx_word' id='word_1_209' title='bbox 1480 1929 1642 1983; x_wconf 83' lang='grc' dir='ltr'>δώσει</span> <span class='ocrx_word' id='word_1_210' title='bbox 1690 1932 1803 1991; x_wconf 76' lang='grc' dir='ltr'>τοῖς</span> 
     </span>
    </p>
   </div>
   <div class='ocr_carea' id='block_1_33' title="bbox 214 2016 1809 2094">
    <p class='ocr_par' dir='ltr' id='par_1_33' title="bbox 214 2016 1809 2094">
     <span class='ocr_line' id='line_1_33' title="bbox 214 2016 1809 2094; baseline 0.003 -22"><span class='ocrx_word' id='word_1_211' title='bbox 214 2016 437 2089; x_wconf 81' lang='grc' dir='ltr'>ἔχουσιν</span> <span class='ocrx_word' id='word_1_212' title='bbox 469 2020 757 2084; x_wconf 71' lang='grc' dir='ltr'>ἀποδεῖξαι</span> <span class='ocrx_word' id='word_1_213' title='bbox 786 2020 973 2088; x_wconf 75' lang='grc' dir='ltr'>σαφῶς</span> <span class='ocrx_word' id='word_1_214' title='bbox 1006 2024 1160 2092; x_wconf 81' lang='grc' dir='ltr'>παρά</span> <span class='ocrx_word' id='word_1_215' title='bbox 1182 2041 1241 2077; x_wconf 91' lang='grc' dir='ltr'><strong>τε</strong></span> <span class='ocrx_word' id='word_1_216' title='bbox 1270 2024 1361 2077; x_wconf 82' lang='grc' dir='ltr'>τοῦ</span> <span class='ocrx_word' id='word_1_217' title='bbox 1395 2024 1809 2094; x_wconf 66' lang='grc' dir='ltr'>μεγάλουἋθαο</span> 
     </span>
    </p>
   </div>
   <div class='ocr_carea' id='block_1_34' title="bbox 104 2111 1806 2187">
    <p class='ocr_par' dir='ltr' id='par_1_34' title="bbox 104 2111 1806 2187">
     <span class='ocr_line' id='line_1_34' title="bbox 104 2111 1806 2187; baseline 0.001 -21"><span class='ocrx_word' id='word_1_218' title='bbox 104 2162 109 2166; x_wconf 73' lang='lat'><strong>.</strong></span> <span class='ocrx_word' id='word_1_219' title='bbox 206 2111 422 2173; x_wconf 71' lang='grc' dir='ltr'>νισεου,</span> <span class='ocrx_word' id='word_1_220' title='bbox 470 2113 625 2185; x_wconf 81' lang='grc' dir='ltr'>παρά</span> <span class='ocrx_word' id='word_1_221' title='bbox 658 2130 716 2165; x_wconf 90' lang='grc' dir='ltr'><strong>τε</strong></span> <span class='ocrx_word' id='word_1_222' title='bbox 762 2112 858 2165; x_wconf 82' lang='grc' dir='ltr'>τοῦ</span> <span class='ocrx_word' id='word_1_223' title='bbox 918 2117 1160 2184; x_wconf 76' lang='grc' dir='ltr'>μεγάλου</span> <span class='ocrx_word' id='word_1_224' title='bbox 1210 2116 1518 2181; x_wconf 81' lang='grc' dir='ltr'>Βασιλείου,</span> <span class='ocrx_word' id='word_1_225' title='bbox 1552 2117 1706 2187; x_wconf 84' lang='grc' dir='ltr'>παρὰ</span> <span class='ocrx_word' id='word_1_226' title='bbox 1745 2131 1806 2168; x_wconf 84' lang='grc' dir='ltr'><strong>τε</strong></span> 
     </span>
    </p>
   </div>
   <div class='ocr_carea' id='block_1_35' title="bbox 205 2206 1807 2281">
    <p class='ocr_par' dir='ltr' id='par_1_35' title="bbox 205 2206 1807 2281">
     <span class='ocr_line' id='line_1_35' title="bbox 205 2206 1807 2281; baseline 0.003 -23"><span class='ocrx_word' id='word_1_227' title='bbox 205 2206 303 2260; x_wconf 73' lang='grc' dir='ltr'>τοῦ</span> <span class='ocrx_word' id='word_1_228' title='bbox 341 2208 604 2277; x_wconf 79' lang='grc' dir='ltr'>Νύσσης,</span> <span class='ocrx_word' id='word_1_229' title='bbox 645 2209 797 2278; x_wconf 85' lang='grc' dir='ltr'>παρά</span> <span class='ocrx_word' id='word_1_230' title='bbox 826 2226 886 2261; x_wconf 86' lang='grc' dir='ltr'><strong>τε</strong></span> <span class='ocrx_word' id='word_1_231' title='bbox 919 2210 1014 2262; x_wconf 77' lang='grc' dir='ltr'><strong>τοῦ</strong></span> <span class='ocrx_word' id='word_1_232' title='bbox 1073 2212 1490 2280; x_wconf 83' lang='grc' dir='ltr'>Χρυσοστόμου,</span> <span class='ocrx_word' id='word_1_233' title='bbox 1543 2211 1700 2281; x_wconf 82' lang='grc' dir='ltr'>παρὰ</span> <span class='ocrx_word' id='word_1_234' title='bbox 1746 2225 1807 2263; x_wconf 75' lang='grc' dir='ltr'><strong>τε</strong></span> 
     </span>
    </p>
   </div>
   <div class='ocr_carea' id='block_1_36' title="bbox 209 2297 1806 2370">
    <p class='ocr_par' dir='ltr' id='par_1_36' title="bbox 209 2297 1806 2370">
     <span class='ocr_line' id='line_1_36' title="bbox 209 2297 1806 2370; baseline 0.004 -20"><span class='ocrx_word' id='word_1_235' title='bbox 209 2297 301 2350; x_wconf 72' lang='grc' dir='ltr'>τοῦ</span> <span class='ocrx_word' id='word_1_236' title='bbox 340 2299 597 2364; x_wconf 78' lang='grc' dir='ltr'>μεγάλου</span> <span class='ocrx_word' id='word_1_237' title='bbox 641 2300 963 2368; x_wconf 78' lang='grc' dir='ltr'>Ἐπιφανίου</span> <span class='ocrx_word' id='word_1_238' title='bbox 1015 2300 1430 2370; x_wconf 87' lang='grc' dir='ltr'>θεολογηθῆναι,</span> <span class='ocrx_word' id='word_1_239' title='bbox 1466 2305 1560 2356; x_wconf 76' lang='grc' dir='ltr'>καὶ</span> <span class='ocrx_word' id='word_1_240' title='bbox 1599 2305 1663 2356; x_wconf 74' lang='grc' dir='ltr'>ἐκ</span> <span class='ocrx_word' id='word_1_241' title='bbox 1709 2301 1806 2356; x_wconf 81' lang='grc' dir='ltr'>τοῦ</span> 
     </span>
    </p>
   </div>
   <div class='ocr_carea' id='block_1_37' title="bbox 213 2387 1810 2462">
    <p class='ocr_par' dir='ltr' id='par_1_37' title="bbox 213 2387 1810 2462">
     <span class='ocr_line' id='line_1_37' title="bbox 213 2387 1810 2462; baseline 0.004 -20"><span class='ocrx_word' id='word_1_242' title='bbox 213 2388 343 2442; x_wconf 77' lang='grc' dir='ltr'>Υἱοῦ</span> <span class='ocrx_word' id='word_1_243' title='bbox 372 2390 439 2441; x_wconf 76' lang='grc' dir='ltr'>τὸ</span> <span class='ocrx_word' id='word_1_244' title='bbox 468 2387 698 2460; x_wconf 83' lang='grc' dir='ltr'><strong>Πνεῦμα</strong></span> <span class='ocrx_word' id='word_1_245' title='bbox 748 2391 1024 2462; x_wconf 75' lang='grc' dir='ltr'>ὑπάρχειν</span> <span class='ocrx_word' id='word_1_246' title='bbox 1062 2394 1445 2457; x_wconf 76' lang='grc' dir='ltr'>ἐνυποστάτως</span> <span class='ocrx_word' id='word_1_247' title='bbox 1478 2395 1574 2448; x_wconf 79' lang='grc' dir='ltr'>καὶ</span> <span class='ocrx_word' id='word_1_248' title='bbox 1616 2395 1810 2448; x_wconf 71' lang='grc' dir='ltr'>ούσιωι-</span> 
     </span>
    </p>
   </div>
   <div class='ocr_carea' id='block_1_38' title="bbox 216 2481 1809 2555">
    <p class='ocr_par' dir='ltr' id='par_1_38' title="bbox 216 2481 1809 2555">
     <span class='ocr_line' id='line_1_38' title="bbox 216 2481 1809 2555; baseline 0.004 -22"><span class='ocrx_word' id='word_1_249' title='bbox 216 2481 352 2546; x_wconf 77' lang='grc' dir='ltr'>δῶςς</span> <span class='ocrx_word' id='word_1_250' title='bbox 388 2482 695 2545; x_wconf 80' lang='grc' dir='ltr'>Σκεπτέον,</span> <span class='ocrx_word' id='word_1_251' title='bbox 746 2484 884 2552; x_wconf 84' lang='grc' dir='ltr'>πρὸς</span> <span class='ocrx_word' id='word_1_252' title='bbox 914 2484 1016 2552; x_wconf 82' lang='grc' dir='ltr'>τῆς</span> <span class='ocrx_word' id='word_1_253' title='bbox 1052 2484 1310 2553; x_wconf 78' lang='grc' dir='ltr'><strong>ἀληθείας</strong></span> <span class='ocrx_word' id='word_1_254' title='bbox 1344 2486 1536 2555; x_wconf 80' lang='grc' dir='ltr'>αὐτῆς,</span> <span class='ocrx_word' id='word_1_255' title='bbox 1576 2487 1625 2539; x_wconf 87' lang='grc' dir='ltr'>εἰ</span> <span class='ocrx_word' id='word_1_256' title='bbox 1661 2487 1809 2540; x_wconf 75' lang='grc' dir='ltr'>ἔστιν</span> 
     </span>
    </p>
   </div>
   <div class='ocr_carea' id='block_1_39' title="bbox 210 2573 1808 2645">
    <p class='ocr_par' dir='ltr' id='par_1_39' title="bbox 210 2573 1808 2645">
     <span class='ocr_line' id='line_1_39' title="bbox 210 2573 1808 2645; baseline 0.004 -20"><span class='ocrx_word' id='word_1_257' title='bbox 210 2574 341 2636; x_wconf 78' lang='grc' dir='ltr'>ὅλως</span> <span class='ocrx_word' id='word_1_258' title='bbox 369 2575 402 2643; x_wconf 81' lang='grc' dir='ltr'><strong>ἡ</strong></span> <span class='ocrx_word' id='word_1_259' title='bbox 435 2573 534 2626; x_wconf 80' lang='grc' dir='ltr'>τοῦ</span> <span class='ocrx_word' id='word_1_260' title='bbox 589 2574 707 2638; x_wconf 74' lang='grc' dir='ltr'>ἑνὸς</span> <span class='ocrx_word' id='word_1_261' title='bbox 743 2576 1020 2645; x_wconf 73' lang='grc' dir='ltr'>μαρτυρία</span> <span class='ocrx_word' id='word_1_262' title='bbox 1067 2576 1235 2645; x_wconf 84' lang='grc' dir='ltr'>τριῶν</span> <span class='ocrx_word' id='word_1_263' title='bbox 1279 2578 1374 2630; x_wconf 72' lang='grc' dir='ltr'>καὶ</span> <span class='ocrx_word' id='word_1_264' title='bbox 1405 2578 1487 2641; x_wconf 64' lang='grc' dir='ltr'>δὶς</span> <span class='ocrx_word' id='word_1_265' title='bbox 1536 2580 1808 2632; x_wconf 81' lang='grc' dir='ltr'><strong>τοσούτων</strong></span> 
     </span>
    </p>
   </div>
   <div class='ocr_carea' id='block_1_40' title="bbox 211 2667 1809 2736">
    <p class='ocr_par' dir='ltr' id='par_1_40' title="bbox 211 2667 1809 2736">
     <span class='ocr_line' id='line_1_40' title="bbox 211 2667 1809 2736; baseline 0.003 -18"><span class='ocrx_word' id='word_1_266' title='bbox 211 2668 288 2729; x_wconf 75' lang='grc' dir='ltr'>εἰς</span> <span class='ocrx_word' id='word_1_267' title='bbox 320 2667 684 2732; x_wconf 73' lang='grc' dir='ltr'>ἀξιοπιστίαν</span> <span class='ocrx_word' id='word_1_268' title='bbox 728 2669 1124 2736; x_wconf 82' lang='grc' dir='ltr'>προτιμοτέρα.</span> <span class='ocrx_word' id='word_1_269' title='bbox 1158 2669 1220 2722; x_wconf 75' lang='grc' dir='ltr'><strong>ΕΞ</strong></span> <span class='ocrx_word' id='word_1_270' title='bbox 1255 2668 1311 2722; x_wconf 79' lang='grc' dir='ltr'><strong>δὲ</strong></span> <span class='ocrx_word' id='word_1_271' title='bbox 1340 2669 1438 2723; x_wconf 81' lang='grc' dir='ltr'><strong>καὶ</strong></span> <span class='ocrx_word' id='word_1_272' title='bbox 1472 2669 1635 2722; x_wconf 82' lang='grc' dir='ltr'>αὐτὸν</span> <span class='ocrx_word' id='word_1_273' title='bbox 1662 2673 1809 2724; x_wconf 80' lang='grc' dir='ltr'>ἐκεῖ·</span> 
     </span>
    </p>
   </div>
   <div class='ocr_carea' id='block_1_41' title="bbox 212 2760 1809 2833">
    <p class='ocr_par' dir='ltr' id='par_1_41' title="bbox 212 2760 1809 2833">
     <span class='ocr_line' id='line_1_41' title="bbox 212 2760 1809 2833; baseline 0.001 -22"><span class='ocrx_word' id='word_1_274' title='bbox 212 2776 319 2824; x_wconf 89' lang='grc' dir='ltr'>νον,</span> <span class='ocrx_word' id='word_1_275' title='bbox 367 2760 431 2813; x_wconf 87' lang='grc' dir='ltr'>ὃν</span> <span class='ocrx_word' id='word_1_276' title='bbox 465 2761 526 2811; x_wconf 79' lang='grc' dir='ltr'><strong>ὲν</strong></span> <span class='ocrx_word' id='word_1_277' title='bbox 586 2761 687 2829; x_wconf 87' lang='grc' dir='ltr'>μιᾷ</span> <span class='ocrx_word' id='word_1_278' title='bbox 733 2762 906 2830; x_wconf 85' lang='grc' dir='ltr'>ταύτῃ</span> <span class='ocrx_word' id='word_1_279' title='bbox 944 2760 1051 2813; x_wconf 84' lang='grc' dir='ltr'>τῶν</span> <span class='ocrx_word' id='word_1_280' title='bbox 1091 2762 1323 2817; x_wconf 72' lang='grc' dir='ltr'>οἰκείων,</span> <span class='ocrx_word' id='word_1_281' title='bbox 1354 2762 1809 2833; x_wconf 70' lang='grc' dir='ltr'>συγγραμυάτων</span> 
     </span>
    </p>
   </div>
   <div class='ocr_carea' id='block_1_42' title="bbox 212 2848 1811 2923">
    <p class='ocr_par' dir='ltr' id='par_1_42' title="bbox 212 2848 1811 2923">
     <span class='ocr_line' id='line_1_42' title="bbox 212 2848 1811 2923; baseline 0.002 -18"><span class='ocrx_word' id='word_1_282' title='bbox 212 2855 493 2922; x_wconf 79' lang='grc' dir='ltr'>περικοπῇ</span> <span class='ocrx_word' id='word_1_283' title='bbox 523 2869 691 2920; x_wconf 83' lang='grc' dir='ltr'>φασιν</span> <span class='ocrx_word' id='word_1_284' title='bbox 722 2848 868 2907; x_wconf 75' lang='grc' dir='ltr'>οὗτοι</span> <span class='ocrx_word' id='word_1_285' title='bbox 897 2854 956 2906; x_wconf 77' lang='grc' dir='ltr'>τὸ</span> <span class='ocrx_word' id='word_1_286' title='bbox 989 2854 1212 2923; x_wconf 80' lang='grc' dir='ltr'>Πνεῦμα</span> <span class='ocrx_word' id='word_1_287' title='bbox 1270 2857 1338 2908; x_wconf 80' lang='grc' dir='ltr'>ἐκ</span> <span class='ocrx_word' id='word_1_288' title='bbox 1371 2854 1533 2922; x_wconf 85' lang='grc' dir='ltr'>μόνου</span> <span class='ocrx_word' id='word_1_289' title='bbox 1561 2855 1655 2908; x_wconf 79' lang='grc' dir='ltr'>τοῦ</span> <span class='ocrx_word' id='word_1_290' title='bbox 1700 2856 1811 2908; x_wconf 85' lang='grc' dir='ltr'><strong>Πα-</strong></span> 
     </span>
    </p>
   </div>
   <div class='ocr_carea' id='block_1_43' title="bbox 202 2944 1809 3023">
    <p class='ocr_par' dir='ltr' id='par_1_43' title="bbox 202 2944 1809 3023">
     <span class='ocr_line' id='line_1_43' title="bbox 202 2944 1809 3023; baseline 0.003 -27"><span class='ocrx_word' id='word_1_291' title='bbox 202 2945 333 3013; x_wconf 68' lang='grc' dir='ltr'>τρὸς</span> <span class='ocrx_word' id='word_1_292' title='bbox 358 2946 545 2997; x_wconf 70' lang='grc' dir='ltr'>εἰπεῖν</span> <span class='ocrx_word' id='word_1_293' title='bbox 572 2944 997 3023; x_wconf 69' lang='grc' dir='ltr'>ἐκπορεύεσθαι,</span> <span class='ocrx_word' id='word_1_294' title='bbox 1033 2948 1386 3017; x_wconf 79' lang='grc' dir='ltr'>παραστῆσαι</span> <span class='ocrx_word' id='word_1_295' title='bbox 1411 2947 1523 3012; x_wconf 75' lang='grc' dir='ltr'>ἕξει</span> <span class='ocrx_word' id='word_1_296' title='bbox 1545 2948 1573 3000; x_wconf 83' lang='grc' dir='ltr'><em>ὁ</em></span> <span class='ocrx_word' id='word_1_297' title='bbox 1596 2947 1809 3011; x_wconf 84' lang='grc' dir='ltr'>τούτοις</span> 
     </span>
    </p>
   </div>
   <div class='ocr_carea' id='block_1_44' title="bbox 204 3033 1805 3106">
    <p class='ocr_par' dir='ltr' id='par_1_44' title="bbox 204 3033 1805 3106">
     <span class='ocr_line' id='line_1_44' title="bbox 204 3033 1805 3106; baseline 0.004 -21"><span class='ocrx_word' id='word_1_298' title='bbox 204 3033 654 3102; x_wconf 63' lang='grc' dir='ltr'>ἀναφερόμενος</span> <span class='ocrx_word' id='word_1_299' title='bbox 690 3033 963 3104; x_wconf 78' lang='grc' dir='ltr'>πολλαχοῦ</span> <span class='ocrx_word' id='word_1_300' title='bbox 995 3035 1105 3089; x_wconf 89' lang='grc' dir='ltr'>τῶν</span> <span class='ocrx_word' id='word_1_301' title='bbox 1140 3039 1600 3106; x_wconf 82' lang='grc' dir='ltr'>συγγραμμάτων</span> <span class='ocrx_word' id='word_1_302' title='bbox 1637 3036 1805 3091; x_wconf 84' lang='grc' dir='ltr'>αὐτοῦ</span> 
     </span>
    </p>
   </div>
   <div class='ocr_carea' id='block_1_45' title="bbox 206 3124 1808 3196">
    <p class='ocr_par' dir='ltr' id='par_1_45' title="bbox 206 3124 1808 3196">
     <span class='ocr_line' id='line_1_45' title="bbox 206 3124 1808 3196; baseline 0.004 -20"><span class='ocrx_word' id='word_1_303' title='bbox 206 3124 521 3195; x_wconf 62' lang='grc' dir='ltr'>διαρρήδην</span> <span class='ocrx_word' id='word_1_304' title='bbox 579 3124 977 3195; x_wconf 70' lang='grc' dir='ltr'>διατρανοῠντα</span> <span class='ocrx_word' id='word_1_305' title='bbox 1032 3128 1096 3180; x_wconf 77' lang='grc' dir='ltr'>ἐκ</span> <span class='ocrx_word' id='word_1_306' title='bbox 1149 3127 1244 3180; x_wconf 83' lang='grc' dir='ltr'>τοῦ</span> <span class='ocrx_word' id='word_1_307' title='bbox 1301 3128 1516 3196; x_wconf 71' lang='grc' dir='ltr'>Πατρὸς</span> <span class='ocrx_word' id='word_1_308' title='bbox 1580 3129 1808 3183; x_wconf 78' lang='grc' dir='ltr'>καὶτοῦ</span> 
     </span>
    </p>
   </div>
   <div class='ocr_carea' id='block_1_46' title="bbox 208 3214 1802 3283">
    <p class='ocr_par' dir='ltr' id='par_1_46' title="bbox 208 3214 1802 3283">
     <span class='ocr_line' id='line_1_46' title="bbox 208 3214 1802 3283; baseline 0.003 -14"><span class='ocrx_word' id='word_1_309' title='bbox 208 3216 346 3270; x_wconf 75' lang='grc' dir='ltr'>Υἱοῦ</span> <span class='ocrx_word' id='word_1_310' title='bbox 417 3218 699 3283; x_wconf 82' lang='grc' dir='ltr'><strong>φυσικῶς,</strong></span> <span class='ocrx_word' id='word_1_311' title='bbox 762 3218 855 3271; x_wconf 77' lang='grc' dir='ltr'><strong>καὶ</strong></span> <span class='ocrx_word' id='word_1_312' title='bbox 920 3214 1306 3283; x_wconf 59' lang='grc' dir='ltr'>ἑνυποσέἀτως</span> <span class='ocrx_word' id='word_1_313' title='bbox 1372 3221 1467 3273; x_wconf 78' lang='grc' dir='ltr'><strong>καὶ</strong></span> <span class='ocrx_word' id='word_1_314' title='bbox 1525 3221 1802 3283; x_wconf 84' lang='grc' dir='ltr'>ούσιωδῶς</span> 
     </span>
    </p>
   </div>
   <div class='ocr_carea' id='block_1_47' title="bbox 208 3304 1805 3387">
    <p class='ocr_par' dir='ltr' id='par_1_47' title="bbox 208 3304 1805 3387">
     <span class='ocr_line' id='line_1_47' title="bbox 208 3304 1805 3387; baseline 0.003 -25"><span class='ocrx_word' id='word_1_315' title='bbox 208 3304 351 3364; x_wconf 66' lang='grc' dir='ltr'>εἶναι</span> <span class='ocrx_word' id='word_1_316' title='bbox 385 3308 449 3361; x_wconf 78' lang='grc' dir='ltr'>τὸ</span> <span class='ocrx_word' id='word_1_317' title='bbox 482 3308 732 3377; x_wconf 81' lang='grc' dir='ltr'>Πνεῦμα,</span> <span class='ocrx_word' id='word_1_318' title='bbox 788 3311 871 3370; x_wconf 74' lang='grc' dir='ltr'><strong>τίς</strong></span> <span class='ocrx_word' id='word_1_319' title='bbox 898 3310 964 3363; x_wconf 82' lang='grc' dir='ltr'>ἂν</span> <span class='ocrx_word' id='word_1_320' title='bbox 1009 3310 1355 3367; x_wconf 75' lang='grc' dir='ltr'>πιστεύσειεν</span> <span class='ocrx_word' id='word_1_321' title='bbox 1403 3313 1566 3367; x_wconf 66' lang='grc' dir='ltr'>αὑτὸν</span> <span class='ocrx_word' id='word_1_322' title='bbox 1622 3314 1805 3387; x_wconf 78' lang='grc' dir='ltr'>ἑαυτῷ</span> 
     </span>
    </p>
   </div>
   <div class='ocr_carea' id='block_1_48' title="bbox 208 3400 1090 3471">
    <p class='ocr_par' dir='ltr' id='par_1_48' title="bbox 208 3400 1090 3471">
     <span class='ocr_line' id='line_1_48' title="bbox 208 3400 1090 3471; baseline 0.001 -16"><span class='ocrx_word' id='word_1_323' title='bbox 208 3402 435 3455; x_wconf 68' lang='grc' dir='ltr'>ἐναντία</span> <span class='ocrx_word' id='word_1_324' title='bbox 465 3403 562 3454; x_wconf 70' lang='grc' dir='ltr'><strong>τὸν</strong></span> <span class='ocrx_word' id='word_1_325' title='bbox 586 3400 742 3469; x_wconf 79' lang='grc' dir='ltr'>ἆγιον</span> <span class='ocrx_word' id='word_1_326' title='bbox 777 3402 1090 3471; x_wconf 83' lang='grc' dir='ltr'>θεολογεῖν;</span> 
     </span>
    </p>
   </div>
   <div class='ocr_carea' id='block_1_49' title="bbox 281 3493 1805 3570">
    <p class='ocr_par' dir='ltr' id='par_1_49' title="bbox 281 3493 1805 3570">
     <span class='ocr_line' id='line_1_49' title="bbox 281 3493 1805 3570; baseline 0.005 -22"><span class='ocrx_word' id='word_1_327' title='bbox 281 3493 363 3558; x_wconf 83' lang='grc' dir='ltr'><strong>ς’.</strong></span> <span class='ocrx_word' id='word_1_328' title='bbox 409 3494 557 3564; x_wconf 77' lang='grc' dir='ltr'>Πρὸς</span> <span class='ocrx_word' id='word_1_329' title='bbox 614 3494 714 3564; x_wconf 75' lang='grc' dir='ltr'>μὲν</span> <span class='ocrx_word' id='word_1_330' title='bbox 761 3493 854 3548; x_wconf 80' lang='grc' dir='ltr'><strong>οὖν</strong></span> <span class='ocrx_word' id='word_1_331' title='bbox 892 3496 954 3549; x_wconf 84' lang='grc' dir='ltr'><strong>τὸ</strong></span> <span class='ocrx_word' id='word_1_332' title='bbox 996 3496 1147 3567; x_wconf 72' lang='grc' dir='ltr'>παρὰ</span> <span class='ocrx_word' id='word_1_333' title='bbox 1192 3499 1287 3552; x_wconf 83' lang='grc' dir='ltr'>τοῦ</span> <span class='ocrx_word' id='word_1_334' title='bbox 1320 3500 1477 3569; x_wconf 79' lang='grc' dir='ltr'>ἅγῐου</span> <span class='ocrx_word' id='word_1_335' title='bbox 1534 3501 1805 3570; x_wconf 82' lang='grc' dir='ltr'>Κυρίλλου</span> 
     </span>
    </p>
   </div>
   <div class='ocr_carea' id='block_1_50' title="bbox 218 3587 1807 3664">
    <p class='ocr_par' dir='ltr' id='par_1_50' title="bbox 218 3587 1807 3664">
     <span class='ocr_line' id='line_1_50' title="bbox 218 3587 1807 3664; baseline 0.006 -24"><span class='ocrx_word' id='word_1_336' title='bbox 218 3587 385 3657; x_wconf 79' lang='grc' dir='ltr'>μόνου</span> <span class='ocrx_word' id='word_1_337' title='bbox 421 3588 665 3658; x_wconf 78' lang='grc' dir='ltr'>ῥηθῆναι</span> <span class='ocrx_word' id='word_1_338' title='bbox 680 3589 780 3657; x_wconf 84' lang='grc' dir='ltr'>τὴν</span> <span class='ocrx_word' id='word_1_339' title='bbox 817 3609 836 3640; x_wconf 86' lang='grc'><strong><em>‹</em></strong></span> <span class='ocrx_word' id='word_1_340' title='bbox 860 3592 922 3643; x_wconf 81' lang='grc' dir='ltr'>ἐκ</span> <span class='ocrx_word' id='word_1_341' title='bbox 948 3591 1111 3658; x_wconf 87' lang='grc' dir='ltr'>μόνου</span> <span class='ocrx_word' id='word_1_342' title='bbox 1138 3591 1228 3644; x_wconf 81' lang='grc' dir='ltr'>τοῦ</span> <span class='ocrx_word' id='word_1_343' title='bbox 1254 3593 1465 3664; x_wconf 75' lang='grc' dir='ltr'>Πατρδς</span> <span class='ocrx_word' id='word_1_344' title='bbox 1487 3613 1507 3646; x_wconf 73' lang='grc' dir='ltr'><strong>ι</strong></span> <span class='ocrx_word' id='word_1_345' title='bbox 1539 3594 1807 3661; x_wconf 79' lang='grc' dir='ltr'>λέγουσαν</span> 
     </span>
    </p>
   </div>
   <div class='ocr_carea' id='block_1_51' title="bbox 224 3678 1806 3755">
    <p class='ocr_par' dir='ltr' id='par_1_51' title="bbox 224 3678 1806 3755">
     <span class='ocr_line' id='line_1_51' title="bbox 224 3678 1806 3755; baseline 0.006 -26"><span class='ocrx_word' id='word_1_346' title='bbox 224 3678 377 3746; x_wconf 68' lang='grc' dir='ltr'>ῥῆσιν</span> <span class='ocrx_word' id='word_1_347' title='bbox 425 3679 509 3741; x_wconf 84' lang='grc' dir='ltr'>εὶς</span> <span class='ocrx_word' id='word_1_348' title='bbox 549 3679 876 3750; x_wconf 62' lang='grc' dir='ltr'>ἀντίρρησιν</span> <span class='ocrx_word' id='word_1_349' title='bbox 922 3681 1350 3752; x_wconf 72' lang='grc' dir='ltr'>προϐαλλόμεθα</span> <span class='ocrx_word' id='word_1_350' title='bbox 1380 3686 1441 3737; x_wconf 78' lang='grc' dir='ltr'>τὸ</span> <span class='ocrx_word' id='word_1_351' title='bbox 1492 3687 1646 3755; x_wconf 76' lang='grc' dir='ltr'>παρὰ</span> <span class='ocrx_word' id='word_1_352' title='bbox 1696 3687 1806 3739; x_wconf 86' lang='grc' dir='ltr'>τῶν</span> 
     </span>
    </p>
   </div>
   <div class='ocr_carea' id='block_1_52' title="bbox 225 3772 1807 3850">
    <p class='ocr_par' dir='ltr' id='par_1_52' title="bbox 225 3772 1807 3850">
     <span class='ocr_line' id='line_1_52' title="bbox 225 3772 1807 3850; baseline 0.006 -27"><span class='ocrx_word' id='word_1_353' title='bbox 225 3772 743 3842; x_wconf 77' lang='grc' dir='ltr'>ἀναγεγραμμένων</span> <span class='ocrx_word' id='word_1_354' title='bbox 810 3774 1076 3843; x_wconf 79' lang='grc' dir='ltr'>θεολόγων</span> <span class='ocrx_word' id='word_1_355' title='bbox 1142 3778 1400 3847; x_wconf 80' lang='grc' dir='ltr'>Πατέρων</span> <span class='ocrx_word' id='word_1_356' title='bbox 1457 3779 1691 3850; x_wconf 80' lang='grc' dir='ltr'>ῥηθῆναι</span> <span class='ocrx_word' id='word_1_357' title='bbox 1744 3779 1807 3833; x_wconf 86' lang='grc' dir='ltr'>τὸ</span> 
     </span>
    </p>
   </div>
   <div class='ocr_carea' id='block_1_53' title="bbox 232 3850 1808 3942">
    <p class='ocr_par' dir='ltr' id='par_1_53' title="bbox 232 3850 1808 3942">
     <span class='ocr_line' id='line_1_53' title="bbox 232 3850 1808 3942; baseline 0.007 -28"><span class='ocrx_word' id='word_1_358' title='bbox 232 3878 252 3914; x_wconf 77' lang='grc' dir='ltr'><strong>ι</strong></span> <span class='ocrx_word' id='word_1_359' title='bbox 281 3863 343 3914; x_wconf 81' lang='grc' dir='ltr'>ἐκ</span> <span class='ocrx_word' id='word_1_360' title='bbox 372 3863 595 3933; x_wconf 78' lang='grc' dir='ltr'>Πατρὸς</span> <span class='ocrx_word' id='word_1_361' title='bbox 624 3866 718 3918; x_wconf 72' lang='grc' dir='ltr'><strong>καὶ</strong></span> <span class='ocrx_word' id='word_1_362' title='bbox 755 3865 886 3919; x_wconf 83' lang='grc' dir='ltr'>Υἱοῦ</span> <span class='ocrx_word' id='word_1_363' title='bbox 913 3882 927 3895; x_wconf 87' lang='grc'><strong>·</strong></span> <span class='ocrx_word' id='word_1_364' title='bbox 962 3886 981 3919; x_wconf 69' lang='grc' dir='ltr'><strong>ι</strong></span> <span class='ocrx_word' id='word_1_365' title='bbox 1016 3869 1097 3930; x_wconf 77' lang='grc' dir='ltr'>εἰς</span> <span class='ocrx_word' id='word_1_366' title='bbox 1127 3868 1185 3922; x_wconf 83' lang='grc' dir='ltr'><strong>δὲ</strong></span> <span class='ocrx_word' id='word_1_367' title='bbox 1223 3850 1503 3935; x_wconf 80' lang='grc' dir='ltr'>ἀπόδειξιν</span> <span class='ocrx_word' id='word_1_368' title='bbox 1531 3871 1624 3925; x_wconf 86' lang='grc' dir='ltr'>τοῦ</span> <span class='ocrx_word' id='word_1_369' title='bbox 1671 3872 1808 3942; x_wconf 82' lang='grc' dir='ltr'>μηδὲ</span> 
     </span>
    </p>
   </div>
   <div class='ocr_carea' id='block_1_54' title="bbox 222 3956 1809 4036">
    <p class='ocr_par' dir='ltr' id='par_1_54' title="bbox 222 3956 1809 4036">
     <span class='ocr_line' id='line_1_54' title="bbox 222 3956 1809 4036; baseline 0.008 -29"><span class='ocrx_word' id='word_1_370' title='bbox 222 3956 279 4007; x_wconf 76' lang='grc' dir='ltr'><strong>ἐν</strong></span> <span class='ocrx_word' id='word_1_371' title='bbox 300 3960 365 4026; x_wconf 77' lang='grc' dir='ltr'>τῇ</span> <span class='ocrx_word' id='word_1_372' title='bbox 401 3960 505 4027; x_wconf 76' lang='grc' dir='ltr'>μιᾷ</span> <span class='ocrx_word' id='word_1_373' title='bbox 538 3958 717 4030; x_wconf 82' lang='grc' dir='ltr'>ταύτῃ</span> <span class='ocrx_word' id='word_1_374' title='bbox 765 3963 1045 4030; x_wconf 78' lang='grc' dir='ltr'>περικοπῇ</span> <span class='ocrx_word' id='word_1_375' title='bbox 1092 3961 1170 4030; x_wconf 84' lang='grc' dir='ltr'>τῷ</span> <span class='ocrx_word' id='word_1_376' title='bbox 1219 3962 1364 4032; x_wconf 83' lang='grc' dir='ltr'><strong>ἁγίῳ</strong></span> <span class='ocrx_word' id='word_1_377' title='bbox 1413 3965 1668 4035; x_wconf 79' lang='grc' dir='ltr'>Κυρξλλῳ</span> <span class='ocrx_word' id='word_1_378' title='bbox 1710 3965 1809 4036; x_wconf 80' lang='grc' dir='ltr'>τὴν</span> 
     </span>
    </p>
   </div>
   <div class='ocr_carea' id='block_1_55' title="bbox 215 4049 1809 4122">
    <p class='ocr_par' dir='ltr' id='par_1_55' title="bbox 215 4049 1809 4122">
     <span class='ocr_line' id='line_1_55' title="bbox 215 4049 1809 4122; baseline 0.006 -21"><span class='ocrx_word' id='word_1_379' title='bbox 215 4049 406 4118; x_wconf 68' lang='grc' dir='ltr'>φωνὴν</span> <span class='ocrx_word' id='word_1_380' title='bbox 436 4051 648 4120; x_wconf 75' lang='grc' dir='ltr'>ταύτην</span> <span class='ocrx_word' id='word_1_381' title='bbox 688 4051 925 4120; x_wconf 70' lang='grc' dir='ltr'>ῥηθῆναι</span> <span class='ocrx_word' id='word_1_382' title='bbox 952 4053 1014 4104; x_wconf 66' lang='grc' dir='ltr'>τὸ</span> <span class='ocrx_word' id='word_1_383' title='bbox 1047 4053 1239 4122; x_wconf 81' lang='grc' dir='ltr'>μηδενὶ</span> <span class='ocrx_word' id='word_1_384' title='bbox 1267 4054 1379 4107; x_wconf 86' lang='grc' dir='ltr'>τῶν</span> <span class='ocrx_word' id='word_1_385' title='bbox 1409 4056 1667 4110; x_wconf 83' lang='grc' dir='ltr'>ἁπάντων</span> <span class='ocrx_word' id='word_1_386' title='bbox 1714 4074 1809 4110; x_wconf 81' lang='grc' dir='ltr'>πι-</span> 
     </span>
    </p>
   </div>
   <div class='ocr_carea' id='block_1_56' title="bbox 218 4142 1813 4220">
    <p class='ocr_par' dir='ltr' id='par_1_56' title="bbox 218 4142 1813 4220">
     <span class='ocr_line' id='line_1_56' title="bbox 218 4142 1813 4220; baseline 0.005 -26"><span class='ocrx_word' id='word_1_387' title='bbox 218 4142 517 4195; x_wconf 80' lang='grc' dir='ltr'>στεύεσθαι</span> <span class='ocrx_word' id='word_1_388' title='bbox 548 4146 724 4195; x_wconf 80' lang='grc' dir='ltr'>εἰπεῖν</span> <span class='ocrx_word' id='word_1_389' title='bbox 752 4161 804 4196; x_wconf 90' lang='grc' dir='ltr'><strong>τι</strong></span> <span class='ocrx_word' id='word_1_390' title='bbox 830 4145 919 4196; x_wconf 78' lang='grc' dir='ltr'>τὸν</span> <span class='ocrx_word' id='word_1_391' title='bbox 944 4144 1101 4212; x_wconf 72' lang='grc' dir='ltr'>ἅγιον</span> <span class='ocrx_word' id='word_1_392' title='bbox 1135 4146 1404 4217; x_wconf 83' lang='grc' dir='ltr'>Κύριλλον</span> <span class='ocrx_word' id='word_1_393' title='bbox 1429 4149 1612 4219; x_wconf 78' lang='grc' dir='ltr'>ἐαυτῷ</span> <span class='ocrx_word' id='word_1_394' title='bbox 1634 4167 1647 4181; x_wconf 90' lang='grc'><strong>·</strong></span> <span class='ocrx_word' id='word_1_395' title='bbox 1674 4151 1813 4220; x_wconf 82' lang='grc' dir='ltr'>πρὸς</span> 
     </span>
    </p>
   </div>
   <div class='ocr_carea' id='block_1_57' title="bbox 216 4235 1811 4312">
    <p class='ocr_par' dir='ltr' id='par_1_57' title="bbox 216 4235 1811 4312">
     <span class='ocr_line' id='line_1_57' title="bbox 216 4235 1811 4312; baseline 0.004 -24"><span class='ocrx_word' id='word_1_396' title='bbox 216 4235 271 4288; x_wconf 70' lang='grc' dir='ltr'><strong>δὲ</strong></span> <span class='ocrx_word' id='word_1_397' title='bbox 298 4236 403 4305; x_wconf 75' lang='grc' dir='ltr'>τὴν</span> <span class='ocrx_word' id='word_1_398' title='bbox 435 4236 573 4306; x_wconf 81' lang='grc' dir='ltr'>παρ’</span> <span class='ocrx_word' id='word_1_399' title='bbox 605 4237 788 4288; x_wconf 84' lang='grc' dir='ltr'>αὐτῶν</span> <span class='ocrx_word' id='word_1_400' title='bbox 836 4238 1297 4307; x_wconf 76' lang='grc' dir='ltr'>προϐεϐλημένην</span> <span class='ocrx_word' id='word_1_401' title='bbox 1327 4240 1668 4312; x_wconf 86' lang='grc' dir='ltr'>παλαιότητα</span> <span class='ocrx_word' id='word_1_402' title='bbox 1700 4243 1811 4296; x_wconf 84' lang='grc' dir='ltr'>τῶν</span> 
     </span>
    </p>
   </div>
   <div class='ocr_carea' id='block_1_58' title="bbox 1916 1938 3493 2016">
    <p class='ocr_par' dir='ltr' id='par_1_58' title="bbox 1916 1938 3493 2016">
     <span class='ocr_line' id='line_1_58' title="bbox 1916 1938 3493 2016; baseline -0.006 -18"><span class='ocrx_word' id='word_1_403' title='bbox 1916 1950 2081 2016; x_wconf 89' lang='lat' dir='ltr'><strong>piam.</strong></span> <span class='ocrx_word' id='word_1_404' title='bbox 2119 1946 2257 2014; x_wconf 64' lang='lat' dir='ltr'><strong>aequi</strong></span> <span class='ocrx_word' id='word_1_405' title='bbox 2290 1961 2504 2009; x_wconf 88' lang='lat' dir='ltr'><strong>amans,</strong></span> <span class='ocrx_word' id='word_1_406' title='bbox 2559 1953 2613 1998; x_wconf 91' lang='lat' dir='ltr'><strong>et</strong></span> <span class='ocrx_word' id='word_1_407' title='bbox 2669 1942 2882 2012; x_wconf 80' lang='lat' dir='ltr'><strong>gemina</strong></span> <span class='ocrx_word' id='word_1_408' title='bbox 2933 1941 3137 2010; x_wconf 80' lang='lat' dir='ltr'><strong>justum</strong></span> <span class='ocrx_word' id='word_1_409' title='bbox 3193 1938 3345 1992; x_wconf 86' lang='lat' dir='ltr'><strong>lance</strong></span> <span class='ocrx_word' id='word_1_410' title='bbox 3367 1951 3493 1990; x_wconf 88' lang='lat' dir='ltr'><strong>sus-</strong></span> 
     </span>
    </p>
   </div>
   <div class='ocr_carea' id='block_1_59' title="bbox 1913 2025 3490 2106">
    <p class='ocr_par' dir='ltr' id='par_1_59' title="bbox 1913 2025 3490 2106">
     <span class='ocr_line' id='line_1_59' title="bbox 1913 2025 3490 2106; baseline -0.008 -16"><span class='ocrx_word' id='word_1_411' title='bbox 1913 2038 2179 2106; x_wconf 85' lang='lat' dir='ltr'><strong>pendens.</strong></span> <span class='ocrx_word' id='word_1_412' title='bbox 2211 2037 2494 2089; x_wconf 83' lang='lat' dir='ltr'><strong>victoriam</strong></span> <span class='ocrx_word' id='word_1_413' title='bbox 2549 2049 2657 2087; x_wconf 91' lang='lat' dir='ltr'><strong>uon</strong></span> <span class='ocrx_word' id='word_1_414' title='bbox 2716 2032 2824 2086; x_wconf 85' lang='lat' dir='ltr'><strong>illis</strong></span> <span class='ocrx_word' id='word_1_415' title='bbox 2867 2029 3147 2093; x_wconf 79' lang='lat' dir='ltr'><strong>concedet,</strong></span> <span class='ocrx_word' id='word_1_416' title='bbox 3183 2026 3275 2095; x_wconf 93' lang='lat' dir='ltr'><strong>qui</strong></span> <span class='ocrx_word' id='word_1_417' title='bbox 3313 2025 3490 2093; x_wconf 86' lang='lat' dir='ltr'><strong>palam</strong></span> 
     </span>
    </p>
   </div>
   <div class='ocr_carea' id='block_1_60' title="bbox 1873 2123 3494 2196">
    <p class='ocr_par' dir='ltr' id='par_1_60' title="bbox 1873 2123 3494 2196">
     <span class='ocr_line' id='line_1_60' title="bbox 1873 2123 3494 2196; baseline -0.009 -7"><span class='ocrx_word' id='word_1_418' title='bbox 1873 2185 1877 2189; x_wconf 85' lang='lat'><strong>.</strong></span> <span class='ocrx_word' id='word_1_419' title='bbox 1912 2131 2315 2191; x_wconf 86' lang='lat' dir='ltr'><strong>demonstrant,</strong></span> <span class='ocrx_word' id='word_1_420' title='bbox 2340 2136 2393 2182; x_wconf 90' lang='lat' dir='ltr'><strong>ct</strong></span> <span class='ocrx_word' id='word_1_421' title='bbox 2422 2143 2451 2180; x_wconf 88' lang='lat' dir='ltr'><strong>a</strong></span> <span class='ocrx_word' id='word_1_422' title='bbox 2480 2141 2678 2196; x_wconf 82' lang='lat' dir='ltr'><strong>magno</strong></span> <span class='ocrx_word' id='word_1_423' title='bbox 2732 2123 3060 2184; x_wconf 86' lang='lat' dir='ltr'><strong>Athanasio,</strong></span> <span class='ocrx_word' id='word_1_424' title='bbox 3113 2130 3167 2174; x_wconf 89' lang='lat' dir='ltr'><strong>ct</strong></span> <span class='ocrx_word' id='word_1_425' title='bbox 3216 2136 3246 2175; x_wconf 88' lang='lat' dir='ltr'><strong>a</strong></span> <span class='ocrx_word' id='word_1_426' title='bbox 3296 2134 3494 2187; x_wconf 81' lang='lat' dir='ltr'><strong>magno</strong></span> 
     </span>
    </p>
   </div>
   <div class='ocr_carea' id='block_1_61' title="bbox 1912 2215 3492 2286">
    <p class='ocr_par' dir='ltr' id='par_1_61' title="bbox 1912 2215 3492 2286">
     <span class='ocr_line' id='line_1_61' title="bbox 1912 2215 3492 2286; baseline -0.007 -12"><span class='ocrx_word' id='word_1_427' title='bbox 1912 2219 2137 2284; x_wconf 78' lang='lat' dir='ltr'><strong>Basilio,</strong></span> <span class='ocrx_word' id='word_1_428' title='bbox 2172 2236 2272 2274; x_wconf 85' lang='lat' dir='ltr'><strong>nec</strong></span> <span class='ocrx_word' id='word_1_429' title='bbox 2300 2235 2407 2274; x_wconf 91' lang='lat' dir='ltr'><strong>non</strong></span> <span class='ocrx_word' id='word_1_430' title='bbox 2442 2217 2709 2282; x_wconf 81' lang='lat' dir='ltr'><strong>stseuo,</strong></span> <span class='ocrx_word' id='word_1_431' title='bbox 2733 2227 2897 2286; x_wconf 80' lang='lat' dir='ltr'><strong>atque</strong></span> <span class='ocrx_word' id='word_1_432' title='bbox 2925 2215 3343 2285; x_wconf 83' lang='lat' dir='ltr'><strong>Cbrysostnmo.</strong></span> <span class='ocrx_word' id='word_1_433' title='bbox 3378 2217 3492 2263; x_wconf 88' lang='lat' dir='ltr'><strong>tum</strong></span> 
     </span>
    </p>
   </div>
   <div class='ocr_carea' id='block_1_62' title="bbox 1914 2302 3495 2378">
    <p class='ocr_par' dir='ltr' id='par_1_62' title="bbox 1914 2302 3495 2378">
     <span class='ocr_line' id='line_1_62' title="bbox 1914 2302 3495 2378; baseline -0.007 -13"><span class='ocrx_word' id='word_1_434' title='bbox 1914 2302 2078 2365; x_wconf 78' lang='lat' dir='ltr'><strong>etiam</strong></span> <span class='ocrx_word' id='word_1_435' title='bbox 2114 2328 2141 2362; x_wconf 90' lang='lat' dir='ltr'><strong>a</strong></span> <span class='ocrx_word' id='word_1_436' title='bbox 2180 2325 2378 2378; x_wconf 71' lang='lat' dir='ltr'><strong>magno</strong></span> <span class='ocrx_word' id='word_1_437' title='bbox 2409 2309 2709 2378; x_wconf 83' lang='lat' dir='ltr'><strong>Epiphanio</strong></span> <span class='ocrx_word' id='word_1_438' title='bbox 2767 2308 3025 2361; x_wconf 90' lang='lat' dir='ltr'><strong>traditum</strong></span> <span class='ocrx_word' id='word_1_439' title='bbox 3073 2303 3263 2362; x_wconf 80' lang='lat' dir='ltr'><strong>fuisse.</strong></span> <span class='ocrx_word' id='word_1_440' title='bbox 3324 2310 3378 2355; x_wconf 88' lang='lat' dir='ltr'><strong>et</strong></span> <span class='ocrx_word' id='word_1_441' title='bbox 3427 2316 3495 2355; x_wconf 79' lang='lat' dir='ltr'><strong>ex</strong></span> 
     </span>
    </p>
   </div>
   <div class='ocr_carea' id='block_1_63' title="bbox 1913 2387 3498 2469">
    <p class='ocr_par' dir='ltr' id='par_1_63' title="bbox 1913 2387 3498 2469">
     <span class='ocr_line' id='line_1_63' title="bbox 1913 2387 3498 2469; baseline -0.006 -15"><span class='ocrx_word' id='word_1_442' title='bbox 1913 2399 2053 2454; x_wconf 90' lang='lat' dir='ltr'><strong>Filio</strong></span> <span class='ocrx_word' id='word_1_443' title='bbox 2089 2398 2350 2469; x_wconf 87' lang='lat' dir='ltr'><strong>Spiritum</strong></span> <span class='ocrx_word' id='word_1_444' title='bbox 2384 2413 2508 2454; x_wconf 91' lang='lat' dir='ltr'><strong>esse</strong></span> <span class='ocrx_word' id='word_1_445' title='bbox 2540 2412 2638 2451; x_wconf 91' lang='lat' dir='ltr'><strong>sua</strong></span> <span class='ocrx_word' id='word_1_446' title='bbox 2689 2394 2988 2465; x_wconf 84' lang='lat' dir='ltr'><strong>bypostasi.</strong></span> <span class='ocrx_word' id='word_1_447' title='bbox 3023 2402 3079 2446; x_wconf 88' lang='lat' dir='ltr'><strong>et</strong></span> <span class='ocrx_word' id='word_1_448' title='bbox 3128 2389 3403 2447; x_wconf 66' lang='lat' dir='ltr'><strong>essvntia?</strong></span> <span class='ocrx_word' id='word_1_449' title='bbox 3427 2387 3498 2444; x_wconf 85' lang='lat' dir='ltr'><strong>Et</strong></span> 
     </span>
    </p>
   </div>
   <div class='ocr_carea' id='block_1_64' title="bbox 1916 2470 3494 2556">
    <p class='ocr_par' dir='ltr' id='par_1_64' title="bbox 1916 2470 3494 2556">
     <span class='ocr_line' id='line_1_64' title="bbox 1916 2470 3494 2556; baseline -0.008 -9"><span class='ocrx_word' id='word_1_450' title='bbox 1916 2492 2378 2547; x_wconf 88' lang='lat' dir='ltr'><strong>considerandum</strong></span> <span class='ocrx_word' id='word_1_451' title='bbox 2434 2490 2623 2556; x_wconf 85' lang='lat' dir='ltr'><strong>utique</strong></span> <span class='ocrx_word' id='word_1_452' title='bbox 2658 2497 2763 2549; x_wconf 86' lang='lat' dir='ltr'><strong>est,</strong></span> <span class='ocrx_word' id='word_1_453' title='bbox 2827 2501 2920 2555; x_wconf 88' lang='lat' dir='ltr'><strong>pcr</strong></span> <span class='ocrx_word' id='word_1_454' title='bbox 2954 2470 3236 2537; x_wconf 78' lang='lat' dir='ltr'><strong>vet-itatem</strong></span> <span class='ocrx_word' id='word_1_455' title='bbox 3293 2482 3494 2548; x_wconf 84' lang='lat' dir='ltr'><strong>ipsam.</strong></span> 
     </span>
    </p>
   </div>
   <div class='ocr_carea' id='block_1_65' title="bbox 1916 2573 3498 2646">
    <p class='ocr_par' dir='ltr' id='par_1_65' title="bbox 1916 2573 3498 2646">
     <span class='ocr_line' id='line_1_65' title="bbox 1916 2573 3498 2646; baseline -0.009 -7"><span class='ocrx_word' id='word_1_456' title='bbox 1916 2601 1983 2639; x_wconf 85' lang='lat' dir='ltr'><strong>an</strong></span> <span class='ocrx_word' id='word_1_457' title='bbox 2028 2585 2191 2638; x_wconf 85' lang='lat' dir='ltr'><strong>unius</strong></span> <span class='ocrx_word' id='word_1_458' title='bbox 2232 2584 2629 2646; x_wconf 89' lang='lat' dir='ltr'><strong>testimonium,</strong></span> <span class='ocrx_word' id='word_1_459' title='bbox 2671 2579 2836 2632; x_wconf 88' lang='lat' dir='ltr'><strong>trium</strong></span> <span class='ocrx_word' id='word_1_460' title='bbox 2887 2576 2968 2629; x_wconf 81' lang='lat' dir='ltr'><strong>vel</strong></span> <span class='ocrx_word' id='word_1_461' title='bbox 3021 2590 3116 2631; x_wconf 81' lang='lat' dir='ltr'><strong>sex</strong></span> <span class='ocrx_word' id='word_1_462' title='bbox 3174 2573 3498 2625; x_wconf 84' lang='lat' dir='ltr'><strong>auctoritate</strong></span> 
     </span>
    </p>
   </div>
   <div class='ocr_carea' id='block_1_66' title="bbox 1916 2664 3553 2743">
    <p class='ocr_par' dir='ltr' id='par_1_66' title="bbox 1916 2664 3553 2743">
     <span class='ocr_line' id='line_1_66' title="bbox 1916 2664 3553 2743; baseline -0.009 -11"><span class='ocrx_word' id='word_1_463' title='bbox 1916 2679 1982 2732; x_wconf 89' lang='lat' dir='ltr'><strong>ad</strong></span> <span class='ocrx_word' id='word_1_464' title='bbox 2020 2677 2175 2730; x_wconf 86' lang='lat' dir='ltr'><strong>tidem</strong></span> <span class='ocrx_word' id='word_1_465' title='bbox 2211 2673 2634 2743; x_wconf 85' lang='lat' dir='ltr'><strong>comparandam</strong></span> <span class='ocrx_word' id='word_1_466' title='bbox 2665 2670 2845 2740; x_wconf 85' lang='lat' dir='ltr'><strong>potius</strong></span> <span class='ocrx_word' id='word_1_467' title='bbox 2867 2667 2976 2723; x_wconf 83' lang='lat' dir='ltr'><strong>sit?</strong></span> <span class='ocrx_word' id='word_1_468' title='bbox 3002 2667 3157 2733; x_wconf 84' lang='lat' dir='ltr'><strong>Quod</strong></span> <span class='ocrx_word' id='word_1_469' title='bbox 3182 2667 3226 2720; x_wconf 91' lang='lat' dir='ltr'><strong>si</strong></span> <span class='ocrx_word' id='word_1_470' title='bbox 3263 2675 3316 2718; x_wconf 89' lang='lat' dir='ltr'><strong>et</strong></span> <span class='ocrx_word' id='word_1_471' title='bbox 3342 2664 3496 2717; x_wconf 88' lang='lat' dir='ltr'><strong>illum</strong></span> <span class='ocrx_word' id='word_1_472' title='bbox 3550 2676 3553 2680; x_wconf 80' lang='lat'><em>‘</em></span> 
     </span>
    </p>
   </div>
   <div class='ocr_carea' id='block_1_67' title="bbox 1915 2761 3500 2837">
    <p class='ocr_par' dir='ltr' id='par_1_67' title="bbox 1915 2761 3500 2837">
     <span class='ocr_line' id='line_1_67' title="bbox 1915 2761 3500 2837; baseline -0.008 -17"><span class='ocrx_word' id='word_1_473' title='bbox 1915 2767 2093 2837; x_wconf 86' lang='lat' dir='ltr'><strong>ipsum</strong></span> <span class='ocrx_word' id='word_1_474' title='bbox 2135 2780 2298 2836; x_wconf 87' lang='lat' dir='ltr'><strong>quem</strong></span> <span class='ocrx_word' id='word_1_475' title='bbox 2331 2765 2384 2818; x_wconf 92' lang='lat' dir='ltr'><strong>in</strong></span> <span class='ocrx_word' id='word_1_476' title='bbox 2409 2779 2518 2819; x_wconf 91' lang='lat' dir='ltr'><strong>una</strong></span> <span class='ocrx_word' id='word_1_477' title='bbox 2543 2772 2749 2816; x_wconf 78' lang='lat' dir='ltr'><strong>tantum</strong></span> <span class='ocrx_word' id='word_1_478' title='bbox 2784 2761 3127 2829; x_wconf 85' lang='lat' dir='ltr'><strong>propriorum</strong></span> <span class='ocrx_word' id='word_1_479' title='bbox 3161 2766 3500 2811; x_wconf 80' lang='lat' dir='ltr'><strong>commenta—</strong></span> 
     </span>
    </p>
   </div>
   <div class='ocr_carea' id='block_1_68' title="bbox 1917 2846 3500 2927">
    <p class='ocr_par' dir='ltr' id='par_1_68' title="bbox 1917 2846 3500 2927">
     <span class='ocr_line' id='line_1_68' title="bbox 1917 2846 3500 2927; baseline -0.008 -14"><span class='ocrx_word' id='word_1_480' title='bbox 1917 2861 2124 2914; x_wconf 89' lang='lat' dir='ltr'><strong>riorum</strong></span> <span class='ocrx_word' id='word_1_481' title='bbox 2184 2858 2437 2927; x_wconf 89' lang='lat' dir='ltr'><strong>pericopa</strong></span> <span class='ocrx_word' id='word_1_482' title='bbox 2495 2863 2747 2911; x_wconf 73' lang='lat' dir='ltr'><strong>asserunt</strong></span> <span class='ocrx_word' id='word_1_483' title='bbox 2809 2855 2885 2918; x_wconf 91' lang='lat' dir='ltr'><strong>bi,</strong></span> <span class='ocrx_word' id='word_1_484' title='bbox 2937 2851 3199 2921; x_wconf 75' lang='lat' dir='ltr'><strong>Spiritum</strong></span> <span class='ocrx_word' id='word_1_485' title='bbox 3259 2864 3325 2903; x_wconf 79' lang='lat' dir='ltr'><strong>cx</strong></span> <span class='ocrx_word' id='word_1_486' title='bbox 3381 2846 3500 2902; x_wconf 88' lang='lat' dir='ltr'><strong>solo</strong></span> 
     </span>
    </p>
   </div>
   <div class='ocr_carea' id='block_1_69' title="bbox 1916 2941 3497 3020">
    <p class='ocr_par' dir='ltr' id='par_1_69' title="bbox 1916 2941 3497 3020">
     <span class='ocr_line' id='line_1_69' title="bbox 1916 2941 3497 3020; baseline -0.008 -13"><span class='ocrx_word' id='word_1_487' title='bbox 1916 2953 2080 3007; x_wconf 85' lang='lat' dir='ltr'><strong>Patre</strong></span> <span class='ocrx_word' id='word_1_488' title='bbox 2113 2950 2411 3020; x_wconf 81' lang='lat' dir='ltr'><strong>procedere</strong></span> <span class='ocrx_word' id='word_1_489' title='bbox 2443 2949 2765 3009; x_wconf 84' lang='lat' dir='ltr'><strong>allirmasse.</strong></span> <span class='ocrx_word' id='word_1_490' title='bbox 2796 2945 3155 3016; x_wconf 87' lang='lat' dir='ltr'><strong>comprobare</strong></span> <span class='ocrx_word' id='word_1_491' title='bbox 3184 2943 3381 3012; x_wconf 87' lang='lat' dir='ltr'><strong>poterit</strong></span> <span class='ocrx_word' id='word_1_492' title='bbox 3402 2941 3497 3009; x_wconf 90' lang='lat' dir='ltr'><strong>qui</strong></span> 
     </span>
    </p>
   </div>
   <div class='ocr_carea' id='block_1_70' title="bbox 1918 3031 3501 3113">
    <p class='ocr_par' dir='ltr' id='par_1_70' title="bbox 1918 3031 3501 3113">
     <span class='ocr_line' id='line_1_70' title="bbox 1918 3031 3501 3113; baseline -0.008 -16"><span class='ocrx_word' id='word_1_493' title='bbox 1918 3043 2024 3097; x_wconf 87' lang='lat' dir='ltr'><strong>illis</strong></span> <span class='ocrx_word' id='word_1_494' title='bbox 2077 3043 2407 3113; x_wconf 87' lang='lat' dir='ltr'><strong>opponitur,</strong></span> <span class='ocrx_word' id='word_1_495' title='bbox 2486 3039 2672 3093; x_wconf 90' lang='lat' dir='ltr'><strong>multis</strong></span> <span class='ocrx_word' id='word_1_496' title='bbox 2747 3038 2870 3092; x_wconf 87' lang='lat' dir='ltr'><strong>aliis</strong></span> <span class='ocrx_word' id='word_1_497' title='bbox 2945 3035 3306 3101; x_wconf 87' lang='lat' dir='ltr'><strong>scriptionum</strong></span> <span class='ocrx_word' id='word_1_498' title='bbox 3365 3031 3501 3085; x_wconf 83' lang='lat' dir='ltr'><strong>locis</strong></span> 
     </span>
    </p>
   </div>
   <div class='ocr_carea' id='block_1_71' title="bbox 1918 3121 3495 3205">
    <p class='ocr_par' dir='ltr' id='par_1_71' title="bbox 1918 3121 3495 3205">
     <span class='ocr_line' id='line_1_71' title="bbox 1918 3121 3495 3205; baseline -0.009 -17"><span class='ocrx_word' id='word_1_499' title='bbox 1918 3148 2108 3205; x_wconf 64' lang='lat' dir='ltr'><strong>aperte</strong></span> <span class='ocrx_word' id='word_1_500' title='bbox 2161 3134 2487 3195; x_wconf 85' lang='lat' dir='ltr'><strong>edicentem,</strong></span> <span class='ocrx_word' id='word_1_501' title='bbox 2542 3145 2609 3184; x_wconf 77' lang='lat' dir='ltr'><strong>ex</strong></span> <span class='ocrx_word' id='word_1_502' title='bbox 2653 3127 2810 3182; x_wconf 84' lang='lat' dir='ltr'><strong>Patre</strong></span> <span class='ocrx_word' id='word_1_503' title='bbox 2864 3134 2918 3181; x_wconf 90' lang='lat' dir='ltr'><strong>ct</strong></span> <span class='ocrx_word' id='word_1_504' title='bbox 2960 3123 3101 3180; x_wconf 89' lang='lat' dir='ltr'><strong>Filio</strong></span> <span class='ocrx_word' id='word_1_505' title='bbox 3155 3121 3495 3184; x_wconf 72' lang='lat' dir='ltr'><strong>naturaliter.</strong></span> 
     </span>
    </p>
   </div>
   <div class='ocr_carea' id='block_1_72' title="bbox 1920 3212 3501 3298">
    <p class='ocr_par' dir='ltr' id='par_1_72' title="bbox 1920 3212 3501 3298">
     <span class='ocr_line' id='line_1_72' title="bbox 1920 3212 3501 3298; baseline -0.008 -18"><span class='ocrx_word' id='word_1_506' title='bbox 1920 3227 2280 3298; x_wconf 86' lang='lat' dir='ltr'><strong>bypostatice.</strong></span> <span class='ocrx_word' id='word_1_507' title='bbox 2339 3233 2394 3279; x_wconf 89' lang='lat' dir='ltr'><strong>et</strong></span> <span class='ocrx_word' id='word_1_508' title='bbox 2447 3221 2812 3278; x_wconf 79' lang='lat' dir='ltr'><strong>essentialitcr</strong></span> <span class='ocrx_word' id='word_1_509' title='bbox 2862 3216 3129 3287; x_wconf 91' lang='lat' dir='ltr'><strong>Spiritum</strong></span> <span class='ocrx_word' id='word_1_510' title='bbox 3179 3229 3321 3278; x_wconf 91' lang='lat' dir='ltr'><strong>csse,</strong></span> <span class='ocrx_word' id='word_1_511' title='bbox 3375 3212 3501 3283; x_wconf 90' lang='lat' dir='ltr'><strong>quis</strong></span> 
     </span>
    </p>
   </div>
   <div class='ocr_carea' id='block_1_73' title="bbox 1907 3307 3409 3386">
    <p class='ocr_par' dir='ltr' id='par_1_73' title="bbox 1907 3307 3409 3386">
     <span class='ocr_line' id='line_1_73' title="bbox 1907 3307 3409 3386; baseline -0.01 -9"><span class='ocrx_word' id='word_1_512' title='bbox 1907 3322 2109 3386; x_wconf 84' lang='lat' dir='ltr'><strong>credet,</strong></span> <span class='ocrx_word' id='word_1_513' title='bbox 2148 3318 2407 3375; x_wconf 85' lang='lat' dir='ltr'><strong>eumdem</strong></span> <span class='ocrx_word' id='word_1_514' title='bbox 2437 3328 2690 3374; x_wconf 80' lang='lat' dir='ltr'><strong>sanctum</strong></span> <span class='ocrx_word' id='word_1_515' title='bbox 2731 3313 3057 3383; x_wconf 85' lang='lat' dir='ltr'><strong>sibimetipsi</strong></span> <span class='ocrx_word' id='word_1_516' title='bbox 3084 3307 3409 3365; x_wconf 83' lang='lat' dir='ltr'><strong>adversari?</strong></span> 
     </span>
    </p>
   </div>
   <div class='ocr_carea' id='block_1_74' title="bbox 1978 3493 3502 3573">
    <p class='ocr_par' dir='ltr' id='par_1_74' title="bbox 1978 3493 3502 3573">
     <span class='ocr_line' id='line_1_74' title="bbox 1978 3493 3502 3573; baseline -0.01 -12"><span class='ocrx_word' id='word_1_517' title='bbox 1978 3506 2032 3561; x_wconf 88' lang='lat'><strong>6.</strong></span> <span class='ocrx_word' id='word_1_518' title='bbox 2073 3506 2151 3560; x_wconf 88' lang='lat' dir='ltr'><strong>Ad</strong></span> <span class='ocrx_word' id='word_1_519' title='bbox 2202 3504 2336 3560; x_wconf 89' lang='lat' dir='ltr'><strong>illud</strong></span> <span class='ocrx_word' id='word_1_520' title='bbox 2379 3505 2566 3573; x_wconf 88' lang='lat' dir='ltr'><strong>itaque</strong></span> <span class='ocrx_word' id='word_1_521' title='bbox 2623 3501 2799 3557; x_wconf 86' lang='lat' dir='ltr'><strong>sancti</strong></span> <span class='ocrx_word' id='word_1_522' title='bbox 2847 3498 3034 3572; x_wconf 86' lang='lat' dir='ltr'><strong>Cyrilli</strong></span> <span class='ocrx_word' id='word_1_523' title='bbox 3071 3496 3246 3553; x_wconf 86' lang='lat' dir='ltr'><strong>solius</strong></span> <span class='ocrx_word' id='word_1_524' title='bbox 3299 3493 3502 3548; x_wconf 87' lang='lat' dir='ltr'><strong>dictum</strong></span> 
     </span>
    </p>
   </div>
   <div class='ocr_carea' id='block_1_75' title="bbox 1904 3584 3504 3661">
    <p class='ocr_par' dir='ltr' id='par_1_75' title="bbox 1904 3584 3504 3661">
     <span class='ocr_line' id='line_1_75' title="bbox 1904 3584 3504 3661; baseline -0.009 -11"><span class='ocrx_word' id='word_1_525' title='bbox 1904 3596 2217 3661; x_wconf 88' lang='lat' dir='ltr'><strong>insinuans,</strong></span> <span class='ocrx_word' id='word_1_526' title='bbox 2269 3614 2288 3648; x_wconf 79' lang='grc' dir='ltr'><strong>ι</strong></span> <span class='ocrx_word' id='word_1_527' title='bbox 2349 3611 2417 3649; x_wconf 85' lang='lat' dir='ltr'><strong>ex</strong></span> <span class='ocrx_word' id='word_1_528' title='bbox 2464 3595 2581 3649; x_wconf 90' lang='lat' dir='ltr'><strong>solo</strong></span> <span class='ocrx_word' id='word_1_529' title='bbox 2631 3592 2814 3657; x_wconf 81' lang='lat' dir='ltr'><strong>Patre,</strong></span> <span class='ocrx_word' id='word_1_530' title='bbox 2860 3611 2877 3645; x_wconf 77' lang='grc' dir='ltr'><strong>ι</strong></span> <span class='ocrx_word' id='word_1_531' title='bbox 2919 3598 3112 3646; x_wconf 87' lang='lat' dir='ltr'><strong>contra</strong></span> <span class='ocrx_word' id='word_1_532' title='bbox 3165 3584 3504 3657; x_wconf 79' lang='lat' dir='ltr'><strong>Opponimus</strong></span> 
     </span>
    </p>
   </div>
   <div class='ocr_carea' id='block_1_76' title="bbox 1905 3678 3502 3760">
    <p class='ocr_par' dir='ltr' id='par_1_76' title="bbox 1905 3678 3502 3760">
     <span class='ocr_line' id='line_1_76' title="bbox 1905 3678 3502 3760; baseline -0.009 -19"><span class='ocrx_word' id='word_1_533' title='bbox 1905 3691 2047 3760; x_wconf 90' lang='lat' dir='ltr'><strong>quod</strong></span> <span class='ocrx_word' id='word_1_534' title='bbox 2080 3705 2108 3743; x_wconf 88' lang='lat' dir='ltr'><strong>a</strong></span> <span class='ocrx_word' id='word_1_535' title='bbox 2162 3690 2274 3757; x_wconf 87' lang='lat' dir='ltr'><strong>jam</strong></span> <span class='ocrx_word' id='word_1_536' title='bbox 2336 3688 2568 3742; x_wconf 79' lang='lat' dir='ltr'><strong>laudatis</strong></span> <span class='ocrx_word' id='word_1_537' title='bbox 2628 3685 2886 3740; x_wconf 79' lang='lat' dir='ltr'><strong>Patribus</strong></span> <span class='ocrx_word' id='word_1_538' title='bbox 2943 3681 3211 3751; x_wconf 77' lang='lat' dir='ltr'><strong>tlteOIOgis</strong></span> <span class='ocrx_word' id='word_1_539' title='bbox 3245 3678 3502 3733; x_wconf 63' lang='lat' dir='ltr'><strong>traditur.</strong></span> 
     </span>
    </p>
   </div>
   <div class='ocr_carea' id='block_1_77' title="bbox 1916 3759 3502 3838">
    <p class='ocr_par' dir='ltr' id='par_1_77' title="bbox 1916 3759 3502 3838">
     <span class='ocr_line' id='line_1_77' title="bbox 1916 3759 3502 3838; baseline -0.006 -5"><span class='ocrx_word' id='word_1_540' title='bbox 1916 3759 1935 3833; x_wconf 68' lang='grc' dir='ltr'><strong>ι</strong></span> <span class='ocrx_word' id='word_1_541' title='bbox 1977 3798 2043 3836; x_wconf 83' lang='lat' dir='ltr'><strong>ex</strong></span> <span class='ocrx_word' id='word_1_542' title='bbox 2078 3781 2237 3836; x_wconf 89' lang='lat' dir='ltr'><strong>Patre</strong></span> <span class='ocrx_word' id='word_1_543' title='bbox 2286 3790 2343 3835; x_wconf 88' lang='lat' dir='ltr'><strong>ct</strong></span> <span class='ocrx_word' id='word_1_544' title='bbox 2391 3778 2566 3833; x_wconf 90' lang='lat' dir='ltr'><strong>Filio:</strong></span> <span class='ocrx_word' id='word_1_545' title='bbox 2604 3796 2622 3831; x_wconf 75' lang='grc' dir='ltr'><strong>ι</strong></span> <span class='ocrx_word' id='word_1_546' title='bbox 2685 3778 2753 3832; x_wconf 89' lang='lat' dir='ltr'><strong>ad</strong></span> <span class='ocrx_word' id='word_1_547' title='bbox 2790 3759 3278 3830; x_wconf 85' lang='lat' dir='ltr'><strong>demonstrandum</strong></span> <span class='ocrx_word' id='word_1_548' title='bbox 3325 3783 3502 3838; x_wconf 84' lang='lat' dir='ltr'><strong>neque</strong></span> 
     </span>
    </p>
   </div>
   <div class='ocr_carea' id='block_1_78' title="bbox 1906 3861 3498 3940">
    <p class='ocr_par' dir='ltr' id='par_1_78' title="bbox 1906 3861 3498 3940">
     <span class='ocr_line' id='line_1_78' title="bbox 1906 3861 3498 3940; baseline -0.008 -14"><span class='ocrx_word' id='word_1_549' title='bbox 1906 3871 1963 3926; x_wconf 93' lang='lat' dir='ltr'><strong>in</strong></span> <span class='ocrx_word' id='word_1_550' title='bbox 1995 3887 2105 3926; x_wconf 87' lang='lat' dir='ltr'><strong>una</strong></span> <span class='ocrx_word' id='word_1_551' title='bbox 2155 3872 2257 3925; x_wconf 87' lang='lat' dir='ltr'><strong>bac</strong></span> <span class='ocrx_word' id='word_1_552' title='bbox 2304 3871 2561 3940; x_wconf 84' lang='lat' dir='ltr'><strong>pericOpa</strong></span> <span class='ocrx_word' id='word_1_553' title='bbox 2619 3882 2650 3921; x_wconf 87' lang='lat' dir='ltr'><strong>a</strong></span> <span class='ocrx_word' id='word_1_554' title='bbox 2706 3876 2897 3922; x_wconf 88' lang='lat' dir='ltr'><strong>sancto</strong></span> <span class='ocrx_word' id='word_1_555' title='bbox 2942 3865 3149 3936; x_wconf 79' lang='lat' dir='ltr'><strong>Cyl-illo</strong></span> <span class='ocrx_word' id='word_1_556' title='bbox 3200 3861 3498 3915; x_wconf 84' lang='lat' dir='ltr'><strong>dictionem</strong></span> 
     </span>
    </p>
   </div>
   <div class='ocr_carea' id='block_1_79' title="bbox 1910 3953 3501 4029">
    <p class='ocr_par' dir='ltr' id='par_1_79' title="bbox 1910 3953 3501 4029">
     <span class='ocr_line' id='line_1_79' title="bbox 1910 3953 3501 4029; baseline -0.009 -9"><span class='ocrx_word' id='word_1_557' title='bbox 1910 3966 2064 4020; x_wconf 85' lang='lat' dir='ltr'><strong>bane</strong></span> <span class='ocrx_word' id='word_1_558' title='bbox 2102 3964 2274 4019; x_wconf 81' lang='lat' dir='ltr'><strong>fuisse</strong></span> <span class='ocrx_word' id='word_1_559' title='bbox 2324 3963 2611 4027; x_wconf 89' lang='lat' dir='ltr'><strong>insertam,</strong></span> <span class='ocrx_word' id='word_1_560' title='bbox 2668 3960 2814 4029; x_wconf 87' lang='lat' dir='ltr'><strong>quod</strong></span> <span class='ocrx_word' id='word_1_561' title='bbox 2872 3957 3057 4011; x_wconf 87' lang='lat' dir='ltr'><strong>nullus</strong></span> <span class='ocrx_word' id='word_1_562' title='bbox 3106 3970 3173 4009; x_wconf 79' lang='lat' dir='ltr'><strong>ex</strong></span> <span class='ocrx_word' id='word_1_563' title='bbox 3242 3953 3501 4005; x_wconf 85' lang='lat' dir='ltr'><strong>omnibus</strong></span> 
     </span>
    </p>
   </div>
   <div class='ocr_carea' id='block_1_80' title="bbox 1911 4044 3501 4126">
    <p class='ocr_par' dir='ltr' id='par_1_80' title="bbox 1911 4044 3501 4126">
     <span class='ocr_line' id='line_1_80' title="bbox 1911 4044 3501 4126; baseline -0.01 -12"><span class='ocrx_word' id='word_1_564' title='bbox 1911 4059 2116 4122; x_wconf 88' lang='lat' dir='ltr'><strong>credet,</strong></span> <span class='ocrx_word' id='word_1_565' title='bbox 2155 4067 2402 4111; x_wconf 88' lang='lat' dir='ltr'><strong>sanctum</strong></span> <span class='ocrx_word' id='word_1_566' title='bbox 2449 4054 2714 4126; x_wconf 84' lang='lat' dir='ltr'><strong>Cyrillum</strong></span> <span class='ocrx_word' id='word_1_567' title='bbox 2769 4049 3119 4106; x_wconf 84' lang='lat' dir='ltr'><strong>adversantia</strong></span> <span class='ocrx_word' id='word_1_568' title='bbox 3175 4044 3501 4114; x_wconf 76' lang='lat' dir='ltr'><strong>sibimetipsi</strong></span> 
     </span>
    </p>
   </div>
   <div class='ocr_carea' id='block_1_81' title="bbox 1911 4138 3499 4216">
    <p class='ocr_par' dir='ltr' id='par_1_81' title="bbox 1911 4138 3499 4216">
     <span class='ocr_line' id='line_1_81' title="bbox 1911 4138 3499 4216; baseline -0.011 -10"><span class='ocrx_word' id='word_1_569' title='bbox 1911 4150 2268 4206; x_wconf 60' lang='lat' dir='ltr'><strong>enuntiassed</strong></span> <span class='ocrx_word' id='word_1_570' title='bbox 2300 4147 2380 4202; x_wconf 89' lang='lat' dir='ltr'><strong>Ad</strong></span> <span class='ocrx_word' id='word_1_571' title='bbox 2411 4156 2733 4216; x_wconf 75' lang='lat' dir='ltr'><strong>przcteusam</strong></span> <span class='ocrx_word' id='word_1_572' title='bbox 2765 4160 2859 4214; x_wconf 89' lang='lat' dir='ltr'><strong>per</strong></span> <span class='ocrx_word' id='word_1_573' title='bbox 2884 4144 3033 4213; x_wconf 83' lang='lat' dir='ltr'><strong>ipsus</strong></span> <span class='ocrx_word' id='word_1_574' title='bbox 3060 4139 3313 4195; x_wconf 88' lang='lat' dir='ltr'><strong>codicum</strong></span> <span class='ocrx_word' id='word_1_575' title='bbox 3352 4138 3499 4191; x_wconf 68' lang='lat' dir='ltr'><strong>atati-</strong></span> 
     </span>
    </p>
   </div>
   <div class='ocr_carea' id='block_1_82' title="bbox 1912 4235 3501 4310">
    <p class='ocr_par' dir='ltr' id='par_1_82' title="bbox 1912 4235 3501 4310">
     <span class='ocr_line' id='line_1_82' title="bbox 1912 4235 3501 4310; baseline -0.005 -18"><span class='ocrx_word' id='word_1_576' title='bbox 1912 4241 2197 4310; x_wconf 88' lang='lat' dir='ltr'><strong>quitalem.</strong></span> <span class='ocrx_word' id='word_1_577' title='bbox 2234 4238 2485 4293; x_wconf 87' lang='lat' dir='ltr'><strong>codicum</strong></span> <span class='ocrx_word' id='word_1_578' title='bbox 2520 4237 2753 4291; x_wconf 78' lang='lat' dir='ltr'><strong>aliarum</strong></span> <span class='ocrx_word' id='word_1_579' title='bbox 2798 4235 3100 4303; x_wconf 80' lang='lat' dir='ltr'><strong>antiquitas</strong></span> <span class='ocrx_word' id='word_1_580' title='bbox 3145 4243 3501 4301; x_wconf 84' lang='lat' dir='ltr'><strong>proponetur.</strong></span> 
     </span>
    </p>
   </div>
   <div class='ocr_carea' id='block_1_83' title="bbox 218 4322 1809 4401">
    <p class='ocr_par' dir='ltr' id='par_1_83' title="bbox 218 4327 1809 4401">
     <span class='ocr_line' id='line_1_83' title="bbox 218 4327 1809 4401; baseline 0.006 -24"><span class='ocrx_word' id='word_1_581' title='bbox 218 4327 428 4397; x_wconf 76' lang='grc' dir='ltr'>βξσλων</span> <span class='ocrx_word' id='word_1_582' title='bbox 464 4327 769 4395; x_wconf 73' lang='grc' dir='ltr'>παλαιότης</span> <span class='ocrx_word' id='word_1_583' title='bbox 801 4329 1375 4401; x_wconf 80' lang='grc' dir='ltr'>ἀντιπροδληθήσεται</span> <span class='ocrx_word' id='word_1_584' title='bbox 1427 4331 1650 4401; x_wconf 75' lang='grc' dir='ltr'>βίϐλων.</span> <span class='ocrx_word' id='word_1_585' title='bbox 1705 4333 1809 4386; x_wconf 74' lang='grc' dir='ltr'><strong>Καὶ</strong></span> 
     </span>
    </p>
   </div>
   <div class='ocr_carea' id='block_1_84' title="bbox 1913 4322 3499 4401">
    <p class='ocr_par' dir='ltr' id='par_1_84' title="bbox 1915 4322 3499 4400">
     <span class='ocr_line' id='line_1_84' title="bbox 1915 4322 3499 4400; baseline -0.006 -15"><span class='ocrx_word' id='word_1_586' title='bbox 1915 4332 1982 4386; x_wconf 88' lang='lat' dir='ltr'><strong>Et</strong></span> <span class='ocrx_word' id='word_1_587' title='bbox 2015 4333 2059 4385; x_wconf 93' lang='lat' dir='ltr'><strong>si</strong></span> <span class='ocrx_word' id='word_1_588' title='bbox 2093 4331 2222 4400; x_wconf 90' lang='lat' dir='ltr'><strong>quid</strong></span> <span class='ocrx_word' id='word_1_589' title='bbox 2248 4331 2389 4384; x_wconf 76' lang='lat' dir='ltr'><strong>forte</strong></span> <span class='ocrx_word' id='word_1_590' title='bbox 2423 4330 2674 4383; x_wconf 90' lang='lat' dir='ltr'><strong>codicum</strong></span> <span class='ocrx_word' id='word_1_591' title='bbox 2723 4327 3020 4396; x_wconf 88' lang='lat' dir='ltr'><strong>antiquitas</strong></span> <span class='ocrx_word' id='word_1_592' title='bbox 3066 4325 3315 4379; x_wconf 86' lang='lat' dir='ltr'><strong>codicum</strong></span> <span class='ocrx_word' id='word_1_593' title='bbox 3363 4322 3499 4376; x_wconf 90' lang='lat' dir='ltr'><strong>auti-</strong></span> 
     </span>
    </p>
   </div>
   <div class='ocr_carea' id='block_1_85' title="bbox 214 4412 1809 4496">
    <p class='ocr_par' dir='ltr' id='par_1_85' title="bbox 214 4417 1809 4493">
     <span class='ocr_line' id='line_1_85' title="bbox 214 4417 1809 4493; baseline 0.005 -23"><span class='ocrx_word' id='word_1_594' title='bbox 214 4418 328 4485; x_wconf 76' lang='grc' dir='ltr'>εἴγε</span> <span class='ocrx_word' id='word_1_595' title='bbox 372 4436 432 4470; x_wconf 85' lang='grc' dir='ltr'><strong>τι</strong></span> <span class='ocrx_word' id='word_1_596' title='bbox 466 4420 600 4481; x_wconf 79' lang='grc' dir='ltr'>ἴσως</span> <span class='ocrx_word' id='word_1_597' title='bbox 635 4418 746 4487; x_wconf 78' lang='grc' dir='ltr'>ἔχει</span> <span class='ocrx_word' id='word_1_598' title='bbox 777 4417 978 4488; x_wconf 76' lang='grc' dir='ltr'>βίϐλων</span> <span class='ocrx_word' id='word_1_599' title='bbox 1002 4421 1301 4492; x_wconf 81' lang='grc' dir='ltr'>παλαιότης</span> <span class='ocrx_word' id='word_1_600' title='bbox 1335 4422 1536 4493; x_wconf 74' lang='grc' dir='ltr'>βίϐλων</span> <span class='ocrx_word' id='word_1_601' title='bbox 1583 4425 1809 4483; x_wconf 70' lang='grc' dir='ltr'>παλαιό-</span> 
     </span>
    </p>
   </div>
   <div class='ocr_carea' id='block_1_86' title="bbox 1913 4412 3501 4496">
    <p class='ocr_par' dir='ltr' id='par_1_86' title="bbox 1916 4412 3501 4496">
     <span class='ocr_line' id='line_1_86' title="bbox 1916 4412 3501 4496; baseline -0.009 -16"><span class='ocrx_word' id='word_1_602' title='bbox 1916 4428 2180 4496; x_wconf 85' lang='lat' dir='ltr'><strong>quitatem</strong></span> <span class='ocrx_word' id='word_1_603' title='bbox 2236 4422 2575 4477; x_wconf 76' lang='lat' dir='ltr'><strong>contundch</strong></span> <span class='ocrx_word' id='word_1_604' title='bbox 2626 4421 2791 4481; x_wconf 85' lang='lat' dir='ltr'><strong>valet.</strong></span> <span class='ocrx_word' id='word_1_605' title='bbox 2852 4418 2979 4471; x_wconf 87' lang='lat' dir='ltr'><strong>ltinc</strong></span> <span class='ocrx_word' id='word_1_606' title='bbox 3034 4430 3251 4483; x_wconf 86' lang='lat' dir='ltr'><strong>quoque</strong></span> <span class='ocrx_word' id='word_1_607' title='bbox 3313 4412 3501 4466; x_wconf 78' lang='lat' dir='ltr'><strong>multis</strong></span> 
     </span>
    </p>
   </div>
   <div class='ocr_carea' id='block_1_87' title="bbox 213 4501 1809 4587">
    <p class='ocr_par' dir='ltr' id='par_1_87' title="bbox 213 4510 1809 4587">
     <span class='ocr_line' id='line_1_87' title="bbox 213 4510 1809 4587; baseline 0.004 -23"><span class='ocrx_word' id='word_1_608' title='bbox 213 4528 338 4583; x_wconf 81' lang='grc' dir='ltr'>τητι</span> <span class='ocrx_word' id='word_1_609' title='bbox 376 4510 680 4581; x_wconf 74' lang='grc' dir='ltr'>μάχεσθαι,</span> <span class='ocrx_word' id='word_1_610' title='bbox 740 4510 878 4565; x_wconf 76' lang='grc' dir='ltr'>ἀλλὰ</span> <span class='ocrx_word' id='word_1_611' title='bbox 911 4513 1190 4566; x_wconf 76' lang='grc' dir='ltr'>κάνταῦθα</span> <span class='ocrx_word' id='word_1_612' title='bbox 1236 4515 1708 4587; x_wconf 80' lang='grc' dir='ltr'>ὑπερεκπερισσοῦ</span> <span class='ocrx_word' id='word_1_613' title='bbox 1756 4518 1809 4571; x_wconf 67' lang='grc' dir='ltr'>τὸ</span> 
     </span>
    </p>
   </div>
   <div class='ocr_carea' id='block_1_88' title="bbox 1913 4501 3501 4587">
    <p class='ocr_par' dir='ltr' id='par_1_88' title="bbox 1917 4501 3501 4586">
     <span class='ocr_line' id='line_1_88' title="bbox 1917 4501 3501 4586; baseline -0.013 -14"><span class='ocrx_word' id='word_1_614' title='bbox 1917 4534 1981 4572; x_wconf 84' lang='lat' dir='ltr'><strong>ex</strong></span> <span class='ocrx_word' id='word_1_615' title='bbox 2014 4516 2261 4586; x_wconf 89' lang='lat' dir='ltr'><strong>partibus</strong></span> <span class='ocrx_word' id='word_1_616' title='bbox 2293 4512 2617 4582; x_wconf 84' lang='lat' dir='ltr'><strong>palmarium</strong></span> <span class='ocrx_word' id='word_1_617' title='bbox 2658 4510 2875 4563; x_wconf 88' lang='lat' dir='ltr'><strong>dabitur</strong></span> <span class='ocrx_word' id='word_1_618' title='bbox 2919 4507 3020 4567; x_wconf 88' lang='lat' dir='ltr'><strong>illi,</strong></span> <span class='ocrx_word' id='word_1_619' title='bbox 3051 4506 3145 4573; x_wconf 89' lang='lat' dir='ltr'><strong>qui</strong></span> <span class='ocrx_word' id='word_1_620' title='bbox 3179 4501 3369 4571; x_wconf 74' lang='lat' dir='ltr'><strong>maiori</strong></span> <span class='ocrx_word' id='word_1_621' title='bbox 3401 4515 3501 4553; x_wconf 87' lang='lat' dir='ltr'><strong>nu-</strong></span> 
     </span>
    </p>
   </div>
   <div class='ocr_carea' id='block_1_89' title="bbox 216 4591 1809 4684">
    <p class='ocr_par' dir='ltr' id='par_1_89' title="bbox 216 4606 1809 4683">
     <span class='ocr_line' id='line_1_89' title="bbox 216 4606 1809 4683; baseline 0.001 -22"><span class='ocrx_word' id='word_1_622' title='bbox 216 4611 376 4678; x_wconf 74' lang='grc' dir='ltr'>νικᾷν</span> <span class='ocrx_word' id='word_1_623' title='bbox 408 4606 956 4676; x_wconf 77' lang='grc' dir='ltr'>ἑπιόραϐευθήσεται</span> <span class='ocrx_word' id='word_1_624' title='bbox 988 4606 1068 4676; x_wconf 83' lang='grc' dir='ltr'><strong>τῷ</strong></span> <span class='ocrx_word' id='word_1_625' title='bbox 1093 4608 1165 4661; x_wconf 70' lang='grc' dir='ltr'>τὸ</span> <span class='ocrx_word' id='word_1_626' title='bbox 1181 4608 1363 4662; x_wconf 82' lang='grc' dir='ltr'>πλεῖον</span> <span class='ocrx_word' id='word_1_627' title='bbox 1393 4611 1569 4676; x_wconf 79' lang='grc' dir='ltr'>ἕξοντι</span> <span class='ocrx_word' id='word_1_628' title='bbox 1614 4613 1708 4665; x_wconf 82' lang='grc' dir='ltr'><strong>ἐπὶ</strong></span> <span class='ocrx_word' id='word_1_629' title='bbox 1737 4613 1809 4683; x_wconf 81' lang='grc' dir='ltr'><strong>τῷ</strong></span> 
     </span>
    </p>
   </div>
   <div class='ocr_carea' id='block_1_90' title="bbox 1913 4591 3502 4684">
    <p class='ocr_par' dir='ltr' id='par_1_90' title="bbox 1919 4591 3502 4675">
     <span class='ocr_line' id='line_1_90' title="bbox 1919 4591 3502 4675; baseline -0.009 -14"><span class='ocrx_word' id='word_1_630' title='bbox 1919 4622 2072 4662; x_wconf 83' lang='lat' dir='ltr'><strong>mero</strong></span> <span class='ocrx_word' id='word_1_631' title='bbox 2100 4607 2442 4675; x_wconf 84' lang='lat' dir='ltr'><strong>constipatus</strong></span> <span class='ocrx_word' id='word_1_632' title='bbox 2473 4603 2714 4658; x_wconf 79' lang='lat' dir='ltr'><strong>accedet.</strong></span> <span class='ocrx_word' id='word_1_633' title='bbox 2766 4600 2917 4654; x_wconf 86' lang='lat' dir='ltr'><strong>Licet</strong></span> <span class='ocrx_word' id='word_1_634' title='bbox 2948 4598 3091 4652; x_wconf 72' lang='lat' dir='ltr'><strong>cnim</strong></span> <span class='ocrx_word' id='word_1_635' title='bbox 3142 4596 3242 4665; x_wconf 90' lang='lat' dir='ltr'><strong>ipsi</strong></span> <span class='ocrx_word' id='word_1_636' title='bbox 3302 4591 3502 4647; x_wconf 83' lang='lat' dir='ltr'><strong>multas</strong></span> 
     </span>
    </p>
   </div>
   <div class='ocr_carea' id='block_1_91' title="bbox 218 4698 1816 4771">
    <p class='ocr_par' dir='ltr' id='par_1_91' title="bbox 218 4698 1816 4771">
     <span class='ocr_line' id='line_1_91' title="bbox 218 4698 1816 4771; baseline 0.003 -18"><span class='ocrx_word' id='word_1_637' title='bbox 218 4698 469 4770; x_wconf 77' lang='grc' dir='ltr'>ἀριθμῷ.</span> <span class='ocrx_word' id='word_1_638' title='bbox 507 4699 568 4750; x_wconf 81' lang='grc' dir='ltr'><strong>Εἰ</strong></span> <span class='ocrx_word' id='word_1_639' title='bbox 600 4699 713 4767; x_wconf 71' lang='grc' dir='ltr'><strong>γὰρ</strong></span> <span class='ocrx_word' id='word_1_640' title='bbox 750 4698 844 4749; x_wconf 78' lang='grc' dir='ltr'>καὶ</span> <span class='ocrx_word' id='word_1_641' title='bbox 875 4698 1047 4750; x_wconf 68' lang='grc' dir='ltr'>πολλὰ</span> <span class='ocrx_word' id='word_1_642' title='bbox 1097 4703 1477 4771; x_wconf 62' lang='grc' dir='ltr'>προτείνουσΝ</span> <span class='ocrx_word' id='word_1_643' title='bbox 1523 4698 1669 4759; x_wconf 51' lang='grc' dir='ltr'>οὗτοι</span> <span class='ocrx_word' id='word_1_644' title='bbox 1698 4706 1816 4760; x_wconf 84' lang='grc' dir='ltr'>δελ-</span> 
     </span>
    </p>
   </div>
   <div class='ocr_carea' id='block_1_92' title="bbox 217 4789 1814 4868">
    <p class='ocr_par' dir='ltr' id='par_1_92' title="bbox 217 4789 1814 4868">
     <span class='ocr_line' id='line_1_92' title="bbox 217 4789 1814 4868; baseline 0.011 -32"><span class='ocrx_word' id='word_1_645' title='bbox 217 4794 405 4863; x_wconf 66' lang='grc' dir='ltr'>τάρια,</span> <span class='ocrx_word' id='word_1_646' title='bbox 437 4791 579 4846; x_wconf 77' lang='grc' dir='ltr'>ἄλλα</span> <span class='ocrx_word' id='word_1_647' title='bbox 617 4789 676 4854; x_wconf 77' lang='grc' dir='ltr'>ἐξ</span> <span class='ocrx_word' id='word_1_648' title='bbox 731 4790 911 4843; x_wconf 83' lang='grc' dir='ltr'>ἄλλων</span> <span class='ocrx_word' id='word_1_649' title='bbox 949 4794 1401 4861; x_wconf 82' lang='grc' dir='ltr'>μεταγραφέντα,</span> <span class='ocrx_word' id='word_1_650' title='bbox 1434 4789 1515 4857; x_wconf 75' lang='grc' dir='ltr'>οἷς</span> <span class='ocrx_word' id='word_1_651' title='bbox 1562 4798 1592 4866; x_wconf 88' lang='grc' dir='ltr'><strong>ή</strong></span> <span class='ocrx_word' id='word_1_652' title='bbox 1652 4798 1814 4868; x_wconf 76' lang='grc' dir='ltr'>ῥῆσις</span> 
     </span>
    </p>
   </div>
   <div class='ocr_carea' id='block_1_93' title="bbox 220 4882 1817 4961">
    <p class='ocr_par' dir='ltr' id='par_1_93' title="bbox 220 4882 1817 4961">
     <span class='ocr_line' id='line_1_93' title="bbox 220 4882 1817 4961; baseline -0.004 -23"><span class='ocrx_word' id='word_1_653' title='bbox 220 4885 359 4954; x_wconf 72' lang='grc' dir='ltr'>αὕτη</span> <span class='ocrx_word' id='word_1_654' title='bbox 396 4884 734 4952; x_wconf 73' lang='grc' dir='ltr'>ἐμφέρεται,</span> <span class='ocrx_word' id='word_1_655' title='bbox 772 4882 890 4934; x_wconf 82' lang='grc' dir='ltr'>ἀλλ’</span> <span class='ocrx_word' id='word_1_656' title='bbox 920 4884 1056 4948; x_wconf 79' lang='grc' dir='ltr'>ἐγὼ,</span> <span class='ocrx_word' id='word_1_657' title='bbox 1090 4883 1154 4954; x_wconf 85' lang='grc' dir='ltr'>νὴ</span> <span class='ocrx_word' id='word_1_658' title='bbox 1177 4886 1235 4937; x_wconf 75' lang='grc' dir='ltr'>τὸ</span> <span class='ocrx_word' id='word_1_659' title='bbox 1260 4886 1359 4954; x_wconf 87' lang='grc' dir='ltr'>τῆς</span> <span class='ocrx_word' id='word_1_660' title='bbox 1387 4888 1645 4961; x_wconf 71' lang='grc' dir='ltr'>ἁληθεὲας</span> <span class='ocrx_word' id='word_1_661' title='bbox 1679 4892 1817 4958; x_wconf 56' lang='lat' dir='ltr'><strong>api-</strong></span> 
     </span>
    </p>
   </div>
   <div class='ocr_carea' id='block_1_94' title="bbox 213 4976 1813 5049">
    <p class='ocr_par' dir='ltr' id='par_1_94' title="bbox 213 4976 1813 5049">
     <span class='ocr_line' id='line_1_94' title="bbox 213 4976 1813 5049; baseline 0.004 -18"><span class='ocrx_word' id='word_1_662' title='bbox 213 4993 330 5040; x_wconf 79' lang='grc' dir='ltr'>τος,</span> <span class='ocrx_word' id='word_1_663' title='bbox 369 4978 470 5030; x_wconf 81' lang='grc' dir='ltr'><strong>ἐπὶ</strong></span> <span class='ocrx_word' id='word_1_664' title='bbox 498 4977 716 5043; x_wconf 65' lang='grc' dir='ltr'>μακρὶν</span> <span class='ocrx_word' id='word_1_665' title='bbox 768 4976 869 5046; x_wconf 79' lang='grc' dir='ltr'><strong>ήδη</strong></span> <span class='ocrx_word' id='word_1_666' title='bbox 924 4977 1116 5045; x_wconf 84' lang='grc' dir='ltr'>χρόνον</span> <span class='ocrx_word' id='word_1_667' title='bbox 1146 4978 1242 5030; x_wconf 78' lang='grc' dir='ltr'>τοῦ</span> <span class='ocrx_word' id='word_1_668' title='bbox 1271 4979 1594 5049; x_wconf 77' lang='grc' dir='ltr'>ζητήματος</span> <span class='ocrx_word' id='word_1_669' title='bbox 1625 5000 1778 5037; x_wconf 87' lang='grc' dir='ltr'>κινου</span> <span class='ocrx_word' id='word_1_670' title='bbox 1799 5016 1813 5027; x_wconf 88' lang='grc'><strong>-</strong></span> 
     </span>
    </p>
   </div>
   <div class='ocr_carea' id='block_1_95' title="bbox 223 5067 1815 5145">
    <p class='ocr_par' dir='ltr' id='par_1_95' title="bbox 223 5067 1815 5145">
     <span class='ocr_line' id='line_1_95' title="bbox 223 5067 1815 5145; baseline 0.005 -24"><span class='ocrx_word' id='word_1_671' title='bbox 223 5070 415 5135; x_wconf 79' lang='grc' dir='ltr'>μένου,</span> <span class='ocrx_word' id='word_1_672' title='bbox 453 5067 608 5130; x_wconf 77' lang='grc' dir='ltr'>ἅπαξ</span> <span class='ocrx_word' id='word_1_673' title='bbox 643 5068 724 5120; x_wconf 77' lang='grc' dir='ltr'><strong>ἑνὶ</strong></span> <span class='ocrx_word' id='word_1_674' title='bbox 757 5068 908 5137; x_wconf 79' lang='grc' dir='ltr'>μόνῳ</span> <span class='ocrx_word' id='word_1_675' title='bbox 941 5067 1208 5139; x_wconf 82' lang='grc' dir='ltr'>δελταρέῳ</span> <span class='ocrx_word' id='word_1_676' title='bbox 1238 5072 1685 5145; x_wconf 84' lang='grc' dir='ltr'>πεπαλαιωμένῳ</span> <span class='ocrx_word' id='word_1_677' title='bbox 1715 5077 1815 5140; x_wconf 78' lang='grc' dir='ltr'>τὰς</span> 
     </span>
    </p>
   </div>
   <div class='ocr_carea' id='block_1_96' title="bbox 216 5160 1816 5234">
    <p class='ocr_par' dir='ltr' id='par_1_96' title="bbox 216 5160 1816 5234">
     <span class='ocr_line' id='line_1_96' title="bbox 216 5160 1816 5234; baseline 0.004 -19"><span class='ocrx_word' id='word_1_678' title='bbox 216 5163 368 5230; x_wconf 52' lang='lat' dir='ltr'><strong>wet;</strong></span> <span class='ocrx_word' id='word_1_679' title='bbox 429 5160 724 5229; x_wconf 68' lang='grc' dir='ltr'>ἐπέϐαλον,</span> <span class='ocrx_word' id='word_1_680' title='bbox 753 5160 852 5226; x_wconf 78' lang='grc' dir='ltr'>τὴν</span> <span class='ocrx_word' id='word_1_681' title='bbox 886 5160 1048 5230; x_wconf 78' lang='grc' dir='ltr'>ῥῆσιν</span> <span class='ocrx_word' id='word_1_682' title='bbox 1079 5162 1302 5232; x_wconf 79' lang='grc' dir='ltr'>φέροντι</span> <span class='ocrx_word' id='word_1_683' title='bbox 1351 5166 1580 5234; x_wconf 80' lang='grc' dir='ltr'>ταύτην,</span> <span class='ocrx_word' id='word_1_684' title='bbox 1622 5168 1718 5220; x_wconf 71' lang='grc' dir='ltr'><strong>καὶ</strong></span> <span class='ocrx_word' id='word_1_685' title='bbox 1748 5169 1816 5222; x_wconf 78' lang='grc' dir='ltr'>τὸ</span> 
     </span>
    </p>
   </div>
   <div class='ocr_carea' id='block_1_97' title="bbox 218 5250 1815 5327">
    <p class='ocr_par' dir='ltr' id='par_1_97' title="bbox 218 5250 1815 5327">
     <span class='ocr_line' id='line_1_97' title="bbox 218 5250 1815 5327; baseline 0.002 -20"><span class='ocrx_word' id='word_1_686' title='bbox 218 5254 535 5322; x_wconf 74' lang='grc' dir='ltr'>ίελτὰριον,</span> <span class='ocrx_word' id='word_1_687' title='bbox 587 5250 662 5313; x_wconf 84' lang='grc' dir='ltr'><strong>ὡς</strong></span> <span class='ocrx_word' id='word_1_688' title='bbox 720 5251 778 5316; x_wconf 76' lang='grc' dir='ltr'><strong>ἐξ</strong></span> <span class='ocrx_word' id='word_1_689' title='bbox 836 5252 1033 5319; x_wconf 73' lang='grc' dir='ltr'>ἐράνου</span> <span class='ocrx_word' id='word_1_690' title='bbox 1076 5253 1170 5304; x_wconf 74' lang='grc' dir='ltr'><strong>καὶ</strong></span> <span class='ocrx_word' id='word_1_691' title='bbox 1221 5253 1491 5324; x_wconf 76' lang='grc' dir='ltr'>συλλογῆς</span> <span class='ocrx_word' id='word_1_692' title='bbox 1538 5257 1815 5327; x_wconf 78' lang='grc' dir='ltr'>διαφόρων</span> 
     </span>
    </p>
   </div>
   <div class='ocr_carea' id='block_1_98' title="bbox 222 5343 1847 5419">
    <p class='ocr_par' dir='ltr' id='par_1_98' title="bbox 222 5343 1847 5419">
     <span class='ocr_line' id='line_1_98' title="bbox 222 5343 1847 5419; baseline 0.001 -21"><span class='ocrx_word' id='word_1_693' title='bbox 222 5343 690 5415; x_wconf 80' lang='grc' dir='ltr'>συγγραμμάτων</span> <span class='ocrx_word' id='word_1_694' title='bbox 725 5345 1111 5411; x_wconf 76' lang='grc' dir='ltr'>συγκεξμενον,</span> <span class='ocrx_word' id='word_1_695' title='bbox 1137 5345 1200 5397; x_wconf 88' lang='grc' dir='ltr'><strong>οὐ</strong></span> <span class='ocrx_word' id='word_1_696' title='bbox 1232 5346 1394 5415; x_wconf 80' lang='grc' dir='ltr'>μέρος</span> <span class='ocrx_word' id='word_1_697' title='bbox 1424 5349 1598 5402; x_wconf 77' lang='grc' dir='ltr'>ἐδόκει</span> <span class='ocrx_word' id='word_1_698' title='bbox 1629 5344 1813 5419; x_wconf 73' lang='grc' dir='ltr'>βίϐλου</span> <span class='ocrx_word' id='word_1_699' title='bbox 1844 5356 1847 5357; x_wconf 66' lang='grc'><strong><em>⁷</em></strong></span> 
     </span>
    </p>
   </div>
   <div class='ocr_carea' id='block_1_99' title="bbox 221 5434 1813 5512">
    <p class='ocr_par' dir='ltr' id='par_1_99' title="bbox 221 5434 1813 5512">
     <span class='ocr_line' id='line_1_99' title="bbox 221 5434 1813 5512; baseline -0.001 -21"><span class='ocrx_word' id='word_1_700' title='bbox 221 5440 346 5499; x_wconf 80' lang='grc' dir='ltr'>τῶν,</span> <span class='ocrx_word' id='word_1_701' title='bbox 384 5439 583 5490; x_wconf 81' lang='grc' dir='ltr'>ὁποῖαι</span> <span class='ocrx_word' id='word_1_702' title='bbox 621 5435 820 5487; x_wconf 70' lang='grc' dir='ltr'>πολλαὶ</span> <span class='ocrx_word' id='word_1_703' title='bbox 859 5434 937 5503; x_wconf 85' lang='grc' dir='ltr'><strong>τῷ</strong></span> <span class='ocrx_word' id='word_1_704' title='bbox 979 5435 1231 5506; x_wconf 83' lang='grc' dir='ltr'>οεῃγὸρῳ</span> <span class='ocrx_word' id='word_1_705' title='bbox 1279 5438 1530 5510; x_wconf 81' lang='grc' dir='ltr'>Κυρίλλῳ</span> <span class='ocrx_word' id='word_1_706' title='bbox 1557 5440 1813 5512; x_wconf 80' lang='grc' dir='ltr'>διεπονή-</span> 
     </span>
    </p>
   </div>
   <div class='ocr_carea' id='block_1_100' title="bbox 224 5526 1814 5603">
    <p class='ocr_par' dir='ltr' id='par_1_100' title="bbox 224 5526 1814 5603">
     <span class='ocr_line' id='line_1_100' title="bbox 224 5526 1814 5603; baseline 0.002 -21"><span class='ocrx_word' id='word_1_707' title='bbox 224 5530 418 5599; x_wconf 79' lang='grc' dir='ltr'>θησαν.</span> <span class='ocrx_word' id='word_1_708' title='bbox 449 5527 592 5582; x_wconf 73' lang='grc' dir='ltr'><strong>Οὐδὲ</strong></span> <span class='ocrx_word' id='word_1_709' title='bbox 621 5526 731 5597; x_wconf 83' lang='grc' dir='ltr'>γὰρ</span> <span class='ocrx_word' id='word_1_710' title='bbox 765 5527 893 5579; x_wconf 75' lang='grc' dir='ltr'>οὐδὲ</span> <span class='ocrx_word' id='word_1_711' title='bbox 932 5526 1095 5580; x_wconf 81' lang='grc' dir='ltr'>τοῦτο</span> <span class='ocrx_word' id='word_1_712' title='bbox 1131 5529 1326 5599; x_wconf 54' lang='grc' dir='ltr'>μικρζν</span> <span class='ocrx_word' id='word_1_713' title='bbox 1383 5531 1461 5593; x_wconf 76' lang='grc' dir='ltr'>εὶς</span> <span class='ocrx_word' id='word_1_714' title='bbox 1495 5532 1814 5603; x_wconf 78' lang='grc' dir='ltr'>ἀποτροπὴν</span> 
     </span>
    </p>
   </div>
   <div class='ocr_carea' id='block_1_101' title="bbox 221 5619 1817 5695">
    <p class='ocr_par' dir='ltr' id='par_1_101' title="bbox 221 5619 1817 5695">
     <span class='ocr_line' id='line_1_101' title="bbox 221 5619 1817 5695; baseline -0.006 -9"><span class='ocrx_word' id='word_1_715' title='bbox 221 5623 317 5693; x_wconf 73' lang='grc' dir='ltr'><strong>τῆς</strong></span> <span class='ocrx_word' id='word_1_716' title='bbox 353 5622 600 5693; x_wconf 71' lang='grc' dir='ltr'><strong>ρήσεωζ,</strong></span> <span class='ocrx_word' id='word_1_717' title='bbox 632 5623 694 5671; x_wconf 65' lang='grc' dir='ltr'>τὸ</span> <span class='ocrx_word' id='word_1_718' title='bbox 718 5620 777 5671; x_wconf 69' lang='grc' dir='ltr'><strong>ὲν</strong></span> <span class='ocrx_word' id='word_1_719' title='bbox 813 5619 1058 5690; x_wconf 77' lang='grc' dir='ltr'>μηδεμιᾷ</span> <span class='ocrx_word' id='word_1_720' title='bbox 1086 5619 1209 5673; x_wconf 69' lang='grc' dir='ltr'><strong>τῶνΔ</strong></span> <span class='ocrx_word' id='word_1_721' title='bbox 1257 5620 1459 5690; x_wconf 76' lang='grc' dir='ltr'>βίϐλων</span> <span class='ocrx_word' id='word_1_722' title='bbox 1489 5626 1697 5695; x_wconf 81' lang='grc' dir='ltr'>ταύτην</span> <span class='ocrx_word' id='word_1_723' title='bbox 1725 5625 1817 5677; x_wconf 82' lang='grc' dir='ltr'>εὐ-</span> 
     </span>
    </p>
   </div>
   <div class='ocr_carea' id='block_1_102' title="bbox 230 5706 1815 5785">
    <p class='ocr_par' dir='ltr' id='par_1_102' title="bbox 230 5706 1815 5785">
     <span class='ocr_line' id='line_1_102' title="bbox 230 5706 1815 5785; baseline 0.002 -20"><span class='ocrx_word' id='word_1_724' title='bbox 230 5715 517 5783; x_wconf 66' lang='grc' dir='ltr'>ρεσκεσθαι</span> <span class='ocrx_word' id='word_1_725' title='bbox 562 5706 638 5765; x_wconf 86' lang='grc' dir='ltr'><strong>ὧν</strong></span> <span class='ocrx_word' id='word_1_726' title='bbox 669 5712 903 5775; x_wconf 70' lang='grc' dir='ltr'>ἑκάστου</span> <span class='ocrx_word' id='word_1_727' title='bbox 946 5710 1017 5764; x_wconf 77' lang='grc' dir='ltr'>τὰ</span> <span class='ocrx_word' id='word_1_728' title='bbox 1052 5710 1147 5765; x_wconf 78' lang='grc' dir='ltr'>τοῦ</span> <span class='ocrx_word' id='word_1_729' title='bbox 1200 5712 1358 5780; x_wconf 80' lang='grc' dir='ltr'>ἁγίου</span> <span class='ocrx_word' id='word_1_730' title='bbox 1397 5715 1815 5785; x_wconf 85' lang='grc' dir='ltr'>συγγράμματα</span> 
     </span>
    </p>
   </div>
   <div class='ocr_carea' id='block_1_103' title="bbox 228 5801 1815 5878">
    <p class='ocr_par' dir='ltr' id='par_1_103' title="bbox 228 5801 1815 5878">
     <span class='ocr_line' id='line_1_103' title="bbox 228 5801 1815 5878; baseline -0.002 -17"><span class='ocrx_word' id='word_1_731' title='bbox 228 5809 256 5861; x_wconf 79' lang='grc' dir='ltr'>ὂ</span> <span class='ocrx_word' id='word_1_732' title='bbox 277 5811 398 5863; x_wconf 81' lang='grc' dir='ltr'>ὁλου</span> <span class='ocrx_word' id='word_1_733' title='bbox 432 5808 622 5878; x_wconf 82' lang='grc' dir='ltr'>αύχεῖ.</span> <span class='ocrx_word' id='word_1_734' title='bbox 652 5805 805 5868; x_wconf 80' lang='grc' dir='ltr'>Τέως</span> <span class='ocrx_word' id='word_1_735' title='bbox 843 5806 997 5874; x_wconf 48' lang='grc' dir='ltr'>ὅμως</span> <span class='ocrx_word' id='word_1_736' title='bbox 1028 5808 1076 5859; x_wconf 83' lang='grc' dir='ltr'>εἰ</span> <span class='ocrx_word' id='word_1_737' title='bbox 1108 5807 1201 5859; x_wconf 71' lang='grc' dir='ltr'><strong>καὶ</strong></span> <span class='ocrx_word' id='word_1_738' title='bbox 1235 5805 1465 5859; x_wconf 79' lang='grc' dir='ltr'>παλαιὸν</span> <span class='ocrx_word' id='word_1_739' title='bbox 1499 5801 1568 5875; x_wconf 84' lang='grc' dir='ltr'>ἧν</span> <span class='ocrx_word' id='word_1_740' title='bbox 1616 5806 1677 5860; x_wconf 85' lang='grc' dir='ltr'><strong>τὸ</strong></span> <span class='ocrx_word' id='word_1_741' title='bbox 1716 5807 1815 5876; x_wconf 78' lang='grc' dir='ltr'>ὲμ-</span> 
     </span>
    </p>
   </div>
   <div class='ocr_carea' id='block_1_104' title="bbox 237 5900 1814 5970">
    <p class='ocr_par' dir='ltr' id='par_1_104' title="bbox 237 5900 1814 5970">
     <span class='ocr_line' id='line_1_104' title="bbox 237 5900 1814 5970; baseline -0.001 -14"><span class='ocrx_word' id='word_1_742' title='bbox 237 5903 495 5963; x_wconf 50' lang='lat' dir='ltr'><strong>manili-1</strong></span> <span class='ocrx_word' id='word_1_743' title='bbox 538 5917 631 5964; x_wconf 78' lang='grc' dir='ltr'><strong>μοι</strong></span> <span class='ocrx_word' id='word_1_744' title='bbox 663 5901 823 5955; x_wconf 79' lang='grc' dir='ltr'>τοῦτο</span> <span class='ocrx_word' id='word_1_745' title='bbox 849 5900 1148 5970; x_wconf 76' lang='grc' dir='ltr'>δελτάριον,</span> <span class='ocrx_word' id='word_1_746' title='bbox 1183 5901 1320 5958; x_wconf 76' lang='grc' dir='ltr'>ἀλλὰ</span> <span class='ocrx_word' id='word_1_747' title='bbox 1346 5903 1470 5957; x_wconf 74' lang='grc' dir='ltr'>τίνα</span> <span class='ocrx_word' id='word_1_748' title='bbox 1512 5904 1814 5968; x_wconf 75' lang='grc' dir='ltr'>παραδέξε-</span> 
     </span>
    </p>
   </div>
   <div class='ocr_carea' id='block_1_105' title="bbox 1917 4685 3501 4768">
    <p class='ocr_par' dir='ltr' id='par_1_105' title="bbox 1917 4685 3501 4768">
     <span class='ocr_line' id='line_1_105' title="bbox 1917 4685 3501 4768; baseline -0.011 -13"><span class='ocrx_word' id='word_1_749' title='bbox 1917 4699 2212 4755; x_wconf 86' lang='lat' dir='ltr'><strong>schedulas</strong></span> <span class='ocrx_word' id='word_1_750' title='bbox 2245 4699 2563 4768; x_wconf 76' lang='lat' dir='ltr'><strong>proferant,</strong></span> <span class='ocrx_word' id='word_1_751' title='bbox 2605 4695 2743 4749; x_wconf 87' lang='lat' dir='ltr'><strong>alias</strong></span> <span class='ocrx_word' id='word_1_752' title='bbox 2790 4709 2855 4748; x_wconf 77' lang='lat' dir='ltr'><strong>ex</strong></span> <span class='ocrx_word' id='word_1_753' title='bbox 2890 4692 3016 4745; x_wconf 87' lang='lat' dir='ltr'><strong>aliis</strong></span> <span class='ocrx_word' id='word_1_754' title='bbox 3065 4689 3392 4756; x_wconf 82' lang='lat' dir='ltr'><strong>descriptas,</strong></span> <span class='ocrx_word' id='word_1_755' title='bbox 3445 4685 3501 4738; x_wconf 88' lang='lat' dir='ltr'><strong>in</strong></span> 
     </span>
    </p>
   </div>
   <div class='ocr_carea' id='block_1_106' title="bbox 1915 4780 3499 4864">
    <p class='ocr_par' dir='ltr' id='par_1_106' title="bbox 1915 4780 3499 4864">
     <span class='ocr_line' id='line_1_106' title="bbox 1915 4780 3499 4864; baseline -0.01 -17"><span class='ocrx_word' id='word_1_756' title='bbox 1915 4795 2115 4864; x_wconf 87' lang='lat' dir='ltr'><strong>quibus</strong></span> <span class='ocrx_word' id='word_1_757' title='bbox 2167 4793 2374 4846; x_wconf 88' lang='lat' dir='ltr'><strong>dictum</strong></span> <span class='ocrx_word' id='word_1_758' title='bbox 2425 4795 2526 4845; x_wconf 86' lang='lat' dir='ltr'><strong>hoc</strong></span> <span class='ocrx_word' id='word_1_759' title='bbox 2569 4786 2978 4847; x_wconf 80' lang='lat' dir='ltr'><strong>circumfertur.</strong></span> <span class='ocrx_word' id='word_1_760' title='bbox 3022 4784 3116 4839; x_wconf 87' lang='lat' dir='ltr'><strong>sed</strong></span> <span class='ocrx_word' id='word_1_761' title='bbox 3179 4782 3336 4846; x_wconf 87' lang='lat' dir='ltr'><strong>mibi,</strong></span> <span class='ocrx_word' id='word_1_762' title='bbox 3394 4780 3499 4832; x_wconf 90' lang='lat' dir='ltr'><strong>vim</strong></span> 
     </span>
    </p>
   </div>
   <div class='ocr_carea' id='block_1_107' title="bbox 1916 4872 3503 4954">
    <p class='ocr_par' dir='ltr' id='par_1_107' title="bbox 1916 4872 3503 4954">
     <span class='ocr_line' id='line_1_107' title="bbox 1916 4872 3503 4954; baseline -0.008 -16"><span class='ocrx_word' id='word_1_763' title='bbox 1916 4885 2089 4954; x_wconf 76' lang='lat' dir='ltr'><strong>ipsam</strong></span> <span class='ocrx_word' id='word_1_764' title='bbox 2153 4883 2398 4939; x_wconf 72' lang='lat' dir='ltr'><strong>veritatis</strong></span> <span class='ocrx_word' id='word_1_765' title='bbox 2446 4891 2647 4945; x_wconf 74' lang='lat' dir='ltr'><strong>testor,</strong></span> <span class='ocrx_word' id='word_1_766' title='bbox 2713 4895 2838 4933; x_wconf 88' lang='lat' dir='ltr'><strong>cum</strong></span> <span class='ocrx_word' id='word_1_767' title='bbox 2897 4878 3122 4945; x_wconf 60' lang='lat' dir='ltr'><strong>quaestio</strong></span> <span class='ocrx_word' id='word_1_768' title='bbox 3184 4877 3296 4929; x_wconf 74' lang='lat' dir='ltr'><strong>haec</strong></span> <span class='ocrx_word' id='word_1_769' title='bbox 3364 4872 3503 4926; x_wconf 90' lang='lat' dir='ltr'><strong>mul-</strong></span> 
     </span>
    </p>
   </div>
   <div class='ocr_carea' id='block_1_108' title="bbox 1917 4966 3500 5047">
    <p class='ocr_par' dir='ltr' id='par_1_108' title="bbox 1917 4966 3500 5047">
     <span class='ocr_line' id='line_1_108' title="bbox 1917 4966 3500 5047; baseline -0.009 -16"><span class='ocrx_word' id='word_1_770' title='bbox 1917 4986 2002 5033; x_wconf 90' lang='lat' dir='ltr'><strong>tos</strong></span> <span class='ocrx_word' id='word_1_771' title='bbox 2057 4976 2169 5047; x_wconf 81' lang='lat' dir='ltr'><strong>jam</strong></span> <span class='ocrx_word' id='word_1_772' title='bbox 2226 4991 2402 5030; x_wconf 85' lang='lat' dir='ltr'><strong>annos</strong></span> <span class='ocrx_word' id='word_1_773' title='bbox 2465 4976 2515 5027; x_wconf 87' lang='lat' dir='ltr'><strong>in</strong></span> <span class='ocrx_word' id='word_1_774' title='bbox 2578 4971 2957 5026; x_wconf 78' lang='lat' dir='ltr'><strong>controversia</strong></span> <span class='ocrx_word' id='word_1_775' title='bbox 3018 4971 3124 5035; x_wconf 90' lang='lat' dir='ltr'><strong>sit,</strong></span> <span class='ocrx_word' id='word_1_776' title='bbox 3175 4966 3341 5021; x_wconf 86' lang='lat' dir='ltr'><strong>semel</strong></span> <span class='ocrx_word' id='word_1_777' title='bbox 3394 4979 3500 5017; x_wconf 85' lang='lat' dir='ltr'><strong>una</strong></span> 
     </span>
    </p>
   </div>
   <div class='ocr_carea' id='block_1_109' title="bbox 1917 5057 3499 5124">
    <p class='ocr_par' dir='ltr' id='par_1_109' title="bbox 1917 5057 3499 5124">
     <span class='ocr_line' id='line_1_109' title="bbox 1917 5057 3499 5124; baseline -0.009 0"><span class='ocrx_word' id='word_1_778' title='bbox 1917 5070 2262 5124; x_wconf 85' lang='lat' dir='ltr'><strong>solummodo</strong></span> <span class='ocrx_word' id='word_1_779' title='bbox 2328 5067 2586 5121; x_wconf 83' lang='lat' dir='ltr'><strong>schedula</strong></span> <span class='ocrx_word' id='word_1_780' title='bbox 2642 5073 2965 5117; x_wconf 84' lang='lat' dir='ltr'><strong>vetustatem</strong></span> <span class='ocrx_word' id='word_1_781' title='bbox 3032 5060 3258 5123; x_wconf 69' lang='lat' dir='ltr'><strong>let-eus,</strong></span> <span class='ocrx_word' id='word_1_782' title='bbox 3306 5057 3389 5111; x_wconf 72' lang='lat' dir='ltr'><strong>&#39;ct</strong></span> <span class='ocrx_word' id='word_1_783' title='bbox 3446 5057 3499 5109; x_wconf 90' lang='lat' dir='ltr'><strong>iu</strong></span> 
     </span>
    </p>
   </div>
   <div class='ocr_carea' id='block_1_110' title="bbox 1917 5149 3500 5231">
    <p class='ocr_par' dir='ltr' id='par_1_110' title="bbox 1917 5149 3500 5231">
     <span class='ocr_line' id='line_1_110' title="bbox 1917 5149 3500 5231; baseline -0.008 -16"><span class='ocrx_word' id='word_1_784' title='bbox 1917 5177 2024 5231; x_wconf 87' lang='lat' dir='ltr'><strong>qua</strong></span> <span class='ocrx_word' id='word_1_785' title='bbox 2073 5161 2278 5215; x_wconf 87' lang='lat' dir='ltr'><strong>dictum</strong></span> <span class='ocrx_word' id='word_1_786' title='bbox 2335 5158 2638 5227; x_wconf 79' lang='lat' dir='ltr'><strong>legebatur.</strong></span> <span class='ocrx_word' id='word_1_787' title='bbox 2680 5156 2891 5224; x_wconf 78' lang='lat' dir='ltr'><strong>objecta</strong></span> <span class='ocrx_word' id='word_1_788' title='bbox 2954 5164 3059 5222; x_wconf 87' lang='lat' dir='ltr'><strong>est,</strong></span> <span class='ocrx_word' id='word_1_789' title='bbox 3110 5168 3283 5221; x_wconf 84' lang='lat' dir='ltr'><strong>eaque</strong></span> <span class='ocrx_word' id='word_1_790' title='bbox 3334 5149 3500 5203; x_wconf 83' lang='lat' dir='ltr'><strong>veluti</strong></span> 
     </span>
    </p>
   </div>
   <div class='ocr_carea' id='block_1_111' title="bbox 1918 5246 3499 5315">
    <p class='ocr_par' dir='ltr' id='par_1_111' title="bbox 1918 5246 3499 5315">
     <span class='ocr_line' id='line_1_111' title="bbox 1918 5246 3499 5315; baseline -0.009 -7"><span class='ocrx_word' id='word_1_791' title='bbox 1918 5269 1983 5308; x_wconf 79' lang='lat' dir='ltr'><strong>ex</strong></span> <span class='ocrx_word' id='word_1_792' title='bbox 2044 5253 2192 5307; x_wconf 71' lang='lat' dir='ltr'><strong>varia</strong></span> <span class='ocrx_word' id='word_1_793' title='bbox 2275 5250 2639 5313; x_wconf 78' lang='lat' dir='ltr'><strong>collectione,</strong></span> <span class='ocrx_word' id='word_1_794' title='bbox 2716 5247 3078 5315; x_wconf 69' lang='lat' dir='ltr'><strong>coopericque</strong></span> <span class='ocrx_word' id='word_1_795' title='bbox 3159 5246 3499 5299; x_wconf 70' lang='lat' dir='ltr'><strong>diversarum</strong></span> 
     </span>
    </p>
   </div>
   <div class='ocr_carea' id='block_1_112' title="bbox 1919 5337 3498 5414">
    <p class='ocr_par' dir='ltr' id='par_1_112' title="bbox 1919 5337 3498 5414">
     <span class='ocr_line' id='line_1_112' title="bbox 1919 5337 3498 5414; baseline -0.011 -12"><span class='ocrx_word' id='word_1_796' title='bbox 1919 5346 2275 5414; x_wconf 88' lang='lat' dir='ltr'><strong>scriptionum</strong></span> <span class='ocrx_word' id='word_1_797' title='bbox 2334 5342 2601 5407; x_wconf 80' lang='lat' dir='ltr'><strong>conﬂata,</strong></span> <span class='ocrx_word' id='word_1_798' title='bbox 2652 5356 2758 5395; x_wconf 90' lang='lat' dir='ltr'><strong>non</strong></span> <span class='ocrx_word' id='word_1_799' title='bbox 2816 5356 2939 5410; x_wconf 81' lang='lat' dir='ltr'><strong>pars</strong></span> <span class='ocrx_word' id='word_1_800' title='bbox 2994 5338 3115 5392; x_wconf 89' lang='lat' dir='ltr'><strong>libri</strong></span> <span class='ocrx_word' id='word_1_801' title='bbox 3187 5337 3498 5399; x_wconf 82' lang='lat' dir='ltr'><strong>videbatur,</strong></span> 
     </span>
    </p>
   </div>
   <div class='ocr_carea' id='block_1_113' title="bbox 1917 5430 3553 5508">
    <p class='ocr_par' dir='ltr' id='par_1_113' title="bbox 1917 5430 3553 5508">
     <span class='ocr_line' id='line_1_113' title="bbox 1917 5430 3553 5508; baseline -0.007 -15"><span class='ocrx_word' id='word_1_802' title='bbox 1917 5439 2109 5508; x_wconf 84' lang='lat' dir='ltr'><strong>quales</strong></span> <span class='ocrx_word' id='word_1_803' title='bbox 2167 5439 2351 5492; x_wconf 68' lang='lat' dir='ltr'><strong>multae</strong></span> <span class='ocrx_word' id='word_1_804' title='bbox 2419 5453 2514 5507; x_wconf 88' lang='lat' dir='ltr'><strong>per</strong></span> <span class='ocrx_word' id='word_1_805' title='bbox 2577 5436 2889 5501; x_wconf 90' lang='lat' dir='ltr'><strong>deiloquum</strong></span> <span class='ocrx_word' id='word_1_806' title='bbox 2969 5432 3231 5504; x_wconf 81' lang='lat' dir='ltr'><strong>Cyrillum</strong></span> <span class='ocrx_word' id='word_1_807' title='bbox 3314 5430 3553 5484; x_wconf 79' lang='lat' dir='ltr'><strong>elabo-.</strong></span> 
     </span>
    </p>
   </div>
   <div class='ocr_carea' id='block_1_114' title="bbox 1918 5522 3498 5594">
    <p class='ocr_par' dir='ltr' id='par_1_114' title="bbox 1918 5522 3498 5594">
     <span class='ocr_line' id='line_1_114' title="bbox 1918 5522 3498 5594; baseline -0.003 -10"><span class='ocrx_word' id='word_1_808' title='bbox 1918 5541 2051 5586; x_wconf 67' lang='lat' dir='ltr'><strong>rata:</strong></span> <span class='ocrx_word' id='word_1_809' title='bbox 2081 5541 2230 5585; x_wconf 89' lang='lat' dir='ltr'><strong>sunt.</strong></span> <span class='ocrx_word' id='word_1_810' title='bbox 2288 5529 2414 5584; x_wconf 60' lang='lat' dir='ltr'><strong>llaec</strong></span> <span class='ocrx_word' id='word_1_811' title='bbox 2473 5530 2639 5583; x_wconf 88' lang='lat' dir='ltr'><strong>etiam</strong></span> <span class='ocrx_word' id='word_1_812' title='bbox 2684 5542 2791 5583; x_wconf 89' lang='lat' dir='ltr'><strong>non</strong></span> <span class='ocrx_word' id='word_1_813' title='bbox 2840 5525 2991 5594; x_wconf 81' lang='lat' dir='ltr'><strong>parvi</strong></span> <span class='ocrx_word' id='word_1_814' title='bbox 3042 5522 3302 5578; x_wconf 88' lang='lat' dir='ltr'><strong>momenti</strong></span> <span class='ocrx_word' id='word_1_815' title='bbox 3340 5522 3498 5579; x_wconf 72' lang='lat' dir='ltr'><strong>fuerit</strong></span> 
     </span>
    </p>
   </div>
   <div class='ocr_carea' id='block_1_115' title="bbox 1918 5616 3501 5690">
    <p class='ocr_par' dir='ltr' id='par_1_115' title="bbox 1918 5616 3501 5690">
     <span class='ocr_line' id='line_1_115' title="bbox 1918 5616 3501 5690; baseline -0.003 -12"><span class='ocrx_word' id='word_1_816' title='bbox 1918 5623 1987 5678; x_wconf 88' lang='lat' dir='ltr'><strong>ad</strong></span> <span class='ocrx_word' id='word_1_817' title='bbox 2054 5624 2411 5678; x_wconf 81' lang='lat' dir='ltr'><strong>refellendum</strong></span> <span class='ocrx_word' id='word_1_818' title='bbox 2466 5625 2711 5687; x_wconf 87' lang='lat' dir='ltr'><strong>dictum,</strong></span> <span class='ocrx_word' id='word_1_819' title='bbox 2779 5621 2924 5690; x_wconf 89' lang='lat' dir='ltr'><strong>quod</strong></span> <span class='ocrx_word' id='word_1_820' title='bbox 2981 5621 3033 5673; x_wconf 90' lang='lat' dir='ltr'><strong>in</strong></span> <span class='ocrx_word' id='word_1_821' title='bbox 3098 5616 3247 5670; x_wconf 90' lang='lat' dir='ltr'><strong>nullo</strong></span> <span class='ocrx_word' id='word_1_822' title='bbox 3310 5617 3501 5673; x_wconf 86' lang='lat' dir='ltr'><strong>codice</strong></span> 
     </span>
    </p>
   </div>
   <div class='ocr_carea' id='block_1_116' title="bbox 1918 5714 3500 5786">
    <p class='ocr_par' dir='ltr' id='par_1_116' title="bbox 1918 5714 3500 5786">
     <span class='ocr_line' id='line_1_116' title="bbox 1918 5714 3500 5786; baseline -0.004 -15"><span class='ocrx_word' id='word_1_823' title='bbox 1918 5717 2243 5786; x_wconf 87' lang='lat' dir='ltr'><strong>reperiatur,</strong></span> <span class='ocrx_word' id='word_1_824' title='bbox 2273 5716 2365 5786; x_wconf 91' lang='lat' dir='ltr'><strong>qui</strong></span> <span class='ocrx_word' id='word_1_825' title='bbox 2394 5717 2568 5771; x_wconf 83' lang='lat' dir='ltr'><strong>sancti</strong></span> <span class='ocrx_word' id='word_1_826' title='bbox 2603 5714 2804 5784; x_wconf 88' lang='lat' dir='ltr'><strong>scripta</strong></span> <span class='ocrx_word' id='word_1_827' title='bbox 2836 5719 2942 5782; x_wconf 85' lang='lat' dir='ltr'><strong>’pcr</strong></span> <span class='ocrx_word' id='word_1_828' title='bbox 2976 5726 3167 5766; x_wconf 88' lang='lat' dir='ltr'><strong>omnes</strong></span> <span class='ocrx_word' id='word_1_829' title='bbox 3217 5724 3345 5765; x_wconf 82' lang='lat' dir='ltr'><strong>suas</strong></span> <span class='ocrx_word' id='word_1_830' title='bbox 3377 5726 3500 5777; x_wconf 89' lang='lat' dir='ltr'><strong>par-</strong></span> 
     </span>
    </p>
   </div>
   <div class='ocr_carea' id='block_1_117' title="bbox 1920 5803 3499 5881">
    <p class='ocr_par' dir='ltr' id='par_1_117' title="bbox 1920 5803 3499 5881">
     <span class='ocr_line' id='line_1_117' title="bbox 1920 5803 3499 5881; baseline -0.006 -15"><span class='ocrx_word' id='word_1_831' title='bbox 1920 5824 2001 5867; x_wconf 88' lang='lat' dir='ltr'><strong>tes</strong></span> <span class='ocrx_word' id='word_1_832' title='bbox 2031 5812 2448 5881; x_wconf 82' lang='lat' dir='ltr'><strong>complcctatur,</strong></span> <span class='ocrx_word' id='word_1_833' title='bbox 2467 5810 2683 5876; x_wconf 87' lang='lat' dir='ltr'><strong>illisque</strong></span> <span class='ocrx_word' id='word_1_834' title='bbox 2705 5805 3007 5878; x_wconf 87' lang='lat' dir='ltr'><strong>superbiat.</strong></span> <span class='ocrx_word' id='word_1_835' title='bbox 3032 5803 3244 5858; x_wconf 84' lang='lat' dir='ltr'><strong>lnterca</strong></span> <span class='ocrx_word' id='word_1_836' title='bbox 3268 5804 3392 5859; x_wconf 81' lang='lat' dir='ltr'><strong>licet</strong></span> <span class='ocrx_word' id='word_1_837' title='bbox 3411 5821 3499 5857; x_wconf 80' lang='lat' dir='ltr'><strong>vc-</strong></span> 
     </span>
    </p>
   </div>
   <div class='ocr_carea' id='block_1_118' title="bbox 1921 5894 3519 5969">
    <p class='ocr_par' dir='ltr' id='par_1_118' title="bbox 1921 5894 3519 5969">
     <span class='ocr_line' id='line_1_118' title="bbox 1921 5894 3519 5969; baseline -0.006 -7"><span class='ocrx_word' id='word_1_838' title='bbox 1921 5914 2172 5965; x_wconf 85' lang='lat' dir='ltr'><strong>tustatem</strong></span> <span class='ocrx_word' id='word_1_839' title='bbox 2206 5919 2317 5967; x_wconf 77' lang='lat' dir='ltr'><strong>pra:</strong></span> <span class='ocrx_word' id='word_1_840' title='bbox 2351 5918 2408 5957; x_wconf 87' lang='lat' dir='ltr'><strong>se</strong></span> <span class='ocrx_word' id='word_1_841' title='bbox 2437 5900 2935 5969; x_wconf 82' lang='lat' dir='ltr'><strong>l&#39;crebatcompcrta</strong></span> <span class='ocrx_word' id='word_1_842' title='bbox 2968 5913 3063 5968; x_wconf 85' lang='lat' dir='ltr'><strong>per</strong></span> <span class='ocrx_word' id='word_1_843' title='bbox 3095 5914 3180 5953; x_wconf 82' lang='lat' dir='ltr'><strong>me</strong></span> <span class='ocrx_word' id='word_1_844' title='bbox 3207 5894 3519 5968; x_wconf 25' lang='lat' dir='ltr'><strong>seltedula.’</strong></span> 
     </span>
    </p>
   </div>
  </div>
