4054 6414
180 321 285 386 2.37

1210 329 1307 390 DE
1337 327 1855 393 PROCESSIONE
1887 329 1927 389 S
1983 328 2366 391 SPIRITUS.

3326 334 3432 397 258

179 438 241 505 Ei
267 435 400 506 γοῦν
454 437 517 491 τδ
544 455 563 492 ι
598 438 666 493 tu
698 438 871 509 μόνου
900 439 994 492 τοῦ
1041 442 1257 511 Πατρδς
1286 443 1364 506 ὼς
1415 444 1525 496 ἀπὸ
1554 443 1758 513 στόμα·

1866 442 2273 501 distinctionem
2296 443 2419 498 Filii
2451 443 2675 513 accipis,
2703 445 2990 503 considera
3018 462 3164 508 eum,
3186 449 3278 517 qui
3306 450 3443 510 dicit

174 543 270 590 τος
304 543 326 579 ι
357 526 441 595 είς
495 528 789 600 διαστολὴν
827 528 925 581 τοῦ
958 529 1087 584 Υίοῦ
1114 532 1506 602 ἑκλαμὸἀνεις,
1537 534 1754 601 σκόπει,

171 615 250 677 ὡς
276 617 305 669 ὀ
342 617 406 669 ἐκ
444 616 543 688 τῆς
576 618 770 680 οὐσίας
807 618 900 670 τοῦ
933 620 1149 691 Πατρὸς
1178 623 1354 692 λέγων
1398 625 1460 677 τὸ
1509 626 1756 695 Πνεῦμα,

170 707 239 758 ἐκ
262 706 363 776 τῆς
389 708 579 770 οὐσίας
612 708 709 761 τοῦ
766 708 900 761 Υἰοῦ
934 712 993 762 οὐ
1047 712 1279 766 δύναται
1310 710 1452 770 εἶναι
1499 716 1653 770 αὑτό.
1695 717 1758 769 El

169 803 284 872 γὰρ
340 803 656 857 διέσταλται
709 805 804 859 τοῦ
847 807 1062 878 Πατρός
1110 810 1138 862 ό
1170 809 1297 872 Υἱὸς
1336 811 1479 864 κατὰ
1537 812 1638 881 τὴν
1689 811 1758 866 ἐκ

163 898 363 963 μόνον
386 900 594 965 φωνὴν,
631 897 753 958 ὅλος
785 903 813 952 ό
844 898 972 960 Υἱὸς
1003 899 1126 952 ὅλου
1166 899 1480 955 διέσταλται
1516 902 1608 955 τοῦ
1637 903 1754 955 Πα-

167 988 319 1060 τρός,
352 989 518 1043 οὐσία
562 989 764 1060 δηλαδὴ
795 991 1179 1055 ὲνυπόστατος,
1215 990 1403 1056 οὐσίας
1439 995 1531 1045 ὲνυ
1546 996 1746 1048 ποστα-

173 1087 289 1133 τού.
333 1083 449 1134 Καὶ
493 1083 544 1134 εί
592 1082 906 1136 διέσταλται
937 1086 1079 1137 κατὰ
1109 1084 1168 1137 σὲ
1194 1086 1561 1147 ὲνυπόστατος
1592 1085 1751 1138 οὐσία

172 1174 266 1227 τοῦ
307 1174 440 1227 Υίοῦ
468 1176 571 1243 τῆς
614 1177 985 1247 ἐνυποστάτου
1016 1178 1109 1230 τοῦ
1141 1178 1354 1247 Πατρὸς
1390 1177 1582 1239 οὐσίας
1612 1178 1756 1231 κατὰ

164 1267 266 1334 τὴν
294 1268 359 1319 ἐκ
388 1267 557 1336 μόνον
594 1242 802 1337 φωνὴδ,
863 1267 980 1331 πῶς
1013 1269 1041 1321 ὁ
1069 1270 1225 1336 ἅγιος
1274 1262 1431 1332 οὗτος
1481 1270 1656 1338 ταύτη
1684 1271 1752 1335 δὴ

163 1356 269 1426 τὴν
305 1357 376 1409 ὲιι
400 1357 601 1425 μόνου
635 1357 813 1425 λέγων
846 1359 1052 1427 φωνὴν,
1090 1360 1186 1412 καὶ
1222 1362 1285 1412 ὲκ
1317 1360 1415 1429 τῆς
1446 1360 1633 1423 οὐσίας
1654 1346 1748 1412 τοῦ

165 1448 386 1516 Πατρός
416 1447 568 1516 λέγει
612 1449 673 1500 τὸ
705 1447 931 1518 Πνεῦμα
965 1451 1063 1503 σὺν
1114 1450 1298 1516 ἄλλοις
1327 1451 1435 1505 τῶν
1467 1451 1749 1520 Θεολόγων

169 1539 408 1602 πολλοῖς,
434 1544 530 1592 καὶ
557 1542 622 1593 ἐκ
653 1542 752 1608 τῆς
783 1541 970 1603 οὐσίας
999 1541 1094 1595 τοῦ
1124 1543 1290 1611 Υίοῦ;

244 1629 310 1686 θ’.
351 1631 493 1683 Ἀλλ’
526 1632 762 1685 ἐνταῦθα
792 1628 913 1686 οἶδά
946 1651 1002 1685 σε
1045 1634 1340 1702 σφύζοντα,
1369 1635 1505 1707 πρὸς
1543 1635 1755 1689 ἀντιλο-

168 1723 302 1788 γίαν
343 1723 517 1775 ἐκεῖνο
565 1724 745 1776 εἰπεῖν
790 1724 1118 1794 βουλόμενον
1161 1725 1188 1778 ὃ
1235 1726 1445 1779 πολλῶν
1497 1726 1756 1793 πολλάκις

1862 550 1930 591 ex
1958 536 2199 590 essentia
2231 536 2417 591 Patris
2439 536 2730 606 Spiritum,
2775 553 2841 592 ex
2873 542 3113 595 essentia
3146 539 3274 595 Filii
3311 557 3440 597 eum

1861 641 1986 683 esse
2005 626 2275 681 allii-mare
2307 643 2414 681 non
2452 643 2638 697 posse.
2677 628 2888 683 Etenim
2924 630 2969 683 si
3008 629 3179 686 Filius
3212 647 3243 687 a
3276 632 3443 689 Patre

1863 719 2242 789 distinguitur,
2273 720 2574 775 secundum
2612 720 2907 775 dictionem
2969 723 3119 776 illam
3176 738 3242 776 ea:
3299 725 3439 791 solo,

1863 818 2008 866 totus
2053 810 2223 866 Filius
2282 826 2313 865 a
2375 820 2488 865 toto
2535 810 2696 866 Patre
2755 812 3138 883 distinguitur,
3192 816 3439 871 essentia

1861 903 2131 972 nempein
2164 903 2441 973 hypostasi
2480 904 2551 957 ab
2596 894 2834 958 essentia
2875 906 2928 958 in
2982 908 3282 975 ltypostasi.
3316 906 3431 963 Etsi

1863 1009 1958 1063 per
1986 1004 2038 1049 te
2068 997 2312 1049 essentia
2362 995 2418 1049 in
2463 995 2746 1065 liypostasi
2779 994 2958 1052 Patris
3024 1000 3238 1051 ratione
3293 997 3442 1054 illius

1862 1087 2028 1149 vocis,
2059 1101 2125 1139 ea:
2150 1086 2265 1140 solo
2296 1087 2670 1156 distinguitur,
2706 1105 2944 1158 quanam
2977 1091 3187 1143 ratione
3212 1100 3439 1145 sanctus

1863 1177 1947 1235 Itis
1974 1179 2267 1233 dictionem
2294 1178 2440 1232 illam
2473 1194 2539 1232 ea:
2556 1178 2668 1232 solo
2699 1188 2975 1241 astruens.
3007 1190 3060 1234 et
3088 1195 3155 1235 ex
3193 1182 3438 1235 essentia

1859 1269 2039 1331 Patris
2061 1272 2226 1325 tradit
2254 1270 2541 1341 Spiritum,
2562 1288 2686 1328 cum
2703 1272 2825 1329 aliis
2844 1273 3123 1343 plerisque
3141 1274 3431 1344 theologis,

1859 1371 1912 1419 et
1939 1376 2004 1418 ex
2027 1363 2263 1419 essentia
2291 1362 2453 1418 Filii?

1924 1643 1981 1700 9.
2019 1642 2126 1699 Sed
2165 1642 2254 1701 hic
2299 1644 2455 1700 video
2482 1652 2535 1699 te
2582 1643 2859 1701 tarditatis
2916 1644 3316 1715 impatientem,
3368 1645 3437 1701 ad

1863 1737 2022 1792 nobis
2054 1736 2447 1806 obiiciendum,
2477 1740 2622 1807 quod
2650 1741 2849 1807 sapius
2889 1754 2919 1793 a
2971 1740 3159 1795 multis
3194 1739 3435 1794 dictitari

181 1814 454 1865 ειπόντων
483 1815 747 1885 αὐτήκοος
781 1790 1000 1884 ζίέγονο..
1041 1817 1197 1880 Τινὲς
1226 1817 1335 1889 γὰρ
1374 1817 1663 1880 ἀκούοντες
1699 1790 1758 1871 τδ

1863 1831 1980 1899 ipse
2004 1830 2153 1883 hisee
2181 1832 2406 1883 auribus
2429 1830 2564 1885 meis
2593 1830 2802 1895 audivi,
2831 1830 2992 1887 ocius
3044 1846 3435 1900 approperare.

182 1903 413 1973 Πνεῦμα
458 1907 519 1958 ἐκ
551 1906 654 1975 τῆς
702 1908 891 1971 οὐσίας
940 1907 1034 1961 τοῦ
1070 1908 1221 1975 Υίοῦ,
1264 1910 1339 1980 μὴ
1382 1909 1758 1981 δυνάμενοιτῇ

172 1994 404 2066 ἀληθινῇ
438 1999 717 2051 ἐπιὸαλεῖν
748 2000 949 2070 ἐννοίᾳ,
981 2000 1104 2054 καθ’
1129 2002 1195 2072 ἢν
1230 2000 1327 2054 καὶ
1347 2002 1414 2054 ἐκ
1440 2002 1537 2071 τῆς
1571 2001 1761 2065 οὐσίας

163 2085 260 2139 τοῦ
320 2087 453 2141 Υίσῦ
507 2088 725 2158 λέγεται
782 2085 922 2144 εἶναι
968 2090 1031 2143 τὸ
1079 2090 1326 2162 Πνεῦμα,
1374 2093 1468 2145 καὶ
1518 2091 1620 2162 τὴν
1663 2094 1761 2163 τῆς

165 2178 537 2245 ὑποστάσεως
573 2182 754 2235 αἰτίαν
802 2185 866 2235 ἐκ
915 2184 1009 2237 τοῦ
1040 2181 1176 2237 Θεοῦ
1214 2182 1321 2236 τῶν
1347 2183 1486 2237 ὅλων
1518 2184 1656 2255 ἔχει,
1685 2184 1760 2247 ὡς

165 2275 228 2323 ἐκ
258 2272 496 2343 πρώτης
528 2276 707 2337 αίτίας
751 2277 845 2327 καὶ
878 2276 1052 2348 ἀρχῆς
1082 2277 1162 2339 είς
1207 2276 1432 2345 ἀλόγους
1463 2277 1761 2346 διαιρέσεις

167 2365 501 2434 ἐκφέρονται
515 2365 702 2429 οὐσίας
716 2383 774 2419 τε
788 2371 880 2419 καὶ
898 2368 1271 2433 ὑποστάσεως,
1291 2368 1387 2421 καὶ
1416 2366 1755 2438 διαιροῦντες

176 2454 354 2518 ιόικώς
388 2458 473 2519 είς
502 2457 713 2523 οὐσίαν,
742 2463 836 2511 καὶ
868 2458 1050 2522 ἰδικῶς
1077 2459 1158 2522 είς
1196 2458 1495 2511 ὑπόστασιν
1522 2457 1611 2509 τὸν
1640 2456 1760 2509 ὅλον

179 2548 317 2612 Υἰὸν,
352 2550 460 2618 τὴν
501 2551 906 2616 ὲνυπόστατον,
949 2552 1047 2604 καὶ
1101 2549 1508 2604 ίδιοῦπόστατον
1546 2547 1757 2619 οὐσίαν,

166 2641 307 2692 κατὰ
334 2640 437 2711 τὴν
468 2642 539 2694 ὲκ
580 2642 796 2713 Πατρὸς
826 2646 919 2696 καὶ
950 2642 1271 2714 Πνεὺματος
1320 2641 1630 2712 ἀδιαίρετον
1658 2641 1760 2693 αὑ-

166 2732 256 2784 τοῦ
284 2733 588 2804 διαίρεσιν,
633 2735 774 2787 κατὰ
810 2736 912 2798 τὰς
952 2736 1239 2803 οεολόγους
1272 2735 1455 2804 φωνὰς
1483 2734 1544 2787 τδ
1576 2735 1641 2786 ὲκ
1662 2734 1760 2803 τῆς

168 2823 360 2884 οὐσίας
389 2823 490 2875 τοῦ
542 2824 697 2879 Υἱοῦ.
749 2824 838 2879 διὰ
870 2827 929 2879 τὸ
970 2825 1066 2879 τοῦ
1109 2826 1432 2897 Πνεύματος
1478 2825 1616 2893 πρὸς
1668 2824 1760 2877 τὸν

174 2912 299 2967 Υίὲν
331 2919 505 2984 φασὶν
534 2918 824 2987 όμοούσιον
857 2921 961 2981 τοί,
998 2920 1175 2988 ἁγίοις
1206 2916 1479 2989 εἰρῆσθαι.
1523 2917 1636 2971 Καὶ
1656 2916 1760 2969 οὐκ
1780 2910 1793 2921 ’

161 3006 402 3089 οἴδασιν,
430 3005 510 3067 ὡς
544 3010 595 3059 εί
625 3009 713 3063 διὰ
748 3009 907 3062 τοῦτο
944 3013 1007 3063 ἐκ
1036 3009 1136 3080 τῆς
1180 3009 1367 3071 οὐσίας
1406 3008 1501 3062 τοῦ
1536 3006 1668 3061 Υίοῦ
1699 3006 1761 3059 τὸ

1862 1921 2092 1985 Quidam
2121 1922 2268 1976 enim
2308 1921 2592 1977 audientes
2618 1923 2882 1991 Spiritum
2910 1939 2976 1978 ex
3008 1925 3246 1979 essentia
3283 1923 3433 1991 Filii,

1860 2030 1984 2069 cum
2010 2030 2119 2069 non
2148 2017 2364 2070 valeant
2389 2024 2591 2070 rectam
2622 2017 2956 2071 sententiam
3003 2017 3435 2087 deprehendere,

1861 2121 1969 2175 qua
1996 2113 2048 2159 et
2079 2120 2144 2160 ex
2158 2107 2399 2161 essentia
2424 2104 2547 2159 Filii
2576 2106 2779 2161 dicitur
2813 2104 3053 2175 Spiritus
3081 2122 3224 2173 esse,
3252 2118 3306 2161 et
3326 2122 3439 2162 sua

1862 2197 2171 2270 hypostasis
2195 2214 2421 2254 causam
2453 2210 2511 2253 et
2533 2214 2716 2254 rerum
2747 2199 2993 2253 omnium
3027 2200 3155 2263 Deo,
3177 2208 3435 2270 tanquam

1860 2302 1927 2343 ex
1952 2289 2126 2357 prima
2150 2303 2316 2344 causa
2348 2296 2404 2343 et
2429 2288 2701 2358 principio
2742 2288 3046 2358 possidere,
3090 2291 3148 2345 in
3199 2300 3437 2346 temera-

1835 2382 1975 2436 -rias
2047 2381 2317 2450 quasdam
2376 2380 2631 2436 essentia
2676 2390 2731 2436 et
2764 2383 3077 2453 Itypostasis
3139 2383 3439 2439 divisiones

1863 2480 2249 2543 prorumpunt,
2280 2479 2338 2527 et
2364 2472 2669 2529 dividentes
2707 2474 2939 2528 seorsim
2992 2474 3050 2529 in
3102 2476 3429 2543 essentiam,

1861 2574 1918 2621 et
1945 2564 2176 2619 seorsim
2221 2564 2276 2618 in
2315 2564 2651 2635 hypostasim
2685 2574 2863 2619 totum
2890 2563 3116 2629 Filium,
3168 2569 3223 2621 in
3260 2569 3433 2639 hypo-

1863 2652 2017 2717 stasi,
2048 2667 2222 2723 eaque
2254 2652 2473 2721 propria
2503 2654 2822 2718 essentiam,
2856 2656 3159 2711 secundum
3181 2672 3336 2711 suam
3368 2672 3435 2713 ex

1862 2744 2023 2802 Patre
2052 2754 2109 2800 et
2138 2743 2279 2799 Filio
2330 2742 2618 2799 indit‘isam
2684 2746 3034 2813 divisionem,
3081 2758 3143 2801 ut
3194 2748 3437 2816 theologi

1862 2838 2037 2905 aiunt,
2068 2840 2199 2894 illud
2226 2854 2293 2894 ex
2331 2840 2568 2896 essentia
2599 2838 2745 2905 Filii,
2780 2850 3003 2910 propter
3029 2842 3276 2896 eamdem
3308 2840 3438 2910 Spi-

1861 2930 2002 2986 ritus
2026 2945 2156 2987 cum
2190 2927 2330 2985 Filio
2354 2932 2650 2987 essentiam
2685 2947 2717 2985 a
2763 2932 2973 2986 sanctis
3016 2933 3299 2997 traditum,
3345 2947 3437 2987 re-

1863 3022 2067 3078 ferunt.
2100 3022 2289 3093 Neque
2322 3032 2536 3089 notant,
2567 3024 2611 3079 si
2642 3032 2928 3093 propterea
2957 3038 3023 3078 ex
3045 3023 3283 3078 essentia
3314 3023 3437 3078 Filii

166 3095 399 3165 Πνεῦμα
433 3098 581 3148 εἴποι
615 3114 699 3160 τις
734 3095 899 3163 εἶναι,
946 3098 1071 3151 ἐπεὶ
1105 3099 1200 3152 καὶ
1245 3102 1273 3151 ό
1303 3098 1431 3160 Υίὸς
1473 3096 1759 3167 ὀμοούσιος

1863 3116 2126 3184 Spiritum
2181 3129 2303 3171 esse
2354 3116 2624 3184 quispiam
2688 3123 2922 3178 astruat,
2968 3130 3093 3170 cum
3151 3125 3207 3171 et
3261 3116 3438 3173 Filius

164 3187 238 3257 τῷ
268 3187 587 3259 Πνεῦματι,
617 3191 682 3243 ὲκ
705 3190 802 3261 τῆς
832 3189 926 3243 τοῦ
957 3190 1272 3260 Πνεύματος
1299 3189 1488 3253 οὐσίας
1522 3187 1759 3259 ῥηθήσε-

161 3298 269 3336 ται.
312 3283 477 3334 Ἐστι
511 3283 613 3353 μὲν
653 3287 763 3355 γὰρ
792 3285 872 3337 «τὸ
922 3284 1144 3353 Πνεῦμα
1187 3282 1263 3353 τῷ
1298 3282 1414 3353 Υίῴ
1451 3281 1758 3351 ὁμοούσιον,

163 3372 279 3424 αλλ’
313 3375 444 3444 οὐχὶ
473 3374 784 3439 ἀκολουθεῖ,
819 3376 911 3427 καὶ
950 3378 1015 3428 ὲκ
1054 3375 1157 3443 τῆς
1185 3374 1374 3436 οὐσίας
1401 3370 1497 3424 τοῦ
1532 3371 1656 3423 rios
1700 3371 1761 3424 τὸ

164 3464 398 3532 Πνεῦμα
426 3460 573 3519 εἶναι
604 3465 692 3519 διὰ
716 3468 776 3518 τὸ
806 3467 1115 3536 ὁμοούσιον.
1146 3459 1251 3520 Ἦν
1282 3466 1392 3536 γὰρ
1430 3465 1496 3519 ἂν
1519 3465 1614 3518 καὶ
1651 3464 1760 3518 πᾶν

160 3558 460 3625 ὁμοούσιον
511 3560 619 3612 τινὶ
654 3560 719 3612 ὲκ
768 3561 864 3627 τῆς
898 3558 1088 3622 οὐσίας
1127 3558 1223 3611 τοῦ
1272 3557 1587 3628 όμοουσίου,
1623 3557 1759 3628 ὅπερ

164 3652 263 3701 οὐκ
298 3650 481 3704 ἐστιν.
526 3651 783 3719 Ἠγεῖται
812 3652 867 3705 δὲ
911 3648 1114 3721 μᾶλλον
1144 3650 1205 3704 τὸ
1234 3652 1298 3702 ἐκ
1327 3653 1423 3721 τῆς
1451 3650 1635 3712 οὐσίας
1663 3648 1758 3703 τοῦ

172 3742 300 3795 Υἱοῦ
345 3740 495 3798 εῖναι
526 3744 591 3797 τὸ
622 3743 866 3814 Πνεῦμα,
916 3743 1058 3798 ὥστε
1091 3741 1425 3808 ἀκολουθεῖν,
1467 3741 1556 3794 διὰ
1601 3741 1760 3795 τοῦτο

132 3865 145 3877 -
171 3836 460 3906 ὁμοοὺσιον
493 3837 573 3909 τῷ
610 3838 720 3907 Υίῴ
763 3834 902 3893 εἶναι
930 3838 991 3891 τὸ
1033 3836 1279 3908 Πνεῦμα,
1323 3836 1406 3890 ὃτι
1433 3837 1497 3888 ὲκ
1524 3834 1624 3907 τῆς
1664 3835 1758 3888 οὐ·

172 3932 290 3994 σίας
318 3929 415 3983 τοῦ
454 3930 593 3983 Υίοῦ
622 3930 683 3983 τὸ
719 3929 943 4001 Πνεῦμα
976 3928 1146 3984 ἐστίν.

230 4116 284 4170 ι’.
321 4115 391 4167 Et
425 4113 563 4183 γοῦν
590 4111 758 4166 διὰτὸ
784 4113 882 4184 τῆς
913 4111 1236 4184 διαιρέσεως
1282 4109 1477 4178 ἄλογον
1527 4110 1623 4162 ἐπὶ
1660 4107 1756 4161 τοῦ

167 4205 318 4272 Tim},
344 4206 541 4269 ίδικῶς
567 4205 668 4275 μὲν
700 4207 779 4268 είς
809 4205 1019 4269 οὐσίαν,
1052 4203 1237 4265 ίδικῶς
1256 4200 1310 4255 δὲ
1332 4203 1411 4264 εἰς
1436 4200 1755 4268 ὑπόστασιν,

170 4298 366 4366 ἄλογόν
398 4300 520 4349 ἐστι
554 4296 817 4367 διαφέρον
845 4297 1055 4349 οἴεσθαι
1087 4290 1227 4348 εἶναι
1261 4294 1322 4347 τὸ
1355 4294 1422 4347 ἐκ
1444 4294 1541 4362 τῆς
1566 4293 1759 4356 οὐσίας

165 4390 255 4443 τοῦ
291 4389 461 4453 Υἱοῦ,
499 4391 595 4442 καὶ
625 4389 685 4443 τὸ
724 4391 789 4443 ὲκ
818 4387 913 4441 τοῦ
950 4387 1082 4442 Υίοῦ
1115 4428 1129 4453 ,
1181 4388 1230 4440 εί
1268 4387 1574 4440 διέσταλται
1616 4385 1759 4440 κατὰ

168 4482 222 4532 σὲ
255 4484 293 4553 ἠ
328 4482 705 4543 ξνοπόστατος
735 4478 892 4533 οὐσία
937 4479 1029 4532 τοῦ
1074 4477 1206 4533 Υίοῦ
1242 4478 1339 4548 τῆς
1386 4479 1754 4532 ὲνυποστάτου
1786 4480 1831 4537 D

169 4574 257 4627 τοῦ
306 4573 535 4643 Πατρός
565 4572 778 4634 οὐσίας.
819 4574 964 4626 κατὰ
1005 4572 1106 4643 τὴν
1166 4590 1185 4624 ι
1238 4574 1303 4624 ὲκ
1352 4572 1516 4641 μόνου
1551 4570 1758 4642 φωνὴν,

170 4670 278 4731 πῶς
315 4671 347 4723 ὁ
382 4667 566 4734 ἅγιος,
599 4664 853 4735 καθάπερ
888 4682 979 4735 μοι
1010 4668 1104 4719 καὶ
1132 4663 1477 4736 προείρηται,
1496 4667 1525 4717 ό
1553 4663 1759 4734 ταύτην

164 4764 227 4833 δὴ
256 4764 362 4832 τὴν
398 4765 466 4813 ὲκ
506 4759 672 4829 μόνον
705 4758 884 4826 λέγων
928 4759 1136 4829 φωνὴν,
1182 4759 1246 4809 ὲκ
1293 4759 1392 4827 τῆς
1440 4755 1630 4820 οὐσίας
1664 4756 1759 4809 τοῦ

161 4859 381 4929 lla-:96;
412 4855 652 4911 ἐνταῦθα
682 4854 861 4923 λέγων
906 4856 969 4907 τὸ
1019 4851 1267 4923 Πνεῦμα,
1300 4854 1357 4904 ὲν
1388 4850 1576 4913 ἄλλαις
1623 4850 1758 4911 πολ-

153 4952 280 5014 λαῖς
310 4949 426 5002 τῶν
455 4948 751 5016 Θεολογιῶν
800 4946 967 5000 αὐτοῦ
1007 4947 1103 5000 καὶ
1144 4949 1207 5000 ἐκ
1237 4945 1338 5016 τῆς
1396 4947 1583 5013 οὐσίας
1624 4945 1760 5014 φησι

147 5045 252 5098 τοῦ
288 5042 430 5097 Υἱοῦ
469 5058 487 5109 ;
518 5042 627 5096 Τοῦ
667 5043 780 5111 γὰρ
806 5040 962 5093 ’Υἱοῦ
996 5040 1381 5112 διεσταλμένου
1422 5040 1567 5094 κατὰ
1632 5039 1759 5101 τοὺς

152 5139 428 5204 λέγοντας
453 5136 563 5190 ἀπὸ
587 5134 678 5187 τοῦ
710 5135 943 5203 Πατρός,
967 5135 1025 5187 οὐ
1056 5134 1216 5187 δεῖτὸ
1247 5135 1310 5184 ἐκ
1335 5136 1435 5202 τῆς
1455 5132 1644 5195 οὐσίας
1663 5129 1758 5181 τοῦ

160 5230 377 5299 Πατρὸς
408 5227 715 5298 λεγόμενον
750 5225 972 5295 Πνεῦμα
1010 5226 1074 5277 ὲκ
1114 5223 1215 5293 τῆς
1255 5222 1442 5282 οὐσίας
1496 5221 1591 5273 τοῦ
1627 5218 1757 5271 Υἱοῦ

124 5300 395 5395 "egeam
422 5337 580 5375 ποτε.
608 5321 673 5373 Ei
699 5318 757 5372 δὲ
789 5322 853 5371 ἐκ
873 5318 971 5387 τῆς
1000 5317 1186 5378 οὐσίας
1219 5316 1421 5385 ἀμφοῖν
1451 5308 1592 5366 εῖναι
1626 5310 1759 5364 αὐτὸ

136 5415 533 5488 ,ιώμςιλόγηται,
565 5401 821 5466 λείπεται
853 5406 997 5465 κατὰ
1037 5408 1099 5461 τὸ
1139 5406 1319 5477 πάντη
1361 5404 1579 5475 βέϐαιον
1604 5402 1760 5466 δέξα-

161 5508 281 5562 σοαί
320 5526 404 5575 σε,
439 5508 520 5579 μὴ
550 5504 697 5577 πρὸς
727 5500 1024 5571 διαστολὴν
1060 5500 1157 5553 τοῦ
1183 5497 1315 5551 Υίοῦ
1346 5502 1403 5551 τ)
1436 5517 1455 5549 ι
1491 5498 1556 5548 ὲκ
1595 5494 1757 5565 μόνου

155 5602 240 5656 τοῦ
268 5604 486 5677 Πατρὸς
539 5598 833 5670 είρῆσοαι,
880 5595 996 5648 ἀλλ’
1023 5597 1100 5658 είς
1147 5594 1406 5666 δήλωσιν,
1442 5590 1517 5649 ὡς
1550 5583 1759 5656 προῖὼν

146 5699 416 5765 ἀποδείξει
450 5701 480 5751 ὁ
513 5696 707 5761 λόγος,
736 5689 858 5753 τοῦ,
904 5688 1129 5759 πρώτην
1162 5686 1365 5751 αἰτίαν,
1396 5683 1487 5736 καὶ
1519 5681 1759 5749 ἄναρχον

140 5796 299 5873 μόνον
330 5793 432 5849 τὸν
468 5791 708 5858 Πατέρα
735 5779 904 5865 εἶναι,

1863 3207 2109 3278 ejusdem
2139 3222 2263 3265 cum
2301 3205 2507 3278 Spiritu
2547 3207 2802 3262 essentia
2828 3207 2922 3271 sit,
2948 3222 3012 3262 ex
3037 3207 3272 3263 essentia
3314 3207 3438 3277 Spi-

1862 3301 2006 3357 ritus
2040 3299 2333 3355 diceretur.
2394 3300 2489 3354 Est
2539 3300 2686 3354 enim
2728 3298 2968 3368 Spiritus
3022 3299 3269 3369 ejusdem
3308 3313 3434 3352 eum

1861 3392 2003 3448 Filio
2035 3392 2310 3454 essentia,
2338 3401 2395 3446 at
2425 3408 2531 3447 non
2564 3398 2816 3463 sequitur
2848 3400 2904 3447 et
2938 3407 3003 3448 ex
3036 3392 3273 3447 essentia
3310 3388 3437 3444 Filii

1863 3485 2128 3558 Spiritum
2158 3501 2303 3551 esse,
2334 3486 2481 3556 quod
2499 3486 2740 3555 ejusdem
2760 3484 3012 3540 essentia
3045 3485 3137 3540 sit.
3159 3480 3437 3552 Quidquid

1860 3579 2009 3634 enim
2038 3579 2282 3649 ejusdem
2316 3577 2570 3633 essentia:
2595 3584 2680 3631 est
2723 3591 2846 3631 eum
2878 3577 3084 3647 aliquo,
3110 3590 3178 3630 ex
3193 3574 3436 3632 essentia

1862 3672 2030 3737 illius,
2053 3687 2178 3727 eum
2210 3684 2321 3742 quo
2357 3670 2602 3739 ejusdem
2643 3669 2900 3726 essentia
2940 3677 3046 3735 est,
3080 3677 3247 3734 esset,
3283 3664 3434 3738 quod

1863 3771 2044 3833 tamen
2088 3778 2196 3819 non
2226 3769 2333 3817 est.
2389 3760 2590 3817 Verum
2648 3763 2833 3831 potius
2884 3760 3140 3831 pracedit
3194 3762 3319 3825 hoc,
3370 3774 3469 3815 ea

1861 3855 2101 3911 essentia
2141 3852 2266 3909 Filii
2291 3867 2417 3911 esse
2447 3852 2736 3923 Spiritum,
2784 3854 2860 3906 ita
2900 3862 2960 3907 ut
2992 3859 3276 3921 sequatur,
3315 3863 3440 3919 pro-

1862 3958 2045 4019 pterea
2077 3946 2328 4018 ejusdem
2374 3961 2502 4001 eum
2536 3946 2675 4002 Filio
2714 3945 2964 4000 essentia
2991 3959 3116 4001 esse
3148 3944 3435 4014 Spiritum,

1862 4042 2008 4113 quod
2036 4056 2103 4095 ex
2131 4039 2367 4096 essentia
2398 4037 2521 4093 Filii
2549 4036 2787 4108 Spiritus
2803 4045 2908 4092 est.

1920 4134 2010 4189 10.
2042 4132 2101 4188 Si
2166 4133 2349 4202 itaque
2411 4138 2632 4201 propter
2675 4130 2961 4184 divisionis
3007 4136 3160 4183 extra
3215 4125 3434 4182 modum

1860 4227 2128 4280 absonum
2159 4224 2213 4279 in
2234 4222 2371 4277 Filio
2404 4223 2633 4279 seorsim
2661 4221 2716 4276 in
2748 4221 3065 4286 essentiam,
3100 4229 3157 4275 et
3200 4220 3435 4277 seorsim

1862 4320 1919 4373 in
1952 4316 2311 4387 hypostasim,
2371 4315 2669 4370 absurdum
2718 4328 2937 4383 quoque
2980 4321 3141 4382 atque
3187 4312 3435 4381 ineptum

1861 4406 2341 4475 est,diﬂ‘erentiam
2367 4404 2733 4469 comminisci,
2761 4405 2904 4459 inter
2928 4420 2991 4459 ex
3025 4404 3260 4459 essentia
3289 4404 3434 4470 Filii,

1861 4507 1909 4555 et
1943 4513 2010 4552 ex
2036 4494 2177 4550 Filio
2201 4510 2344 4559 esse,
2404 4493 2450 4549 si
2505 4488 2812 4562 sejungitu'r
2862 4507 2961 4562 per
3001 4500 3055 4546 te
3110 4491 3349 4546 essentia
3380 4491 3436 4544 in

1862 4589 2143 4662 Itypostasi
2175 4586 2301 4643 Filii
2335 4586 2403 4641 ab
2436 4586 2675 4642 essentia
2698 4585 2753 4638 in
2780 4585 3066 4656 ltypostasi
3109 4582 3290 4638 Patris
3315 4598 3441 4652 pro-

1862 4690 1981 4751 pter
2011 4680 2160 4734 illam
2187 4678 2480 4733 dictionem
2508 4690 2575 4730 ea:
2598 4675 2733 4740 solo,
2790 4690 3029 4746 quanam
3073 4677 3282 4730 ratione
3310 4690 3440 4730 san-

1860 4781 1999 4836 ctus,
2028 4780 2090 4827 ut
2125 4781 2285 4825 antea
2319 4782 2541 4839 quoque
2573 4767 2716 4837 ajme
2752 4767 3168 4837 pronuntiatum
3199 4774 3304 4833 est,
3340 4767 3436 4835 qui

1859 4878 2050 4919 vocem
2078 4863 2220 4917 hanc
2254 4876 2320 4916 ea:
2351 4860 2464 4916 solo
2495 4861 2730 4925 dictitat,
2763 4873 2830 4914 ex
2857 4862 3097 4917 essentia
3128 4858 3308 4914 Patris
3348 4859 3437 4914 hic

1861 4967 2116 5011 asserens
2155 4951 2447 5021 Spiritum,
2473 4951 2528 5005 in
2549 4950 2670 5005 aliis
2698 4952 2979 5020 plerisque
3010 4951 3128 5006 suis
3174 4949 3441 5018 theologi-

1860 5047 1938 5102 cis
1955 5043 2196 5113 scriptis,
2230 5053 2285 5097 et
2313 5058 2379 5097 ex
2417 5043 2654 5099 essentia
2689 5043 2763 5096 ait
2793 5040 2959 5096 Filii?
2994 5041 3245 5111 Namque
3276 5055 3438 5109 sepa-

1860 5148 1980 5193 rato
2009 5135 2182 5200 Filio,
2225 5135 2525 5190 secundum
2561 5148 2679 5199 eos,
2735 5135 2830 5200 qui
2883 5134 2957 5189 ita
3026 5143 3364 5199 asseverant,
3404 5146 3435 5185 a

1859 5227 2039 5294 Patre,
2068 5242 2177 5282 non
2238 5226 2484 5290 addecet,
2519 5241 2585 5280 ex
2634 5228 2875 5281 essentia
2923 5226 3106 5281 Patris
3169 5231 3435 5279 assertum

1862 5320 2151 5392 Spiritum,
2180 5335 2245 5376 ex
2287 5320 2526 5377 essentia
2560 5318 2683 5376 Filii
2714 5320 2824 5375 ullo
2846 5319 3009 5375 modo
3047 5316 3356 5383 αἰεί.ουοά
3387 5314 3435 5369 si

1859 5432 1925 5471 ex
1954 5414 2191 5471 essentia
2226 5417 2517 5483 utriusque
2570 5412 2724 5467 illum
2747 5427 2889 5477 esse,
2947 5411 3004 5465 in
3038 5410 3294 5466 confesso
3323 5415 3434 5472 est,

1861 5509 2132 5578 reliquum
2161 5515 2269 5571 est,
2300 5506 2464 5561 veluti
2488 5504 2857 5560 certissimum
2889 5502 3022 5557 illud
3070 5510 3122 5555 te
3158 5499 3435 5567 amplecti,

1862 5612 1970 5652 non
2049 5598 2115 5651 ad
2169 5597 2572 5652 distinctionem
2640 5596 2785 5660 Filii,
2832 5612 2851 5645 ι
2886 5609 2952 5649 ex
3024 5592 3144 5647 solo
3210 5588 3371 5643 Patre
3409 5609 3431 5642 ι

1865 5690 2277 5760 pronuntiatum
2312 5705 2453 5753 esse,
2494 5690 2593 5744 sed
2637 5688 2706 5743 ad
2759 5684 3169 5748 insinuandam,
3201 5693 3260 5737 ut
3297 5682 3439 5739 infra

1866 5784 2043 5836 oratio
2072 5782 2491 5847 demonstrabit,
2524 5782 2754 5851 primam
2783 5792 3011 5837 causam
3033 5785 3086 5833 et
3127 5778 3261 5833 citra
3289 5777 3440 5848 prin-

1859 5872 2063 5944 cipium
2088 5872 2302 5931 Patrem
2338 5888 2480 5930 esse.
