4054 6430
575 340 681 406 ἓ59

1600 325 1819 389 JOAN.
1862 322 2075 391 VECCl
2116 324 2226 388 (ΞΡ.
2262 321 2773 387 ΡΑΤΒΙᾹΒΟΗΛΞ

3727 328 3841 391 Ξδθ

647 454 738 509 Η.
768 449 1050 506 Addemus
1079 446 1226 503 aliud
1253 457 1472 517 quoque
1503 443 1644 498 lianc
1671 442 2002 498 sententiam
2020 456 2153 497 con-

2329 448 2422 496 ια’.
2448 442 2559 495 Καί
2574 461 2625 496 τι
2650 442 2706 495 δὲ
2730 443 2918 512 ἕτερον
2941 441 3037 513 τῆς
3059 442 3227 514 αὐτῆς
3253 443 3460 508 ἑννοίας
3489 442 3722 515 ἐροῦμεν
3747 464 3845 500 σο-

574 545 877 609 stabilieiis,
928 557 992 596 ex
1047 538 1292 609 ejusdem
1364 536 1628 607 segmenti
1688 535 1983 590 verborum
2046 532 2156 587 cir-

575 636 881 705 cumplexn,
924 632 1065 700 quod
1097 630 1254 684 facile
1290 627 1661 697 persuadebit,
1694 627 1738 680 si
1771 626 1932 680 modo
1963 639 2154 694 :equus

574 742 697 782 esse
728 726 857 778 velis
889 724 1125 776 auditor.
1154 720 1250 773 Hic
1299 722 1443 773 enim
1485 720 1577 771 ubi
1632 736 1650 769 ι
1679 733 1744 771 ex
1782 717 1900 771 solo
1934 716 2094 770 Patre
2128 735 2149 769 ι

577 817 866 876 invenitur,
902 816 1169 865 adnexum
1205 819 1288 864 est
1325 828 1343 860 ι
1380 810 1544 862 veluti
1565 810 1632 862 ab
1682 813 1795 862 Ore.
1830 826 1849 859 ι
1907 805 1973 860 Et
2027 822 2152 860 cum

576 904 812 975 Spiritus
846 914 898 958 ut
936 902 1049 957 uiis
1086 899 1208 954 Filii
1276 902 1493 954 dicatur
1534 900 1799 969 Spiritus,
1846 909 1905 952 ut
1935 896 2156 953 divinus

574 1000 649 1052 ait
692 997 1012 1065 Apostolus,
1060 994 1336 1063 quooiodo
1395 1007 1500 1045 iiou
1565 992 1693 1046 hinc
1746 1005 1967 1060 quoque
2010 1005 2041 1044 τι
2103 998 2156 1044 te

573 1092 944 1159 dignoscetur,
983 1103 1090 1141 non
1127 1088 1191 1140 ad
1237 1087 1643 1139 distinctionem
1696 1080 1819 1136 Filii
1860 1099 1879 1133 ι
1930 1097 1996 1136 ex
2033 1080 2152 1136 solo

572 1179 733 1233 Patre
771 1199 790 1230 ι
825 1178 1065 1248 apponi?
1126 1174 1373 1244 Namque
1425 1192 1548 1230 cuin
1603 1173 1777 1229 Filius
1829 1189 1894 1228 ex
1956 1182 2145 1229 ventre

572 1273 754 1328 Patris
785 1273 930 1341 gigni
988 1282 1291 1332 asscraiur,
1355 1268 1591 1336 Spiritus
1638 1281 1769 1319 vero
1846 1265 2183 1335 progressio,

574 1365 740 1416 veluti
774 1367 842 1416 ab
873 1379 967 1416 ore
1015 1360 1193 1415 Patris
1232 1361 1376 1413 dicta
1410 1359 1504 1422 sit,
1539 1373 1817 1427 nunquam
1879 1366 2151 1411 assertum

576 1452 767 1508 fuisset
804 1452 1066 1521 Spiritum
1102 1453 1354 1521 progredi
1376 1459 1432 1504 et
1467 1465 1531 1504 ex
1569 1464 1665 1503 ore
1696 1444 1843 1511 Filii,
1873 1448 1916 1500 si
1936 1463 2001 1502 ex
2035 1448 2153 1503 solo

578 1542 737 1597 l’atre
768 1549 1201 1612 progrederetur.
1231 1540 1517 1601 Pra-ti-rea,
1579 1555 1703 1594 cum
1733 1554 1794 1593 os
1858 1537 2035 1593 Patris
2096 1538 2154 1593 in

577 1636 895 1702 tlieologieis
937 1635 1158 1700 scriptis
1203 1636 1473 1692 tradatur,
1503 1647 1629 1701 ,quo
1662 1642 1822 1700 pacto
1856 1632 1922 1684 ad
1951 1631 2154 1685 distin-

573 1726 814 1778 ctiouein
869 1724 986 1778 Filii
1048 1726 1178 1777 illud
1239 1741 1258 1773 ι
1301 1739 1365 1777 ex
1422 1724 1583 1778 Patre
1646 1724 1787 1786 solo,
1838 1740 1857 1775 ι
1929 1733 2173 1778 sanctus.

2262 534 2517 588 στατικὸν
2550 535 2614 588 ἐκ
2649 535 2750 604 τῆς
2781 536 2838 587 ὲν
2888 535 2953 606 τῇ
3008 536 3240 608 ῥηθείσῃ
3289 539 3561 608 περικοπῇ
3613 538 3844 612 περιλή-

2256 626 2425 695 ψεως,
2470 627 2609 699 ὅπερ
2662 626 2930 690 εὐπειθῶς
2981 628 3239 699 ἀποδέξῃ,
3289 629 3337 681 εἰ
3376 628 3674 699 εὐγνώμων
3716 629 3846 702 γίνῃ

2262 736 2352 789 μοι
2387 721 2655 789 ἀκρατής.
2700 719 2966 773 Ἐνταῦθα
3005 721 3134 791 γάρ,
3158 721 3291 774 ὅπου
3317 721 3376 773 τὸ
3413 740 3431 772 ι
3470 723 3533 774 ἐκ
3559 723 3720 792 μόνου
3746 721 3843 774 τοῦ

2261 810 2478 881 Πατρὸς
2517 828 2535 860 ι
2587 810 2840 879 εὓρηται,
2883 812 3206 882 πρόσκειται
3252 811 3332 876 τὸ,
3387 829 3406 863 ι
3446 811 3517 875 ὡς
3555 812 3666 864 ἀπὸ
3720 813 3847 865 στό-

2262 920 2453 973 ματος.
2497 921 2515 954 ι
2555 902 2667 956 Καὶ
2702 903 2825 957 ἐπεὶ
2856 903 2917 956 τὸ
2954 903 3176 974 Πνεῦμα
3200 905 3294 958 καὶ
3326 903 3423 957 τοῦ
3450 904 3715 973 στόματος
3743 903 3844 957 τοῦ

2258 993 2390 1046 Υἱοῦ
2423 994 2641 1062 λέγεται
2689 994 2938 1065 Πνεῦμα,
2988 997 3134 1049 κατὰ
3161 996 3254 1049 τὸν
3303 997 3451 1049 θεῖον
3496 998 3843 1064 Ἀπόστολον,

2258 1085 2376 1149 πῶς
2409 1088 2532 1157 οὐχὶ
2564 1090 2659 1140 καὶ
2690 1087 2941 1140 ἐντεῦθεν
2971 1088 3445 1158 διαγνωσθήσεταί
3474 1107 3578 1155 σοι,
3607 1090 3682 1160 μὴ
3706 1090 3847 1159 πρὸς

2256 1179 2547 1249 διαστολὴν
2582 1179 2679 1234 τοῦ
2715 1180 2846 1232 Υίοῦ
2880 1180 2940 1233 τὸ
2975 1182 3037 1232 ὲκ
3091 1181 3513 1252 μόνουλΠατρδς
3561 1181 3843 1249 λέγεσθαι.

2271 1272 2422 1324 Ἐπεὶ
2460 1272 2570 1342 γὰρ
2591 1272 2619 1324 ό
2647 1272 2746 1341 μὲν
2782 1269 2907 1334 Υἱὸς
2945 1272 3009 1323 ἐκ
3034 1272 3269 1343 γαστρός
3298 1270 3589 1340 γεννᾶσθαι
3619 1270 3846 1340 λέγεται

2255 1363 2353 1417 τοῦ
2404 1365 2711 1436 Πατρὸς,-ὴ
2756 1364 2811 1416 δὲ
2842 1362 2940 1415 τοῦ
2977 1365 3297 1432 Πνεῦματος
3333 1364 3579 1433 πρόοδος,
3609 1363 3684 1427 ὡς
3732 1363 3842 1417 άπὸ

2259 1457 2528 1525 στόματος
2555 1457 2777 1526 εἴρηται
2809 1456 2902 1507 τοῦ
2957 1454 3193 1523 Πατρὺς,
3241 1454 3341 1506 οὐκ
3394 1454 3458 1507 ἄν
3484 1470 3615 1505 ποτε
3642 1451 3846 1523 ἐρρέθη

2242 1546 2630 1616 -προέρχεσθαι
2665 1548 2726 1599 τὸ
2762 1546 2988 1616 Πνεῦμα
3021 1544 3234 1598 καὶτοῦ
3267 1547 3533 1613 στόματος
3562 1544 3655 1596 τοῦ
3686 1543 3846 1609 Υίοῦ,

2258 1636 2425 1708 εἴπερ
2452 1640 2516 1691 ὲκ
2540 1639 2704 1709 μόνου
2741 1637 2837 1691 τοῦ
2870 1639 3083 1708 Πατρὸς
3128 1632 3198 1707 ἦν
3247 1637 3382 1690 αὐτὸ
3417 1637 3848 1707 προερχόμενον.

2262 1728 2383 1781 Ἔτι
2410 1731 2463 1784 δὲ
2495 1733 2588 1783 καὶ
2617 1732 2740 1784 ἐπεὶ
2770 1732 2949 1801 στόμα
2977 1731 3071 1783 τοῦ
3098 1732 3312 1801 Πατρός
3336 1730 3670 1799 θεολογεῖται
3694 1733 3849 1799 παρᾶ

573 1818 892 1870 euuiitiasse
927 1819 1278 1886 intelligetur,
1322 1832 1341 1866 ι
1383 1816 1546 1869 veluti
1580 1816 1650 1869 ab
1681 1830 1776 1870 ore
1820 1813 2000 1870 Patris
2028 1813 2150 1885 Spi-

2266 1827 2374 1887 ταῖς
2406 1825 2649 1892 Γραφαίς
2670 1825 2697 1876 ὁ
2736 1823 2882 1885 Υἱὸς,
2922 1822 3037 1884 πῶέ
3064 1823 3128 1874 ἂν
3159 1823 3238 1883 εἰς
3262 1823 3547 1891 διαστολὴν
3571 1820 3663 1874 τοῦ
3698 1820 3833 1873 Υἱοῦ

576 1912 741 1964 rituiu
768 1910 1083 1979 procedere,
1123 1926 1143 1958 ι
1198 1907 1518 1963 allirmaus?

650 2188 739 2245 12.
762 2189 914 2255 Quod
939 2187 984 2243 si
1016 2197 1068 2242 et
1096 2185 1349 2258 proxime
1376 2186 1688 2256 appositum
1726 2185 2040 2241 accuratius
2060 2200 2159 2241 ex-

579 2283 806 2350 peiidas,
841 2282 967 2335 liiuc
1020 2295 1241 2349 quoque
1304 2277 1700 2347 deprehendes,
1742 2289 1987 2332 nostram
2029 2293 2157 2333 sen-

578 2376 826 2439 tentiain,
853 2389 960 2443 qua
990 2373 1374 2429 contendimus
1406 2386 1593 2425 vocem
1631 2389 1650 2422 ι
1685 2386 1751 2425 ex
1782 2372 1901 2426 solo
1934 2369 2095 2426 Patre
2132 2388 2152 2422 ι

578 2486 685 2525 non
721 2471 785 2523 ad
819 2469 1226 2523 distinctionem
1280 2464 1403 2519 Filii
1451 2464 1713 2532 scriptam
1764 2462 1956 2518 fuisse.
1989 2464 2157 2517 [καπη-

577 2580 684 2635 que
711 2581 831 2618 cuiii
860 2574 1016 2618 antea
1047 2562 1274 2616 dixisset
1310 2578 1329 2611 ι
1359 2560 1453 2614 sed
1483 2562 1835 2628 procedente,
1870 2569 1929 2613 ut
1948 2559 2158 2615 dictum

578 2666 684 2719 est,
715 2671 778 2710 ex
825 2655 943 2709 solo
973 2653 1130 2708 Patre
1175 2662 1436 2721 tanquam
1488 2652 1558 2706 ab
1614 2666 1729 2716 ore,
1772 2670 1792 2704 ι
1840 2652 2153 2721 subnexuit,

584 2765 604 2799 ι
636 2749 726 2817 qui
779 2748 1032 2817 apparuit
1076 2760 1173 2815 per
1211 2744 1430 2798 Filium.
1475 2762 1495 2797 ι
1535 2742 1691 2810 Quod
1738 2744 1884 2799 enim
1930 2759 1996 2798 ex
2042 2744 2160 2799 solo

580 2836 739 2892 Patre
767 2847 870 2902 est,
922 2836 970 2891 si
999 2836 1297 2892 secundum
1332 2834 1734 2887 distinctionem
1797 2831 1918 2888 Filii
1946 2848 2012 2887 ex
2045 2834 2162 2889 solo

580 2946 648 2983 eo
686 2940 854 2995 esset,
916 2929 1139 2982 minime
1183 2936 1468 2996 appareret
1521 2942 1615 2996 per
1665 2924 1886 2980 Filium.
1944 2923 2161 2979 Etenim

582 3019 861 3075 distinctio
893 3018 1015 3073 Filii
1060 3035 1090 3075 a
1144 3019 1304 3073 Patre
1334 3034 1607 3089 nusquam
1650 3018 1904 3072 admittet
1934 3019 1986 3071 in
2017 3017 2163 3072 exsi-

586 3114 788 3168 stentia
818 3113 1055 3182 Spiritus
1084 3127 1148 3166 ex
1190 3110 1351 3165 Patre
1376 3112 1534 3175 illud,
1565 3125 1660 3180 per
1690 3107 1911 3164 Filium.
1935 3108 2093 3175 Quod
2114 3109 2160 3165 si

585 3204 819 3260 fortasse
849 3206 938 3258 liie
958 3218 1210 3273 qucque,
1246 3213 1304 3258 ut
1369 3203 1529 3272 plane
1586 3202 1769 3256 audivi
1832 3217 1899 3257 ex
1948 3202 2160 3267 multis,

584 3299 677 3368 qui
703 3313 765 3350 ex
797 3306 984 3351 ventre
1022 3305 1298 3361 eructant,
1340 3295 1604 3364 quidquid
1630 3296 1684 3348 in
1736 3306 1969 3349 mentem
1994 3293 2161 3360 subit,

583 3387 653 3443 ex
686 3385 824 3441 Filio
843 3401 1125 3456 apparere,
1151 3403 1271 3441 utin.
1293 3388 1374 3441 vis
1421 3400 1521 3453 pro
1549 3383 1872 3438 exsistctitia
1926 3382 2164 3453 Spiritus

584 3493 850 3548 accipere,
885 3481 977 3534 sed
1016 3494 1114 3548 pro
1151 3479 1297 3532 illius
1327 3474 1787 3539 iiianil'estatioue,
1809 3484 1865 3527 et
1892 3473 2161 3528 donorum

589 3569 737 3623 illius
770 3570 1177 3632 distributione,
1213 3580 1269 3622 at
1302 3582 1370 3621 ex
1400 3566 1523 3618 aliis
1554 3563 1776 3618 Patrum
1802 3564 1985 3628 dictis,
2029 3561 2162 3633 quid

583 3661 689 3715 lioc
720 3661 865 3715 vocis
896 3670 1232 3721 insinuatur,
1268 3672 1299 3711 a
1340 3665 1393 3710 te
1418 3654 1810 3725 expiscaiiduiii
1837 3664 1939 3719 est,
1972 3664 2028 3708 et
2055 3670 2163 3709 non

584 3761 788 3806 temere
817 3754 1029 3807 veritati
1060 3751 1472 3806 ludiﬁeaiidtriii.
1508 3749 1705 3803 Statim
1732 3750 1877 3803 enim
1929 3762 2163 3818 magnus

582 3841 818 3897 Basilius
843 3844 1009 3895 tradit
1059 3844 1127 3896 de
1194 3842 1400 3910 Spiritu
1450 3858 1464 3895 :
1511 3858 1530 3892 ι
1586 3842 1932 3911 Sempiterne
1977 3841 2165 3895 omnia

582 3934 762 4004 ipsum
806 3936 1108 4004 possidere,
1162 3935 1331 3988 veluti
1368 3932 1632 4003 Spiritum
1674 3933 1801 4000 Dei,
1841 3945 1896 3989 et
1936 3949 2004 3988 ex
2046 3935 2165 4004 ipso

581 4038 953 4096 apparentem.
978 4047 995 4077 ι
1019 4027 1083 4080 Et
1101 4029 1539 4094 sapientissimus
1557 4026 1792 4095 Cyrillus
1813 4025 1880 4081 de
1907 4024 2127 4080 Christo
2146 4042 2162 4057 θ

590 4136 610 4169 ι
643 4119 807 4173 Deum
840 4118 1194 4173 mediatorem
1230 4120 1535 4183 hominum,
1578 4128 1635 4171 ut
1695 4119 1998 4187 Scriptum
2051 4127 2166 4171 tra-

582 4208 737 4273 duiit,
770 4209 1022 4276 componi
1055 4207 1314 4274 dicimus,
1347 4218 1461 4261 tum
1498 4222 1565 4261 ex
1606 4223 1790 4264 nostra
1826 4207 2162 4261 humanitate

582 4301 818 4369 perfecte
852 4316 909 4354 se
947 4302 1201 4365 habente,
1231 4304 1531 4355 seciindum
1558 4302 1836 4369 propriam
1870 4300 2164 4365 rationem,

587 4401 701 4443 tuin
729 4406 792 4445 es
820 4406 907 4457 eo,
943 4390 1035 4458 qui
1080 4398 1349 4459 apparuit,
1384 4388 1496 4444 Deo
1542 4389 1847 4444 secundum
1909 4397 2160 4441 naturam

582 4479 743 4545 Filio,
781 4486 884 4536 lioc
916 4490 1000 4536 est
1048 4480 1359 4551 Uiiigenito.
1398 4498 1419 4532 ι
1460 4481 1589 4534 Item
1645 4495 1660 4534 :

585 4570 822 4642 Spiritus
842 4572 986 4633 Filii,
1017 4588 1127 4627 non
1156 4574 1510 4627 solummodo
1543 4587 1646 4642 qua
1685 4571 1920 4626 Verbum
1965 4581 2067 4637 est,
2108 4581 2164 4626 et

585 4679 651 4719 ex
677 4665 837 4719 Patre
870 4668 1143 4734 apparuit,
1163 4668 1259 4719 sed
1291 4681 1395 4734 qua
1420 4665 1919 4735 etianiintelligitur
1943 4681 1973 4720 a
2005 4667 2164 4721 nobis

587 4757 753 4811 homo
808 4757 1006 4812 iactus.
1039 4759 1387 4813 Manifestum
1445 4759 1627 4829 itaque
1680 4769 1802 4823 est,
1837 4759 2007 4814 Deum
2044 4772 2167 4813 esse

586 4850 977 4918 Spiritum,qui
1006 4866 1072 4904 ex
1105 4865 1171 4905 eo
1207 4852 1427 4920 proprio
1456 4851 1720 4920 possidet,
1755 4860 1810 4907 et
1844 4851 2167 4905 naturaliter

591 4947 651 4991 ut
680 4941 823 4995 Deus
850 4956 864 4993 :
903 4941 1128 5010 reliqua:
1162 4957 1290 4996 vero
1322 4955 1593 4997 creatura:
1626 4944 1797 5011 magis
1846 4941 2164 5010 improprie,

586 5044 844 5103 tanquam
872 5051 994 5104 quae
1020 5051 1085 5088 ex
1127 5035 1383 5090 Creatore
1425 5043 1587 5104 atque
1611 5031 1818 5103 Opitice
1859 5034 2165 5101 possrdent,

584 5136 640 5180 et
677 5142 742 5180 ex
772 5142 838 5181 eo
857 5129 1143 5182 dicuntur.
1173 5146 1192 5179 ι
1232 5126 1420 5181 Diiina
1479 5129 1662 5196 itaque
1714 5114 1995 5193 Scriptura
2029 5127 2167 5179 adeo

583 5229 770 5287 aperte
802 5232 856 5272 et
883 5222 949 5272 de
981 5218 1116 5273 Filio
1143 5232 1395 5286 apparere
1432 5218 1622 5281 verbo,
1673 5216 1793 5270 loco
1831 5215 1979 5268 illius
2033 5230 2164 5279 esse,

588 5322 932 5381 acceptante,
961 5326 1060 5365 iiec
1102 5328 1210 5365 non
1252 5313 1322 5367 de
1378 5311 1637 5389 Spiritu“
1665 5318 2064 5379 proptereaque
2101 5308 2168 5359 de

589 5403 829 5473 Spiritus
896 5405 1220 5457 cxsistentia
1284 5419 1393 5458 uno
1432 5407 1778 5470 'eodenique
1855 5401 2165 5468 sigiiilicatu

587 5510 864 5563 apparere,
889 5504 942 5547 et
962 5493 1610 5564 proccdereeiiniitiaiite,
1664 5502 1814 5545 recte
1862 5493 2080 5559 quidem
2136 5504 2168 5542 ει

587 5584 747 5636 nobis
787 5599 949 5654 supra
983 5588 1252 5653 prolatum
1287 5596 1392 5649 est,
1423 5599 1489 5638 ex
1537 5584 1655 5638 solo
1683 5581 1845 5637 Patre
1871 5583 2167 5646 exsistens,

589 5672 636 5725 si
666 5679 965 5729 Secundum
990 5678 1396 5729 distinctionem
1425 5690 1454 5727 a
1485 5671 1648 5736 Filio,
1668 5688 1730 5728 ex
1758 5675 1878 5729 solo
1909 5689 1975 5729 eo
1998 5682 2168 5737 esset,

591 5779 870 5835 nunquam
898 5768 1278 5838 appositurum
1305 5765 1507 5836 fuisse;
1541 5782 1664 5822 cum
1732 5766 1855 5822 Filii
1911 5784 1942 5823 a
2001 5765 2168 5823 Patre

2258 1914 2479 1986 νοηθείη
2535 1915 2597 1965 τὸ
2656 1932 2674 1965 ι
2737 1915 2803 1966 ἐκ
2859 1912 3024 1984 μόνου
3079 1911 3175 1964 τοῦ
3236 1913 3453 1983 Πατρος
3490 1931 3510 1962 ι
3582 1913 3767 1981 λέγων
3823 1916 3851 1967 ό

2258 2006 2435 2076 ἅγιος,
2467 2024 2485 2057 t
2523 2005 2598 2068 ὡς
2637 2007 2665 2058 ό
2698 2006 2807 2058 ἀπὸ
2844 2006 3114 2076 στόματος
3144 2003 3239 2058 τοῦ
3284 2006 3499 2076 Πατρός
3546 2006 3852 2077 ἐκπορεύε-

2262 2097 2388 2151 σθαι
2420 2096 2596 2164 λέγων
2629 2097 2690 2149 τὸ
2719 2095 2948 2165 Πνεῦμα
2974 2112 2989 2163 ;

2331 2188 2417 2259 ιβ’.
2455 2189 2518 2242 El
2547 2189 2603 2241 δὲ
2633 2189 2729 2242 καὶ
2752 2187 2812 2242 τὸ
2834 2188 3061 2256 ἔγγιστα
3088 2187 3429 2257 επαγόμενον
3454 2186 3850 2259 ακριϐἑστερόν

2260 2298 2380 2344 πως
2409 2282 2795 2351 κατανοήσεις,
2841 2280 2939 2333 καὶ
2982 2279 3236 2334 ἐντεῦθεν
3266 2278 3529 2345 δέξασθαι
3573 2279 3723 2350 ἔχεις
3752 2279 3852 2351 τὴν

2260 2375 2492 2442 ἔννοιαν,
2539 2373 2660 2427 καθ’
2696 2375 2763 2445 ἢν
2814 2375 2977 2444 ἡμεῖς
3034 2390 3219 2443 φαμεν
3264 2378 3368 2442 τὴν
3417 2374 3483 2426 ὲκ
3536 2375 3701 2442 μόνου
3754 2371 3851 2426 τοῦ

2265 2467 2479 2538 Πατρός
2511 2466 2718 2538 φωνὴν,
2751 2467 2827 2539 μὴ
2861 2468 2996 2537 πρὸς
3037 2469 3137 2536 τὴν
3157 2466 3254 2519 τοῦ
3292 2465 3421 2519 Υίοῦ
3453 2466 3708 2537 εἰρῆσθαι
3737 2465 3856 2518 δια·-

2263 2562 2482 2631 στολήν.
2516 2559 2671 2614 Μετὰ
2720 2561 2829 2628 γὰρ
2872 2559 2935 2612 τὸ
2985 2560 3182 2623 εἰπεῖν,
3232 2557 3353 2611 ἀλλ’
3401 2557 3851 2628 ἐκπορευομένῳ,

2262 2656 2515 2723 καθάπερ
2542 2653 2783 2722 εἴρηται,
2819 2655 2885 2705 ὲκ
2931 2651 3095 2721 μόνου
3128 2650 3223 2704 τοῦ
3272 2651 3508 2721 Πατρὸς,
3550 2668 3570 2701 ι
3618 2650 3695 2714 ὡς
3742 2650 3854 2702 ἀπὸ

2264 2744 2556 2812 στόματος,
2623 2744 2843 2811 ἐπάγει,
2883 2761 2902 2794 t
2948 2744 3218 2812 πεφηνότι
3275 2741 3330 2795 δὲ
3385 2740 3456 2796 δι’
3504 2739 3659 2794 Υἱοῦ.
3696 2759 3716 2793 ι
3781 2741 3855 2793 Th

2263 2834 2397 2906 γοῦν
2421 2838 2483 2889 ἐκ
2510 2836 2673 2906 μόνου
2695 2836 2789 2889 τοῦ
2811 2836 3019 2907 Πατρδς
3044 2836 3317 2906 ὑπάρχον,
3340 2837 3389 2888 εἰ
3416 2835 3562 2888 κατὰ
3583 2834 3681 2904 τὴν
3708 2833 3855 2902 πρὸς

2264 2931 2355 2985 τ’,ν
2385 2928 2515 2981 Υῑδν
2546 2928 2853 2999 διαστολὴν,
2881 2930 2946 2980 ἐκ
2991 2928 3154 2998 μόνου
3197 2925 3363 2980 αὐτοῦ
3398 2922 3487 2996 ἧν,
3522 2925 3622 2978 οὐκ
3653 2926 3718 2978 ἂν
3756 2940 3857 2977 πε-

2266 3022 2433 3092 φηνὸς
2463 3022 2532 3076 δι’
2555 3021 2686 3074 Υίοῦ
2709 3017 2800 3093 ἦν.
2840 3021 2905 3073 Ἠ
2933 3023 3044 3091 γάρ
3068 3019 3177 3073 ἀπὸ
3215 3020 3311 3072 τοῦ
3342 3020 3556 3086 Πατρ³ς
3592 3014 3856 3085 διαστολὴ

2267 3112 2363 3168 τοῦ
2400 3112 2530 3166 Υἱοῦ
2564 3114 2665 3167 οὐκ
2705 3112 2771 3166 ἄν
2809 3129 2938 3165 ποτε
2966 3110 3328 3182 παραδέξαιτο
3356 3111 3415 3161 ὲν
3441 3110 3508 3178 τῇ
3542 3110 3605 3159 ὲκ
3635 3106 3858 3171 Πατρὸς

2268 3203 2501 3275 ὑπάρξει
2525 3204 2620 3265 τοῦ
2645 3202 2965 3272 Πνεῦματος
2988 3203 3069 3267 τὸ,
3094 3201 3161 3255 δι’
3188 3200 3356 3253 Υἰοῦι-
3377 3199 3439 3253 El
3485 3198 3531 3253 δ’
3560 3199 3693 3260 ἴσως
3711 3198 3856 3249 κάν-

2264 3293 2462 3359 ταῦθα,
2495 3293 2571 3357 ὡς
2618 3294 2729 3363 ἔχω
2780 3291 2972 3363 μαθὼν
3012 3294 3077 3344 ὲκ
3108 3289 3321 3343 πολλῶν
3347 3289 3458 3343 τῶν
3487 3288 3598 3342 ἀπὸ
3635 3286 3857 3348 κοιλίας

2266 3389 2648 3457 ὲρευγομένων
2689 3387 2913 3457 σύμπαν
2943 3387 3006 3441 τὸ
3034 3389 3467 3457 παριστάμενον,
3512 3386 3573 3438 τὸ
3612 3381 3684 3436 δι’
3711 3381 3857 3436 Υἱοῦ

2270 3482 2571 3553 πεφηνέναι
2598 3479 2699 3532 οὐκ
2730 3481 2810 3542 είς
2836 3479 2936 3550 τὴν
2983 3478 3218 3550 ὓπαρξιν
3250 3477 3457 3539 ἐθέλεις
3483 3474 3860 3543 ἐκλαμϐάνειν

2264 3569 2361 3623 τοῦ
2393 3570 2736 3640 Πνεῦματος,
2769 3568 2883 3623 ἀλλ’
2931 3572 3012 3633 εἰς
3041 3570 3140 3639 τὴν
3181 3568 3348 3623 αὐτοῦ
3382 3567 3717 3638 φανέρωσιν,
3756 3568 3861 3619 καὶ

2265 3663 2368 3730 τὴν
2392 3664 2501 3716 τῶν
2536 3662 2706 3717 αὑτοῦ
2737 3663 3099 3733 χαρισμάτων
3123 3661 3411 3730 διανομὴν,
3441 3659 3559 3714 ἀλλ’
3580 3659 3638 3726 ἐξ
3672 3658 3861 3713 ἄλλων

2268 3753 2484 3825 ῥήσεων
2509 3752 2798 3822 π-τρικῶν
2825 3752 2928 3823 τὴν
2956 3752 3233 3821 σημασίαν
3284 3750 3366 3803 δεῖ
3411 3767 3470 3803 σε
3523 3766 3863 3819 κατανενοη-

2266 3844 2423 3895 κέναι
2453 3842 2552 3913 τῆς
2581 3842 2805 3909 λέξεως,
2834 3843 2931 3896 καὶ
2977 3841 3053 3914 μὴ
3082 3842 3182 3911 τῆς
3211 3840 3475 3912 ἀληθείας
3502 3841 3859 3912 ἐπηρεαστὴυ
3916 3830 3921 3833 ’

2268 3935 2673 4005 καθεστηκέναι
2718 3936 2997 4005 διακενῆς.
3035 3935 3243 3988 Αὐτίκα
3275 3937 3385 4005 γὰρ
3416 3933 3445 3985 ό
3487 3938 3658 4003 μέγας
3688 3933 3861 3988 Βασί-

2266 4023 2410 4089 λειος
2440 4026 2591 4094 λέγει
2649 4028 2782 4095 περὶ
2824 4023 2918 4080 τοῦ
2967 4025 3309 4095 Πνεύματος,
3350 4044 3369 4077 ι
3427 4024 3638 4083 Ἀῖδίως
3670 4024 3859 4078 πάντα

2267 4116 2414 4186 ἔχειν
2445 4117 2603 4182 αὐτὸ,
2639 4117 2713 4180 ὡς
2750 4116 2977 4185 Πνεῦμα
3024 4118 3181 4178 Θεοῦ,
3221 4117 3315 4171 καὶ
3360 4117 3419 4181 ἐξ
3464 4115 3628 4169 αὐτοῦ
3676 4131 3861 4183 πεφη-

2268 4210 2379 4273 νός.
2419 4229 2437 4261 ι
2489 4209 2552 4263 '0
2588 4210 2644 4263 δὲ
2665 4211 2977 4280 σοφώτατος
3010 4210 3279 4280 Κύριλλος
3311 4209 3557 4278 περὶτοῦ
3583 4208 3857 4278 Χριστοῦ,

2268 4297 2374 4373 Τργ
2415 4297 2551 4351 Θεὸν
2587 4300 2815 4370 μεσίτην
2847 4303 2943 4353 καὶ
2972 4299 3276 4371 ἀνθρώπων
3308 4302 3451 4353 κατὰ
3478 4302 3579 4363 τὰς
3626 4299 3860 4368 Γραφὰς

2271 4390 2597 4457 συγκεῖσθαι
2620 4407 2820 4461 φαμεν,
2847 4393 2908 4448 ἐκ
2927 4408 2987 4446 τε
3008 4393 3109 4461 τῆς
3141 4391 3261 4445 καθ’
3278 4394 3416 4463 ἡμᾶς
3433 4385 3861 4460 ἀνθρωπότητος

1715 4497 1734 4531 ι
1770 4481 2034 4549 Proprius
2081 4493 2161 4535 est

2271 4483 2496 4545 τελείως
2544 4487 2777 4553 εχούσης
2813 4484 2959 4537 κατὰ
2985 4485 3080 4539 τὸν
3111 4484 3242 4536 ἰδιον
3267 4482 3447 4551 λόγον,
3498 4485 3594 4536 καὶ
3646 4484 3712 4536 ὲκ
3760 4482 3859 4536 τοῦ

2275 4574 2583 4645 πεφηνότος
2616 4579 2681 4627 ὲκ
2727 4575 2822 4628 τοῦ
2851 4574 2988 4628 Θεοῦ
3029 4575 3173 4629 κατὰ
3221 4574 3384 4641 φύσιν
3420 4574 3572 4639 Υίοῦ,
3606 4574 3860 4627 τουτέστι

2274 4667 2369 4720 τοῦ
2405 4666 2765 4736 Μονογενοῦς.
2806 4686 2826 4720 ι
2859 4669 2969 4721 Καὶ
3000 4669 3165 4721 πάλιν
3201 4687 3221 4720 ι
3259 4669 3423 4722 ἰδιόν
3454 4673 3569 4721 ἐστι
3592 4667 3655 4719 τὸ
3687 4664 3863 4719 Πνεῦ-

2279 4776 2356 4830 μα
2388 4761 2483 4813 τοῦ
2503 4759 2661 4825 Υἱοῦ,
2687 4758 2748 4812 οὗ
2793 4762 2969 4829 τοίπω
2997 4761 3161 4830 μόνον
3186 4756 3220 4836 ᾖ
3247 4761 3405 4828 λόγος
3430 4759 3548 4812 ἐστὶ
3592 4754 3862 4825 πεφηνὼς

2274 4852 2340 4902 ἐκ
2382 4851 2617 4920 Πατρὸς,
2645 4846 2823 4925 άλλ’ᾖ
2869 4856 2965 4906 καὶ
3014 4855 3188 4906 νοοῖτο
3223 4852 3346 4907 καθ’
3390 4854 3537 4924 ἡμᾶς
3570 4849 3863 4920 ἄνθρωπος

2274 4944 2519 5013 γεγονὼς
2550 4986 2567 5012 ,
2637 4948 2907 5016 πρόδηλον
2963 4947 3281 5018 δήπουθεν,
3332 4945 3406 5009 ὡς
3454 4945 3588 5008 Θεὸς
3643 4945 3746 5014 μὲν
3797 4944 3864 4997 τὺ

2274 5038 2523 5107 Πνεῦμα,
2556 5038 2617 5091 τὸ
2639 5037 2701 5103 ἐξ
2725 5032 2790 5092 οῦ
2824 5042 3028 5109 κυρίως
3058 5040 3180 5110 ἔχον
3212 5041 3303 5092 καὶ
3331 5037 3579 5109 φυσικῶς
3606 5040 3678 5099 ὡς
3701 5035 3861 5098 Θεός.

2276 5128 2359 5183 Τὰ
2418 5130 2631 5185 sane
2674 5134 2957 5203 ποιήματα
3015 5134 3606 5202 καταχρηστικώτερον
3661 5129 3739 5192 ὡς
3794 5131 3863 5181 ἑκ

2277 5223 2527 5293 ποιητοῦ,
2547 5224 2646 5277 καὶ
2671 5225 3007 5295 δημιουργοῦ
3036 5229 3335 5296 πεφηνότα,
3362 5227 3419 5292 ἐξ
3444 5221 3504 5279 οῦ
3526 5223 3857 5294 λεγόμενα.»

2277 5314 2391 5383 Τῆς
2424 5317 2558 5383 γοῦν
2590 5316 2736 5379 θείας
2772 5318 2993 5387 Γραφῆς
3026 5317 3171 5371 οὕτω
3199 5319 3455 5388 φανερῶς
3496 5317 3590 5368 καὶ
3619 5316 3715 5367 ἐπὶ
3764 5314 3861 5368 τοῦ

2275 5405 2406 5458 Υίοῦ
2439 5407 2559 5458 ἀντὶ
2592 5407 2687 5459 τοῦ
2737 5408 3039 5479 ὑπάρχειν
3092 5407 3479 5476 λαμϐανούσης
3500 5406 3563 5460 τὸ
3605 5424 3628 5459 ι
3670 5421 3867 5475 πεφη-

2275 5495 2465 5555 νέναι.
2498 5515 2517 5546 ι
2557 5497 2651 5548 καὶ
2684 5499 2776 5548 ἐπὶ
2807 5498 2899 5548 τοῦ
2925 5498 3266 5564 Πνεύματος,
3295 5499 3388 5549 καὶ
3414 5493 3556 5549 κατὰ
3577 5493 3739 5547 τοῦτο
3767 5496 3865 5547 ἐπὶ

2275 5588 2375 5655 τῆς
2405 5588 2501 5641 τοῦ
2538 5588 2855 5658 Πνεύματος
2887 5590 3175 5660 ὑπάρξεως
3201 5589 3560 5659 ταυτιζούσης
3582 5589 3643 5641 τὸ
3665 5601 3829 5657 arqu
3847 5615 3865 5628 -

2274 5678 2445 5734 rérai
2476 5682 2570 5733 καὶ
2608 5679 3045 5748 ἐκπορεύεσθαι
3079 5680 3257 5743 καλῶς
3286 5684 3446 5751 ἡμεῖς
3492 5684 3748 5752 ἀνωτέρω
3777 5696 3860 5733 σοι

2278 5773 2493 5843 ἔφημεν
2540 5773 2603 5825 τὸ
2637 5774 2701 5826 ἐκ
2742 5774 2907 5842 μόνου
2940 5773 3035 5827 τοῦ
3067 5774 3279 5842 Harpe;
3311 5774 3580 5844 ὑπάρχον,
3630 5775 3680 5827 εἰ
3719 5774 3862 5827 κατὰ
