4054 6410
223 330 317 394 261

1263 335 1361 395 DE
1399 296 1930 397 PROCESSICNE
1962 339 2023 398 s.
2068 341 2457 406 smmrus.

3402 347 3509 409 5262

220 445 323 511 τὴν
375 438 515 511 πρὸς
573 438 669 494 τὸν
702 438 833 495 Υίον
874 439 1184 512 διαστολὴν,
1230 442 1296 495 ἐκ
1333 443 1498 513 μόνου
1541 444 1707 497 αὑτοῦ
1736 441 1817 515 ἦν,

1933 448 2216 504 distinctio
2241 467 2507 522 nusquam
2548 454 2601 508 in
2635 454 2961 510 cxsistcutia
2988 455 3226 528 Spiritus
3258 472 3323 513 ex
3346 456 3508 514 Patre

219 536 324 588 οῦκ
356 524 581 589 ἇιῖποτε
608 533 681 587 δι’
710 534 843 588 Υἱοῦ
891 535 1132 605 πεφηνὸς
1172 531 1263 604 ἦν,
1308 537 1385 600 ὡς
1421 536 1519 605 τῆς
1555 536 1650 590 τοῦ
1687 536 1819 591 Υίοῦ

1933 539 2063 594 illud
2100 558 2193 610 per
2223 544 2420 598 Filium
2452 547 2773 602 admisisset

218 627 515 699 διαστολῆς
546 629 659 684 ἀπὸ
706 628 802 683 τοῦ
842 628 1081 700 Πατρδς,
1134 627 1236 682 οὐκ
1259 630 1325 683 ἄν
1358 646 1489 683 ποτε
1524 630 1973 702 παραδεξομένης
2017 635 2073 687 ὲν
2113 638 2177 705 τῇ
2235 637 2299 689 ἐκ
2367 638 2578 710 Harpe;
2609 640 2876 711 ὑπάρξειν
2941 641 3038 696 τοῦ
3096 642 3419 714 Πνεὺματος
3448 644 3509 697 τὸ

217 719 290 774 δι’
324 718 479 774 nos.

297 809 393 880 ιγ’.
426 813 499 864 Σὺ
529 809 683 881 γοῦν,
716 811 817 875 τὰς
862 812 1083 883 ἀληθεῖς
1105 813 1331 877 ταύτας,
1359 813 1453 866 καὶ
1490 819 1655 867 παντὶ
1690 812 1823 883 ψεύ-

215 904 303 957 δει
335 907 822 969 ἁνεπισκιὰστους,
859 905 1066 967 ἑννοίας
1116 905 1426 975 δεχόμενος,
1459 906 1651 976 μηδενὶ
1675 905 1818 958 δίδου

220 996 294 1049 τὰ
315 989 436 1049 ὦτα
469 997 579 1048 τῶν
610 996 848 1062 οἴκοθεν,
880 997 976 1049 καὶ
1002 997 1077 1067 μὴ
1115 997 1222 1049 ἀπὸ
1252 998 1505 1066 χρήσεων
1532 995 1820 1066 γραφικῶν

223 1084 324 1155 τὴν
352 1084 445 1137 διὰ
472 1083 568 1137 τοῦ
599 1081 732 1136 Υἱοῦ
762 1086 829 1137 ὲκ
855 1082 950 1137 τοῦ
986 1084 1200 1157 Πατρὸς
1237 1086 1569 1155 εκπόρευσιν
1594 1085 1823 1153 ἐξηγου-

226 1177 408 1246 μένων
436 1175 532 1228 τοῦ
548 1175 1001 1245 Πνεύματος,τῶν
1019 1175 1118 1244 μὲν
1140 1178 1375 1246 σχέσεως
1403 1171 1544 1230 εἶναι
1558 1193 1823 1248 σημαντι-

223 1269 330 1338 κὴν
359 1267 463 1338 τὴν
496 1268 683 1338 φωνὴν
723 1268 1167 1336 διατεινομένων,
1198 1270 1305 1324 τῶν
1327 1269 1387 1324 δὲ
1409 1270 1502 1323 τοῦ
1532 1270 1672 1340 ἅμα,
1700 1270 1820 1325 ἔστι

221 1361 276 1415 δὲ
294 1353 374 1413 ὧν
402 1363 497 1414 καὶ
519 1360 654 1414 ἀντὶ
680 1359 779 1429 τῆς
798 1361 973 1429 μετὰ,
1004 1362 1104 1432 τὴν
1128 1362 1216 1414 διὰ
1252 1363 1511 1431 πρόθεσιν
1539 1362 1807 1431 λεγόντων

224 1452 612 1510 νοείσθαι.⁷Ων
656 1458 690 1525 ἠ
716 1457 963 1509 ἀναίδεια
1007 1459 1151 1511 κατὰ
1186 1457 1277 1510 τοῦ
1314 1459 1552 1528 μεγάλου
1598 1475 1818 1530 προχω-

232 1551 316 1617 ρεῖ
359 1548 674 1613 Βασιλείου,
706 1549 800 1600 πο)
815 1550 877 1601 iw
913 1549 1123 1601 ἐκείνου
1156 1550 1490 1619 ποιουμένου
1522 1551 1616 1604 τὸν
1659 1552 1819 1619 λόγον

232 1642 311 1702 εἰς
339 1640 401 1692 τὸ
440 1641 815 1710 παραστῆσαι,
854 1641 929 1704 ὠς
964 1644 996 1711 ἡ
1028 1642 1118 1694 διὰ
1147 1643 1408 1711 πρόθεσις
1441 1645 1497 1696 ἐν
1541 1647 1663 1705 ταῖς
1698 1645 1818 1698 θεο-

235 1731 481 1798 λογικαῖς
524 1736 731 1800 φωναῖς
759 1735 825 1802 τῇ
874 1733 945 1785 ἐκ
996 1733 1253 1803 προθέσει
1294 1736 1485 1788 εἴωθεν
1516 1738 1823 1807 ἁντεπιχω-

2003 813 2093 868 15.
2136 812 2216 867 Tu
2266 814 2437 884 igitur
2470 831 2629 873 veras
2683 824 2845 874 hasce
2907 822 3155 890 nulnque
3225 826 3509 881 mendacio

1927 901 2217 958 obvolutas
2270 907 2570 963 sententias
2600 910 2906 978 amplexus,
2948 915 3152 966 nemini
3198 930 3359 970 aures
3410 918 3506 970 ad-

1919 1004 2124 1061 vertas,
2176 997 2267 1065 qui
2306 1012 2371 1051 ex
2437 1001 2700 1068 propriis,
2746 1011 2801 1057 et
2861 1019 2968 1058 non
3022 1007 3229 1075 scripto
3292 1008 3509 1064 traditis

1920 1086 2361 1151 auctoritatibus,
2395 1103 2491 1157 per
2523 1088 2725 1145 Filium
2779 1109 2845 1148 ex
2883 1093 3046 1150 Patre
3099 1099 3506 1164 processionem

1919 1175 2368 1246 interpretantur,
2399 1187 2455 1233 et
2478 1197 2669 1236 eorum
2705 1185 2901 1253 partim
2949 1201 3134 1241 vocem
3180 1192 3506 1244 relationem

1917 1267 2180 1323 denotare
2210 1276 2567 1336 contendunt,
2603 1277 2800 1344 partim
2833 1279 3030 1342 simul;
3066 1284 3313 1335 nonnulli
3342 1285 3507 1337 etiam

1918 1359 2043 1414 loco
2068 1376 2188 1415 cum
2219 1366 2651 1433 propositionem
2675 1385 2768 1435 per
2792 1371 3020 1441 intelligi
3055 1383 3328 1429 astrnunt.
3359 1374 3509 1441 Quo-

1924 1467 2046 1507 rum
2072 1455 2232 1524 plane
2262 1456 2599 1525 impudentia
2619 1463 2884 1517 adversus
2931 1480 3187 1533 magnum
3237 1464 3508 1521 Basiliam

1924 1544 2319 1611 debacchatur,
2345 1551 2435 1619 qui
2470 1553 2675 1620 prolixa
2715 1555 2967 1609 oratione
3005 1559 3235 1625 probare
3297 1560 3505 1621 studet,

1922 1652 2017 1704 per
2048 1644 2473 1709 propositionem
2495 1647 2546 1696 in
2573 1645 2893 1715 theologicis
2917 1648 3099 1715 dictis,
3129 1652 3414 1705 locoillius
3439 1666 3506 1706 ea:

1927 1731 2181 1798 usurpari
2247 1747 2626 1802 saepenumero
2690 1739 2891 1792 solere.
2928 1738 2990 1793 Et
3044 1744 3223 1810 magni
3281 1744 3507 1812 quidem

249 1824 591 1890 ptdCstv.Ka't
634 1825 717 1877 ὄτι
744 1825 842 1895 μὲν
872 1825 933 1877 τὸ
958 1826 1050 1880 τοῦ
1079 1827 1318 1896 μεγάλου
1356 1828 1639 1882 Βασ.λείου
1675 1829 1817 1893 ἀξιό-

1925 1820 2112 1875 Basilii
2167 1828 2552 1880 auctoritatem
2599 1828 3034 1901 dignitatemque
3086 1843 3274 1902 aperte
3315 1849 3505 1889 eorum

243 1930 432 1967 πιστον
456 1915 712 1986 πρόδηλον
741 1920 979 1970 ποιεῖται
1001 1919 1094 1971 τὸν
1113 1920 1334 1989 ἔλεγχον
1356 1920 1464 1972 τῶν
1496 1920 1816 1990 ἐπισφαλῶς

232 2006 500 2073 λεγόντων
527 2009 596 2061 τὰ
643 2011 776 2081 περὶ
827 2011 928 2078 τῆς
973 2008 1070 2063 διὰ
1101 2011 1432 2083 προθέσεως,
1493 2015 1573 2076 είς
1619 2014 1716 2083 τὴν
1750 2013 1819 2067 δι’

231 2097 367 2151 Υίοῦ
434 2101 530 2152 τοῦ
590 2102 909 2171 Πνεύματος
964 2101 1221 2174 ὓπαρξιν,
1279 2104 1440 2157 παντί
1477 2118 1590 2158 ’που
1635 2106 1816 2175 δῆλον.

228 2192 398 2245 Ἔστι
433 2191 491 2245 δὲ
527 2194 625 2246 καὶ
664 2195 775 2246 ἀπό
806 2211 956 2258 τινος
987 2196 1200 2265 ρήσεως
1236 2195 1331 2248 τοῦ
1370 2197 1481 2248 τῶν
1524 2196 1820 2251 Νυσσαέων

225 2286 526 2357 φωστῆρος
574 2285 835 2339 ἐπιπλέον
876 2287 1203 2357 ἐλεγχθῆναι
1251 2288 1458 2349 αὑτοῖς.
1494 2284 1661 2351 Οὗτος
1708 2290 1818 2360 γὰρ

220 2379 278 2431 ἐν
308 2376 397 2443 τῷ
426 2377 631 2446 πρώτῳ
662 2377 774 2430 τῶν
823 2379 1259 2450 Ἀντιρρητικῶν
1302 2380 1432 2435 τάδε
1486 2379 1637 2449 λέγει
1689 2382 1820 2449 περὶ

223 2471 316 2523 τοῦ
348 2470 697 2537 Πνεῦματος.
747 2488 765 2521 ι
792 2470 882 2541 Τῷ
910 2472 1086 2541 ιιατρί
1109 2474 1252 2525 κατὰ
1282 2471 1341 2525 τὸ
1375 2471 1631 2525 ἄκτιστον
1654 2487 1818 2525 συναι

221 2564 527 2631 πτόμενον,
566 2563 732 2615 πάλιν
765 2562 933 2616 αὑτοῦ
957 2562 1038 2634 τῷ
1069 2563 1145 2633 μὴ
1173 2564 1365 2635 Πατὴρ
1400 2561 1539 2618 εἶναι
1566 2564 1817 2636 καθάπερ

215 2655 457 2718 ἐκεῖνος,
490 2654 901 2724 διαχωρίςεται.
928 2656 1006 2725 Τῇ
1042 2655 1099 2708 δὲ
1149 2657 1285 2727 πρὸς
1315 2658 1406 2710 τὸν
1432 2656 1562 2710 Υίδν
1589 2663 1730 2710 κατὰ
1757 2639 1820 2710 τὸ

215 2746 489 2800 ἄκτισιον
515 2749 808 2816 συνιψείᾳ,
845 2749 937 2801 καὶ
968 2751 1027 2800 ὲν
1053 2747 1131 2818 τῷ
1165 2750 1266 2817 τὴν
1298 2749 1479 2802 αἰτίαν
1508 2748 1609 2818 τῆς
1640 2747 1820 2818 ὑπάρ-

218 2838 361 2904 ξεως
392 2840 463 2890 ὲκ
487 2838 585 2892 τοῦ
622 2837 756 2892 Θεοῦ
788 2841 898 2892 τῶν
927 2839 1065 2893 ὅλων
1100 2840 1269 2909 ἔχειν,
1298 2841 1597 2910 ἀφίσταται
1653 2840 1819 2895 πάλιν

209 2929 296 2999 τιξι
330 2930 623 2994 ἰδιάζοντι,
659 2932 717 2983 έν
748 2931 827 3002 τῷ
862 2933 1001 3000 μήτε
1041 2932 1352 3002 μονογενῶς
1391 2935 1456 2985 ὲκ
1482 2931 1577 2984 τοῦ
1604 2932 1820 3002 Πατρὸς

210 3018 560 3087 ὑποστῆναι,
588 3018 684 3071 καὶ⁷
713 3024 770 3073 ἐν
808 3022 886 3089 τῷ
914 3019 982 3073 δι’
1004 3021 1169 3074 αὑτοῦ
1196 3019 1292 3074 τοῦ
1324 3020 1456 3074 Υίοῦ
1491 3020 1816 3091 πεφηνέναι.

215 3106 402 3165 Πάλιν
438 3112 499 3165 δὲ
531 3110 633 3180 τῆς
673 3111 904 3174 κτίσεως
937 3111 1027 3164 διὰ
1065 3110 1160 3165 τοῦ
1189 3111 1528 3179 Μονογενοῦς
1571 3113 1816 3167 ὑποστά-

214 3218 345 3271 σης,
371 3201 451 3263 ὡς
485 3200 557 3254 ἂν
590 3200 670 3272 μὴ
719 3194 1011 3272 κοινότητά
1039 3221 1164 3259 τινα
1210 3209 1271 3257 τὸ
1311 3205 1537 3273 Πνεῦμα
1586 3206 1815 3277 νομισθῇ

213 3294 362 3363 πρὸς
409 3293 624 3360 ταύτην
654 3292 823 3361 ἔχειν,
852 3293 937 3363 .τῷ
967 3292 1057 3345 διὰ
1091 3293 1187 3349 τοῦ
1229 3292 1360 3346 Υίοῦ
1409 3297 1715 3365 πεφηνέναι
1759 3299 1819 3348 έν

211 3380 298 3452 τῷ
353 3381 625 3451 ἀτρέπτῳ
662 3384 756 3433 καὶ
790 3383 1186 3454 ἁναλλοιώτῳ,
1235 3390 1328 3438 καὶ
1375 3385 1669 3454 ἁπροσδεεῖ
1716 3385 1820 3457 τῆς

213 3472 499 3543 ἑτέρωθεν
542 3472 908 3542 ἁγαθότητος,
958 3473 1301 3544 διακρίνεται
1342 3475 1404 3529 τὸ
1451 3476 1680 3548 Πνεῦμα
1711 3479 1820 3531 ἀπὸ

214 3565 322 3635 τῆς
361 3564 624 3627 κτίσεως.
658 3565 862 3618 Σκόπει
903 3567 998 3619 καὶ
1036 3567 1137 3636 τὴν
1162 3565 1259 3618 τοῦ
1288 3567 1444 3634 ἁγίου
1474 3568 1672 3621 τούτου
1703 3567 1820 3623 διάη

217 3673 398 3722 νοιαν,
435 3658 593 3719 ὃπως
632 3655 700 3710 ἂν
733 3658 841 3710 ἀπὸ
879 3658 1054 3729 ψυχῆς
1081 3659 1370 3729 καταγνῴς
1393 3659 1499 3713 τῶν
1532 3662 1608 3731 μὴ
1639 3661 1815 3713 αἰδου-

230 3751 408 3819 μένων
438 3749 540 3813 τὰς
583 3750 815 3818 ἀλόγους
846 3751 1139 3821 ἐξηγήσεις
1168 3753 1247 3815 εἰς
1281 3754 1378 3821 τὴν
1423 3752 1513 3805 διὰ
1555 3752 1651 3804 τοῦ
1689 3751 1818 3806 Υιοῦ

231 3845 506 3898 ποιεῖσθαι
535 3849 748 3915 φωνην.
785 3861 806 3897 ι
858 3844 916 3897 '0
944 3846 1100 3912 ἅγιος
1127 3846 1222 3897 καὶ
1257 3844 1318 3897 τὸ
1350 3843 1575 3916 Πνεῦμα
1602 3847 1691 3899 διὰ
1718 3844 1817 3900 τεῦ

229 3936 357 3990 Υἰοῦ
390 3941 705 4007 πεφηνέναι
733 3937 890 4006 φησὶ,
923 3938 1019 3989 καὶ
1049 3934 1150 4007 τὴν
1183 3937 1365 3990 κτίσιν
1394 3937 1483 3990 διὰ
1509 3937 1603 3990 τοῦ
1635 3937 1819 3992 Μονο-

218 4030 418 4100 τενοῦς
482 4030 790 4100 ὑποστῆναι
823 4044 842 4063 ο
869 4024 987 4082 εῐτα
1022 4028 1111 4081 ἰνα
1141 4030 1220 4098 μὴ
1250 4029 1542 4099 κοινότητὰ
1584 4047 1708 4082 τινα
1755 4030 1818 4085 τὸ

220 4121 461 4192 Πνεῦμα
490 4123 729 4191 νομισθῇ
772 4121 910 4191 πρὸς
952 4119 1050 4190 τὴν
1088 4122 1268 4173 κτίσιν
1303 4121 1448 4190 ἒχειν
1476 4122 1539 4173 ἐκ
1573 4119 1692 4186 τοῦ,
1728 4120 1817 4175 διὰ

227 4214 357 4268 ιὶοῦ
395 4233 418 4266 ›
477 4217 574 4267 καὶ
622 4214 797 4284 αὐτὴν
852 4215 1182 4284 πεφηνέναι,
1237 4211 1339 4282 τὴν
1398 4214 1662 4285 διαφορὰν
1716 4216 1817 4286 τῆς

231 4309 631 4372 Ὑποστάσεως
662 4307 760 4363 τοῦ
800 4324 862 4362 τε
887 4307 1210 4378 Πνεύματος
1244 4306 1346 4376 τῆς
1373 4324 1431 4361 τε
1458 4309 1688 4371 κτίσεως
1709 4309 1822 4363 δια-

217 4402 513 4473 τρανῶσαι
553 4403 748 4467 θέλων,
778 4399 1180 4472 διακρίνεσθαι,
1216 4400 1322 4472 ἔφη
1356 4402 1418 4456 τὸ
1451 4402 1678 4471 Πνεῦμα
1704 4402 1816 4456 ἀπὸ

1923 1917 2248 1980 convellere,
2304 1919 2398 1986 qui
2453 1919 2597 1973 haud
2661 1932 2806 1976 recte
2871 1924 2938 1978 de
2988 1941 3083 1994 per
3129 1928 3508 1994 propositione

1922 2019 2205 2061 sermones
2238 2019 2565 2076 congerunt,
2595 2025 2800 2081 eosque
2833 2015 2902 2067 ad
2945 2017 3329 2071 exsiStentiam
3378 2016 3510 2086 Spi-

1919 2098 2073 2150 ritus’
2120 2112 2218 2166 per
2264 2096 2462 2153 Filium
2530 2106 2972 2168 accommodant,
3014 2109 3275 2162 omnibus
3328 2112 3510 2161 mani-

1921 2189 2119 2243 festum
2172 2200 2278 2245 est.
2364 2190 2633 2249 Praeterea
2714 2196 3030 2252 testimonio
3111 2197 3506 2270 Nyssaensinm

1920 2279 2151 2335 luminis
2194 2281 2467 2351 Gregorii.
2512 2285 2686 2353 magis
2728 2301 2791 2340 ac
2847 2289 3023 2357 magis
3080 2292 3506 2360 redarguantur.

1923 2368 2024 2425 Hic
2052 2374 2254 2429 etenim
2290 2375 2345 2427 in
2410 2375 2588 2443 primo
2615 2377 2879 2434 adversus
2937 2378 3272 2437 Eunomium
3320 2384 3510 2436 Antir-

1921 2462 2136 2517 rhetico
2175 2467 2240 2518 de
2271 2465 2479 2534 Spiritu
2513 2467 2630 2521 haec
2685 2469 2851 2523 habet
2892 2486 2907 2523 :
2943 2488 2963 2522 ι
2997 2472 3144 2526 Patri
3202 2475 3507 2527 secundum

1921 2554 2224 2608 increatum
2254 2557 2604 2626 cunjunctus,
2631 2575 2824 2615 rursus
2851 2562 2919 2615 ab
2945 2563 3135 2617 eodem
3169 2566 3313 2634 quod
3347 2565 3508 2619 Pater

1920 2662 2028 2701 non
2064 2656 2169 2710 est,
2197 2654 2660 2718 quemadmodum
2682 2663 2736 2707 et
2760 2653 2846 2707 ille
2872 2667 3157 2721 separatur
3186 2674 3199 2711 :
3224 2659 3289 2712 ad
3310 2656 3506 2711 Filium

1921 2753 2051 2793 vero
2092 2743 2395 2795 secundum
2452 2743 2758 2799 increatum
2815 2748 3222 2816 conjunctione,
3273 2757 3328 2802 et
3379 2763 3506 2804 cum

1921 2845 2147 2885 causam
2177 2835 2517 2890 exsistentia:
2539 2851 2604 2890 ex
2641 2852 2823 2891 rerum
2853 2841 3099 2893 omnium
3134 2839 3248 2894 Deo
3287 2842 3503 2897 haheat.

1923 2937 2118 2978 rursus
2146 2927 2479 2994 proprietate
2505 2928 2833 3001 sejungitur,
2866 2933 3009 3001 quod
3042 2947 3148 2987 non
3200 2942 3258 2986 ut
3307 2931 3510 3003 Unige-

1922 3016 2068 3069 uitus
2101 3029 2168 3067 ex
2201 3014 2364 3071 Patre
2385 3019 2653 3082 substitit,
2690 3030 2743 3073 et
2772 3023 2917 3091 quod
2974 3037 3069 3091 per
3093 3024 3274 3091 ipsum
3303 3021 3503 3077 Filium

1921 3107 2195 3175 apparuit.
2230 3108 2444 3163 Rursus
2473 3126 2599 3165 vero
2619 3127 2743 3165 cum
2773 3114 2980 3167 creatio
3016 3129 3111 3183 per
3149 3112 3505 3185 Uuigenitum

1923 3201 2259 3257 substitisset
2286 3217 2354 3256 ne
2379 3205 2826 3258 communionem
2857 3204 3096 3274 aliquam
3125 3222 3249 3260 cum
3285 3222 3346 3260 ea
3379 3207 3507 3276 Spi-

1925 3293 2062 3347 ritus
2096 3292 2299 3346 habere
2360 3294 2791 3361 existimaretur,
2842 3297 2988 3362 quod
3027 3312 3122 3364 per
3177 3295 3376 3351 Filium
3412 3313 3508 3369 ap-

1921 3394 2133 3454 pareat.
2159 3400 2210 3438 ιιι
2236 3388 2529 3453 constanti,
2564 3398 2726 3456 atque
2758 3388 3109 3451 immutabili,
3139 3401 3193 3443 et
3221 3390 3505 3456 bonitatis,

1922 3492 2046 3546 quae
2078 3472 2304 3533 alterius
2365 3481 2460 3544 sit,
2529 3480 2754 3533 minime
2814 3481 3114 3550 indigente,
3171 3481 3507 3538 discernitur

1918 3571 2157 3641 Spiritus
2221 3585 2250 3624 a
2284 3581 2559 3626 creatura.
2595 3590 2615 3624 ι
2650 3571 2951 3628 Considera
3011 3574 3239 3644 hujusce
3286 3589 3506 3645 quoque

1929 3664 2109 3719 sancti
2148 3665 2499 3729 sententiam,
2532 3672 2590 3717 ut
2640 3680 2709 3719 ex
2758 3665 2948 3719 animo
3010 3666 3503 3723 inverecundorum

1920 3754 2188 3810 absurdas
2218 3755 2715 3823 interpretationes,
2749 3771 2887 3823 quas
2922 3756 2998 3810 illi
3026 3759 3082 3811 in
3126 3772 3314 3813 vocem
3363 3777 3383 3811 ι
3409 3775 3506 3829 per

1918 3844 2115 3901 Filium
2149 3863 2169 3897 ι
2210 3854 2495 3915 aggerum,
2520 3845 2873 3903 condemnes.
2896 3849 3134 3903 Sanctus
3165 3862 3220 3904 et
3237 3849 3501 3920 Spiritum

1919 3952 2018 4008 per
2058 3935 2256 3990 Filium
2289 3951 2552 4006 apparere
2578 3938 2770 4002 tradit,
2792 3947 2846 3992 et
2876 3948 3158 3994 creaturas
3181 3955 3276 4010 per
3298 3942 3502 4014 Unige-

1920 4033 2095 4085 nitum
2132 4032 2453 4086 substitisse
2484 4046 2502 4084 :
2528 4035 2873 4099 postmodum
2900 4047 2968 4087 ne
2997 4033 3239 4104 Spiritus
3256 4050 3505 4090 continu-

1896 4123 2142 4176 'nionem
2166 4122 2403 4191 aliquam
2428 4121 2632 4177 habere
2650 4138 2774 4176 cum
2801 4135 3050 4179 creatura
3073 4127 3502 4195 existimaretur,

1921 4215 2067 4284 quod
2116 4231 2210 4285 per
2246 4213 2446 4268 Filium
2481 4224 2535 4269 et
2566 4217 2655 4270 illa
2686 4228 2977 4286 appareat,
3008 4218 3300 4274 discrimen
3335 4222 3506 4292 hypo-

1918 4308 2082 4362 stasis
2100 4317 2213 4361 tum
2235 4305 2491 4376 Spiritus,
2522 4316 2635 4360 tum
2658 4308 2956 4363 creationis
2971 4324 3242 4379 exponere
3256 4312 3503 4376 studens,

1918 4402 2182 4471 distingui
2203 4400 2703 4471 tradiditSpiritom
2719 4417 2748 4455 a
2767 4410 3019 4457 creatura
3034 4404 3087 4456 in
3104 4408 3403 4469 constanti,
3423 4414 3506 4458 at-

216 4498 319 4565 τῆς
358 4496 598 4557 κτίσεως
635 4496 695 4547 εν
741 4494 821 4565 τῷ
864 4496 1141 4565 ἀτρέπτῳ,
1177 4496 1272 4548 καὶ
1309 4494 1677 4566 ἀναλλοιὼτῳ,
1725 4496 1817 4549 καὶ

1925 4507 2033 4563 que
2056 4492 2385 4548 immutabili
2410 4500 2463 4547 et
2488 4491 2906 4563 bonitatis,quae
2920 4496 3147 4550 alterius
3168 4497 3261 4563 sit,
3282 4498 3509 4555 minime

218 4588 524 4660 ἀπροσδεεί
541 4587 640 4657 τῆς
670 4587 940 4659 ἑτέρωθεν
957 4586 1318 4658 ἁγαθότητος.
1344 4585 1419 4639 Τὸ
1436 4586 1566 4655 γοῦν
1594 4587 1818 4658 Πνεῦμα

221 4680 646 4751 διακρινόμενον
695 4680 806 4732 ἀπὸ
857 4678 960 4746 τῆς
1010 4679 1243 4742 κτίσεως
1296 4679 1355 4731 ὲν
1402 4678 1483 4749 τῷ
1547 4679 1818 4752 ἑτέρωθεν

229 4774 605 4842 ἀγαθότητος,
639 4770 757 4833 πῶς
803 4770 866 4824 οὐ
916 4770 1121 4841 μᾶλλον
1153 4768 1220 4823 ἂν
1250 4770 1555 4841 διεκρίνετο
1595 4787 1818 4843 προχει-

229 4867 464 4938 ρότερον
498 4864 596 4917 καὶ
622 4864 687 4916 ἐκ
722 4860 816 4918 τοῦ
854 4862 956 4933 τὴν
984 4863 1084 4916 διὰ
1127 4862 1220 4915 ἐπὶ
1247 4865 1346 4933 μὲν
1374 4863 1474 4934 τῆς
1505 4863 1601 4916 τοῦ
1643 4865 1816 4918 Ilvati-

222 4969 402 5023 ματος
471 4952 760 5023 ὑπάρξεως
818 4952 1203 5022 λαμϐάνεσθαι
1258 4954 1383 5008 ἀντὶ
1436 4953 1534 5006 τοῦ
1577 4952 1732 5024 ἅμα,
1781 4955 1814 5027 ἦ

216 5050 347 5102 αντὶ
396 5046 495 5100 τοῦ
531 5051 685 5116 μετὰ
726 5046 761 5117 ἢ
802 5047 885 5110 είς
916 5048 1155 5118 δήλωσιν
1201 5049 1464 5118 σχέσεως,
1494 5050 1588 5102 ἐπὶ
1624 5049 1681 5103 δὲ
1715 5049 1815 5121 τῆς

218 5141 463 5203 κτίσεως
498 5141 582 5202 εἰς
615 5140 785 5210 ἄλλην
848 5140 976 5192 τινὰ
1006 5139 1240 5209 δύναμιν
1271 5156 1288 5207 ;
1324 5142 1439 5194 Οὑκ
1471 5140 1590 5195 ἐστι
1633 5141 1814 5209 τοῦτο,

217 5236 318 5287 οὐκ
358 5234 537 5298 ἐστιν,
570 5232 688 5285 ἀλλ’
718 5233 836 5284 ἐστι
867 5231 925 5283 τὸ
958 5230 1057 5302 μὲν
1092 5232 1320 5303 Πνεῦμα
1362 5232 1430 5285 δι’
1472 5232 1604 5286 Υίοῦ
1661 5236 1816 5305 παρὰ

167 5342 177 5346 δ
224 5328 463 5398 Ιὶατρὸς,
517 5323 770 5392 φυσικῶς
819 5323 1079 5394 διαφέρον
1124 5327 1226 5393 τῆς
1257 5324 1514 5389 κτίσεως,
1547 5326 1627 5395 τῷ
1655 5326 1817 5396 ἀτρέ-

220 5438 359 5493 sup,
397 5421 497 5474 καὶ
532 5418 912 5484 ἁναλλοιώτῳ,
959 5418 1055 5470 καὶ
1085 5420 1384 5490 ἀπροσδεεῐ
1408 5411 1509 5492 τῆς
1543 5421 1816 5492 ἑτέρωθεν

218 5513 566 5583 ἀγαθότητοί
605 5511 721 5582 ἡδὲ
754 5510 935 5574 κτίσις
972 5511 1094 5564 εστι
1137 5510 1208 5562 δι’
1242 5510 1376 5564 nos
1410 5512 1566 5582 παρὰ
1598 5512 1814 5580 nam;

214 5605 658 5680 δημιουργικῶς,
684 5607 720 5677 ἡ
752 5607 951 5676 κτιστὴ
997 5606 1094 5658 καὶ
1132 5603 1320 5674 δούλη,
1365 5603 1674 5656 ἀποδέουσα
1716 5602 1812 5656 τοῦ

218 5706 491 5757 Δεσπότου
529 5702 627 5756 καὶ
679 5699 935 5768 ποιητοῦ,
970 5696 1049 5768 τῷ
1091 5684 1353 5768 τρεπτῷτ
1379 5698 1472 5752 καὶ
1510 5695 1808 5768 ἁλλοιωτῷ,

220 5798 311 5850 καὶ
342 5796 554 5851 ὲπιδεεί
592 5795 696 5865 τῆς
728 5793 794 5844 ἐκ
826 5790 963 5845 Θεοῦ
990 5790 1351 5863 ἀγαθόττιτος.

1926 4584 2235 4656 indigente.
2260 4584 2503 4655 Spiritus
2544 4587 2728 4656 itaque
2762 4586 3057 4660 distinctus
3098 4602 3129 4641 a
3160 4601 3412 4643 creatura
3448 4588 3505 4642 in

1930 4677 2212 4732 constanti
2238 4687 2403 4746 atque
2443 4678 2794 4741 immutabili,
2828 4689 2884 4734 et
2912 4678 3197 4745 bonitatis,
3230 4696 3353 4750 qua:
3376 4682 3510 4736 alte-

1924 4769 2040 4826 rius
2067 4770 2159 4834 sit,
2197 4772 2424 4824 minime
2445 4771 2745 4842 indigente,
2805 4776 3086 4842 quomodo
3141 4788 3252 4829 non
3324 4776 3507 4845 potius

1921 4858 2360 4929 distingueretur
2374 4875 2429 4916 et
2459 4864 2665 4932 aptius,
2700 4877 2767 4916 ex
2801 4878 2866 4917 co
2893 4866 3040 4933 quod
3062 4880 3158 4933 per
3187 4865 3241 4918 in
3268 4862 3508 4933 Spiritus

1922 4951 2146 5022 quidem
2186 4955 2511 5008 exsistentia
2539 4965 2936 5019 assumeretur,
2967 4957 3089 5011 loco
3136 4957 3283 5013 illius
3320 4952 3505 5023 sintut,

1921 5046 2008 5103 vel
2043 5047 2169 5101 loco
2205 5062 2348 5112 cum,
2385 5057 2482 5101 aut
2531 5046 2599 5100 ad
2656 5051 2958 5103 notandum
3012 5049 3337 5104 relationem
3395 5065 3410 5103 :
3450 5051 3507 5104 in
3604 5050 3610 5056 ’

1923 5149 2173 5195 creatura
2202 5152 2337 5194 vero
2366 5140 2433 5194 ad
2458 5140 2623 5193 aliam
2651 5142 2945 5210 quamdam
2991 5140 3350 5197 facultatem?
3386 5140 3506 5197 Non

1921 5233 2157 5299 esthoc,
2197 5242 2432 5286 nonest.
2495 5232 2600 5287 Sed
2633 5242 2719 5287 est
2775 5234 3015 5303 Spiritus
3058 5249 3154 5304 per
3185 5232 3383 5287 Fiiium
3438 5250 3505 5288 ex

1921 5327 2083 5382 Patre
2117 5327 2464 5389 naturaliter,
2514 5342 2545 5380 a
2593 5334 2846 5382 creatura
2890 5326 3167 5393 diﬂ‘crens,
3225 5328 3502 5381 constanti

1922 5427 2089 5488 atque
2133 5417 2489 5483 immutabili,
2545 5428 2601 5473 et
2635 5419 2917 5485 bonitatis,
2967 5434 3092 5490 quae
3136 5418 3366 5473 alterius
3408 5418 3501 5484 sit,

1920 5512 2151 5566 minime
2180 5512 2480 5581 indigente.
2501 5511 2765 5566 Creatura
2792 5528 2922 5567 vero
2949 5520 3035 5567 est
3086 5525 3182 5581 per
3230 5507 3429 5563 Filium
3471 5525 3504 5564 a

1920 5604 2105 5669 Patre,
2143 5612 2203 5657 ut
2251 5604 2556 5673 opiﬁcium,
2588 5614 2798 5669 creata,
2854 5614 2911 5659 et
2962 5618 3140 5669 serva,
3180 5602 3355 5657 multo
3393 5601 3505 5657 Bo-

1920 5699 2072 5751 miuo
2093 5708 2147 5751 et
2170 5696 2364 5766 Opiﬁce
2402 5695 2651 5763 inferior,
2683 5696 3013 5751 iuconstanti
3038 5705 3091 5749 et
3121 5691 3394 5760 mutabili,
3426 5704 3500 5760 et,

1920 5802 2041 5857 qum
2072 5804 2135 5842 ex
2167 5786 2278 5842 Deo
2306 5795 2412 5855 est,
2444 5786 2707 5841 bonitatis
2744 5784 3044 5854 indigcutc.
