  <div class='ocr_page' id='page_1' title='image "/cluster/home/n/w/nwhite01/storage/ocr_20150623/141/coo.31924054870468/135.png"; bbox 0 0 4054 6402; ppageno 0'>
   <div class='ocr_carea' id='block_1_1' title="bbox 543 302 651 370">
    <p class='ocr_par' dir='ltr' id='par_1_1' title="bbox 543 302 651 370">
     <span class='ocr_line' id='line_1_1' title="bbox 543 302 651 370; baseline 0.056 -5"><span class='ocrx_word' id='word_1_1' title='bbox 543 302 651 370; x_wconf 73' lang='grc' dir='ltr'><strong>Ξ63</strong></span> 
     </span>
    </p>
   </div>
   <div class='ocr_carea' id='block_1_2' title="bbox 1579 270 2760 362">
    <p class='ocr_par' dir='ltr' id='par_1_2' title="bbox 1579 270 2760 362">
     <span class='ocr_line' id='line_1_2' title="bbox 1579 270 2760 362; baseline 0 -1"><span class='ocrx_word' id='word_1_2' title='bbox 1579 297 1792 361; x_wconf 80' lang='lat' dir='ltr'><strong>JOAN.</strong></span> <span class='ocrx_word' id='word_1_3' title='bbox 1836 297 2056 361; x_wconf 86' lang='lat' dir='ltr'><strong>VECCI</strong></span> <span class='ocrx_word' id='word_1_4' title='bbox 2093 298 2203 358; x_wconf 76' lang='lat' dir='ltr'><strong>cr.</strong></span> <span class='ocrx_word' id='word_1_5' title='bbox 2248 270 2760 362; x_wconf 71' lang='lat' dir='ltr'><strong>rA&#39;rmAncms</strong></span> 
     </span>
    </p>
   </div>
   <div class='ocr_carea' id='block_1_3' title="bbox 3708 297 3815 361">
    <p class='ocr_par' dir='ltr' id='par_1_3' title="bbox 3708 297 3815 361">
     <span class='ocr_line' id='line_1_3' title="bbox 3708 297 3815 361; baseline 0.009 -1"><span class='ocrx_word' id='word_1_6' title='bbox 3708 297 3815 361; x_wconf 71' lang='grc'><strong>264</strong></span> 
     </span>
    </p>
   </div>
   <div class='ocr_carea' id='block_1_4' title="bbox 618 414 2133 490">
    <p class='ocr_par' dir='ltr' id='par_1_4' title="bbox 618 414 2119 488">
     <span class='ocr_line' id='line_1_4' title="bbox 618 414 2119 488; baseline -0.005 -12"><span class='ocrx_word' id='word_1_7' title='bbox 618 420 706 476; x_wconf 71' lang='lat' dir='ltr'><strong>ﬂ.</strong></span> <span class='ocrx_word' id='word_1_8' title='bbox 741 417 853 474; x_wconf 84' lang='lat' dir='ltr'><strong>Hoc</strong></span> <span class='ocrx_word' id='word_1_9' title='bbox 876 428 1034 488; x_wconf 84' lang='lat' dir='ltr'><strong>pacto</strong></span> <span class='ocrx_word' id='word_1_10' title='bbox 1064 430 1193 488; x_wconf 87' lang='lat' dir='ltr'><strong>ergo</strong></span> <span class='ocrx_word' id='word_1_11' title='bbox 1213 428 1278 471; x_wconf 89' lang='lat' dir='ltr'><strong>ex</strong></span> <span class='ocrx_word' id='word_1_12' title='bbox 1298 414 1625 471; x_wconf 90' lang='lat' dir='ltr'><strong>testimoniis</strong></span> <span class='ocrx_word' id='word_1_13' title='bbox 1649 417 1858 486; x_wconf 90' lang='lat' dir='ltr'><strong>scripto</strong></span> <span class='ocrx_word' id='word_1_14' title='bbox 1886 415 2119 469; x_wconf 80' lang='lat' dir='ltr'><strong>manda-</strong></span> 
     </span>
    </p>
   </div>
   <div class='ocr_carea' id='block_1_5' title="bbox 2239 414 3816 490">
    <p class='ocr_par' dir='ltr' id='par_1_5' title="bbox 2295 417 3816 490">
     <span class='ocr_line' id='line_1_5' title="bbox 2295 417 3816 490; baseline 0.001 -19"><span class='ocrx_word' id='word_1_15' title='bbox 2295 417 2383 472; x_wconf 88' lang='grc' dir='ltr'>ιδ’.</span> <span class='ocrx_word' id='word_1_16' title='bbox 2440 418 2600 471; x_wconf 80' lang='grc' dir='ltr'>Οὕτω</span> <span class='ocrx_word' id='word_1_17' title='bbox 2660 417 2793 487; x_wconf 84' lang='grc' dir='ltr'>γοῦν</span> <span class='ocrx_word' id='word_1_18' title='bbox 2827 418 2939 472; x_wconf 90' lang='grc' dir='ltr'><strong>ἀπὸ</strong></span> <span class='ocrx_word' id='word_1_19' title='bbox 2976 419 3228 490; x_wconf 80' lang='grc' dir='ltr'><strong>χρήσεων</strong></span> <span class='ocrx_word' id='word_1_20' title='bbox 3257 417 3551 490; x_wconf 83' lang='grc' dir='ltr'>γραφικῶν</span> <span class='ocrx_word' id='word_1_21' title='bbox 3579 421 3679 490; x_wconf 79' lang='grc' dir='ltr'>τῆς</span> <span class='ocrx_word' id='word_1_22' title='bbox 3719 419 3816 473; x_wconf 76' lang='grc' dir='ltr'><strong>διὰ</strong></span> 
     </span>
    </p>
   </div>
   <div class='ocr_carea' id='block_1_6' title="bbox 547 506 2126 581">
    <p class='ocr_par' dir='ltr' id='par_1_6' title="bbox 547 506 2126 581">
     <span class='ocr_line' id='line_1_6' title="bbox 547 506 2126 581; baseline -0.006 -11"><span class='ocrx_word' id='word_1_23' title='bbox 547 516 618 570; x_wconf 92' lang='lat' dir='ltr'><strong>tis</strong></span> <span class='ocrx_word' id='word_1_24' title='bbox 640 528 731 581; x_wconf 83' lang='lat' dir='ltr'><strong>per</strong></span> <span class='ocrx_word' id='word_1_25' title='bbox 767 511 1137 581; x_wconf 78' lang='lat' dir='ltr'><strong>prapositione</strong></span> <span class='ocrx_word' id='word_1_26' title='bbox 1169 524 1277 563; x_wconf 93' lang='lat' dir='ltr'><strong>non</strong></span> <span class='ocrx_word' id='word_1_27' title='bbox 1303 508 1663 572; x_wconf 88' lang='lat' dir='ltr'><strong>concedente,</strong></span> <span class='ocrx_word' id='word_1_28' title='bbox 1701 524 1768 563; x_wconf 87' lang='lat' dir='ltr'><strong>ex</strong></span> <span class='ocrx_word' id='word_1_29' title='bbox 1810 507 1929 561; x_wconf 82' lang='lat' dir='ltr'><strong>solo</strong></span> <span class='ocrx_word' id='word_1_30' title='bbox 1964 506 2126 561; x_wconf 89' lang='lat' dir='ltr'><strong>Patre</strong></span> 
     </span>
    </p>
   </div>
   <div class='ocr_carea' id='block_1_7' title="bbox 546 598 2126 672">
    <p class='ocr_par' dir='ltr' id='par_1_7' title="bbox 546 598 2126 672">
     <span class='ocr_line' id='line_1_7' title="bbox 546 598 2126 672; baseline -0.004 -12"><span class='ocrx_word' id='word_1_31' title='bbox 546 606 604 661; x_wconf 90' lang='lat' dir='ltr'><strong>iu</strong></span> <span class='ocrx_word' id='word_1_32' title='bbox 644 604 964 660; x_wconf 87' lang='lat' dir='ltr'><strong>exsistentia</strong></span> <span class='ocrx_word' id='word_1_33' title='bbox 1004 601 1240 672; x_wconf 87' lang='lat' dir='ltr'><strong>Spiritus</strong></span> <span class='ocrx_word' id='word_1_34' title='bbox 1271 615 1338 654; x_wconf 86' lang='lat' dir='ltr'><strong>ex</strong></span> <span class='ocrx_word' id='word_1_35' title='bbox 1395 598 1555 653; x_wconf 86' lang='lat' dir='ltr'><strong>Patre</strong></span> <span class='ocrx_word' id='word_1_36' title='bbox 1607 599 1660 652; x_wconf 86' lang='lat' dir='ltr'><strong>in</strong></span> <span class='ocrx_word' id='word_1_37' title='bbox 1712 599 2126 654; x_wconf 87' lang='lat' dir='ltr'><strong>distinctionem</strong></span> 
     </span>
    </p>
   </div>
   <div class='ocr_carea' id='block_1_8' title="bbox 547 691 2129 765">
    <p class='ocr_par' dir='ltr' id='par_1_8' title="bbox 547 691 2129 765">
     <span class='ocr_line' id='line_1_8' title="bbox 547 691 2129 765; baseline -0.004 -12"><span class='ocrx_word' id='word_1_38' title='bbox 547 697 673 753; x_wconf 81' lang='lat' dir='ltr'><strong>Filii</strong></span> <span class='ocrx_word' id='word_1_39' title='bbox 702 696 899 765; x_wconf 88' lang='lat' dir='ltr'><strong>accipi,</strong></span> <span class='ocrx_word' id='word_1_40' title='bbox 944 694 1312 749; x_wconf 89' lang='lat' dir='ltr'><strong>suademusne</strong></span> <span class='ocrx_word' id='word_1_41' title='bbox 1340 692 1435 746; x_wconf 89' lang='lat' dir='ltr'><strong>tibi</strong></span> <span class='ocrx_word' id='word_1_42' title='bbox 1463 691 1575 761; x_wconf 83' lang='lat' dir='ltr'><strong>jam</strong></span> <span class='ocrx_word' id='word_1_43' title='bbox 1607 692 1791 758; x_wconf 85' lang='lat' dir='ltr'><strong>dictis,</strong></span> <span class='ocrx_word' id='word_1_44' title='bbox 1831 692 1970 745; x_wconf 89' lang='lat' dir='ltr'><strong>hanc</strong></span> <span class='ocrx_word' id='word_1_45' title='bbox 2000 705 2129 746; x_wconf 87' lang='lat' dir='ltr'><strong>sen-</strong></span> 
     </span>
    </p>
   </div>
   <div class='ocr_carea' id='block_1_9' title="bbox 549 781 2130 856">
    <p class='ocr_par' dir='ltr' id='par_1_9' title="bbox 549 781 2130 856">
     <span class='ocr_line' id='line_1_9' title="bbox 549 781 2130 856; baseline -0.004 -12"><span class='ocrx_word' id='word_1_46' title='bbox 549 791 775 845; x_wconf 84' lang='lat' dir='ltr'><strong>tentiam</strong></span> <span class='ocrx_word' id='word_1_47' title='bbox 811 786 1087 856; x_wconf 85' lang='lat' dir='ltr'><strong>amplecti,</strong></span> <span class='ocrx_word' id='word_1_48' title='bbox 1139 800 1210 838; x_wconf 85' lang='lat' dir='ltr'><strong>an</strong></span> <span class='ocrx_word' id='word_1_49' title='bbox 1261 798 1396 839; x_wconf 82' lang='lat' dir='ltr'><strong>vero</strong></span> <span class='ocrx_word' id='word_1_50' title='bbox 1456 792 1510 838; x_wconf 89' lang='lat' dir='ltr'><strong>et</strong></span> <span class='ocrx_word' id='word_1_51' title='bbox 1559 782 1681 838; x_wconf 85' lang='lat' dir='ltr'><strong>aliis</strong></span> <span class='ocrx_word' id='word_1_52' title='bbox 1711 781 2130 837; x_wconf 88' lang='lat' dir='ltr'><strong>auctoritatibus</strong></span> 
     </span>
    </p>
   </div>
   <div class='ocr_carea' id='block_1_10' title="bbox 550 876 2129 952">
    <p class='ocr_par' dir='ltr' id='par_1_10' title="bbox 550 876 2129 952">
     <span class='ocr_line' id='line_1_10' title="bbox 550 876 2129 952; baseline -0.006 -14"><span class='ocrx_word' id='word_1_53' title='bbox 550 883 770 952; x_wconf 85' lang='lat' dir='ltr'><strong>scriptis</strong></span> <span class='ocrx_word' id='word_1_54' title='bbox 818 882 1050 950; x_wconf 88' lang='lat' dir='ltr'><strong>indiges,</strong></span> <span class='ocrx_word' id='word_1_55' title='bbox 1104 888 1163 935; x_wconf 93' lang='lat' dir='ltr'><strong>ut</strong></span> <span class='ocrx_word' id='word_1_56' title='bbox 1212 878 1421 932; x_wconf 82' lang='lat' dir='ltr'><strong>clarius</strong></span> <span class='ocrx_word' id='word_1_57' title='bbox 1456 878 1728 942; x_wconf 86' lang='lat' dir='ltr'><strong>addiscas,</strong></span> <span class='ocrx_word' id='word_1_58' title='bbox 1766 876 1833 931; x_wconf 91' lang='lat' dir='ltr'><strong>ad</strong></span> <span class='ocrx_word' id='word_1_59' title='bbox 1871 890 2129 945; x_wconf 81' lang='lat' dir='ltr'><strong>compro-</strong></span> 
     </span>
    </p>
   </div>
   <div class='ocr_carea' id='block_1_11' title="bbox 547 954 2136 1041">
    <p class='ocr_par' dir='ltr' id='par_1_11' title="bbox 547 954 2136 1041">
     <span class='ocr_line' id='line_1_11' title="bbox 547 954 2136 1041; baseline -0.005 -13"><span class='ocrx_word' id='word_1_60' title='bbox 547 972 812 1036; x_wconf 85' lang='lat' dir='ltr'><strong>bandum,</strong></span> <span class='ocrx_word' id='word_1_61' title='bbox 848 972 1080 1041; x_wconf 89' lang='lat' dir='ltr'><strong>primam</strong></span> <span class='ocrx_word' id='word_1_62' title='bbox 1109 984 1331 1024; x_wconf 87' lang='lat' dir='ltr'><strong>causam</strong></span> <span class='ocrx_word' id='word_1_63' title='bbox 1372 954 1627 1022; x_wconf 28' lang='lat' dir='ltr'><strong>Patrem,</strong></span> <span class='ocrx_word' id='word_1_64' title='bbox 1668 982 1790 1023; x_wconf 86' lang='lat' dir='ltr'><strong>esse</strong></span> <span class='ocrx_word' id='word_1_65' title='bbox 1830 975 1996 1036; x_wconf 90' lang='lat' dir='ltr'><strong>atque</strong></span> <span class='ocrx_word' id='word_1_66' title='bbox 2042 966 2136 1021; x_wconf 86' lang='lat' dir='ltr'><strong>in-</strong></span> 
     </span>
    </p>
   </div>
   <div class='ocr_carea' id='block_1_12' title="bbox 548 1057 2133 1131">
    <p class='ocr_par' dir='ltr' id='par_1_12' title="bbox 548 1057 2133 1131">
     <span class='ocr_line' id='line_1_12' title="bbox 548 1057 2133 1131; baseline -0.004 -12"><span class='ocrx_word' id='word_1_67' title='bbox 548 1066 738 1131; x_wconf 81' lang='lat' dir='ltr'><strong>telligi,</strong></span> <span class='ocrx_word' id='word_1_68' title='bbox 765 1064 898 1118; x_wconf 89' lang='lat' dir='ltr'><strong>illud</strong></span> <span class='ocrx_word' id='word_1_69' title='bbox 928 1081 950 1114; x_wconf 77' lang='grc' dir='ltr'><strong>ι</strong></span> <span class='ocrx_word' id='word_1_70' title='bbox 983 1078 1047 1116; x_wconf 87' lang='lat' dir='ltr'><strong>ex</strong></span> <span class='ocrx_word' id='word_1_71' title='bbox 1078 1061 1195 1116; x_wconf 89' lang='lat' dir='ltr'><strong>solo</strong></span> <span class='ocrx_word' id='word_1_72' title='bbox 1228 1061 1387 1115; x_wconf 89' lang='lat' dir='ltr'><strong>Patre</strong></span> <span class='ocrx_word' id='word_1_73' title='bbox 1423 1079 1442 1112; x_wconf 71' lang='grc' dir='ltr'><strong>ι</strong></span> <span class='ocrx_word' id='word_1_74' title='bbox 1481 1058 1682 1128; x_wconf 88' lang='lat' dir='ltr'><strong>accipi,</strong></span> <span class='ocrx_word' id='word_1_75' title='bbox 1715 1059 1761 1114; x_wconf 89' lang='lat' dir='ltr'><strong>si</strong></span> <span class='ocrx_word' id='word_1_76' title='bbox 1802 1059 1963 1112; x_wconf 87' lang='lat' dir='ltr'><strong>modo</strong></span> <span class='ocrx_word' id='word_1_77' title='bbox 1997 1057 2133 1113; x_wconf 88' lang='lat' dir='ltr'><strong>bac-</strong></span> 
     </span>
    </p>
   </div>
   <div class='ocr_carea' id='block_1_13' title="bbox 552 1148 2133 1223">
    <p class='ocr_par' dir='ltr' id='par_1_13' title="bbox 552 1148 2133 1223">
     <span class='ocr_line' id='line_1_13' title="bbox 552 1148 2133 1223; baseline -0.004 -14"><span class='ocrx_word' id='word_1_78' title='bbox 552 1164 715 1211; x_wconf 86' lang='lat' dir='ltr'><strong>tenus</strong></span> <span class='ocrx_word' id='word_1_79' title='bbox 751 1157 804 1209; x_wconf 89' lang='lat' dir='ltr'><strong>in</strong></span> <span class='ocrx_word' id='word_1_80' title='bbox 838 1154 1116 1223; x_wconf 74' lang='lat' dir='ltr'><strong>aliquibus</strong></span> <span class='ocrx_word' id='word_1_81' title='bbox 1156 1152 1477 1220; x_wconf 87' lang='lat' dir='ltr'><strong>theologicis</strong></span> <span class='ocrx_word' id='word_1_82' title='bbox 1510 1150 1670 1205; x_wconf 89' lang='lat' dir='ltr'><strong>dictis</strong></span> <span class='ocrx_word' id='word_1_83' title='bbox 1699 1150 1923 1219; x_wconf 90' lang='lat' dir='ltr'><strong>reperiri</strong></span> <span class='ocrx_word' id='word_1_84' title='bbox 1960 1148 2133 1204; x_wconf 80' lang='lat' dir='ltr'><strong>conti-</strong></span> 
     </span>
    </p>
   </div>
   <div class='ocr_carea' id='block_1_14' title="bbox 550 1239 2134 1317">
    <p class='ocr_par' dir='ltr' id='par_1_14' title="bbox 550 1239 2134 1317">
     <span class='ocr_line' id='line_1_14' title="bbox 550 1239 2134 1317; baseline -0.005 -17"><span class='ocrx_word' id='word_1_85' title='bbox 550 1246 729 1317; x_wconf 80' lang='lat' dir='ltr'><strong>gerit?</strong></span> <span class='ocrx_word' id='word_1_86' title='bbox 776 1245 873 1298; x_wconf 86' lang='lat' dir='ltr'><strong>Sat</strong></span> <span class='ocrx_word' id='word_1_87' title='bbox 904 1244 1020 1298; x_wconf 77' lang='lat' dir='ltr'><strong>scio</strong></span> <span class='ocrx_word' id='word_1_88' title='bbox 1076 1243 1180 1297; x_wconf 87' lang='lat' dir='ltr'><strong>alia</strong></span> <span class='ocrx_word' id='word_1_89' title='bbox 1226 1258 1446 1311; x_wconf 82' lang='lat' dir='ltr'><strong>quoque</strong></span> <span class='ocrx_word' id='word_1_90' title='bbox 1498 1241 1805 1295; x_wconf 82' lang='lat' dir='ltr'><strong>testimonia</strong></span> <span class='ocrx_word' id='word_1_91' title='bbox 1857 1239 1955 1294; x_wconf 86' lang='lat' dir='ltr'><strong>tibi</strong></span> <span class='ocrx_word' id='word_1_92' title='bbox 1998 1253 2134 1308; x_wconf 88' lang='lat' dir='ltr'><strong>opus</strong></span> 
     </span>
    </p>
   </div>
   <div class='ocr_carea' id='block_1_15' title="bbox 552 1330 2133 1407">
    <p class='ocr_par' dir='ltr' id='par_1_15' title="bbox 552 1330 2133 1407">
     <span class='ocr_line' id='line_1_15' title="bbox 552 1330 2133 1407; baseline -0.005 -16"><span class='ocrx_word' id='word_1_93' title='bbox 552 1352 678 1392; x_wconf 85' lang='lat' dir='ltr'><strong>esse</strong></span> <span class='ocrx_word' id='word_1_94' title='bbox 709 1352 723 1389; x_wconf 89' lang='lat'><strong>:</strong></span> <span class='ocrx_word' id='word_1_95' title='bbox 761 1353 885 1407; x_wconf 69' lang='lat' dir='ltr'><strong>qua:</strong></span> <span class='ocrx_word' id='word_1_96' title='bbox 913 1336 1043 1390; x_wconf 89' lang='lat' dir='ltr'><strong>licet</strong></span> <span class='ocrx_word' id='word_1_97' title='bbox 1090 1350 1197 1388; x_wconf 87' lang='lat' dir='ltr'><strong>non</strong></span> <span class='ocrx_word' id='word_1_98' title='bbox 1233 1334 1545 1403; x_wconf 83' lang='lat' dir='ltr'><strong>exigantur,</strong></span> <span class='ocrx_word' id='word_1_99' title='bbox 1594 1333 1649 1386; x_wconf 91' lang='lat' dir='ltr'><strong>in</strong></span> <span class='ocrx_word' id='word_1_100' title='bbox 1684 1330 1919 1386; x_wconf 86' lang='lat' dir='ltr'><strong>medium</strong></span> <span class='ocrx_word' id='word_1_101' title='bbox 1952 1340 2133 1384; x_wconf 84' lang='lat' dir='ltr'><strong>tamen</strong></span> 
     </span>
    </p>
   </div>
   <div class='ocr_carea' id='block_1_16' title="bbox 554 1425 2135 1493">
    <p class='ocr_par' dir='ltr' id='par_1_16' title="bbox 554 1425 2135 1493">
     <span class='ocr_line' id='line_1_16' title="bbox 554 1425 2135 1493; baseline -0.001 -11"><span class='ocrx_word' id='word_1_102' title='bbox 554 1443 585 1483; x_wconf 88' lang='lat' dir='ltr'><strong>a</strong></span> <span class='ocrx_word' id='word_1_103' title='bbox 633 1429 793 1482; x_wconf 86' lang='lat' dir='ltr'><strong>nobis</strong></span> <span class='ocrx_word' id='word_1_104' title='bbox 836 1429 1148 1482; x_wconf 90' lang='lat' dir='ltr'><strong>necessario</strong></span> <span class='ocrx_word' id='word_1_105' title='bbox 1196 1425 1540 1491; x_wconf 84' lang='lat' dir='ltr'><strong>adducenda,</strong></span> <span class='ocrx_word' id='word_1_106' title='bbox 1577 1440 1700 1480; x_wconf 89' lang='lat' dir='ltr'><strong>cum</strong></span> <span class='ocrx_word' id='word_1_107' title='bbox 1736 1438 1799 1479; x_wconf 91' lang='lat' dir='ltr'><strong>ea</strong></span> <span class='ocrx_word' id='word_1_108' title='bbox 1831 1439 1993 1493; x_wconf 88' lang='lat' dir='ltr'><strong>supra</strong></span> <span class='ocrx_word' id='word_1_109' title='bbox 2032 1438 2135 1480; x_wconf 87' lang='lat' dir='ltr'><strong>nos</strong></span> 
     </span>
    </p>
   </div>
   <div class='ocr_carea' id='block_1_17' title="bbox 554 1515 2134 1589">
    <p class='ocr_par' dir='ltr' id='par_1_17' title="bbox 554 1515 2134 1589">
     <span class='ocr_line' id='line_1_17' title="bbox 554 1515 2134 1589; baseline -0.003 -14"><span class='ocrx_word' id='word_1_110' title='bbox 554 1521 820 1575; x_wconf 80' lang='lat' dir='ltr'><strong>allaturos</strong></span> <span class='ocrx_word' id='word_1_111' title='bbox 848 1519 1287 1589; x_wconf 88' lang='lat' dir='ltr'><strong>promiserimus.</strong></span> <span class='ocrx_word' id='word_1_112' title='bbox 1319 1517 1547 1587; x_wconf 79' lang='lat' dir='ltr'><strong>Magnus</strong></span> <span class='ocrx_word' id='word_1_113' title='bbox 1573 1515 1806 1571; x_wconf 88' lang='lat' dir='ltr'><strong>Basilius</strong></span> <span class='ocrx_word' id='word_1_114' title='bbox 1835 1515 1886 1568; x_wconf 95' lang='lat' dir='ltr'><strong>in</strong></span> <span class='ocrx_word' id='word_1_115' title='bbox 1930 1531 2035 1570; x_wconf 89' lang='lat' dir='ltr'><strong>una</strong></span> <span class='ocrx_word' id='word_1_116' title='bbox 2068 1515 2134 1571; x_wconf 89' lang='lat' dir='ltr'><strong>ad</strong></span> 
     </span>
    </p>
   </div>
   <div class='ocr_carea' id='block_1_18' title="bbox 550 1606 2132 1682">
    <p class='ocr_par' dir='ltr' id='par_1_18' title="bbox 550 1606 2132 1682">
     <span class='ocr_line' id='line_1_18' title="bbox 550 1606 2132 1682; baseline -0.003 -15"><span class='ocrx_word' id='word_1_117' title='bbox 550 1611 992 1682; x_wconf 82' lang='lat' dir='ltr'><strong>Amphilochium</strong></span> <span class='ocrx_word' id='word_1_118' title='bbox 1016 1611 1270 1680; x_wconf 86' lang='lat' dir='ltr'><strong>epistola,</strong></span> <span class='ocrx_word' id='word_1_119' title='bbox 1290 1610 1452 1677; x_wconf 91' lang='lat' dir='ltr'><strong>cujus</strong></span> <span class='ocrx_word' id='word_1_120' title='bbox 1476 1606 1829 1678; x_wconf 80' lang='lat' dir='ltr'><strong>principium,</strong></span> <span class='ocrx_word' id='word_1_121' title='bbox 1860 1625 1879 1658; x_wconf 83' lang='grc' dir='ltr'><strong>ι</strong></span> <span class='ocrx_word' id='word_1_122' title='bbox 1919 1606 2132 1662; x_wconf 89' lang='lat' dir='ltr'><strong>Dictum</strong></span> 
     </span>
    </p>
   </div>
   <div class='ocr_carea' id='block_1_19' title="bbox 553 1699 2134 1774">
    <p class='ocr_par' dir='ltr' id='par_1_19' title="bbox 553 1699 2134 1774">
     <span class='ocr_line' id='line_1_19' title="bbox 553 1699 2134 1774; baseline -0.004 -14"><span class='ocrx_word' id='word_1_123' title='bbox 553 1703 687 1760; x_wconf 86' lang='lat' dir='ltr'><strong>illud</strong></span> <span class='ocrx_word' id='word_1_124' title='bbox 718 1706 1094 1774; x_wconf 77' lang='lat' dir='ltr'><strong>evangelicum</strong></span> <span class='ocrx_word' id='word_1_125' title='bbox 1120 1703 1418 1758; x_wconf 85' lang='lat' dir='ltr'><strong>multorum</strong></span> <span class='ocrx_word' id='word_1_126' title='bbox 1444 1702 1747 1772; x_wconf 63' lang='lat' dir='ltr'><strong>quaestione</strong></span> <span class='ocrx_word' id='word_1_127' title='bbox 1773 1699 2134 1769; x_wconf 85' lang='lat' dir='ltr'><strong>exagitatum,</strong></span> 
     </span>
    </p>
   </div>
   <div class='ocr_carea' id='block_1_20' title="bbox 550 1765 2215 1863">
    <p class='ocr_par' dir='ltr' id='par_1_20' title="bbox 550 1765 2215 1863">
     <span class='ocr_line' id='line_1_20' title="bbox 550 1765 2215 1863; baseline -0.004 -14"><span class='ocrx_word' id='word_1_128' title='bbox 550 1795 617 1849; x_wconf 86' lang='lat' dir='ltr'><strong>de</strong></span> <span class='ocrx_word' id='word_1_129' title='bbox 649 1765 1023 1848; x_wconf 67' lang='lat' dir='ltr'><strong>Dominolesu</strong></span> <span class='ocrx_word' id='word_1_130' title='bbox 1048 1793 1287 1859; x_wconf 88' lang='lat' dir='ltr'><strong>Christo,</strong></span> <span class='ocrx_word' id='word_1_131' title='bbox 1309 1765 1597 1863; x_wconf 70' lang='lat' dir='ltr'><strong>ignorante</strong></span> <span class='ocrx_word' id='word_1_132' title='bbox 1617 1792 1761 1847; x_wconf 91' lang='lat' dir='ltr'><strong>diem</strong></span> <span class='ocrx_word' id='word_1_133' title='bbox 1790 1800 1844 1847; x_wconf 86' lang='lat' dir='ltr'><strong>et</strong></span> <span class='ocrx_word' id='word_1_134' title='bbox 1863 1765 2075 1854; x_wconf 42' lang='lat' dir='ltr'><strong>b‘oram,</strong></span> <span class='ocrx_word' id='word_1_135' title='bbox 2106 1808 2125 1841; x_wconf 74' lang='grc' dir='ltr'><strong>ι</strong></span> <span class='ocrx_word' id='word_1_136' title='bbox 2171 1765 2215 1820; x_wconf 72' lang='grc' dir='ltr'><strong>Β</strong></span> 
     </span>
    </p>
   </div>
   <div class='ocr_carea' id='block_1_21' title="bbox 550 1880 2132 1952">
    <p class='ocr_par' dir='ltr' id='par_1_21' title="bbox 550 1880 2132 1952">
     <span class='ocr_line' id='line_1_21' title="bbox 550 1880 2132 1952; baseline -0.002 -13"><span class='ocrx_word' id='word_1_137' title='bbox 550 1885 782 1940; x_wconf 82' lang='lat' dir='ltr'><strong>scribit:</strong></span> <span class='ocrx_word' id='word_1_138' title='bbox 826 1905 845 1937; x_wconf 80' lang='grc' dir='ltr'><strong>ι</strong></span> <span class='ocrx_word' id='word_1_139' title='bbox 875 1884 1012 1941; x_wconf 87' lang='lat' dir='ltr'><strong>illud</strong></span> <span class='ocrx_word' id='word_1_140' title='bbox 1043 1883 1215 1938; x_wconf 89' lang='lat' dir='ltr'><strong>Nemo</strong></span> <span class='ocrx_word' id='word_1_141' title='bbox 1235 1884 1449 1938; x_wconf 80' lang='lat' dir='ltr'><strong>videtur</strong></span> <span class='ocrx_word' id='word_1_142' title='bbox 1479 1895 1627 1937; x_wconf 90' lang='lat' dir='ltr'><strong>certe</strong></span> <span class='ocrx_word' id='word_1_143' title='bbox 1660 1882 1866 1936; x_wconf 89' lang='lat' dir='ltr'><strong>dictum</strong></span> <span class='ocrx_word' id='word_1_144' title='bbox 1890 1880 2132 1952; x_wconf 76' lang='lat' dir='ltr'><strong>generali</strong></span> 
     </span>
    </p>
   </div>
   <div class='ocr_carea' id='block_1_22' title="bbox 549 1972 2133 2055">
    <p class='ocr_par' dir='ltr' id='par_1_22' title="bbox 549 1972 2133 2055">
     <span class='ocr_line' id='line_1_22' title="bbox 549 1972 2133 2055; baseline -0.003 -24"><span class='ocrx_word' id='word_1_145' title='bbox 549 1978 811 2045; x_wconf 82' lang='lat' dir='ltr'><strong>notione;</strong></span> <span class='ocrx_word' id='word_1_146' title='bbox 849 1976 924 2055; x_wconf 84' lang='lat' dir='ltr'><strong>ita</strong></span> <span class='ocrx_word' id='word_1_147' title='bbox 977 1988 1036 2031; x_wconf 94' lang='lat' dir='ltr'><strong>ut</strong></span> <span class='ocrx_word' id='word_1_148' title='bbox 1068 1992 1135 2030; x_wconf 89' lang='lat' dir='ltr'><strong>ne</strong></span> <span class='ocrx_word' id='word_1_149' title='bbox 1170 1989 1403 2046; x_wconf 86' lang='lat' dir='ltr'><strong>persona</strong></span> <span class='ocrx_word' id='word_1_150' title='bbox 1436 1974 1657 2043; x_wconf 89' lang='lat' dir='ltr'><strong>quidem</strong></span> <span class='ocrx_word' id='word_1_151' title='bbox 1704 1973 1813 2027; x_wconf 89' lang='lat' dir='ltr'><strong>ulla</strong></span> <span class='ocrx_word' id='word_1_152' title='bbox 1847 1972 2022 2042; x_wconf 89' lang='lat' dir='ltr'><strong>excipi</strong></span> <span class='ocrx_word' id='word_1_153' title='bbox 2051 1972 2133 2027; x_wconf 81' lang='lat' dir='ltr'><strong>vi-</strong></span> 
     </span>
    </p>
   </div>
   <div class='ocr_carea' id='block_1_23' title="bbox 551 2064 2133 2134">
    <p class='ocr_par' dir='ltr' id='par_1_23' title="bbox 551 2064 2133 2134">
     <span class='ocr_line' id='line_1_23' title="bbox 551 2064 2133 2134; baseline -0.003 -10"><span class='ocrx_word' id='word_1_154' title='bbox 551 2068 767 2131; x_wconf 87' lang='lat' dir='ltr'><strong>deatur,</strong></span> <span class='ocrx_word' id='word_1_155' title='bbox 815 2076 872 2123; x_wconf 87' lang='lat' dir='ltr'><strong>at</strong></span> <span class='ocrx_word' id='word_1_156' title='bbox 932 2083 1040 2122; x_wconf 91' lang='lat' dir='ltr'><strong>non</strong></span> <span class='ocrx_word' id='word_1_157' title='bbox 1097 2082 1220 2121; x_wconf 85' lang='lat' dir='ltr'><strong>esse</strong></span> <span class='ocrx_word' id='word_1_158' title='bbox 1274 2067 1350 2120; x_wconf 91' lang='lat' dir='ltr'><strong>ita</strong></span> <span class='ocrx_word' id='word_1_159' title='bbox 1408 2064 1811 2134; x_wconf 86' lang='lat' dir='ltr'><strong>accipiendum,</strong></span> <span class='ocrx_word' id='word_1_160' title='bbox 1852 2078 1956 2118; x_wconf 91' lang='lat' dir='ltr'><strong>usu</strong></span> <span class='ocrx_word' id='word_1_161' title='bbox 2013 2064 2133 2133; x_wconf 81' lang='lat' dir='ltr'><strong>ipso</strong></span> 
     </span>
    </p>
   </div>
   <div class='ocr_carea' id='block_1_24' title="bbox 555 2154 2134 2239">
    <p class='ocr_par' dir='ltr' id='par_1_24' title="bbox 555 2154 2134 2239">
     <span class='ocr_line' id='line_1_24' title="bbox 555 2154 2134 2239; baseline -0.003 -24"><span class='ocrx_word' id='word_1_162' title='bbox 555 2160 968 2239; x_wconf 82' lang='lat' dir='ltr'><strong>Scripturarum</strong></span> <span class='ocrx_word' id='word_1_163' title='bbox 1028 2158 1512 2227; x_wconf 83' lang='lat' dir='ltr'><strong>deprehendimus.</strong></span> <span class='ocrx_word' id='word_1_164' title='bbox 1569 2154 1703 2211; x_wconf 85' lang='lat' dir='ltr'><strong>Nam</strong></span> <span class='ocrx_word' id='word_1_165' title='bbox 1759 2156 1965 2211; x_wconf 89' lang='lat' dir='ltr'><strong>dictum</strong></span> <span class='ocrx_word' id='word_1_166' title='bbox 2026 2166 2134 2224; x_wconf 88' lang='lat' dir='ltr'><strong>est,</strong></span> 
     </span>
    </p>
   </div>
   <div class='ocr_carea' id='block_1_25' title="bbox 558 2246 2132 2316">
    <p class='ocr_par' dir='ltr' id='par_1_25' title="bbox 558 2246 2132 2316">
     <span class='ocr_line' id='line_1_25' title="bbox 558 2246 2132 2316; baseline -0.001 -12"><span class='ocrx_word' id='word_1_167' title='bbox 558 2268 580 2304; x_wconf 82' lang='grc' dir='ltr'><strong>ι</strong></span> <span class='ocrx_word' id='word_1_168' title='bbox 615 2251 787 2306; x_wconf 91' lang='lat' dir='ltr'><strong>Nemo</strong></span> <span class='ocrx_word' id='word_1_169' title='bbox 814 2252 991 2305; x_wconf 90' lang='lat' dir='ltr'><strong>bonus</strong></span> <span class='ocrx_word' id='word_1_170' title='bbox 1029 2250 1136 2305; x_wconf 85' lang='lat' dir='ltr'><strong>nisi</strong></span> <span class='ocrx_word' id='word_1_171' title='bbox 1182 2250 1331 2305; x_wconf 87' lang='lat' dir='ltr'><strong>solus</strong></span> <span class='ocrx_word' id='word_1_172' title='bbox 1367 2247 1509 2303; x_wconf 88' lang='lat' dir='ltr'><strong>Deus</strong></span> <span class='ocrx_word' id='word_1_173' title='bbox 1539 2246 1605 2313; x_wconf 81' lang='grc'>⁸⁷,</span> <span class='ocrx_word' id='word_1_174' title='bbox 1641 2266 1661 2300; x_wconf 73' lang='grc' dir='ltr'><strong>ι</strong></span> <span class='ocrx_word' id='word_1_175' title='bbox 1692 2256 1749 2302; x_wconf 91' lang='lat' dir='ltr'><strong>at</strong></span> <span class='ocrx_word' id='word_1_176' title='bbox 1787 2261 2132 2316; x_wconf 82' lang='lat' dir='ltr'><strong>nequaquam</strong></span> 
     </span>
    </p>
   </div>
   <div class='ocr_carea' id='block_1_26' title="bbox 552 2336 2135 2406">
    <p class='ocr_par' dir='ltr' id='par_1_26' title="bbox 552 2336 2135 2406">
     <span class='ocr_line' id='line_1_26' title="bbox 552 2336 2135 2406; baseline -0.003 -9"><span class='ocrx_word' id='word_1_177' title='bbox 552 2356 620 2397; x_wconf 90' lang='lat' dir='ltr'><strong>eo</strong></span> <span class='ocrx_word' id='word_1_178' title='bbox 644 2342 768 2406; x_wconf 91' lang='lat' dir='ltr'><strong>loci,</strong></span> <span class='ocrx_word' id='word_1_179' title='bbox 803 2356 862 2396; x_wconf 88' lang='lat' dir='ltr'><strong>se</strong></span> <span class='ocrx_word' id='word_1_180' title='bbox 905 2341 1079 2396; x_wconf 87' lang='lat' dir='ltr'><strong>Filius</strong></span> <span class='ocrx_word' id='word_1_181' title='bbox 1107 2343 1302 2395; x_wconf 85' lang='lat' dir='ltr'><strong>statuit</strong></span> <span class='ocrx_word' id='word_1_182' title='bbox 1323 2350 1477 2394; x_wconf 82' lang='lat' dir='ltr'><strong>extra</strong></span> <span class='ocrx_word' id='word_1_183' title='bbox 1513 2353 1731 2393; x_wconf 89' lang='lat' dir='ltr'><strong>omnem</strong></span> <span class='ocrx_word' id='word_1_184' title='bbox 1778 2336 1907 2392; x_wconf 89' lang='lat' dir='ltr'><strong>boni</strong></span> <span class='ocrx_word' id='word_1_185' title='bbox 1937 2352 2135 2393; x_wconf 82' lang='lat' dir='ltr'><strong>nume-</strong></span> 
     </span>
    </p>
   </div>
   <div class='ocr_carea' id='block_1_27' title="bbox 552 2429 2132 2502">
    <p class='ocr_par' dir='ltr' id='par_1_27' title="bbox 552 2429 2132 2502">
     <span class='ocr_line' id='line_1_27' title="bbox 552 2429 2132 2502; baseline -0.002 -13"><span class='ocrx_word' id='word_1_186' title='bbox 552 2450 698 2502; x_wconf 91' lang='lat' dir='ltr'><strong>rum,</strong></span> <span class='ocrx_word' id='word_1_187' title='bbox 743 2443 798 2489; x_wconf 90' lang='lat' dir='ltr'><strong>et</strong></span> <span class='ocrx_word' id='word_1_188' title='bbox 835 2434 1126 2499; x_wconf 87' lang='lat' dir='ltr'><strong>rationem,</strong></span> <span class='ocrx_word' id='word_1_189' title='bbox 1176 2446 1298 2486; x_wconf 89' lang='lat' dir='ltr'><strong>cum</strong></span> <span class='ocrx_word' id='word_1_190' title='bbox 1355 2429 1502 2486; x_wconf 83' lang='lat' dir='ltr'><strong>istud</strong></span> <span class='ocrx_word' id='word_1_191' title='bbox 1562 2431 1817 2486; x_wconf 90' lang='lat' dir='ltr'><strong>diceret:</strong></span> <span class='ocrx_word' id='word_1_192' title='bbox 1853 2429 1950 2485; x_wconf 89' lang='lat' dir='ltr'><strong>sed</strong></span> <span class='ocrx_word' id='word_1_193' title='bbox 2004 2445 2132 2486; x_wconf 87' lang='lat' dir='ltr'><strong>cum</strong></span> 
     </span>
    </p>
   </div>
   <div class='ocr_carea' id='block_1_28' title="bbox 551 2522 2132 2596">
    <p class='ocr_par' dir='ltr' id='par_1_28' title="bbox 551 2522 2132 2596">
     <span class='ocr_line' id='line_1_28' title="bbox 551 2522 2132 2596; baseline -0.001 -15"><span class='ocrx_word' id='word_1_194' title='bbox 551 2525 711 2581; x_wconf 87' lang='lat' dir='ltr'><strong>Pater</strong></span> <span class='ocrx_word' id='word_1_195' title='bbox 732 2525 804 2582; x_wconf 90' lang='lat' dir='ltr'><strong>sit</strong></span> <span class='ocrx_word' id='word_1_196' title='bbox 834 2527 1071 2596; x_wconf 92' lang='lat' dir='ltr'><strong>primum</strong></span> <span class='ocrx_word' id='word_1_197' title='bbox 1091 2533 1144 2579; x_wconf 90' lang='lat' dir='ltr'><strong>et</strong></span> <span class='ocrx_word' id='word_1_198' title='bbox 1163 2522 1461 2594; x_wconf 88' lang='lat' dir='ltr'><strong>principale</strong></span> <span class='ocrx_word' id='word_1_199' title='bbox 1492 2523 1720 2590; x_wconf 90' lang='lat' dir='ltr'><strong>bonum,</strong></span> <span class='ocrx_word' id='word_1_200' title='bbox 1745 2522 2132 2579; x_wconf 88' lang='lat' dir='ltr'><strong>subintelleeto</strong></span> 
     </span>
    </p>
   </div>
   <div class='ocr_carea' id='block_1_29' title="bbox 550 2614 2134 2691">
    <p class='ocr_par' dir='ltr' id='par_1_29' title="bbox 550 2614 2134 2691">
     <span class='ocr_line' id='line_1_29' title="bbox 550 2614 2134 2691; baseline -0.001 -18"><span class='ocrx_word' id='word_1_201' title='bbox 550 2621 748 2691; x_wconf 87' lang='lat' dir='ltr'><strong>primo,</strong></span> <span class='ocrx_word' id='word_1_202' title='bbox 781 2617 1058 2673; x_wconf 87' lang='lat' dir='ltr'><strong>credimus</strong></span> <span class='ocrx_word' id='word_1_203' title='bbox 1108 2617 1217 2671; x_wconf 92' lang='lat' dir='ltr'><strong>dici</strong></span> <span class='ocrx_word' id='word_1_204' title='bbox 1274 2616 1603 2671; x_wconf 90' lang='lat' dir='ltr'><strong>secundum.</strong></span> <span class='ocrx_word' id='word_1_205' title='bbox 1639 2633 1658 2667; x_wconf 72' lang='grc' dir='ltr'><strong>ι</strong></span> <span class='ocrx_word' id='word_1_206' title='bbox 1692 2614 1963 2685; x_wconf 88' lang='lat' dir='ltr'><strong>Conspice</strong></span> <span class='ocrx_word' id='word_1_207' title='bbox 2015 2623 2134 2673; x_wconf 88' lang='lat' dir='ltr'><strong>tum</strong></span> 
     </span>
    </p>
   </div>
   <div class='ocr_carea' id='block_1_30' title="bbox 552 2707 2130 2780">
    <p class='ocr_par' dir='ltr' id='par_1_30' title="bbox 552 2707 2130 2780">
     <span class='ocr_line' id='line_1_30' title="bbox 552 2707 2130 2780; baseline -0.004 -12"><span class='ocrx_word' id='word_1_208' title='bbox 552 2712 819 2780; x_wconf 87' lang='lat' dir='ltr'><strong>sapientia</strong></span> <span class='ocrx_word' id='word_1_209' title='bbox 851 2708 1497 2777; x_wconf 87' lang='lat' dir='ltr'><strong>incomparabilem,tum</strong></span> <span class='ocrx_word' id='word_1_210' title='bbox 1530 2707 1695 2763; x_wconf 85' lang='lat' dir='ltr'><strong>rebus</strong></span> <span class='ocrx_word' id='word_1_211' title='bbox 1715 2707 1841 2763; x_wconf 87' lang='lat' dir='ltr'><strong>aliis</strong></span> <span class='ocrx_word' id='word_1_212' title='bbox 1874 2723 2130 2777; x_wconf 85' lang='lat' dir='ltr'><strong>magnum</strong></span> 
     </span>
    </p>
   </div>
   <div class='ocr_carea' id='block_1_31' title="bbox 557 2801 2133 2872">
    <p class='ocr_par' dir='ltr' id='par_1_31' title="bbox 557 2801 2133 2872">
     <span class='ocr_line' id='line_1_31' title="bbox 557 2801 2133 2872; baseline -0.001 -15"><span class='ocrx_word' id='word_1_213' title='bbox 557 2803 899 2872; x_wconf 88' lang='lat' dir='ltr'><strong>multumque</strong></span> <span class='ocrx_word' id='word_1_214' title='bbox 939 2802 1223 2866; x_wconf 79' lang='lat' dir='ltr'><strong>Basiliuin,</strong></span> <span class='ocrx_word' id='word_1_215' title='bbox 1251 2817 1489 2871; x_wconf 84' lang='lat' dir='ltr'><strong>quanam</strong></span> <span class='ocrx_word' id='word_1_216' title='bbox 1521 2801 1862 2871; x_wconf 78' lang='lat' dir='ltr'><strong>expositione</strong></span> <span class='ocrx_word' id='word_1_217' title='bbox 1896 2815 2133 2869; x_wconf 80' lang='lat' dir='ltr'><strong>evange-</strong></span> 
     </span>
    </p>
   </div>
   <div class='ocr_carea' id='block_1_32' title="bbox 551 2890 2124 2958">
    <p class='ocr_par' dir='ltr' id='par_1_32' title="bbox 551 2890 2124 2958">
     <span class='ocr_line' id='line_1_32' title="bbox 551 2890 2124 2958; baseline -0.002 -11"><span class='ocrx_word' id='word_1_218' title='bbox 551 2893 716 2948; x_wconf 89' lang='lat' dir='ltr'><strong>licum</strong></span> <span class='ocrx_word' id='word_1_219' title='bbox 757 2892 963 2945; x_wconf 88' lang='lat' dir='ltr'><strong>dictum</strong></span> <span class='ocrx_word' id='word_1_220' title='bbox 1015 2909 1031 2946; x_wconf 90' lang='lat'><strong>:</strong></span> <span class='ocrx_word' id='word_1_221' title='bbox 1079 2910 1098 2944; x_wconf 87' lang='grc' dir='ltr'><strong>ι</strong></span> <span class='ocrx_word' id='word_1_222' title='bbox 1161 2892 1330 2945; x_wconf 83' lang='lat' dir='ltr'><strong>Nemo</strong></span> <span class='ocrx_word' id='word_1_223' title='bbox 1356 2893 1534 2946; x_wconf 88' lang='lat' dir='ltr'><strong>bonus</strong></span> <span class='ocrx_word' id='word_1_224' title='bbox 1562 2891 1668 2944; x_wconf 90' lang='lat' dir='ltr'><strong>nisi</strong></span> <span class='ocrx_word' id='word_1_225' title='bbox 1709 2892 1860 2945; x_wconf 86' lang='lat' dir='ltr'><strong>solus</strong></span> <span class='ocrx_word' id='word_1_226' title='bbox 1892 2890 2056 2958; x_wconf 91' lang='lat' dir='ltr'><strong>Deus,</strong></span> <span class='ocrx_word' id='word_1_227' title='bbox 2103 2909 2124 2944; x_wconf 72' lang='grc' dir='ltr'><strong>ι</strong></span> 
     </span>
    </p>
   </div>
   <div class='ocr_carea' id='block_1_33' title="bbox 553 2980 2134 3048">
    <p class='ocr_par' dir='ltr' id='par_1_33' title="bbox 553 2980 2134 3048">
     <span class='ocr_line' id='line_1_33' title="bbox 553 2980 2134 3048; baseline -0.001 -10"><span class='ocrx_word' id='word_1_228' title='bbox 553 2984 800 3039; x_wconf 88' lang='lat' dir='ltr'><strong>adornet.</strong></span> <span class='ocrx_word' id='word_1_229' title='bbox 842 2981 1027 3037; x_wconf 88' lang='lat' dir='ltr'><strong>Palam</strong></span> <span class='ocrx_word' id='word_1_230' title='bbox 1064 2984 1211 3038; x_wconf 91' lang='lat' dir='ltr'><strong>enim</strong></span> <span class='ocrx_word' id='word_1_231' title='bbox 1247 2982 1511 3048; x_wconf 78' lang='lat' dir='ltr'><strong>insinuat,</strong></span> <span class='ocrx_word' id='word_1_232' title='bbox 1558 2980 1738 3038; x_wconf 87' lang='lat' dir='ltr'><strong>Patris</strong></span> <span class='ocrx_word' id='word_1_233' title='bbox 1784 2997 1987 3037; x_wconf 89' lang='lat' dir='ltr'><strong>nomen</strong></span> <span class='ocrx_word' id='word_1_234' title='bbox 2032 2982 2134 3037; x_wconf 87' lang='lat' dir='ltr'><strong>de-</strong></span> 
     </span>
    </p>
   </div>
   <div class='ocr_carea' id='block_1_34' title="bbox 554 3066 2129 3143">
    <p class='ocr_par' dir='ltr' id='par_1_34' title="bbox 554 3066 2129 3143">
     <span class='ocr_line' id='line_1_34' title="bbox 554 3066 2129 3143; baseline -0.001 -11"><span class='ocrx_word' id='word_1_235' title='bbox 554 3078 731 3132; x_wconf 87' lang='lat' dir='ltr'><strong>notari</strong></span> <span class='ocrx_word' id='word_1_236' title='bbox 764 3077 944 3131; x_wconf 85' lang='lat' dir='ltr'><strong>verbis</strong></span> <span class='ocrx_word' id='word_1_237' title='bbox 979 3077 1108 3143; x_wconf 89' lang='lat' dir='ltr'><strong>illis,</strong></span> <span class='ocrx_word' id='word_1_238' title='bbox 1144 3095 1163 3129; x_wconf 86' lang='grc' dir='ltr'><strong>ι</strong></span> <span class='ocrx_word' id='word_1_239' title='bbox 1208 3075 1318 3132; x_wconf 91' lang='lat' dir='ltr'><strong>nisi</strong></span> <span class='ocrx_word' id='word_1_240' title='bbox 1370 3076 1523 3130; x_wconf 88' lang='lat' dir='ltr'><strong>solus</strong></span> <span class='ocrx_word' id='word_1_241' title='bbox 1566 3076 1725 3132; x_wconf 89' lang='lat' dir='ltr'><strong>Deus.</strong></span> <span class='ocrx_word' id='word_1_242' title='bbox 1760 3066 1787 3128; x_wconf 75' lang='grc' dir='ltr'><strong>ἰ</strong></span> <span class='ocrx_word' id='word_1_243' title='bbox 1823 3074 1906 3131; x_wconf 90' lang='lat' dir='ltr'><strong>0b</strong></span> <span class='ocrx_word' id='word_1_244' title='bbox 1950 3076 2002 3131; x_wconf 91' lang='lat' dir='ltr'><strong>id</strong></span> <span class='ocrx_word' id='word_1_245' title='bbox 2045 3083 2129 3131; x_wconf 84' lang='lat' dir='ltr'><strong>et-</strong></span> 
     </span>
    </p>
   </div>
   <div class='ocr_carea' id='block_1_35' title="bbox 554 3164 2135 3237">
    <p class='ocr_par' dir='ltr' id='par_1_35' title="bbox 554 3164 2135 3237">
     <span class='ocr_line' id='line_1_35' title="bbox 554 3164 2135 3237; baseline 0.003 -16"><span class='ocrx_word' id='word_1_246' title='bbox 554 3169 698 3231; x_wconf 82' lang='lat' dir='ltr'><strong>enim</strong></span> <span class='ocrx_word' id='word_1_247' title='bbox 745 3167 1045 3237; x_wconf 80' lang='lat' dir='ltr'><strong>subjungit,</strong></span> <span class='ocrx_word' id='word_1_248' title='bbox 1078 3186 1097 3220; x_wconf 77' lang='grc' dir='ltr'><strong>ι</strong></span> <span class='ocrx_word' id='word_1_249' title='bbox 1140 3169 1208 3223; x_wconf 82' lang='lat' dir='ltr'><strong>At</strong></span> <span class='ocrx_word' id='word_1_250' title='bbox 1250 3182 1593 3237; x_wconf 82' lang='lat' dir='ltr'><strong>nequaquam</strong></span> <span class='ocrx_word' id='word_1_251' title='bbox 1651 3182 1716 3222; x_wconf 91' lang='lat' dir='ltr'><strong>eo</strong></span> <span class='ocrx_word' id='word_1_252' title='bbox 1745 3164 1848 3222; x_wconf 88' lang='lat' dir='ltr'><strong>loci</strong></span> <span class='ocrx_word' id='word_1_253' title='bbox 1875 3182 1935 3224; x_wconf 84' lang='lat' dir='ltr'><strong>se</strong></span> <span class='ocrx_word' id='word_1_254' title='bbox 1962 3165 2135 3225; x_wconf 87' lang='lat' dir='ltr'><strong>Filius</strong></span> 
     </span>
    </p>
   </div>
   <div class='ocr_carea' id='block_1_36' title="bbox 554 3258 2102 3325">
    <p class='ocr_par' dir='ltr' id='par_1_36' title="bbox 554 3258 2102 3325">
     <span class='ocr_line' id='line_1_36' title="bbox 554 3258 2102 3325; baseline -0.001 -10"><span class='ocrx_word' id='word_1_255' title='bbox 554 3260 747 3316; x_wconf 84' lang='lat' dir='ltr'><strong>statuit</strong></span> <span class='ocrx_word' id='word_1_256' title='bbox 775 3267 932 3314; x_wconf 88' lang='lat' dir='ltr'><strong>extra</strong></span> <span class='ocrx_word' id='word_1_257' title='bbox 964 3275 1182 3313; x_wconf 86' lang='lat' dir='ltr'><strong>omnem</strong></span> <span class='ocrx_word' id='word_1_258' title='bbox 1216 3258 1346 3313; x_wconf 86' lang='lat' dir='ltr'><strong>boni</strong></span> <span class='ocrx_word' id='word_1_259' title='bbox 1374 3273 1683 3325; x_wconf 89' lang='lat' dir='ltr'><strong>numerum,</strong></span> <span class='ocrx_word' id='word_1_260' title='bbox 1712 3273 1838 3315; x_wconf 91' lang='lat' dir='ltr'><strong>cum</strong></span> <span class='ocrx_word' id='word_1_261' title='bbox 1870 3258 2015 3315; x_wconf 75' lang='lat' dir='ltr'><strong>istud</strong></span> <span class='ocrx_word' id='word_1_262' title='bbox 2044 3260 2102 3315; x_wconf 90' lang='lat' dir='ltr'><strong>di</strong></span> 
     </span>
    </p>
   </div>
   <div class='ocr_carea' id='block_1_37' title="bbox 552 3349 2124 3417">
    <p class='ocr_par' dir='ltr' id='par_1_37' title="bbox 552 3349 2124 3417">
     <span class='ocr_line' id='line_1_37' title="bbox 552 3349 2124 3417; baseline -0.001 -11"><span class='ocrx_word' id='word_1_263' title='bbox 552 3361 724 3407; x_wconf 68' lang='lat' dir='ltr'><strong>ceret.</strong></span> <span class='ocrx_word' id='word_1_264' title='bbox 761 3367 780 3403; x_wconf 82' lang='grc' dir='ltr'><strong>ι</strong></span> <span class='ocrx_word' id='word_1_265' title='bbox 818 3349 954 3406; x_wconf 86' lang='lat' dir='ltr'><strong>Nam</strong></span> <span class='ocrx_word' id='word_1_266' title='bbox 985 3365 1113 3407; x_wconf 84' lang='lat' dir='ltr'><strong>cum</strong></span> <span class='ocrx_word' id='word_1_267' title='bbox 1157 3352 1409 3415; x_wconf 78' lang='lat' dir='ltr'><strong>dixisset,</strong></span> <span class='ocrx_word' id='word_1_268' title='bbox 1453 3369 1472 3401; x_wconf 83' lang='grc' dir='ltr'><strong>ι</strong></span> <span class='ocrx_word' id='word_1_269' title='bbox 1524 3349 1632 3404; x_wconf 87' lang='lat' dir='ltr'><strong>nisi</strong></span> <span class='ocrx_word' id='word_1_270' title='bbox 1686 3351 1834 3406; x_wconf 88' lang='lat' dir='ltr'><strong>solus</strong></span> <span class='ocrx_word' id='word_1_271' title='bbox 1894 3349 2062 3417; x_wconf 80' lang='lat' dir='ltr'><strong>Deus,</strong></span> <span class='ocrx_word' id='word_1_272' title='bbox 2104 3370 2124 3405; x_wconf 75' lang='grc' dir='ltr'><strong>ι</strong></span> 
     </span>
    </p>
   </div>
   <div class='ocr_carea' id='block_1_38' title="bbox 555 3441 2133 3512">
    <p class='ocr_par' dir='ltr' id='par_1_38' title="bbox 555 3441 2133 3512">
     <span class='ocr_line' id='line_1_38' title="bbox 555 3441 2133 3512; baseline 0.001 -15"><span class='ocrx_word' id='word_1_273' title='bbox 555 3441 813 3512; x_wconf 86' lang='lat' dir='ltr'><strong>deinceps</strong></span> <span class='ocrx_word' id='word_1_274' title='bbox 852 3444 1169 3506; x_wconf 83' lang='lat' dir='ltr'><strong>adnectens,</strong></span> <span class='ocrx_word' id='word_1_275' title='bbox 1210 3460 1229 3493; x_wconf 87' lang='grc' dir='ltr'><strong>ι</strong></span> <span class='ocrx_word' id='word_1_276' title='bbox 1276 3458 1386 3496; x_wconf 90' lang='lat' dir='ltr'><strong>non</strong></span> <span class='ocrx_word' id='word_1_277' title='bbox 1413 3452 1565 3497; x_wconf 89' lang='lat' dir='ltr'><strong>extra</strong></span> <span class='ocrx_word' id='word_1_278' title='bbox 1596 3453 1814 3498; x_wconf 88' lang='lat' dir='ltr'><strong>omnem</strong></span> <span class='ocrx_word' id='word_1_279' title='bbox 1865 3444 1995 3499; x_wconf 89' lang='lat' dir='ltr'><strong>boni</strong></span> <span class='ocrx_word' id='word_1_280' title='bbox 2026 3460 2133 3499; x_wconf 86' lang='lat' dir='ltr'><strong>nu-</strong></span> 
     </span>
    </p>
   </div>
   <div class='ocr_carea' id='block_1_39' title="bbox 556 3532 2133 3603">
    <p class='ocr_par' dir='ltr' id='par_1_39' title="bbox 556 3532 2133 3603">
     <span class='ocr_line' id='line_1_39' title="bbox 556 3532 2133 3603; baseline 0.003 -16"><span class='ocrx_word' id='word_1_281' title='bbox 556 3548 767 3587; x_wconf 87' lang='lat' dir='ltr'><strong>merum</strong></span> <span class='ocrx_word' id='word_1_282' title='bbox 817 3536 1174 3603; x_wconf 85' lang='lat' dir='ltr'><strong>semetipsum</strong></span> <span class='ocrx_word' id='word_1_283' title='bbox 1217 3532 1392 3590; x_wconf 85' lang='lat' dir='ltr'><strong>Filius</strong></span> <span class='ocrx_word' id='word_1_284' title='bbox 1423 3536 1679 3600; x_wconf 88' lang='lat' dir='ltr'><strong>collocat,</strong></span> <span class='ocrx_word' id='word_1_285' title='bbox 1721 3551 1845 3591; x_wconf 91' lang='lat' dir='ltr'><strong>cum</strong></span> <span class='ocrx_word' id='word_1_286' title='bbox 1897 3536 2013 3592; x_wconf 64' lang='lat' dir='ltr'><strong>haec</strong></span> <span class='ocrx_word' id='word_1_287' title='bbox 2043 3538 2133 3592; x_wconf 84' lang='lat' dir='ltr'><strong>di-</strong></span> 
     </span>
    </p>
   </div>
   <div class='ocr_carea' id='block_1_40' title="bbox 556 3624 2133 3698">
    <p class='ocr_par' dir='ltr' id='par_1_40' title="bbox 556 3624 2133 3698">
     <span class='ocr_line' id='line_1_40' title="bbox 556 3624 2133 3698; baseline 0.003 -18"><span class='ocrx_word' id='word_1_288' title='bbox 556 3636 722 3680; x_wconf 87' lang='lat' dir='ltr'><strong>ceret.</strong></span> <span class='ocrx_word' id='word_1_289' title='bbox 765 3644 784 3676; x_wconf 79' lang='grc'>›</span> <span class='ocrx_word' id='word_1_290' title='bbox 820 3624 896 3681; x_wconf 92' lang='lat' dir='ltr'><strong>De</strong></span> <span class='ocrx_word' id='word_1_291' title='bbox 941 3624 1103 3682; x_wconf 84' lang='lat' dir='ltr'><strong>Patre</strong></span> <span class='ocrx_word' id='word_1_292' title='bbox 1143 3628 1231 3681; x_wconf 87' lang='lat' dir='ltr'><strong>illa</strong></span> <span class='ocrx_word' id='word_1_293' title='bbox 1261 3628 1404 3681; x_wconf 82' lang='lat' dir='ltr'><strong>dicta</strong></span> <span class='ocrx_word' id='word_1_294' title='bbox 1439 3642 1560 3682; x_wconf 84' lang='lat' dir='ltr'><strong>esse</strong></span> <span class='ocrx_word' id='word_1_295' title='bbox 1591 3628 1942 3698; x_wconf 78' lang='lat' dir='ltr'><strong>signiﬁcavit,</strong></span> <span class='ocrx_word' id='word_1_296' title='bbox 1975 3647 1993 3682; x_wconf 84' lang='grc' dir='ltr'><strong>ι</strong></span> <span class='ocrx_word' id='word_1_297' title='bbox 2023 3629 2133 3685; x_wconf 82' lang='lat' dir='ltr'><strong>nisi</strong></span> 
     </span>
    </p>
   </div>
   <div class='ocr_carea' id='block_1_41' title="bbox 556 3707 2135 3790">
    <p class='ocr_par' dir='ltr' id='par_1_41' title="bbox 556 3707 2135 3790">
     <span class='ocr_line' id='line_1_41' title="bbox 556 3707 2135 3790; baseline 0.003 -19"><span class='ocrx_word' id='word_1_298' title='bbox 556 3715 707 3771; x_wconf 89' lang='lat' dir='ltr'><strong>solus</strong></span> <span class='ocrx_word' id='word_1_299' title='bbox 739 3716 899 3773; x_wconf 71' lang='lat' dir='ltr'><strong>Deus.</strong></span> <span class='ocrx_word' id='word_1_300' title='bbox 935 3736 954 3770; x_wconf 77' lang='grc' dir='ltr'><strong>ι</strong></span> <span class='ocrx_word' id='word_1_301' title='bbox 990 3718 1278 3789; x_wconf 80' lang='lat' dir='ltr'><strong>Exponens</strong></span> <span class='ocrx_word' id='word_1_302' title='bbox 1309 3735 1494 3788; x_wconf 88' lang='lat' dir='ltr'><strong>porro,</strong></span> <span class='ocrx_word' id='word_1_303' title='bbox 1523 3707 1632 3790; x_wconf 83' lang='lat' dir='ltr'><strong>quo</strong></span> <span class='ocrx_word' id='word_1_304' title='bbox 1654 3733 1810 3790; x_wconf 86' lang='lat' dir='ltr'><strong>pacto</strong></span> <span class='ocrx_word' id='word_1_305' title='bbox 1831 3734 1938 3776; x_wconf 90' lang='lat' dir='ltr'><strong>uua</strong></span> <span class='ocrx_word' id='word_1_306' title='bbox 1968 3720 2135 3776; x_wconf 79' lang='lat' dir='ltr'><strong>simul</strong></span> 
     </span>
    </p>
   </div>
   <div class='ocr_carea' id='block_1_42' title="bbox 442 3809 2132 3883">
    <p class='ocr_par' dir='ltr' id='par_1_42' title="bbox 442 3809 2132 3883">
     <span class='ocr_line' id='line_1_42' title="bbox 442 3809 2132 3883; baseline 0.003 -20"><span class='ocrx_word' id='word_1_307' title='bbox 442 3810 449 3820; x_wconf 91' lang='lat'><strong><em>&#39;</em></strong></span> <span class='ocrx_word' id='word_1_308' title='bbox 556 3809 777 3879; x_wconf 74' lang='lat' dir='ltr'><strong>intelligi</strong></span> <span class='ocrx_word' id='word_1_309' title='bbox 808 3821 991 3881; x_wconf 88' lang='lat' dir='ltr'><strong>potest</strong></span> <span class='ocrx_word' id='word_1_310' title='bbox 1015 3810 1184 3866; x_wconf 80' lang='lat' dir='ltr'><strong>Filius</strong></span> <span class='ocrx_word' id='word_1_311' title='bbox 1215 3827 1341 3866; x_wconf 88' lang='lat' dir='ltr'><strong>cum</strong></span> <span class='ocrx_word' id='word_1_312' title='bbox 1380 3812 1565 3880; x_wconf 88' lang='lat' dir='ltr'><strong>Patre,</strong></span> <span class='ocrx_word' id='word_1_313' title='bbox 1597 3824 1651 3868; x_wconf 85' lang='lat' dir='ltr'><strong>et</strong></span> <span class='ocrx_word' id='word_1_314' title='bbox 1683 3828 1794 3868; x_wconf 92' lang='lat' dir='ltr'><strong>non</strong></span> <span class='ocrx_word' id='word_1_315' title='bbox 1833 3813 2071 3883; x_wconf 86' lang='lat' dir='ltr'><strong>disjungi</strong></span> <span class='ocrx_word' id='word_1_316' title='bbox 2098 3829 2132 3868; x_wconf 87' lang='lat' dir='ltr'><strong>a</strong></span> 
     </span>
    </p>
   </div>
   <div class='ocr_carea' id='block_1_43' title="bbox 554 3892 2133 3967">
    <p class='ocr_par' dir='ltr' id='par_1_43' title="bbox 554 3892 2133 3967">
     <span class='ocr_line' id='line_1_43' title="bbox 554 3892 2133 3967; baseline 0.006 -18"><span class='ocrx_word' id='word_1_317' title='bbox 554 3892 714 3950; x_wconf 85' lang='lat' dir='ltr'><strong>Patre</strong></span> <span class='ocrx_word' id='word_1_318' title='bbox 741 3897 794 3949; x_wconf 90' lang='lat' dir='ltr'><strong>in</strong></span> <span class='ocrx_word' id='word_1_319' title='bbox 841 3899 1156 3967; x_wconf 78' lang='lat' dir='ltr'><strong>evangehco</strong></span> <span class='ocrx_word' id='word_1_320' title='bbox 1197 3901 1301 3954; x_wconf 91' lang='lat' dir='ltr'><strong>hoc</strong></span> <span class='ocrx_word' id='word_1_321' title='bbox 1350 3901 1515 3965; x_wconf 86' lang='lat' dir='ltr'><strong>dicto,</strong></span> <span class='ocrx_word' id='word_1_322' title='bbox 1555 3918 1574 3953; x_wconf 85' lang='grc' dir='ltr'><strong>ι</strong></span> <span class='ocrx_word' id='word_1_323' title='bbox 1613 3900 1785 3957; x_wconf 87' lang='lat' dir='ltr'><strong>Nemo</strong></span> <span class='ocrx_word' id='word_1_324' title='bbox 1817 3903 1995 3959; x_wconf 89' lang='lat' dir='ltr'><strong>bonus</strong></span> <span class='ocrx_word' id='word_1_325' title='bbox 2026 3903 2133 3961; x_wconf 89' lang='lat' dir='ltr'><strong>nisi</strong></span> 
     </span>
    </p>
   </div>
   <div class='ocr_carea' id='block_1_44' title="bbox 555 3984 2136 4058">
    <p class='ocr_par' dir='ltr' id='par_1_44' title="bbox 555 3984 2136 4058">
     <span class='ocr_line' id='line_1_44' title="bbox 555 3984 2136 4058; baseline 0.006 -18"><span class='ocrx_word' id='word_1_326' title='bbox 555 3986 707 4042; x_wconf 87' lang='lat' dir='ltr'><strong>solus</strong></span> <span class='ocrx_word' id='word_1_327' title='bbox 730 3984 898 4054; x_wconf 91' lang='lat' dir='ltr'><strong>Deus,</strong></span> <span class='ocrx_word' id='word_1_328' title='bbox 940 4007 961 4040; x_wconf 75' lang='grc' dir='ltr'><strong>ι</strong></span> <span class='ocrx_word' id='word_1_329' title='bbox 1006 4004 1198 4044; x_wconf 89' lang='lat' dir='ltr'><strong>rursus</strong></span> <span class='ocrx_word' id='word_1_330' title='bbox 1221 3990 1516 4058; x_wconf 87' lang='lat' dir='ltr'><strong>subnectit,</strong></span> <span class='ocrx_word' id='word_1_331' title='bbox 1547 4008 1565 4042; x_wconf 83' lang='grc' dir='ltr'><strong>ι</strong></span> <span class='ocrx_word' id='word_1_332' title='bbox 1600 3993 1694 4046; x_wconf 90' lang='lat' dir='ltr'><strong>sed</strong></span> <span class='ocrx_word' id='word_1_333' title='bbox 1725 4008 1849 4048; x_wconf 89' lang='lat' dir='ltr'><strong>cum</strong></span> <span class='ocrx_word' id='word_1_334' title='bbox 1880 3991 2039 4049; x_wconf 88' lang='lat' dir='ltr'><strong>Pater</strong></span> <span class='ocrx_word' id='word_1_335' title='bbox 2062 3994 2136 4049; x_wconf 90' lang='lat' dir='ltr'><strong>sit</strong></span> 
     </span>
    </p>
   </div>
   <div class='ocr_carea' id='block_1_45' title="bbox 555 4078 2134 4151">
    <p class='ocr_par' dir='ltr' id='par_1_45' title="bbox 555 4078 2134 4151">
     <span class='ocr_line' id='line_1_45' title="bbox 555 4078 2134 4151; baseline 0.008 -21"><span class='ocrx_word' id='word_1_336' title='bbox 555 4078 793 4147; x_wconf 89' lang='lat' dir='ltr'><strong>primum</strong></span> <span class='ocrx_word' id='word_1_337' title='bbox 846 4086 901 4134; x_wconf 89' lang='lat' dir='ltr'><strong>et</strong></span> <span class='ocrx_word' id='word_1_338' title='bbox 956 4081 1256 4151; x_wconf 90' lang='lat' dir='ltr'><strong>principale</strong></span> <span class='ocrx_word' id='word_1_339' title='bbox 1308 4082 1532 4147; x_wconf 85' lang='lat' dir='ltr'><strong>bonum,</strong></span> <span class='ocrx_word' id='word_1_340' title='bbox 1564 4084 1840 4140; x_wconf 86' lang='lat' dir='ltr'><strong>credimus</strong></span> <span class='ocrx_word' id='word_1_341' title='bbox 1893 4088 2134 4142; x_wconf 88' lang='lat' dir='ltr'><strong>secundo</strong></span> 
     </span>
    </p>
   </div>
   <div class='ocr_carea' id='block_1_46' title="bbox 555 4167 2131 4246">
    <p class='ocr_par' dir='ltr' id='par_1_46' title="bbox 555 4167 2131 4246">
     <span class='ocr_line' id='line_1_46' title="bbox 555 4167 2131 4246; baseline 0.006 -24"><span class='ocrx_word' id='word_1_342' title='bbox 555 4167 679 4223; x_wconf 91' lang='lat' dir='ltr'><strong>loco</strong></span> <span class='ocrx_word' id='word_1_343' title='bbox 700 4168 807 4223; x_wconf 90' lang='lat' dir='ltr'><strong>dici</strong></span> <span class='ocrx_word' id='word_1_344' title='bbox 842 4169 1068 4226; x_wconf 86' lang='lat' dir='ltr'><strong>bonum.</strong></span> <span class='ocrx_word' id='word_1_345' title='bbox 1102 4189 1122 4224; x_wconf 70' lang='grc' dir='ltr'><strong>ι</strong></span> <span class='ocrx_word' id='word_1_346' title='bbox 1151 4175 1237 4229; x_wconf 79' lang='lat' dir='ltr'><strong>An</strong></span> <span class='ocrx_word' id='word_1_347' title='bbox 1274 4172 1382 4227; x_wconf 87' lang='lat' dir='ltr'><strong>hoc</strong></span> <span class='ocrx_word' id='word_1_348' title='bbox 1404 4173 1697 4229; x_wconf 86' lang='lat' dir='ltr'><strong>dilucidius</strong></span> <span class='ocrx_word' id='word_1_349' title='bbox 1727 4174 1907 4229; x_wconf 79' lang='lat' dir='ltr'><strong>aﬂ‘erri</strong></span> <span class='ocrx_word' id='word_1_350' title='bbox 1935 4185 2131 4246; x_wconf 89' lang='lat' dir='ltr'><strong>potest,</strong></span> 
     </span>
    </p>
   </div>
   <div class='ocr_carea' id='block_1_47' title="bbox 557 4259 2133 4338">
    <p class='ocr_par' dir='ltr' id='par_1_47' title="bbox 557 4259 2133 4338">
     <span class='ocr_line' id='line_1_47' title="bbox 557 4259 2133 4338; baseline 0.006 -25"><span class='ocrx_word' id='word_1_351' title='bbox 557 4259 623 4314; x_wconf 90' lang='lat' dir='ltr'><strong>ad</strong></span> <span class='ocrx_word' id='word_1_352' title='bbox 660 4260 1024 4330; x_wconf 88' lang='lat' dir='ltr'><strong>probandum,</strong></span> <span class='ocrx_word' id='word_1_353' title='bbox 1052 4276 1159 4318; x_wconf 92' lang='lat' dir='ltr'><strong>non</strong></span> <span class='ocrx_word' id='word_1_354' title='bbox 1189 4264 1257 4318; x_wconf 91' lang='lat' dir='ltr'><strong>ad</strong></span> <span class='ocrx_word' id='word_1_355' title='bbox 1292 4263 1702 4320; x_wconf 89' lang='lat' dir='ltr'><strong>distinctionem</strong></span> <span class='ocrx_word' id='word_1_356' title='bbox 1732 4264 1855 4323; x_wconf 88' lang='lat' dir='ltr'><strong>Filii</strong></span> <span class='ocrx_word' id='word_1_357' title='bbox 1886 4282 2133 4338; x_wconf 88' lang='lat' dir='ltr'><strong>pronun-</strong></span> 
     </span>
    </p>
   </div>
   <div class='ocr_carea' id='block_1_48' title="bbox 558 4350 2135 4425">
    <p class='ocr_par' dir='ltr' id='par_1_48' title="bbox 558 4350 2135 4425">
     <span class='ocr_line' id='line_1_48' title="bbox 558 4350 2135 4425; baseline 0.005 -19"><span class='ocrx_word' id='word_1_358' title='bbox 558 4351 705 4420; x_wconf 87' lang='lat' dir='ltr'><strong>tiari,</strong></span> <span class='ocrx_word' id='word_1_359' title='bbox 740 4370 759 4405; x_wconf 85' lang='grc' dir='ltr'><strong>ι</strong></span> <span class='ocrx_word' id='word_1_360' title='bbox 794 4350 963 4409; x_wconf 87' lang='lat' dir='ltr'><strong>Nemo</strong></span> <span class='ocrx_word' id='word_1_361' title='bbox 985 4354 1162 4411; x_wconf 88' lang='lat' dir='ltr'><strong>bonus</strong></span> <span class='ocrx_word' id='word_1_362' title='bbox 1197 4356 1303 4413; x_wconf 89' lang='lat' dir='ltr'><strong>nisi</strong></span> <span class='ocrx_word' id='word_1_363' title='bbox 1343 4356 1494 4413; x_wconf 84' lang='lat' dir='ltr'><strong>solus</strong></span> <span class='ocrx_word' id='word_1_364' title='bbox 1526 4356 1693 4425; x_wconf 87' lang='lat' dir='ltr'><strong>Deus,</strong></span> <span class='ocrx_word' id='word_1_365' title='bbox 1743 4376 1762 4409; x_wconf 75' lang='grc' dir='ltr'><strong>ι</strong></span> <span class='ocrx_word' id='word_1_366' title='bbox 1809 4359 1902 4413; x_wconf 87' lang='lat' dir='ltr'><strong>sed</strong></span> <span class='ocrx_word' id='word_1_367' title='bbox 1934 4359 1999 4413; x_wconf 91' lang='lat' dir='ltr'><strong>ad</strong></span> <span class='ocrx_word' id='word_1_368' title='bbox 2033 4358 2135 4414; x_wconf 89' lang='lat' dir='ltr'><strong>de-</strong></span> 
     </span>
    </p>
   </div>
   <div class='ocr_carea' id='block_1_49' title="bbox 2230 508 3813 582">
    <p class='ocr_par' dir='ltr' id='par_1_49' title="bbox 2230 508 3813 582">
     <span class='ocr_line' id='line_1_49' title="bbox 2230 508 3813 582; baseline -0.001 -20"><span class='ocrx_word' id='word_1_369' title='bbox 2230 510 2545 580; x_wconf 78' lang='grc' dir='ltr'>προθέσεως</span> <span class='ocrx_word' id='word_1_370' title='bbox 2586 511 2660 580; x_wconf 84' lang='grc' dir='ltr'>μὴ</span> <span class='ocrx_word' id='word_1_371' title='bbox 2701 511 3165 582; x_wconf 88' lang='grc' dir='ltr'>παραχωρούσης,</span> <span class='ocrx_word' id='word_1_372' title='bbox 3219 511 3280 564; x_wconf 88' lang='grc' dir='ltr'><strong>τὸ</strong></span> <span class='ocrx_word' id='word_1_373' title='bbox 3310 529 3329 563; x_wconf 86' lang='grc' dir='ltr'><strong>ι</strong></span> <span class='ocrx_word' id='word_1_374' title='bbox 3362 512 3426 564; x_wconf 80' lang='grc' dir='ltr'><strong>ὲκ</strong></span> <span class='ocrx_word' id='word_1_375' title='bbox 3489 509 3654 579; x_wconf 77' lang='grc' dir='ltr'>μόνου</span> <span class='ocrx_word' id='word_1_376' title='bbox 3715 508 3813 561; x_wconf 81' lang='grc' dir='ltr'><strong>τοῦ</strong></span> 
     </span>
    </p>
   </div>
   <div class='ocr_carea' id='block_1_50' title="bbox 2230 600 3818 675">
    <p class='ocr_par' dir='ltr' id='par_1_50' title="bbox 2230 600 3818 675">
     <span class='ocr_line' id='line_1_50' title="bbox 2230 600 3818 675; baseline -0.001 -20"><span class='ocrx_word' id='word_1_377' title='bbox 2230 604 2445 673; x_wconf 86' lang='grc' dir='ltr'>Πατρὸς</span> <span class='ocrx_word' id='word_1_378' title='bbox 2475 622 2494 656; x_wconf 72' lang='grc' dir='ltr'><strong>ι</strong></span> <span class='ocrx_word' id='word_1_379' title='bbox 2533 604 2589 656; x_wconf 82' lang='grc' dir='ltr'>ὲν</span> <span class='ocrx_word' id='word_1_380' title='bbox 2615 606 2682 674; x_wconf 79' lang='grc' dir='ltr'>τῇ</span> <span class='ocrx_word' id='word_1_381' title='bbox 2714 604 2776 657; x_wconf 69' lang='grc' dir='ltr'><strong>ὲκ</strong></span> <span class='ocrx_word' id='word_1_382' title='bbox 2812 604 3024 675; x_wconf 87' lang='grc' dir='ltr'>Πατρὸς</span> <span class='ocrx_word' id='word_1_383' title='bbox 3074 602 3306 674; x_wconf 82' lang='grc' dir='ltr'><strong>ὑπάρξει</strong></span> <span class='ocrx_word' id='word_1_384' title='bbox 3357 600 3455 655; x_wconf 83' lang='grc' dir='ltr'>τοῦ</span> <span class='ocrx_word' id='word_1_385' title='bbox 3495 601 3818 672; x_wconf 85' lang='grc' dir='ltr'>Πνεύματος</span> 
     </span>
    </p>
   </div>
   <div class='ocr_carea' id='block_1_51' title="bbox 2231 690 3812 766">
    <p class='ocr_par' dir='ltr' id='par_1_51' title="bbox 2231 690 3812 766">
     <span class='ocr_line' id='line_1_51' title="bbox 2231 690 3812 766; baseline -0.001 -18"><span class='ocrx_word' id='word_1_386' title='bbox 2231 694 2311 758; x_wconf 71' lang='grc' dir='ltr'><strong>εἰς</strong></span> <span class='ocrx_word' id='word_1_387' title='bbox 2345 694 2643 765; x_wconf 76' lang='grc' dir='ltr'><strong>διαστολὴν</strong></span> <span class='ocrx_word' id='word_1_388' title='bbox 2674 695 3059 766; x_wconf 79' lang='grc' dir='ltr'>λαμϐάνεσθαι</span> <span class='ocrx_word' id='word_1_389' title='bbox 3085 696 3178 748; x_wconf 83' lang='grc' dir='ltr'>τοῦ</span> <span class='ocrx_word' id='word_1_390' title='bbox 3211 693 3366 761; x_wconf 72' lang='grc' dir='ltr'>Υῐοῦ,</span> <span class='ocrx_word' id='word_1_391' title='bbox 3398 690 3509 763; x_wconf 81' lang='grc' dir='ltr'><strong>ἆρά</strong></span> <span class='ocrx_word' id='word_1_392' title='bbox 3536 711 3599 762; x_wconf 89' lang='grc' dir='ltr'><strong>γε</strong></span> <span class='ocrx_word' id='word_1_393' title='bbox 3634 693 3812 748; x_wconf 86' lang='grc' dir='ltr'>πείθο-</span> 
     </span>
    </p>
   </div>
   <div class='ocr_carea' id='block_1_52' title="bbox 2235 784 3819 859">
    <p class='ocr_par' dir='ltr' id='par_1_52' title="bbox 2235 784 3819 859">
     <span class='ocr_line' id='line_1_52' title="bbox 2235 784 3819 859; baseline -0.001 -20"><span class='ocrx_word' id='word_1_394' title='bbox 2235 786 2338 857; x_wconf 86' lang='grc' dir='ltr'><strong>μέν</strong></span> <span class='ocrx_word' id='word_1_395' title='bbox 2392 803 2451 840; x_wconf 87' lang='grc' dir='ltr'><strong>σε</strong></span> <span class='ocrx_word' id='word_1_396' title='bbox 2501 789 2566 840; x_wconf 82' lang='grc' dir='ltr'><strong>ἐκ</strong></span> <span class='ocrx_word' id='word_1_397' title='bbox 2621 786 2731 840; x_wconf 84' lang='grc' dir='ltr'>τῶν</span> <span class='ocrx_word' id='word_1_398' title='bbox 2777 788 2877 859; x_wconf 66' lang='grc' dir='ltr'><strong>ἤδη</strong></span> <span class='ocrx_word' id='word_1_399' title='bbox 2922 787 3233 857; x_wconf 79' lang='grc' dir='ltr'><strong>εἰρημένων</strong></span> <span class='ocrx_word' id='word_1_400' title='bbox 3272 789 3410 858; x_wconf 83' lang='grc' dir='ltr'>ἡμῖν</span> <span class='ocrx_word' id='word_1_401' title='bbox 3457 786 3557 858; x_wconf 79' lang='grc' dir='ltr'><strong>τὴν</strong></span> <span class='ocrx_word' id='word_1_402' title='bbox 3604 784 3819 839; x_wconf 71' lang='grc' dir='ltr'>ἔννοιαν</span> 
     </span>
    </p>
   </div>
   <div class='ocr_carea' id='block_1_53' title="bbox 2234 878 3818 951">
    <p class='ocr_par' dir='ltr' id='par_1_53' title="bbox 2234 878 3818 951">
     <span class='ocr_line' id='line_1_53' title="bbox 2234 878 3818 951; baseline 0.001 -22"><span class='ocrx_word' id='word_1_403' title='bbox 2234 878 2645 949; x_wconf 77' lang='grc' dir='ltr'><strong>παραδέξασθαι</strong></span> <span class='ocrx_word' id='word_1_404' title='bbox 2668 879 2898 951; x_wconf 77' lang='grc' dir='ltr'>ταύτην,</span> <span class='ocrx_word' id='word_1_405' title='bbox 2927 879 2961 951; x_wconf 78' lang='grc' dir='ltr'>ἢ</span> <span class='ocrx_word' id='word_1_406' title='bbox 2997 881 3081 933; x_wconf 80' lang='grc' dir='ltr'><strong>δεῖ</strong></span> <span class='ocrx_word' id='word_1_407' title='bbox 3126 897 3211 932; x_wconf 91' lang='grc' dir='ltr'><strong>σοι</strong></span> <span class='ocrx_word' id='word_1_408' title='bbox 3242 882 3338 933; x_wconf 76' lang='grc' dir='ltr'>καὶ</span> <span class='ocrx_word' id='word_1_409' title='bbox 3378 878 3584 949; x_wconf 69' lang='grc' dir='ltr'>ἑτέρων</span> <span class='ocrx_word' id='word_1_410' title='bbox 3613 894 3818 949; x_wconf 81' lang='grc' dir='ltr'>γραφι-</span> 
     </span>
    </p>
   </div>
   <div class='ocr_carea' id='block_1_54' title="bbox 2234 971 3910 1041">
    <p class='ocr_par' dir='ltr' id='par_1_54' title="bbox 2234 971 3910 1041">
     <span class='ocr_line' id='line_1_54' title="bbox 2234 971 3910 1041; baseline 0.002 -18"><span class='ocrx_word' id='word_1_411' title='bbox 2234 971 2345 1025; x_wconf 63' lang='grc' dir='ltr'>κιῖεν</span> <span class='ocrx_word' id='word_1_412' title='bbox 2402 972 2743 1041; x_wconf 86' lang='grc' dir='ltr'>μαρτυριῶν,</span> <span class='ocrx_word' id='word_1_413' title='bbox 2801 974 2952 1036; x_wconf 81' lang='grc' dir='ltr'>ὅπως</span> <span class='ocrx_word' id='word_1_414' title='bbox 3003 971 3069 1026; x_wconf 85' lang='grc' dir='ltr'>ἂν</span> <span class='ocrx_word' id='word_1_415' title='bbox 3123 973 3465 1041; x_wconf 82' lang='grc' dir='ltr'>σαφέστερον</span> <span class='ocrx_word' id='word_1_416' title='bbox 3508 974 3698 1040; x_wconf 81' lang='grc' dir='ltr'><strong>γνοίης</strong></span> <span class='ocrx_word' id='word_1_417' title='bbox 3742 972 3820 1033; x_wconf 72' lang='grc' dir='ltr'><strong>εἰς</strong></span> <span class='ocrx_word' id='word_1_418' title='bbox 3906 1023 3910 1027; x_wconf 83' lang='grc'>.</span> 
     </span>
    </p>
   </div>
   <div class='ocr_carea' id='block_1_55' title="bbox 2236 1060 3821 1136">
    <p class='ocr_par' dir='ltr' id='par_1_55' title="bbox 2236 1060 3821 1136">
     <span class='ocr_line' id='line_1_55' title="bbox 2236 1060 3821 1136; baseline -0.001 -21"><span class='ocrx_word' id='word_1_419' title='bbox 2236 1066 2583 1133; x_wconf 65' lang='grc' dir='ltr'>παράστασιν</span> <span class='ocrx_word' id='word_1_420' title='bbox 2605 1063 2699 1118; x_wconf 83' lang='grc' dir='ltr'>τοῦ</span> <span class='ocrx_word' id='word_1_421' title='bbox 2733 1066 2952 1136; x_wconf 69' lang='grc' dir='ltr'>πρῶτον</span> <span class='ocrx_word' id='word_1_422' title='bbox 2981 1065 3157 1117; x_wconf 81' lang='grc' dir='ltr'>αἴτιον</span> <span class='ocrx_word' id='word_1_423' title='bbox 3187 1065 3280 1117; x_wconf 84' lang='grc' dir='ltr'><strong>τὸν</strong></span> <span class='ocrx_word' id='word_1_424' title='bbox 3312 1065 3534 1135; x_wconf 82' lang='grc' dir='ltr'>Πατέρα</span> <span class='ocrx_word' id='word_1_425' title='bbox 3566 1060 3707 1116; x_wconf 78' lang='grc' dir='ltr'>εἶναι</span> <span class='ocrx_word' id='word_1_426' title='bbox 3738 1079 3821 1127; x_wconf 87' lang='grc' dir='ltr'><strong>τε,</strong></span> 
     </span>
    </p>
   </div>
   <div class='ocr_carea' id='block_1_56' title="bbox 2235 1152 3822 1226">
    <p class='ocr_par' dir='ltr' id='par_1_56' title="bbox 2235 1152 3822 1226">
     <span class='ocr_line' id='line_1_56' title="bbox 2235 1152 3822 1226; baseline -0.001 -18"><span class='ocrx_word' id='word_1_427' title='bbox 2235 1158 2331 1208; x_wconf 80' lang='grc' dir='ltr'>καὶ</span> <span class='ocrx_word' id='word_1_428' title='bbox 2366 1156 2604 1209; x_wconf 84' lang='grc' dir='ltr'>νοεῖσθαι</span> <span class='ocrx_word' id='word_1_429' title='bbox 2648 1158 2711 1210; x_wconf 83' lang='grc' dir='ltr'><strong>τὸ</strong></span> <span class='ocrx_word' id='word_1_430' title='bbox 2768 1176 2786 1209; x_wconf 86' lang='grc' dir='ltr'><strong>ι</strong></span> <span class='ocrx_word' id='word_1_431' title='bbox 2821 1158 2886 1211; x_wconf 68' lang='grc' dir='ltr'><strong>ὲκ</strong></span> <span class='ocrx_word' id='word_1_432' title='bbox 2947 1156 3113 1226; x_wconf 86' lang='grc' dir='ltr'>μόνου</span> <span class='ocrx_word' id='word_1_433' title='bbox 3157 1174 3177 1207; x_wconf 77' lang='grc' dir='ltr'><strong>ι</strong></span> <span class='ocrx_word' id='word_1_434' title='bbox 3240 1155 3621 1226; x_wconf 75' lang='grc' dir='ltr'>λαμδάνεσθαι</span> <span class='ocrx_word' id='word_1_435' title='bbox 3661 1173 3680 1206; x_wconf 80' lang='grc' dir='ltr'><strong>ι</strong></span> <span class='ocrx_word' id='word_1_436' title='bbox 3724 1152 3822 1206; x_wconf 76' lang='grc' dir='ltr'>τοῦ</span> 
     </span>
    </p>
   </div>
   <div class='ocr_carea' id='block_1_57' title="bbox 2236 1247 3823 1321">
    <p class='ocr_par' dir='ltr' id='par_1_57' title="bbox 2236 1247 3823 1321">
     <span class='ocr_line' id='line_1_57' title="bbox 2236 1247 3823 1321; baseline -0.002 -20"><span class='ocrx_word' id='word_1_437' title='bbox 2236 1248 2474 1319; x_wconf 85' lang='grc' dir='ltr'>Πατρὸς,</span> <span class='ocrx_word' id='word_1_438' title='bbox 2505 1267 2525 1302; x_wconf 68' lang='grc' dir='ltr'><strong>ι</strong></span> <span class='ocrx_word' id='word_1_439' title='bbox 2558 1249 2721 1321; x_wconf 74' lang='grc' dir='ltr'>εἰπερ</span> <span class='ocrx_word' id='word_1_440' title='bbox 2749 1250 2816 1303; x_wconf 82' lang='grc' dir='ltr'>ἂν</span> <span class='ocrx_word' id='word_1_441' title='bbox 2841 1249 2981 1313; x_wconf 87' lang='grc' dir='ltr'>τέως</span> <span class='ocrx_word' id='word_1_442' title='bbox 3008 1248 3170 1301; x_wconf 81' lang='grc' dir='ltr'>τοῦτο</span> <span class='ocrx_word' id='word_1_443' title='bbox 3204 1249 3299 1301; x_wconf 74' lang='grc' dir='ltr'>καὶ</span> <span class='ocrx_word' id='word_1_444' title='bbox 3329 1247 3585 1319; x_wconf 71' lang='grc' dir='ltr'>εὑρεθείη</span> <span class='ocrx_word' id='word_1_445' title='bbox 3618 1247 3677 1300; x_wconf 79' lang='grc' dir='ltr'><strong>εν</strong></span> <span class='ocrx_word' id='word_1_446' title='bbox 3705 1261 3823 1299; x_wconf 85' lang='grc' dir='ltr'>τισι</span> 
     </span>
    </p>
   </div>
   <div class='ocr_carea' id='block_1_58' title="bbox 2239 1334 3825 1412">
    <p class='ocr_par' dir='ltr' id='par_1_58' title="bbox 2239 1334 3825 1412">
     <span class='ocr_line' id='line_1_58' title="bbox 2239 1334 3825 1412; baseline -0.002 -19"><span class='ocrx_word' id='word_1_447' title='bbox 2239 1340 2575 1409; x_wconf 86' lang='grc' dir='ltr'>θεολογικαῖς</span> <span class='ocrx_word' id='word_1_448' title='bbox 2599 1341 2793 1412; x_wconf 78' lang='grc' dir='ltr'>ρήσεσι</span> <span class='ocrx_word' id='word_1_449' title='bbox 2826 1341 3085 1411; x_wconf 81' lang='grc' dir='ltr'>κείμενον</span> <span class='ocrx_word' id='word_1_450' title='bbox 3118 1358 3133 1406; x_wconf 90' lang='lat'><strong>;</strong></span> <span class='ocrx_word' id='word_1_451' title='bbox 3167 1334 3298 1394; x_wconf 74' lang='grc' dir='ltr'>Οἶδα</span> <span class='ocrx_word' id='word_1_452' title='bbox 3341 1339 3418 1402; x_wconf 83' lang='grc' dir='ltr'>ὡς</span> <span class='ocrx_word' id='word_1_453' title='bbox 3459 1339 3542 1392; x_wconf 85' lang='grc' dir='ltr'><strong>δεῖ</strong></span> <span class='ocrx_word' id='word_1_454' title='bbox 3593 1355 3678 1390; x_wconf 89' lang='grc' dir='ltr'><strong>σοι</strong></span> <span class='ocrx_word' id='word_1_455' title='bbox 3724 1340 3825 1390; x_wconf 74' lang='grc' dir='ltr'>καὶ</span> 
     </span>
    </p>
   </div>
   <div class='ocr_carea' id='block_1_59' title="bbox 2241 1429 3824 1503">
    <p class='ocr_par' dir='ltr' id='par_1_59' title="bbox 2241 1429 3824 1503">
     <span class='ocr_line' id='line_1_59' title="bbox 2241 1429 3824 1503; baseline -0.004 -17"><span class='ocrx_word' id='word_1_456' title='bbox 2241 1432 2560 1503; x_wconf 84' lang='grc' dir='ltr'>μαρτυριῶν</span> <span class='ocrx_word' id='word_1_457' title='bbox 2593 1434 2821 1501; x_wconf 80' lang='grc' dir='ltr'>ἐτέρων,</span> <span class='ocrx_word' id='word_1_458' title='bbox 2849 1433 2916 1497; x_wconf 76' lang='grc' dir='ltr'>ἃς</span> <span class='ocrx_word' id='word_1_459' title='bbox 2952 1434 3050 1488; x_wconf 78' lang='grc' dir='ltr'>καὶ</span> <span class='ocrx_word' id='word_1_460' title='bbox 3087 1433 3164 1503; x_wconf 84' lang='grc' dir='ltr'>μὴ</span> <span class='ocrx_word' id='word_1_461' title='bbox 3200 1429 3622 1499; x_wconf 81' lang='grc' dir='ltr'>ἀπαιτούμενοι.</span> <span class='ocrx_word' id='word_1_462' title='bbox 3656 1431 3824 1499; x_wconf 79' lang='grc' dir='ltr'>ἡμεῖς</span> 
     </span>
    </p>
   </div>
   <div class='ocr_carea' id='block_1_60' title="bbox 2240 1517 3825 1593">
    <p class='ocr_par' dir='ltr' id='par_1_60' title="bbox 2240 1517 3825 1593">
     <span class='ocr_line' id='line_1_60' title="bbox 2240 1517 3825 1593; baseline -0.001 -19"><span class='ocrx_word' id='word_1_463' title='bbox 2240 1524 2581 1593; x_wconf 72' lang='grc' dir='ltr'>προαγαγεῖν</span> <span class='ocrx_word' id='word_1_464' title='bbox 2608 1523 3032 1593; x_wconf 77' lang='grc' dir='ltr'>ἠναγκάσμεθα,</span> <span class='ocrx_word' id='word_1_465' title='bbox 3064 1522 3140 1585; x_wconf 87' lang='grc' dir='ltr'>ὡς</span> <span class='ocrx_word' id='word_1_466' title='bbox 3193 1523 3255 1574; x_wconf 81' lang='grc' dir='ltr'>ὲν</span> <span class='ocrx_word' id='word_1_467' title='bbox 3280 1523 3395 1584; x_wconf 89' lang='grc' dir='ltr'>τοῖς</span> <span class='ocrx_word' id='word_1_468' title='bbox 3429 1521 3696 1575; x_wconf 78' lang='grc' dir='ltr'><strong>ἀνωτάτω</strong></span> <span class='ocrx_word' id='word_1_469' title='bbox 3726 1517 3825 1572; x_wconf 82' lang='grc' dir='ltr'><strong>τοῦ</strong></span> 
     </span>
    </p>
   </div>
   <div class='ocr_carea' id='block_1_61' title="bbox 2238 1609 3826 1683">
    <p class='ocr_par' dir='ltr' id='par_1_61' title="bbox 2238 1609 3826 1683">
     <span class='ocr_line' id='line_1_61' title="bbox 2238 1609 3826 1683; baseline -0.004 -16"><span class='ocrx_word' id='word_1_470' title='bbox 2238 1613 2400 1682; x_wconf 83' lang='grc' dir='ltr'>λόγου</span> <span class='ocrx_word' id='word_1_471' title='bbox 2445 1614 2619 1678; x_wconf 77' lang='grc' dir='ltr'>αὐτὰς</span> <span class='ocrx_word' id='word_1_472' title='bbox 2668 1613 3272 1683; x_wconf 72' lang='grc' dir='ltr'>προεπαγγειλάμενοι.</span> <span class='ocrx_word' id='word_1_473' title='bbox 3317 1612 3375 1664; x_wconf 82' lang='lat'><strong>&#39;0</strong></span> <span class='ocrx_word' id='word_1_474' title='bbox 3431 1612 3608 1681; x_wconf 83' lang='grc' dir='ltr'>μέγας</span> <span class='ocrx_word' id='word_1_475' title='bbox 3656 1609 3826 1661; x_wconf 81' lang='grc' dir='ltr'>Βασι-</span> 
     </span>
    </p>
   </div>
   <div class='ocr_carea' id='block_1_62' title="bbox 2241 1692 3827 1777">
    <p class='ocr_par' dir='ltr' id='par_1_62' title="bbox 2241 1692 3827 1777">
     <span class='ocr_line' id='line_1_62' title="bbox 2241 1692 3827 1777; baseline -0.004 -20"><span class='ocrx_word' id='word_1_476' title='bbox 2241 1705 2385 1769; x_wconf 86' lang='grc' dir='ltr'>λειος</span> <span class='ocrx_word' id='word_1_477' title='bbox 2426 1707 2485 1758; x_wconf 80' lang='grc' dir='ltr'>ὲν</span> <span class='ocrx_word' id='word_1_478' title='bbox 2547 1706 2651 1777; x_wconf 76' lang='grc' dir='ltr'>μιᾷ</span> <span class='ocrx_word' id='word_1_479' title='bbox 2688 1706 2797 1758; x_wconf 83' lang='grc' dir='ltr'>τῶν</span> <span class='ocrx_word' id='word_1_480' title='bbox 2844 1704 2979 1775; x_wconf 87' lang='grc' dir='ltr'>πρὸς</span> <span class='ocrx_word' id='word_1_481' title='bbox 3017 1702 3366 1773; x_wconf 82' lang='grc' dir='ltr'>’Δμφιλόχιον</span> <span class='ocrx_word' id='word_1_482' title='bbox 3394 1699 3724 1763; x_wconf 72' lang='grc' dir='ltr'>ἐπιστολῶν,</span> <span class='ocrx_word' id='word_1_483' title='bbox 3757 1692 3827 1767; x_wconf 80' lang='grc' dir='ltr'>ἦς</span> 
     </span>
    </p>
   </div>
   <div class='ocr_carea' id='block_1_63' title="bbox 2243 1792 3829 1869">
    <p class='ocr_par' dir='ltr' id='par_1_63' title="bbox 2243 1792 3829 1869">
     <span class='ocr_line' id='line_1_63' title="bbox 2243 1792 3829 1869; baseline -0.005 -18"><span class='ocrx_word' id='word_1_484' title='bbox 2243 1798 2277 1869; x_wconf 79' lang='grc' dir='ltr'>ἡ</span> <span class='ocrx_word' id='word_1_485' title='bbox 2306 1797 2471 1869; x_wconf 85' lang='grc' dir='ltr'>ἀρχὴ,</span> <span class='ocrx_word' id='word_1_486' title='bbox 2513 1817 2532 1850; x_wconf 81' lang='grc' dir='ltr'><strong>ι</strong></span> <span class='ocrx_word' id='word_1_487' title='bbox 2580 1797 2955 1869; x_wconf 74' lang='grc' dir='ltr'>Ἐζητημένον</span> <span class='ocrx_word' id='word_1_488' title='bbox 2988 1795 3089 1867; x_wconf 66' lang='grc' dir='ltr'><strong>ἠδη</strong></span> <span class='ocrx_word' id='word_1_489' title='bbox 3124 1795 3280 1865; x_wconf 84' lang='grc' dir='ltr'><strong>παρά</strong></span> <span class='ocrx_word' id='word_1_490' title='bbox 3313 1793 3532 1856; x_wconf 78' lang='grc' dir='ltr'>πολλοῖς</span> <span class='ocrx_word' id='word_1_491' title='bbox 3562 1792 3624 1845; x_wconf 85' lang='grc' dir='ltr'><strong>τὸ</strong></span> <span class='ocrx_word' id='word_1_492' title='bbox 3647 1792 3829 1862; x_wconf 80' lang='grc' dir='ltr'>Εὐαγ-</span> 
     </span>
    </p>
   </div>
   <div class='ocr_carea' id='block_1_64' title="bbox 2239 1883 3827 1961">
    <p class='ocr_par' dir='ltr' id='par_1_64' title="bbox 2239 1883 3827 1961">
     <span class='ocr_line' id='line_1_64' title="bbox 2239 1883 3827 1961; baseline -0.003 -21"><span class='ocrx_word' id='word_1_493' title='bbox 2239 1889 2462 1958; x_wconf 80' lang='grc' dir='ltr'>γελικὸν</span> <span class='ocrx_word' id='word_1_494' title='bbox 2512 1890 2700 1961; x_wconf 81' lang='grc' dir='ltr'>ῥητὸν,</span> <span class='ocrx_word' id='word_1_495' title='bbox 2727 1888 2989 1960; x_wconf 73' lang='grc' dir='ltr'>περὶ-τοῦ</span> <span class='ocrx_word' id='word_1_496' title='bbox 3052 1889 3272 1958; x_wconf 79' lang='grc' dir='ltr'>ἀγνοεῖν</span> <span class='ocrx_word' id='word_1_497' title='bbox 3299 1886 3391 1939; x_wconf 87' lang='grc' dir='ltr'><strong>τὸν</strong></span> <span class='ocrx_word' id='word_1_498' title='bbox 3425 1884 3630 1956; x_wconf 81' lang='grc' dir='ltr'>Κύριον</span> <span class='ocrx_word' id='word_1_499' title='bbox 3660 1883 3827 1954; x_wconf 73' lang='grc' dir='ltr'>ἡμῶν</span> 
     </span>
    </p>
   </div>
   <div class='ocr_carea' id='block_1_65' title="bbox 2254 1975 3829 2055">
    <p class='ocr_par' dir='ltr' id='par_1_65' title="bbox 2254 1975 3829 2055">
     <span class='ocr_line' id='line_1_65' title="bbox 2254 1975 3829 2055; baseline -0.006 -19"><span class='ocrx_word' id='word_1_500' title='bbox 2254 1981 2463 2055; x_wconf 72' lang='grc' dir='ltr'><strong>Ἰησοῦν</strong></span> <span class='ocrx_word' id='word_1_501' title='bbox 2505 1981 2742 2052; x_wconf 82' lang='grc' dir='ltr'>Χριστὸν</span> <span class='ocrx_word' id='word_1_502' title='bbox 2792 1982 2894 2052; x_wconf 81' lang='grc' dir='ltr'><strong>τὴν</strong></span> <span class='ocrx_word' id='word_1_503' title='bbox 2944 1980 3159 2052; x_wconf 80' lang='grc' dir='ltr'>ἡμέραν</span> <span class='ocrx_word' id='word_1_504' title='bbox 3210 1980 3305 2033; x_wconf 74' lang='grc' dir='ltr'>τοῦ</span> <span class='ocrx_word' id='word_1_505' title='bbox 3360 1978 3550 2041; x_wconf 80' lang='grc' dir='ltr'><strong>τέλους</strong></span> <span class='ocrx_word' id='word_1_506' title='bbox 3594 1975 3691 2030; x_wconf 76' lang='grc' dir='ltr'>καὶ</span> <span class='ocrx_word' id='word_1_507' title='bbox 3720 1975 3829 2046; x_wconf 78' lang='grc' dir='ltr'>τὴν</span> 
     </span>
    </p>
   </div>
   <div class='ocr_carea' id='block_1_66' title="bbox 2239 2062 3830 2146">
    <p class='ocr_par' dir='ltr' id='par_1_66' title="bbox 2239 2062 3830 2146">
     <span class='ocr_line' id='line_1_66' title="bbox 2239 2062 3830 2146; baseline -0.007 -16"><span class='ocrx_word' id='word_1_508' title='bbox 2239 2074 2412 2145; x_wconf 83' lang='grc' dir='ltr'>ὥραν,</span> <span class='ocrx_word' id='word_1_509' title='bbox 2453 2095 2472 2128; x_wconf 77' lang='grc' dir='ltr'><strong>ι</strong></span> <span class='ocrx_word' id='word_1_510' title='bbox 2515 2076 2674 2146; x_wconf 69' lang='grc' dir='ltr'>φησι,</span> <span class='ocrx_word' id='word_1_511' title='bbox 2723 2093 2743 2127; x_wconf 79' lang='grc' dir='ltr'><strong>ι</strong></span> <span class='ocrx_word' id='word_1_512' title='bbox 2781 2075 2856 2130; x_wconf 90' lang='grc' dir='ltr'>Τὸ</span> <span class='ocrx_word' id='word_1_513' title='bbox 2905 2075 3109 2140; x_wconf 76' lang='grc' dir='ltr'>οὐδεὶς</span> <span class='ocrx_word' id='word_1_514' title='bbox 3175 2070 3467 2126; x_wconf 84' lang='grc' dir='ltr'>καθολικὸν</span> <span class='ocrx_word' id='word_1_515' title='bbox 3521 2069 3622 2139; x_wconf 81' lang='grc' dir='ltr'><strong>μὲν</strong></span> <span class='ocrx_word' id='word_1_516' title='bbox 3674 2062 3830 2120; x_wconf 77' lang='grc' dir='ltr'>εῖναι</span> 
     </span>
    </p>
   </div>
   <div class='ocr_carea' id='block_1_67' title="bbox 2239 2159 3828 2240">
    <p class='ocr_par' dir='ltr' id='par_1_67' title="bbox 2239 2159 3828 2240">
     <span class='ocr_line' id='line_1_67' title="bbox 2239 2159 3828 2240; baseline -0.006 -18"><span class='ocrx_word' id='word_1_517' title='bbox 2239 2168 2389 2223; x_wconf 81' lang='grc' dir='ltr'>δοκεῖ</span> <span class='ocrx_word' id='word_1_518' title='bbox 2435 2169 2607 2240; x_wconf 73' lang='grc' dir='ltr'>ῥῆμα,</span> <span class='ocrx_word' id='word_1_519' title='bbox 2643 2168 2719 2232; x_wconf 88' lang='grc' dir='ltr'>ὡς</span> <span class='ocrx_word' id='word_1_520' title='bbox 2755 2166 2893 2239; x_wconf 81' lang='grc' dir='ltr'><strong>μηδὲ</strong></span> <span class='ocrx_word' id='word_1_521' title='bbox 2920 2167 2978 2222; x_wconf 81' lang='grc' dir='ltr'>ἓν</span> <span class='ocrx_word' id='word_1_522' title='bbox 3010 2167 3303 2237; x_wconf 83' lang='grc' dir='ltr'>πρόσωπον</span> <span class='ocrx_word' id='word_1_523' title='bbox 3346 2163 3439 2217; x_wconf 85' lang='grc' dir='ltr'><strong>διὰ</strong></span> <span class='ocrx_word' id='word_1_524' title='bbox 3483 2161 3584 2233; x_wconf 84' lang='grc' dir='ltr'><strong>τῆς</strong></span> <span class='ocrx_word' id='word_1_525' title='bbox 3635 2159 3828 2231; x_wconf 80' lang='grc' dir='ltr'><strong>φωνῆς</strong></span> 
     </span>
    </p>
   </div>
   <div class='ocr_carea' id='block_1_68' title="bbox 2240 2254 3828 2331">
    <p class='ocr_par' dir='ltr' id='par_1_68' title="bbox 2240 2254 3828 2331">
     <span class='ocr_line' id='line_1_68' title="bbox 2240 2254 3828 2331; baseline -0.008 -16"><span class='ocrx_word' id='word_1_526' title='bbox 2240 2260 2446 2331; x_wconf 81' lang='grc' dir='ltr'><strong>ταύτης</strong></span> <span class='ocrx_word' id='word_1_527' title='bbox 2474 2259 2930 2330; x_wconf 78' lang='grc' dir='ltr'>ὑπεξαιρεῖσθαι·</span> <span class='ocrx_word' id='word_1_528' title='bbox 2970 2258 3180 2311; x_wconf 74' lang='grc' dir='ltr'>ἔστιδὲ</span> <span class='ocrx_word' id='word_1_529' title='bbox 3220 2258 3321 2327; x_wconf 82' lang='grc' dir='ltr'><strong>οὐχ</strong></span> <span class='ocrx_word' id='word_1_530' title='bbox 3358 2255 3502 2309; x_wconf 80' lang='grc' dir='ltr'>οὕτω</span> <span class='ocrx_word' id='word_1_531' title='bbox 3546 2256 3701 2323; x_wconf 84' lang='grc' dir='ltr'><strong>παρά</strong></span> <span class='ocrx_word' id='word_1_532' title='bbox 3755 2254 3828 2324; x_wconf 75' lang='grc' dir='ltr'>τῇ</span> 
     </span>
    </p>
   </div>
   <div class='ocr_carea' id='block_1_69' title="bbox 2239 2340 3828 2422">
    <p class='ocr_par' dir='ltr' id='par_1_69' title="bbox 2239 2340 3828 2422">
     <span class='ocr_line' id='line_1_69' title="bbox 2239 2340 3828 2422; baseline -0.008 -17"><span class='ocrx_word' id='word_1_533' title='bbox 2239 2352 2433 2422; x_wconf 81' lang='grc' dir='ltr'>Γραφῇ</span> <span class='ocrx_word' id='word_1_534' title='bbox 2484 2352 2915 2421; x_wconf 83' lang='grc' dir='ltr'>ἀναφερόμενον,</span> <span class='ocrx_word' id='word_1_535' title='bbox 2972 2348 3050 2411; x_wconf 78' lang='grc' dir='ltr'>ὡς</span> <span class='ocrx_word' id='word_1_536' title='bbox 3106 2347 3498 2419; x_wconf 81' lang='grc' dir='ltr'>τετηρήκαμεν</span> <span class='ocrx_word' id='word_1_537' title='bbox 3551 2346 3647 2398; x_wconf 68' lang='grc' dir='ltr'><strong>ἐπὶ</strong></span> <span class='ocrx_word' id='word_1_538' title='bbox 3697 2340 3828 2407; x_wconf 76' lang='grc' dir='ltr'>τοῦ,</span> 
     </span>
    </p>
   </div>
   <div class='ocr_carea' id='block_1_70' title="bbox 2244 2436 3831 2513">
    <p class='ocr_par' dir='ltr' id='par_1_70' title="bbox 2244 2436 3831 2513">
     <span class='ocr_line' id='line_1_70' title="bbox 2244 2436 3831 2513; baseline -0.007 -15"><span class='ocrx_word' id='word_1_539' title='bbox 2244 2444 2456 2510; x_wconf 81' lang='grc' dir='ltr'>Οὐδεὶς</span> <span class='ocrx_word' id='word_1_540' title='bbox 2479 2444 2704 2513; x_wconf 77' lang='grc' dir='ltr'>ἀγαθὸς</span> <span class='ocrx_word' id='word_1_541' title='bbox 2723 2445 2775 2497; x_wconf 81' lang='grc' dir='ltr'><strong>ει</strong></span> <span class='ocrx_word' id='word_1_542' title='bbox 2797 2441 2883 2512; x_wconf 82' lang='grc' dir='ltr'>μὴ</span> <span class='ocrx_word' id='word_1_543' title='bbox 2919 2436 3007 2509; x_wconf 81' lang='grc' dir='ltr'>εἷς</span> <span class='ocrx_word' id='word_1_544' title='bbox 3035 2442 3201 2506; x_wconf 83' lang='grc' dir='ltr'>Θεός.</span> <span class='ocrx_word' id='word_1_545' title='bbox 3226 2440 3360 2493; x_wconf 76' lang='grc' dir='ltr'><strong>Οὐδὲ</strong></span> <span class='ocrx_word' id='word_1_546' title='bbox 3395 2439 3505 2508; x_wconf 84' lang='grc' dir='ltr'>γὰρ</span> <span class='ocrx_word' id='word_1_547' title='bbox 3536 2438 3654 2489; x_wconf 77' lang='grc' dir='ltr'>ἐκεῖ</span> <span class='ocrx_word' id='word_1_548' title='bbox 3685 2436 3831 2488; x_wconf 78' lang='grc' dir='ltr'>ἑαυ-</span> 
     </span>
    </p>
   </div>
   <div class='ocr_carea' id='block_1_71' title="bbox 2239 2527 3831 2604">
    <p class='ocr_par' dir='ltr' id='par_1_71' title="bbox 2239 2527 3831 2604">
     <span class='ocr_line' id='line_1_71' title="bbox 2239 2527 3831 2604; baseline -0.007 -14"><span class='ocrx_word' id='word_1_549' title='bbox 2239 2536 2332 2590; x_wconf 82' lang='grc' dir='ltr'><strong>τὸν</strong></span> <span class='ocrx_word' id='word_1_550' title='bbox 2358 2535 2463 2599; x_wconf 72' lang='grc' dir='ltr'><strong>ἔξω</strong></span> <span class='ocrx_word' id='word_1_551' title='bbox 2495 2534 2665 2599; x_wconf 72' lang='grc' dir='ltr'>τιθεὶς</span> <span class='ocrx_word' id='word_1_552' title='bbox 2698 2535 2798 2604; x_wconf 82' lang='grc' dir='ltr'><strong>τῆς</strong></span> <span class='ocrx_word' id='word_1_553' title='bbox 2830 2534 2925 2587; x_wconf 83' lang='grc' dir='ltr'><strong>τοῦ</strong></span> <span class='ocrx_word' id='word_1_554' title='bbox 2956 2532 3165 2601; x_wconf 83' lang='grc' dir='ltr'>ἀγαθοῦ</span> <span class='ocrx_word' id='word_1_555' title='bbox 3201 2532 3417 2601; x_wconf 83' lang='grc' dir='ltr'>φύσεως</span> <span class='ocrx_word' id='word_1_556' title='bbox 3436 2533 3465 2583; x_wconf 86' lang='grc' dir='ltr'>ὀ</span> <span class='ocrx_word' id='word_1_557' title='bbox 3492 2529 3617 2591; x_wconf 88' lang='grc' dir='ltr'>Υἱὸς</span> <span class='ocrx_word' id='word_1_558' title='bbox 3647 2527 3831 2580; x_wconf 83' lang='grc' dir='ltr'>ταῦτα</span> 
     </span>
    </p>
   </div>
   <div class='ocr_carea' id='block_1_72' title="bbox 2240 2617 3831 2697">
    <p class='ocr_par' dir='ltr' id='par_1_72' title="bbox 2240 2617 3831 2697">
     <span class='ocr_line' id='line_1_72' title="bbox 2240 2617 3831 2697; baseline -0.006 -18"><span class='ocrx_word' id='word_1_559' title='bbox 2240 2626 2390 2693; x_wconf 81' lang='grc' dir='ltr'>λέγει</span> <span class='ocrx_word' id='word_1_560' title='bbox 2416 2640 2429 2654; x_wconf 89' lang='grc'><strong>·</strong></span> <span class='ocrx_word' id='word_1_561' title='bbox 2459 2624 2579 2681; x_wconf 85' lang='grc' dir='ltr'>ἀλλ’</span> <span class='ocrx_word' id='word_1_562' title='bbox 2607 2623 2799 2697; x_wconf 73' lang='grc' dir='ltr'>ἐπειδὴ</span> <span class='ocrx_word' id='word_1_563' title='bbox 2843 2624 2907 2677; x_wconf 86' lang='grc' dir='ltr'><strong>τὸ</strong></span> <span class='ocrx_word' id='word_1_564' title='bbox 2935 2624 3154 2695; x_wconf 86' lang='grc' dir='ltr'>πρῶτον</span> <span class='ocrx_word' id='word_1_565' title='bbox 3187 2623 3397 2693; x_wconf 84' lang='grc' dir='ltr'>ἀγαθὸν</span> <span class='ocrx_word' id='word_1_566' title='bbox 3425 2624 3453 2675; x_wconf 87' lang='grc' dir='ltr'><strong>ὁ</strong></span> <span class='ocrx_word' id='word_1_567' title='bbox 3484 2619 3698 2689; x_wconf 78' lang='grc' dir='ltr'>Πατὴρ,</span> <span class='ocrx_word' id='word_1_568' title='bbox 3740 2617 3831 2688; x_wconf 83' lang='grc' dir='ltr'>τῷ</span> 
     </span>
    </p>
   </div>
   <div class='ocr_carea' id='block_1_73' title="bbox 2239 2711 3830 2788">
    <p class='ocr_par' dir='ltr' id='par_1_73' title="bbox 2239 2711 3830 2788">
     <span class='ocr_line' id='line_1_73' title="bbox 2239 2711 3830 2788; baseline -0.009 -14"><span class='ocrx_word' id='word_1_569' title='bbox 2239 2718 2441 2784; x_wconf 82' lang='grc' dir='ltr'>οὐδεὶς</span> <span class='ocrx_word' id='word_1_570' title='bbox 2474 2718 2994 2788; x_wconf 83' lang='grc' dir='ltr'>συνυπακουομένου</span> <span class='ocrx_word' id='word_1_571' title='bbox 3032 2716 3127 2771; x_wconf 82' lang='grc' dir='ltr'>τοῦ</span> <span class='ocrx_word' id='word_1_572' title='bbox 3159 2717 3404 2787; x_wconf 87' lang='grc' dir='ltr'><strong>πρώτου,</strong></span> <span class='ocrx_word' id='word_1_573' title='bbox 3451 2714 3513 2766; x_wconf 90' lang='grc' dir='ltr'><strong>τὸ</strong></span> <span class='ocrx_word' id='word_1_574' title='bbox 3562 2711 3830 2780; x_wconf 81' lang='grc' dir='ltr'>δεύτερον</span> 
     </span>
    </p>
   </div>
   <div class='ocr_carea' id='block_1_74' title="bbox 2240 2802 3831 2882">
    <p class='ocr_par' dir='ltr' id='par_1_74' title="bbox 2240 2802 3831 2882">
     <span class='ocr_line' id='line_1_74' title="bbox 2240 2802 3831 2882; baseline -0.009 -16"><span class='ocrx_word' id='word_1_575' title='bbox 2240 2814 2496 2882; x_wconf 76' lang='grc' dir='ltr'>εἰρῆσθαι</span> <span class='ocrx_word' id='word_1_576' title='bbox 2531 2810 2887 2881; x_wconf 81' lang='grc' dir='ltr'>πιστεύομεν.</span> <span class='ocrx_word' id='word_1_577' title='bbox 2930 2828 2950 2862; x_wconf 73' lang='grc' dir='ltr'><strong>ι</strong></span> <span class='ocrx_word' id='word_1_578' title='bbox 2990 2810 3138 2882; x_wconf 84' lang='grc' dir='ltr'>Ὀρα</span> <span class='ocrx_word' id='word_1_579' title='bbox 3167 2810 3260 2863; x_wconf 86' lang='grc' dir='ltr'><strong>τὸν</strong></span> <span class='ocrx_word' id='word_1_580' title='bbox 3290 2808 3390 2879; x_wconf 83' lang='grc' dir='ltr'>τὴν</span> <span class='ocrx_word' id='word_1_581' title='bbox 3424 2805 3618 2875; x_wconf 80' lang='grc' dir='ltr'>σοφίαν</span> <span class='ocrx_word' id='word_1_582' title='bbox 3646 2802 3831 2873; x_wconf 76' lang='grc' dir='ltr'>ἀσύγ-</span> 
     </span>
    </p>
   </div>
   <div class='ocr_carea' id='block_1_75' title="bbox 2239 2897 3832 2977">
    <p class='ocr_par' dir='ltr' id='par_1_75' title="bbox 2239 2897 3832 2977">
     <span class='ocr_line' id='line_1_75' title="bbox 2239 2897 3832 2977; baseline 0.001 -20"><span class='ocrx_word' id='word_1_583' title='bbox 2239 2921 2462 2977; x_wconf 80' lang='grc' dir='ltr'>κριτον,</span> <span class='ocrx_word' id='word_1_584' title='bbox 2515 2906 2612 2958; x_wconf 77' lang='grc' dir='ltr'><strong>καὶ</strong></span> <span class='ocrx_word' id='word_1_585' title='bbox 2653 2903 2824 2957; x_wconf 85' lang='grc' dir='ltr'>πολὺν</span> <span class='ocrx_word' id='word_1_586' title='bbox 2876 2905 2972 2957; x_wconf 78' lang='grc' dir='ltr'>καὶ</span> <span class='ocrx_word' id='word_1_587' title='bbox 3039 2905 3215 2975; x_wconf 84' lang='grc' dir='ltr'>μέγαν</span> <span class='ocrx_word' id='word_1_588' title='bbox 3272 2901 3552 2955; x_wconf 74' lang='grc' dir='ltr'>Βασίλειον</span> <span class='ocrx_word' id='word_1_589' title='bbox 3584 2938 3601 2963; x_wconf 88' lang='grc'><strong>,</strong></span> <span class='ocrx_word' id='word_1_590' title='bbox 3654 2897 3832 2959; x_wconf 81' lang='grc' dir='ltr'>ποίας</span> 
     </span>
    </p>
   </div>
   <div class='ocr_carea' id='block_1_76' title="bbox 2240 2990 3833 3069">
    <p class='ocr_par' dir='ltr' id='par_1_76' title="bbox 2240 2990 3833 3069">
     <span class='ocr_line' id='line_1_76' title="bbox 2240 2990 3833 3069; baseline -0.018 -2"><span class='ocrx_word' id='word_1_591' title='bbox 2240 2997 2559 3069; x_wconf 71' lang='grc' dir='ltr'>ἐξηγήσεως</span> <span class='ocrx_word' id='word_1_592' title='bbox 2595 2997 2656 3050; x_wconf 75' lang='grc' dir='ltr'><strong>τὸ</strong></span> <span class='ocrx_word' id='word_1_593' title='bbox 2693 2996 3072 3066; x_wconf 80' lang='grc' dir='ltr'>Εὑαγγελικὸν</span> <span class='ocrx_word' id='word_1_594' title='bbox 3124 2997 3291 3069; x_wconf 79' lang='grc' dir='ltr'>ῥητὸν</span> <span class='ocrx_word' id='word_1_595' title='bbox 3337 2993 3481 3059; x_wconf 80' lang='grc' dir='ltr'>ἀξιοῖ</span> <span class='ocrx_word' id='word_1_596' title='bbox 3538 2992 3621 3056; x_wconf 84' lang='grc' dir='ltr'><strong>τὸ,</strong></span> <span class='ocrx_word' id='word_1_597' title='bbox 3663 3007 3684 3041; x_wconf 78' lang='grc' dir='ltr'><strong>ι</strong></span> <span class='ocrx_word' id='word_1_598' title='bbox 3721 2990 3833 3041; x_wconf 75' lang='grc' dir='ltr'><strong>οὺ-</strong></span> 
     </span>
    </p>
   </div>
   <div class='ocr_carea' id='block_1_77' title="bbox 2240 3081 3831 3159">
    <p class='ocr_par' dir='ltr' id='par_1_77' title="bbox 2240 3081 3831 3159">
     <span class='ocr_line' id='line_1_77' title="bbox 2240 3081 3831 3159; baseline -0.006 -17"><span class='ocrx_word' id='word_1_599' title='bbox 2240 3088 2350 3151; x_wconf 79' lang='grc' dir='ltr'>δεὶς</span> <span class='ocrx_word' id='word_1_600' title='bbox 2383 3089 2611 3158; x_wconf 84' lang='grc' dir='ltr'>ἀγαθὸς,</span> <span class='ocrx_word' id='word_1_601' title='bbox 2659 3091 2711 3141; x_wconf 80' lang='grc' dir='ltr'><strong>ει</strong></span> <span class='ocrx_word' id='word_1_602' title='bbox 2747 3090 2822 3159; x_wconf 83' lang='grc' dir='ltr'>μὴ</span> <span class='ocrx_word' id='word_1_603' title='bbox 2856 3082 2934 3151; x_wconf 73' lang='grc' dir='ltr'>εἷς</span> <span class='ocrx_word' id='word_1_604' title='bbox 2967 3091 2995 3142; x_wconf 79' lang='grc' dir='ltr'>ὁ</span> <span class='ocrx_word' id='word_1_605' title='bbox 3025 3088 3179 3151; x_wconf 69' lang='grc' dir='ltr'>Θεός.</span> <span class='ocrx_word' id='word_1_606' title='bbox 3219 3105 3239 3139; x_wconf 77' lang='grc' dir='ltr'><strong>ι</strong></span> <span class='ocrx_word' id='word_1_607' title='bbox 3293 3084 3585 3157; x_wconf 85' lang='grc' dir='ltr'>Προδήλως</span> <span class='ocrx_word' id='word_1_608' title='bbox 3614 3083 3723 3152; x_wconf 84' lang='grc' dir='ltr'>γὰρ</span> <span class='ocrx_word' id='word_1_609' title='bbox 3758 3081 3831 3133; x_wconf 83' lang='grc' dir='ltr'><strong>τὸ</strong></span> 
     </span>
    </p>
   </div>
   <div class='ocr_carea' id='block_1_78' title="bbox 2240 3176 3823 3252">
    <p class='ocr_par' dir='ltr' id='par_1_78' title="bbox 2240 3176 3823 3252">
     <span class='ocr_line' id='line_1_78' title="bbox 2240 3176 3823 3252; baseline -0.004 -17"><span class='ocrx_word' id='word_1_610' title='bbox 2240 3180 2335 3235; x_wconf 79' lang='grc' dir='ltr'>τοῦ</span> <span class='ocrx_word' id='word_1_611' title='bbox 2375 3181 2591 3250; x_wconf 81' lang='grc' dir='ltr'>Πατρὸς</span> <span class='ocrx_word' id='word_1_612' title='bbox 2629 3180 2997 3251; x_wconf 71' lang='grc' dir='ltr'>ἐμφαίνεσθαι</span> <span class='ocrx_word' id='word_1_613' title='bbox 3049 3179 3202 3252; x_wconf 80' lang='grc' dir='ltr'>δηλοῖ</span> <span class='ocrx_word' id='word_1_614' title='bbox 3230 3179 3425 3248; x_wconf 71' lang='grc' dir='ltr'>ὄνομα,</span> <span class='ocrx_word' id='word_1_615' title='bbox 3476 3179 3534 3229; x_wconf 77' lang='grc' dir='ltr'><strong>ἐν</strong></span> <span class='ocrx_word' id='word_1_616' title='bbox 3566 3176 3645 3245; x_wconf 76' lang='grc' dir='ltr'><strong>τῷ</strong></span> <span class='ocrx_word' id='word_1_617' title='bbox 3702 3193 3720 3225; x_wconf 85' lang='grc' dir='ltr'><strong>ι</strong></span> <span class='ocrx_word' id='word_1_618' title='bbox 3764 3177 3823 3229; x_wconf 74' lang='grc' dir='ltr'>εἰ</span> 
     </span>
    </p>
   </div>
   <div class='ocr_carea' id='block_1_79' title="bbox 2243 3261 3827 3343">
    <p class='ocr_par' dir='ltr' id='par_1_79' title="bbox 2243 3261 3827 3343">
     <span class='ocr_line' id='line_1_79' title="bbox 2243 3261 3827 3343; baseline -0.008 -19"><span class='ocrx_word' id='word_1_619' title='bbox 2243 3271 2320 3343; x_wconf 82' lang='grc' dir='ltr'>μὴ</span> <span class='ocrx_word' id='word_1_620' title='bbox 2353 3267 2433 3334; x_wconf 74' lang='grc' dir='ltr'>εἰς</span> <span class='ocrx_word' id='word_1_621' title='bbox 2466 3273 2494 3323; x_wconf 78' lang='grc' dir='ltr'>ὁ</span> <span class='ocrx_word' id='word_1_622' title='bbox 2517 3271 2671 3334; x_wconf 85' lang='grc' dir='ltr'>Θεός.</span> <span class='ocrx_word' id='word_1_623' title='bbox 2712 3288 2732 3324; x_wconf 77' lang='grc' dir='ltr'><strong>ι</strong></span> <span class='ocrx_word' id='word_1_624' title='bbox 2777 3271 2877 3323; x_wconf 83' lang='grc' dir='ltr'>Διά</span> <span class='ocrx_word' id='word_1_625' title='bbox 2893 3270 3059 3324; x_wconf 79' lang='grc' dir='ltr'>τοῦτο</span> <span class='ocrx_word' id='word_1_626' title='bbox 3092 3269 3199 3339; x_wconf 89' lang='grc' dir='ltr'><strong>γὰρ</strong></span> <span class='ocrx_word' id='word_1_627' title='bbox 3235 3269 3456 3339; x_wconf 79' lang='grc' dir='ltr'>ὲπάγει,</span> <span class='ocrx_word' id='word_1_628' title='bbox 3492 3282 3513 3315; x_wconf 84' lang='grc' dir='ltr'><strong>ι</strong></span> <span class='ocrx_word' id='word_1_629' title='bbox 3538 3261 3673 3317; x_wconf 76' lang='grc' dir='ltr'><strong>Οὐδὲ</strong></span> <span class='ocrx_word' id='word_1_630' title='bbox 3707 3263 3827 3332; x_wconf 80' lang='grc' dir='ltr'><strong>γὰρ</strong></span> 
     </span>
    </p>
   </div>
   <div class='ocr_carea' id='block_1_80' title="bbox 2241 3356 3827 3433">
    <p class='ocr_par' dir='ltr' id='par_1_80' title="bbox 2241 3356 3827 3433">
     <span class='ocr_line' id='line_1_80' title="bbox 2241 3356 3827 3433; baseline -0.008 -14"><span class='ocrx_word' id='word_1_631' title='bbox 2241 3367 2358 3419; x_wconf 70' lang='grc' dir='ltr'>ἐκεῖ</span> <span class='ocrx_word' id='word_1_632' title='bbox 2390 3365 2586 3419; x_wconf 74' lang='grc' dir='ltr'>ἑαυτὸν</span> <span class='ocrx_word' id='word_1_633' title='bbox 2634 3364 2741 3428; x_wconf 71' lang='grc' dir='ltr'><strong>ἔξω</strong></span> <span class='ocrx_word' id='word_1_634' title='bbox 2768 3364 2940 3428; x_wconf 58' lang='grc' dir='ltr'>τιθεὶς</span> <span class='ocrx_word' id='word_1_635' title='bbox 2981 3365 3082 3433; x_wconf 81' lang='grc' dir='ltr'><strong>τῆς</strong></span> <span class='ocrx_word' id='word_1_636' title='bbox 3114 3361 3210 3416; x_wconf 82' lang='grc' dir='ltr'>τοῦ</span> <span class='ocrx_word' id='word_1_637' title='bbox 3257 3360 3465 3430; x_wconf 78' lang='grc' dir='ltr'>ἀγαθοῦ</span> <span class='ocrx_word' id='word_1_638' title='bbox 3499 3357 3738 3427; x_wconf 82' lang='grc' dir='ltr'>φύσεως,</span> <span class='ocrx_word' id='word_1_639' title='bbox 3794 3356 3827 3408; x_wconf 81' lang='grc' dir='ltr'><strong>ὁ</strong></span> 
     </span>
    </p>
   </div>
   <div class='ocr_carea' id='block_1_81' title="bbox 2241 3442 3826 3527">
    <p class='ocr_par' dir='ltr' id='par_1_81' title="bbox 2241 3442 3826 3527">
     <span class='ocr_line' id='line_1_81' title="bbox 2241 3442 3826 3527; baseline -0.001 -16"><span class='ocrx_word' id='word_1_640' title='bbox 2241 3457 2370 3520; x_wconf 85' lang='grc' dir='ltr'>Υἱὸς</span> <span class='ocrx_word' id='word_1_641' title='bbox 2422 3450 2603 3511; x_wconf 76' lang='grc' dir='ltr'>ταῦτα</span> <span class='ocrx_word' id='word_1_642' title='bbox 2658 3458 2831 3527; x_wconf 69' lang='grc' dir='ltr'>λέγει.</span> <span class='ocrx_word' id='word_1_643' title='bbox 2865 3476 2886 3511; x_wconf 78' lang='grc' dir='ltr'><strong>ι</strong></span> <span class='ocrx_word' id='word_1_644' title='bbox 2933 3458 3120 3511; x_wconf 80' lang='grc' dir='ltr'>Εἰπὼν</span> <span class='ocrx_word' id='word_1_645' title='bbox 3176 3458 3309 3525; x_wconf 85' lang='grc' dir='ltr'>γὰρ,</span> <span class='ocrx_word' id='word_1_646' title='bbox 3364 3471 3384 3505; x_wconf 86' lang='grc' dir='ltr'><strong>ι</strong></span> <span class='ocrx_word' id='word_1_647' title='bbox 3428 3453 3477 3506; x_wconf 78' lang='grc' dir='ltr'><strong>ει</strong></span> <span class='ocrx_word' id='word_1_648' title='bbox 3528 3452 3601 3521; x_wconf 86' lang='grc' dir='ltr'>μὴ</span> <span class='ocrx_word' id='word_1_649' title='bbox 3658 3442 3741 3510; x_wconf 80' lang='grc' dir='ltr'><strong>εἷς</strong></span> <span class='ocrx_word' id='word_1_650' title='bbox 3793 3448 3826 3498; x_wconf 77' lang='grc'>6</span> 
     </span>
    </p>
   </div>
   <div class='ocr_carea' id='block_1_82' title="bbox 2238 3542 3824 3621">
    <p class='ocr_par' dir='ltr' id='par_1_82' title="bbox 2238 3542 3824 3621">
     <span class='ocr_line' id='line_1_82' title="bbox 2238 3542 3824 3621; baseline -0.005 -18"><span class='ocrx_word' id='word_1_651' title='bbox 2238 3551 2395 3617; x_wconf 83' lang='grc' dir='ltr'>Θεὸς,</span> <span class='ocrx_word' id='word_1_652' title='bbox 2443 3546 2564 3604; x_wconf 76' lang='grc' dir='ltr'>εἶτα</span> <span class='ocrx_word' id='word_1_653' title='bbox 2611 3550 2908 3621; x_wconf 79' lang='grc' dir='ltr'>ἐπαγαγὼν</span> <span class='ocrx_word' id='word_1_654' title='bbox 2935 3550 3010 3614; x_wconf 80' lang='grc' dir='ltr'>ὡς</span> <span class='ocrx_word' id='word_1_655' title='bbox 3040 3568 3059 3602; x_wconf 83' lang='grc' dir='ltr'><strong>ι</strong></span> <span class='ocrx_word' id='word_1_656' title='bbox 3102 3550 3224 3619; x_wconf 79' lang='grc' dir='ltr'>οὐχὶ</span> <span class='ocrx_word' id='word_1_657' title='bbox 3262 3546 3369 3612; x_wconf 71' lang='grc' dir='ltr'><strong>ἔξω</strong></span> <span class='ocrx_word' id='word_1_658' title='bbox 3408 3545 3578 3607; x_wconf 78' lang='grc' dir='ltr'>τιθεὶς</span> <span class='ocrx_word' id='word_1_659' title='bbox 3624 3542 3824 3596; x_wconf 78' lang='grc' dir='ltr'>ἑαυτὸν</span> 
     </span>
    </p>
   </div>
   <div class='ocr_carea' id='block_1_83' title="bbox 2238 3635 3825 3714">
    <p class='ocr_par' dir='ltr' id='par_1_83' title="bbox 2238 3635 3825 3714">
     <span class='ocr_line' id='line_1_83' title="bbox 2238 3635 3825 3714; baseline -0.006 -17"><span class='ocrx_word' id='word_1_660' title='bbox 2238 3642 2339 3714; x_wconf 85' lang='grc' dir='ltr'><strong>τῆς</strong></span> <span class='ocrx_word' id='word_1_661' title='bbox 2369 3641 2465 3697; x_wconf 82' lang='grc' dir='ltr'>τοῦ</span> <span class='ocrx_word' id='word_1_662' title='bbox 2498 3643 2704 3713; x_wconf 85' lang='grc' dir='ltr'>ἀγαθοῦ</span> <span class='ocrx_word' id='word_1_663' title='bbox 2740 3644 2979 3713; x_wconf 84' lang='grc' dir='ltr'>φύσεως,</span> <span class='ocrx_word' id='word_1_664' title='bbox 3010 3644 3037 3694; x_wconf 84' lang='grc' dir='ltr'>ὁ</span> <span class='ocrx_word' id='word_1_665' title='bbox 3065 3642 3190 3704; x_wconf 78' lang='grc' dir='ltr'>Υἱὸς</span> <span class='ocrx_word' id='word_1_666' title='bbox 3220 3640 3394 3694; x_wconf 86' lang='grc' dir='ltr'>ταῦτα</span> <span class='ocrx_word' id='word_1_667' title='bbox 3419 3638 3589 3706; x_wconf 84' lang='grc' dir='ltr'>λέγει,</span> <span class='ocrx_word' id='word_1_668' title='bbox 3629 3653 3648 3686; x_wconf 78' lang='grc' dir='ltr'><strong>ι</strong></span> <span class='ocrx_word' id='word_1_669' title='bbox 3690 3650 3776 3702; x_wconf 61' lang='grc' dir='ltr'><strong>πεδ</strong></span> <span class='ocrx_word' id='word_1_670' title='bbox 3797 3635 3825 3688; x_wconf 80' lang='lat' dir='ltr'><strong>&#39;l.</strong></span> 
     </span>
    </p>
   </div>
   <div class='ocr_carea' id='block_1_84' title="bbox 2239 3722 3825 3807">
    <p class='ocr_par' dir='ltr' id='par_1_84' title="bbox 2239 3722 3825 3807">
     <span class='ocr_line' id='line_1_84' title="bbox 2239 3722 3825 3807; baseline -0.008 -17"><span class='ocrx_word' id='word_1_671' title='bbox 2239 3736 2334 3790; x_wconf 81' lang='grc' dir='ltr'>τοῦ</span> <span class='ocrx_word' id='word_1_672' title='bbox 2388 3732 2599 3806; x_wconf 85' lang='grc' dir='ltr'>Πατρὸς</span> <span class='ocrx_word' id='word_1_673' title='bbox 2651 3736 2905 3807; x_wconf 74' lang='grc' dir='ltr'>εἰρῆσθαι</span> <span class='ocrx_word' id='word_1_674' title='bbox 2941 3734 3211 3805; x_wconf 84' lang='grc' dir='ltr'>δεδήλωκε</span> <span class='ocrx_word' id='word_1_675' title='bbox 3260 3731 3342 3797; x_wconf 84' lang='grc' dir='ltr'><strong>τὸ,</strong></span> <span class='ocrx_word' id='word_1_676' title='bbox 3399 3747 3422 3783; x_wconf 78' lang='grc' dir='ltr'><strong>ι</strong></span> <span class='ocrx_word' id='word_1_677' title='bbox 3470 3731 3522 3782; x_wconf 75' lang='grc' dir='ltr'><strong>ει</strong></span> <span class='ocrx_word' id='word_1_678' title='bbox 3556 3729 3633 3800; x_wconf 81' lang='grc' dir='ltr'>μὴ</span> <span class='ocrx_word' id='word_1_679' title='bbox 3682 3722 3756 3788; x_wconf 73' lang='grc' dir='ltr'><strong>εἴ,</strong></span> <span class='ocrx_word' id='word_1_680' title='bbox 3792 3729 3825 3780; x_wconf 77' lang='grc' dir='ltr'><strong>ὁ</strong></span> 
     </span>
    </p>
   </div>
   <div class='ocr_carea' id='block_1_85' title="bbox 2241 3824 3825 3903">
    <p class='ocr_par' dir='ltr' id='par_1_85' title="bbox 2241 3824 3825 3903">
     <span class='ocr_line' id='line_1_85' title="bbox 2241 3824 3825 3903; baseline -0.007 -18"><span class='ocrx_word' id='word_1_681' title='bbox 2241 3832 2398 3895; x_wconf 82' lang='grc' dir='ltr'>Θεός.</span> <span class='ocrx_word' id='word_1_682' title='bbox 2431 3850 2452 3884; x_wconf 71' lang='grc' dir='ltr'><strong>ι</strong></span> <span class='ocrx_word' id='word_1_683' title='bbox 2516 3830 2943 3903; x_wconf 78' lang='grc' dir='ltr'>Ἐφερμηνεύων</span> <span class='ocrx_word' id='word_1_684' title='bbox 2972 3829 3028 3883; x_wconf 85' lang='grc' dir='ltr'>δὲ</span> <span class='ocrx_word' id='word_1_685' title='bbox 3056 3831 3203 3891; x_wconf 81' lang='grc' dir='ltr'>ὅπως</span> <span class='ocrx_word' id='word_1_686' title='bbox 3231 3827 3459 3880; x_wconf 59' lang='grc' dir='ltr'>δύναται</span> <span class='ocrx_word' id='word_1_687' title='bbox 3485 3824 3825 3878; x_wconf 83' lang='grc' dir='ltr'>συνεπινοεί-</span> 
     </span>
    </p>
   </div>
   <div class='ocr_carea' id='block_1_86' title="bbox 2242 3914 3823 3995">
    <p class='ocr_par' dir='ltr' id='par_1_86' title="bbox 2242 3914 3823 3995">
     <span class='ocr_line' id='line_1_86' title="bbox 2242 3914 3823 3995; baseline -0.007 -18"><span class='ocrx_word' id='word_1_688' title='bbox 2242 3925 2367 3979; x_wconf 90' lang='grc' dir='ltr'>σθαι</span> <span class='ocrx_word' id='word_1_689' title='bbox 2391 3925 2421 3977; x_wconf 79' lang='grc' dir='ltr'><strong>ὁ</strong></span> <span class='ocrx_word' id='word_1_690' title='bbox 2450 3924 2578 3988; x_wconf 77' lang='grc' dir='ltr'>Υἱὸς</span> <span class='ocrx_word' id='word_1_691' title='bbox 2613 3925 2692 3995; x_wconf 84' lang='grc' dir='ltr'>τῷ</span> <span class='ocrx_word' id='word_1_692' title='bbox 2723 3925 3032 3995; x_wconf 73' lang='grc' dir='ltr'>Πατρὶ,καἰ</span> <span class='ocrx_word' id='word_1_693' title='bbox 3053 3920 3465 3975; x_wconf 80' lang='grc' dir='ltr'>διαστέλλεσθαι</span> <span class='ocrx_word' id='word_1_694' title='bbox 3485 3917 3580 3971; x_wconf 74' lang='grc' dir='ltr'>τοῦ</span> <span class='ocrx_word' id='word_1_695' title='bbox 3607 3914 3823 3982; x_wconf 80' lang='grc' dir='ltr'>Πατρὸς</span> 
     </span>
    </p>
   </div>
   <div class='ocr_carea' id='block_1_87' title="bbox 2240 4002 3819 4090">
    <p class='ocr_par' dir='ltr' id='par_1_87' title="bbox 2240 4002 3819 4090">
     <span class='ocr_line' id='line_1_87' title="bbox 2240 4002 3819 4090; baseline -0.009 -17"><span class='ocrx_word' id='word_1_696' title='bbox 2240 4020 2299 4073; x_wconf 77' lang='grc' dir='ltr'>ὲν</span> <span class='ocrx_word' id='word_1_697' title='bbox 2334 4022 2399 4090; x_wconf 76' lang='grc' dir='ltr'>τῇ</span> <span class='ocrx_word' id='word_1_698' title='bbox 2436 4020 2784 4089; x_wconf 77' lang='grc' dir='ltr'>Εὐαγγελικῇ</span> <span class='ocrx_word' id='word_1_699' title='bbox 2817 4017 2993 4087; x_wconf 80' lang='grc' dir='ltr'>ταύτῃ</span> <span class='ocrx_word' id='word_1_700' title='bbox 3020 4018 3171 4086; x_wconf 73' lang='grc' dir='ltr'><strong>φωνῇ</strong></span> <span class='ocrx_word' id='word_1_701' title='bbox 3199 4016 3290 4084; x_wconf 78' lang='grc' dir='ltr'>τῇ,</span> <span class='ocrx_word' id='word_1_702' title='bbox 3337 4031 3356 4064; x_wconf 82' lang='grc' dir='ltr'><strong>ι</strong></span> <span class='ocrx_word' id='word_1_703' title='bbox 3387 4012 3566 4073; x_wconf 72' lang='grc' dir='ltr'>οὐδεὶς</span> <span class='ocrx_word' id='word_1_704' title='bbox 3592 4002 3819 4076; x_wconf 79' lang='grc' dir='ltr'>ἀγαθὸς,</span> 
     </span>
    </p>
   </div>
   <div class='ocr_carea' id='block_1_88' title="bbox 2241 4100 3822 4184">
    <p class='ocr_par' dir='ltr' id='par_1_88' title="bbox 2241 4100 3822 4184">
     <span class='ocr_line' id='line_1_88' title="bbox 2241 4100 3822 4184; baseline -0.009 -20"><span class='ocrx_word' id='word_1_705' title='bbox 2241 4115 2290 4166; x_wconf 80' lang='grc' dir='ltr'><strong>ει</strong></span> <span class='ocrx_word' id='word_1_706' title='bbox 2321 4112 2395 4184; x_wconf 81' lang='grc' dir='ltr'>μὴ</span> <span class='ocrx_word' id='word_1_707' title='bbox 2427 4105 2507 4177; x_wconf 73' lang='grc' dir='ltr'>εἷς</span> <span class='ocrx_word' id='word_1_708' title='bbox 2535 4114 2564 4164; x_wconf 85' lang='grc' dir='ltr'>ὁ</span> <span class='ocrx_word' id='word_1_709' title='bbox 2598 4111 2749 4176; x_wconf 80' lang='grc' dir='ltr'>Θεὸς,</span> <span class='ocrx_word' id='word_1_710' title='bbox 2791 4128 2809 4162; x_wconf 72' lang='grc' dir='ltr'><strong>ι</strong></span> <span class='ocrx_word' id='word_1_711' title='bbox 2847 4112 3099 4178; x_wconf 72' lang='grc' dir='ltr'>ἐπιφέρει</span> <span class='ocrx_word' id='word_1_712' title='bbox 3127 4107 3222 4161; x_wconf 77' lang='grc' dir='ltr'>καὶ</span> <span class='ocrx_word' id='word_1_713' title='bbox 3250 4105 3433 4158; x_wconf 81' lang='grc' dir='ltr'>πάλιν·</span> <span class='ocrx_word' id='word_1_714' title='bbox 3467 4122 3488 4155; x_wconf 76' lang='grc' dir='ltr'><strong>ι</strong></span> <span class='ocrx_word' id='word_1_715' title='bbox 3510 4100 3822 4155; x_wconf 80' lang='grc' dir='ltr'>’Δλλ’έπει-</span> 
     </span>
    </p>
   </div>
   <div class='ocr_carea' id='block_1_89' title="bbox 2239 4195 3821 4274">
    <p class='ocr_par' dir='ltr' id='par_1_89' title="bbox 2239 4195 3821 4274">
     <span class='ocr_line' id='line_1_89' title="bbox 2239 4195 3821 4274; baseline -0.009 -18"><span class='ocrx_word' id='word_1_716' title='bbox 2239 4204 2306 4274; x_wconf 78' lang='grc' dir='ltr'><strong>δὴ</strong></span> <span class='ocrx_word' id='word_1_717' title='bbox 2336 4204 2399 4256; x_wconf 86' lang='grc' dir='ltr'><strong>τὸ</strong></span> <span class='ocrx_word' id='word_1_718' title='bbox 2427 4202 2645 4274; x_wconf 84' lang='grc' dir='ltr'>πρῶτον</span> <span class='ocrx_word' id='word_1_719' title='bbox 2693 4201 2899 4270; x_wconf 86' lang='grc' dir='ltr'>ἀγαθὸν</span> <span class='ocrx_word' id='word_1_720' title='bbox 2938 4201 2966 4253; x_wconf 81' lang='grc' dir='ltr'><strong>ὁ</strong></span> <span class='ocrx_word' id='word_1_721' title='bbox 3000 4198 3191 4270; x_wconf 84' lang='grc' dir='ltr'>Πατὴρ</span> <span class='ocrx_word' id='word_1_722' title='bbox 3225 4198 3303 4268; x_wconf 86' lang='grc' dir='ltr'>τῷ</span> <span class='ocrx_word' id='word_1_723' title='bbox 3351 4195 3530 4259; x_wconf 72' lang='grc' dir='ltr'>οὐδεὶς</span> <span class='ocrx_word' id='word_1_724' title='bbox 3578 4207 3821 4245; x_wconf 82' lang='grc' dir='ltr'>συνυπα-</span> 
     </span>
    </p>
   </div>
   <div class='ocr_carea' id='block_1_90' title="bbox 2240 4281 3819 4365">
    <p class='ocr_par' dir='ltr' id='par_1_90' title="bbox 2240 4281 3819 4365">
     <span class='ocr_line' id='line_1_90' title="bbox 2240 4281 3819 4365; baseline -0.009 -16"><span class='ocrx_word' id='word_1_725' title='bbox 2240 4296 2539 4365; x_wconf 81' lang='grc' dir='ltr'>κουομένου</span> <span class='ocrx_word' id='word_1_726' title='bbox 2560 4293 2656 4347; x_wconf 82' lang='grc' dir='ltr'>τοῦ</span> <span class='ocrx_word' id='word_1_727' title='bbox 2676 4292 2918 4363; x_wconf 78' lang='grc' dir='ltr'>πρώτου,</span> <span class='ocrx_word' id='word_1_728' title='bbox 2943 4292 3004 4345; x_wconf 88' lang='grc' dir='ltr'><strong>τὸ</strong></span> <span class='ocrx_word' id='word_1_729' title='bbox 3027 4292 3278 4362; x_wconf 82' lang='grc' dir='ltr'>δεύτερον</span> <span class='ocrx_word' id='word_1_730' title='bbox 3310 4287 3566 4359; x_wconf 81' lang='grc' dir='ltr'>εἰρῆσθαι</span> <span class='ocrx_word' id='word_1_731' title='bbox 3590 4281 3819 4337; x_wconf 80' lang='grc' dir='ltr'>πιστεύ-</span> 
     </span>
    </p>
   </div>
   <div class='ocr_carea' id='block_1_91' title="bbox 2241 4379 3821 4457">
    <p class='ocr_par' dir='ltr' id='par_1_91' title="bbox 2241 4379 3821 4457">
     <span class='ocr_line' id='line_1_91' title="bbox 2241 4379 3821 4457; baseline -0.007 -17"><span class='ocrx_word' id='word_1_732' title='bbox 2241 4405 2397 4457; x_wconf 87' lang='grc' dir='ltr'>ομεν.</span> <span class='ocrx_word' id='word_1_733' title='bbox 2436 4405 2455 4437; x_wconf 72' lang='grc' dir='ltr'><strong>ι</strong></span> <span class='ocrx_word' id='word_1_734' title='bbox 2496 4386 2563 4438; x_wconf 83' lang='grc' dir='ltr'><strong>Τί</strong></span> <span class='ocrx_word' id='word_1_735' title='bbox 2619 4386 2813 4439; x_wconf 84' lang='grc' dir='ltr'>τούτου</span> <span class='ocrx_word' id='word_1_736' title='bbox 2870 4385 3069 4455; x_wconf 82' lang='grc' dir='ltr'>γένοιτ’</span> <span class='ocrx_word' id='word_1_737' title='bbox 3104 4385 3170 4439; x_wconf 81' lang='grc' dir='ltr'>ἄν</span> <span class='ocrx_word' id='word_1_738' title='bbox 3213 4399 3297 4436; x_wconf 89' lang='grc' dir='ltr'><strong>σοι</strong></span> <span class='ocrx_word' id='word_1_739' title='bbox 3344 4381 3686 4450; x_wconf 81' lang='grc' dir='ltr'>σαφέστερον</span> <span class='ocrx_word' id='word_1_740' title='bbox 3738 4379 3821 4440; x_wconf 89' lang='grc' dir='ltr'>εἰς</span> 
     </span>
    </p>
   </div>
   <div class='ocr_carea' id='block_1_92' title="bbox 555 4442 2133 4551">
    <p class='ocr_par' dir='ltr' id='par_1_92' title="bbox 555 4442 2132 4523">
     <span class='ocr_line' id='line_1_92' title="bbox 555 4442 2132 4523; baseline 0.006 -27"><span class='ocrx_word' id='word_1_741' title='bbox 555 4442 874 4505; x_wconf 85' lang='lat' dir='ltr'><strong>clarandum</strong></span> <span class='ocrx_word' id='word_1_742' title='bbox 904 4445 1142 4517; x_wconf 88' lang='lat' dir='ltr'><strong>primum</strong></span> <span class='ocrx_word' id='word_1_743' title='bbox 1193 4447 1395 4504; x_wconf 87' lang='lat' dir='ltr'><strong>bonum</strong></span> <span class='ocrx_word' id='word_1_744' title='bbox 1428 4447 1644 4504; x_wconf 89' lang='lat' dir='ltr'><strong>Patrem</strong></span> <span class='ocrx_word' id='word_1_745' title='bbox 1676 4464 1815 4518; x_wconf 90' lang='lat' dir='ltr'><strong>esse,</strong></span> <span class='ocrx_word' id='word_1_746' title='bbox 1852 4460 2017 4523; x_wconf 86' lang='lat' dir='ltr'><strong>atque</strong></span> <span class='ocrx_word' id='word_1_747' title='bbox 2047 4451 2132 4506; x_wconf 87' lang='lat' dir='ltr'><strong>iu-</strong></span> 
     </span>
    </p>
   </div>
   <div class='ocr_carea' id='block_1_93' title="bbox 2239 4442 3818 4551">
    <p class='ocr_par' dir='ltr' id='par_1_93' title="bbox 2243 4442 3818 4551">
     <span class='ocr_line' id='line_1_93' title="bbox 2243 4442 3818 4551; baseline -0.008 -18"><span class='ocrx_word' id='word_1_748' title='bbox 2243 4442 2594 4551; x_wconf 51' lang='lat' dir='ltr'><strong>xlapdc&#39;raow</strong></span> <span class='ocrx_word' id='word_1_749' title='bbox 2624 4477 2722 4531; x_wconf 82' lang='grc' dir='ltr'>τοῦ</span> <span class='ocrx_word' id='word_1_750' title='bbox 2759 4478 2836 4548; x_wconf 86' lang='grc' dir='ltr'>μὴ</span> <span class='ocrx_word' id='word_1_751' title='bbox 3043 4474 3329 4544; x_wconf 79' lang='grc' dir='ltr'>διαστολὴν</span> <span class='ocrx_word' id='word_1_752' title='bbox 3359 4442 3455 4526; x_wconf 66' lang='lat' dir='ltr'><strong>toi}</strong></span> <span class='ocrx_word' id='word_1_753' title='bbox 3510 4442 3642 4524; x_wconf 71' lang='grc' dir='ltr'><strong>Υιᾶῡ</strong></span> <span class='ocrx_word' id='word_1_754' title='bbox 3672 4470 3818 4539; x_wconf 81' lang='grc' dir='ltr'>λαμ·-</span> 
     </span>
    </p>
   </div>
   <div class='ocr_carea' id='block_1_94' title="bbox 560 4532 768 4605">
    <p class='ocr_par' dir='ltr' id='par_1_94' title="bbox 560 4532 768 4605">
     <span class='ocr_line' id='line_1_94' title="bbox 560 4532 768 4605; baseline 0.01 -18"><span class='ocrx_word' id='word_1_755' title='bbox 560 4532 728 4605; x_wconf 81' lang='lat' dir='ltr'><strong>telligi</strong></span> <span class='ocrx_word' id='word_1_756' title='bbox 744 4534 768 4589; x_wconf 71' lang='grc' dir='ltr'><strong>ι</strong></span> 
     </span>
    </p>
   </div>
   <div class='ocr_carea' id='block_1_95' title="bbox 633 4830 2135 4911">
    <p class='ocr_par' dir='ltr' id='par_1_95' title="bbox 633 4830 2135 4911">
     <span class='ocr_line' id='line_1_95' title="bbox 633 4830 2135 4911; baseline 0.007 -26"><span class='ocrx_word' id='word_1_757' title='bbox 633 4831 720 4888; x_wconf 73' lang='grc'><strong>15.</strong></span> <span class='ocrx_word' id='word_1_758' title='bbox 752 4830 907 4900; x_wconf 82' lang='lat' dir='ltr'><strong>Quod</strong></span> <span class='ocrx_word' id='word_1_759' title='bbox 932 4834 978 4889; x_wconf 88' lang='lat' dir='ltr'><strong>si</strong></span> <span class='ocrx_word' id='word_1_760' title='bbox 1005 4838 1187 4906; x_wconf 81' lang='lat' dir='ltr'><strong>magni</strong></span> <span class='ocrx_word' id='word_1_761' title='bbox 1212 4832 1402 4892; x_wconf 84' lang='lat' dir='ltr'><strong>Basilii</strong></span> <span class='ocrx_word' id='word_1_762' title='bbox 1441 4840 1745 4895; x_wconf 83' lang='lat' dir='ltr'><strong>auctoritas</strong></span> <span class='ocrx_word' id='word_1_763' title='bbox 1773 4838 1870 4894; x_wconf 88' lang='lat' dir='ltr'><strong>tibi</strong></span> <span class='ocrx_word' id='word_1_764' title='bbox 1902 4854 2135 4911; x_wconf 83' lang='lat' dir='ltr'><strong>persua-</strong></span> 
     </span>
    </p>
   </div>
   <div class='ocr_carea' id='block_1_96' title="bbox 561 4921 2132 5001">
    <p class='ocr_par' dir='ltr' id='par_1_96' title="bbox 561 4921 2132 5001">
     <span class='ocr_line' id='line_1_96' title="bbox 561 4921 2132 5001; baseline 0.007 -24"><span class='ocrx_word' id='word_1_765' title='bbox 561 4921 673 4991; x_wconf 88' lang='lat' dir='ltr'><strong>det,</strong></span> <span class='ocrx_word' id='word_1_766' title='bbox 707 4924 872 4980; x_wconf 86' lang='lat' dir='ltr'><strong>dictis</strong></span> <span class='ocrx_word' id='word_1_767' title='bbox 902 4927 969 4981; x_wconf 87' lang='lat' dir='ltr'><strong>ab</strong></span> <span class='ocrx_word' id='word_1_768' title='bbox 999 4942 1064 4984; x_wconf 91' lang='lat' dir='ltr'><strong>eo</strong></span> <span class='ocrx_word' id='word_1_769' title='bbox 1095 4942 1205 4983; x_wconf 91' lang='lat' dir='ltr'><strong>non</strong></span> <span class='ocrx_word' id='word_1_770' title='bbox 1240 4927 1541 4993; x_wconf 82' lang='lat' dir='ltr'><strong>adversari,</strong></span> <span class='ocrx_word' id='word_1_771' title='bbox 1568 4942 1797 4997; x_wconf 87' lang='lat' dir='ltr'><strong>prorsus</strong></span> <span class='ocrx_word' id='word_1_772' title='bbox 1821 4931 2132 5001; x_wconf 84' lang='lat' dir='ltr'><strong>dignosces,</strong></span> 
     </span>
    </p>
   </div>
   <div class='ocr_carea' id='block_1_97' title="bbox 562 5019 2139 5092">
    <p class='ocr_par' dir='ltr' id='par_1_97' title="bbox 562 5019 2139 5092">
     <span class='ocr_line' id='line_1_97' title="bbox 562 5019 2139 5092; baseline 0.008 -23"><span class='ocrx_word' id='word_1_773' title='bbox 562 5031 673 5070; x_wconf 86' lang='lat' dir='ltr'><strong>non</strong></span> <span class='ocrx_word' id='word_1_774' title='bbox 723 5024 924 5073; x_wconf 88' lang='lat' dir='ltr'><strong>temere</strong></span> <span class='ocrx_word' id='word_1_775' title='bbox 980 5034 1081 5073; x_wconf 89' lang='lat' dir='ltr'><strong>nos</strong></span> <span class='ocrx_word' id='word_1_776' title='bbox 1133 5019 1188 5073; x_wconf 88' lang='lat' dir='ltr'><strong>in</strong></span> <span class='ocrx_word' id='word_1_777' title='bbox 1222 5019 1496 5089; x_wconf 86' lang='lat' dir='ltr'><strong>principio</strong></span> <span class='ocrx_word' id='word_1_778' title='bbox 1529 5020 1800 5078; x_wconf 79' lang='lat' dir='ltr'><strong>orationis</strong></span> <span class='ocrx_word' id='word_1_779' title='bbox 1853 5024 2139 5092; x_wconf 81' lang='lat' dir='ltr'><strong>professos</strong></span> 
     </span>
    </p>
   </div>
   <div class='ocr_carea' id='block_1_98' title="bbox 558 5109 2134 5184">
    <p class='ocr_par' dir='ltr' id='par_1_98' title="bbox 558 5109 2134 5184">
     <span class='ocr_line' id='line_1_98' title="bbox 558 5109 2134 5184; baseline 0.006 -24"><span class='ocrx_word' id='word_1_780' title='bbox 558 5121 680 5162; x_wconf 85' lang='lat' dir='ltr'><strong>esse</strong></span> <span class='ocrx_word' id='word_1_781' title='bbox 710 5121 775 5161; x_wconf 85' lang='lat' dir='ltr'><strong>ex</strong></span> <span class='ocrx_word' id='word_1_782' title='bbox 826 5111 1011 5179; x_wconf 86' lang='lat' dir='ltr'><strong>magni</strong></span> <span class='ocrx_word' id='word_1_783' title='bbox 1046 5109 1236 5164; x_wconf 79' lang='lat' dir='ltr'><strong>Basilii</strong></span> <span class='ocrx_word' id='word_1_784' title='bbox 1277 5109 1332 5164; x_wconf 89' lang='lat' dir='ltr'><strong>in</strong></span> <span class='ocrx_word' id='word_1_785' title='bbox 1375 5111 1685 5180; x_wconf 78' lang='lat' dir='ltr'><strong>evangelica</strong></span> <span class='ocrx_word' id='word_1_786' title='bbox 1735 5112 1879 5169; x_wconf 88' lang='lat' dir='ltr'><strong>dicta</strong></span> <span class='ocrx_word' id='word_1_787' title='bbox 1911 5115 2134 5184; x_wconf 84' lang='lat' dir='ltr'><strong>exposi-</strong></span> 
     </span>
    </p>
   </div>
   <div class='ocr_carea' id='block_1_99' title="bbox 561 5200 2131 5269">
    <p class='ocr_par' dir='ltr' id='par_1_99' title="bbox 561 5200 2131 5269">
     <span class='ocr_line' id='line_1_99' title="bbox 561 5200 2131 5269; baseline 0.003 -12"><span class='ocrx_word' id='word_1_788' title='bbox 561 5200 821 5268; x_wconf 83' lang='lat' dir='ltr'><strong>tionibus,</strong></span> <span class='ocrx_word' id='word_1_789' title='bbox 878 5205 1374 5269; x_wconf 86' lang='lat' dir='ltr'><strong>demonstraturos,</strong></span> <span class='ocrx_word' id='word_1_790' title='bbox 1434 5219 1544 5259; x_wconf 89' lang='lat' dir='ltr'><strong>non</strong></span> <span class='ocrx_word' id='word_1_791' title='bbox 1604 5206 1671 5261; x_wconf 87' lang='lat' dir='ltr'><strong>ad</strong></span> <span class='ocrx_word' id='word_1_792' title='bbox 1724 5205 2131 5262; x_wconf 86' lang='lat' dir='ltr'><strong>distinctionem</strong></span> 
     </span>
    </p>
   </div>
   <div class='ocr_carea' id='block_1_100' title="bbox 558 5286 2133 5369">
    <p class='ocr_par' dir='ltr' id='par_1_100' title="bbox 558 5286 2133 5369">
     <span class='ocr_line' id='line_1_100' title="bbox 558 5286 2133 5369; baseline 0.006 -25"><span class='ocrx_word' id='word_1_793' title='bbox 558 5286 685 5347; x_wconf 83' lang='lat' dir='ltr'><strong>Filii</strong></span> <span class='ocrx_word' id='word_1_794' title='bbox 716 5292 849 5347; x_wconf 86' lang='lat' dir='ltr'><strong>illud</strong></span> <span class='ocrx_word' id='word_1_795' title='bbox 898 5310 917 5345; x_wconf 84' lang='grc' dir='ltr'><strong>ι</strong></span> <span class='ocrx_word' id='word_1_796' title='bbox 959 5309 1024 5348; x_wconf 87' lang='lat' dir='ltr'><strong>ex</strong></span> <span class='ocrx_word' id='word_1_797' title='bbox 1051 5292 1215 5349; x_wconf 90' lang='lat' dir='ltr'><strong>Patre</strong></span> <span class='ocrx_word' id='word_1_798' title='bbox 1268 5296 1385 5353; x_wconf 89' lang='lat' dir='ltr'><strong>solo</strong></span> <span class='ocrx_word' id='word_1_799' title='bbox 1417 5314 1440 5347; x_wconf 74' lang='grc' dir='ltr'><strong>ι</strong></span> <span class='ocrx_word' id='word_1_800' title='bbox 1477 5298 1788 5369; x_wconf 90' lang='lat' dir='ltr'><strong>appositum</strong></span> <span class='ocrx_word' id='word_1_801' title='bbox 1842 5298 2038 5363; x_wconf 78' lang='lat' dir='ltr'><strong>fuisse,</strong></span> <span class='ocrx_word' id='word_1_802' title='bbox 2086 5299 2133 5355; x_wconf 91' lang='lat' dir='ltr'><strong>si</strong></span> 
     </span>
    </p>
   </div>
   <div class='ocr_carea' id='block_1_101' title="bbox 559 5393 2133 5472">
    <p class='ocr_par' dir='ltr' id='par_1_101' title="bbox 559 5393 2133 5472">
     <span class='ocr_line' id='line_1_101' title="bbox 559 5393 2133 5472; baseline 0.007 -25"><span class='ocrx_word' id='word_1_803' title='bbox 559 5393 824 5449; x_wconf 87' lang='lat' dir='ltr'><strong>hactenus</strong></span> <span class='ocrx_word' id='word_1_804' title='bbox 871 5395 1034 5451; x_wconf 91' lang='lat' dir='ltr'><strong>modo</strong></span> <span class='ocrx_word' id='word_1_805' title='bbox 1079 5398 1134 5451; x_wconf 92' lang='lat' dir='ltr'><strong>in</strong></span> <span class='ocrx_word' id='word_1_806' title='bbox 1175 5398 1449 5467; x_wconf 81' lang='lat' dir='ltr'><strong>aliquibus</strong></span> <span class='ocrx_word' id='word_1_807' title='bbox 1477 5401 1798 5472; x_wconf 87' lang='lat' dir='ltr'><strong>tbeoiogicis</strong></span> <span class='ocrx_word' id='word_1_808' title='bbox 1829 5402 1993 5457; x_wconf 89' lang='lat' dir='ltr'><strong>dictis</strong></span> <span class='ocrx_word' id='word_1_809' title='bbox 2042 5417 2133 5458; x_wconf 92' lang='lat' dir='ltr'><strong>re-</strong></span> 
     </span>
    </p>
   </div>
   <div class='ocr_carea' id='block_1_102' title="bbox 562 5485 2137 5575">
    <p class='ocr_par' dir='ltr' id='par_1_102' title="bbox 562 5485 2137 5575">
     <span class='ocr_line' id='line_1_102' title="bbox 562 5485 2137 5575; baseline 0.008 -38"><span class='ocrx_word' id='word_1_810' title='bbox 562 5485 724 5575; x_wconf 79' lang='lat' dir='ltr'><strong>periri</strong></span> <span class='ocrx_word' id='word_1_811' title='bbox 755 5487 1100 5556; x_wconf 73' lang='lat' dir='ltr'><strong>contigisset,</strong></span> <span class='ocrx_word' id='word_1_812' title='bbox 1125 5489 1218 5544; x_wconf 88' lang='lat' dir='ltr'><strong>sed</strong></span> <span class='ocrx_word' id='word_1_813' title='bbox 1243 5492 1308 5575; x_wconf 81' lang='lat' dir='ltr'><strong>ad</strong></span> <span class='ocrx_word' id='word_1_814' title='bbox 1341 5493 1808 5562; x_wconf 85' lang='lat' dir='ltr'><strong>comprobandum</strong></span> <span class='ocrx_word' id='word_1_815' title='bbox 1831 5493 2137 5548; x_wconf 84' lang='lat' dir='ltr'><strong>solummo-</strong></span> 
     </span>
    </p>
   </div>
   <div class='ocr_carea' id='block_1_103' title="bbox 559 5573 2134 5655">
    <p class='ocr_par' dir='ltr' id='par_1_103' title="bbox 559 5573 2134 5655">
     <span class='ocr_line' id='line_1_103' title="bbox 559 5573 2134 5655; baseline 0.008 -26"><span class='ocrx_word' id='word_1_816' title='bbox 559 5573 654 5641; x_wconf 91' lang='lat' dir='ltr'><strong>do,</strong></span> <span class='ocrx_word' id='word_1_817' title='bbox 680 5578 913 5647; x_wconf 84' lang='lat' dir='ltr'><strong>primam</strong></span> <span class='ocrx_word' id='word_1_818' title='bbox 936 5594 1156 5639; x_wconf 80' lang='lat' dir='ltr'><strong>causam</strong></span> <span class='ocrx_word' id='word_1_819' title='bbox 1190 5573 1406 5640; x_wconf 84' lang='lat' dir='ltr'><strong>Patrem</strong></span> <span class='ocrx_word' id='word_1_820' title='bbox 1440 5600 1564 5641; x_wconf 85' lang='lat' dir='ltr'><strong>esse</strong></span> <span class='ocrx_word' id='word_1_821' title='bbox 1585 5595 1751 5655; x_wconf 87' lang='lat' dir='ltr'><strong>atque</strong></span> <span class='ocrx_word' id='word_1_822' title='bbox 1780 5584 2032 5653; x_wconf 79' lang='lat' dir='ltr'><strong>intelligi.</strong></span> <span class='ocrx_word' id='word_1_823' title='bbox 2066 5585 2134 5641; x_wconf 82' lang='lat' dir='ltr'><strong>Et</strong></span> 
     </span>
    </p>
   </div>
   <div class='ocr_carea' id='block_1_104' title="bbox 636 5730 1153 5794">
    <p class='ocr_par' dir='ltr' id='par_1_104' title="bbox 636 5730 1153 5794">
     <span class='ocr_line' id='line_1_104' title="bbox 636 5730 1153 5794; baseline 0.01 -6"><span class='ocrx_word' id='word_1_824' title='bbox 636 5730 681 5766; x_wconf 84' lang='lat'><strong>&quot;</strong></span> <span class='ocrx_word' id='word_1_825' title='bbox 716 5730 847 5791; x_wconf 84' lang='lat' dir='ltr'><strong>Luc.</strong></span> <span class='ocrx_word' id='word_1_826' title='bbox 882 5750 1035 5794; x_wconf 81' lang='lat' dir='ltr'><strong>xvm.</strong></span> <span class='ocrx_word' id='word_1_827' title='bbox 1066 5736 1153 5793; x_wconf 79' lang='lat' dir='ltr'><strong>i9.</strong></span> 
     </span>
    </p>
   </div>
   <div class='ocr_carea' id='block_1_105' title="bbox 2240 4561 3816 4639">
    <p class='ocr_par' dir='ltr' id='par_1_105' title="bbox 2240 4561 3816 4639">
     <span class='ocr_line' id='line_1_105' title="bbox 2240 4561 3816 4639; baseline -0.006 -14"><span class='ocrx_word' id='word_1_828' title='bbox 2240 4572 2505 4629; x_wconf 79' lang='grc' dir='ltr'>ὁάνεσθαι</span> <span class='ocrx_word' id='word_1_829' title='bbox 2544 4573 2628 4636; x_wconf 85' lang='grc' dir='ltr'><strong>τὸ,</strong></span> <span class='ocrx_word' id='word_1_830' title='bbox 2671 4590 2690 4624; x_wconf 81' lang='grc' dir='ltr'><strong>ι</strong></span> <span class='ocrx_word' id='word_1_831' title='bbox 2729 4571 2915 4634; x_wconf 79' lang='grc' dir='ltr'>Οὐδεὶς</span> <span class='ocrx_word' id='word_1_832' title='bbox 2962 4569 3166 4639; x_wconf 87' lang='grc' dir='ltr'>ἀγαθὸς</span> <span class='ocrx_word' id='word_1_833' title='bbox 3198 4570 3248 4622; x_wconf 80' lang='grc' dir='ltr'><strong>ει</strong></span> <span class='ocrx_word' id='word_1_834' title='bbox 3295 4566 3372 4638; x_wconf 83' lang='grc' dir='ltr'>μὴ</span> <span class='ocrx_word' id='word_1_835' title='bbox 3416 4561 3497 4629; x_wconf 85' lang='grc' dir='ltr'>εἷς</span> <span class='ocrx_word' id='word_1_836' title='bbox 3544 4564 3573 4617; x_wconf 80' lang='grc' dir='ltr'><strong>ὁ</strong></span> <span class='ocrx_word' id='word_1_837' title='bbox 3603 4562 3759 4626; x_wconf 80' lang='grc' dir='ltr'>Θεὸς,</span> <span class='ocrx_word' id='word_1_838' title='bbox 3794 4580 3816 4613; x_wconf 74' lang='grc' dir='ltr'><strong>ι</strong></span> 
     </span>
    </p>
   </div>
   <div class='ocr_carea' id='block_1_106' title="bbox 2240 4652 3821 4734">
    <p class='ocr_par' dir='ltr' id='par_1_106' title="bbox 2240 4652 3821 4734">
     <span class='ocr_line' id='line_1_106' title="bbox 2240 4652 3821 4734; baseline -0.009 -16"><span class='ocrx_word' id='word_1_839' title='bbox 2240 4664 2379 4719; x_wconf 87' lang='grc' dir='ltr'><strong>ἀλλά</strong></span> <span class='ocrx_word' id='word_1_840' title='bbox 2409 4664 2546 4734; x_wconf 86' lang='grc' dir='ltr'>πρὸς</span> <span class='ocrx_word' id='word_1_841' title='bbox 2576 4661 2811 4732; x_wconf 75' lang='grc' dir='ltr'>δήλωσιν</span> <span class='ocrx_word' id='word_1_842' title='bbox 2842 4658 2947 4712; x_wconf 58' lang='grc' dir='ltr'>τοῦς</span> <span class='ocrx_word' id='word_1_843' title='bbox 2969 4658 3184 4729; x_wconf 85' lang='grc' dir='ltr'>πρῶτον</span> <span class='ocrx_word' id='word_1_844' title='bbox 3233 4655 3443 4725; x_wconf 85' lang='grc' dir='ltr'>ἀγαθὸν</span> <span class='ocrx_word' id='word_1_845' title='bbox 3469 4654 3562 4708; x_wconf 88' lang='grc' dir='ltr'><strong>τὸν</strong></span> <span class='ocrx_word' id='word_1_846' title='bbox 3594 4652 3821 4722; x_wconf 78' lang='grc' dir='ltr'>Πατέρα</span> 
     </span>
    </p>
   </div>
   <div class='ocr_carea' id='block_1_107' title="bbox 2239 4753 2894 4819">
    <p class='ocr_par' dir='ltr' id='par_1_107' title="bbox 2239 4753 2894 4819">
     <span class='ocr_line' id='line_1_107' title="bbox 2239 4753 2894 4819; baseline -0.009 -8"><span class='ocrx_word' id='word_1_847' title='bbox 2239 4753 2379 4814; x_wconf 75' lang='grc' dir='ltr'>εἶναι</span> <span class='ocrx_word' id='word_1_848' title='bbox 2396 4773 2457 4811; x_wconf 79' lang='grc' dir='ltr'><strong>τε</strong></span> <span class='ocrx_word' id='word_1_849' title='bbox 2488 4757 2583 4808; x_wconf 75' lang='grc' dir='ltr'>καὶ</span> <span class='ocrx_word' id='word_1_850' title='bbox 2611 4754 2857 4809; x_wconf 79' lang='grc' dir='ltr'>νοεῖσθαι</span> <span class='ocrx_word' id='word_1_851' title='bbox 2880 4768 2894 4819; x_wconf 89' lang='lat'><strong>;</strong></span> 
     </span>
    </p>
   </div>
   <div class='ocr_carea' id='block_1_108' title="bbox 2312 4835 3820 4915">
    <p class='ocr_par' dir='ltr' id='par_1_108' title="bbox 2312 4835 3820 4915">
     <span class='ocr_line' id='line_1_108' title="bbox 2312 4835 3820 4915; baseline -0.01 -12"><span class='ocrx_word' id='word_1_852' title='bbox 2312 4852 2398 4903; x_wconf 81' lang='grc' dir='ltr'>ιε’.</span> <span class='ocrx_word' id='word_1_853' title='bbox 2429 4848 2542 4903; x_wconf 71' lang='grc' dir='ltr'><strong>Καὶ</strong></span> <span class='ocrx_word' id='word_1_854' title='bbox 2571 4848 2625 4901; x_wconf 75' lang='grc' dir='ltr'>ει</span> <span class='ocrx_word' id='word_1_855' title='bbox 2648 4847 2708 4915; x_wconf 84' lang='grc' dir='ltr'><strong>γέ</strong></span> <span class='ocrx_word' id='word_1_856' title='bbox 2746 4862 2806 4899; x_wconf 88' lang='grc' dir='ltr'><strong>σε</strong></span> <span class='ocrx_word' id='word_1_857' title='bbox 2828 4847 2890 4899; x_wconf 84' lang='grc' dir='ltr'><strong>τὸ</strong></span> <span class='ocrx_word' id='word_1_858' title='bbox 2921 4843 3015 4897; x_wconf 81' lang='grc' dir='ltr'>τοῦ</span> <span class='ocrx_word' id='word_1_859' title='bbox 3048 4842 3286 4913; x_wconf 82' lang='grc' dir='ltr'>μεγάλου</span> <span class='ocrx_word' id='word_1_860' title='bbox 3329 4837 3617 4894; x_wconf 82' lang='grc' dir='ltr'>Βασιλείου</span> <span class='ocrx_word' id='word_1_861' title='bbox 3671 4835 3820 4901; x_wconf 81' lang='grc' dir='ltr'>ἀξιό-</span> 
     </span>
    </p>
   </div>
   <div class='ocr_carea' id='block_1_109' title="bbox 2244 4927 3820 5007">
    <p class='ocr_par' dir='ltr' id='par_1_109' title="bbox 2244 4927 3820 5007">
     <span class='ocr_line' id='line_1_109' title="bbox 2244 4927 3820 5007; baseline -0.011 -12"><span class='ocrx_word' id='word_1_862' title='bbox 2244 4956 2438 4997; x_wconf 76' lang='grc' dir='ltr'>πιστον</span> <span class='ocrx_word' id='word_1_863' title='bbox 2470 4938 2647 4992; x_wconf 82' lang='grc' dir='ltr'>πείθει</span> <span class='ocrx_word' id='word_1_864' title='bbox 2676 4936 2751 5007; x_wconf 80' lang='grc' dir='ltr'>μὴ</span> <span class='ocrx_word' id='word_1_865' title='bbox 2781 4935 3084 5004; x_wconf 79' lang='grc' dir='ltr'>ἀντιλέγειν</span> <span class='ocrx_word' id='word_1_866' title='bbox 3108 4937 3222 4997; x_wconf 84' lang='grc' dir='ltr'>τοῖς</span> <span class='ocrx_word' id='word_1_867' title='bbox 3275 4931 3407 5003; x_wconf 79' lang='grc' dir='ltr'>παρ’</span> <span class='ocrx_word' id='word_1_868' title='bbox 3437 4927 3606 4983; x_wconf 80' lang='grc' dir='ltr'>αὐτοῦ</span> <span class='ocrx_word' id='word_1_869' title='bbox 3668 4928 3820 4997; x_wconf 75' lang='grc' dir='ltr'>εἰρη-</span> 
     </span>
    </p>
   </div>
   <div class='ocr_carea' id='block_1_110' title="bbox 2248 5024 3821 5107">
    <p class='ocr_par' dir='ltr' id='par_1_110' title="bbox 2248 5024 3821 5107">
     <span class='ocr_line' id='line_1_110' title="bbox 2248 5024 3821 5107; baseline -0.017 -8"><span class='ocrx_word' id='word_1_870' title='bbox 2248 5034 2460 5107; x_wconf 81' lang='grc' dir='ltr'>μένοις,</span> <span class='ocrx_word' id='word_1_871' title='bbox 2487 5031 2600 5102; x_wconf 69' lang='grc' dir='ltr'>ἔχει</span> <span class='ocrx_word' id='word_1_872' title='bbox 2626 5028 2923 5099; x_wconf 84' lang='grc' dir='ltr'>διαγνῶναι</span> <span class='ocrx_word' id='word_1_873' title='bbox 2956 5030 3170 5089; x_wconf 77' lang='grc' dir='ltr'>πάντως</span> <span class='ocrx_word' id='word_1_874' title='bbox 3202 5024 3278 5089; x_wconf 81' lang='grc' dir='ltr'>ὡς</span> <span class='ocrx_word' id='word_1_875' title='bbox 3302 5025 3363 5079; x_wconf 81' lang='grc' dir='ltr'>οὐ</span> <span class='ocrx_word' id='word_1_876' title='bbox 3401 5025 3581 5095; x_wconf 78' lang='grc' dir='ltr'>μάτην</span> <span class='ocrx_word' id='word_1_877' title='bbox 3635 5024 3821 5090; x_wconf 67' lang='grc' dir='ltr'>ἐπηγ-</span> 
     </span>
    </p>
   </div>
   <div class='ocr_carea' id='block_1_111' title="bbox 2243 5111 3818 5195">
    <p class='ocr_par' dir='ltr' id='par_1_111' title="bbox 2243 5111 3818 5195">
     <span class='ocr_line' id='line_1_111' title="bbox 2243 5111 3818 5195; baseline -0.01 -17"><span class='ocrx_word' id='word_1_878' title='bbox 2243 5124 2553 5195; x_wconf 83' lang='grc' dir='ltr'>γειλάμεθὰ</span> <span class='ocrx_word' id='word_1_879' title='bbox 2585 5113 2671 5175; x_wconf 89' lang='grc' dir='ltr'><strong>σοι</strong></span> <span class='ocrx_word' id='word_1_880' title='bbox 2703 5122 2762 5173; x_wconf 80' lang='grc' dir='ltr'>ὲν</span> <span class='ocrx_word' id='word_1_881' title='bbox 2794 5119 3102 5191; x_wconf 84' lang='grc' dir='ltr'>καταρχαῖς</span> <span class='ocrx_word' id='word_1_882' title='bbox 3150 5120 3246 5172; x_wconf 85' lang='grc' dir='ltr'><strong>τοῦ</strong></span> <span class='ocrx_word' id='word_1_883' title='bbox 3269 5117 3431 5184; x_wconf 83' lang='grc' dir='ltr'>λόγου</span> <span class='ocrx_word' id='word_1_884' title='bbox 3470 5116 3535 5167; x_wconf 79' lang='grc' dir='ltr'><strong>ὲκ</strong></span> <span class='ocrx_word' id='word_1_885' title='bbox 3561 5113 3672 5166; x_wconf 84' lang='grc' dir='ltr'>τῶν</span> <span class='ocrx_word' id='word_1_886' title='bbox 3721 5111 3818 5164; x_wconf 82' lang='grc' dir='ltr'><strong>τοῦ</strong></span> 
     </span>
    </p>
   </div>
   <div class='ocr_carea' id='block_1_112' title="bbox 2248 5207 3819 5289">
    <p class='ocr_par' dir='ltr' id='par_1_112' title="bbox 2248 5207 3819 5289">
     <span class='ocr_line' id='line_1_112' title="bbox 2248 5207 3819 5289; baseline -0.01 -18"><span class='ocrx_word' id='word_1_887' title='bbox 2248 5216 2484 5289; x_wconf 74' lang='grc' dir='ltr'>μεγάλου</span> <span class='ocrx_word' id='word_1_888' title='bbox 2539 5213 2823 5268; x_wconf 78' lang='grc' dir='ltr'>Βασιλειου</span> <span class='ocrx_word' id='word_1_889' title='bbox 2873 5213 2966 5266; x_wconf 68' lang='grc' dir='ltr'><strong>ἐπὶ</strong></span> <span class='ocrx_word' id='word_1_890' title='bbox 3019 5213 3135 5275; x_wconf 81' lang='grc' dir='ltr'>τοῖς</span> <span class='ocrx_word' id='word_1_891' title='bbox 3195 5208 3593 5277; x_wconf 73' lang='grc' dir='ltr'>Εὐαγγελικοῐς</span> <span class='ocrx_word' id='word_1_892' title='bbox 3626 5207 3819 5277; x_wconf 79' lang='grc' dir='ltr'>ῥητοῖς</span> 
     </span>
    </p>
   </div>
   <div class='ocr_carea' id='block_1_113' title="bbox 2243 5296 3817 5379">
    <p class='ocr_par' dir='ltr' id='par_1_113' title="bbox 2243 5296 3817 5379">
     <span class='ocr_line' id='line_1_113' title="bbox 2243 5296 3817 5379; baseline -0.009 -16"><span class='ocrx_word' id='word_1_893' title='bbox 2243 5309 2560 5379; x_wconf 75' lang='grc' dir='ltr'>ἐξηγήσεων</span> <span class='ocrx_word' id='word_1_894' title='bbox 2599 5304 3008 5374; x_wconf 78' lang='grc' dir='ltr'>ἁποδεδειχέναι</span> <span class='ocrx_word' id='word_1_895' title='bbox 3054 5303 3131 5374; x_wconf 76' lang='grc' dir='ltr'>μὴ</span> <span class='ocrx_word' id='word_1_896' title='bbox 3180 5300 3318 5372; x_wconf 82' lang='grc' dir='ltr'>πρὸς</span> <span class='ocrx_word' id='word_1_897' title='bbox 3381 5301 3673 5368; x_wconf 77' lang='grc' dir='ltr'>διαστολὴν</span> <span class='ocrx_word' id='word_1_898' title='bbox 3720 5296 3817 5351; x_wconf 82' lang='grc' dir='ltr'>τοῦ</span> 
     </span>
    </p>
   </div>
   <div class='ocr_carea' id='block_1_114' title="bbox 2244 5390 3820 5468">
    <p class='ocr_par' dir='ltr' id='par_1_114' title="bbox 2244 5390 3820 5468">
     <span class='ocr_line' id='line_1_114' title="bbox 2244 5390 3820 5468; baseline -0.009 -12"><span class='ocrx_word' id='word_1_899' title='bbox 2244 5402 2374 5457; x_wconf 79' lang='grc' dir='ltr'>Υἱοῦ</span> <span class='ocrx_word' id='word_1_900' title='bbox 2404 5402 2465 5454; x_wconf 85' lang='grc' dir='ltr'><strong>τὸ</strong></span> <span class='ocrx_word' id='word_1_901' title='bbox 2502 5402 2567 5453; x_wconf 74' lang='grc' dir='ltr'><strong>ὲκ</strong></span> <span class='ocrx_word' id='word_1_902' title='bbox 2603 5399 2767 5468; x_wconf 87' lang='grc' dir='ltr'>μόνου</span> <span class='ocrx_word' id='word_1_903' title='bbox 2791 5397 2887 5450; x_wconf 83' lang='grc' dir='ltr'><strong>τοῦ</strong></span> <span class='ocrx_word' id='word_1_904' title='bbox 2955 5395 3167 5466; x_wconf 87' lang='grc' dir='ltr'>Πατρὸς</span> <span class='ocrx_word' id='word_1_905' title='bbox 3219 5394 3494 5466; x_wconf 77' lang='grc' dir='ltr'>εἰρῆσθαι,</span> <span class='ocrx_word' id='word_1_906' title='bbox 3553 5391 3714 5461; x_wconf 70' lang='grc' dir='ltr'>εἴπερ</span> <span class='ocrx_word' id='word_1_907' title='bbox 3754 5390 3820 5444; x_wconf 81' lang='grc' dir='ltr'>ἂν</span> 
     </span>
    </p>
   </div>
   <div class='ocr_carea' id='block_1_115' title="bbox 2242 5482 3820 5556">
    <p class='ocr_par' dir='ltr' id='par_1_115' title="bbox 2242 5482 3820 5556">
     <span class='ocr_line' id='line_1_115' title="bbox 2242 5482 3820 5556; baseline -0.006 -14"><span class='ocrx_word' id='word_1_908' title='bbox 2242 5490 2382 5551; x_wconf 84' lang='grc' dir='ltr'>τέως</span> <span class='ocrx_word' id='word_1_909' title='bbox 2407 5486 2569 5541; x_wconf 83' lang='grc' dir='ltr'>τοῦτο</span> <span class='ocrx_word' id='word_1_910' title='bbox 2603 5486 2700 5539; x_wconf 79' lang='grc' dir='ltr'><strong>καὶ</strong></span> <span class='ocrx_word' id='word_1_911' title='bbox 2737 5485 2989 5556; x_wconf 81' lang='grc' dir='ltr'>εὑρεθείη</span> <span class='ocrx_word' id='word_1_912' title='bbox 3028 5485 3089 5537; x_wconf 76' lang='grc' dir='ltr'>ἐν</span> <span class='ocrx_word' id='word_1_913' title='bbox 3119 5500 3234 5537; x_wconf 86' lang='grc' dir='ltr'>τισι</span> <span class='ocrx_word' id='word_1_914' title='bbox 3261 5482 3595 5552; x_wconf 81' lang='grc' dir='ltr'>θεολογικαῖς</span> <span class='ocrx_word' id='word_1_915' title='bbox 3625 5482 3820 5551; x_wconf 79' lang='grc' dir='ltr'>ρήσεσι</span> 
     </span>
    </p>
   </div>
   <div class='ocr_carea' id='block_1_116' title="bbox 2246 5572 3816 5652">
    <p class='ocr_par' dir='ltr' id='par_1_116' title="bbox 2246 5572 3816 5652">
     <span class='ocr_line' id='line_1_116' title="bbox 2246 5572 3816 5652; baseline -0.008 -15"><span class='ocrx_word' id='word_1_916' title='bbox 2246 5581 2524 5652; x_wconf 78' lang='grc' dir='ltr'>κείμενον,</span> <span class='ocrx_word' id='word_1_917' title='bbox 2555 5581 2694 5637; x_wconf 81' lang='grc' dir='ltr'>ἀλλὰ</span> <span class='ocrx_word' id='word_1_918' title='bbox 2722 5580 2864 5652; x_wconf 84' lang='grc' dir='ltr'>πρὸς</span> <span class='ocrx_word' id='word_1_919' title='bbox 2892 5578 3060 5651; x_wconf 80' lang='grc' dir='ltr'>μόνην</span> <span class='ocrx_word' id='word_1_920' title='bbox 3090 5574 3437 5647; x_wconf 77' lang='grc' dir='ltr'>παράστασιν</span> <span class='ocrx_word' id='word_1_921' title='bbox 3471 5573 3565 5629; x_wconf 81' lang='grc' dir='ltr'>τοῦ</span> <span class='ocrx_word' id='word_1_922' title='bbox 3596 5572 3816 5644; x_wconf 80' lang='grc' dir='ltr'>πρῶτον</span> 
     </span>
    </p>
   </div>
  </div>
