4054 6418
389 363 498 431 969

1420 367 1518 428 DE
1556 362 2078 428 PROCESSIONE
2118 364 2179 425 S.
2224 365 2604 428 SPIRITUS.
3539 369 3602 431 Ξῖ

404 488 546 539 Ἀλλ’
576 487 627 540 εί
657 487 748 542 καὶ
775 487 838 540 σὺ
860 486 1109 552 κρεῖττον
1133 484 1164 555 ἢ
1198 487 1338 537 κατὰ
1363 486 1452 537 τὸν
1490 486 1666 555 μέγαν
1694 485 1972 537 Βασίλειον

2088 483 2261 537 ritus?
2293 481 2685 537 Verumtamen
2722 483 2940 540 etiamsi
2989 496 3044 540 tu
3092 486 3208 556 ipso
3240 485 3436 542 Basilio
3461 489 3656 547 melius

391 577 657 646 φαντάζει
683 579 803 637 ταῖς
823 579 923 646 τῆς
944 575 1225 642 θεολογίας
1243 576 1444 642 αὐγαῖς
1474 574 1972 640 ἐναστράπτεσθαι,

390 671 505 736 ἐγὼ
535 670 594 723 δὲ
624 668 732 723 τῶν
760 669 911 737 αὐτῷ
965 666 1398 736 θεολογηθέντων
1437 665 1742 735 ὁλοσχερῶς
1785 664 1971 732 ἐξέχε-

392 764 521 815 σοαι
580 763 684 813 οὐκ
714 760 1040 829 ἀναδύομαι,
1071 759 1166 810 καὶ
1196 759 1300 811 ὑπὸ
1343 758 1636 828 καθηγητῇ
1687 756 1784 808 καὶ
1826 756 1971 808 διδα·

393 852 584 920 σκάλῳ
630 849 780 918 αὐτῷ
806 849 899 902 16v
931 848 1090 916 λόγον
1125 845 1245 900 οἴδα
1270 846 1376 900 καθ
1395 849 1408 867 ‘
1436 846 1495 899 ὃν
1525 846 1586 899 τὸ
1616 846 1802 913 μόνος
1828 846 1970 913 λαμ-

389 941 744 996 65tvs1atétt‘t
780 938 877 992 τοῦ
930 939 1165 1006 Πατρός.
1218 937 1391 999 Αὐτὸς
1415 935 1523 1004 γὰρ
1579 931 1734 997 οὗτος
1786 935 1814 986 6
1868 936 1967 1003 τῆς

388 1032 680 1099 θεολογίας
710 1030 941 1100 φωστὴρ
966 1027 1358 1098 ἐξηγούμενος,
1393 1028 1452 1080 τὸ
1495 1047 1514 1079 ‹
1545 1027 1733 1088 Οὐδεὶς
1755 1022 1865 1078 οἵδε
1884 1026 1975 1078 τὸν

390 1126 524 1178 Υἰὶν
559 1123 689 1191 εἰμὴ
740 1127 768 1174 6
812 1121 1022 1191 Πατὴρ,
1056 1119 1270 1188 »λέγει,
1318 1138 1336 1170 ‹
1383 1117 1519 1171 Οὐδὲ
1565 1118 1676 1186 γὰρ
1704 1120 1820 1170 ἐκεῖ
1873 1117 1974 1184 ἄγα

389 1235 550 1272 νοιαν
624 1215 718 1268 τοῦ
783 1213 1103 1282 Πνεῦματος
1159 1214 1458 1283 κατηγορεῖ
1524 1211 1552 1260 ό
1613 1210 1778 1275 Υἱὸς,
1842 1209 1976 1262 ἀλλὰ

391 1308 600 1380 πρώτῳ
640 1306 717 1375 τῷ
760 1307 938 1373 lla.th
961 1305 1292 1373 ἐνυπάρχειν
1324 1303 1422 1372 τὴν
1454 1303 1658 1369 γνῶσιν
1686 1303 1788 1371 τῆς
1838 1303 1968 1354 ἑαυ-

388 1401 486 1454 τοῦ
514 1400 730 1468 φύσεως
755 1398 1042 1467 μαρτυρεῖ.
1079 1414 1098 1446 ι
1134 1396 1241 1448 Καὶ
1271 1394 1354 1458 16,
1390 1414 1407 1445 ι
1435 1397 1482 1446 εἰ
1517 1394 1590 1464 μὴ
1624 1389 1702 1456 εἷς
1731 1393 1922 1454 όΘεὸς,
1950 1411 1969 1444 ι

393 1494 521 1546 ἀντὶ
579 1491 700 1552 τοῦ,
743 1506 762 1540 ι
804 1491 853 1541 εἰ
909 1487 987 1557 μὴ
1059 1487 1219 1555 μόνος
1273 1488 1301 1539 6
1365 1485 1579 1556 Πατὴρ,
1621 1504 1638 1536 ι
1700 1485 1978 1554 ἐκλαμϐά-

396 1601 544 1649 νων,
609 1583 667 1634 ὲν
727 1585 794 1652 τῇ
854 1581 1117 1650 ἐξηγήσει
1187 1580 1322 1649 φησί
1440 1578 1675 1648 δήλωσιν
1722 1577 1866 1648 ἔχειν
1918 1578 1978 1630 16

399 1677 551 1748 ῥῆμα
595 1674 688 1726 τοῦ
731 1674 951 1742 πρῶτον
980 1671 1189 1740 ὰγαθὸν
1245 1665 1385 1722 εἶναι
1425 1670 1516 1720 τὶν
1579 1670 1816 1739 Πατέρα.
1846 1669 1978 1720 ’Καὶ

405 1766 529 1818 ἐπεὶ
569 1768 632 1817 ἐκ
661 1766 772 1817 τῶν
807 1763 1128 1833 ἐξηγήσεων
1151 1762 1356 1814 τούτων
1385 1757 1503 1812 οἶδα
1527 1763 1587 1812 16
1638 1761 1830 1828 μόνος
1885 1760 1978 1810 ἐπὶ

2081 574 2369 644 theologia:
2415 575 2800 644 splendoribus
2850 576 3151 632 illuminari
3185 579 3524 648 imaginaris.
3557 597 3656 650 ego

2079 667 2435 721 nihilominus
2495 667 2564 721 ab
2613 667 2760 722 illius
2833 668 3150 740 theologicis
3209 670 3372 727 dictis
3431 687 3657 741 prorsus

2077 760 2381 827 dependere
2413 774 2519 812 non
2551 774 2767 822 recuso,
2801 776 2908 830 quo
2938 763 3201 832 magistro
3236 779 3299 818 ac
3328 775 3658 834 praeceptore
3739 828 3742 830 γ

2081 849 2304 904 modum
2362 865 2580 918 quoque
2620 851 2771 918 novi,
2799 868 2907 920 quo
2929 853 3073 907 solus
3094 855 3360 924 accipitur
3386 857 3450 910 dc
3478 857 3658 912 Patre.

2079 940 2198 1009 Ipse
2257 940 2404 994 enim
2465 941 2754 1010 theologiae
2812 946 2994 998 lumen
3055 946 3423 1016 interpretans
3488 950 3659 1011 illud,

2084 1049 2102 1081 ι
2145 1030 2316 1084 Nemo
2355 1031 2506 1084 novit
2547 1029 2744 1084 Filium
2787 1033 2892 1088 nisi
2926 1033 3108 1098 Pater,
3164 1056 3182 1088 ι
3227 1038 3388 1092 aitzc
3432 1038 3507 1092 Eo
3555 1041 3658 1094 loci

2079 1135 2187 1175 non
2251 1121 2560 1188 ignorantia
2617 1121 2859 1191 Spiritus
2899 1141 2926 1179 a
2981 1125 3122 1180 Filio
3174 1130 3522 1196 praedicatur,
3566 1135 3659 1186 sezl

2078 1212 2258 1280 primo
2284 1211 2432 1266 Patri
2469 1213 2649 1269 inesse
2681 1219 3042 1283 cognitionem
3079 1219 3224 1274 illius
3257 1233 3463 1277 natura;
3499 1233 3657 1278 testa-

2078 1311 2191 1363 tur.
2232 1322 2250 1355 ι
2286 1313 2339 1358 et
2380 1304 2531 1368 illttd,
2579 1324 2598 1356 ‹
2658 1307 2760 1361 nisi
2810 1324 2954 1364 unus
3005 1309 3171 1376 Deus,
3233 1330 3252 1364 ι
3312 1314 3433 1368 loco
3489 1312 3661 1380 illius,

2086 1412 2106 1446 ι
2146 1394 2254 1448 nisi
2287 1395 2438 1450 solus
2472 1396 2655 1461 Pater,
2702 1416 2722 1450 ι
2756 1401 3052 1468 accipiens,
3087 1412 3141 1456 et
3167 1419 3444 1473 exponens
3473 1407 3659 1471 tradit,

2086 1484 2452 1552 significatum
2486 1487 2806 1556 prmseferre
2841 1490 3136 1547 dictionem
3170 1494 3343 1558 illam,
3375 1514 3394 1546 ι
3425 1497 3658 1565 primum

2080 1576 2285 1630 bonum
2313 1593 2436 1632 esse
2465 1576 2706 1634 Patrem.
2747 1599 2764 1631 ι
2801 1582 3015 1636 Etcum
3050 1598 3116 1641 ex
3148 1585 3423 1642 similibus
3445 1589 3658 1657 exposi-

2086 1666 2333 1721 tionibus
2368 1666 2875 1739 comperiam'solus
2907 1674 2972 1727 de
3011 1673 3173 1731 Patre
3219 1691 3317 1745 pro
3351 1679 3520 1746 primo
3571 1695 3664 1733 ac-

2081 1757 2210 1827 cipi,
2267 1773 2445 1828 neque
2497 1761 2588 1815 ubi
2623 1762 2775 1817 solus
2809 1763 2969 1818 Pater
2997 1779 3164 1819 causa
3198 1767 3422 1834 dicitur,
3454 1779 3550 1823 aut
3597 1785 3663 1824 ex

407 1855 502 1908 τοῦ
553 1855 762 1925 Πατρδς
807 1855 930 1906 ἀντὶ
971 1852 1068 1906 τοῦ
1116 1851 1354 1919 πρώτου
1398 1849 1803 1920 λαμϐάνεσθαι,
1853 1847 1975 1900 οὐδὲ

2088 1852 2198 1905 solo
2233 1850 2409 1918 Patre,
2454 1852 2699 1922 ignorem
2731 1854 2894 1909 verba
2937 1857 3221 1922 denotare,
3257 1861 3487 1928 primam
3527 1875 3660 1916 cau-

400 1948 533 1999 ὅπου
560 1947 720 2016 μόνος
751 1947 780 1998 6
814 1944 1002 2014 Πατὴρ
1035 1944 1208 2006 αἴτιος
1239 1943 1494 2010 λέγεται,
1528 1941 1561 2011 ἢ
1589 1942 1652 1992 ἐκ
1689 1941 1853 2010 μόνου
1883 1939 1975 1991 τοῦ

397 2038 636 2108 Πατρος,
665 2035 847 2103 ἀγνοῶ
905 2033 1142 2103 δήλωσιν
1168 2031 1316 2102 ἔχειν
1347 2031 1414 2084 τὰ
1445 2031 1663 2100 ῥήματα
1685 2030 1778 2082 τοῦ
1833 2029 1982 2100 πρώ-

392 2145 498 2197 την
526 2129 705 2179 αἰτίαν
739 2126 830 2178 τὸν
859 2124 1078 2192 Πατέρα
1118 2122 1380 2176 νοεῖσθαι.
1419 2121 1575 2174 Ἐπεὶ
1615 2120 1722 2191 γὰρ
1753 2119 1904 2172 οὐδέν
1926 2137 1979 2172 τι

390 2221 622 2273 τῶντοῦ
647 2218 780 2271 Ὑίοῦ
816 2218 960 2280 ἰδίως
977 2215 1126 2286 αὐτῷ
1173 2215 1370 2278 ἔνεστι,
1407 2215 1500 2267 καὶ
1526 2214 1679 2267 οὐδέν
1691 2213 1863 2266 τιτῶν
1885 2211 1978 2267 τοῦ

393 2311 530 2364 Υίοῦ
559 2310 634 2373 ὡς
687 2310 792 2362 ἰδία
813 2308 1065 2378 ἐνέργειά
1114 2309 1229 2359 ἐστι
1268 2303 1420 2376 παρὰ
1449 2304 1548 2374 τὴν
1581 2303 1859 2374 ἐνέργειαν
1887 2302 1979 2355 τοῦ

395 2405 631 2473 Πατρος,
671 2400 786 2464 πῶς
825 2401 926 2452 οῦκ
963 2399 1030 2452 ἂν
1076 2399 1235 2468 μόνος
1268 2398 1440 2460 αἴτιος
1467 2395 1658 2467 ῥηθείη
1691 2398 1719 2448 6
1752 2395 1978 2465 Πατήρ;

393 2497 577 2566 Ὅπερ
605 2497 712 2564 γὰρ
745 2497 772 2546 6
797 2494 970 2562 μέγας
995 2483 1148 2551 οὗτος
1208 2490 1397 2558 Πατὴρ
1450 2489 1578 2558 περί
1603 2487 1703 2556 τῆς
1729 2486 1980 2554 γνώσεως

391 2588 544 2657 λέγει
577 2589 675 2658 τῆς
746 2589 876 2654 περὶ
930 2584 1032 2654 τῆς
1085 2584 1296 2653 ἡμέρας
1333 2580 1549 2650 ἐκείνης
1587 2580 1683 2632 καὶ
1711 2580 1807 2647 τῆς
1829 2578 1980 2646 ὧρας

393 2680 594 2748 σαφῶς
628 2679 1004 2749 δογματίζων,
1048 2676 1160 2729 οὐδ’
1196 2676 1263 2728 ἂν
1305 2676 1333 2727 6
1374 2674 1502 2735 Υἱὸς
1543 2673 1685 2740 ἔγνω
1740 2672 1976 2742 ἐκείνην,

389 2775 443 2824 εἰ
488 2771 565 2842 μὴ
587 2773 613 2823 6
646 2771 837 2839 Πατὴρ
872 2768 1036 2835 ἔγνω,
1062 2769 1172 2828 τοῖς
1202 2766 1410 2818 ἐκείνου
1435 2763 1613 2831 λόγοις
1663 2762 1982 2831 ὀποθαρῥήο

395 2882 522 2926 σας,
555 2863 712 2914 τοῦτο
744 2863 838 2914 καὶ
872 2861 1036 2921 αὐτὸς
1066 2860 1195 2927 περὶ
1245 2860 1344 2921 τῆς
1372 2856 1464 2908 τοῦ
1504 2855 1820 2923 Πνεύματος
1849 2870 1981 2923 προ-

396 2958 523 3008 ὢου
576 2954 710 3023 ἐρῶ.
739 2953 855 3006 Οὐκ
884 2953 950 3006 ἄν
974 2967 1104 3004 ποτε
1138 2951 1197 3003 16
1221 2948 1446 3017 Πνεῦμα
1481 2947 1750 3017 προῆλθεν
1776 2951 1838 2998 ἐκ
1887 2945 1979 2998 τοῦ

399 3044 560 3106 Υἱοῦ,
585 3045 634 3096 εί
671 3045 745 3114 μὴ
771 3040 1046 3112 προῆλθεν
1071 3041 1136 3092 ὲκ
1163 3038 1258 3091 τοῦ
1291 3038 1524 3108 Πατρός.
1556 3037 1723 3089 Πόθεν
1753 3038 1860 3106 γὰρ
1915 3035 1982 3089 ἂν

395 3138 496 3190 καὶ
523 3137 680 3206 ἔσχεν
710 3135 934 3204 Πνεῦμα
961 3137 988 3188 6
1018 3133 1144 3196 Υἱὸς
1198 3135 1226 3187 ὁ
1261 3131 1429 3201 μηδὲν
1462 3131 1604 3200 ἔχων
1644 3130 1776 3182 ἴδιον
1828 3129 1979 3198 παρὰ

390 3230 488 3282 τὸν
523 3229 765 3296 Πατέρα,
820 3227 868 3277 εἰ
903 3225 980 3296 μὴ
1017 3223 1170 3294 παρὰ
1203 3223 1299 3275 τοῦ
1325 3221 1536 3292 Πατρὸς
1563 3221 1811 3284 φυσικῶς
1833 3215 1980 3288 εῖχεν

392 3321 568 3386 αὑτός
616 3321 728 3372 Καὶ
757 3318 882 3372 ἐπεὶ
928 3318 1130 3381 πάντα,
1165 3308 1239 3368 ὧν
1264 3317 1412 3368 ἐστιν
1445 3317 1474 3367 6
1519 3313 1646 3376 Υἱὸς
1679 3313 1868 3376 αἴτιος,
1904 3312 1982 3374 εἰς

391 3414 488 3465 τὸν
542 3411 767 3479 Πατέρα
789 3407 890 3480 τὴν
937 3406 1162 3477 πρώτην
1187 3404 1366 3458 αἰτίαν
1400 3405 1500 3475 τὴν
1539 3404 1820 3474 ἀναφορὰν
1845 3403 1981 3473 ἔχει,

393 3505 516 3567 πῶς
552 3503 676 3572 οὐχὶ
717 3502 879 3572 μόνος
913 3501 1089 3562 αἴτιος
1127 3502 1156 3552 6
1187 3499 1381 3567 Πατὴρ
1411 3499 1554 3551 κατὰ
1589 3497 1683 3549 τὸν
1705 3498 1770 3548 ἐκ
1793 3497 1982 3564 Δαμα-

395 3597 532 3649 σκοῦ
581 3595 834 3662 θεολόγον
890 3593 1232 3662 ρηθήσεταις
1286 3589 1441 3643 Ἐπεὶ
1472 3589 1530 3642 δὲ
1562 3589 1727 3642 πάλιν
1762 3589 1982 3641 πάντων

395 3692 508 3744 τῶν
540 3689 635 3742 τοῦ
691 3687 906 3758 Πατρὸς
960 3683 1212 3754 φυσικῶν
1269 3683 1492 3750 ἀγαθῶν
1593 3681 1850 3743 κοινωνός
1889 3682 1978 3733 £3-

390 3799 483 3833 τιν
511 3783 539 3832 ό
580 3779 730 3844 Υἱὸς,
784 3778 900 3839 πῶς
933 3776 1054 3844 οὐχὶ
1089 3776 1150 3826 16
1195 3775 1260 3825 ἐκ
1317 3771 1414 3824 τοῦ
1449 3772 1662 3841 Πατρδς
1690 3771 1986 3840 λεγόμενον

394 3871 563 3939 εἶναι,
595 3871 695 3924 καὶ
726 3871 792 3922 ὲκ
831 3866 929 3922 τοῦ
977 3867 1108 3919 Υίοῦ
1148 3863 1458 3933 ῥηθήσεται
1483 3858 1670 3927 εἷναι;
1713 3862 1809 3914 καὶ
1865 3861 1985 3924 πῶς

395 3965 464 4018 16
489 3963 588 4015 τοῦ
617 3961 835 4030 Πατρὸς
897 3956 1126 4027 Πνεῦμα
1167 3955 1292 4025 οὐχὶ
1337 3955 1432 4007 καὶ
1465 3952 1561 4006 τοῦ
1622 3951 1754 4005 Υίοῦ
1807 3950 1980 4022 ῥηθή-

394 4072 558 4109 σεται
590 4054 816 4122 Πνεῦμα
859 4068 878 4118 ;
916 4051 1014 4103 καὶ
1044 4048 1161 4111 πῶς
1190 4048 1254 4100 ὲκ
1276 4044 1370 4098 τοῦ
1423 4045 1639 4115 Πατρὸς
1661 4044 1904 4114 ὑπάρχον
1925 4045 1986 4094 16

397 4148 628 4216 Πνεῦμα
694 4145 770 4214 μὴ
813 4143 910 4196 καὶ
941 4144 1006 4195 ἐκ
1036 4141 1134 4193 τοῦ
1179 4138 1310 4192 Υίοῦ
1336 4139 1606 4208 ὑπάρχειν
1646 4135 1986 4207 ῥηθήσεταις

396 4243 460 4294 Εἰ
490 4246 596 4308 γὰρ
631 4239 706 4307 μὴ
734 4238 883 4288 τοῦτ’
941 4230 1033 4304 ἧν,
1061 4233 1161 4286 οὐκ
1194 4230 1259 4284 ἂν
1294 4233 1321 4281 6
1352 4231 1530 4300 μέγας
1573 4228 1898 4289 ’Δθανάσιος
1928 4231 1986 4280 ἐν

391 4336 463 4401 τῇ
498 4334 634 4400 πρὸς
671 4330 998 4398 Σεραπίωνα
1035 4325 1164 4393 περὶ
1201 4324 1296 4377 τοῦ
1325 4323 1485 4389 ἁγίου
1520 4321 1837 4389 Πνεῦματος
1866 4321 1984 4372 ἐπι.

395 4425 560 4493 στολῇ
593 4421 658 4496 ἧς
694 4425 727 4490 η
749 4420 910 4491 ἁρχὴ,
953 4438 972 4470 ι
1020 4418 1306 4484 Ἐνέτυχον
1369 4416 1463 4467 καὶ
1495 4417 1560 4483 τῇ
1596 4413 1690 4465 νῦν
1714 4414 1989 4485 γραφείσῃ

2081 1956 2198 1996 sam
2235 1940 2452 1997 Patrem
2484 1943 2758 2014 intelligi;
2791 1961 2916 2000 cum
2947 1948 3091 2001 enim
3138 1950 3272 2004 nihil
3319 1966 3383 2004 ex
3418 1951 3504 2016 iis,
3543 1968 3663 2022 qua:

2084 2031 2206 2085 Filii
2237 2041 2388 2099 sunt,
2423 2034 2643 2103 proprie
2693 2035 2796 2104 ipsi
2831 2038 2993 2100 inest,
3023 2047 3078 2094 et
3121 2039 3256 2102 nihil
3286 2055 3352 2095 ex
3382 2041 3508 2108 illis,
3543 2059 3666 2113 qua:

2081 2123 2208 2179 Filii
2265 2134 2416 2190 sunt,
2467 2126 2686 2196 propria
2738 2129 2984 2198 operatio
3025 2140 3130 2198 est,
3183 2147 3292 2201 pra:
3343 2134 3665 2202 operatione

2083 2218 2285 2282 Patris,
2318 2233 2559 2288 quanam
2607 2221 2818 2274 ratione
2854 2222 3004 2278 solus
3035 2238 3201 2278 causa
3251 2223 3411 2279 Pater
3439 2241 3546 2279 non
3587 2228 3668 2280 di-

2081 2314 2282 2369 cetur?
2309 2313 2464 2381 Quod
2495 2331 2728 2386 magnus
2757 2316 2844 2371 hic
2885 2316 3046 2372 Pater
3075 2319 3141 2373 de
3169 2321 3485 2389 cognitione
3520 2321 3666 2376 illius

2084 2403 2188 2458 diei
2215 2411 2271 2458 et
2300 2403 2448 2458 liora:
2497 2402 2749 2471 aﬂirmat,
2811 2406 2971 2475 plane
3001 2407 3164 2462 veluti
3211 2409 3408 2478 dogma
3455 2413 3666 2466 consti-

2086 2501 2266 2556 tuens,
2307 2508 2588 2562 nunquam
2637 2492 2836 2549 Filium
2890 2496 3078 2550 horam
3111 2497 3258 2551 illam
3289 2500 3665 2569 cogniturum,

2089 2583 2194 2638 nisi
2221 2583 2381 2638 Pater
2406 2585 2774 2654 cognovisset,
2803 2585 2951 2641 illius
2978 2589 3330 2645 sermonibus
3359 2593 3664 2658 conlidens,

2091 2675 2192 2728 hoc
2226 2675 2404 2744 ipsum
2431 2671 2484 2729 et
2513 2691 2612 2744 ego
2639 2678 2706 2731 de
2732 2676 2968 2746 Spiritus
3004 2694 3295 2748 progressu
3328 2685 3665 2738 enuntiabo:

2088 2766 2377 2835 Nunquam
2411 2765 2652 2836 Spiritus
2685 2784 3008 2838 progressus
3044 2770 3236 2825 luisset
3266 2788 3330 2827 ex
3369 2773 3530 2835 Filio,
3560 2776 3668 2830 nisi

2090 2871 2413 2925 progressus
2445 2855 2641 2910 fuisset
2679 2873 2741 2911 ex
2786 2857 2968 2913 Patre.
3027 2858 3178 2913 U..de
3207 2862 3354 2914 enim
3399 2861 3664 2932 Spiritum

2089 2947 2256 3004 Filius
2288 2949 2592 3015 habuisset,
2641 2952 2733 3020 qtti
2764 2951 2900 3004 nihil
2924 2964 3120 3021 praeter
3151 2953 3366 3007 Patrem
3391 2956 3667 3024 proprium

2093 3040 2276 3104 habet,
2316 3041 2422 3095 nisi
2453 3056 2481 3095 a
2512 3039 2677 3096 Patre
2715 3043 3034 3097 naturaliter
3060 3044 3210 3098 illum
3246 3047 3585 3114 possideret?
3608 3046 3672 3100 Et

2090 3148 2215 3188 cum
2249 3133 2458 3197 omnia,
2501 3149 2738 3203 quorum
2773 3133 2944 3190 Filius
2996 3151 3162 3192 causa
3193 3147 3298 3202 est,
3347 3139 3412 3193 ad
3451 3137 3666 3194 Patrem

2089 3226 2320 3297 primam
2357 3241 2580 3282 causam
2615 3226 2952 3294 referantur,
2995 3245 3234 3300 quanam
3293 3232 3508 3287 ratione
3558 3249 3667 3286 non

2091 3318 2241 3373 solus
2267 3333 2432 3374 causa
2469 3319 2632 3374 Pater
2682 3331 2983 3386 astruetnr,
3014 3332 3074 3377 ut
3101 3323 3475 3379 Datnascenus
3513 3324 3669 3380 tlteo~

2092 3410 2246 3478 logus
2277 3410 2567 3482 indigitat?
2602 3411 2667 3467 Et
2704 3428 2829 3468 cum
2862 3429 3052 3470 rursus
3079 3415 3324 3469 omnium
3353 3415 3532 3471 Patris
3576 3435 3674 3471 na-

2093 3500 2352 3553 turaliutn
2389 3503 2657 3556 honorum
2700 3502 2870 3558 Filius
2905 3507 3176 3574 particeps
3225 3516 3331 3571 est,
3364 3525 3472 3578 quo
3511 3520 3672 3579 pacto

2091 3592 2184 3660 qui
2217 3607 2284 3646 ex
2319 3591 2478 3648 Patre
2523 3595 2724 3650 dicitur
2757 3612 2901 3658 esse,
2945 3613 3050 3650 non
3089 3601 3302 3653 dicetur
3345 3616 3467 3656 esse
3508 3613 3562 3655 et
3602 3617 3667 3656 ex

2096 3678 2345 3735 Filio‘let
2370 3683 2647 3752 quomodo
2687 3682 2865 3739 Patris
2897 3684 3137 3753 Spiritus
3202 3703 3310 3742 non
3364 3689 3578 3744 dicetur
3620 3703 3676 3745 et

2097 3769 2218 3824 Filii
2255 3771 2531 3842 Spiritus?
2559 3773 2622 3829 Et
2654 3790 2764 3844 qua
2796 3777 3006 3848 ratione
3039 3776 3278 3846 Spiritus
3307 3781 3578 3836 exsistens
3605 3799 3672 3835 ex

2099 3867 2285 3933 Patre,
2315 3884 2423 3922 non
2452 3869 2654 3924 dicitur
2683 3885 2748 3923 ex
2785 3869 2922 3924 Filio
2947 3886 3167 3942 quoque
3189 3875 3675 3930 exsistere?Nam—

2095 3974 2204 4028 que
2231 3958 2282 4012 id
2322 3957 2369 4014 si
2409 3974 2516 4014 non
2560 3968 2726 4024 esset,
2756 3977 3038 4031 nunquam
3071 3979 3302 4034 magnus
3339 3965 3675 4022 Athanasius

2091 4052 2160 4102 ad
2199 4050 2557 4120 Serapionem
2585 4052 2838 4122 epistola,
2866 4055 3024 4122 cujus
3059 4054 3387 4125 principium
3411 4097 3426 4118 ,
3468 4075 3487 4108 ι
3536 4055 3679 4111 lied—

2093 4138 2204 4192 dita
2235 4149 2319 4193 est
2352 4139 2487 4193 mihi
2520 4155 2670 4194 nunc
2695 4155 2724 4194 a
2768 4150 2859 4194 tua
2891 4141 3093 4210 pietate
3125 4143 3326 4212 scripta
3355 4144 3610 4212 epistola,
3646 4165 3666 4195 ι

2095 4232 2442 4299 scripsisset:
2503 4251 2522 4282 ι
2577 4230 2827 4286 Profecto
2869 4231 3031 4286 Patre
3085 4234 3331 4286 mittente
3386 4232 3670 4302 Spiritum,

2107 4321 2280 4376 Filius
2312 4321 2537 4377 sulllans
2564 4324 2731 4376 tradit
2781 4323 2934 4376 illum
2971 4323 3276 4391 discipulis,
3320 4341 3444 4378 cum
3493 4313 3674 4378 (anilia

2093 4429 2216 4484 qua:
2249 4413 2416 4467 habet
2448 4415 2609 4468 Pater
2639 4412 2758 4468 Filii
2796 4414 2926 4467 sint.
2960 4433 2979 4465 ι

391 4521 654 4588 ἐπιστολῇ
690 4516 841 4586 παρὰ
864 4515 958 4582 τῆς
990 4511 1088 4578 σῆς
1118 4510 1402 4571 εὐλαϐεἱας
1426 4549 1441 4568 ,
1489 4525 1508 4559 ι
1542 4507 1676 4575 ἓφη-
1716 4524 1734 4554 ι
1759 4505 1976 4574 Ἀμέλει
1998 4503 2088 4557 τοῦ
2127 4504 2340 4571 Ιιατρὸς
2371 4504 2678 4572 πέμποντος
2713 4504 2774 4556 16
2839 4505 3083 4576 Πνεῦμα,
3108 4505 3135 4556 ὁ
3166 4505 3292 4568 Υἱὸς
3326 4507 3584 4574 ἐμφυσῶν
3604 4509 3679 4561 δί-

388 4611 558 4662 δωσιν
603 4607 735 4660 αὐτὸ
771 4607 878 4666 τοῖς
907 4603 1199 4672 μαθηταῖς,
1236 4601 1423 4666 ἐπειδὴ
1469 4598 1648 4649 πάντα
1680 4595 1777 4647 ὅσα
1804 4595 1921 4664 ἔχει
1957 4596 1986 4647 6
2014 4595 2202 4665 Πατὴρ
2230 4595 2325 4648 τοῦ
2362 4595 2496 4647 Υἰοῦ
2535 4596 2708 4648 ἐστιν.
2743 4614 2761 4645 ι

478 4699 568 4769 ιη’.
610 4699 672 4750 Εἰ
703 4697 759 4749 δὲ
792 4696 856 4747 σὺ
887 4697 952 4747 ὲκ
981 4692 1079 4745 τοῦ
1132 4689 1344 4760 Πατρος
1393 4686 1610 4742 ἁκούων
1663 4688 1724 4737 16
1757 4686 1990 4754 Πνεῦμα
2018 4687 2071 4747 1)

395 4796 498 4851 καὶ
521 4797 585 4848 ὲκ
612 4791 708 4846 τοῦ
737 4789 889 4856 Υἱοῦ,
908 4787 1000 4842 δύο
1031 4788 1176 4841 κατὰ
1201 4787 1384 4838 πᾶσαν
1420 4784 1669 4852 ἀνάγκην
1727 4786 1794 4836 τὰ
1835 4782 1987 4834 αἴτια

394 4890 571 4951 θέλεις
602 4888 768 4947 νοεῖν,
797 4883 912 4937 ἀλλ’
940 4881 1054 4950 ἐγὼ
1085 4879 1262 4932 ταῦτά.
1296 4895 1379 4931 σοι
1423 4876 1744 4946 ῦποτίθημι.
1805 4875 1989 4928 Ἐπεί-

313 5002 316 5006 '
393 4999 504 5049 περ
543 4983 571 5032 6
631 4979 735 5048 τῆς
773 4974 1060 5036 εὐσεϐείας
1115 4971 1342 5053 άπαιτεί
1388 4968 1548 5037 λόγος
1597 4965 1827 5019 ἕπεσθαι
1873 4968 1988 5028 τοῖς

391 5074 548 5140 παρὰ
581 5069 688 5123 τῶν
737 5067 910 5136 ἁγίων
944 5065 1208 5134 Πατέρων
1273 5060 1661 5131 παραδοθεῖσιν
1707 5059 1840 5126 ἡμῖν
1869 5058 1988 5110 θεο-

390 5165 654 5232 λογικῶς,
713 5163 940 5232 πρώτην
1003 5160 1190 5214 αἰτίαν
1224 5156 1314 5209 16v
1336 5153 1560 5223 Πατέρα
1615 5151 1859 5214 ἀκούεις,
1887 5147 1984 5203 καὶ

393 5261 530 5331 μίαν
564 5258 783 5318 πάντως
813 5253 1020 5316 αἰτίαν,
1074 5251 1164 5304 διὰ
1195 5248 1257 5301 16
1291 5248 1400 5300 πᾶν
1419 5246 1480 5298 16
1504 5244 1660 5315 παρὰ
1692 5242 1785 5297 τοῦ
1848 5241 1980 5294 Υῑοῦ

387 5351 689 5419 λεγόμενον
721 5344 861 5402 εἶναι
886 5347 964 5408 είς
994 5344 1162 5400 αὑτὸν
1186 5336 1583 5409 ἀναφέρεσθαι,
1639 5336 1736 5387 καὶ
1784 5352 1848 5386 πε
1861 5349 1980 5402 ραι-

385 5447 536 5514 τέρω
573 5439 1055 5511 πολυπραγμονεῖν
1095 5452 1155 5488 σε
1179 5435 1240 5486 οὐ
1264 5433 1366 5496 δεῖ,
1403 5430 1575 5491 θέλεις
1641 5429 1722 5490 εἰς
1759 5426 1979 5478 διαστο-

383 5540 487 5609 λὴν
548 5535 648 5590 τοῦ
683 5531 815 5588 Υίοῦ
862 5528 1252 5598 ἐκλαμϐάνειν,
1309 5526 1444 5578 ὅπου
1493 5523 1553 5574 16
1607 5518 1700 5572 166
1767 5517 1982 5609 Πατρὸς

380 5608 562 5700 ὄνομα
593 5627 738 5699 μετὰ
759 5624 1078 5696 προσθήκης
1112 5621 1208 5676 τοῦ
1233 5619 1424 5690 μόνου
1460 5615 1800 5685 εὑρίσκεται.
1841 5608 1982 5700 Ἀλλ’

382 5730 412 5777 6
451 5697 634 5793 μέγας
661 5717 946 5777 Βασίλειος
1003 5713 1414 5784 ἐξηγησάμενος
1446 5707 1529 5773 16,
1565 5724 1582 5755 ι
1617 5704 1808 5760 Ο)δε“ις
1861 5697 1971 5756 οἶδε

381 5820 473 5870 τὸν
509 5814 641 5869 Υίὸν
678 5813 729 5865 εἰ
758 5810 836 5881 μὴ
862 5811 890 5861 6
929 5807 1142 5879 Πατὴρ,
1183 5825 1200 5859 ι
1236 5803 1330 5859 καὶ
1351 5797 1714 5872 παραστήσας
1761 5795 1860 5847 οὐκ
1891 5797 1969 5856 είς

2173 4687 2261 4742 18.
2302 4687 2457 4752 Quod
2487 4687 2531 4741 si
2572 4697 2628 4740 tu
2661 4701 2728 4740 ex
2757 4685 2916 4742 Patre
2957 4686 3188 4741 audiens
3223 4687 3483 4756 Spiritum
3521 4703 3575 4746 et
3611 4708 3675 4745 ex

2098 4777 2259 4844 Filio,
2301 4781 2440 4834 duas
2481 4793 2713 4850 prorsus
2763 4780 3078 4834 necessario
3128 4794 3320 4835 causas
3381 4783 3680 4851 intelligere

2101 4871 2200 4934 vis,
2228 4885 2329 4940 ego
2384 4872 2498 4926 haec
2556 4872 2651 4926 tibi
2686 4886 2940 4942 suggero.
2975 4871 3430 4942 Quandoquidem
3463 4875 3680 4942 pietatis

2095 4964 2238 5016 ratio
2277 4964 2546 5032 deposcit,
2601 4978 2722 5032 quae
2770 4979 2800 5016 a
2837 4965 3043 5018 sanctis
3079 4963 3334 5019 Patrihus
3371 4965 3529 5020 nobis
3569 4975 3680 5020 tra-

2090 5057 2207 5110 dita
2249 5067 2403 5119 sunt,
2435 5056 2743 5124 theologica
2797 5055 2942 5110 dicta
2972 5055 3152 5125 sequi,
3185 5058 3419 5126 primam
3451 5073 3675 5112 causam

2089 5149 2307 5204 Patrem
2358 5151 2555 5215 audis,
2609 5159 2665 5204 et
2718 5165 2884 5204 unam
2939 5153 3190 5205 omnium
3242 5167 3485 5212 causam,
3533 5154 3678 5220 quod

2087 5243 2360 5312 quidquid
2395 5257 2424 5295 a
2460 5241 2600 5295 Filio
2631 5257 2755 5298 esse
2788 5243 3012 5306 dicitur,
3055 5244 3109 5296 in
3164 5243 3342 5311 ipsum
3383 5242 3672 5304 referatur,

2087 5335 2343 5402 ultraque
2395 5334 2670 5388 curiosius
2708 5334 2968 5402 indagare
3003 5347 3110 5387 non
3161 5333 3409 5396 addecet,
3446 5341 3670 5386 conten-
3769 5401 3774 5407 η

2089 5426 2174 5480 dis
2205 5427 2273 5480 ad
2305 5426 2712 5480 distinctionem
2749 5424 2876 5480 Filii
2908 5425 3103 5496 accipi,
3139 5428 3228 5480 ubi
3257 5425 3434 5479 Patris
3474 5440 3673 5480 nomen

2091 5535 2214 5573 cum
2247 5518 2414 5572 solius
2440 5519 2718 5573 additione
2760 5519 3052 5588 reperitur.
3086 5519 3153 5571 At
3183 5534 3410 5589 magnus
3443 5515 3676 5573 Basilius

2092 5612 2482 5680 interpretans,
2517 5629 2535 5662 t
2575 5609 2745 5664 Nemo
2780 5611 2931 5665 novit
2958 5607 3160 5664 Filium
3192 5611 3294 5664 nisi
3341 5610 3526 5675 Pater,
3564 5630 3584 5662 ι
3619 5626 3673 5666 et

2097 5703 2435 5758 conﬁrmans
2495 5719 2602 5757 non
2652 5703 2720 5756 ad
2757 5702 3169 5758 distinctionem
3229 5700 3350 5757 Filii
3390 5703 3520 5757 illud
3553 5719 3674 5757 esse

2098 5795 2471 5862 enuntiatum,
2505 5794 2598 5850 scd
2658 5795 2724 5848 ad
2787 5793 3202 5861 insinuandum,
3239 5795 3474 5864 primum
3527 5791 3674 5857 Patri
