4054 6466
412 450 522 532 213

1441 475 1541 536 DE
1586 474 2104 536 PROCESSIONE
2145 473 2208 532 S.
2253 471 2635 531 SPlRlTUS.

3550 422 3658 527 an

412 580 759 649 Χριστιανῶν
811 556 987 652 δόγμα
1030 581 1106 652 τῷ
1158 584 1520 652 παραδοδέντι
1573 584 1837 654 Συμδόλῳ
1885 585 1981 652 τῆς

2103 598 2226 646 esse,
2280 581 2332 634 in
2372 580 2572 634 tradito
2628 575 2749 632 ﬁdei
2785 542 3038 646 symbolo
3073 590 3178 629 non
3211 574 3502 639 inclusum,
3549 592 3661 645 quc

416 673 656 735 πίστεως
690 674 766 742 μὴ
795 673 1198 744 ἐμφερόμενον,
1236 675 1365 729 πότε
1397 676 1464 731 ἂν
1493 680 1521 731 ό
1563 676 1774 745 ἀληθὴς
1824 677 1983 744 λόγος

410 762 513 831 τῆς
568 760 669 831 σῆς
716 762 960 825 διανοίας
1030 764 1399 835 ἐναυγασθείη
1462 767 1576 826 τοῖς
1640 763 1982 834 όφθαλμοῖςς

414 855 563 925 Πλὴν
594 857 645 908 εί
676 858 770 908 καὶ
803 856 894 921 σὺ,
925 857 1074 917 ὅστις
1118 857 1185 911 ἂν
1238 858 1380 928 εἴης,
1428 860 1456 911 ό
1493 858 1636 912 οὕτω
1677 859 1985 912 διακεῖσθαι

412 944 764 1014 βουλόμενος,
803 945 955 1014 βύεις
991 947 1059 999 τα
1086 940 1200 1000 ὦτα
1240 950 1376 1016 πρὸς
1422 950 1528 1001 πᾶν
1586 949 1646 1001 τὸ
1697 949 1836 1019 πρὸς
1888 948 1985 1018 τὴν

406 1038 637 1107 εἰρήνην
657 1055 717 1091 σε
738 1036 1165 1105 ἐκκαλούμενον,
1202 1040 1338 1091 ἀλλὰ
1361 1038 1450 1092 διὰ
1479 1041 1605 1102 τούς
1635 1041 1984 1111 εὐγνώμονας

406 1128 520 1180 τῶν
543 1127 831 1195 ἀκροατῶν
861 1124 972 1194 ἐγὼ
1004 1129 1095 1180 καὶ
1126 1127 1287 1181 πάλιν
1319 1128 1450 1199 ἐρῶ,
1481 1129 1516 1184 ἆ
1550 1147 1610 1182 τε
1634 1131 1987 1199 προτεινομέ-

403 1236 535 1280 νους
562 1220 799 1289 ἀκήκοα,
822 1219 949 1281 τοὺς
975 1218 1062 1273 διὰ
1092 1219 1321 1288 ταυτηνὶ
1352 1221 1451 1289 τὴν
1499 1222 1675 1275 αἰτίαν
1731 1223 1830 1290 τὴν
1876 1223 1985 1274 τῶν

419 1308 768 1377 Ἑκκλησιῶν
799 1309 1230 1378 ἀπωθουμένους
1256 1311 1505 1383 εἰρήνην,
1539 1311 1635 1365 καὶ
1657 1313 1802 1384 ἅπερ
1861 1315 1983 1384 ἐμοὶ

412 1401 771 1454 συντείνοντα
823 1401 976 1453 δοκεῖ
1030 1401 1168 1471 πρὸς
1216 1402 1317 1472 τὴν
1372 1402 1584 1456 τούτων
1641 1405 1982 1476 ἀνατροπὴν.

412 1492 854 1562 προηγουμένως
890 1493 991 1563 μὲν
1024 1492 1350 1565 παραϐάτην
1379 1488 1523 1548 εἶναι
1572 1497 1673 1563 τῆς
1704 1496 1987 1562 εὐσεϐείας

415 1583 575 1648 φασὶ,
604 1581 697 1632 τὸν
740 1582 906 1651 μέχρι
937 1582 1069 1649 γοῦν
1099 1583 1197 1635 καὶ
1231 1585 1356 1652 μιᾶς
1382 1584 1617 1654 κεραίας
1645 1585 1987 1656 τολμήσοντα

413 1673 741 1744 προσθεῖναι
792 1675 884 1727 ἐπὶ
931 1672 1010 1743 τῷ
1044 1674 1306 1745 Συμϐόλῳ
1365 1676 1462 1745 τῆς
1507 1678 1764 1741 πίστεως.
1825 1680 1989 1747 ὐπη-

418 1766 546 1818 νίκα
588 1764 643 1817 δὲ
690 1764 1000 1819 ἀκούσωσιν
1039 1766 1201 1819 Ἀλλὰ
1256 1766 1392 1830 Θεὸς
1434 1768 1498 1821 τὺ
1537 1768 1762 1836 Πνεῦμα
1797 1768 1854 1819 ἐν
1912 1768 1989 1839 τῷ

425 1856 681 1927 Συμϐόλῳ
704 1857 805 1909 οὐκ
830 1857 1066 1927 εἴρηται,
1088 1857 1199 1911 οὐδ⁹
1223 1859 1507 1929 όμοούσιον
1536 1858 1712 1930 Πατρὶ
1737 1859 1829 1913 καὶ
1852 1860 1986 1929 Υίῷ,

2087 673 2299 728 tandem
2336 681 2578 740 tempore
2617 684 2738 723 vera
2775 677 2880 724 tute
2918 666 3115 722 mentis
3172 666 3312 720 ratio
3364 668 3662 736 oculusquc

2087 764 2535 822 collustrabitur?
2570 762 2635 816 Et
2674 762 2719 816 si
2768 769 2849 826 tu,
2895 758 3141 828 quisquis
3193 758 3409 813 tandem
3465 756 3657 820 fueris.

2086 857 2179 925 qui
2211 857 2283 910 ita
2313 854 2570 918 allectus,
2606 852 2671 906 ad
2697 867 2859 906 voces
2890 865 3100 912 omnes,
3137 864 3325 918 pacem
3358 849 3662 904 adhortan-

2090 960 2173 1003 tes
2204 963 2362 1003 aures
2390 945 2622 1009 claudis,
2651 943 3009 998 nihilominus
3037 952 3253 1008 propter
3274 932 3461 1008 aequos
3501 939 3662 994 audi-

2086 1050 2235 1093 tores
2264 1053 2454 1092 rursns
2484 1038 2597 1105 ipse
2633 1043 2895 1102 repetam,
2930 1047 3050 1099 qua:
3098 1046 3193 1085 eos
3221 1045 3525 1099 proponere
3562 1044 3658 1083 au-

2088 1132 2219 1193 divi,
2250 1131 2343 1200 qui
2400 1137 2621 1200 propter
2652 1127 2791 1180 hanc
2816 1139 3036 1179 causam
3076 1138 3261 1192 pacem
3298 1120 3660 1175 Ecclesiarum
3709 1182 3717 1193 ι

2090 1222 2366 1289 rejiciunt,
2418 1234 2645 1290 qumque
2690 1217 2934 1286 apprime
2971 1214 3036 1268 ad
3063 1227 3158 1269 eos
3201 1213 3527 1268 refellendos
3558 1213 3666 1266 uti-

2086 1313 2160 1366 lia
2219 1321 2383 1381 atque
2443 1308 2806 1365 conducibilia
2863 1306 3139 1360 videntur.
3204 1303 3343 1357 Ante
3398 1302 3505 1356 alia
3536 1317 3666 1355 vero

2087 1403 2303 1472 pietatis
2329 1416 2450 1456 esse
2476 1401 2792 1454 violatorem
2826 1406 3100 1460 asserunt,
3134 1394 3215 1448 vel
3260 1408 3428 1448 unum
3456 1392 3663 1462 apicem

2088 1493 2143 1547 in
2180 1491 2436 1562 Symbolo
2476 1488 2596 1543 ﬁdei
2634 1488 2829 1542 addere
2868 1495 3315 1556 prmsnmcntem.
3367 1484 3669 1538 Verumta-

2089 1600 2218 1638 men
2246 1598 2368 1637 cum
2407 1582 2653 1644 audiunt,
2690 1579 2796 1634 Sed
2840 1577 2979 1632 Deus
3013 1577 3249 1647 Spit-ilus
3288 1575 3340 1629 in
3395 1573 3654 1644 Symbolu

2090 1688 2196 1728 non
2228 1672 2442 1741 legitur,
2476 1686 2652 1740 neque
2691 1667 3176 1725 consubstantialis
3228 1665 3377 1719 Patri
3414 1674 3469 1719 ct
3501 1665 3661 1726 Filio,

2090 1770 2517 1832 oporteretque,
2577 1770 2636 1814 ut
2677 1759 2809 1829 ipsis
2871 1758 3175 1819 allubescit,
3240 1756 3454 1824 pictatis
3503 1756 3671 1807 viola-

2094 1853 2257 1909 tionis
2314 1852 2518 1906 t-rimen
2573 1852 2712 1906 inuri
2755 1848 3080 1915 tbeol0giatn
3127 1849 3266 1902 banc
3312 1848 3363 1900 in
3412 1846 3675 1917 Symbqu

428 1948 519 1998 καὶ
568 1946 646 2000 δεῖ
686 1947 881 2000 λοιπὸν
934 1947 1078 2001 κατὰ
1127 1949 1188 2001 τὸ
1238 1949 1430 2002 δοκοῦν
1463 1950 1647 2013 αὐτοῖς
1699 1952 1989 2014 εὐσεϐείας

2103 1962 2203 1999 non
2251 1946 2500 1999 traditam
2560 1942 2997 2003 decernentibus,
3059 1940 3159 2007 ipsi
3209 1941 3425 2008 quidem
3475 1954 3670 1993 concc-

420 2031 773 2097 ἐγκαλεῖσθαι
798 2033 1149 2103 παραϐασίαν
1179 2038 1307 2097 τοὺς
1338 2036 1436 2107 τὴν
1470 2037 1752 2105 θεολογίαν
1784 2041 1992 2111 ταύτην

420 2125 500 2190 μὴ
529 2123 608 2193 τῷ
632 2125 899 2193 Συμϐόλῳ
926 2127 1313 2199 ἐμφερομένην
1366 2127 1774 2197 θεολογοῦντας,
1807 2133 1993 2204 δέχον-

416 2229 512 2264 ται
557 2214 658 2284 μὲν
695 2215 896 2286 μηκέτι
925 2216 1178 2286 κρίνεθαι
1213 2219 1474 2284 ἀσεϐείας
1518 2221 1646 2285 τοὺς
1679 2223 1774 2275 καὶ
1807 2222 1876 2275 τὰ
1917 2222 1993 2292 μὴ

416 2305 780 2374 ὲμφερόμενα
828 2307 910 2376 τῷ
953 2308 1217 2379 Συμϐόλῳ
1246 2309 1638 2378 θεολογοῦντας
1671 2315 1752 2377 εἰς
1784 2315 1993 2370 ἔννοιαν

413 2393 659 2464 εὐσεϐῆ·
718 2395 920 2466 ἐφεξῆς
948 2397 1006 2451 δὲ
1035 2398 1109 2461 ὡς
1142 2400 1364 2470 ἰσχυρόν
1416 2418 1467 2454 τι
1509 2403 1650 2472 τάχα
1708 2405 1803 2458 καὶ
1846 2405 1993 2475 ἅμα·

415 2485 905 2555 χονπροτείνουσιν
948 2489 1031 2553 είς
1077 2491 1419 2563 ἀντίρρησιν.
1467 2491 1614 2545 Ἀλλ’
1656 2492 1686 2545 ό
1733 2495 1996 2565 μέγιστος

421 2576 697 2648 Κύριλλος
736 2579 840 2649 τῆς
879 2579 1073 2652 τρίτης
1131 2582 1354 2637 συνόδου
1399 2583 1642 2654 ἀρχηγὸς
1690 2585 1787 2651 ὢν,
1837 2588 1997 2658 εἴπερ

414 2666 540 2742 ᾔδει
569 2673 635 2723 ἐκ
657 2671 753 2724 τοῦ
783 2672 915 2725 Υίοῦ
943 2672 1006 2727 τὸ
1031 2673 1255 2742 Πνεῦμα
1276 2675 1545 2747 ὑπάρχον.
1578 2677 1691 2740 πῶς
1725 2678 1787 2731 οὐ
1812 2698 1992 2750 προσ-

418 2762 580 2814 έθετο
639 2765 697 2814 ἐν
750 2763 830 2833 τῷ
914 2764 1205 2835 Συμϐόλῳ,
1270 2784 1290 2818 ι
1337 2768 1431 2820 καὶ
1490 2768 1554 2822 ἐκ
1604 2768 1699 2822 τοῦ
1751 2769 1919 2837 Υἱοῦ;
1969 2789 1990 2825 ι

433 2852 759 2918 Ἀκούοντες
780 2856 840 2908 δὲ
868 2859 964 2911 καὶ
1010 2860 1104 2911 ἐπὶ
1152 2860 1272 2923 ταις
1321 2859 1610 2925 τοιαύταις
1662 2862 1997 2930 ἀντιλογίαις

420 2945 606 2997 αὐτῶν
638 2947 713 3008 ὡς
744 2947 794 3000 οἱ
826 2947 1074 3018 Πατέρες
1112 2948 1211 3019 τῆς
1236 2949 1497 3021 δευτέρας
1528 2951 1747 3006 συνόδου
1799 2953 1869 3006 δι’
1906 2956 1997 3006 οὐ·

417 3036 513 3089 δέν
544 3036 753 3108 ἕτερον,
788 3038 906 3091 ἀλλ’
946 3039 978 3109 ἦ
1011 3040 1098 3093 διὰ
1126 3041 1220 3093 τον
1254 3043 1397 3097 κατὰ
1442 3043 1551 3097 τῶν
1597 3045 1999 3117 Πνευματομά-

421 3143 536 3196 χων
570 3127 956 3198 ἀθροισθέντες
988 3131 1200 3200 ἀγῶνα,
1242 3133 1336 3187 καὶ
1362 3135 1566 3187 σκοπὸν
1591 3135 1712 3189 ὅλον
1768 3137 1865 3207 τῆς
1915 3139 1998 3201 εἰς

419 3219 486 3272 τὸ
516 3219 653 3272 αὐτὸ
679 3220 991 3291 συνδρομῆς
1017 3225 1116 3294 τὴν
1144 3226 1243 3294 τῆς
1264 3224 1567 3294 ¹θεολογίας
1602 3227 1696 3281 τοῦ
1733 3229 1995 3300 Πνεύμα-

2100 2041 2235 2094 dunt
2287 2053 2392 2092 non
2437 2052 2558 2091 esse
2592 2035 2889 2105 impietatis
2922 2032 3284 2095 accusandos,
3319 2047 3424 2084 non
3470 2029 3671 2091 tradita

2101 2130 2156 2186 in
2185 2130 2441 2203 Symbolo
2472 2128 3301 2199 praescribentes,verumtamen
3334 2136 3497 2176 sensu
3560 2134 3669 2173 non

2103 2240 2133 2278 a
2166 2223 2361 2292 pietate
2385 2221 2583 2288 alieno,
2625 2229 2737 2273 tum
2768 2218 3024 2285 deinceps
3052 2214 3221 2270 veluti
3255 2213 3491 2266 validum
3518 2211 3672 2279 quid,

2102 2323 2154 2368 et
2185 2314 2272 2368 cui
2307 2312 2631 2381 respondere
2654 2323 2911 2377 nequeas,
2944 2306 3227 2373 objiciunt.
3267 2300 3375 2357 Sed
3405 2302 3674 2357 maximus

2103 2405 2357 2475 Cyr-illus,
2408 2402 2499 2473 qui
2550 2400 2766 2472 prmfuit
2800 2400 2972 2453 tertiae
3007 2396 3240 2468 synodo,
3290 2395 3337 2450 si
3367 2394 3575 2449 sciebat
3607 2407 3675 2447 ex

2104 2494 2242 2549 Filio
2294 2492 2558 2562 Spiritum
2600 2506 2742 2553 esse,
2793 2505 2964 2559 quare
2998 2504 3104 2543 non
3140 2486 3398 2558 apposuit
3427 2485 3479 2539 in
3514 2483 3673 2555 Sym-

2103 2586 2247 2647 bolo,
2284 2602 2300 2635 t
2334 2593 2472 2639 ctex
2507 2581 2682 2635 Filio?
2722 2600 2743 2635 ι
2781 2580 2916 2633 Cum
2949 2590 3136 2649 postea
3172 2578 3420 2636 audiunt.
3462 2592 3557 2646 pro
3587 2576 3672 2627 di-

2104 2677 2206 2733 ctis
2228 2678 2342 2731 suis
2372 2674 2791 2745 objectionibus,
2825 2672 3014 2726 Patres
3048 2671 3301 2726 secundae
3340 2669 3557 2739 synodi,
3603 2674 3676 2722 ob

2104 2768 2306 2823 nullam
2339 2766 2499 2821 aliam
2530 2780 2752 2820 causam
2779 2777 2942 2832 quam
2980 2771 3038 2816 nt
3070 2776 3194 2815 cum
3225 2760 3465 2829 Spiritus
3496 2759 3672 2812 hosti-

2105 2860 2208 2914 bus
2226 2865 2500 2913 certamen
2535 2856 2804 2919 subirent,
2845 2853 3019 2908 coacti
3063 2861 3116 2906 et
3158 2852 3224 2906 ad
3277 2866 3402 2906 eum
3443 2850 3674 2910 exitum,

2106 2952 2201 3020 qui
2244 2952 2348 3006 illis
2379 2948 2758 3005 tantummodo
2792 2946 2897 3001 fuit
2948 2944 3284 3015 ριόνοείιιιε,
3318 2958 3674 3014 congressum

2107 3044 2256 3100 illum
2326 3051 2492 3113 atque
2560 3040 2860 3096 sententias
2925 3037 3258 3107 dirigentes,
3315 3043 3375 3092 ut
3423 3034 3678 3089 divinita-

2108 3147 2211 3190 tem
2245 3134 2481 3205 Spiritns
2511 3133 2873 3195 declararent,
2913 3130 3055 3200 quod
3098 3130 3306 3184 clarum
3340 3137 3584 3183 remanet
3612 3142 3680 3180 es

2107 3227 2401 3287 additione,
2435 3222 2780 3279 solummodo
2838 3221 2905 3275 de
2958 3219 3163 3290 Spiritu
3203 3220 3367 3283 far-ta,
3411 3234 3575 3288 quant
3609 3218 3680 3273 ob

420 3323 517 3368 τος
550 3308 918 3379 διατράνωσιν
951 3311 1194 3380 ἔχοντες,
1224 3315 1362 3385 ὅπερ
1390 3315 1549 3385 δῆλον
1588 3318 1696 3371 ἀπὸ
1751 3318 1847 3372 τοῦ
1902 3321 1997 3374 καὶ

2104 3333 2324 3373 causam
2361 3317 2623 3388 Spiritum
2677 3315 2843 3370 Deum
2881 3324 2936 3370 ct
2974 3314 3121 3369 Patri
3159 3325 3213 3368 et
3271 3311 3405 3367 Filio
3443 3310 3683 3365 consub-

422 3398 527 3467 τὴν
581 3399 908 3470 προσθήκην
965 3405 1147 3456 πᾶσαν
1188 3405 1318 3475 περὶ
1388 3408 1552 3475 μόνου
1603 3409 1856 3477 γενέσθαι
1904 3410 1997 3464 τοῦ

346 3501 366 3513 ο
424 3489 771 3559 Πνεύματος,
810 3493 955 3546 διατί
1001 3494 1077 3564 μὴ
1105 3494 1241 3548 Θεὸν
1274 3497 1336 3549 τὸ
1369 3498 1616 3569 Πνεῦμα,
1650 3501 1746 3553 καὶ
1795 3501 1997 3572 ὁμοού·

425 3598 545 3635 σιον
582 3584 759 3656 Πατρὶ
794 3590 887 3639 καὶ
921 3587 1038 3659 Υἱῷ
1066 3592 1125 3643 ἐν
1155 3588 1232 3658 τῷ
1275 3592 1537 3662 Συμϐόλῳ
1581 3594 1836 3663 φανερῶς
1878 3596 2002 3648 ἁνε-

422 3676 697 3745 κήρυξαν,
724 3679 862 3749 ἔπερ
891 3680 1051 3735 πλέον
1071 3681 1180 3735 τῶν
1212 3683 1613 3752 προστεθεισῶν
1648 3685 1876 3739 ἀπασῶν
1908 3686 1968 3738 λέ
1987 3715 2001 3728 -

424 3766 567 3832 ξσων
593 3769 724 3839 περὶ
750 3772 942 3837 αὐτοῦ,
986 3772 1181 3842 ἔμελλε
1209 3773 1309 3845 τὴν
1358 3773 1525 3829 αὐτοῦ
1561 3774 1798 3847 θεότητα
1843 3796 2005 3849 παρι-

426 3860 564 3930 σιᾷν
613 3862 711 3915 καὶ
739 3862 1107 3934 διατρανοῦν;
1145 3865 1469 3931 Ἀκούοντες
1494 3867 1628 3938 γοῦν
1676 3867 1873 3932 ταῦτα,
1920 3871 2002 3923 ἑτι

422 3953 483 4006 δὲ
510 3953 606 4006 καὶ
638 3957 1143 4025 προσεπακούοντες
1180 3957 1256 4023 ὡς
1298 3960 1326 4012 ό
1378 3958 1699 4029 θαυμαστὸς
1730 3959 2003 4031 Κύριλλος

424 4043 523 4097 τὸν
551 4046 651 4113 τῆς
682 4045 877 4114 τρίτης
923 4047 1143 4101 συνόδου
1208 4047 1475 4118 σύλλογον
1529 4048 1619 4102 διὰ
1679 4051 1848 4119 μόνην
1903 4050 2003 4121 τὴν

425 4136 725 4201 Θεοτόκος
783 4138 1023 4191 ἐποιεῖτο
1068 4139 1278 4209 φωνὴν,
1326 4140 1423 4195 καὶ
1474 4140 1562 4194 ἵνα
1610 4140 1664 4194 τί
1708 4139 1783 4211 μὴ
1834 4142 1892 4194 ἐν
1926 4140 2005 4211 τῷ

428 4225 698 4297 Συμϐόλῳ
727 4230 1015 4300 προδήλως
1045 4214 1345 4286 ὁεοτόκον
1372 4231 1713 4303 ἀνηγόρευσε
1757 4231 1854 4303 τὴν
1908 4232 2002 4286 τοῦ

431 4318 645 4387 Κυρίου
693 4320 934 4391 μητέρα,
988 4322 1126 4376 ἀλλὰ
1165 4323 1386 4394 Μαρίαν
1438 4324 1743 4393 Παρθένον,
1808 4323 2004 4394 αἰσχύ-

429 4423 619 4462 νονται
668 4411 789 4479 μὲν,
813 4411 1136 4480 δεδογμένον
1180 4413 1238 4466 δὲ
1278 4414 1428 4479 ἆπαξ
1484 4416 1670 4477 αὐτοῖς
1722 4415 1862 4484 πρὸς
1913 4416 2009 4485 τὴν

430 4500 910 4572 ἐκκλησιαστικὴν
967 4505 1195 4574 είρήνην
1261 4505 1628 4575 ἀφηνιάζειν,
1694 4507 1794 4578 τῆς
1849 4509 2005 4577 συῶν

430 4592 614 4645 αὐτῶν
639 4595 943 4664 πεισμονῆς
966 4597 1069 4649 οὐκ
1101 4597 1455 4665 ἀφίστανται.

501 4688 611 4738 κα’.
660 4684 804 4739 Ἀλλ’
836 4682 982 4740 οῦτοι
1022 4687 1122 4757 μὲν
1152 4689 1413 4761 ἐχόντων,
1441 4690 1515 4753 ὡς
1546 4690 1752 4761 ἔχουσι.
1783 4692 2003 4747 Γένοιτο

429 4775 489 4830 δὲ
517 4776 623 4830 κᾶν
655 4777 785 4846 γοῦν
814 4778 910 4849 ὀψὲ
934 4780 1027 4834 τοῦ
1059 4782 1255 4851 χρόνου
1283 4783 1380 4837 καὶ
1428 4783 1628 4847 αὐτοὺς
1681 4785 2008 4854 ἐπιγνόιλτας

427 4871 533 4931 τὰς
562 4871 702 4924 κατά
738 4874 970 4944 καιροὺς
998 4876 1301 4943 γενομένας
1363 4877 1517 4948 παρὰ
1550 4878 1814 4948 Πατέρων
1846 4878 2007 4949 ἡμῶν

433 4960 681 5029 μεγάλας
706 4964 1057 5032 οἰκονομίας,
1086 4966 1178 5018 τὸν
1218 4966 1293 5036 μὴ
1323 4967 1444 5019 κατ’
1493 4967 1795 5036 ἐπίγνωσιν
1840 4984 2009 5039 παρι-

429 5053 549 5106 δεῖν
573 5053 761 5125 ζῆλον,
796 5060 893 5109 καὶ
926 5058 1063 5127 πρὸς
1094 5058 1195 5129 τὴν
1225 5059 1335 5113 τῶν
1380 5061 1733 5130 ⁷Ἐκκλήσιιῖιν
1783 5064 2010 5133 εἰρήνην

435 5146 779 5217 ἱλαρώτερον
806 5149 1141 5203 ἐνατενίσαι.
1207 5153 1398 5221 Ὑμεῖς
1444 5152 1523 5215 δὲ,
1570 5150 1615 5206 ὦ
1664 5152 2011 5223 εὐγνώμονες

430 5237 548 5290 τῶν
591 5238 739 5309 ἐμῶν
809 5240 986 5309 λόγων
1042 5243 1342 5313 ἀκροαταὶ.
1394 5244 1535 5298 αὐτὰ
1594 5246 1662 5300 τὰ
1710 5247 2011 5316 φαινόμενα

428 5330 623 5395 ἐξότου
680 5336 714 5404 ή
763 5333 932 5404 μέσον
968 5335 1127 5405 ήμῶν
1167 5353 1226 5389 τε
1264 5338 1358 5390 καὶ
1408 5336 1630 5390 Ἰταλῶν
1676 5338 1871 5407 εἰρήνη
1920 5339 2015 5404 γέη

429 5436 586 5489 γονε,
618 5420 906 5493 μάρτυρας
952 5424 1431 5495 ἀπαραγράπτους
1487 5426 2008 5496 παραλαμϐάνοντες

426 5513 537 5581 τῆς
586 5513 697 5567 τῶν
741 5514 1033 5584 δογμάτων
1081 5516 1242 5586 ἡμῶν
1309 5526 1717 5587 συντηρήσεως,
1774 5518 1865 5571 καὶ
1914 5516 2008 5569 τοῦ

430 5607 855 5676 ὁμιταποιήτου
883 5605 993 5659 τῶν
1028 5608 1314 5678 ἡμετέρων
1339 5606 1494 5671 ἐθῶν,
1530 5608 1627 5661 xal.
1678 5608 1857 5678 πάσης
1909 5608 2010 5679 τῆς

430 5688 932 5768 πατροπαραδότου
962 5699 1122 5769 ήμῶν
1168 5698 1424 5765 εὐταξίας
1464 5717 1522 5752 τε
1566 5700 1662 5753 καὶ
1713 5687 2013 5770 κοσμιότη-

427 5805 550 5851 τος,
581 5790 888 5859 ὁλοσχερῶς
942 5791 1041 5861 τῆς
1080 5793 1307 5863 εἰρήνης
1345 5792 1622 5864 ἐξέχεσθε,
1674 5793 2011 5859 summa;

433 5881 531 5932 ἐπὶ
560 5879 636 5949 τῷ
666 5883 975 5957 είρηνάρχῃ
1003 5885 1326 5950 πεποιθότες
1359 5885 1605 5958 Χριστῷ,
1648 5884 1724 5955 τῷ
1776 5885 1843 5939 τὰ
1895 5886 2004 5939 διε·

2109 3410 2423 3465 stantialem
2475 3410 2650 3478 palam
2698 3416 2999 3477 aperteque
3051 3422 3159 3461 non
3215 3404 3677 3475 depraadicarunt,

2105 3496 2250 3568 quod
2288 3499 2460 3570 magis
2486 3514 2549 3553 ac
2566 3497 2872 3552 dilucidius
2908 3497 3032 3551 aliis
3058 3495 3319 3551 omnibus
3340 3491 3681 3548 dictionibus

2102 3593 2168 3647 dc
2189 3608 2252 3646 eo
2283 3590 2566 3662 appositis,
2596 3589 2745 3645 illius
2786 3589 3042 3644 deitatem
3068 3590 3514 3647 demonstrasset,
3547 3597 3682 3643 con.

2104 3680 2554 3752 stabilissetqne?
2615 3679 2743 3734 Haec
2786 3679 2950 3749 igitur
2996 3678 3304 3740 audientes,
3356 3690 3568 3729 necnon
3625 3681 3681 3731 οι

2105 3776 2195 3829 illa
2228 3784 2512 3845 praeterea,
2558 3772 2937 3828 admirabilem
2970 3770 3230 3842 Cyrillum
3277 3769 3448 3833 tertia:
3478 3768 3676 3839 synodi

2106 3882 2458 3937 congressum
2489 3866 2559 3922 ob
2590 3865 2762 3921 solam
2793 3863 3041 3934 Deiparae
3058 3877 3243 3917 vocum
3269 3862 3595 3922 celebrasse.
3621 3872 3677 3913 et

2108 3967 2288 4014 tamen
2337 3961 2391 4015 in
2427 3959 2674 4030 symbolo
2703 3958 2853 4013 nullo
2898 3957 3062 4011 modo
3118 3954 3408 4010 manifeste
3459 3953 3671 4007 Domini

2109 4050 2332 4106 Matrem
2364 4048 2654 4121 Deiparam
2697 4062 3067 4118 nuncupasse,
3106 4047 3200 4105 sed
3235 4046 3457 4101 lliariarn
3498 4044 3681 4113 Virgi-

2107 4159 2258 4209 nem,
2291 4144 2498 4215 pndore
2551 4142 2805 4214 equidem
2841 4140 3271 4206 suﬂunduutur;
3308 4147 3682 4194 verumtamen

2109 4249 2232 4288 cum
2276 4232 2445 4287 semel
2479 4231 2839 4298 decreverint,
2890 4230 3318 4286 ecclesiasticam
3351 4243 3535 4297 pacem
3568 4236 3683 4280 tur-

2109 4327 2208 4379 bas
2236 4325 2428 4379 ciendo
2471 4338 2755 4393 respuere,
2792 4337 2825 4378 a
2862 4322 3083 4393 propria
3107 4320 3413 4393 pertinacia
3437 4336 3556 4377 non
3584 4320 3683 4373 dc-

2110 4416 2331 4471 sistunt.

2184 4700 2277 4754 2|.
2322 4700 2385 4753 Et
2434 4699 2489 4753 hi
2518 4698 2733 4767 quidem
2777 4714 2889 4769 pm
2916 4699 3141 4757 libidine
3188 4713 3293 4755 sua
3315 4712 3439 4753 sese
3468 4706 3681 4767 gerant,

2110 4790 2629 4863 agantque.Utiuam
2656 4807 2806 4855 vero,
2839 4791 2966 4848 licet
2996 4805 3144 4853 sero.
3174 4805 3364 4844 verum
3388 4788 3684 4859 aliquando

2110 4886 2476 4956 contingeret.
2507 4892 2567 4939 ut
2590 4884 2814 4955 agnitis.
2847 4899 2967 4954 quae
2992 4899 3020 4939 a
3050 4882 3308 4939 Patribus
3334 4883 3541 4938 nostris
3560 4898 3686 4937 cer-

2114 4979 2183 5036 tis
2243 4978 2581 5046 temporibus
2630 4991 2844 5046 magnae
2906 4977 3345 5049 dispensatioues
3393 4984 3684 5031 transacta:

2112 5076 2263 5129 sunt,
2298 5066 2472 5121 zelum
2511 5066 2815 5121 secundum
2853 5067 3219 5135 cognitionem
3248 5080 3354 5122 non
3385 5065 3682 5135 negligant.

2112 5160 2205 5214 sed
2268 5159 2334 5214 ad
2396 5157 2763 5221 Erclesiarum
2821 5174 3015 5228 pacem
3081 5159 3253 5213 multo
3311 5157 3550 5212 alacrius
3622 5169 3688 5209 ac

2113 5252 2419 5323 Ρνοητριίιιε
2433 5252 2627 5307 oculos
2652 5252 2841 5321 ligant.
2870 5249 2979 5307 Vos
3003 5266 3157 5317 vero,
3190 5265 3437 5306 meorum
3478 5261 3689 5303 sermo-

2114 5361 2244 5400 num
2297 5345 2439 5414 aequi
2495 5344 2774 5400 auditores
2834 5353 2890 5399 et
2929 5343 3167 5413 iudices,
3222 5357 3312 5398 res
3364 5341 3686 5410 ipsamque:

2116 5436 2287 5491 Oculis
2303 5436 2755 5506 contemplamur,
2786 5450 2853 5491 ex
2878 5450 2988 5505 quo
3016 5435 3155 5493 inter
3191 5448 3289 5489 nos
3314 5441 3367 5487 et
3398 5430 3561 5487 Italos
3581 5445 3687 5501 pax

2116 5527 2448 5592 intercessit,
2494 5527 2661 5582 veluti
2705 5536 2872 5584 testes
2904 5528 3052 5584 omni
3088 5526 3411 5596 exceptione
3447 5526 3686 5592 majores

2117 5618 2467 5688 accipientes,
2494 5618 2814 5687 dogmatum
2850 5628 3164 5674 nostrorum
3223 5615 3684 5679 conservationis,

2119 5717 2425 5764 nostrarum
2458 5709 2917 5765 consuetudinum
2948 5706 3322 5775 permanentis
3356 5704 3684 5772 retinentia,

2118 5815 2329 5857 necnon
2393 5799 2636 5855 universi
2681 5815 2713 5855 a
2746 5797 2999 5853 l‘atribus
3034 5796 3190 5853 nobis
3217 5797 3402 5853 traditi
3449 5798 3685 5855 inatitut:

2120 5901 2282 5959 atque
2325 5899 2550 5945 ornatus
2584 5889 2700 5957 paci
2750 5888 3131 5954 adbaerescite,
3166 5888 3303 5944 citra
3331 5888 3494 5945 ullam
3531 5885 3689 5943 ll‘I'PSi"
