4054 6412
411 389 520 454 275

410 509 668 599 tationem
716 523 810 578 Spe
838 521 1016 569 vestra
1048 516 1101 570 in
1138 517 1360 576 Christo
1409 527 1656 596 principe
1688 531 1863 599 pacis,

415 594 688 664 disjuncta
757 601 1033 674 colligavit
1101 619 1266 678 atque
1319 594 1646 680 conjunxit,
1688 594 1992 686 colloca-ta,

415 689 637 744 uberem
675 692 798 748 inde
831 698 1154 764 mercedem,
1197 718 1322 757 cum
1358 723 1564 762 merces
1588 712 1936 778 persolvitur,
1963 729 1993 768 a

413 796 824 842 remuneratore
849 787 956 843 Deo
985 795 1355 849 consecuturi.

430 929 2138 967 Μ

1441 415 1652 478 ῙΟΑΝ.
1694 419 1910 482 VECCl
1951 423 2062 484 ΟΡ.
2106 427 2623 494 ΡΑΤΒΙΑΗΩΗῈ

3565 453 3671 516 276

1895 548 1990 637 9""
2023 542 2062 593 Α
2096 557 2274 610 στῶτα
2310 562 2632 632 συνδήσαντι
2679 566 2770 619 καὶ
2827 569 3152 637 συνάψαντι,
3208 575 3376 629 πολὺν
3418 577 3668 630 ἐντεῦθεν

2097 651 2157 702 ἐν
2188 650 2267 720 τῷ
2300 652 2396 720 τῆς
2433 655 2868 721 μισθαποδοσίας
2895 662 3074 732 καιρῷ
3109 663 3293 734 εὑρεῖν
3332 666 3426 718 τὸν
3470 667 3666 734 μισθὸν

2106 741 2263 812 παρὰ
2293 743 2388 795 τοῦ
2431 745 2830 813 μισθαποδότου
2871 751 3032 806 Θεοῦ.

2151 957 3658 990 _____________________________

1407 1100 1848 1273 ΤΟΥ
1939 1106 2686 1280 ΑΥΤΟΥ

1864 1438 2042 1492 ΠΡΟΣ
2087 1439 2226 1494 TON

705 1596 1798 1741 ΑΓΑΛΛΙΑΝΟΝ
1891 1611 2525 1745 ΚΥΡΙΟΝ
2613 1609 3356 1750 ΑΛΕΞΙΟΝ

1347 1837 1484 1891 ΤΗΣ
1521 1835 1847 1892 ΜΕΓΑΛΗΣ
1897 1840 2298 1897 ΕΚΚΑΗΣΙΑΣ
2351 1845 2706 1901 ΔΙΔΚΟΝΟΝ

1746 2005 2350 2092 ΕΠΙΣΤΟΛΗ.

1606 2367 2489 2527 EJUSDEM

838 2813 1754 2932 AGALLIANUM
1834 2817 2510 2933 DOMINUM
2596 2818 3243 2936 ALEXIUM

1427 3013 1730 3097 metu;
1778 3037 2176 3100 ECCLESL’E
2230 3036 2654 3100 DIACONUM

1730 3221 2350 3310 EPISTOLA.

483 3573 730 3631 Joannes
789 3577 1141 3633 miseratione
1175 3576 1357 3633 divina
1417 3577 1640 3633 immitis
1717 3576 2068 3646 arcltiepi-B

419 3683 624 3738 scopus
639 3667 1412 3739 ConstantinOpolitanus,sed
1442 3671 1513 3725 ob
1541 3685 1728 3724 verum
1770 3667 1990 3723 Patrum

421 3762 638 3829 dogma,
672 3777 738 3815 ex
769 3761 934 3816 Patre
963 3775 1158 3831 nempe
1193 3777 1286 3830 per
1315 3759 1512 3816 Filium
1550 3761 1789 3830 Spiritus
1813 3761 1990 3816 sancti

419 3853 826 3921 processionem
849 3891 864 3915 ,
895 3853 1115 3922 propria
1146 3853 1275 3907 sede
1313 3854 1529 3920 pulsus,
1566 3862 1621 3906 et
1652 3853 1705 3906 in
1735 3853 1990 3907 exsilium

420 3953 736 4014 perpetuum
792 3954 848 3999 et
876 3959 1178 4009 carcerem,
1209 3953 1268 3998 ut
1299 3943 1372 3997 ibi
1406 3945 1654 3999 inclusus
1687 3959 1861 4013 usque
1895 3945 1991 3999 de-

417 4045 591 4102 geret,
635 4037 809 4090 donec
849 4036 1011 4088 tinem
1046 4033 1180 4094 .vitte
1233 4035 1529 4103 posuisset,
1575 4035 1992 4098 condemnatus,

416 4131 610 4183 Alexio
653 4129 888 4183 diacono
944 4129 1142 4184 dilecto
1183 4128 1481 4183 secundum
1531 4126 1795 4197 Spiritum
1834 4127 1945 4180 tilio
1977 4168 1992 4193 ,

421 4218 855 4275 benedictionem
919 4218 972 4272 in
1027 4217 1283 4282 Christo,
1339 4225 1394 4272 et
1443 4227 1726 4286 paternam
1788 4218 1997 4272 saluta-

329 4328 344 4391 t
420 4315 647 4366 tionem.
1058 4365 1062 4370 .

334 4391 358 4436 τ
491 4402 547 4456 1.
578 4401 870 4473 Nunquam
905 4403 1092 4458 animo
1125 4403 1462 4472 agitaveram
1509 4402 1599 4469 iis,
1623 4417 1744 4472 qua:
1767 4416 1912 4456 nunc
1947 4411 1998 4457 te

421 4494 587 4549 audio
642 4493 920 4563 proloqui,
953 4509 1117 4550 aures
1156 4510 1308 4550 meas
1338 4495 1632 4566 aliquando
1661 4494 1992 4550 onerandas.

419 4586 808 4640 Verumtamen
828 4600 950 4639 cum
976 4586 1280 4641 nuntiatum
1298 4586 1538 4652 fuerit,te
1559 4585 1996 4642 adversariorum

422 4685 736 4731 nostrorum
777 4685 958 4745 partes
999 4685 1240 4732 tuentem
1273 4679 1626 4741 contendere,
1680 4691 1808 4732 vere
1866 4691 2005 4745 pro-_

425 4780 549 4835 pter
601 4769 850 4824 eamdem
883 4778 1132 4823 naturam
1166 4785 1196 4825 a
1233 4771 1436 4826 sanctis
1483 4769 1740 4826 Patribus
1793 4769 1998 4824 dictum

423 4863 618 4922 tuisse.
651 4877 714 4917 ex
757 4863 996 4919 essentia
1043 4862 1169 4917 Filii
1225 4877 1348 4918 esse
1400 4861 1670 4931 Spiritum
1725 4870 1995 4925 sanctum,

420 4971 528 5009 nou
557 4954 690 5009 duxi
727 4955 963 5025 pretium
1015 4970 1198 5024 opera:
1233 4969 1319 5008 me
1351 4953 1624 5006 facturum
1650 4991 1664 5014 ,
1696 4952 1743 5006 si
1776 4965 1898 5021 quae
1927 4949 1995 5005 ad

421 5062 586 5102 aures
615 5063 765 5102 meas
795 5054 1184 5117 pervenerunt,
1212 5044 1432 5099 silentio
1456 5044 1793 5113 praateriero.
1818 5043 1999 5110 Quare

421 5141 647 5210 eloquar
693 5140 830 5208 ipse,
875 5150 931 5194 tu
969 5153 1098 5193 vero
1139 5135 1380 5198 attende,
1413 5146 1579 5205 atque
1618 5135 1862 5190 animum
1906 5137 2001 5189 ad-

420 5241 593 5287 verte.
623 5233 819 5285 Annon
850 5240 1002 5284 tenes
1023 5243 1108 5282 me
1134 5241 1510 5294 saepenumero
1542 5226 1640 5282 tibi
1667 5224 2000 5288 declarasse,

424 5339 531 5378 non
560 5324 880 5392 simpliciter
907 5332 1132 5393 pr0pter
1159 5322 1407 5378 eamdam
1425 5327 1700 5383 naturam,
1723 5335 1844 5389 quae
1876 5319 2002 5372 nul-

423 5416 534 5468 lum
570 5413 972 5484 praepositionis
1024 5429 1090 5467 ea:
1142 5413 1210 5469 ad
1259 5413 1344 5467 sui
1379 5411 1803 5467 insinuationem
1856 5411 1998 5464 inter

424 5507 641 5562 Triadis
697 5519 963 5577 personas
1023 5521 1185 5560 usum
1239 5505 1423 5569 habet,
1474 5519 1537 5559 ex
1583 5503 1826 5560 essentia
1875 5501 1998 5557 Filii

428 5599 692 5667 Spiritum
725 5615 755 5652 a
785 5597 1001 5653 Sanctis
1032 5613 1177 5665 esse,
1221 5598 1390 5653 fuisse
1429 5599 1871 5667 pronuntiatum,
1904 5595 1998 5650 sed

423 5701 647 5762 propter
675 5689 924 5745 eamdem
985 5701 1259 5756 naturam,
1319 5707 1442 5762 quae
1497 5701 1646 5746 certe
1697 5700 1752 5745 et
1781 5687 2003 5742 deﬁnite

426 5783 680 5838 ctl'ectum
710 5784 922 5838 innuit?
962 5784 1027 5838 Et
1086 5799 1232 5839 nunc
1272 5784 1442 5839 dicito
1475 5783 1632 5844 mihi.
1673 5798 1766 5852 per
1800 5781 1996 5842 Deum,

428 5893 540 5933 uno
567 5877 708 5932 maio
741 5888 949 5947 raptus,
981 5894 1225 5934 IIlCOl‘UIIt
1265 5877 1508 5935 omnium
1540 5862 1856 5932 memoriam
1907 5874 2001 5927 ab-

2179 3579 2439 3648 Ἰωάννης
2507 3578 2767 3642 ταπεινὸς
2831 3578 2969 3650 ἐλέῳ
3046 3579 3185 3634 Θεοῦ
3231 3581 3674 3652 ἀρχιεπίσκοπος

2098 3671 2746 3733 Κωνσταντινουπόλεως.
2788 3670 2879 3723 διὰ
2911 3671 2967 3724 δὲ
3008 3671 3069 3725 τὸ
3115 3672 3318 3743 ἀληθὲς
3351 3674 3464 3726 τῶν
3496 3674 3672 3728 [late-

2099 3782 2208 3836 ρων
2248 3765 2448 3833 δόγμα,
2482 3763 2580 3834 τὴν
2602 3764 2664 3816 ὲκ
2703 3765 2914 3834 Πατρδς
2940 3763 3184 3833 δηλονότι
3233 3767 3304 3820 δι’
3339 3766 3471 3821 Υίοῦ
3508 3767 3680 3821 ἔκπὸο

2102 3873 2288 3926 ρευσιν
2319 3855 2414 3908 τοῦ
2450 3855 2769 3924 Πνεῦματος
2793 3855 2888 3908 τοῦ
2920 3855 3103 3924 ἁγίου,
3129 3856 3223 3910 τοῦ
3241 3858 3446 3911 οἰκείου
3478 3859 3674 3928 Θρῦνου

2100 3948 2416 4011 ἀπελαθεὶς,
2457 3947 2552 4000 καὶ
2587 3946 2686 4018 τὴν
2720 3947 2826 4010 ἓως
2859 3948 3096 4001 θανάτου
3129 3950 3346 4017 ἐξορίαν
3382 3950 3480 4003 καὶ⁸
3509 3950 3680 4018 φυλα-

2099 4043 2201 4109 κὴν
2234 4039 2656 4102 καταδικασθεὶς
2695 4040 2917 4107 Ἀλεξίῳ
2951 4041 3187 4108 διακόνῳ
3237 4042 3512 4111 ἀγαπητῷ
3535 4045 3676 4094 κατὰ

2100 4133 2326 4201 Πνεῦμα
2378 4133 2480 4203 υἱῷ
2529 4131 2780 4199 εὐλογίαν
2807 4132 2906 4201 τὴν
2933 4130 2990 4186 ὲν
3013 4133 3257 4203 Χριστῷ,
3282 4135 3378 4188 καὶ
3409 4133 3680 4204 πατρικὸν

2098 4224 2408 4293 ἀσπασμόν.

2170 4417 2239 4463 α’.
2283 4410 2424 4478 Ἐγὼ
2452 4411 2548 4479 μὲν
2571 4410 2672 4463 οὐκ
2695 4410 2762 4464 ἄν
2789 4427 2920 4463 ποτε
2954 4410 3192 4464 ἀκοῦσαι
3214 4408 3402 4480 ᾠήθην
3425 4408 3678 4478 τοιαῦαέα,

2097 4500 2296 4574 οἷάπερ
2335 4507 2431 4559 καὶ
2465 4505 2674 4575 ἤκουσα
2708 4505 2888 4572 λέγειν
2915 4523 2973 4558 σε
3001 4522 3015 4534 ⁸
3054 4507 3181 4560 ἐπεὶ
3222 4505 3278 4558 δὲ
3311 4506 3525 4576 ἤκουσα
3564 4503 3678 4557 τῶν

2101 4600 2232 4668 ἡμῖν
2287 4596 2711 4650 ἀντιδικούντων
2770 4597 3238 4668 ὑπερμαχόμενον
3282 4597 3678 4655 διατείνεσθαι,

2100 4685 2136 4759 ἦ
2171 4687 2277 4758 μὴν
2305 4687 2393 4740 διὰ
2435 4688 2498 4739 τὸ
2536 4686 2822 4756 ὁμοούσιον
2886 4689 3002 4747 τοῖς
3054 4687 3236 4755 ἁγίοις
3281 4685 3562 4758 εἰρῆσθαι,
3617 4685 3682 4736 τὸ

2102 4782 2168 4833 ἐκ
2224 4778 2326 4848 τῆς
2381 4777 2573 4839 οὐσίας
2623 4777 2719 4830 τοῦ
2794 4777 2925 4830 Υίοῦ
2983 4777 3045 4830 τὸ
3127 4775 3355 4844 Πνεῦμα
3413 4773 3560 4829 εἶναι
3616 4773 3680 4826 τὸ

2103 4871 2279 4938 ἅγιον,
2309 4869 2370 4922 οὐ
2401 4868 2513 4922 δεῖν
2544 4868 2707 4922 πάλιν
2756 4867 2944 4938 ᾠήθην
2986 4870 3113 4938 σιγῇ
3177 4867 3245 4922 τὰ
3297 4864 3679 4936 ἠκουτισμένα

2102 4960 2512 5030 παραδραμεῖν.
2546 4960 2656 5012 Καὶ
2685 4958 2750 5026 δὴ
2781 4958 2927 5026 λέγω
2959 4959 3092 5022 ἐγὼ,
3142 4957 3308 5012 ἄκουε
3334 4957 3391 5010 δὲ
3433 4955 3520 5009 σύ.
3565 4955 3681 5007 Οὐκ

2101 5050 2248 5115 οἶδας
2281 5051 2357 5113 ὡς
2388 5049 2499 5117 ἐγὼ
2533 5049 2794 5111 πολλάκις
2833 5066 2916 5100 σοι
2965 5047 3294 5114 διεσάφησα,
3349 5046 3425 5119 μὴ
3473 5046 3565 5099 διὰ
3617 5045 3682 5100 τὸ

2102 5144 2294 5204 ἁπλῶς
2321 5141 2629 5211 ὁμοούσιον,
2660 5142 2798 5209 ὅπερ
2829 5139 3091 5208 οὐδεμίαν
3112 5139 3214 5209 τῆς
3260 5139 3332 5191 ἐκ
3363 5137 3682 5208 προθέσεως

2105 5237 2186 5299 είς
2216 5224 2316 5304 τὴν
2347 5232 2545 5286 ἑαυτοῦ
2595 5232 2828 5299 δήλωσιν
2881 5230 3087 5298 μεταξύ
3131 5230 3241 5282 τῶν
3289 5229 3394 5300 τῆς
3447 5228 3681 5298 Τριάδος

2104 5323 2418 5396 προσώπων
2448 5324 2561 5395 ἔχει
2600 5323 2700 5394 τὴν
2727 5323 2939 5392 χρείαν,
2973 5322 3036 5375 ὲκ
3059 5321 3160 5391 τῆς
3191 5321 3381 5383 οὐσίας
3419 5321 3516 5374 τοῦ
3545 5319 3676 5372 Υῑοῦ

2106 5419 2166 5472 τὸ
2202 5415 2426 5487 Πνεῦμα
2446 5419 2558 5480 τοῖς
2599 5416 2775 5484 ἁγίοις
2811 5412 3087 5485 εἰρῆσθαι,
3112 5413 3199 5468 διὰ
3225 5414 3283 5467 δέ
3319 5430 3383 5481 γε
3405 5411 3464 5466 τὸ
3485 5411 3683 5480 ὀμοού-

2109 5530 2223 5566 σιον
2248 5510 2570 5580 ὡρισμένως
2628 5507 2918 5571 αἰτιατόν;
2979 5507 3091 5560 Καὶ
3129 5505 3224 5559 νῦν
3280 5506 3403 5558 είπέ
3471 5521 3587 5574 μοι,
3637 5497 3682 5556 ὦ

2107 5603 2242 5670 πρὸς
2272 5601 2429 5664 Θεοῦ,
2475 5601 2526 5654 τί
2572 5599 2799 5653 παῦόντι
2855 5616 2939 5652 σοι
2973 5598 3084 5651 τῶν
3139 5599 3238 5667 μὲν
3295 5599 3448 5666 ἐμῶν
3494 5595 3687 5650 ἐπιλα-

2108 5694 2294 5748 ϐέσθαι
2326 5692 2516 5761 γέγονε
2553 5693 2799 5752 πάντων,
2827 5689 2939 5741 τῶν
2969 5689 3023 5741 δὲ
3050 5691 3319 5756 λεγόντων
3346 5691 3407 5741 ἐκ
3444 5687 3546 5756 τῆς
3587 5689 3683 5740 οὐ-

2110 5781 2232 5844 σίας
2257 5781 2348 5832 τοῦ
2385 5779 2516 5833 Υἱοῦ
2539 5779 2604 5830 τὸ
2633 5778 2858 5847 Πνεῦμα
2883 5778 3144 5844 λέγεσθαι
3178 5778 3266 5830 διὰ
3296 5779 3356 5831 τδ
3391 5777 3680 5846 ὁμοούσιον

2109 5871 2388 5925 κάνταῦθα
2423 5867 2709 5933 ςτιζὸντων
2745 5869 3125 5940 ὑπερμαχεῖνς
