4054 6402
441 368 544 431 283

1468 368 1678 431 ΙΟΑΝ.
1723 370 1937 430 VECCI
1977 370 2087 430 ΟΡ.
2134 370 2645 433 ΡΑΤΜΑΒΕΗΕ

3498 431 3505 438 ,
3570 365 3676 429 281

442 487 547 537 est.
608 477 683 531 uti
745 476 860 530 ﬁeri
911 486 1109 547 potest,
1163 477 1512 545 studiumque
1569 475 2014 545 impendendum,

2119 480 2406 549 όλομελείᾳ
2459 480 2554 534 τοῦ
2623 478 2873 550 σώματος
2936 478 3346 549 άποκαθιστᾷνδ
3405 480 3549 532 οὕτω
3588 482 3686 531 καὶ

444 578 505 622 ut
536 568 604 622 ab
632 583 698 621 eo
745 566 980 632 festuca,
1014 572 1134 638 qtrac
1168 566 1447 634 obiicitur,
1487 578 1542 622 et
1591 567 1763 636 ipsam
1798 566 2008 621 trabem

443 666 758 726 exsuperat,
816 673 912 727 per
959 658 1151 712 idonea
1188 656 1311 710 tidei
1356 656 1613 726 dogmata
1649 671 2017 727 germanaque

446 749 721 813 dematur,
772 759 830 803 ut
863 764 927 803 eo
955 749 1065 816 jam
1119 764 1147 802 a
1186 748 1376 803 morbo
1411 749 1608 814 libero,
1662 757 1716 802 et
1750 748 1803 802 in
1837 747 2019 818 pristi-

448 858 579 896 num
640 851 842 895 statum
882 841 1134 895 restituto
1168 839 1352 894 lumen
1408 840 1712 909 splendeat.
1749 839 2016 894 tenebrat-

444 948 552 1001 que
585 932 858 1000 fugentur.
893 929 1093 985 Verum
1118 932 1185 985 ad
1225 947 1366 1001 quos
1395 947 1530 988 cura
1562 932 1667 987 ista
1699 941 1753 987 et
1781 932 2016 1002 diligen-

446 1022 516 1076 tia
563 1024 736 1091 magis
771 1022 1087 1092 pertinebit,
1132 1038 1298 1092 quam
1348 1027 1416 1076 ad
1469 1038 1569 1078 nos
1614 1024 1782 1093 ipsos,
1821 1023 2018 1093 quibus

445 1113 801 1167 miseratione
837 1112 928 1168 Dei
958 1112 1183 1167 Patrum
1236 1114 1431 1168 horum
1466 1113 1873 1169 administratio
1917 1114 2017 1169 de-

446 1204 698 1258 mandata
730 1214 833 1267 est,
872 1219 1086 1258 necnon
1123 1203 1245 1257 alia:
1274 1219 1466 1259 omnes
1498 1204 1808 1258 divinarum
1849 1200 2017 1257 Litte-

446 1310 629 1347 rarum
691 1307 746 1349 et
773 1295 994 1348 Patrum
1027 1296 1369 1358 traditiones,
1401 1304 1459 1349 ut
1503 1304 1759 1365 tanquam
1790 1294 2014 1363 legitimi

446 1386 566 1450 lilii,
598 1396 947 1454 paternorum
995 1396 1443 1441 testamentorum
1476 1388 1880 1457 depravatione,
1927 1387 2015 1442 vel

447 1477 626 1543 pntius
695 1476 1001 1531 lixreditate
1075 1478 1143 1530 ab
1220 1478 1326 1532 illis
1398 1480 1555 1533 nobis
1624 1478 2015 1547 proveniente,

449 1581 643 1635 magna
690 1567 939 1635 equidem
1017 1569 1391 1638 continuoque
1447 1570 1751 1633 duratura,
1816 1570 2018 1640 injuste

448 1658 697 1724 spoliati,
759 1673 1109 1727 summepere
1162 1659 1540 1727 indoleamus,
1589 1670 1644 1717 et
1692 1678 1858 1732 super
1907 1662 2018 1718 illis

450 1748 823 1816 potissimum,
879 1750 933 1804 in
963 1751 1160 1819 quibus
1202 1755 1349 1822 pacis
1377 1756 1728 1824 pulchritudo
1777 1755 2019 1825 resplen-

446 1846 575 1905 det,
637 1851 692 1895 et
743 1841 1111 1898 Ecclesiarum
1159 1846 1537 1900 reconciliatio
1601 1847 1921 1913 roboratur;
1963 1853 2020 1901 et

450 1933 685 1987 maxime
755 1934 800 1986 si
855 1932 1220 1989 inverecunde
1265 1934 1371 1989 illa:
1431 1946 1486 1990 et
1545 1938 1748 2001 perfide
1804 1948 2018 2007 pertra-

448 2031 698 2087 ctantur;
748 2032 809 2077 ut
855 2025 1024 2078 multa
1070 2025 1397 2095 contingunt
1454 2043 1483 2080 a
1533 2028 1883 2096 quibusdam,
1926 2030 2020 2097 qui

452 2114 731 2166 veritatem
799 2113 1155 2183 discerpunt,
1206 2130 1305 2185 pro
1362 2117 1587 2171 libidine
1633 2119 1769 2172 adeo
1817 2119 2020 2173 immu<

451 2214 641 2272 tatam,
687 2215 745 2261 ιιι
781 2223 891 2261 non
945 2218 1153 2262 tantum
1202 2209 1425 2277 impune
1465 2212 1669 2264 veritas
1714 2213 1863 2266 omni
1906 2227 2020 2267 sce-

450 2300 559 2352 lre
619 2300 911 2367 laceretur,
973 2302 1070 2356 sed
1123 2300 1390 2372 ﬂagitium
1455 2304 1631 2372 ipsum
1691 2318 1757 2357 ex
1815 2305 2018 2361 divinis

450 2405 668 2458 quoque
712 2390 934 2445 Litteris
986 2391 1155 2445 robur
1221 2393 1711 2463 auctoritatemque
1760 2395 2016 2465 accipiat.

446 2479 647 2540 Quodsi
698 2492 749 2534 et
779 2479 1170 2552 Nyssaensium
1210 2484 1394 2536 lumen
1445 2483 1683 2551 injuria,
1720 2493 1770 2538 et
1803 2484 2019 2559 lidedi-

444 2586 583 2638 gnus
615 2572 752 2625 liber
802 2577 1173 2645 antiqttusque
1206 2576 1583 2643 tlcpravaiuni
1626 2577 1896 2631 obnoxius
1928 2577 2016 2643 ﬁt;

446 2671 710 2727 quantum
764 2662 815 2717 id
853 2665 1015 2719 addat
1057 2667 1122 2721 ad
1158 2666 1329 2720 animi
1366 2666 1769 2735 mgritudittem,
1808 2666 2021 2722 animas

447 2751 595 2818 ipsas
647 2752 1073 2820 eﬂundentium,
1120 2771 1190 2810 ne
1237 2756 1456 2824 aliquod
1512 2756 1830 2810 scandalum
1890 2757 2018 2810 reli-

446 2857 611 2908 quum
667 2843 759 2907 sit,
814 2844 957 2911 quod
998 2845 1426 2901 ecclesiasticam
1481 2859 1668 2913 pacem
1724 2844 2021 2913 ittlpt‘dlal?

450 2933 709 2994 Quantam
744 2949 936 2989 rursus
966 2936 1248 3003 diligentia
1304 2937 1629 2990 intentanda
1661 2946 1768 3000 est,
1796 2945 1850 2990 et
1881 2951 2016 3006 qua-

454 3037 577 3075 nam
612 3025 822 3079 ratione
853 3027 1191 3094 conandum,
1236 3036 1296 3082 ut
1342 3029 1545 3083 veritas
1574 3027 1746 3082 libere
1793 3040 1846 3083 et
1894 3044 2017 3082 cum

2118 566 2312 621 τοῦτον
2341 570 2492 635 ἄξιον
2525 571 2760 624 καθόσον
2786 565 2900 625 οἷόν
2932 587 2991 625 τε
3018 568 3451 637 περιποιεῖσθαι,
3494 569 3590 622 καὶ
3617 569 3681 620 τὸ

2118 661 2447 728 φαινόμενον
2487 662 2584 731 μὲν
2621 661 2851 732 κάρφος,
2903 661 3249 732 ὑπερϐάλλον
3276 660 3340 715 δὲ
3379 659 3476 714 καὶ
3504 658 3678 729 αὐτὴν

2117 749 2217 819 τὴν
2271 752 2451 819 δοκὸν,
2514 751 2929 824 ὕπεξαιρεῖσθαι
2981 753 3068 807 διὰ
3113 753 3174 807 τὸ
3225 752 3335 807 τῶν
3393 750 3684 821 δογμάτων

2115 843 2453 914 ἀξιοπρεπὲς
2474 846 2568 899 καὶ
2605 844 2916 911 ἀνόθευτον,
2940 845 3016 909 ὡς
3053 844 3120 898 ἂν
3153 842 3495 913 ὑγιαίνοντος
3554 839 3684 897 τοῦ·

2113 951 2234 995 του,
2290 934 2388 987 καὶ
2435 933 2614 996 καθὼς
2654 931 2723 1003 ἦν
2766 933 3271 997 ἀποκαταστάντος,
3329 930 3392 983 τδ
3419 930 3534 998 φῶς
3557 928 3682 981 ἑπι-

2116 1025 2312 1098 λάμπῃ
2337 1026 2437 1079 καὶ
2466 1027 2499 1095 ή
2546 1025 2772 1078 σκοτεία
2810 1024 3099 1094 διώκηται.
3148 1022 3274 1076 Τίσι
3323 1017 3375 1073 δ’
3400 1018 3467 1074 ἂν
3500 1017 3684 1081 ἄλλοις

2115 1114 2219 1184 τῆς
2266 1115 2523 1185 τοιαύτης
2580 1114 2840 1186 μελήσειε
2897 1115 3309 1182 περιποιήσεως
3355 1108 3389 1181 ἢ
3461 1108 3680 1170 πάντως

2116 1208 2247 1275 ήμῖν
2276 1207 2388 1268 τοῖς
2426 1207 2484 1259 ἑν
2518 1205 2598 1277 τῷ
2631 1207 2767 1260 ἐλέει
2797 1205 2892 1260 τοῦ
2922 1205 3036 1259 τῶν
3082 1204 3347 1273 Πατάρων
3380 1200 3541 1264 Θεοῦ,
3581 1197 3682 1270 τὴν

2115 1297 2225 1351 τῶν
2255 1297 2518 1352 τοιούτων
2543 1299 2863 1367 οἰκονομίαν
2890 1297 3118 1368 λαχοῦσι
3141 1336 3156 1359 .
3203 1297 3299 1349 καὶ
3338 1293 3427 1362 ἐφ’
3463 1291 3682 1361 ἑτέραις

2114 1386 2360 1449 ἀπάσαις
2417 1387 2717 1457 γραφικαίς
2779 1403 2839 1439 τε
2906 1386 3003 1439 καὶ
3051 1384 3349 1453 πατρικαῖς
3378 1376 3686 1450 παραδόσε-

2118 1494 2225 1541 σιν,
2266 1477 2341 1539 ὡς
2391 1477 2457 1530 ἂν
2499 1475 2604 1530 uici
2638 1476 2960 1546 φαινώμεθα
3008 1473 3224 1544 γνήσιοι
3266 1471 3376 1526 τῶν
3413 1467 3687 1541 πατρῴων

2116 1566 2397 1637 διαθηκῶν
2448 1565 3035 1635 παραχαραττομένων
3104 1559 3544 1633 ὑπεραλγοῦντες
3577 1597 3593 1623 ,
3645 1558 3683 1626 ἢ

2126 1657 2330 1729 μᾶλλον
2366 1656 2525 1728 ήμῶν
2555 1656 2766 1710 ἑαυτῶν
2797 1655 3196 1724 ἀδικουμένων,
3223 1653 3320 1723 τήν
3347 1652 3441 1706 ἀπ’
3463 1650 3687 1704 ἐκείνων

2119 1747 2487 1818 κληρονομίαν
2516 1746 2615 1817 τήν
2646 1746 2890 1816 μεγάλην
2915 1745 3083 1808 ὅντως
3149 1744 3241 1797 καί
3273 1743 3361 1797 ἀεὶ
3395 1740 3687 1811 διαμένου-

2054 1815 2094 1871 Β
2123 1815 2243 1905 σαν,
2268 1815 2447 1910 πολλῷ
2479 1839 2537 1895 δὲ
2559 1815 2722 1892 πλέον
2750 1815 2954 1909 ἐφ’γαῖς
2978 1838 3040 1892 τὸ
3068 1838 3168 1907 τῆς
3190 1837 3417 1905 εἰρήνης
3448 1833 3687 1903 ἐπιλάμ-

2120 1948 2213 1984 πει
2239 1931 2403 1985 καλὸν
2437 1933 2530 1984 καὶ
2574 1934 2606 2002 ή
2645 1930 2755 1984 τῶν
2808 1929 3147 1999 Ἐκκλησιῶν
3224 1925 3541 1994 καταλλαγὴ
3597 1925 3685 1976 ἰν·

2123 2022 2394 2091 ισχύεται·
2432 2023 2525 2075 καὶ
2567 2021 2821 2074 τοσοῦτον
2867 2022 3019 2084 ῖσως,
3070 2022 3196 2074 ὅσον
3226 2020 3321 2072 καὶ
3353 2017 3688 2089 κακουργεῖ-

2121 2108 2246 2161 σθαι
2268 2109 2474 2172 ταύτας
2505 2124 2519 2140 ο
2547 2110 2623 2172 ὡς
2659 2111 2729 2162 τὰ
2766 2109 2938 2162 πολλὰ
2987 2109 3282 2181 συμϐαίνει
3329 2107 3481 2179 παρά
3521 2121 3689 2159 τινων

2119 2199 2217 2268 τὴν
2241 2201 2503 2270 ἁλήοειαν
2536 2201 2984 2270 σπαραττόντων,
3014 2201 3459 2269 μεταποιούντων
3488 2197 3683 2261 αὐτὰς,

2120 2293 2254 2360 πρὸς
2287 2293 2427 2359 ὅπερ
2467 2292 2564 2346 καὶ
2588 2291 2890 2360 βούλονται,
2930 2293 3017 2345 ἵνα
3054 2295 3130 2362 μὴ
3179 2294 3341 2362 μόνον
3389 2288 3687 2344 ἀνεύθυνον

2119 2376 2151 2453 ᾗ
2180 2382 2239 2434 τδ
2267 2384 2399 2452 περὶ
2438 2382 2499 2435 τδ
2540 2381 2744 2450 ἀληθὲς
2795 2383 3136 2452 ἁμαρτάνειν
3171 2382 3380 2445 αὐτοῖς,
3424 2378 3560 2434 ἀλλὰ
3593 2379 3691 2433 καὶ

2119 2473 2183 2526 ὲκ
2208 2473 2316 2526 τῶν
2348 2472 2508 2527 θείων
2542 2471 2777 2543 ι’ραφῶν
2826 2472 3110 2543 λογίζηται
3143 2469 3683 2543 ἰσχυροποιούμενον.

2120 2566 2182 2618 Εἰ
2210 2566 2266 2618 δὲ
2300 2567 2390 2619 καί
2423 2568 2451 2618 ό
2478 2565 2585 2618 τῶν
2620 2565 2919 2620 Νυσσαέων
2983 2563 3207 2634 φωστὴρ
3252 2566 3279 2616 ό
3328 2560 3687 2631 ἀδικούμενός

2122 2658 2262 2717 ἐστι,
2291 2655 2387 2708 καὶ
2418 2655 2729 2719 ἀξόπιστος
2764 2655 2945 2724 βίϐλος
2989 2655 3083 2708 καὶ
3110 2654 3338 2716 παλαιὰ,
3370 2653 3403 2723 ή
3431 2650 3689 2705 παθοῦσα

2121 2750 2222 2819 τὴν
2254 2748 2641 2818 παραχάραξιν
2663 2789 2680 2814 ,
2713 2750 2901 2801 ὁποῖον
2940 2748 3123 2813 τοῦτο,
3165 2749 3244 2810 εἰς
3276 2745 3469 2814 ὀδύνην
3503 2742 3688 2814 ψυχῆς

2120 2843 2233 2903 τοῖς
2284 2841 2634 2911 προϊεμένοις
2689 2842 2785 2895 καὶ
2838 2841 3007 2903 αὐτὰς
3041 2839 3140 2898 τὰς
3169 2840 3365 2911 ψυχὰς,
3407 2837 3549 2908 ὑπὲρ
3584 2834 3689 2889 τοῦ

2125 2931 2297 3002 μηδὲν
2334 2931 2768 3002 ὑπολελεῖφθαι,
2817 2933 2902 2985 διὰ
2954 2932 3051 3001 τήν
3106 2929 3565 3000 ἑκκλησιαστικὴν
3606 2927 3695 2981 εἰ·

2127 3024 2318 3094 ρήνην,
2354 3023 2546 3094 μηδενὶ
2602 3024 2922 3079 σκάνδαλον.
2976 3023 3200 3078 Ὀποίαν
3231 3023 3289 3076 δὲ
3333 3022 3499 3075 πάλιν
3542 3036 3692 3090 πρα-

453 3113 651 3166 tidueia
694 3124 976 3184 appareat,
1016 3117 1372 3188 futurumque
1427 3119 1480 3172 in
1509 3131 1723 3189 tempus
1752 3120 2015 3175 securita-

2123 3115 2460 3182 γματευτέον
2476 3113 2574 3184 τήν
2591 3114 2933 3184 ἐπιμέλειαν,
2955 3116 3048 3167 καὶ
3064 3115 3211 3176 ὅπως
3232 3110 3591 3165 σπουδαστέον
3612 3108 3690 3170 ὠς

449 3211 555 3254 tvm
597 3202 879 3259 obtineat?
910 3205 1146 3263 Prorsus
1194 3224 1359 3277 quam
1410 3211 1670 3274 maxima,
1720 3218 1774 3264 et
1802 3210 2015 3279 qualem

448 3310 549 3347 nos
596 3294 825 3350 addecet
873 3296 927 3350 in
977 3297 1253 3354 similibus
1304 3315 1531 3369 ponere,
1578 3312 1632 3354 et
1671 3317 1770 3370 pro
1813 3301 2019 3357 viribus

446 3384 641 3438 rﬂ'ectu
688 3401 911 3456 quoque
959 3389 1080 3458 ipso
1146 3389 1427 3459 perﬁcere.
1479 3390 1781 3457 Quemnam
1840 3392 2021 3461 itaque

448 3491 760 3532 successum
794 3495 881 3535 res
926 3481 1194 3545 habuerit,
1229 3493 1285 3538 et
1316 3485 1476 3552 quale
1510 3483 1862 3552 principium,
1903 3484 2007 3538 hac

452 3575 641 3621 nostro
670 3582 924 3623 sermone
959 3572 1310 3640 apertissime
1341 3573 1693 3630 indicabitur.

521 3752 577 3806 ‘3.
617 3750 734 3807 Jam
783 3756 953 3809 divini
1006 3754 1260 3813 Numinis
1318 3773 1419 3827 ope
1462 3759 1833 3813 ecclesiastica
1886 3773 2019 3828 pace
2092 3784 2095 3789 ν

451 3844 712 3912 perfecta,
760 3857 812 3900 et
859 3848 1156 3902 multorum
1208 3864 1477 3903 annorum
1533 3850 1792 3904 seandalo
1846 3852 2018 3919 gratia

450 3937 625 3991 sancti
672 3932 911 4007 Spiritus
961 3940 1283 4009 propulsata
1339 3940 1651 4033 (opur‘tebat
1705 3943 1849 3996 enim
1918 3943 2023 3997 ali-

449 4038 671 4105 quando
719 4040 951 4093 similem
1001 4041 1287 4112 caliginem
1334 4025 1579 4105 dissolvi,
1620 4051 1674 4096 et
1715 4025 2023 4099 concordia:

453 4128 638 4180 lumen
692 4126 1032 4192 illucescere,
1080 4142 1134 4183 et
1168 4146 1233 4184 ex
1287 4145 1633 4199 supervacuo
1678 4131 1841 4183 Deum
1877 4133 2022 4200 pacis

451 4219 749 4290 devincire)
784 4219 1119 4276 debebamus
1148 4236 1249 4277 nos
1272 4222 1437 4275 etiam
1469 4236 1566 4290 pro
1601 4222 1806 4277 viribus
1833 4237 2019 4291 pacem

450 4326 791 4379 [tt‘Otlt0\'ere,
840 4321 895 4365 et
930 4327 994 4365 ex
1044 4312 1221 4367 sacris
1273 4312 1597 4380 Scripturis,
1634 4323 1690 4367 ut
1741 4314 2022 4368 videbatur

450 4415 913 4473 perapportunum
948 4445 963 4468 ,
1020 4420 1140 4459 eam
1182 4405 1557 4470 constabilire,
1613 4422 1678 4460 ne
1716 4422 1783 4460 ex
1835 4416 2019 4460 ventre

2122 3205 2190 3259 ἂν
2217 3205 2278 3257 τὸ
2319 3204 2520 3274 ἀληθὲς
2573 3204 2673 3273 τὴν
2718 3206 3040 3276 παρρησίαν
3072 3205 3194 3276 ἔχῃ,
3229 3206 3324 3257 καὶ
3353 3204 3413 3256 τὸ
3444 3200 3691 3269 ἀσφαλὲς

2120 3296 2183 3350 τδ
2224 3296 2508 3350 είσέπειτα
2543 3297 2765 3360 πάντως
2805 3296 3073 3365 μεγίστην
3093 3337 3108 3360 ,
3141 3296 3237 3351 καὶ
3262 3295 3384 3350 οἷαν
3414 3294 3561 3358 εἰκὸς
3593 3294 3691 3347 ἐπὶ

2121 3387 2384 3450 τοιούτοις
2420 3388 2566 3456 ἡμᾶς
2594 3387 2915 3457 ικπονῆσαι,
2950 3385 3208 3440 καὶκατὰ
3232 3385 3295 3438 ea
3324 3385 3548 3439 δυνατὸν
3577 3385 3692 3439 δια-

2128 3479 2464 3548 πράξασθαι.
2502 3480 2692 3542 Ὅπως
2728 3480 2906 3533 τοίνυν
2967 3478 3199 3550 προέϐη,
3256 3479 3350 3532 καὶ
3394 3477 3514 3532 οταν
3562 3477 3689 3547 ἔσχε

2122 3574 2218 3644 τήν
2252 3574 2558 3644 καταρχὴν,
2577 3573 2739 3636 αὐτὸς
2769 3575 2797 3625 ό
2827 3571 2981 3640 λόγος
3016 3569 3219 3639 προῖὼν
3255 3570 3487 3642 δηλώσει
3516 3570 3686 3638 σαφέ-

2122 3684 2311 3720 στατα.

2196 3756 2262 3827 β’.
2304 3758 2445 3829 Ἤδη
2485 3757 2584 3828 μὲν
2620 3758 2720 3812 σὺν
2750 3757 2874 3829 Θεῷ
2905 3758 3006 3829 τῆς
3037 3755 3503 3826 ὲκκλησιαστικῆς
3542 3755 3695 3809 τελε-

2125 3847 2346 3918 σθείσης
2380 3849 2627 3920 εἰρήνης,
2663 3849 2759 3903 καὶ
2800 3848 2900 3902 τοῦ
2931 3847 3226 3913 πολυετοῦς
3261 3848 3559 3902 σκανδάλου
3592 3848 3691 3901 ὲκ-

2125 3938 2305 3993 ποδὼν
2322 3940 2608 4008 γεγονότος
2635 3943 2703 4012 τῇ
2724 3941 2819 3994 τοῦ
2844 3942 3159 4012 Πνεύματος
3191 3941 3393 4012 χάριτι,
3423 3939 3553 4011 (ἔδει
3579 3939 3693 4010 γάρ

2123 4044 2256 4081 ποτε
2287 4028 2386 4097 τὴν
2414 4028 2676 4099 τοιαύτην
2709 4028 3029 4099 διαλυθῆναι
3073 4029 3463 4099 σκοτόμαιναν,
3507 4029 3690 4082 καὶτὸ

2122 4122 2221 4188 τῆς
2246 4120 2497 4189 ὁμονοίας
2528 4118 2834 4189 ιπιλάμψαι
2864 4118 3002 4188 φῶς,
3033 4122 3126 4174 καὶ
3156 4118 3323 4190 πολλῇ
3364 4121 3434 4190 τῇ
3466 4134 3695 4187 περιου-

2127 4209 2219 4279 σίᾳ
2239 4210 2331 4263 τὸν
2358 4210 2458 4278 τῆς
2483 4211 2708 4280 εἰρήνης
2741 4212 2965 4282 νικῆσαι
2989 4209 3167 4279 Θεὸν),
3196 4205 3265 4281 ἦν
3292 4210 3393 4279 μὲν
3420 4210 3555 4279 ἡμῖν
3587 4225 3693 4261 κα-

2125 4302 2283 4355 θόσον
2315 4297 2427 4355 οἷόν
2450 4319 2511 4355 τε
2536 4301 2884 4372 συναίρεσθαι
2917 4306 2981 4373 τῇ
3013 4302 3227 4372 εἰρήνῃ,
3255 4301 3347 4354 καί
3368 4303 3431 4353 ὲκ
3458 4300 3696 4371 Γραφῶν

2126 4391 2323 4459 ἁγίων,
2355 4391 2538 4456 καθὼς
2564 4392 2657 4445 καὶ
2683 4387 2753 4463 ἦν
2778 4390 2947 4459 ἄξιον,
2979 4392 3147 4463 αὐτὴν
3178 4394 3459 4462 συνιστᾷνο
3496 4391 3584 4444 IV“
3618 4390 3696 4463 μὴ

448 4497 595 4566 loqui
646 4498 1119 4564 insimularemttr,
1180 4497 1275 4553 sed
1328 4513 1394 4552 ex
1452 4498 1770 4552 ﬂuminibus
1822 4513 1853 4552 a
1910 4497 2019 4552 Deo

2124 4484 2188 4535 ὲκ
2223 4481 2432 4547 κοιλίας
2461 4482 2713 4551 λέγοντες
2737 4483 3099 4553 ἐλεγχοίμεθα
3124 4523 3138 4549 ,
3180 4482 3298 4537 ἀλλ’
3332 4483 3395 4536 ὲκ
3429 4482 3701 4552 ποταμῶν

450 4590 677 4655 paratis,
724 4601 776 4643 ct
819 4589 1103 4643 ventribus
1135 4590 1253 4641 viva
1305 4605 1447 4659 aqua
1481 4590 1721 4659 repletis.
1765 4589 2015 4658 Quapro—

450 4691 567 4737 Dter
599 4697 742 4734 nunc
772 4682 914 4735 banc
959 4680 1126 4745 viam,
1172 4696 1318 4735 nunc
1357 4681 1527 4746 illam,
1577 4680 1712 4736 alias
1762 4680 1923 4735 aliam
1965 4689 2020 4736 et

447 4786 674 4841 prorsus
706 4770 994 4826 universas
1044 4771 1097 4824 in
1149 4771 1302 4826 auris
1338 4772 1696 4841 obsequentis
1745 4772 2016 4837 auditum,

451 4863 686 4934 singulis
733 4862 845 4918 fere
888 4864 1087 4919 diebus
1133 4864 1534 4934 dirigebamus,
1580 4863 1762 4918 divina
1814 4863 2020 4917 miseri-

447 4955 634 5009 cordia
684 4955 751 5008 ad
803 4955 916 5026 j:tm
963 4955 1259 5026 perlectam
1318 4972 1531 5024 pacem,
1600 4965 1653 5010 et
1707 4954 1832 5010 aliis
1876 4954 2016 5008 viam

445 5047 777 5116 aperientes.
830 5046 896 5101 Et
933 5049 1056 5104 licet
1098 5049 1241 5103 inter
1268 5063 1363 5103 eos
1408 5046 1477 5102 ob
1519 5047 1759 5114 aliquem
1814 5053 2017 5099 metum

445 5136 772 5192 laudabilem
798 5138 1119 5193 scandalum
1147 5137 1479 5207 irrepsisset,
1506 5135 1650 5190 facili
1678 5151 1775 5191 eos
1805 5137 2022 5205 negotio

446 5245 661 5298 semper
709 5231 1097 5300 ohsequiosos.
1132 5244 1234 5284 nec
1267 5229 1448 5290 nobis.
1503 5242 1600 5283 nec
1630 5227 1833 5282 nostris
1876 5227 2021 5282 relu-

446 5331 657 5377 ctantes
692 5323 1005 5377 habuimus.
1056 5321 1161 5376 Sed
1207 5337 1239 5376 0
1273 5322 1661 5386 invidentiam,
1712 5330 1767 5376 et
1802 5320 2023 5376 Satani-

448 5430 541 5467 cas
572 5415 889 5470 machinas!
925 5414 1181 5470 Nonnulli
1213 5430 1278 5469 ex
1326 5415 1531 5469 nostris
1562 5414 1853 5469 contrariae
1884 5411 2021 5482 parti

455 5504 675 5572 addicti,
709 5521 832 5560 cum
871 5520 976 5559 non
1005 5506 1271 5559 absonum
1304 5505 1358 5559 id
1393 5504 1500 5557 illis
1529 5504 1705 5557 visum
1736 5501 1948 5564 fuisset,
1975 5501 2023 5556 si

455 5595 641 5664 aliquo
700 5597 865 5650 modo
919 5598 1039 5668 paci
1088 5597 1534 5659 adversarentur,
1578 5609 1700 5649 sese
1749 5609 1780 5648 a
1833 5602 2022 5647 nostra

454 5681 696 5738 Ecclesia
746 5687 888 5741 inter
940 5703 999 5742 se
1046 5687 1464 5756 congredientes
1520 5684 1876 5752 avulserunt;
1927 5682 2020 5753 qui

455 5775 719 5829 continuo
746 5792 842 5846 pro
877 5793 1008 5847 pace
1052 5777 1228 5835 sacris
1262 5775 1561 5847 Scripturis
1601 5775 1801 5831 oblatis
1847 5790 2019 5844 angu-

2123 4573 2524 4645 θεοκροτήτων,
2573 4576 2670 4628 καὶ
2715 4574 2938 4629 κοιλιῶν
2985 4574 3190 4638 ζῶντος
3240 4575 3699 4645 πεπληρωμένων

2125 4666 2341 4730 ὓδατος.
2369 4666 2533 4721 Ὅθεν
2565 4669 2660 4720 καὶ
2692 4666 2786 4720 νῦν
2819 4668 2917 4736 μὲν
2952 4667 3181 4737 ταύτην,
3223 4666 3318 4719 νῦν
3361 4666 3419 4719 δὲ
3447 4666 3690 4735 ἐκείνην,

2120 4756 2301 4811 ἄλλοτ’
2335 4758 2524 4827 ἄλλην,
2577 4757 2673 4810 καὶ
2714 4757 3055 4824 ἁπαξαπλῶς
3102 4758 3347 4822 ἁπάσας,
3403 4760 3482 4820 εἰς
3517 4756 3697 4826 ἀκοὴν

2120 4846 2281 4900 ὠτίου
2319 4847 2619 4917 δεχόμενοι,
2653 4848 2998 4917 εὖοδούμενοι
3030 4847 3154 4903 καθ’
3182 4850 3421 4918 ἑκάστην
3449 4844 3592 4920 ἦμεν
3612 4847 3693 4916 τῷ

2118 4937 2215 4993 τοῦ
2243 4939 2377 4994 Θεοῦ
2418 4941 2553 5011 ἐλέῳ
2596 4941 2734 5012 πρὸς
2775 4941 2875 5011 τήν
2906 4940 3259 4994 τελεσθεῖσαν
3298 4942 3548 5010 εἰρήνην,
3592 4938 3693 4993 καὶ

2119 5031 2305 5095 ἄλλοις
2332 5031 2779 5095 ὑποδεικνύοντες
2798 5032 2902 5104 τὴν
2920 5030 3056 5085 ὀδόν.
3098 5030 3168 5084 Et
3198 5032 3253 5085 τί
3279 5049 3382 5085 που
3413 5032 3508 5084 καὶ
3527 5030 3695 5084 σκάνο

2120 5123 2277 5177 δαλον
2297 5119 2366 5196 ἦν
2399 5126 2457 5177 ὲν
2484 5125 2670 5188 αὐτοῖς
2693 5123 2784 5177 διά
2810 5141 2934 5178 τινα
2960 5124 3128 5194 φόϐον
3160 5124 3466 5188 ἐπαινετὸν,
3489 5122 3691 5193 ῥᾳδίως

2120 5215 2343 5284 εῖχομεν
2378 5213 2577 5277 αὐτοὺς
2610 5214 2884 5279 ἀπειθεῖς,
2914 5217 3009 5270 καὶ
3040 5215 3210 5285 μηδὲν
3257 5214 3510 5280 ἀντίξουν
3548 5213 3689 5284 πρὸς

2120 5306 2271 5375 ήμᾶς
2295 5305 2389 5357 καὶ
2417 5305 2487 5357 τὰ
2510 5304 2754 5375 ἡμέτερα
2785 5305 3076 5374 φέροντας.
3093 5304 3261 5370 Ἀλλ’,
3289 5302 3336 5356 ῶ
3366 5301 3460 5356 τοῦ
3491 5302 3688 5370 φθόνου

2120 5395 2350 5448 καὶτῶν
2382 5395 2691 5447 σατανικῶν
2725 5393 3019 5465 μηχανῶνί
3052 5393 3294 5464 ἔστησαν
3328 5394 3409 5457 είς
3436 5392 3690 5446 ἐναντίαν

2125 5489 2323 5558 μοῖραν
2352 5488 2446 5540 καὶ
2477 5485 2587 5540 τῶν
2612 5487 2901 5556 ἡμετέρων
2938 5487 3085 5550 τινὲς
3105 5525 3121 5552 ,
3152 5487 3248 5540 καὶ
3273 5486 3434 5553 δόξαν
3478 5485 3692 5548 τούτοις

2122 5578 2325 5645 άγαθόν
2362 5594 2416 5630 τι
2470 5579 2666 5641 ποιεῖν,
2716 5578 2889 5642 είπως
2936 5578 3329 5649 διαπολεμοῖεν
3392 5576 3532 5642 πρὸς
3590 5575 3690 5645 τὴν

2122 5672 2372 5742 εἰρήνην,
2390 5669 2616 5741 ἐσχισαν
2639 5671 2657 5721 ί
2670 5689 2703 5722 τι
2721 5669 2870 5733 inab;
2896 5670 2991 5740 τῆς
3015 5670 3295 5741 ήμετέρας
3336 5667 3688 5737 Ἐκκλησίας,

2124 5764 2219 5818 καὶ
2270 5763 2393 5815 καθ’
2445 5763 2672 5825 ἑαυτους
2726 5761 3074 5830 ἐγεγόνεισαν
3106 5778 3121 5794 ο
3171 5761 3222 5815 οἳ
3254 5763 3345 5816 καὶ
3386 5762 3505 5823 ταῖς
3545 5758 3689 5829 ὑπὲρ
