4054 6442
306 454 417 516 285

1489 454 1918 516 SENTENTIA
1959 451 2403 512 SYNODALIS.

3460 390 3565 510 ρει

305 563 414 633 τῆς
443 562 674 633 εἰρήνης
699 560 888 629 ἁγίαις
914 527 1161 633 Γραφαῖς
1188 560 1278 615 διὰ
1307 562 1510 627 παντὸς
1535 561 1889 633 καταγχόμε-

2006 562 2123 617 stati
2152 560 2423 616 debebant
2444 555 2664 629 quidem
2710 555 3006 626 aliquando
3041 555 3355 625 procedere.
3407 561 3576 625 depo.

304 672 417 722 νοι,
453 652 687 723 ἔμελλον
735 653 839 724 μέν
889 670 1022 707 ποτε
1075 650 1423 724 προσελθεῖν,
1465 655 1561 708 καὶ
1593 652 1897 707 ἀποθέσθαι

2005 665 2243 722 uereque
2302 650 2640 720 pervicacem
2721 646 3096 716 eﬂrenemque
3178 649 3465 711 animum,
3522 657 3577 699 et

307 747 418 816 μὲν
446 746 511 798 τὸ
542 743 921 813 πεισματικὺν
949 743 1046 797 καὶ
1079 744 1358 815 δυσήνιον,
1398 744 1689 815 ἀγαπῆσαι
1711 743 1767 797 δὲ
1797 744 1899 812 τὴν

2006 743 2286 798 nobiscum
2335 757 2442 794 una
2496 754 2690 809 pacem
2742 739 3023 807 amplecti,
3064 747 3118 794 et
3162 754 3288 794 cum
3350 739 3577 807 reliquis

310 837 442 909 μεθ’
475 836 638 910 ἡμῶν
662 837 917 907 εἰρήνην,
963 835 1060 890 καὶ
1083 838 1151 907 τῇ
1180 835 1480 909 ὁλοκληρίᾳ
1512 839 1615 907 τῆς
1668 835 1900 906 Ἐκκλη-

234 972 248 997 ,
307 930 441 993 σίας
488 928 940 999 συγκολληθῆναι
971 944 987 960 ο
1047 928 1076 982 δ
1131 928 1189 983 δὲ
1248 931 1344 983 καὶ
1395 930 1617 998 ἐγένετο
1647 927 1899 998 ὕστερον.

319 1017 490 1073 Ἀλλά
525 1017 652 1071 τότε
700 1017 826 1072 καθ’
859 1018 920 1071 ὃν
966 1018 1069 1087 μὲν
1124 1019 1319 1091 καιρὸν
1354 1021 1388 1092 ἡ
1416 1019 1626 1073 τούτων
1659 1018 1744 1072 ἔτι
1780 1037 1901 1072 πει-

316 1109 494 1180 σμονὴ
530 1108 720 1180 χώραν
763 1105 904 1180 εἶχε,
932 1110 1027 1164 καὶ
1058 1109 1190 1182 ’περὶ⁵
1225 1109 1475 1173 πλείονος
1502 1109 1605 1181 τῆς
1634 1108 1897 1174 ἀληθείας

310 1202 413 1271 τὴν
453 1200 593 1255 ἰδίαν
633 1199 848 1254 ἐτίθουν
902 1200 1217 1270 ἀρέσκειαν,
1279 1203 1335 1254 τί
1386 1201 1578 1272 ἕτερον
1634 1202 1731 1253 ἐπὶ
1778 1201 1901 1262 ταῖς

312 1288 601 1352 τοιαύταις
644 1291 888 1357 γραφαῖς
937 1282 1008 1358 ἦν
1060 1289 1245 1353 αὐτοῖς
1310 1274 1590 1359 εὔπορον;
1629 1289 1752 1342 Τῶν
1789 1289 1900 1358 γὰρ

312 1377 606 1447 ἰπηόόλων
638 1377 821 1446 λόγων
855 1377 952 1430 καὶ
984 1377 1244 1447 γνώσεως
1289 1380 1341 1432 οἱ
1374 1380 1569 1452 ἄνδρες
1620 1374 1784 1463 ἦσαν,
1835 1380 1899 1442 ἃς

320 1470 423 1541 μὲν
457 1470 659 1533 ἄλλως,
702 1471 801 1524 καὶ
836 1469 911 1531 ὡς
940 1471 1130 1533 αὐτοῖς
1167 1470 1435 1541 βουλητὸν
1482 1471 1896 1543 ἐπεξηγεῖσθαι,

318 1560 381 1623 ἃς
431 1562 492 1614 δὲ
542 1562 637 1615 καὶ
669 1561 863 1625 νόθους
902 1558 1048 1616 εἶναι
1095 1562 1553 1634 διισχυρίζεσθαι,
1587 1565 1707 1615 ἐστι
1751 1563 1799 1616 δ’
1836 1555 1898 1615 οὗ

321 1652 415 1705 καί
451 1668 605 1716 τινας
629 1653 915 1723 ὁμολογεῖν
952 1655 1051 1723 μὲν
1079 1655 1191 1707 τῶν
1223 1656 1484 1723 Πατέρων
1518 1649 1680 1717 εἶναι,
1744 1652 1904 1707 τοῦτο

330 1746 492 1811 μόνον
542 1743 713 1813 ὑγιῶς
767 1744 1051 1813 λέγοντας,
1102 1746 1404 1815 προφέρειν
1459 1744 1515 1798 δὲ
1573 1745 1898 1811 ἀπολογίαν,

333 1834 568 1905 φοϐερὰν
599 1832 747 1902 οἶμοι
781 1837 878 1888 καὶ
940 1836 1169 1903 ἀναξίαν
1203 1836 1343 1897 ὅλως
1422 1835 1526 1904 τῆς
1577 1836 1686 1888 τῶν
1729 1835 1899 1888 Πατέ-

330 1940 441 1991 ρων
494 1924 829 1993 προθέσεως,
889 1926 974 1979 ὃτι
1021 1926 1158 1996 πρὸς
1215 1925 1342 1989 τοὺς
1390 1927 1511 1978 τότε
1544 1927 1895 1996 κινουμένους

320 2013 514 2080 λόγους
578 2013 742 2085 παρὰ
788 2015 924 2067 τῶν»
954 2017 1342 2087 αίρετιζόντων
1396 2017 1712 2086 ποιούμενοι
1794 2020 1893 2079 τὰς

314 2104 559 2174 γραφὰς,
602 2105 752 2157 ἔστιν
780 2100 843 2158 οὗ
868 2106 964 2158 καὶ⁸
998 2106 1092 2160 τοῦ
1116 2107 1331 2171 εἰκότος
1361 2110 1410 2160 οἱ
1446 2108 1690 2175 Πατέρες
1718 2108 1897 2160 διέπι-

311 2212 453 2249 πτον
485 2212 505 2229 ο
545 2195 656 2249 τῶν
688 2195 837 2250 οὕτω
883 2199 1161 2265 λεγόντων
1202 2196 1279 2267 μὴ
1312 2198 1674 2269 συνορώντων
1724 2198 1800 2261 ὡς
1835 2200 1897 2251 οὐ

308 2287 449 2353 δόξα
479 2287 619 2350 ὅλως
645 2287 783 2340 Θεοῦ
813 2288 909 2341 καὶ
943 2292 1209 2352 σύστασις
1239 2289 1500 2361 ἀληθείας
1534 2290 1594 2342 rb
1618 2289 1709 2343 διὰ
1756 2291 1899 2360 ψευ-

306 2378 425 2431 δῶν
461 2394 627 2430 τινων
690 2378 1115 2449 συγκροτεῖσθαι
1158 2382 1256 2435 καὶ
1316 2380 1556 2446 ἀναξίων
1597 2380 1694 2436 τοῦ
1729 2382 1901 2436 Πνεῦ-

312 2484 520 2535 ματος.
578 2468 723 2520 Ἀλλ’
777 2470 918 2540 ὅπερ
963 2470 1251 2539 ἐλέγομεν,
1296 2471 1407 2525 ὅλοι
1444 2472 1506 2526 τό
1535 2489 1595 2524 τε
1627 2472 1729 2526 τοῦ
1766 2473 1899 2526 ἰδίου

307 2559 627 2629 θελήματος
657 2560 813 2623 ὄντες
846 2562 897 2613 oi
933 2562 1242 2633 εἰρημένοι,
1289 2563 1415 2615 καθ’
1451 2564 1666 2616 ἑαυτῶν
1721 2564 1904 2632 ἐσοφί-

306 2650 500 2713 ζοιιτο,
528 2652 627 2703 καὶ
658 2652 848 2705 ἄδειαν
876 2646 1023 2722 εἶχον
1053 2655 1262 2722 λόγων,
1300 2656 1386 2723 ἐφ’
1424 2652 1508 2720 οἷς
1553 2657 1754 2720 ἐνδεεῖς
1797 2674 1900 2710 κα-

308 2742 583 2794 θίσταντο
622 2742 718 2794 τοῦ
764 2743 1161 2815 συμφέροντος,
1232 2747 1403 2799 πολλὰ
1463 2747 1564 2815 μὲν
1635 2748 1727 2800 καὶ
1779 2747 1900 2801 διά-

304 2846 465 2901 φιιρα
497 2832 774 2900 λέγοντες,
811 2837 893 2897 είς
925 2833 985 2887 ἓν
1015 2835 1073 2889 δὲ
1108 2837 1205 2889 καὶ
1235 2836 1295 2889 rb
1327 2838 1462 2890 αὐτὸ
1494 2837 1898 2903 καταντῶντες,

312 2924 381 2975 τὸ
409 2924 715 2992 ἀντιλέγειν
743 2928 812 2996 τῇ
836 2927 1054 2997 εἰρηνῇ,
1078 2932 1176 2980 καὶ
1203 2928 1344 3000 πρὸς
1382 2929 1483 2998 τὴν
1516 2928 1625 2982 τῶν
1663 2929 1704 2981 Γ
1711 2930 1900 3000 ραφῶν

313 3014 590 3086 ἀλήθειαν
624 3016 1028 3088 διαμάχεσθαιί
1059 3019 1163 3073 ὅσα
1219 3021 1314 3072 καὶ
1359 3020 1642 3091 διαφόροις
1680 3022 1903 3091 τρόποις

312 3107 412 3160 τὸν
446 3108 652 3161 οἰκεῖον
686 3109 1209 3179 πραγματευόμενοι
1240 3109 1484 3181 δλεθρον.
1535 3112 1697 3165 Ἀλλὰ
1725 3113 1903 3166 ταῦτα

2002 832 2263 888 Ecclesiae
2293 831 2542 901 partibus
2594 831 3000 901 conglutinari;
3037 830 3184 900 quod
3237 830 3456 885 tandem
3495 829 3577 882 fa-

2001 934 2149 979 ctum
2211 934 2314 979 est.
2386 923 2774 980 Verumtamen
2837 937 2959 977 cum
3019 937 3211 977 eorum
3274 922 3576 992 pertinacia

2001 1016 2384 1076 invalesceret,
2423 1015 2638 1084 ipsique
2674 1015 2892 1084 pr0pria
2944 1014 3146 1083 placita
3193 1014 3406 1068 veritati
3440 1028 3577 1082 prac-

2002 1116 2285 1179 ponerent,
2318 1108 2450 1179 quid
2488 1106 2636 1160 aliud
2688 1106 2742 1160 in
2789 1105 3001 1161 similes
3046 1107 3348 1175 scripturas
3388 1107 3575 1159 ausuri

2001 1208 2180 1264 erant,
2236 1215 2399 1269 quam
2457 1199 2602 1268 quod
2654 1200 2788 1268 ipsis
2833 1197 3054 1253 oﬂ‘erret
3107 1198 3360 1252 occasio?
3409 1197 3578 1250 Erant

2001 1293 2271 1363 siquidem
2310 1291 2412 1346 viri
2460 1292 2534 1346 illi
2568 1299 2622 1345 et
2663 1304 2919 1345 sermone
2962 1298 3017 1344 et
3055 1289 3369 1358 cegnitione
3392 1304 3573 1342 versa-

2002 1383 2144 1445 tiles,
2205 1382 2308 1438 bas
2366 1381 2587 1450 quidem
2641 1382 2695 1434 in
2749 1380 2916 1433 alium
2960 1393 3207 1441 sensum,
3255 1388 3310 1433 et
3362 1388 3420 1433 ut
3473 1379 3579 1433 illis

2002 1473 2270 1543 placebat,
2308 1486 2546 1543 raptare,
2580 1473 2679 1528 has
2710 1489 2839 1528 vero
2873 1485 3129 1542 tanquam
3177 1472 3396 1540 spurias
3447 1486 3582 1527 con—

2004 1567 2284 1620 tendentes
2330 1565 2577 1630 rejieere,
2621 1565 2915 1632 aliquando
2959 1565 3120 1618 etiam
3177 1563 3446 1630 quasdam
3505 1576 3571 1615 ex

2012 1658 2119 1712 illis
2151 1659 2397 1710 conﬁteri
2430 1656 2650 1710 Patrum
2696 1672 2842 1721 esse,
2875 1659 2978 1710 hoe
3009 1655 3388 1710 tantummodo
3424 1664 3576 1708 recte

2003 1748 2269 1808 dicentes,
2318 1745 2516 1800 aﬂ'erre
2562 1756 2742 1801 autem
2795 1760 3121 1813 responsum
3181 1744 3447 1809 terribile,
3501 1759 3584 1798 vae

2007 1840 2138 1893 mibi
2185 1839 2409 1904 misero,
2448 1847 2502 1892 et
2545 1853 2774 1907 prorsus
2810 1838 3090 1907 indignum
3126 1837 3345 1891 Patrum
3381 1850 3585 1904 propo-
3672 1902 3675 1909 ⁴

2002 1933 2134 1997 sito,
2174 1930 2319 2000 quod
2358 1931 2412 1983 in
2440 1931 2797 1999 qurestiones,
2839 1944 2904 1983 eo
2940 1927 3038 1982 aevi
3072 1938 3251 1982 motas
3282 1943 3311 1981 a
3346 1936 3584 1981 sectato-

2003 2025 2157 2077 ribus
2206 2023 2603 2076 commentaria
2656 2022 2901 2084 edentes,
2941 2020 3111 2075 fuisse
3165 2034 3288 2072 eum
3326 2035 3394 2072 ex
3425 2033 3583 2087 aequo

2000 2116 2189 2170 Patres
2218 2114 2569 2169 decederent.
2596 2114 2676 2167 An
2714 2113 2792 2177 lii,
2825 2115 2919 2181 qui
2952 2112 3081 2166 talia
3113 2110 3440 2181 loquuntur,
3470 2125 3580 2164 non

2004 2207 2337 2277 intelligunt,
2361 2205 2566 2260 nullam
2597 2204 2822 2258 omnino
2853 2204 2948 2258 Dei
2974 2201 3227 2272 gloriam,
3263 2201 3580 2270 nullamque

2000 2301 2199 2354 divitum
2258 2298 2337 2352 rei
2389 2297 2840 2352 constitutionem
2894 2309 3036 2361 esse,
3086 2309 3205 2363 qua:
3241 2308 3269 2346 a
3326 2291 3480 2347 falsis
3529 2302 3584 2346 et

2002 2391 2214 2460 Spiritu
2262 2385 2935 2461 indignispromovetur?
2979 2385 3085 2439 Sed
3119 2383 3264 2453 quod
3293 2382 3404 2452 jam
3437 2382 3585 2436 diee-

2000 2483 2218 2547 liamus,
2267 2493 2461 2533 omnes
2513 2487 2626 2530 tum
2679 2477 2884 2545 proprii
2938 2475 3147 2530 arbitrii
3198 2473 3350 2538 facti,
3396 2482 3582 2526 contra

2001 2572 2330 2638 semetipsos
2368 2568 2615 2638 captiose
2659 2567 2927 2637 agebant,
2953 2565 3428 2631 abutebanturque
3464 2561 3579 2615 otio

2000 2659 2219 2715 dicendi
2274 2674 2362 2716 ea.
2415 2674 2480 2712 ex
2538 2657 2739 2725 quibus
2784 2655 2992 2708 nullum
3046 2653 3181 2724 ipsis
3232 2654 3582 2706 commodum

2001 2751 2323 2815 emanabat;
2386 2749 2555 2803 multa
2591 2749 2808 2818 quidem
2845 2762 2909 2802 ac
2942 2747 3090 2800 varia
3145 2746 3199 2799 in
3233 2744 3470 2798 medium
3503 2742 3587 2796 af-

2004 2843 2266 2907 ferentes,
2322 2842 2374 2895 in
2430 2856 2600 2895 unttm
2634 2853 2764 2894 vero
2820 2853 2884 2892 ac
2928 2838 3070 2892 idem
3123 2836 3485 2900 collimantes,
3529 2842 3589 2886 ut

2002 2934 2120 3007 paci
2151 2934 2615 2995 conti-adicerent,
2664 2941 2717 2985 et
2763 2929 3176 3000 Scripturarum
3226 2927 3441 2982 veritati
3492 2927 3588 2979 ad-

2005 3036 2381 3089 versarentur,
2412 3025 2579 3079 variis
2629 3023 2926 3091 multisque
2961 3022 3140 3076 modis
3172 3019 3448 3091 propriam
3482 3017 3588 3073 sibi

2004 3130 2369 3190 procurantes
2410 3115 2646 3171 ruinam.
2688 3113 2793 3169 Sed
2826 3115 2938 3167 bwc
2968 3113 3151 3166 omnia
3186 3119 3345 3165 erant
3368 3109 3587 3179 quidem

318 3199 505 3252 πάντα
542 3194 685 3270 ἦσαν
718 3202 854 3269 ἡμῖν
883 3238 898 3264 ,
936 3203 1103 3255 ταυτὸ
1140 3202 1198 3256 δὲ
1233 3202 1413 3256 εἰπεῖν
1444 3204 1538 3257 καὶ
1569 3207 1635 3276 τῇ
1667 3204 1899 3276 ἀληθεία

2006 3211 2162 3267 nobis
2199 3211 2353 3280 ipsis,
2391 3208 2536 3277 quod
2587 3206 2727 3260 idem
2751 3215 2833 3260 est
2858 3205 3064 3268 dicere,
3117 3212 3172 3257 et
3200 3202 3410 3258 veritati
3445 3201 3590 3255 ‘toie-

314 3294 550 3356 ἀνεκτὰ,
580 3291 692 3343 τῶν
743 3292 782 3343 Γ
788 3292 981 3362 ραῳῶν
1034 3293 1388 3362 σωζομένων,
1433 3294 1616 3361 λέγειν
1659 3296 1902 3358 ἐκείνους

314 3384 422 3452 τὴν
453 3383 818 3454 ἐπεξήγησιν,
841 3383 964 3436 οἵαν
987 3383 1297 3436 ὲόούλοντο.
1328 3384 1402 3437 Tb
1443 3384 1498 3437 δὲ
1529 3385 1621 3439 καὶ
1644 3388 1724 3448 εἰς
1752 3385 1902 3455 σίδη-

321 3493 420 3546 ρον
457 3475 699 3539 ἀπιδεῖν,
731 3476 825 3529 καὶ
846 3477 950 3547 τὴν
977 3475 1198 3548 γραφὴν
1225 3476 1512 3543 ἀποξὺειν,
1553 3476 1670 3529 ἐστι
1715 3477 1813 3547 μὲν
1840 3480 1905 3530 ἐκ

318 3566 621 3636 προχείρου
668 3567 1012 3635 κατανοῆσαι
1062 3567 1325 3636 γενέσθαι
1384 3567 1473 3620 διὰ
1509 3567 1689 3639 ψυχῆς
1734 3567 1905 3637 μόνης

316 3657 528 3725 δρεξιν,
581 3656 661 3726 τῷ
703 3657 759 3709 δέ
795 3674 858 3724 γε
916 3658 1200 3727 ὲπηὸόλως
1245 3657 1606 3712 κατανοοῦντι
1651 3657 1904 3711 ἐντεῦθεν

319 3747 808 3819 δωγνωσθήσεται
841 3748 934 3831 καὶ
979 3747 1077 3814 ὡς,
1104 3749 1230 3801 ἐπεὶ
1276 3747 1525 3817 μηδόλως
1570 3750 1621 3801 οἱ
1668 3746 1905 3801 τοιοῦτοι

317 3841 613 3893 ἀντειπεῖν
641 3841 779 3910 πρὸς
807 3832 955 3893 οὕτω
982 3842 1224 3911 φανερὰν
1253 3837 1730 3912 ἀλήθειανεῐχον,
1761 3842 1906 3894 ἁπα-

313 3932 531 3998 λείερειν
576 3932 783 4002 ταύτην
838 3935 1164 3999 διέγνωσαν.
1204 3924 1327 3998 ’Τίς
1373 3933 1431 3987 δὲ
1477 3936 1506 3987 ὁ
1534 3936 1766 4006 τρόπος,
1812 3936 1908 3986 καὶ

318 4025 479 4096 παρὰ
502 4024 672 4090 τίνος,
705 4028 798 4077 καὶ
828 4027 997 4093 ὅπως,
1025 4028 1052 4080 ὁ
1079 4025 1239 4094 λόγος
1266 4027 1369 4097 ἤδη
1399 4028 1535 4098 ἐρεῖ.

399 4212 469 4282 γ’.
507 4214 728 4284 Προσῆν
776 4215 865 4284 ἐφ’
912 4214 1126 4286 ἑτέροις
1190 4215 1396 4286 βίϐλοις
1421 4214 1500 4284 τῷ
1531 4213 1623 4267 τοῦ
1668 4214 1908 4284 μεγάλου

317 4306 618 4377 α’κονόμου
668 4308 881 4361 ἐκείνου
917 4308 1013 4361 τοῦ
1053 4308 1335 4376 Ξιφιλίνου
1377 4308 1636 4378 γαμϐρῷ,
1686 4303 1748 4363 οὗ
1777 4309 1904 4360 Πεν-

316 4400 704 4471 τεκλησιὼτης
735 4399 797 4453 τὸ
833 4400 1100 4472 ἐπίκλην,
1130 4400 1190 4463 δς
1240 4402 1332 4454 καὶ
1369 4401 1533 4464 αὐτὸς
1575 4401 1799 4469 σύναμα
1832 4399 1909 4468 τῷ

322 4491 680 4561 συγγάμϐρῳ
734 4490 903 4547 αὐτοῦ
943 4490 1021 4561 τῷ
1051 4491 1152 4561 τῆς
1189 4490 1317 4545 καθ’
1371 4491 1521 4561 ἡμᾶς
1573 4489 1909 4556 Ἐκκλησίας

321 4581 769 4654 ῥιιφερενόαρίῳ
798 4581 877 4652 τῷ
941 4581 1493 4667 Ἐσκαμματισμένῳ
1523 4581 1622 4650 τῆς
1654 4578 1906 4643 ἐναντίας
1940 4566 1995 4667 D‘

2015 4673 2132 4741 ipsa
2181 4670 2507 4740 antiquitate
2539 4667 2862 4737 dignitatem
2912 4663 3144 4726 habens,
3192 4661 3246 4715 in
3294 4674 3406 4730 quo
3441 4660 3591 4712 varia

321 4674 532 4744 μοίρας
562 4675 685 4726 τότε
713 4664 1159 4739 καθίστατοίκαὶ
1187 4672 1373 4745 βίϐλος
1424 4672 1628 4742 πολλὴν
1678 4671 1777 4742 τὴν
1810 4687 1904 4724 σε-

323 4768 575 4841 μνότητα
601 4768 666 4820 ἐκ
689 4768 791 4836 τῆς
838 4765 1201 4836 ἀρχαιότητος
1234 4764 1432 4836 ἔχουσα
1465 4766 1522 4818 ὲν
1617 4765 1907 4835 πονήματα

292 4858 473 4934 ’ἦσαν
507 4861 744 4931 διάφορα
790 4858 1132 4929 Θεοκρὸτητα
1160 4859 1258 4910 τοῦ
1293 4857 1400 4911 τῶν
1447 4858 1751 4911 Νυσσαέων
1800 4872 1907 4926 φω-

324 4953 553 5022 στῆρος,
574 4950 885 5023 Γρηγορίου
920 4944 1127 5020 δηλαδὴ
1151 4948 1247 5003 τοῦ
1282 4948 1523 5019 μεγάλου
1561 4949 1658 5003 καὶ
1694 4948 1910 5018 θαυμα-

322 5045 448 5100 σίου
480 5045 715 5116 Πατρός.
751 5038 848 5106 Ei;
879 5042 972 5096 οὖν
999 5043 1124 5095 ’τῶν
1161 5043 1343 5095 ἐκεῖσε
1380 5041 1557 5109 λόγων
1588 5036 1659 5109 ἦν
1689 5041 1785 5094 καὶ
1823 5041 1907 5101 εὶς

324 5140 413 5202 rb,
446 5137 638 5205 Πάτερ
663 5135 856 5204 ἡμῶν,
884 5134 1092 5205 ὁμιλία,
1120 5127 1189 5205 ἧς
1219 5135 1252 5204 ή
1302 5133 1470 5203 ἀρχὴ,
1504 5151 1522 5184 ι
1565 5133 1695 5185 Ὅτε
1736 5147 1908 5201 προσ-

321 5232 467 5300 ἦγεν
496 5232 523 5281 ὁ
575 5229 752 5298 μέγας
791 5227 999 5295 Μωσῆς
1022 5228 1088 5297 τῇ
1118 5225 1262 5278 κατὰ
1293 5226 1351 5277 rb
1384 5225 1511 5294 δρος
1548 5220 1908 5293 μυσταγωγίᾳ

320 5322 422 5375 τὸν
492 5319 840 5391 Ἰσραηλίτην
899 5317 1029 5370 λαόν
1060 5333 1074 5349 °
1123 5336 1143 5369 ι
1200 5316 1323 5370 καθ’
1381 5316 1440 5369 ὃν
1497 5316 1779 5385 γενομένῳ
1829 5313 1908 5382 τῷ

319 5414 519 5485 τοιῷδε
550 5411 728 5483 [largi
754 5411 883 5481 περὶ
918 5410 1113 5465 κοινῶν
1142 5413 1237 5463 καὶ
1267 5409 1415 5462 ἰδίων
1448 5407 1555 5461 τῶν
1580 5407 1682 5477 τῆς
1709 5407 1907 5476 Θεότηα

322 5526 422 5571 τος
450 5506 810 5560 ὑποστάσεων
841 5503 1166 5574 θεολογῆσκί
1191 5520 1251 5556 τε
1282 5503 1378 5555 καὶ
1405 5499 1639 5567 διδάξαι,
1673 5499 1907 5570 ἐπῆλθεν

318 5600 535 5654 εἰπεῖν’
572 5620 591 5647 ι
627 5597 701 5650 Tb
727 5596 785 5649 δὲ
814 5595 1038 5666 Πνεῦμα
1065 5596 1124 5649 rb
1152 5594 1309 5665 ἅγιον
1336 5594 1431 5647 καὶ
1472 5593 1538 5645 ἐκ
1568 5591 1661 5644 τοῦ
1694 5591 1905 5663 Πατρὸς

328 5694 580 5759 λέγεται.
614 5692 711 5744 καὶ
741 5692 808 5743 ἐκ
834 5689 928 5743 τοῦ
958 5689 1090 5744 Υίοῦ
1129 5686 1272 5743 εἷναι
1300 5687 1834 5757 προσμαρτυρεῖτειι.
1884 5694 1911 5737 ρ’

326 5787 406 5838 Tb
429 5784 631 5838 τοιόνδε
665 5784 762 5836 οὖν
792 5782 1054 5852 τεμάχιον
1090 5781 1182 5840 τοῦ
1220 5779 1409 5851 ῥητοῦ,
1441 5782 1536 5832 καὶ
1573 5777 1672 5846 τὴν
1726 5774 1907 5828 ὲντεῦ-

324 5881 418 5931 υιν
455 5877 535 5939 εἰς
579 5875 681 5944 τὴν
724 5874 953 5944 εἰρήνην
998 5875 1392 5944 συγκρότησιν,
1448 5870 1762 5926 συνετέλεσε
1800 5867 1900 5941 μὲν

2007 3302 2226 3367 rabilia,
2283 3300 2351 3366 si,
2405 3299 2572 3355 salvis
2629 3296 2955 3367 Scripturis,
2995 3308 3219 3364 pratam
3269 3292 3374 3363 ipsi
3424 3306 3583 3367 suam

2006 3391 2539 3462 interpretationem,
2573 3401 2918 3458 qumcunque
2949 3384 3040 3439 illa
3071 3383 3230 3447 l‘oret,
3265 3382 3587 3451 adjicerent.

2004 3487 2074 3539 At
2105 3483 2250 3538 enim
2286 3482 2339 3535 in
2367 3479 2572 3535 ferrum
2611 3477 2855 3533 animum
2895 3475 3201 3539 intendere,
3251 3473 3589 3540 eradereque

2006 3574 2292 3643 scriptum,
2327 3571 2487 3625 facile
2535 3571 2811 3640 quispiam
2852 3568 3169 3631 adverterit,
3221 3581 3319 3635 pro
3362 3563 3589 3618 libidine

2009 3663 2410 3729 tantummodo,
2444 3671 2499 3717 et
2529 3661 2776 3715 aﬂectata
2819 3659 3120 3728 cupiditate
3155 3666 3339 3712 artum
3371 3654 3539 3710 fuisse
3570 3672 3584 3708 :

2008 3767 2064 3811 at
2118 3757 2184 3821 is,
2215 3756 2309 3825 qui
2343 3753 2645 3824 prudenter
2687 3769 2774 3806 res
2814 3753 3119 3815 examinat,
3169 3750 3297 3803 ltiue
3341 3748 3587 3814 colliget,

2009 3846 2213 3903 similis
2255 3844 2423 3899 sortis
2460 3842 2713 3897 homines
2758 3857 2884 3896 cum
2935 3840 3141 3911 patenti
3192 3839 3326 3892 adeo
3364 3836 3582 3890 veritati

2009 3938 2286 3993 adversari
2320 3951 2430 3990 nou
2470 3944 2716 4005 possent,
2767 3949 2886 3988 eam
2923 3949 2954 3987 e
3002 3931 3182 3985 medio
3228 3930 3415 3984 tollere
3462 3929 3586 3981 ani-

2010 4046 2156 4084 nium
2218 4028 2521 4082 induxisse.
2570 4025 2813 4090 Modum,
2859 4037 3162 4088 auctorem,
3210 4021 3595 4088 rationemque

2010 4124 2184 4194 ipSam
2222 4122 2337 4176 ltrec
2365 4130 2550 4175 nostra
2584 4119 2763 4174 oratio
2802 4124 3185 4186 prosequetur.

2082 4214 2138 4268 5.
2184 4209 2378 4264 Habuit
2408 4210 2557 4264 inter
2597 4208 2736 4263 alios
2782 4207 2955 4261 libros
2986 4218 3217 4271 magnus
3266 4214 3591 4257 (acerrumus

2013 4302 2323 4374 Xipbilinus
2377 4317 2408 4356 a
2465 4315 2567 4354 suo
2626 4312 2828 4361 genero
2883 4303 3252 4364 cognomento
3308 4289 3594 4346 Pentccle-

2011 4397 2176 4460 sima,
2209 4394 2301 4463 qui
2341 4393 2509 4447 simul
2552 4405 2677 4444 cum
2723 4388 2912 4442 uxoris
2961 4400 3077 4440 suae
3126 4382 3336 4439 sororis
3369 4382 3588 4442 marito,

2013 4493 2217 4541 nostra;
2286 4481 2547 4538 Ecclesiae
2607 4476 3003 4543 rel'erendario,
3060 4472 3592 4530 Escatnmatismene

2015 4588 2349 4647 nuncupato,
2386 4577 2644 4630 adversas
2675 4581 2857 4643 partes
2887 4571 3165 4636 tuebatur,
3205 4567 3484 4631 volumen,
3526 4581 3591 4619 ex

2014 4760 2408 4819 commentaria
2429 4758 2694 4815 divinitus
2717 4756 2981 4827 inspirata
3005 4752 3433 4818 continebantur
3456 4749 3590 4822 Nys-

2014 4852 2288 4905 saensium
2345 4847 2569 4901 luminis
2611 4844 2905 4915 Gregorii,
2967 4846 3151 4913 magni
3208 4837 3359 4897 illius
3421 4852 3589 4910 atque

2014 4937 2360 4999 admirabilis
2404 4936 2609 4990 Patris.
2662 4933 2809 4988 Inter
2861 4947 2957 4988 eas
3003 4931 3282 4987 orationes
3314 4931 3593 5001 legebatur

2015 5039 2070 5083 et
2097 5028 2208 5094 illa,
2246 5028 2300 5081 in
2324 5027 2493 5082 Pater
2519 5037 2718 5089 noster,
2745 5024 3000 5090 llomilia,
3033 5023 3193 5095 cujus
3221 5022 3544 5093 principium
3570 5038 3587 5076 :

2022 5141 2040 5172 ι
2080 5120 2216 5175 Cum
2283 5119 2581 5175 adduceret
2649 5134 2883 5189 magnus
2941 5117 3158 5189 Moyses
3213 5116 3586 5186 mvstagOgia,

2015 5229 2178 5283 quam
2226 5213 2282 5268 in
2326 5222 2511 5268 monte
2547 5222 2859 5282 acceperat,
2890 5213 3151 5282 populum
3198 5207 3521 5264 lsraelitem.
3560 5223 3580 5255 ι

2017 5305 2075 5359 1η
2107 5321 2169 5360 ea
2201 5320 2327 5360 cum
2373 5304 2441 5358 de
2484 5304 2871 5360 communibus
2899 5314 2954 5358 et
3000 5301 3241 5374 propriis
3279 5300 3588 5355 divinarum

2018 5400 2384 5470 hypostaseon
2446 5405 2726 5464 tractare,
2799 5395 3140 5464 edocereque
3208 5390 3636 5459 contingeret,'

2015 5491 2326 5556 subintulit,
2382 5509 2401 5543 ι
2443 5491 2686 5558 Spiritus
2742 5504 2874 5545 vero
2919 5496 3146 5544 sanctus
3202 5493 3258 5540 et
3307 5498 3376 5538 ex
3428 5478 3592 5535 Patre

1950 5594 1955 5597 '
2015 5586 2237 5649 dicitur,
2288 5592 2343 5638 et
2392 5599 2459 5636 ex
2504 5581 2642 5637 Filio
2670 5596 2795 5637 esse
2844 5579 3169 5635 aﬂirmatur.
3210 5595 3231 5629 ι
3270 5574 3418 5630 Hanc
3465 5590 3590 5630 sen-

2016 5680 2196 5734 tentia:
2250 5677 2602 5747 particulam,
2649 5676 2883 5744 indeque
2927 5678 3243 5740 comparata
3297 5683 3396 5737 pro
3458 5682 3592 5738 pace

2016 5770 2282 5835 subsidia,
2334 5769 2389 5822 in
2443 5766 2792 5822 commodum
2841 5764 3119 5835 publicum
3181 5760 3361 5816 attulit
3415 5760 3589 5816 beata:

2018 5862 2292 5920 memoria:
2322 5861 2409 5916 ille
2437 5875 2663 5930 magnus
2696 5872 3018 5915 ωροηοηιιιε
3047 5852 3385 5926 Xipbiliuus,
3423 5854 3582 5907 volu-
