  <div class='ocr_page' id='page_1' title='image "/cluster/home/n/w/nwhite01/storage/ocr_20150623/141/coo.31924054870468/147.png"; bbox 0 0 4054 6428; ppageno 0'>
   <div class='ocr_carea' id='block_1_1' title="bbox 482 387 591 448">
    <p class='ocr_par' dir='ltr' id='par_1_1' title="bbox 482 387 591 448">
     <span class='ocr_line' id='line_1_1' title="bbox 482 387 591 448; baseline 0 -1"><span class='ocrx_word' id='word_1_1' title='bbox 482 387 591 448; x_wconf 61' lang='lat'><strong>3-97</strong></span> 
     </span>
    </p>
   </div>
   <div class='ocr_carea' id='block_1_2' title="bbox 1516 383 2699 447">
    <p class='ocr_par' dir='ltr' id='par_1_2' title="bbox 1516 383 2699 447">
     <span class='ocr_line' id='line_1_2' title="bbox 1516 383 2699 447; baseline 0.001 -1"><span class='ocrx_word' id='word_1_2' title='bbox 1516 386 1723 446; x_wconf 63' lang='lat' dir='ltr'>JOAN.</span> <span class='ocrx_word' id='word_1_3' title='bbox 1769 385 1983 442; x_wconf 74' lang='lat' dir='ltr'><strong>VECC!</strong></span> <span class='ocrx_word' id='word_1_4' title='bbox 2032 383 2141 442; x_wconf 79' lang='lat' dir='ltr'><strong>Cl’.</strong></span> <span class='ocrx_word' id='word_1_5' title='bbox 2187 383 2699 447; x_wconf 61' lang='lat' dir='ltr'><strong>PATBIARCH‘E</strong></span> 
     </span>
    </p>
   </div>
   <div class='ocr_carea' id='block_1_3' title="bbox 3648 383 3759 445">
    <p class='ocr_par' dir='ltr' id='par_1_3' title="bbox 3648 383 3759 445">
     <span class='ocr_line' id='line_1_3' title="bbox 3648 383 3759 445; baseline -0.009 0"><span class='ocrx_word' id='word_1_6' title='bbox 3648 383 3759 445; x_wconf 68' lang='lat'><strong>983</strong></span> 
     </span>
    </p>
   </div>
   <div class='ocr_carea' id='block_1_4' title="bbox 489 501 2080 575">
    <p class='ocr_par' dir='ltr' id='par_1_4' title="bbox 489 503 2062 574">
     <span class='ocr_line' id='line_1_4' title="bbox 489 503 2062 574; baseline -0.003 -16"><span class='ocrx_word' id='word_1_7' title='bbox 489 523 612 558; x_wconf 71' lang='lat' dir='ltr'><strong>tmen</strong></span> <span class='ocrx_word' id='word_1_8' title='bbox 655 505 785 557; x_wconf 76' lang='lat' dir='ltr'><strong>illud</strong></span> <span class='ocrx_word' id='word_1_9' title='bbox 837 519 1186 574; x_wconf 82' lang='lat' dir='ltr'><strong>percurrens,</strong></span> <span class='ocrx_word' id='word_1_10' title='bbox 1226 513 1280 557; x_wconf 91' lang='lat' dir='ltr'><strong>et</strong></span> <span class='ocrx_word' id='word_1_11' title='bbox 1331 503 1396 556; x_wconf 91' lang='lat' dir='ltr'><strong>a.l</strong></span> <span class='ocrx_word' id='word_1_12' title='bbox 1452 503 1598 556; x_wconf 83' lang='lat' dir='ltr'><strong>hunc</strong></span> <span class='ocrx_word' id='word_1_13' title='bbox 1673 517 1832 556; x_wconf 83' lang='lat' dir='ltr'><strong>ecum</strong></span> <span class='ocrx_word' id='word_1_14' title='bbox 1870 515 2062 570; x_wconf 88' lang='lat' dir='ltr'><strong>perve-</strong></span> 
     </span>
    </p>
   </div>
   <div class='ocr_carea' id='block_1_5' title="bbox 2184 501 3755 575">
    <p class='ocr_par' dir='ltr' id='par_1_5' title="bbox 2184 501 3755 575">
     <span class='ocr_line' id='line_1_5' title="bbox 2184 501 3755 575; baseline 0.01 -23"><span class='ocrx_word' id='word_1_15' title='bbox 2184 501 2247 567; x_wconf 75' lang='grc' dir='ltr'>ιῷ</span> <span class='ocrx_word' id='word_1_16' title='bbox 2282 501 2449 570; x_wconf 82' lang='grc' dir='ltr'>κοινῷ</span> <span class='ocrx_word' id='word_1_17' title='bbox 2497 505 2524 556; x_wconf 87' lang='grc' dir='ltr'>ὁ</span> <span class='ocrx_word' id='word_1_18' title='bbox 2569 503 2670 572; x_wconf 80' lang='grc' dir='ltr'>τῆς</span> <span class='ocrx_word' id='word_1_19' title='bbox 2724 503 3006 574; x_wconf 73' lang='grc' dir='ltr'><strong>μακαρίας</strong></span> <span class='ocrx_word' id='word_1_20' title='bbox 3043 507 3262 575; x_wconf 61' lang='grc' dir='ltr'>μνήμης</span> <span class='ocrx_word' id='word_1_21' title='bbox 3306 506 3518 566; x_wconf 69' lang='grc' dir='ltr'>ἐκεῖνος</span> <span class='ocrx_word' id='word_1_22' title='bbox 3575 506 3755 572; x_wconf 70' lang='grc' dir='ltr'>μέγας</span> 
     </span>
    </p>
   </div>
   <div class='ocr_carea' id='block_1_6' title="bbox 491 595 2069 665">
    <p class='ocr_par' dir='ltr' id='par_1_6' title="bbox 491 595 2069 665">
     <span class='ocr_line' id='line_1_6' title="bbox 491 595 2069 665; baseline -0.003 -15"><span class='ocrx_word' id='word_1_23' title='bbox 491 598 678 659; x_wconf 71' lang='lat' dir='ltr'><strong>triens,</strong></span> <span class='ocrx_word' id='word_1_24' title='bbox 709 595 1074 665; x_wconf 77' lang='lat' dir='ltr'><strong>volumenque</strong></span> <span class='ocrx_word' id='word_1_25' title='bbox 1116 595 1222 648; x_wconf 85' lang='lat' dir='ltr'><strong>sibi</strong></span> <span class='ocrx_word' id='word_1_26' title='bbox 1265 596 1332 648; x_wconf 84' lang='lat' dir='ltr'><strong>ad</strong></span> <span class='ocrx_word' id='word_1_27' title='bbox 1381 595 1670 664; x_wconf 73' lang='lat' dir='ltr'><strong>legendum</strong></span> <span class='ocrx_word' id='word_1_28' title='bbox 1714 607 2069 661; x_wconf 78' lang='lat' dir='ltr'><strong>comparasse</strong></span> 
     </span>
    </p>
   </div>
   <div class='ocr_carea' id='block_1_7' title="bbox 491 683 2068 752">
    <p class='ocr_par' dir='ltr' id='par_1_7' title="bbox 491 683 2068 752">
     <span class='ocr_line' id='line_1_7' title="bbox 491 683 2068 752; baseline -0.004 -8"><span class='ocrx_word' id='word_1_29' title='bbox 491 705 557 744; x_wconf 72' lang='lat' dir='ltr'><strong>ex</strong></span> <span class='ocrx_word' id='word_1_30' title='bbox 606 688 1003 743; x_wconf 76' lang='lat' dir='ltr'><strong>Penteclesiota</strong></span> <span class='ocrx_word' id='word_1_31' title='bbox 1051 686 1232 741; x_wconf 82' lang='lat' dir='ltr'><strong>fassus</strong></span> <span class='ocrx_word' id='word_1_32' title='bbox 1287 695 1390 741; x_wconf 88' lang='lat' dir='ltr'><strong>est.</strong></span> <span class='ocrx_word' id='word_1_33' title='bbox 1451 683 1724 742; x_wconf 86' lang='lat' dir='ltr'><strong>Omnibus</strong></span> <span class='ocrx_word' id='word_1_34' title='bbox 1767 683 1820 737; x_wconf 98' lang='lat' dir='ltr'><strong>id</strong></span> <span class='ocrx_word' id='word_1_35' title='bbox 1873 683 2068 752; x_wconf 86' lang='lat' dir='ltr'><strong>patuit,</strong></span> 
     </span>
    </p>
   </div>
   <div class='ocr_carea' id='block_1_8' title="bbox 490 761 2070 849">
    <p class='ocr_par' dir='ltr' id='par_1_8' title="bbox 490 761 2070 849">
     <span class='ocr_line' id='line_1_8' title="bbox 490 761 2070 849; baseline -0.003 -14"><span class='ocrx_word' id='word_1_36' title='bbox 490 793 544 835; x_wconf 87' lang='lat' dir='ltr'><strong>et</strong></span> <span class='ocrx_word' id='word_1_37' title='bbox 602 781 761 835; x_wconf 87' lang='lat' dir='ltr'><strong>nobis</strong></span> <span class='ocrx_word' id='word_1_38' title='bbox 807 780 964 849; x_wconf 91' lang='lat' dir='ltr'><strong>ipsis,</strong></span> <span class='ocrx_word' id='word_1_39' title='bbox 1002 789 1057 832; x_wconf 87' lang='lat' dir='ltr'><strong>et</strong></span> <span class='ocrx_word' id='word_1_40' title='bbox 1109 761 1235 846; x_wconf 82' lang='lat' dir='ltr'><strong>ipsi,</strong></span> <span class='ocrx_word' id='word_1_41' title='bbox 1283 779 1374 848; x_wconf 89' lang='lat' dir='ltr'><strong>qui</strong></span> <span class='ocrx_word' id='word_1_42' title='bbox 1429 779 1686 832; x_wconf 85' lang='lat' dir='ltr'><strong>volumen</strong></span> <span class='ocrx_word' id='word_1_43' title='bbox 1728 775 2070 848; x_wconf 84' lang='lat' dir='ltr'><strong>possidebat,</strong></span> 
     </span>
    </p>
   </div>
   <div class='ocr_carea' id='block_1_9' title="bbox 491 868 2071 938">
    <p class='ocr_par' dir='ltr' id='par_1_9' title="bbox 491 868 2071 938">
     <span class='ocr_line' id='line_1_9' title="bbox 491 868 2071 938; baseline -0.003 -13"><span class='ocrx_word' id='word_1_44' title='bbox 491 871 804 938; x_wconf 78' lang='lat' dir='ltr'><strong>nostrisque</strong></span> <span class='ocrx_word' id='word_1_45' title='bbox 869 869 1283 924; x_wconf 71' lang='lat' dir='ltr'><strong>adversabatur.</strong></span> <span class='ocrx_word' id='word_1_46' title='bbox 1336 868 1475 922; x_wconf 86' lang='lat' dir='ltr'><strong>[line</strong></span> <span class='ocrx_word' id='word_1_47' title='bbox 1526 884 1634 922; x_wconf 89' lang='lat' dir='ltr'><strong>non</strong></span> <span class='ocrx_word' id='word_1_48' title='bbox 1693 883 1872 937; x_wconf 69' lang='lat' dir='ltr'><strong>parva:</strong></span> <span class='ocrx_word' id='word_1_49' title='bbox 1942 882 2071 936; x_wconf 88' lang='lat' dir='ltr'><strong>sup-</strong></span> 
     </span>
    </p>
   </div>
   <div class='ocr_carea' id='block_1_10' title="bbox 488 957 2070 1027">
    <p class='ocr_par' dir='ltr' id='par_1_10' title="bbox 488 957 2070 1027">
     <span class='ocr_line' id='line_1_10' title="bbox 488 957 2070 1027; baseline -0.001 -15"><span class='ocrx_word' id='word_1_50' title='bbox 488 961 679 1027; x_wconf 46' lang='lat' dir='ltr'><strong>petiae.</strong></span> <span class='ocrx_word' id='word_1_51' title='bbox 739 957 848 1012; x_wconf 85' lang='lat' dir='ltr'><strong>Deo</strong></span> <span class='ocrx_word' id='word_1_52' title='bbox 906 959 1236 1022; x_wconf 85' lang='lat' dir='ltr'><strong>miserente,</strong></span> <span class='ocrx_word' id='word_1_53' title='bbox 1285 957 1352 1011; x_wconf 89' lang='lat' dir='ltr'><strong>ad</strong></span> <span class='ocrx_word' id='word_1_54' title='bbox 1410 972 1596 1026; x_wconf 87' lang='lat' dir='ltr'><strong>pacem</strong></span> <span class='ocrx_word' id='word_1_55' title='bbox 1643 957 2070 1012; x_wconf 74' lang='lat' dir='ltr'><strong>ecclesiasticam</strong></span> 
     </span>
    </p>
   </div>
   <div class='ocr_carea' id='block_1_11' title="bbox 490 1046 2074 1118">
    <p class='ocr_par' dir='ltr' id='par_1_11' title="bbox 490 1046 2074 1118">
     <span class='ocr_line' id='line_1_11' title="bbox 490 1046 2074 1118; baseline -0.002 -13"><span class='ocrx_word' id='word_1_56' title='bbox 490 1050 870 1106; x_wconf 86' lang='lat' dir='ltr'><strong>stabitieudam</strong></span> <span class='ocrx_word' id='word_1_57' title='bbox 902 1064 1201 1104; x_wconf 79' lang='lat' dir='ltr'><strong>accessere.</strong></span> <span class='ocrx_word' id='word_1_58' title='bbox 1226 1048 1648 1103; x_wconf 75' lang='lat' dir='ltr'><strong>Referendarius</strong></span> <span class='ocrx_word' id='word_1_59' title='bbox 1677 1063 1830 1118; x_wconf 79' lang='lat' dir='ltr'><strong>ergo,</strong></span> <span class='ocrx_word' id='word_1_60' title='bbox 1865 1046 2074 1103; x_wconf 89' lang='lat' dir='ltr'><strong>sororis</strong></span> 
     </span>
    </p>
   </div>
   <div class='ocr_carea' id='block_1_12' title="bbox 489 1139 2074 1210">
    <p class='ocr_par' dir='ltr' id='par_1_12' title="bbox 489 1139 2074 1210">
     <span class='ocr_line' id='line_1_12' title="bbox 489 1139 2074 1210; baseline -0.001 -16"><span class='ocrx_word' id='word_1_61' title='bbox 489 1143 678 1196; x_wconf 80' lang='lat' dir='ltr'><strong>uxoris</strong></span> <span class='ocrx_word' id='word_1_62' title='bbox 724 1140 1137 1195; x_wconf 72' lang='lat' dir='ltr'><strong>Penteclesiotze</strong></span> <span class='ocrx_word' id='word_1_63' title='bbox 1186 1141 1442 1206; x_wconf 89' lang='lat' dir='ltr'><strong>maritus,</strong></span> <span class='ocrx_word' id='word_1_64' title='bbox 1483 1139 1727 1210; x_wconf 83' lang='lat' dir='ltr'><strong>ejusdem</strong></span> <span class='ocrx_word' id='word_1_65' title='bbox 1776 1155 1898 1194; x_wconf 84' lang='lat' dir='ltr'><strong>cum</strong></span> <span class='ocrx_word' id='word_1_66' title='bbox 1945 1152 2074 1206; x_wconf 78' lang='lat' dir='ltr'><strong>pos-</strong></span> 
     </span>
    </p>
   </div>
   <div class='ocr_carea' id='block_1_13' title="bbox 493 1229 2074 1300">
    <p class='ocr_par' dir='ltr' id='par_1_13' title="bbox 493 1229 2074 1300">
     <span class='ocr_line' id='line_1_13' title="bbox 493 1229 2074 1300; baseline -0.002 -15"><span class='ocrx_word' id='word_1_67' title='bbox 493 1247 710 1286; x_wconf 56' lang='lat' dir='ltr'><strong>st&#39;ssore</strong></span> <span class='ocrx_word' id='word_1_68' title='bbox 740 1230 860 1284; x_wconf 86' lang='lat' dir='ltr'><strong>libri</strong></span> <span class='ocrx_word' id='word_1_69' title='bbox 909 1230 1216 1293; x_wconf 51' lang='lat' dir='ltr'><strong>sententias,</strong></span> <span class='ocrx_word' id='word_1_70' title='bbox 1251 1230 1300 1284; x_wconf 89' lang='lat' dir='ltr'><strong>id</strong></span> <span class='ocrx_word' id='word_1_71' title='bbox 1339 1230 1578 1300; x_wconf 86' lang='lat' dir='ltr'><strong>prepriis</strong></span> <span class='ocrx_word' id='word_1_72' title='bbox 1611 1229 1788 1286; x_wconf 87' lang='lat' dir='ltr'><strong>oculis</strong></span> <span class='ocrx_word' id='word_1_73' title='bbox 1820 1229 2074 1296; x_wconf 90' lang='lat' dir='ltr'><strong>intuitus,</strong></span> 
     </span>
    </p>
   </div>
   <div class='ocr_carea' id='block_1_14' title="bbox 498 1324 2070 1394">
    <p class='ocr_par' dir='ltr' id='par_1_14' title="bbox 498 1324 2070 1394">
     <span class='ocr_line' id='line_1_14' title="bbox 498 1324 2070 1394; baseline -0.001 -16"><span class='ocrx_word' id='word_1_74' title='bbox 498 1334 553 1378; x_wconf 88' lang='lat' dir='ltr'><strong>et</strong></span> <span class='ocrx_word' id='word_1_75' title='bbox 582 1325 648 1378; x_wconf 90' lang='lat' dir='ltr'><strong>ad</strong></span> <span class='ocrx_word' id='word_1_76' title='bbox 681 1324 818 1378; x_wconf 88' lang='lat' dir='ltr'><strong>adeo</strong></span> <span class='ocrx_word' id='word_1_77' title='bbox 850 1334 1044 1394; x_wconf 87' lang='lat' dir='ltr'><strong>patens</strong></span> <span class='ocrx_word' id='word_1_78' title='bbox 1075 1324 1282 1378; x_wconf 89' lang='lat' dir='ltr'><strong>dictum</strong></span> <span class='ocrx_word' id='word_1_79' title='bbox 1317 1339 1424 1378; x_wconf 91' lang='lat' dir='ltr'><strong>non</strong></span> <span class='ocrx_word' id='word_1_80' title='bbox 1465 1324 1652 1378; x_wconf 84' lang='lat' dir='ltr'><strong>valens</strong></span> <span class='ocrx_word' id='word_1_81' title='bbox 1683 1338 1743 1379; x_wconf 83' lang='lat' dir='ltr'><strong>se</strong></span> <span class='ocrx_word' id='word_1_82' title='bbox 1770 1336 2070 1394; x_wconf 84' lang='lat' dir='ltr'><strong>apponere,</strong></span> 
     </span>
    </p>
   </div>
   <div class='ocr_carea' id='block_1_15' title="bbox 490 1413 2076 1486">
    <p class='ocr_par' dir='ltr' id='par_1_15' title="bbox 490 1413 2076 1486">
     <span class='ocr_line' id='line_1_15' title="bbox 490 1413 2076 1486; baseline -0.001 -18"><span class='ocrx_word' id='word_1_83' title='bbox 490 1415 636 1484; x_wconf 87' lang='lat' dir='ltr'><strong>quod</strong></span> <span class='ocrx_word' id='word_1_84' title='bbox 673 1415 832 1469; x_wconf 89' lang='lat' dir='ltr'><strong>Iidem</strong></span> <span class='ocrx_word' id='word_1_85' title='bbox 863 1415 1026 1472; x_wconf 88' lang='lat' dir='ltr'><strong>etiam</strong></span> <span class='ocrx_word' id='word_1_86' title='bbox 1058 1431 1121 1470; x_wconf 80' lang='lat' dir='ltr'><strong>ex</strong></span> <span class='ocrx_word' id='word_1_87' title='bbox 1153 1415 1345 1470; x_wconf 83' lang='lat' dir='ltr'><strong>multis</strong></span> <span class='ocrx_word' id='word_1_88' title='bbox 1375 1415 1518 1479; x_wconf 87' lang='lat' dir='ltr'><strong>aliis,</strong></span> <span class='ocrx_word' id='word_1_89' title='bbox 1545 1431 1666 1486; x_wconf 70' lang='lat' dir='ltr'><strong>qua:</strong></span> <span class='ocrx_word' id='word_1_90' title='bbox 1687 1415 1740 1468; x_wconf 89' lang='lat' dir='ltr'><strong>in</strong></span> <span class='ocrx_word' id='word_1_91' title='bbox 1770 1413 1910 1468; x_wconf 90' lang='lat' dir='ltr'><strong>libro</strong></span> <span class='ocrx_word' id='word_1_92' title='bbox 1941 1428 2076 1469; x_wconf 89' lang='lat' dir='ltr'><strong>con-</strong></span> 
     </span>
    </p>
   </div>
   <div class='ocr_carea' id='block_1_16' title="bbox 494 1503 2074 1576">
    <p class='ocr_par' dir='ltr' id='par_1_16' title="bbox 494 1503 2074 1576">
     <span class='ocr_line' id='line_1_16' title="bbox 494 1503 2074 1576; baseline 0.003 -20"><span class='ocrx_word' id='word_1_93' title='bbox 494 1505 827 1570; x_wconf 84' lang='lat' dir='ltr'><strong>tinebantur,</strong></span> <span class='ocrx_word' id='word_1_94' title='bbox 863 1506 1011 1574; x_wconf 70' lang='lat' dir='ltr'><strong>large</strong></span> <span class='ocrx_word' id='word_1_95' title='bbox 1039 1514 1471 1574; x_wconf 87' lang='lat' dir='ltr'><strong>comparaverat,</strong></span> <span class='ocrx_word' id='word_1_96' title='bbox 1511 1507 1731 1576; x_wconf 90' lang='lat' dir='ltr'><strong>planum</strong></span> <span class='ocrx_word' id='word_1_97' title='bbox 1767 1505 1869 1560; x_wconf 87' lang='lat' dir='ltr'><strong>hoc</strong></span> <span class='ocrx_word' id='word_1_98' title='bbox 1895 1503 2074 1560; x_wconf 86' lang='lat' dir='ltr'><strong>docu-</strong></span> 
     </span>
    </p>
   </div>
   <div class='ocr_carea' id='block_1_17' title="bbox 494 1593 2071 1666">
    <p class='ocr_par' dir='ltr' id='par_1_17' title="bbox 494 1593 2071 1666">
     <span class='ocr_line' id='line_1_17' title="bbox 494 1593 2071 1666; baseline 0.001 -20"><span class='ocrx_word' id='word_1_99' title='bbox 494 1605 736 1648; x_wconf 89' lang='lat' dir='ltr'><strong>mentum</strong></span> <span class='ocrx_word' id='word_1_100' title='bbox 778 1593 1024 1657; x_wconf 85' lang='lat' dir='ltr'><strong>eradere,</strong></span> <span class='ocrx_word' id='word_1_101' title='bbox 1075 1610 1200 1650; x_wconf 91' lang='lat' dir='ltr'><strong>cum</strong></span> <span class='ocrx_word' id='word_1_102' title='bbox 1249 1595 1428 1651; x_wconf 89' lang='lat' dir='ltr'><strong>adhuc</strong></span> <span class='ocrx_word' id='word_1_103' title='bbox 1471 1599 1660 1652; x_wconf 78' lang='lat' dir='ltr'><strong>nestra</strong></span> <span class='ocrx_word' id='word_1_104' title='bbox 1712 1605 2071 1666; x_wconf 82' lang='lat' dir='ltr'><strong>oppugnaret,</strong></span> 
     </span>
    </p>
   </div>
   <div class='ocr_carea' id='block_1_18' title="bbox 491 1678 2076 1755">
    <p class='ocr_par' dir='ltr' id='par_1_18' title="bbox 491 1678 2076 1755">
     <span class='ocr_line' id='line_1_18' title="bbox 491 1678 2076 1755; baseline 0.005 -19"><span class='ocrx_word' id='word_1_105' title='bbox 491 1685 596 1740; x_wconf 80' lang='lat' dir='ltr'><strong>sibi</strong></span> <span class='ocrx_word' id='word_1_106' title='bbox 629 1678 932 1755; x_wconf 83' lang='lat' dir='ltr'><strong>proposuit,</strong></span> <span class='ocrx_word' id='word_1_107' title='bbox 975 1685 1231 1754; x_wconf 78' lang='lat' dir='ltr'><strong>ferroque</strong></span> <span class='ocrx_word' id='word_1_108' title='bbox 1269 1703 1406 1742; x_wconf 89' lang='lat' dir='ltr'><strong>usus</strong></span> <span class='ocrx_word' id='word_1_109' title='bbox 1435 1703 1500 1742; x_wconf 80' lang='lat' dir='ltr'><strong>ea:</strong></span> <span class='ocrx_word' id='word_1_110' title='bbox 1533 1687 1734 1751; x_wconf 90' lang='lat' dir='ltr'><strong>eradit,</strong></span> <span class='ocrx_word' id='word_1_111' title='bbox 1785 1701 1893 1741; x_wconf 90' lang='lat' dir='ltr'><strong>non</strong></span> <span class='ocrx_word' id='word_1_112' title='bbox 1941 1702 2076 1744; x_wconf 87' lang='lat' dir='ltr'><strong>con-</strong></span> 
     </span>
    </p>
   </div>
   <div class='ocr_carea' id='block_1_19' title="bbox 492 1775 2069 1848">
    <p class='ocr_par' dir='ltr' id='par_1_19' title="bbox 492 1775 2069 1848">
     <span class='ocr_line' id='line_1_19' title="bbox 492 1775 2069 1848; baseline 0 -18"><span class='ocrx_word' id='word_1_113' title='bbox 492 1775 745 1831; x_wconf 75' lang='lat' dir='ltr'><strong>siderans</strong></span> <span class='ocrx_word' id='word_1_114' title='bbox 811 1777 918 1831; x_wconf 90' lang='lat' dir='ltr'><strong>alia</strong></span> <span class='ocrx_word' id='word_1_115' title='bbox 964 1793 1186 1848; x_wconf 90' lang='lat' dir='ltr'><strong>quoque</strong></span> <span class='ocrx_word' id='word_1_116' title='bbox 1245 1779 1525 1833; x_wconf 72' lang='lat' dir='ltr'><strong>volumina</strong></span> <span class='ocrx_word' id='word_1_117' title='bbox 1604 1779 1672 1834; x_wconf 85' lang='lat' dir='ltr'><strong>ad</strong></span> <span class='ocrx_word' id='word_1_118' title='bbox 1731 1779 1836 1834; x_wconf 88' lang='lat' dir='ltr'><strong>hoc</strong></span> <span class='ocrx_word' id='word_1_119' title='bbox 1894 1779 2069 1848; x_wconf 87' lang='lat' dir='ltr'><strong>ipsum</strong></span> 
     </span>
    </p>
   </div>
   <div class='ocr_carea' id='block_1_20' title="bbox 493 1868 2072 1941">
    <p class='ocr_par' dir='ltr' id='par_1_20' title="bbox 493 1868 2072 1941">
     <span class='ocr_line' id='line_1_20' title="bbox 493 1868 2072 1941; baseline 0.003 -22"><span class='ocrx_word' id='word_1_120' title='bbox 493 1868 964 1934; x_wconf 74' lang='lat' dir='ltr'><strong>comprobandum</strong></span> <span class='ocrx_word' id='word_1_121' title='bbox 1027 1870 1334 1939; x_wconf 87' lang='lat' dir='ltr'><strong>conquisita</strong></span> <span class='ocrx_word' id='word_1_122' title='bbox 1405 1869 1618 1937; x_wconf 82' lang='lat' dir='ltr'><strong>fuisse,</strong></span> <span class='ocrx_word' id='word_1_123' title='bbox 1688 1886 1812 1941; x_wconf 71' lang='lat' dir='ltr'><strong>qua:</strong></span> <span class='ocrx_word' id='word_1_124' title='bbox 1885 1871 2072 1926; x_wconf 85' lang='lat' dir='ltr'><strong>omnia</strong></span> 
     </span>
    </p>
   </div>
   <div class='ocr_carea' id='block_1_21' title="bbox 491 1959 2081 2030">
    <p class='ocr_par' dir='ltr' id='par_1_21' title="bbox 491 1959 2081 2030">
     <span class='ocr_line' id='line_1_21' title="bbox 491 1959 2081 2030; baseline 0.003 -18"><span class='ocrx_word' id='word_1_125' title='bbox 491 1959 902 2026; x_wconf 73' lang='lat' dir='ltr'><strong>exprimerent,</strong></span> <span class='ocrx_word' id='word_1_126' title='bbox 937 1966 993 2013; x_wconf 85' lang='lat' dir='ltr'><strong>et</strong></span> <span class='ocrx_word' id='word_1_127' title='bbox 1037 1975 1103 2014; x_wconf 72' lang='lat' dir='ltr'><strong>ex</strong></span> <span class='ocrx_word' id='word_1_128' title='bbox 1131 1961 1560 2030; x_wconf 77' lang='lat' dir='ltr'><strong>propositionem</strong></span> <span class='ocrx_word' id='word_1_129' title='bbox 1617 1961 1835 2018; x_wconf 86' lang='lat' dir='ltr'><strong>abunde</strong></span> <span class='ocrx_word' id='word_1_130' title='bbox 1886 1961 2081 2017; x_wconf 87' lang='lat' dir='ltr'><strong>redde-</strong></span> 
     </span>
    </p>
   </div>
   <div class='ocr_carea' id='block_1_22' title="bbox 495 2051 1721 2122">
    <p class='ocr_par' dir='ltr' id='par_1_22' title="bbox 495 2051 1721 2122">
     <span class='ocr_line' id='line_1_22' title="bbox 495 2051 1721 2122; baseline 0.006 -20"><span class='ocrx_word' id='word_1_131' title='bbox 495 2061 636 2115; x_wconf 88' lang='lat' dir='ltr'><strong>rent,</strong></span> <span class='ocrx_word' id='word_1_132' title='bbox 673 2065 798 2106; x_wconf 91' lang='lat' dir='ltr'><strong>cum</strong></span> <span class='ocrx_word' id='word_1_133' title='bbox 840 2051 1138 2122; x_wconf 79' lang='lat' dir='ltr'><strong>depravata</strong></span> <span class='ocrx_word' id='word_1_134' title='bbox 1188 2054 1430 2107; x_wconf 90' lang='lat' dir='ltr'><strong>nondum</strong></span> <span class='ocrx_word' id='word_1_135' title='bbox 1465 2051 1721 2109; x_wconf 77' lang='lat' dir='ltr'><strong>fuissent.</strong></span> 
     </span>
    </p>
   </div>
   <div class='ocr_carea' id='block_1_23' title="bbox 564 2230 2075 2302">
    <p class='ocr_par' dir='ltr' id='par_1_23' title="bbox 564 2230 2075 2302">
     <span class='ocr_line' id='line_1_23' title="bbox 564 2230 2075 2302; baseline -0.001 -16"><span class='ocrx_word' id='word_1_136' title='bbox 564 2231 620 2286; x_wconf 73' lang='grc'><strong>4.</strong></span> <span class='ocrx_word' id='word_1_137' title='bbox 663 2230 767 2286; x_wconf 87' lang='lat' dir='ltr'><strong>Sed</strong></span> <span class='ocrx_word' id='word_1_138' title='bbox 809 2247 934 2286; x_wconf 92' lang='lat' dir='ltr'><strong>cum</strong></span> <span class='ocrx_word' id='word_1_139' title='bbox 977 2231 1274 2302; x_wconf 84' lang='lat' dir='ltr'><strong>aliquando</strong></span> <span class='ocrx_word' id='word_1_140' title='bbox 1309 2231 1616 2301; x_wconf 82' lang='lat' dir='ltr'><strong>pervicacia</strong></span> <span class='ocrx_word' id='word_1_141' title='bbox 1652 2238 1946 2291; x_wconf 82' lang='lat' dir='ltr'><strong>cessasset.</strong></span> <span class='ocrx_word' id='word_1_142' title='bbox 1979 2244 2075 2298; x_wconf 83' lang='lat' dir='ltr'><strong>pa-</strong></span> 
     </span>
    </p>
   </div>
   <div class='ocr_carea' id='block_1_24' title="bbox 499 2318 2078 2391">
    <p class='ocr_par' dir='ltr' id='par_1_24' title="bbox 499 2318 2078 2391">
     <span class='ocr_line' id='line_1_24' title="bbox 499 2318 2078 2391; baseline -0.001 -17"><span class='ocrx_word' id='word_1_143' title='bbox 499 2337 616 2375; x_wconf 83' lang='lat' dir='ltr'><strong>cem</strong></span> <span class='ocrx_word' id='word_1_144' title='bbox 662 2321 1028 2391; x_wconf 80' lang='lat' dir='ltr'><strong>amplexatus,</strong></span> <span class='ocrx_word' id='word_1_145' title='bbox 1083 2321 1374 2376; x_wconf 89' lang='lat' dir='ltr'><strong>nobiscum</strong></span> <span class='ocrx_word' id='word_1_146' title='bbox 1425 2319 1870 2376; x_wconf 87' lang='lat' dir='ltr'><strong>communionem</strong></span> <span class='ocrx_word' id='word_1_147' title='bbox 1932 2318 2078 2383; x_wconf 87' lang='lat' dir='ltr'><strong>iniit,</strong></span> 
     </span>
    </p>
   </div>
   <div class='ocr_carea' id='block_1_25' title="bbox 498 2411 2080 2482">
    <p class='ocr_par' dir='ltr' id='par_1_25' title="bbox 498 2411 2080 2482">
     <span class='ocr_line' id='line_1_25' title="bbox 498 2411 2080 2482; baseline 0.001 -19"><span class='ocrx_word' id='word_1_148' title='bbox 498 2412 959 2481; x_wconf 85' lang='lat' dir='ltr'><strong>quemadmodum</strong></span> <span class='ocrx_word' id='word_1_149' title='bbox 1009 2420 1066 2467; x_wconf 89' lang='lat' dir='ltr'><strong>et</strong></span> <span class='ocrx_word' id='word_1_150' title='bbox 1117 2412 1210 2468; x_wconf 87' lang='lat' dir='ltr'><strong>alii</strong></span> <span class='ocrx_word' id='word_1_151' title='bbox 1265 2413 1474 2482; x_wconf 89' lang='lat' dir='ltr'><strong>plures,</strong></span> <span class='ocrx_word' id='word_1_152' title='bbox 1526 2412 1727 2481; x_wconf 79' lang='lat' dir='ltr'><strong>sa-pius</strong></span> <span class='ocrx_word' id='word_1_153' title='bbox 1779 2425 1906 2466; x_wconf 91' lang='lat' dir='ltr'><strong>cum</strong></span> <span class='ocrx_word' id='word_1_154' title='bbox 1960 2411 2080 2481; x_wconf 92' lang='lat' dir='ltr'><strong>ipso</strong></span> 
     </span>
    </p>
   </div>
   <div class='ocr_carea' id='block_1_26' title="bbox 502 2501 2075 2567">
    <p class='ocr_par' dir='ltr' id='par_1_26' title="bbox 502 2501 2075 2567">
     <span class='ocr_line' id='line_1_26' title="bbox 502 2501 2075 2567; baseline -0.004 -7"><span class='ocrx_word' id='word_1_155' title='bbox 502 2515 688 2561; x_wconf 89' lang='lat' dir='ltr'><strong>nostra</strong></span> <span class='ocrx_word' id='word_1_156' title='bbox 721 2504 1074 2562; x_wconf 89' lang='lat' dir='ltr'><strong>mediocritas</strong></span> <span class='ocrx_word' id='word_1_157' title='bbox 1105 2504 1173 2560; x_wconf 91' lang='lat' dir='ltr'><strong>de</strong></span> <span class='ocrx_word' id='word_1_158' title='bbox 1207 2504 1488 2559; x_wconf 87' lang='lat' dir='ltr'><strong>nonnullis</strong></span> <span class='ocrx_word' id='word_1_159' title='bbox 1527 2501 1847 2557; x_wconf 69' lang='lat' dir='ltr'><strong>conferebat</strong></span> <span class='ocrx_word' id='word_1_160' title='bbox 1877 2517 1892 2567; x_wconf 89' lang='lat'><strong>;</strong></span> <span class='ocrx_word' id='word_1_161' title='bbox 1941 2515 2075 2556; x_wconf 91' lang='lat' dir='ltr'><strong>casu</strong></span> 
     </span>
    </p>
   </div>
   <div class='ocr_carea' id='block_1_27' title="bbox 501 2593 2078 2664">
    <p class='ocr_par' dir='ltr' id='par_1_27' title="bbox 501 2593 2078 2664">
     <span class='ocr_line' id='line_1_27' title="bbox 501 2593 2078 2664; baseline -0.002 -15"><span class='ocrx_word' id='word_1_162' title='bbox 501 2612 631 2650; x_wconf 84' lang='lat' dir='ltr'><strong>vero</strong></span> <span class='ocrx_word' id='word_1_163' title='bbox 664 2596 866 2651; x_wconf 80' lang='lat' dir='ltr'><strong>factum</strong></span> <span class='ocrx_word' id='word_1_164' title='bbox 901 2605 1008 2660; x_wconf 85' lang='lat' dir='ltr'><strong>est,</strong></span> <span class='ocrx_word' id='word_1_165' title='bbox 1060 2606 1118 2650; x_wconf 91' lang='lat' dir='ltr'><strong>ut</strong></span> <span class='ocrx_word' id='word_1_166' title='bbox 1147 2595 1442 2650; x_wconf 81' lang='lat' dir='ltr'><strong>voluminis</strong></span> <span class='ocrx_word' id='word_1_167' title='bbox 1478 2595 1623 2648; x_wconf 86' lang='lat' dir='ltr'><strong>illius</strong></span> <span class='ocrx_word' id='word_1_168' title='bbox 1651 2593 1946 2664; x_wconf 78' lang='lat' dir='ltr'><strong>aliquando</strong></span> <span class='ocrx_word' id='word_1_169' title='bbox 1991 2608 2078 2646; x_wconf 88' lang='lat' dir='ltr'><strong>re-</strong></span> 
     </span>
    </p>
   </div>
   <div class='ocr_carea' id='block_1_28' title="bbox 501 2686 2081 2756">
    <p class='ocr_par' dir='ltr' id='par_1_28' title="bbox 501 2686 2081 2756">
     <span class='ocr_line' id='line_1_28' title="bbox 501 2686 2081 2756; baseline -0.001 -18"><span class='ocrx_word' id='word_1_170' title='bbox 501 2693 874 2744; x_wconf 73' lang='lat' dir='ltr'><strong>tortlart-mur.</strong></span> <span class='ocrx_word' id='word_1_171' title='bbox 909 2689 1330 2744; x_wconf 72' lang='lat' dir='ltr'><strong>Referendarius</strong></span> <span class='ocrx_word' id='word_1_172' title='bbox 1362 2687 1531 2742; x_wconf 80' lang='lat' dir='ltr'><strong>veluti</strong></span> <span class='ocrx_word' id='word_1_173' title='bbox 1577 2702 1606 2740; x_wconf 90' lang='lat' dir='ltr'><strong>a</strong></span> <span class='ocrx_word' id='word_1_174' title='bbox 1637 2686 1896 2756; x_wconf 81' lang='lat' dir='ltr'><strong>quopiam</strong></span> <span class='ocrx_word' id='word_1_175' title='bbox 1930 2701 2081 2740; x_wconf 91' lang='lat' dir='ltr'><strong>sum-</strong></span> 
     </span>
    </p>
   </div>
   <div class='ocr_carea' id='block_1_29' title="bbox 503 2777 2080 2849">
    <p class='ocr_par' dir='ltr' id='par_1_29' title="bbox 503 2777 2080 2849">
     <span class='ocr_line' id='line_1_29' title="bbox 503 2777 2080 2849; baseline -0.001 -15"><span class='ocrx_word' id='word_1_176' title='bbox 503 2791 710 2844; x_wconf 83' lang='lat' dir='ltr'><strong>motus,</strong></span> <span class='ocrx_word' id='word_1_177' title='bbox 741 2783 996 2835; x_wconf 81' lang='lat' dir='ltr'><strong>vulumen</strong></span> <span class='ocrx_word' id='word_1_178' title='bbox 1035 2781 1258 2849; x_wconf 86' lang='lat' dir='ltr'><strong>quidem</strong></span> <span class='ocrx_word' id='word_1_179' title='bbox 1288 2779 1564 2843; x_wconf 87' lang='lat' dir='ltr'><strong>laudabat,</strong></span> <span class='ocrx_word' id='word_1_180' title='bbox 1591 2781 1658 2832; x_wconf 87' lang='lat' dir='ltr'><strong>de</strong></span> <span class='ocrx_word' id='word_1_181' title='bbox 1697 2792 1894 2846; x_wconf 84' lang='lat' dir='ltr'><strong>eoque,</strong></span> <span class='ocrx_word' id='word_1_182' title='bbox 1934 2777 2080 2846; x_wconf 89' lang='lat' dir='ltr'><strong>quod</strong></span> 
     </span>
    </p>
   </div>
   <div class='ocr_carea' id='block_1_30' title="bbox 411 2857 2080 2939">
    <p class='ocr_par' dir='ltr' id='par_1_30' title="bbox 411 2857 2080 2939">
     <span class='ocr_line' id='line_1_30' title="bbox 411 2857 2080 2939; baseline 0.001 -17"><span class='ocrx_word' id='word_1_183' title='bbox 411 2857 426 2864; x_wconf 52' lang='grc'><strong>“</strong></span> <span class='ocrx_word' id='word_1_184' title='bbox 500 2871 602 2939; x_wconf 63' lang='lat' dir='ltr'><strong>ipsi</strong></span> <span class='ocrx_word' id='word_1_185' title='bbox 653 2872 831 2925; x_wconf 89' lang='lat' dir='ltr'><strong>visum</strong></span> <span class='ocrx_word' id='word_1_186' title='bbox 880 2871 1092 2933; x_wconf 79' lang='lat' dir='ltr'><strong>fuerat,</strong></span> <span class='ocrx_word' id='word_1_187' title='bbox 1152 2869 1498 2935; x_wconf 85' lang='lat' dir='ltr'><strong>euuntiabat,</strong></span> <span class='ocrx_word' id='word_1_188' title='bbox 1552 2869 1698 2924; x_wconf 82' lang='lat' dir='ltr'><strong>inter</strong></span> <span class='ocrx_word' id='word_1_189' title='bbox 1747 2883 2080 2938; x_wconf 80' lang='lat' dir='ltr'><strong>congressus</strong></span> 
     </span>
    </p>
   </div>
   <div class='ocr_carea' id='block_1_31' title="bbox 451 2959 2077 3025">
    <p class='ocr_par' dir='ltr' id='par_1_31' title="bbox 451 2959 2077 3025">
     <span class='ocr_line' id='line_1_31' title="bbox 451 2959 2077 3025; baseline 0.002 -15"><span class='ocrx_word' id='word_1_190' title='bbox 451 2993 464 3002; x_wconf 69' lang='grc' dir='ltr'><strong>ς</strong></span> <span class='ocrx_word' id='word_1_191' title='bbox 501 2975 630 3014; x_wconf 80' lang='lat' dir='ltr'><strong>vero</strong></span> <span class='ocrx_word' id='word_1_192' title='bbox 663 2959 730 3014; x_wconf 90' lang='lat' dir='ltr'><strong>de</strong></span> <span class='ocrx_word' id='word_1_193' title='bbox 764 2960 1044 3015; x_wconf 84' lang='lat' dir='ltr'><strong>volumine</strong></span> <span class='ocrx_word' id='word_1_194' title='bbox 1088 2959 1378 3014; x_wconf 82' lang='lat' dir='ltr'><strong>confessus</strong></span> <span class='ocrx_word' id='word_1_195' title='bbox 1408 2968 1492 3014; x_wconf 87' lang='lat' dir='ltr'><strong>est</strong></span> <span class='ocrx_word' id='word_1_196' title='bbox 1525 2978 1537 3014; x_wconf 90' lang='lat'><strong>:</strong></span> <span class='ocrx_word' id='word_1_197' title='bbox 1571 2976 1630 3014; x_wconf 91' lang='lat' dir='ltr'><strong>se</strong></span> <span class='ocrx_word' id='word_1_198' title='bbox 1662 2961 1714 3012; x_wconf 90' lang='lat' dir='ltr'><strong>in</strong></span> <span class='ocrx_word' id='word_1_199' title='bbox 1761 2977 1824 3014; x_wconf 91' lang='lat' dir='ltr'><strong>eo</strong></span> <span class='ocrx_word' id='word_1_200' title='bbox 1852 2962 1996 3025; x_wconf 80' lang='lat' dir='ltr'><strong>loco,</strong></span> <span class='ocrx_word' id='word_1_201' title='bbox 2025 2961 2077 3014; x_wconf 88' lang='lat' dir='ltr'><strong>itt</strong></span> 
     </span>
    </p>
   </div>
   <div class='ocr_carea' id='block_1_32' title="bbox 500 3049 2079 3124">
    <p class='ocr_par' dir='ltr' id='par_1_32' title="bbox 500 3049 2079 3124">
     <span class='ocr_line' id='line_1_32' title="bbox 500 3049 2079 3124; baseline 0.004 -24"><span class='ocrx_word' id='word_1_202' title='bbox 500 3063 610 3116; x_wconf 87' lang='lat' dir='ltr'><strong>quo</strong></span> <span class='ocrx_word' id='word_1_203' title='bbox 647 3059 782 3114; x_wconf 84' lang='lat' dir='ltr'><strong>erat,</strong></span> <span class='ocrx_word' id='word_1_204' title='bbox 816 3067 836 3100; x_wconf 70' lang='grc' dir='ltr'><strong>ι</strong></span> <span class='ocrx_word' id='word_1_205' title='bbox 874 3059 930 3104; x_wconf 89' lang='lat' dir='ltr'><strong>et</strong></span> <span class='ocrx_word' id='word_1_206' title='bbox 964 3065 1032 3104; x_wconf 81' lang='lat' dir='ltr'><strong>ex</strong></span> <span class='ocrx_word' id='word_1_207' title='bbox 1088 3049 1228 3104; x_wconf 88' lang='lat' dir='ltr'><strong>Filio</strong></span> <span class='ocrx_word' id='word_1_208' title='bbox 1257 3066 1378 3106; x_wconf 87' lang='lat' dir='ltr'><strong>esse</strong></span> <span class='ocrx_word' id='word_1_209' title='bbox 1425 3051 1744 3118; x_wconf 69' lang='lat' dir='ltr'><strong>affirmatur,</strong></span> <span class='ocrx_word' id='word_1_210' title='bbox 1784 3073 1802 3106; x_wconf 73' lang='grc' dir='ltr'><strong>ι</strong></span> <span class='ocrx_word' id='word_1_211' title='bbox 1847 3053 2079 3124; x_wconf 67' lang='lat' dir='ltr'><strong>gladiolo</strong></span> 
     </span>
    </p>
   </div>
   <div class='ocr_carea' id='block_1_33' title="bbox 2175 594 3760 668">
    <p class='ocr_par' dir='ltr' id='par_1_33' title="bbox 2175 594 3760 668">
     <span class='ocr_line' id='line_1_33' title="bbox 2175 594 3760 668; baseline 0.002 -22"><span class='ocrx_word' id='word_1_212' title='bbox 2175 594 2462 662; x_wconf 83' lang='grc' dir='ltr'>οἰκονόμος</span> <span class='ocrx_word' id='word_1_213' title='bbox 2505 597 2532 648; x_wconf 87' lang='grc' dir='ltr'><strong>ό</strong></span> <span class='ocrx_word' id='word_1_214' title='bbox 2582 596 2895 664; x_wconf 72' lang='grc' dir='ltr'>Ξιφιλίνος,</span> <span class='ocrx_word' id='word_1_215' title='bbox 2938 597 3295 668; x_wconf 65' lang='grc' dir='ltr'>διερχόμενος</span> <span class='ocrx_word' id='word_1_216' title='bbox 3343 595 3446 666; x_wconf 77' lang='grc' dir='ltr'>τὴν</span> <span class='ocrx_word' id='word_1_217' title='bbox 3495 595 3760 664; x_wconf 81' lang='grc' dir='ltr'>τοιαύτην</span> 
     </span>
    </p>
   </div>
   <div class='ocr_carea' id='block_1_34' title="bbox 2181 681 3757 758">
    <p class='ocr_par' dir='ltr' id='par_1_34' title="bbox 2181 681 3757 758">
     <span class='ocr_line' id='line_1_34' title="bbox 2181 681 3757 758; baseline 0.001 -24"><span class='ocrx_word' id='word_1_218' title='bbox 2181 681 2388 752; x_wconf 77' lang='grc' dir='ltr'>βίὸλον,</span> <span class='ocrx_word' id='word_1_219' title='bbox 2417 685 2676 738; x_wconf 77' lang='grc' dir='ltr'>καὶκατὰ</span> <span class='ocrx_word' id='word_1_220' title='bbox 2703 685 2862 738; x_wconf 88' lang='grc' dir='ltr'>τοῦτο</span> <span class='ocrx_word' id='word_1_221' title='bbox 2885 685 2948 738; x_wconf 75' lang='grc' dir='ltr'>τὸ</span> <span class='ocrx_word' id='word_1_222' title='bbox 2984 686 3181 758; x_wconf 81' lang='grc' dir='ltr'>χωρίον</span> <span class='ocrx_word' id='word_1_223' title='bbox 3212 685 3528 753; x_wconf 79' lang='grc' dir='ltr'>γενόμενος,</span> <span class='ocrx_word' id='word_1_224' title='bbox 3570 686 3629 737; x_wconf 80' lang='grc' dir='ltr'>ὲν</span> <span class='ocrx_word' id='word_1_225' title='bbox 3673 685 3757 754; x_wconf 83' lang='grc' dir='ltr'>τῷ</span> 
     </span>
    </p>
   </div>
   <div class='ocr_carea' id='block_1_35' title="bbox 2177 771 3759 844">
    <p class='ocr_par' dir='ltr' id='par_1_35' title="bbox 2177 771 3759 844">
     <span class='ocr_line' id='line_1_35' title="bbox 2177 771 3759 844; baseline 0.003 -22"><span class='ocrx_word' id='word_1_226' title='bbox 2177 771 2378 841; x_wconf 82' lang='grc' dir='ltr'>ταύτην</span> <span class='ocrx_word' id='word_1_227' title='bbox 2414 775 2478 826; x_wconf 83' lang='grc' dir='ltr'>ἐκ</span> <span class='ocrx_word' id='word_1_228' title='bbox 2527 773 2618 826; x_wconf 85' lang='grc' dir='ltr'><strong>τοῦ</strong></span> <span class='ocrx_word' id='word_1_229' title='bbox 2652 775 3130 844; x_wconf 81' lang='grc' dir='ltr'>Πεντεκλησιὼτου</span> <span class='ocrx_word' id='word_1_230' title='bbox 3165 773 3470 844; x_wconf 76' lang='grc' dir='ltr'>χρήσασθαι</span> <span class='ocrx_word' id='word_1_231' title='bbox 3514 775 3595 838; x_wconf 87' lang='grc' dir='ltr'><strong>είς</strong></span> <span class='ocrx_word' id='word_1_232' title='bbox 3622 774 3759 826; x_wconf 76' lang='grc' dir='ltr'><strong>ἀνά-</strong></span> 
     </span>
    </p>
   </div>
   <div class='ocr_carea' id='block_1_36' title="bbox 2175 865 3758 937">
    <p class='ocr_par' dir='ltr' id='par_1_36' title="bbox 2175 865 3758 937">
     <span class='ocr_line' id='line_1_36' title="bbox 2175 865 3758 937; baseline 0.003 -23"><span class='ocrx_word' id='word_1_233' title='bbox 2175 879 2378 932; x_wconf 85' lang='grc' dir='ltr'>γνωσιν</span> <span class='ocrx_word' id='word_1_234' title='bbox 2401 879 2418 897; x_wconf 80' lang='grc' dir='ltr'><strong><em>ο</em></strong></span> <span class='ocrx_word' id='word_1_235' title='bbox 2448 865 2742 926; x_wconf 82' lang='grc' dir='ltr'>πασίδηλον</span> <span class='ocrx_word' id='word_1_236' title='bbox 2773 866 2830 919; x_wconf 80' lang='grc' dir='ltr'>δὲ</span> <span class='ocrx_word' id='word_1_237' title='bbox 2849 866 3112 934; x_wconf 83' lang='grc' dir='ltr'>ἐγεγόνει,</span> <span class='ocrx_word' id='word_1_238' title='bbox 3149 866 3244 918; x_wconf 71' lang='grc' dir='ltr'>καὶ</span> <span class='ocrx_word' id='word_1_239' title='bbox 3267 867 3399 937; x_wconf 79' lang='grc' dir='ltr'>ἡμῖν</span> <span class='ocrx_word' id='word_1_240' title='bbox 3416 865 3620 929; x_wconf 83' lang='grc' dir='ltr'>αὐτοῖς,</span> <span class='ocrx_word' id='word_1_241' title='bbox 3657 869 3758 920; x_wconf 78' lang='grc' dir='ltr'>καὶ</span> 
     </span>
    </p>
   </div>
   <div class='ocr_carea' id='block_1_37' title="bbox 2175 954 3758 1029">
    <p class='ocr_par' dir='ltr' id='par_1_37' title="bbox 2175 954 3758 1029">
     <span class='ocr_line' id='line_1_37' title="bbox 2175 954 3758 1029; baseline 0 -21"><span class='ocrx_word' id='word_1_242' title='bbox 2175 954 2323 1025; x_wconf 87' lang='grc' dir='ltr'><strong>αὑτῷ</strong></span> <span class='ocrx_word' id='word_1_243' title='bbox 2355 955 2410 1008; x_wconf 72' lang='grc' dir='ltr'>δὲ</span> <span class='ocrx_word' id='word_1_244' title='bbox 2439 955 2514 1026; x_wconf 83' lang='grc' dir='ltr'>τῷ</span> <span class='ocrx_word' id='word_1_245' title='bbox 2547 957 2645 1023; x_wconf 83' lang='grc' dir='ltr'>τὴν</span> <span class='ocrx_word' id='word_1_246' title='bbox 2681 957 2862 1026; x_wconf 74' lang='grc' dir='ltr'>βίϐλον</span> <span class='ocrx_word' id='word_1_247' title='bbox 2887 959 3083 1029; x_wconf 82' lang='grc' dir='ltr'>ἔχοντι,</span> <span class='ocrx_word' id='word_1_248' title='bbox 3119 958 3217 1010; x_wconf 70' lang='grc' dir='ltr'>καὶ</span> <span class='ocrx_word' id='word_1_249' title='bbox 3241 956 3758 1027; x_wconf 81' lang='grc' dir='ltr'>ἀντικαθισταμένῳ</span> 
     </span>
    </p>
   </div>
   <div class='ocr_carea' id='block_1_38' title="bbox 2175 1044 3760 1118">
    <p class='ocr_par' dir='ltr' id='par_1_38' title="bbox 2175 1044 3760 1118">
     <span class='ocr_line' id='line_1_38' title="bbox 2175 1044 3760 1118; baseline 0.001 -20"><span class='ocrx_word' id='word_1_250' title='bbox 2175 1045 2314 1116; x_wconf 83' lang='grc' dir='ltr'>πρὸς</span> <span class='ocrx_word' id='word_1_251' title='bbox 2348 1047 2418 1100; x_wconf 68' lang='grc' dir='ltr'><strong>τὰ</strong></span> <span class='ocrx_word' id='word_1_252' title='bbox 2452 1049 2716 1118; x_wconf 73' lang='grc' dir='ltr'>ἡμέτερα.</span> <span class='ocrx_word' id='word_1_253' title='bbox 2763 1044 2873 1102; x_wconf 85' lang='grc' dir='ltr'>Ἦν</span> <span class='ocrx_word' id='word_1_254' title='bbox 2915 1049 3099 1110; x_wconf 86' lang='grc' dir='ltr'>τοῦτο,</span> <span class='ocrx_word' id='word_1_255' title='bbox 3146 1050 3240 1102; x_wconf 74' lang='grc' dir='ltr'>καὶ</span> <span class='ocrx_word' id='word_1_256' title='bbox 3269 1050 3372 1102; x_wconf 88' lang='grc' dir='ltr'><strong>οὑκ</strong></span> <span class='ocrx_word' id='word_1_257' title='bbox 3414 1048 3568 1116; x_wconf 80' lang='grc' dir='ltr'><strong>ὀλίγη</strong></span> <span class='ocrx_word' id='word_1_258' title='bbox 3623 1066 3760 1115; x_wconf 85' lang='grc' dir='ltr'>συγ-</span> 
     </span>
    </p>
   </div>
   <div class='ocr_carea' id='block_1_39' title="bbox 2183 1138 3755 1212">
    <p class='ocr_par' dir='ltr' id='par_1_39' title="bbox 2183 1138 3755 1212">
     <span class='ocr_line' id='line_1_39' title="bbox 2183 1138 3755 1212; baseline -0.021 0"><span class='ocrx_word' id='word_1_259' title='bbox 2183 1138 2448 1208; x_wconf 78' lang='grc' dir='ltr'>κρότησις</span> <span class='ocrx_word' id='word_1_260' title='bbox 2475 1140 2700 1208; x_wconf 78' lang='grc' dir='ltr'>γέγονεν</span> <span class='ocrx_word' id='word_1_261' title='bbox 2739 1144 2797 1194; x_wconf 82' lang='grc' dir='ltr'>ἐν</span> <span class='ocrx_word' id='word_1_262' title='bbox 2821 1141 2898 1210; x_wconf 81' lang='grc' dir='ltr'><strong>τῷ</strong></span> <span class='ocrx_word' id='word_1_263' title='bbox 2927 1140 3168 1195; x_wconf 78' lang='grc' dir='ltr'>ὲλεοῦντι</span> <span class='ocrx_word' id='word_1_264' title='bbox 3197 1140 3316 1212; x_wconf 86' lang='grc' dir='ltr'><strong>Θεῴ</strong></span> <span class='ocrx_word' id='word_1_265' title='bbox 3346 1141 3426 1204; x_wconf 82' lang='grc' dir='ltr'><strong>εἰς</strong></span> <span class='ocrx_word' id='word_1_266' title='bbox 3457 1139 3555 1210; x_wconf 79' lang='grc' dir='ltr'>τὴν</span> <span class='ocrx_word' id='word_1_267' title='bbox 3590 1143 3717 1210; x_wconf 49' lang='lat' dir='ltr'><strong>asp-,3</strong></span> <span class='ocrx_word' id='word_1_268' title='bbox 3739 1170 3755 1179; x_wconf 92' lang='lat'><strong>.</strong></span> 
     </span>
    </p>
   </div>
   <div class='ocr_carea' id='block_1_40' title="bbox 2176 1231 3757 1302">
    <p class='ocr_par' dir='ltr' id='par_1_40' title="bbox 2176 1231 3757 1302">
     <span class='ocr_line' id='line_1_40' title="bbox 2176 1231 3757 1302; baseline 0.002 -21"><span class='ocrx_word' id='word_1_269' title='bbox 2176 1247 2276 1298; x_wconf 86' lang='grc' dir='ltr'><strong>νην</strong></span> <span class='ocrx_word' id='word_1_270' title='bbox 2320 1231 2575 1286; x_wconf 77' lang='grc' dir='ltr'>ἐντεῦθεν</span> <span class='ocrx_word' id='word_1_271' title='bbox 2621 1231 2697 1301; x_wconf 85' lang='grc' dir='ltr'><strong>τῷ</strong></span> <span class='ocrx_word' id='word_1_272' title='bbox 2741 1233 2842 1298; x_wconf 80' lang='grc' dir='ltr'>τῆς</span> <span class='ocrx_word' id='word_1_273' title='bbox 2885 1232 3216 1301; x_wconf 85' lang='grc' dir='ltr'>Ἐκκλησίας</span> <span class='ocrx_word' id='word_1_274' title='bbox 3271 1231 3626 1302; x_wconf 81' lang='grc' dir='ltr'>πληρώματι.</span> <span class='ocrx_word' id='word_1_275' title='bbox 3715 1235 3757 1284; x_wconf 88' lang='lat'>0</span> 
     </span>
    </p>
   </div>
   <div class='ocr_carea' id='block_1_41' title="bbox 2183 1321 3759 1396">
    <p class='ocr_par' dir='ltr' id='par_1_41' title="bbox 2183 1321 3759 1396">
     <span class='ocr_line' id='line_1_41' title="bbox 2183 1321 3759 1396; baseline 0.003 -23"><span class='ocrx_word' id='word_1_276' title='bbox 2183 1321 2314 1390; x_wconf 87' lang='grc' dir='ltr'>γοῦν</span> <span class='ocrx_word' id='word_1_277' title='bbox 2367 1324 2818 1394; x_wconf 76' lang='grc' dir='ltr'>ῥαιφερενδάριος</span> <span class='ocrx_word' id='word_1_278' title='bbox 2861 1324 3217 1396; x_wconf 75' lang='grc' dir='ltr'>σύγγαμόρος</span> <span class='ocrx_word' id='word_1_279' title='bbox 3281 1323 3356 1376; x_wconf 82' lang='grc' dir='ltr'>ὢν</span> <span class='ocrx_word' id='word_1_280' title='bbox 3383 1325 3478 1377; x_wconf 79' lang='grc' dir='ltr'>καὶ</span> <span class='ocrx_word' id='word_1_281' title='bbox 3507 1323 3759 1393; x_wconf 81' lang='grc' dir='ltr'>ὁμογνώ-</span> 
     </span>
    </p>
   </div>
   <div class='ocr_carea' id='block_1_42' title="bbox 2181 1409 3760 1486">
    <p class='ocr_par' dir='ltr' id='par_1_42' title="bbox 2181 1409 3760 1486">
     <span class='ocr_line' id='line_1_42' title="bbox 2181 1409 3760 1486; baseline 0 -20"><span class='ocrx_word' id='word_1_282' title='bbox 2181 1431 2296 1483; x_wconf 85' lang='grc' dir='ltr'><strong>μων</strong></span> <span class='ocrx_word' id='word_1_283' title='bbox 2333 1409 2416 1466; x_wconf 63' lang='lat' dir='ltr'><strong>Eﬁ</strong></span> <span class='ocrx_word' id='word_1_284' title='bbox 2455 1415 2534 1484; x_wconf 85' lang='grc' dir='ltr'><strong>τῷ</strong></span> <span class='ocrx_word' id='word_1_285' title='bbox 2577 1415 2676 1484; x_wconf 69' lang='grc' dir='ltr'>τὴν</span> <span class='ocrx_word' id='word_1_286' title='bbox 2727 1417 2908 1486; x_wconf 78' lang='grc' dir='ltr'>βίϐλον</span> <span class='ocrx_word' id='word_1_287' title='bbox 2946 1416 3148 1486; x_wconf 82' lang='grc' dir='ltr'>ἔχοντι,</span> <span class='ocrx_word' id='word_1_288' title='bbox 3198 1417 3425 1480; x_wconf 84' lang='grc' dir='ltr'>οίκείοις</span> <span class='ocrx_word' id='word_1_289' title='bbox 3455 1415 3760 1484; x_wconf 76' lang='grc' dir='ltr'><strong>ὀφθαλμοῖς</strong></span> 
     </span>
    </p>
   </div>
   <div class='ocr_carea' id='block_1_43' title="bbox 2175 1506 3758 1580">
    <p class='ocr_par' dir='ltr' id='par_1_43' title="bbox 2175 1506 3758 1580">
     <span class='ocr_line' id='line_1_43' title="bbox 2175 1506 3758 1580; baseline 0.001 -21"><span class='ocrx_word' id='word_1_290' title='bbox 2175 1506 2239 1560; x_wconf 73' lang='grc' dir='ltr'><strong>τὸ</strong></span> <span class='ocrx_word' id='word_1_291' title='bbox 2291 1506 2542 1560; x_wconf 88' lang='grc' dir='ltr'>τοιοῦτον</span> <span class='ocrx_word' id='word_1_292' title='bbox 2608 1508 2755 1570; x_wconf 81' lang='grc' dir='ltr'>ἰδὼν,</span> <span class='ocrx_word' id='word_1_293' title='bbox 2783 1511 2878 1563; x_wconf 75' lang='grc' dir='ltr'>καὶ</span> <span class='ocrx_word' id='word_1_294' title='bbox 2941 1510 3014 1580; x_wconf 82' lang='grc' dir='ltr'>μὴ</span> <span class='ocrx_word' id='word_1_295' title='bbox 3070 1509 3213 1579; x_wconf 77' lang='grc' dir='ltr'>ἔχων</span> <span class='ocrx_word' id='word_1_296' title='bbox 3245 1510 3274 1563; x_wconf 83' lang='grc' dir='ltr'><strong>ὃ</strong></span> <span class='ocrx_word' id='word_1_297' title='bbox 3319 1527 3374 1562; x_wconf 91' lang='grc' dir='ltr'><strong>τι</strong></span> <span class='ocrx_word' id='word_1_298' title='bbox 3410 1511 3506 1562; x_wconf 74' lang='grc' dir='ltr'>καὶ</span> <span class='ocrx_word' id='word_1_299' title='bbox 3533 1508 3758 1578; x_wconf 75' lang='grc' dir='ltr'><strong>δράσειε</strong></span> 
     </span>
    </p>
   </div>
   <div class='ocr_carea' id='block_1_44' title="bbox 2179 1597 3763 1669">
    <p class='ocr_par' dir='ltr' id='par_1_44' title="bbox 2179 1597 3763 1669">
     <span class='ocr_line' id='line_1_44' title="bbox 2179 1597 3763 1669; baseline 0.001 -19"><span class='ocrx_word' id='word_1_300' title='bbox 2179 1597 2318 1665; x_wconf 69' lang='grc' dir='ltr'>πρὸς</span> <span class='ocrx_word' id='word_1_301' title='bbox 2365 1599 2546 1664; x_wconf 86' lang='grc' dir='ltr'>τοῦτο,</span> <span class='ocrx_word' id='word_1_302' title='bbox 2598 1601 2834 1669; x_wconf 74' lang='grc' dir='ltr'>φανερὸν</span> <span class='ocrx_word' id='word_1_303' title='bbox 2872 1601 2953 1664; x_wconf 78' lang='grc' dir='ltr'>ὃν,</span> <span class='ocrx_word' id='word_1_304' title='bbox 2993 1603 3088 1654; x_wconf 74' lang='grc' dir='ltr'>καὶ</span> <span class='ocrx_word' id='word_1_305' title='bbox 3145 1602 3235 1656; x_wconf 74' lang='grc' dir='ltr'>τὸν</span> <span class='ocrx_word' id='word_1_306' title='bbox 3288 1600 3606 1664; x_wconf 80' lang='grc' dir='ltr'>ἀξιόπιστον</span> <span class='ocrx_word' id='word_1_307' title='bbox 3646 1601 3763 1654; x_wconf 73' lang='grc' dir='ltr'><strong>ἀπὸ</strong></span> 
     </span>
    </p>
   </div>
   <div class='ocr_carea' id='block_1_45' title="bbox 2179 1688 3764 1760">
    <p class='ocr_par' dir='ltr' id='par_1_45' title="bbox 2179 1688 3764 1760">
     <span class='ocr_line' id='line_1_45' title="bbox 2179 1688 3764 1760; baseline 0.001 -20"><span class='ocrx_word' id='word_1_308' title='bbox 2179 1688 2392 1740; x_wconf 79' lang='grc' dir='ltr'>πολλῶν</span> <span class='ocrx_word' id='word_1_309' title='bbox 2416 1689 2524 1741; x_wconf 86' lang='grc' dir='ltr'><strong>τῶν</strong></span> <span class='ocrx_word' id='word_1_310' title='bbox 2556 1692 2651 1758; x_wconf 72' lang='grc' dir='ltr'>τῆς</span> <span class='ocrx_word' id='word_1_311' title='bbox 2687 1689 2877 1760; x_wconf 79' lang='grc' dir='ltr'>βίϐλου</span> <span class='ocrx_word' id='word_1_312' title='bbox 2915 1691 3184 1745; x_wconf 79' lang='grc' dir='ltr'>πλουτοῦν</span> <span class='ocrx_word' id='word_1_313' title='bbox 3215 1735 3228 1752; x_wconf 89' lang='grc'><strong>,</strong></span> <span class='ocrx_word' id='word_1_314' title='bbox 3267 1692 3327 1744; x_wconf 71' lang='grc' dir='ltr'>τὸ</span> <span class='ocrx_word' id='word_1_315' title='bbox 3377 1691 3528 1758; x_wconf 81' lang='grc' dir='ltr'>σαφῆ</span> <span class='ocrx_word' id='word_1_316' title='bbox 3569 1689 3764 1743; x_wconf 77' lang='grc' dir='ltr'>τοῦτον</span> 
     </span>
    </p>
   </div>
   <div class='ocr_carea' id='block_1_46' title="bbox 2181 1777 3762 1854">
    <p class='ocr_par' dir='ltr' id='par_1_46' title="bbox 2181 1777 3762 1854">
     <span class='ocr_line' id='line_1_46' title="bbox 2181 1777 3762 1854; baseline 0 -24"><span class='ocrx_word' id='word_1_317' title='bbox 2181 1777 2404 1849; x_wconf 73' lang='grc' dir='ltr'>ἔλεγχον</span> <span class='ocrx_word' id='word_1_318' title='bbox 2445 1781 2778 1848; x_wconf 71' lang='grc' dir='ltr'><strong>ἀπαλείφειν</strong></span> <span class='ocrx_word' id='word_1_319' title='bbox 2803 1783 2966 1851; x_wconf 78' lang='grc' dir='ltr'>ἔγνω,</span> <span class='ocrx_word' id='word_1_320' title='bbox 3000 1783 3080 1836; x_wconf 78' lang='grc' dir='ltr'>ἔτι</span> <span class='ocrx_word' id='word_1_321' title='bbox 3107 1785 3220 1844; x_wconf 86' lang='grc' dir='ltr'>τοῖς</span> <span class='ocrx_word' id='word_1_322' title='bbox 3257 1785 3556 1854; x_wconf 78' lang='grc' dir='ltr'><strong>ἡμετέροις</strong></span> <span class='ocrx_word' id='word_1_323' title='bbox 3585 1781 3762 1850; x_wconf 80' lang='grc' dir='ltr'>μαχό-</span> 
     </span>
    </p>
   </div>
   <div class='ocr_carea' id='block_1_47' title="bbox 2185 1869 3764 1943">
    <p class='ocr_par' dir='ltr' id='par_1_47' title="bbox 2185 1869 3764 1943">
     <span class='ocr_line' id='line_1_47' title="bbox 2185 1869 3764 1943; baseline -0.001 -18"><span class='ocrx_word' id='word_1_324' title='bbox 2185 1889 2370 1942; x_wconf 81' lang='grc' dir='ltr'>μενος,</span> <span class='ocrx_word' id='word_1_325' title='bbox 2409 1875 2503 1928; x_wconf 78' lang='grc' dir='ltr'><strong>καὶ</strong></span> <span class='ocrx_word' id='word_1_326' title='bbox 2545 1873 2746 1943; x_wconf 79' lang='grc' dir='ltr'>χρῆται</span> <span class='ocrx_word' id='word_1_327' title='bbox 2798 1874 3026 1942; x_wconf 79' lang='grc' dir='ltr'>σιδήρῳ,</span> <span class='ocrx_word' id='word_1_328' title='bbox 3059 1874 3152 1926; x_wconf 77' lang='grc' dir='ltr'>καὶ</span> <span class='ocrx_word' id='word_1_329' title='bbox 3184 1871 3410 1935; x_wconf 74' lang='grc' dir='ltr'>ὑτοξύει</span> <span class='ocrx_word' id='word_1_330' title='bbox 3451 1870 3512 1922; x_wconf 71' lang='grc' dir='ltr'><strong>τὸ</strong></span> <span class='ocrx_word' id='word_1_331' title='bbox 3551 1871 3640 1924; x_wconf 81' lang='grc' dir='ltr'><strong>ἐκ.</strong></span> <span class='ocrx_word' id='word_1_332' title='bbox 3680 1869 3764 1938; x_wconf 70' lang='grc' dir='ltr'>μὴ</span> 
     </span>
    </p>
   </div>
   <div class='ocr_carea' id='block_1_48' title="bbox 2184 1959 3766 2033">
    <p class='ocr_par' dir='ltr' id='par_1_48' title="bbox 2184 1959 3766 2033">
     <span class='ocr_line' id='line_1_48' title="bbox 2184 1959 3766 2033; baseline -0.004 -17"><span class='ocrx_word' id='word_1_333' title='bbox 2184 1963 2680 2033; x_wconf 73' lang='grc' dir='ltr'><strong>ὑπολογισάμενος,</strong></span> <span class='ocrx_word' id='word_1_334' title='bbox 2720 1963 2794 2027; x_wconf 82' lang='grc' dir='ltr'>ὡς</span> <span class='ocrx_word' id='word_1_335' title='bbox 2838 1965 2932 2016; x_wconf 72' lang='grc' dir='ltr'>καὶ</span> <span class='ocrx_word' id='word_1_336' title='bbox 2978 1963 3166 2032; x_wconf 73' lang='grc' dir='ltr'>ἕτεραι</span> <span class='ocrx_word' id='word_1_337' title='bbox 3220 1962 3394 2032; x_wconf 76' lang='grc' dir='ltr'>βίϐλοι</span> <span class='ocrx_word' id='word_1_338' title='bbox 3425 1961 3506 2022; x_wconf 79' lang='grc' dir='ltr'>εἰς</span> <span class='ocrx_word' id='word_1_339' title='bbox 3527 1959 3590 2013; x_wconf 84' lang='grc' dir='ltr'>τὸ</span> <span class='ocrx_word' id='word_1_340' title='bbox 3626 1959 3766 2012; x_wconf 74' lang='grc' dir='ltr'>αὑτὸ</span> 
     </span>
    </p>
   </div>
   <div class='ocr_carea' id='block_1_49' title="bbox 2181 2051 3765 2129">
    <p class='ocr_par' dir='ltr' id='par_1_49' title="bbox 2181 2051 3765 2129">
     <span class='ocr_line' id='line_1_49' title="bbox 2181 2051 3765 2129; baseline -0.001 -20"><span class='ocrx_word' id='word_1_341' title='bbox 2181 2057 2570 2129; x_wconf 74' lang='grc' dir='ltr'>ἡρευνήθησαν</span> <span class='ocrx_word' id='word_1_342' title='bbox 2600 2097 2616 2121; x_wconf 92' lang='grc'><strong>,</strong></span> <span class='ocrx_word' id='word_1_343' title='bbox 2670 2061 2926 2112; x_wconf 77' lang='grc' dir='ltr'>κάκεῖναι</span> <span class='ocrx_word' id='word_1_344' title='bbox 2981 2057 3152 2120; x_wconf 72' lang='grc' dir='ltr'>οὕτως</span> <span class='ocrx_word' id='word_1_345' title='bbox 3211 2051 3360 2127; x_wconf 76' lang='grc' dir='ltr'>εἶχον</span> <span class='ocrx_word' id='word_1_346' title='bbox 3420 2055 3514 2108; x_wconf 80' lang='grc' dir='ltr'>καὶ</span> <span class='ocrx_word' id='word_1_347' title='bbox 3577 2053 3638 2107; x_wconf 85' lang='grc' dir='ltr'>τὸ</span> <span class='ocrx_word' id='word_1_348' title='bbox 3688 2053 3765 2108; x_wconf 80' lang='grc' dir='ltr'>ἐκ</span> 
     </span>
    </p>
   </div>
   <div class='ocr_carea' id='block_1_50' title="bbox 2181 2150 3495 2217">
    <p class='ocr_par' dir='ltr' id='par_1_50' title="bbox 2181 2150 3495 2217">
     <span class='ocr_line' id='line_1_50' title="bbox 2181 2150 3495 2217; baseline -0.001 -16"><span class='ocrx_word' id='word_1_349' title='bbox 2181 2150 2507 2214; x_wconf 81' lang='grc' dir='ltr'>ἐπλούτουν,</span> <span class='ocrx_word' id='word_1_350' title='bbox 2547 2151 2646 2204; x_wconf 85' lang='grc' dir='ltr'>καὶ</span> <span class='ocrx_word' id='word_1_351' title='bbox 2680 2151 2743 2204; x_wconf 81' lang='grc' dir='ltr'>τὸ</span> <span class='ocrx_word' id='word_1_352' title='bbox 2772 2150 3064 2204; x_wconf 80' lang='grc' dir='ltr'>ἀνόθευτον</span> <span class='ocrx_word' id='word_1_353' title='bbox 3101 2150 3495 2217; x_wconf 73' lang='grc' dir='ltr'>ὑπεξέφευγον.</span> 
     </span>
    </p>
   </div>
   <div class='ocr_carea' id='block_1_51' title="bbox 2251 2238 3764 2308">
    <p class='ocr_par' dir='ltr' id='par_1_51' title="bbox 2251 2238 3764 2308">
     <span class='ocr_line' id='line_1_51' title="bbox 2251 2238 3764 2308; baseline -0.003 -16"><span class='ocrx_word' id='word_1_354' title='bbox 2251 2240 2315 2295; x_wconf 85' lang='grc' dir='ltr'><strong>δ’.</strong></span> <span class='ocrx_word' id='word_1_355' title='bbox 2354 2239 2498 2295; x_wconf 80' lang='grc' dir='ltr'>Ἀλλ’</span> <span class='ocrx_word' id='word_1_356' title='bbox 2529 2241 2717 2308; x_wconf 74' lang='grc' dir='ltr'>ἐπειδὴ</span> <span class='ocrx_word' id='word_1_357' title='bbox 2749 2238 2906 2308; x_wconf 66' lang='grc' dir='ltr'>ἔληξε</span> <span class='ocrx_word' id='word_1_358' title='bbox 2939 2256 3070 2292; x_wconf 88' lang='grc' dir='ltr'>ποτε</span> <span class='ocrx_word' id='word_1_359' title='bbox 3111 2239 3239 2290; x_wconf 83' lang='grc' dir='ltr'>τούτ</span> <span class='ocrx_word' id='word_1_360' title='bbox 3262 2259 3287 2302; x_wconf 47' lang='grc'>,›</span> <span class='ocrx_word' id='word_1_361' title='bbox 3325 2238 3385 2290; x_wconf 78' lang='grc' dir='ltr'>τὸ</span> <span class='ocrx_word' id='word_1_362' title='bbox 3419 2238 3764 2306; x_wconf 81' lang='grc' dir='ltr'>ίδιόπεισμον</span> 
     </span>
    </p>
   </div>
   <div class='ocr_carea' id='block_1_52' title="bbox 2182 2333 3760 2406">
    <p class='ocr_par' dir='ltr' id='par_1_52' title="bbox 2182 2333 3760 2406">
     <span class='ocr_line' id='line_1_52' title="bbox 2182 2333 3760 2406; baseline -0.003 -18"><span class='ocrx_word' id='word_1_363' title='bbox 2182 2335 2278 2389; x_wconf 73' lang='grc' dir='ltr'>καὶ</span> <span class='ocrx_word' id='word_1_364' title='bbox 2311 2337 2410 2404; x_wconf 81' lang='grc' dir='ltr'>τῆς</span> <span class='ocrx_word' id='word_1_365' title='bbox 2440 2337 2665 2406; x_wconf 69' lang='grc' dir='ltr'>εἰρήνης</span> <span class='ocrx_word' id='word_1_366' title='bbox 2695 2334 2940 2402; x_wconf 73' lang='grc' dir='ltr'>ἐγένετο,</span> <span class='ocrx_word' id='word_1_367' title='bbox 2972 2337 3063 2386; x_wconf 67' lang='grc' dir='ltr'><strong>καῖ</strong></span> <span class='ocrx_word' id='word_1_368' title='bbox 3104 2333 3223 2402; x_wconf 81' lang='grc' dir='ltr'>μεθ’</span> <span class='ocrx_word' id='word_1_369' title='bbox 3253 2333 3412 2402; x_wconf 77' lang='grc' dir='ltr'>ἡμῶν</span> <span class='ocrx_word' id='word_1_370' title='bbox 3445 2335 3506 2384; x_wconf 82' lang='grc' dir='ltr'>τὸ</span> <span class='ocrx_word' id='word_1_371' title='bbox 3557 2349 3760 2384; x_wconf 86' lang='grc' dir='ltr'>κοινω-</span> 
     </span>
    </p>
   </div>
   <div class='ocr_carea' id='block_1_53' title="bbox 2181 2419 3765 2496">
    <p class='ocr_par' dir='ltr' id='par_1_53' title="bbox 2181 2419 3765 2496">
     <span class='ocr_line' id='line_1_53' title="bbox 2181 2419 3765 2496; baseline -0.007 -14"><span class='ocrx_word' id='word_1_372' title='bbox 2181 2427 2334 2482; x_wconf 79' lang='grc' dir='ltr'>νικὸν</span> <span class='ocrx_word' id='word_1_373' title='bbox 2368 2427 2548 2496; x_wconf 77' lang='grc' dir='ltr'>ἔσχεν,</span> <span class='ocrx_word' id='word_1_374' title='bbox 2588 2426 2780 2494; x_wconf 80' lang='grc' dir='ltr'>ὥσπερ</span> <span class='ocrx_word' id='word_1_375' title='bbox 2817 2426 2912 2478; x_wconf 74' lang='grc' dir='ltr'>καὶ</span> <span class='ocrx_word' id='word_1_376' title='bbox 2949 2425 3130 2492; x_wconf 76' lang='grc' dir='ltr'>ἕτεροι</span> <span class='ocrx_word' id='word_1_377' title='bbox 3172 2423 3441 2484; x_wconf 78' lang='grc' dir='ltr'>πλείονες,</span> <span class='ocrx_word' id='word_1_378' title='bbox 3496 2419 3765 2482; x_wconf 69' lang='grc' dir='ltr'>πολλάκις</span> 
     </span>
    </p>
   </div>
   <div class='ocr_carea' id='block_1_54' title="bbox 2185 2512 3770 2592">
    <p class='ocr_par' dir='ltr' id='par_1_54' title="bbox 2185 2512 3770 2592">
     <span class='ocr_line' id='line_1_54' title="bbox 2185 2512 3770 2592; baseline -0.005 -18"><span class='ocrx_word' id='word_1_379' title='bbox 2185 2522 2286 2592; x_wconf 76' lang='grc' dir='ltr'>μὲν</span> <span class='ocrx_word' id='word_1_380' title='bbox 2309 2521 2437 2591; x_wconf 86' lang='grc' dir='ltr'>περί</span> <span class='ocrx_word' id='word_1_381' title='bbox 2469 2538 2635 2573; x_wconf 89' lang='grc' dir='ltr'>τινων</span> <span class='ocrx_word' id='word_1_382' title='bbox 2671 2519 2807 2589; x_wconf 76' lang='grc' dir='ltr'>πρὸς</span> <span class='ocrx_word' id='word_1_383' title='bbox 2848 2520 3012 2572; x_wconf 73' lang='grc' dir='ltr'>αὑτὸν</span> <span class='ocrx_word' id='word_1_384' title='bbox 3055 2515 3508 2584; x_wconf 84' lang='grc' dir='ltr'>ὲκοινολογεῖτοὴ</span> <span class='ocrx_word' id='word_1_385' title='bbox 3541 2530 3626 2583; x_wconf 83' lang='grc' dir='ltr'>με·</span> <span class='ocrx_word' id='word_1_386' title='bbox 3649 2512 3770 2580; x_wconf 70' lang='lat'><strong>9:6-</strong></span> 
     </span>
    </p>
   </div>
   <div class='ocr_carea' id='block_1_55' title="bbox 2180 2603 3764 2684">
    <p class='ocr_par' dir='ltr' id='par_1_55' title="bbox 2180 2603 3764 2684">
     <span class='ocr_line' id='line_1_55' title="bbox 2180 2603 3764 2684; baseline -0.006 -17"><span class='ocrx_word' id='word_1_387' title='bbox 2180 2631 2281 2682; x_wconf 85' lang='grc' dir='ltr'><strong>της</strong></span> <span class='ocrx_word' id='word_1_388' title='bbox 2323 2614 2506 2684; x_wconf 82' lang='grc' dir='ltr'>ἡμῶν.</span> <span class='ocrx_word' id='word_1_389' title='bbox 2559 2613 2761 2681; x_wconf 83' lang='grc' dir='ltr'>Ἔτυχε</span> <span class='ocrx_word' id='word_1_390' title='bbox 2794 2612 2850 2664; x_wconf 84' lang='grc' dir='ltr'><em>δέ</em></span> <span class='ocrx_word' id='word_1_391' title='bbox 2884 2629 3002 2672; x_wconf 84' lang='grc' dir='ltr'><strong>πως</strong></span> <span class='ocrx_word' id='word_1_392' title='bbox 3033 2607 3454 2678; x_wconf 72' lang='grc' dir='ltr'>ἀναμνησθὴναί</span> <span class='ocrx_word' id='word_1_393' title='bbox 3484 2623 3619 2660; x_wconf 88' lang='grc' dir='ltr'>ποτε</span> <span class='ocrx_word' id='word_1_394' title='bbox 3659 2603 3764 2674; x_wconf 80' lang='grc' dir='ltr'>τὴν</span> 
     </span>
    </p>
   </div>
   <div class='ocr_carea' id='block_1_56' title="bbox 2183 2698 3761 2776">
    <p class='ocr_par' dir='ltr' id='par_1_56' title="bbox 2183 2698 3761 2776">
     <span class='ocr_line' id='line_1_56' title="bbox 2183 2698 3761 2776; baseline -0.004 -19"><span class='ocrx_word' id='word_1_395' title='bbox 2183 2705 2345 2775; x_wconf 84' lang='grc' dir='ltr'>ἡμῶν</span> <span class='ocrx_word' id='word_1_396' title='bbox 2381 2705 2716 2776; x_wconf 86' lang='grc' dir='ltr'>μετριότητα</span> <span class='ocrx_word' id='word_1_397' title='bbox 2747 2706 2846 2774; x_wconf 82' lang='grc' dir='ltr'><strong>τῆς</strong></span> <span class='ocrx_word' id='word_1_398' title='bbox 2877 2704 3217 2774; x_wconf 77' lang='grc' dir='ltr'><strong>δηλωθείσης</strong></span> <span class='ocrx_word' id='word_1_399' title='bbox 3251 2702 3457 2773; x_wconf 82' lang='grc' dir='ltr'>βίβλου.</span> <span class='ocrx_word' id='word_1_400' title='bbox 3513 2699 3572 2753; x_wconf 89' lang='grc' dir='ltr'>Ὀ</span> <span class='ocrx_word' id='word_1_401' title='bbox 3607 2698 3662 2752; x_wconf 83' lang='grc' dir='ltr'>δέ</span> <span class='ocrx_word' id='word_1_402' title='bbox 3694 2715 3761 2765; x_wconf 76' lang='grc' dir='ltr'><strong>γε</strong></span> 
     </span>
    </p>
   </div>
   <div class='ocr_carea' id='block_1_57' title="bbox 2186 2783 3758 2865">
    <p class='ocr_par' dir='ltr' id='par_1_57' title="bbox 2186 2783 3758 2865">
     <span class='ocr_line' id='line_1_57' title="bbox 2186 2783 3758 2865; baseline -0.004 -18"><span class='ocrx_word' id='word_1_403' title='bbox 2186 2795 2660 2865; x_wconf 75' lang='grc' dir='ltr'>ραιφερενδὰριος,</span> <span class='ocrx_word' id='word_1_404' title='bbox 2711 2794 2900 2865; x_wconf 72' lang='grc' dir='ltr'>ὥσπερ</span> <span class='ocrx_word' id='word_1_405' title='bbox 2942 2783 3048 2848; x_wconf 81' lang='grc' dir='ltr'><strong>ὑπό</strong></span> <span class='ocrx_word' id='word_1_406' title='bbox 3103 2811 3248 2856; x_wconf 89' lang='grc' dir='ltr'>τινος</span> <span class='ocrx_word' id='word_1_407' title='bbox 3305 2790 3758 2861; x_wconf 76' lang='grc' dir='ltr'>παρωθούμενος.</span> 
     </span>
    </p>
   </div>
   <div class='ocr_carea' id='block_1_58' title="bbox 2188 2881 3761 2956">
    <p class='ocr_par' dir='ltr' id='par_1_58' title="bbox 2188 2881 3761 2956">
     <span class='ocr_line' id='line_1_58' title="bbox 2188 2881 3761 2956; baseline -0.003 -20"><span class='ocrx_word' id='word_1_408' title='bbox 2188 2885 2380 2956; x_wconf 72' lang='grc' dir='ltr'>ἐπῄνει</span> <span class='ocrx_word' id='word_1_409' title='bbox 2414 2887 2514 2956; x_wconf 80' lang='grc' dir='ltr'>μὲν</span> <span class='ocrx_word' id='word_1_410' title='bbox 2535 2887 2634 2954; x_wconf 83' lang='grc' dir='ltr'>τὴν</span> <span class='ocrx_word' id='word_1_411' title='bbox 2667 2885 2874 2956; x_wconf 71' lang='grc' dir='ltr'>βίϐλον,</span> <span class='ocrx_word' id='word_1_412' title='bbox 2915 2888 3010 2939; x_wconf 73' lang='grc' dir='ltr'>καὶ</span> <span class='ocrx_word' id='word_1_413' title='bbox 3044 2886 3169 2954; x_wconf 81' lang='grc' dir='ltr'>περὶ</span> <span class='ocrx_word' id='word_1_414' title='bbox 3199 2885 3368 2953; x_wconf 73' lang='grc' dir='ltr'>αὐτῆς</span> <span class='ocrx_word' id='word_1_415' title='bbox 3398 2883 3467 2937; x_wconf 85' lang='grc' dir='ltr'>τὰ</span> <span class='ocrx_word' id='word_1_416' title='bbox 3495 2881 3761 2934; x_wconf 83' lang='grc' dir='ltr'>δοκοῦντά</span> 
     </span>
    </p>
   </div>
   <div class='ocr_carea' id='block_1_59' title="bbox 2181 2972 3760 3048">
    <p class='ocr_par' dir='ltr' id='par_1_59' title="bbox 2181 2972 3760 3048">
     <span class='ocr_line' id='line_1_59' title="bbox 2181 2972 3760 3048; baseline -0.003 -20"><span class='ocrx_word' id='word_1_417' title='bbox 2181 2978 2228 3029; x_wconf 86' lang='grc' dir='ltr'>οἱ</span> <span class='ocrx_word' id='word_1_418' title='bbox 2256 2977 2448 3044; x_wconf 83' lang='grc' dir='ltr'>ἔλεγεν</span> <span class='ocrx_word' id='word_1_419' title='bbox 2477 2993 2490 3006; x_wconf 76' lang='grc' dir='ltr'><strong>ο</strong></span> <span class='ocrx_word' id='word_1_420' title='bbox 2520 2977 2902 3048; x_wconf 86' lang='grc' dir='ltr'>διωμολόγησε</span> <span class='ocrx_word' id='word_1_421' title='bbox 2932 2978 2990 3031; x_wconf 83' lang='grc' dir='ltr'>δὲ</span> <span class='ocrx_word' id='word_1_422' title='bbox 3039 2977 3247 3046; x_wconf 77' lang='grc' dir='ltr'>μεταξὺ</span> <span class='ocrx_word' id='word_1_423' title='bbox 3285 2976 3460 3044; x_wconf 85' lang='grc' dir='ltr'>λέγων</span> <span class='ocrx_word' id='word_1_424' title='bbox 3492 2975 3624 3042; x_wconf 77' lang='grc' dir='ltr'>περὶ</span> <span class='ocrx_word' id='word_1_425' title='bbox 3655 2972 3760 3042; x_wconf 77' lang='grc' dir='ltr'>τῆς</span> 
     </span>
    </p>
   </div>
   <div class='ocr_carea' id='block_1_60' title="bbox 2183 3063 3759 3140">
    <p class='ocr_par' dir='ltr' id='par_1_60' title="bbox 2183 3063 3759 3140">
     <span class='ocr_line' id='line_1_60' title="bbox 2183 3063 3759 3140; baseline 0.001 -20"><span class='ocrx_word' id='word_1_426' title='bbox 2183 3069 2367 3138; x_wconf 78' lang='grc' dir='ltr'>βίϐλου</span> <span class='ocrx_word' id='word_1_427' title='bbox 2425 3069 2500 3133; x_wconf 85' lang='grc' dir='ltr'><strong>ὡς</strong></span> <span class='ocrx_word' id='word_1_428' title='bbox 2558 3073 2616 3123; x_wconf 77' lang='grc' dir='ltr'>ἐν</span> <span class='ocrx_word' id='word_1_429' title='bbox 2654 3070 2734 3139; x_wconf 83' lang='grc' dir='ltr'><strong>τῷ</strong></span> <span class='ocrx_word' id='word_1_430' title='bbox 2781 3071 2956 3139; x_wconf 82' lang='grc' dir='ltr'>τόπῳ,</span> <span class='ocrx_word' id='word_1_431' title='bbox 3005 3063 3178 3140; x_wconf 77' lang='grc' dir='ltr'>οὗπερ</span> <span class='ocrx_word' id='word_1_432' title='bbox 3232 3064 3322 3139; x_wconf 76' lang='grc' dir='ltr'>ἦν,</span> <span class='ocrx_word' id='word_1_433' title='bbox 3381 3088 3400 3120; x_wconf 74' lang='grc' dir='ltr'><strong>ι</strong></span> <span class='ocrx_word' id='word_1_434' title='bbox 3432 3069 3529 3122; x_wconf 69' lang='grc' dir='ltr'><strong>καὶ</strong></span> <span class='ocrx_word' id='word_1_435' title='bbox 3557 3070 3623 3122; x_wconf 80' lang='grc' dir='ltr'>ὲκ</span> <span class='ocrx_word' id='word_1_436' title='bbox 3665 3067 3759 3122; x_wconf 82' lang='grc' dir='ltr'><strong>τοῦ</strong></span> 
     </span>
    </p>
   </div>
   <div class='ocr_carea' id='block_1_61' title="bbox 501 3141 2080 3232">
    <p class='ocr_par' dir='ltr' id='par_1_61' title="bbox 501 3141 2073 3219">
     <span class='ocr_line' id='line_1_61' title="bbox 501 3141 2073 3219; baseline 0.003 -25"><span class='ocrx_word' id='word_1_437' title='bbox 501 3154 532 3194; x_wconf 89' lang='lat' dir='ltr'><strong>e</strong></span> <span class='ocrx_word' id='word_1_438' title='bbox 560 3141 702 3195; x_wconf 87' lang='lat' dir='ltr'><strong>serie</strong></span> <span class='ocrx_word' id='word_1_439' title='bbox 735 3141 824 3196; x_wconf 92' lang='lat' dir='ltr'><strong>illa</strong></span> <span class='ocrx_word' id='word_1_440' title='bbox 863 3141 1153 3196; x_wconf 86' lang='lat' dir='ltr'><strong>verborum</strong></span> <span class='ocrx_word' id='word_1_441' title='bbox 1201 3158 1266 3196; x_wconf 78' lang='lat' dir='ltr'><strong>ea:</strong></span> <span class='ocrx_word' id='word_1_442' title='bbox 1305 3143 1564 3207; x_wconf 89' lang='lat' dir='ltr'><strong>erasisse,</strong></span> <span class='ocrx_word' id='word_1_443' title='bbox 1595 3145 1785 3219; x_wconf 76' lang='lat' dir='ltr'><strong>nescio</strong></span> <span class='ocrx_word' id='word_1_444' title='bbox 1833 3161 2073 3213; x_wconf 87' lang='lat' dir='ltr'><strong>quanam</strong></span> 
     </span>
    </p>
   </div>
   <div class='ocr_carea' id='block_1_62' title="bbox 2184 3141 3762 3232">
    <p class='ocr_par' dir='ltr' id='par_1_62' title="bbox 2184 3145 3762 3232">
     <span class='ocr_line' id='line_1_62' title="bbox 2184 3145 3762 3232; baseline -0.001 -20"><span class='ocrx_word' id='word_1_445' title='bbox 2184 3159 2315 3213; x_wconf 84' lang='grc' dir='ltr'>Υἰοῦ</span> <span class='ocrx_word' id='word_1_446' title='bbox 2339 3155 2480 3214; x_wconf 74' lang='grc' dir='ltr'>εἶναι</span> <span class='ocrx_word' id='word_1_447' title='bbox 2511 3145 3048 3232; x_wconf 70' lang='grc' dir='ltr'>προτμαρτυρείται,</span> <span class='ocrx_word' id='word_1_448' title='bbox 3084 3177 3102 3210; x_wconf 78' lang='grc' dir='ltr'><strong>ι</strong></span> <span class='ocrx_word' id='word_1_449' title='bbox 3141 3162 3488 3230; x_wconf 74' lang='grc' dir='ltr'>χρησάμενος</span> <span class='ocrx_word' id='word_1_450' title='bbox 3511 3159 3762 3231; x_wconf 70' lang='grc' dir='ltr'>μαχαίρᾳ.</span> 
     </span>
    </p>
   </div>
   <div class='ocr_carea' id='block_1_63' title="bbox 501 3230 2080 3304">
    <p class='ocr_par' dir='ltr' id='par_1_63' title="bbox 501 3230 2080 3304">
     <span class='ocr_line' id='line_1_63' title="bbox 501 3230 2080 3304; baseline 0.005 -20"><span class='ocrx_word' id='word_1_451' title='bbox 501 3231 714 3286; x_wconf 82' lang='lat' dir='ltr'><strong>ratione</strong></span> <span class='ocrx_word' id='word_1_452' title='bbox 743 3233 797 3286; x_wconf 92' lang='lat' dir='ltr'><strong>id</strong></span> <span class='ocrx_word' id='word_1_453' title='bbox 843 3230 1024 3289; x_wconf 79' lang='lat' dir='ltr'><strong>fassus</strong></span> <span class='ocrx_word' id='word_1_454' title='bbox 1079 3235 1171 3298; x_wconf 90' lang='lat' dir='ltr'><strong>sit,</strong></span> <span class='ocrx_word' id='word_1_455' title='bbox 1204 3244 1258 3289; x_wconf 92' lang='lat' dir='ltr'><strong>et</strong></span> <span class='ocrx_word' id='word_1_456' title='bbox 1300 3250 1464 3304; x_wconf 89' lang='lat' dir='ltr'><strong>quam</strong></span> <span class='ocrx_word' id='word_1_457' title='bbox 1506 3235 1578 3290; x_wconf 84' lang='lat' dir='ltr'><strong>ob</strong></span> <span class='ocrx_word' id='word_1_458' title='bbox 1614 3252 1858 3291; x_wconf 88' lang='lat' dir='ltr'><strong>causam.</strong></span> <span class='ocrx_word' id='word_1_459' title='bbox 1891 3239 1946 3292; x_wconf 85' lang='lat' dir='ltr'><strong>id</strong></span> <span class='ocrx_word' id='word_1_460' title='bbox 1995 3249 2080 3292; x_wconf 63' lang='lat' dir='ltr'><strong>ta-</strong></span> 
     </span>
    </p>
   </div>
   <div class='ocr_carea' id='block_1_64' title="bbox 505 3326 2082 3396">
    <p class='ocr_par' dir='ltr' id='par_1_64' title="bbox 505 3326 2082 3396">
     <span class='ocr_line' id='line_1_64' title="bbox 505 3326 2082 3396; baseline 0.007 -21"><span class='ocrx_word' id='word_1_461' title='bbox 505 3338 629 3375; x_wconf 68' lang='lat' dir='ltr'><strong>men</strong></span> <span class='ocrx_word' id='word_1_462' title='bbox 665 3332 838 3378; x_wconf 89' lang='lat' dir='ltr'><strong>totum</strong></span> <span class='ocrx_word' id='word_1_463' title='bbox 873 3326 1121 3381; x_wconf 78' lang='lat' dir='ltr'><strong>veritatis</strong></span> <span class='ocrx_word' id='word_1_464' title='bbox 1144 3337 1200 3380; x_wconf 88' lang='lat' dir='ltr'><strong>et</strong></span> <span class='ocrx_word' id='word_1_465' title='bbox 1232 3329 1325 3382; x_wconf 85' lang='lat' dir='ltr'><strong>Dei</strong></span> <span class='ocrx_word' id='word_1_466' title='bbox 1369 3327 1592 3382; x_wconf 84' lang='lat' dir='ltr'><strong>Patrum</strong></span> <span class='ocrx_word' id='word_1_467' title='bbox 1631 3329 1752 3384; x_wconf 79' lang='lat' dir='ltr'><strong>fuit.</strong></span> <span class='ocrx_word' id='word_1_468' title='bbox 1783 3330 1922 3396; x_wconf 83' lang='lat' dir='ltr'><strong>Quid</strong></span> <span class='ocrx_word' id='word_1_469' title='bbox 1958 3331 2082 3386; x_wconf 89' lang='lat' dir='ltr'><strong>inde</strong></span> 
     </span>
    </p>
   </div>
   <div class='ocr_carea' id='block_1_65' title="bbox 501 3414 2082 3486">
    <p class='ocr_par' dir='ltr' id='par_1_65' title="bbox 501 3414 2082 3486">
     <span class='ocr_line' id='line_1_65' title="bbox 501 3414 2082 3486; baseline 0.006 -18"><span class='ocrx_word' id='word_1_470' title='bbox 501 3414 857 3469; x_wconf 78' lang='lat' dir='ltr'><strong>subsecutum</strong></span> <span class='ocrx_word' id='word_1_471' title='bbox 883 3418 1009 3472; x_wconf 88' lang='lat' dir='ltr'><strong>est?</strong></span> <span class='ocrx_word' id='word_1_472' title='bbox 1038 3417 1420 3478; x_wconf 81' lang='lat' dir='ltr'><strong>Consideratio</strong></span> <span class='ocrx_word' id='word_1_473' title='bbox 1449 3423 1576 3486; x_wconf 78' lang='lat' dir='ltr'><strong>lixa,</strong></span> <span class='ocrx_word' id='word_1_474' title='bbox 1601 3435 1654 3477; x_wconf 83' lang='lat' dir='ltr'><strong>et</strong></span> <span class='ocrx_word' id='word_1_475' title='bbox 1687 3425 1894 3478; x_wconf 90' lang='lat' dir='ltr'><strong>ossium</strong></span> <span class='ocrx_word' id='word_1_476' title='bbox 1929 3425 2082 3478; x_wconf 73' lang='lat' dir='ltr'><strong>tabes</strong></span> 
     </span>
    </p>
   </div>
   <div class='ocr_carea' id='block_1_66' title="bbox 503 3500 2076 3582">
    <p class='ocr_par' dir='ltr' id='par_1_66' title="bbox 503 3500 2076 3582">
     <span class='ocr_line' id='line_1_66' title="bbox 503 3500 2076 3582; baseline 0.005 -24"><span class='ocrx_word' id='word_1_477' title='bbox 503 3500 750 3560; x_wconf 77' lang='lat' dir='ltr'><strong>nostr‘am</strong></span> <span class='ocrx_word' id='word_1_478' title='bbox 795 3507 928 3576; x_wconf 62' lang='lat' dir='ltr'><strong>petit</strong></span> <span class='ocrx_word' id='word_1_479' title='bbox 960 3508 1416 3578; x_wconf 86' lang='lat' dir='ltr'><strong>mediocritatem,</strong></span> <span class='ocrx_word' id='word_1_480' title='bbox 1466 3515 1746 3582; x_wconf 80' lang='lat' dir='ltr'><strong>quomodo</strong></span> <span class='ocrx_word' id='word_1_481' title='bbox 1782 3515 1905 3568; x_wconf 85' lang='lat' dir='ltr'><strong>talis</strong></span> <span class='ocrx_word' id='word_1_482' title='bbox 1952 3531 2076 3568; x_wconf 80' lang='lat' dir='ltr'><strong>sen-</strong></span> 
     </span>
    </p>
   </div>
   <div class='ocr_carea' id='block_1_67' title="bbox 503 3598 2084 3672">
    <p class='ocr_par' dir='ltr' id='par_1_67' title="bbox 503 3598 2084 3672">
     <span class='ocr_line' id='line_1_67' title="bbox 503 3598 2084 3672; baseline 0.008 -23"><span class='ocrx_word' id='word_1_483' title='bbox 503 3598 672 3652; x_wconf 72' lang='lat' dir='ltr'><strong>tentia</strong></span> <span class='ocrx_word' id='word_1_484' title='bbox 723 3599 1028 3654; x_wconf 86' lang='lat' dir='ltr'><strong>adulterata</strong></span> <span class='ocrx_word' id='word_1_485' title='bbox 1091 3602 1250 3656; x_wconf 86' lang='lat' dir='ltr'><strong>tidem</strong></span> <span class='ocrx_word' id='word_1_486' title='bbox 1300 3604 1638 3672; x_wconf 85' lang='lat' dir='ltr'><strong>perdiderat.</strong></span> <span class='ocrx_word' id='word_1_487' title='bbox 1688 3606 2084 3662; x_wconf 63' lang='lat' dir='ltr'><strong>ecclesiastica:</strong></span> 
     </span>
    </p>
   </div>
   <div class='ocr_carea' id='block_1_68' title="bbox 504 3689 2085 3770">
    <p class='ocr_par' dir='ltr' id='par_1_68' title="bbox 504 3689 2085 3770">
     <span class='ocr_line' id='line_1_68' title="bbox 504 3689 2085 3770; baseline 0.008 -28"><span class='ocrx_word' id='word_1_488' title='bbox 504 3689 628 3759; x_wconf 87' lang='lat' dir='ltr'><strong>paci</strong></span> <span class='ocrx_word' id='word_1_489' title='bbox 651 3695 987 3746; x_wconf 86' lang='lat' dir='ltr'><strong>tantumdem</strong></span> <span class='ocrx_word' id='word_1_490' title='bbox 1025 3695 1304 3763; x_wconf 84' lang='lat' dir='ltr'><strong>proﬁcua;</strong></span> <span class='ocrx_word' id='word_1_491' title='bbox 1353 3706 1407 3752; x_wconf 89' lang='lat' dir='ltr'><strong>et</strong></span> <span class='ocrx_word' id='word_1_492' title='bbox 1435 3697 1710 3766; x_wconf 84' lang='lat' dir='ltr'><strong>quomodo</strong></span> <span class='ocrx_word' id='word_1_493' title='bbox 1745 3709 1822 3754; x_wconf 91' lang='lat' dir='ltr'><strong>tot</strong></span> <span class='ocrx_word' id='word_1_494' title='bbox 1861 3715 1955 3770; x_wconf 87' lang='lat' dir='ltr'><strong>per</strong></span> <span class='ocrx_word' id='word_1_495' title='bbox 1985 3714 2085 3754; x_wconf 88' lang='lat' dir='ltr'><strong>au-</strong></span> 
     </span>
    </p>
   </div>
   <div class='ocr_carea' id='block_1_69' title="bbox 502 3784 2084 3856">
    <p class='ocr_par' dir='ltr' id='par_1_69' title="bbox 502 3784 2084 3856">
     <span class='ocr_line' id='line_1_69' title="bbox 502 3784 2084 3856; baseline 0.007 -21"><span class='ocrx_word' id='word_1_496' title='bbox 502 3798 626 3848; x_wconf 83' lang='lat' dir='ltr'><strong>nos,</strong></span> <span class='ocrx_word' id='word_1_497' title='bbox 676 3798 707 3838; x_wconf 90' lang='lat' dir='ltr'><strong>e</strong></span> <span class='ocrx_word' id='word_1_498' title='bbox 753 3784 994 3854; x_wconf 89' lang='lat' dir='ltr'><strong>periculo</strong></span> <span class='ocrx_word' id='word_1_499' title='bbox 1040 3788 1394 3856; x_wconf 87' lang='lat' dir='ltr'><strong>elapsa,cutn</strong></span> <span class='ocrx_word' id='word_1_500' title='bbox 1439 3789 1492 3843; x_wconf 90' lang='lat' dir='ltr'><strong>in</strong></span> <span class='ocrx_word' id='word_1_501' title='bbox 1543 3791 1839 3846; x_wconf 86' lang='lat' dir='ltr'><strong>Eeclesiam</strong></span> <span class='ocrx_word' id='word_1_502' title='bbox 1883 3791 2084 3846; x_wconf 85' lang='lat' dir='ltr'><strong>veteris</strong></span> 
     </span>
    </p>
   </div>
   <div class='ocr_carea' id='block_1_70' title="bbox 504 3871 2084 3951">
    <p class='ocr_par' dir='ltr' id='par_1_70' title="bbox 504 3871 2084 3951">
     <span class='ocr_line' id='line_1_70' title="bbox 504 3871 2084 3951; baseline 0.006 -24"><span class='ocrx_word' id='word_1_503' title='bbox 504 3871 691 3928; x_wconf 73' lang='lat' dir='ltr'><strong>Roma:</strong></span> <span class='ocrx_word' id='word_1_504' title='bbox 721 3874 922 3932; x_wconf 81' lang='lat' dir='ltr'><strong>bellum</strong></span> <span class='ocrx_word' id='word_1_505' title='bbox 955 3878 1263 3944; x_wconf 73' lang='lat' dir='ltr'><strong>desaeviret,</strong></span> <span class='ocrx_word' id='word_1_506' title='bbox 1305 3896 1454 3936; x_wconf 92' lang='lat' dir='ltr'><strong>nunc</strong></span> <span class='ocrx_word' id='word_1_507' title='bbox 1488 3881 1704 3935; x_wconf 87' lang='lat' dir='ltr'><strong>demum</strong></span> <span class='ocrx_word' id='word_1_508' title='bbox 1737 3897 1832 3951; x_wconf 87' lang='lat' dir='ltr'><strong>per</strong></span> <span class='ocrx_word' id='word_1_509' title='bbox 1882 3883 2084 3936; x_wconf 88' lang='lat' dir='ltr'><strong>crude-</strong></span> 
     </span>
    </p>
   </div>
   <div class='ocr_carea' id='block_1_71' title="bbox 503 3965 2084 4042">
    <p class='ocr_par' dir='ltr' id='par_1_71' title="bbox 503 3965 2084 4042">
     <span class='ocr_line' id='line_1_71' title="bbox 503 3965 2084 4042; baseline 0.004 -22"><span class='ocrx_word' id='word_1_510' title='bbox 503 3965 610 4020; x_wconf 89' lang='lat' dir='ltr'><strong>lem</strong></span> <span class='ocrx_word' id='word_1_511' title='bbox 642 3967 970 4038; x_wconf 80' lang='lat' dir='ltr'><strong>plagiarium</strong></span> <span class='ocrx_word' id='word_1_512' title='bbox 1006 3981 1263 4040; x_wconf 86' lang='lat' dir='ltr'><strong>corrupta</strong></span> <span class='ocrx_word' id='word_1_513' title='bbox 1304 3973 1396 4033; x_wconf 88' lang='lat' dir='ltr'><strong>sit,</strong></span> <span class='ocrx_word' id='word_1_514' title='bbox 1435 3980 1493 4026; x_wconf 87' lang='lat' dir='ltr'><strong>ut</strong></span> <span class='ocrx_word' id='word_1_515' title='bbox 1541 3973 1595 4026; x_wconf 90' lang='lat' dir='ltr'><strong>in</strong></span> <span class='ocrx_word' id='word_1_516' title='bbox 1643 3985 1923 4042; x_wconf 87' lang='lat' dir='ltr'><strong>posterum</strong></span> <span class='ocrx_word' id='word_1_517' title='bbox 1959 3987 2084 4026; x_wconf 91' lang='lat' dir='ltr'><strong>cum</strong></span> 
     </span>
    </p>
   </div>
   <div class='ocr_carea' id='block_1_72' title="bbox 505 4057 2084 4124">
    <p class='ocr_par' dir='ltr' id='par_1_72' title="bbox 505 4057 2084 4124">
     <span class='ocr_line' id='line_1_72' title="bbox 505 4057 2084 4124; baseline 0.004 -15"><span class='ocrx_word' id='word_1_518' title='bbox 505 4057 911 4113; x_wconf 86' lang='lat' dir='ltr'><strong>desideraretur</strong></span> <span class='ocrx_word' id='word_1_519' title='bbox 945 4075 1030 4122; x_wconf 73' lang='lat' dir='ltr'><strong>ex,</strong></span> <span class='ocrx_word' id='word_1_520' title='bbox 1079 4060 1350 4114; x_wconf 84' lang='lat' dir='ltr'><strong>securitas</strong></span> <span class='ocrx_word' id='word_1_521' title='bbox 1377 4059 1635 4114; x_wconf 67' lang='lat' dir='ltr'><strong>Ecclesia:</strong></span> <span class='ocrx_word' id='word_1_522' title='bbox 1679 4075 1784 4114; x_wconf 87' lang='lat' dir='ltr'><strong>non</strong></span> <span class='ocrx_word' id='word_1_523' title='bbox 1827 4070 1994 4124; x_wconf 88' lang='lat' dir='ltr'><strong>esset,</strong></span> <span class='ocrx_word' id='word_1_524' title='bbox 2031 4069 2084 4115; x_wconf 89' lang='lat' dir='ltr'><strong>et</strong></span> 
     </span>
    </p>
   </div>
   <div class='ocr_carea' id='block_1_73' title="bbox 507 4149 2080 4220">
    <p class='ocr_par' dir='ltr' id='par_1_73' title="bbox 507 4149 2080 4220">
     <span class='ocr_line' id='line_1_73' title="bbox 507 4149 2080 4220; baseline 0.006 -24"><span class='ocrx_word' id='word_1_525' title='bbox 507 4149 727 4218; x_wconf 83' lang='lat' dir='ltr'><strong>quando</strong></span> <span class='ocrx_word' id='word_1_526' title='bbox 749 4150 910 4204; x_wconf 85' lang='lat' dir='ltr'><strong>etiam</strong></span> <span class='ocrx_word' id='word_1_527' title='bbox 949 4161 1314 4220; x_wconf 88' lang='lat' dir='ltr'><strong>apponeretur</strong></span> <span class='ocrx_word' id='word_1_528' title='bbox 1351 4152 1511 4206; x_wconf 81' lang='lat' dir='ltr'><strong>ﬁdem</strong></span> <span class='ocrx_word' id='word_1_529' title='bbox 1543 4152 1800 4206; x_wconf 75' lang='lat' dir='ltr'><strong>voltttnclt</strong></span> <span class='ocrx_word' id='word_1_530' title='bbox 1838 4168 1944 4206; x_wconf 90' lang='lat' dir='ltr'><strong>non</strong></span> <span class='ocrx_word' id='word_1_531' title='bbox 1978 4153 2080 4206; x_wconf 76' lang='lat' dir='ltr'><strong>ba-</strong></span> 
     </span>
    </p>
   </div>
   <div class='ocr_carea' id='block_1_74' title="bbox 509 4241 2084 4314">
    <p class='ocr_par' dir='ltr' id='par_1_74' title="bbox 509 4241 2084 4314">
     <span class='ocr_line' id='line_1_74' title="bbox 509 4241 2084 4314; baseline 0.002 -19"><span class='ocrx_word' id='word_1_532' title='bbox 509 4241 660 4295; x_wconf 82' lang='lat' dir='ltr'><strong>bcret</strong></span> <span class='ocrx_word' id='word_1_533' title='bbox 701 4258 879 4312; x_wconf 90' lang='lat' dir='ltr'><strong>neque</strong></span> <span class='ocrx_word' id='word_1_534' title='bbox 906 4243 1268 4308; x_wconf 87' lang='lat' dir='ltr'><strong>soliditatem,</strong></span> <span class='ocrx_word' id='word_1_535' title='bbox 1309 4258 1436 4298; x_wconf 91' lang='lat' dir='ltr'><strong>cum</strong></span> <span class='ocrx_word' id='word_1_536' title='bbox 1467 4245 1580 4314; x_wconf 90' lang='lat' dir='ltr'><strong>jam</strong></span> <span class='ocrx_word' id='word_1_537' title='bbox 1614 4260 1808 4298; x_wconf 77' lang='lat' dir='ltr'><strong>recens</strong></span> <span class='ocrx_word' id='word_1_538' title='bbox 1837 4245 2084 4314; x_wconf 76' lang='lat' dir='ltr'><strong>apposita</strong></span> 
     </span>
    </p>
   </div>
   <div class='ocr_carea' id='block_1_75' title="bbox 505 4328 1938 4405">
    <p class='ocr_par' dir='ltr' id='par_1_75' title="bbox 505 4328 1938 4405">
     <span class='ocr_line' id='line_1_75' title="bbox 505 4328 1938 4405; baseline 0.001 -19"><span class='ocrx_word' id='word_1_539' title='bbox 505 4328 674 4388; x_wconf 73' lang='lat' dir='ltr'><strong>fuisse</strong></span> <span class='ocrx_word' id='word_1_540' title='bbox 713 4343 1026 4389; x_wconf 84' lang='lat' dir='ltr'><strong>censeretur</strong></span> <span class='ocrx_word' id='word_1_541' title='bbox 1057 4345 1275 4405; x_wconf 85' lang='lat' dir='ltr'><strong>propter</strong></span> <span class='ocrx_word' id='word_1_542' title='bbox 1303 4349 1512 4390; x_wconf 66' lang='lat' dir='ltr'><strong>rasurae</strong></span> <span class='ocrx_word' id='word_1_543' title='bbox 1540 4335 1938 4403; x_wconf 81' lang='lat' dir='ltr'><strong>suspicionem.</strong></span> 
     </span>
    </p>
   </div>
   <div class='ocr_carea' id='block_1_76' title="bbox 578 4633 2079 4706">
    <p class='ocr_par' dir='ltr' id='par_1_76' title="bbox 578 4633 2079 4706">
     <span class='ocr_line' id='line_1_76' title="bbox 578 4633 2079 4706; baseline 0.001 -18"><span class='ocrx_word' id='word_1_544' title='bbox 578 4633 630 4688; x_wconf 80' lang='lat'><strong>5.</strong></span> <span class='ocrx_word' id='word_1_545' title='bbox 662 4633 978 4704; x_wconf 86' lang='lat' dir='ltr'><strong>ltaquebac</strong></span> <span class='ocrx_word' id='word_1_546' title='bbox 1017 4635 1084 4689; x_wconf 85' lang='lat' dir='ltr'><strong>de</strong></span> <span class='ocrx_word' id='word_1_547' title='bbox 1133 4649 1191 4690; x_wconf 86' lang='lat' dir='ltr'><strong>re</strong></span> <span class='ocrx_word' id='word_1_548' title='bbox 1249 4650 1465 4697; x_wconf 86' lang='lat' dir='ltr'><strong>omnes.</strong></span> <span class='ocrx_word' id='word_1_549' title='bbox 1505 4637 1597 4706; x_wconf 89' lang='lat' dir='ltr'><strong>qui</strong></span> <span class='ocrx_word' id='word_1_550' title='bbox 1655 4647 1770 4690; x_wconf 90' lang='lat' dir='ltr'><strong>tum</strong></span> <span class='ocrx_word' id='word_1_551' title='bbox 1821 4635 2079 4701; x_wconf 88' lang='lat' dir='ltr'><strong>aderant,</strong></span> 
     </span>
    </p>
   </div>
   <div class='ocr_carea' id='block_1_77' title="bbox 505 4725 2086 4790">
    <p class='ocr_par' dir='ltr' id='par_1_77' title="bbox 505 4725 2086 4790">
     <span class='ocr_line' id='line_1_77' title="bbox 505 4725 2086 4790; baseline 0 -9"><span class='ocrx_word' id='word_1_552' title='bbox 505 4727 890 4781; x_wconf 80' lang='lat' dir='ltr'><strong>sanctissimos</strong></span> <span class='ocrx_word' id='word_1_553' title='bbox 939 4725 1210 4781; x_wconf 86' lang='lat' dir='ltr'><strong>antistites</strong></span> <span class='ocrx_word' id='word_1_554' title='bbox 1266 4737 1483 4782; x_wconf 87' lang='lat' dir='ltr'><strong>nostros</strong></span> <span class='ocrx_word' id='word_1_555' title='bbox 1514 4765 1530 4790; x_wconf 87' lang='lat'><strong>,</strong></span> <span class='ocrx_word' id='word_1_556' title='bbox 1585 4734 1640 4781; x_wconf 90' lang='lat' dir='ltr'><strong>et</strong></span> <span class='ocrx_word' id='word_1_557' title='bbox 1667 4727 2086 4783; x_wconf 86' lang='lat' dir='ltr'><strong>comministros</strong></span> 
     </span>
    </p>
   </div>
   <div class='ocr_carea' id='block_1_78' title="bbox 481 4818 2086 4890">
    <p class='ocr_par' dir='ltr' id='par_1_78' title="bbox 481 4818 2086 4890">
     <span class='ocr_line' id='line_1_78' title="bbox 481 4818 2086 4890; baseline 0.004 -20"><span class='ocrx_word' id='word_1_558' title='bbox 481 4827 696 4874; x_wconf 85' lang='lat' dir='ltr'><strong>.nostra</strong></span> <span class='ocrx_word' id='word_1_559' title='bbox 746 4818 1096 4874; x_wconf 86' lang='lat' dir='ltr'><strong>mediocritas</strong></span> <span class='ocrx_word' id='word_1_560' title='bbox 1141 4819 1436 4889; x_wconf 86' lang='lat' dir='ltr'><strong>participes</strong></span> <span class='ocrx_word' id='word_1_561' title='bbox 1495 4820 1646 4883; x_wconf 76' lang='lat' dir='ltr'><strong>facit,</strong></span> <span class='ocrx_word' id='word_1_562' title='bbox 1704 4820 2086 4890; x_wconf 88' lang='lat' dir='ltr'><strong>medelamque</strong></span> 
     </span>
    </p>
   </div>
   <div class='ocr_carea' id='block_1_79' title="bbox 506 4903 2085 4976">
    <p class='ocr_par' dir='ltr' id='par_1_79' title="bbox 506 4903 2085 4976">
     <span class='ocr_line' id='line_1_79' title="bbox 506 4903 2085 4976; baseline 0.004 -19"><span class='ocrx_word' id='word_1_563' title='bbox 506 4904 728 4972; x_wconf 79' lang='lat' dir='ltr'><strong>negotio</strong></span> <span class='ocrx_word' id='word_1_564' title='bbox 757 4903 972 4973; x_wconf 86' lang='lat' dir='ltr'><strong>poscit:</strong></span> <span class='ocrx_word' id='word_1_565' title='bbox 1014 4921 1232 4976; x_wconf 85' lang='lat' dir='ltr'><strong>unaque</strong></span> <span class='ocrx_word' id='word_1_566' title='bbox 1270 4921 1395 4961; x_wconf 85' lang='lat' dir='ltr'><strong>cum</strong></span> <span class='ocrx_word' id='word_1_567' title='bbox 1453 4907 1560 4964; x_wconf 90' lang='lat' dir='ltr'><strong>illis</strong></span> <span class='ocrx_word' id='word_1_568' title='bbox 1621 4909 2085 4975; x_wconf 83' lang='lat' dir='ltr'><strong>comminiscitur,</strong></span> 
     </span>
    </p>
   </div>
   <div class='ocr_carea' id='block_1_80' title="bbox 507 4994 2080 5070">
    <p class='ocr_par' dir='ltr' id='par_1_80' title="bbox 507 4994 2080 5070">
     <span class='ocr_line' id='line_1_80' title="bbox 507 4994 2080 5070; baseline 0.006 -24"><span class='ocrx_word' id='word_1_569' title='bbox 507 5008 745 5061; x_wconf 81' lang='lat' dir='ltr'><strong>quanam</strong></span> <span class='ocrx_word' id='word_1_570' title='bbox 783 4995 997 5050; x_wconf 88' lang='lat' dir='ltr'><strong>ratione</strong></span> <span class='ocrx_word' id='word_1_571' title='bbox 1056 4994 1312 5051; x_wconf 65' lang='lat' dir='ltr'><strong>Ecclesia:</strong></span> <span class='ocrx_word' id='word_1_572' title='bbox 1345 4999 1437 5066; x_wconf 84' lang='lat' dir='ltr'><strong>jus</strong></span> <span class='ocrx_word' id='word_1_573' title='bbox 1487 4999 1803 5054; x_wconf 86' lang='lat' dir='ltr'><strong>conservari</strong></span> <span class='ocrx_word' id='word_1_574' title='bbox 1866 5009 2080 5070; x_wconf 88' lang='lat' dir='ltr'><strong>posset.</strong></span> 
     </span>
    </p>
   </div>
   <div class='ocr_carea' id='block_1_81' title="bbox 511 5085 2084 5161">
    <p class='ocr_par' dir='ltr' id='par_1_81' title="bbox 511 5085 2084 5161">
     <span class='ocr_line' id='line_1_81' title="bbox 511 5085 2084 5161; baseline 0.005 -23"><span class='ocrx_word' id='word_1_575' title='bbox 511 5085 578 5140; x_wconf 72' lang='lat' dir='ltr'><strong>Et</strong></span> <span class='ocrx_word' id='word_1_576' title='bbox 607 5101 902 5142; x_wconf 83' lang='lat' dir='ltr'><strong>commune</strong></span> <span class='ocrx_word' id='word_1_577' title='bbox 929 5089 1225 5144; x_wconf 84' lang='lat' dir='ltr'><strong>consilium</strong></span> <span class='ocrx_word' id='word_1_578' title='bbox 1253 5091 1484 5154; x_wconf 87' lang='lat' dir='ltr'><strong>accedit,</strong></span> <span class='ocrx_word' id='word_1_579' title='bbox 1535 5100 1590 5145; x_wconf 90' lang='lat' dir='ltr'><strong>et</strong></span> <span class='ocrx_word' id='word_1_580' title='bbox 1633 5091 1917 5161; x_wconf 76' lang='lat' dir='ltr'><strong>synodalia</strong></span> <span class='ocrx_word' id='word_1_581' title='bbox 1951 5106 2084 5146; x_wconf 83' lang='lat' dir='ltr'><strong>sen-</strong></span> 
     </span>
    </p>
   </div>
   <div class='ocr_carea' id='block_1_82' title="bbox 509 5181 2086 5250">
    <p class='ocr_par' dir='ltr' id='par_1_82' title="bbox 509 5181 2086 5250">
     <span class='ocr_line' id='line_1_82' title="bbox 509 5181 2086 5250; baseline 0.004 -18"><span class='ocrx_word' id='word_1_582' title='bbox 509 5181 1152 5250; x_wconf 47' lang='lat' dir='ltr'><strong>tentiafreliuquendum</strong></span> <span class='ocrx_word' id='word_1_583' title='bbox 1192 5197 1315 5238; x_wconf 92' lang='lat' dir='ltr'><strong>esse</strong></span> <span class='ocrx_word' id='word_1_584' title='bbox 1349 5182 1530 5236; x_wconf 88' lang='lat' dir='ltr'><strong>locum</strong></span> <span class='ocrx_word' id='word_1_585' title='bbox 1563 5183 1716 5238; x_wconf 89' lang='lat' dir='ltr'><strong>illum</strong></span> <span class='ocrx_word' id='word_1_586' title='bbox 1745 5199 2010 5247; x_wconf 86' lang='lat' dir='ltr'><strong>vacuum,</strong></span> <span class='ocrx_word' id='word_1_587' title='bbox 2033 5183 2086 5238; x_wconf 90' lang='lat' dir='ltr'><strong>in</strong></span> 
     </span>
    </p>
   </div>
   <div class='ocr_carea' id='block_1_83' title="bbox 505 5273 2082 5344">
    <p class='ocr_par' dir='ltr' id='par_1_83' title="bbox 505 5273 2082 5344">
     <span class='ocr_line' id='line_1_83' title="bbox 505 5273 2082 5344; baseline 0.004 -21"><span class='ocrx_word' id='word_1_588' title='bbox 505 5285 618 5338; x_wconf 86' lang='lat' dir='ltr'><strong>quo</strong></span> <span class='ocrx_word' id='word_1_589' title='bbox 646 5285 714 5324; x_wconf 77' lang='lat' dir='ltr'><strong>ea:</strong></span> <span class='ocrx_word' id='word_1_590' title='bbox 743 5279 902 5324; x_wconf 84' lang='lat' dir='ltr'><strong>antea</strong></span> <span class='ocrx_word' id='word_1_591' title='bbox 921 5281 1140 5336; x_wconf 83' lang='lat' dir='ltr'><strong>exarata</strong></span> <span class='ocrx_word' id='word_1_592' title='bbox 1171 5283 1332 5327; x_wconf 87' lang='lat' dir='ltr'><strong>erat:</strong></span> <span class='ocrx_word' id='word_1_593' title='bbox 1365 5273 1511 5344; x_wconf 86' lang='lat' dir='ltr'><strong>quod</strong></span> <span class='ocrx_word' id='word_1_594' title='bbox 1539 5282 1718 5329; x_wconf 85' lang='lat' dir='ltr'><strong>tutum</strong></span> <span class='ocrx_word' id='word_1_595' title='bbox 1771 5290 1879 5330; x_wconf 90' lang='lat' dir='ltr'><strong>non</strong></span> <span class='ocrx_word' id='word_1_596' title='bbox 1913 5284 2082 5340; x_wconf 89' lang='lat' dir='ltr'><strong>esset,</strong></span> 
     </span>
    </p>
   </div>
   <div class='ocr_carea' id='block_1_84' title="bbox 508 5347 2090 5436">
    <p class='ocr_par' dir='ltr' id='par_1_84' title="bbox 508 5347 2090 5436">
     <span class='ocr_line' id='line_1_84' title="bbox 508 5347 2090 5436; baseline 0.003 -20"><span class='ocrx_word' id='word_1_597' title='bbox 508 5347 651 5419; x_wconf 72' lang='lat' dir='ltr'><strong>nunc</strong></span> <span class='ocrx_word' id='word_1_598' title='bbox 679 5363 878 5418; x_wconf 80' lang='lat' dir='ltr'><strong>iterum</strong></span> <span class='ocrx_word' id='word_1_599' title='bbox 920 5365 1169 5429; x_wconf 82' lang='lat' dir='ltr'><strong>rescribi,</strong></span> <span class='ocrx_word' id='word_1_600' title='bbox 1251 5381 1582 5435; x_wconf 87' lang='lat' dir='ltr'><strong>rursumque</strong></span> <span class='ocrx_word' id='word_1_601' title='bbox 1645 5365 1789 5420; x_wconf 90' lang='lat' dir='ltr'><strong>idem</strong></span> <span class='ocrx_word' id='word_1_602' title='bbox 1853 5369 2090 5436; x_wconf 86' lang='lat' dir='ltr'><strong>posteris</strong></span> 
     </span>
    </p>
   </div>
   <div class='ocr_carea' id='block_1_85' title="bbox 507 5455 2088 5524">
    <p class='ocr_par' dir='ltr' id='par_1_85' title="bbox 507 5455 2088 5524">
     <span class='ocr_line' id='line_1_85' title="bbox 507 5455 2088 5524; baseline 0.003 -17"><span class='ocrx_word' id='word_1_603' title='bbox 507 5455 884 5524; x_wconf 79' lang='lat' dir='ltr'><strong>suspicionem</strong></span> <span class='ocrx_word' id='word_1_604' title='bbox 919 5455 1192 5523; x_wconf 82' lang='lat' dir='ltr'><strong>injiceret,</strong></span> <span class='ocrx_word' id='word_1_605' title='bbox 1241 5465 1468 5524; x_wconf 85' lang='lat' dir='ltr'><strong>prepter</strong></span> <span class='ocrx_word' id='word_1_606' title='bbox 1525 5458 1855 5524; x_wconf 86' lang='lat' dir='ltr'><strong>scripturam</strong></span> <span class='ocrx_word' id='word_1_607' title='bbox 1893 5473 2088 5513; x_wconf 86' lang='lat' dir='ltr'><strong>recen-</strong></span> 
     </span>
    </p>
   </div>
   <div class='ocr_carea' id='block_1_86' title="bbox 509 5547 2092 5617">
    <p class='ocr_par' dir='ltr' id='par_1_86' title="bbox 509 5547 2092 5617">
     <span class='ocr_line' id='line_1_86' title="bbox 509 5547 2092 5617; baseline 0.004 -21"><span class='ocrx_word' id='word_1_608' title='bbox 509 5552 618 5596; x_wconf 86' lang='lat' dir='ltr'><strong>tem</strong></span> <span class='ocrx_word' id='word_1_609' title='bbox 645 5558 842 5600; x_wconf 75' lang='lat' dir='ltr'><strong>novam</strong></span> <span class='ocrx_word' id='word_1_610' title='bbox 872 5561 888 5611; x_wconf 86' lang='lat'><strong>;</strong></span> <span class='ocrx_word' id='word_1_611' title='bbox 925 5560 1150 5616; x_wconf 88' lang='lat' dir='ltr'><strong>remque</strong></span> <span class='ocrx_word' id='word_1_612' title='bbox 1179 5555 1384 5616; x_wconf 75' lang='lat' dir='ltr'><strong>gestam</strong></span> <span class='ocrx_word' id='word_1_613' title='bbox 1415 5547 1734 5616; x_wconf 80' lang='lat' dir='ltr'><strong>signandam</strong></span> <span class='ocrx_word' id='word_1_614' title='bbox 1765 5548 1994 5617; x_wconf 86' lang='lat' dir='ltr'><strong>scripto,</strong></span> <span class='ocrx_word' id='word_1_615' title='bbox 2029 5557 2092 5602; x_wconf 88' lang='lat' dir='ltr'><strong>ut</strong></span> 
     </span>
    </p>
   </div>
   <div class='ocr_carea' id='block_1_87' title="bbox 511 5631 2126 5706">
    <p class='ocr_par' dir='ltr' id='par_1_87' title="bbox 511 5631 2126 5706">
     <span class='ocr_line' id='line_1_87' title="bbox 511 5631 2126 5706; baseline 0.002 -20"><span class='ocrx_word' id='word_1_616' title='bbox 511 5631 640 5692; x_wconf 82' lang='lat' dir='ltr'><strong>inde</strong></span> <span class='ocrx_word' id='word_1_617' title='bbox 691 5635 1066 5689; x_wconf 84' lang='lat' dir='ltr'><strong>testimonium</strong></span> <span class='ocrx_word' id='word_1_618' title='bbox 1129 5636 1407 5704; x_wconf 80' lang='lat' dir='ltr'><strong>publicum</strong></span> <span class='ocrx_word' id='word_1_619' title='bbox 1448 5648 1502 5691; x_wconf 91' lang='lat' dir='ltr'><strong>et</strong></span> <span class='ocrx_word' id='word_1_620' title='bbox 1555 5637 1688 5692; x_wconf 80' lang='lat' dir='ltr'><strong>ﬁdes</strong></span> <span class='ocrx_word' id='word_1_621' title='bbox 1749 5636 2083 5706; x_wconf 71' lang='lat' dir='ltr'><strong>proveniat,</strong></span> <span class='ocrx_word' id='word_1_622' title='bbox 2113 5645 2126 5652; x_wconf 80' lang='lat'><em>‘</em></span> 
     </span>
    </p>
   </div>
   <div class='ocr_carea' id='block_1_88' title="bbox 522 5723 2090 5798">
    <p class='ocr_par' dir='ltr' id='par_1_88' title="bbox 522 5723 2090 5798">
     <span class='ocr_line' id='line_1_88' title="bbox 522 5723 2090 5798; baseline 0.004 -22"><span class='ocrx_word' id='word_1_623' title='bbox 522 5723 813 5790; x_wconf 72' lang='lat' dir='ltr'><strong>scriptura:</strong></span> <span class='ocrx_word' id='word_1_624' title='bbox 843 5727 1170 5780; x_wconf 81' lang='lat' dir='ltr'><strong>sententiam</strong></span> <span class='ocrx_word' id='word_1_625' title='bbox 1205 5727 1554 5798; x_wconf 83' lang='lat' dir='ltr'><strong>depravatam</strong></span> <span class='ocrx_word' id='word_1_626' title='bbox 1612 5729 1804 5793; x_wconf 76' lang='lat' dir='ltr'><strong>fuisse,</strong></span> <span class='ocrx_word' id='word_1_627' title='bbox 1863 5739 2090 5796; x_wconf 86' lang='lat' dir='ltr'><strong>propter</strong></span> 
     </span>
    </p>
   </div>
   <div class='ocr_carea' id='block_1_89' title="bbox 517 5815 2076 5884">
    <p class='ocr_par' dir='ltr' id='par_1_89' title="bbox 517 5815 2076 5884">
     <span class='ocr_line' id='line_1_89' title="bbox 517 5815 2076 5884; baseline 0.003 -18"><span class='ocrx_word' id='word_1_628' title='bbox 517 5825 736 5879; x_wconf 71' lang='lat' dir='ltr'><strong>eorum,</strong></span> <span class='ocrx_word' id='word_1_629' title='bbox 757 5815 847 5883; x_wconf 84' lang='lat' dir='ltr'><strong>qui</strong></span> <span class='ocrx_word' id='word_1_630' title='bbox 878 5817 1224 5883; x_wconf 83' lang='lat' dir='ltr'><strong>postmodum</strong></span> <span class='ocrx_word' id='word_1_631' title='bbox 1253 5817 1466 5872; x_wconf 77' lang='lat' dir='ltr'><strong>\‘t&#39;ltllll‘i</strong></span> <span class='ocrx_word' id='word_1_632' title='bbox 1503 5826 1650 5884; x_wconf 89' lang='lat' dir='ltr'><strong>sunt,</strong></span> <span class='ocrx_word' id='word_1_633' title='bbox 1683 5819 2032 5874; x_wconf 77' lang='lat' dir='ltr'><strong>securizatem</strong></span> <span class='ocrx_word' id='word_1_634' title='bbox 2062 5835 2076 5870; x_wconf 88' lang='lat'><strong>:</strong></span> 
     </span>
    </p>
   </div>
   <div class='ocr_carea' id='block_1_90' title="bbox 2184 3249 3762 3322">
    <p class='ocr_par' dir='ltr' id='par_1_90' title="bbox 2184 3249 3762 3322">
     <span class='ocr_line' id='line_1_90' title="bbox 2184 3249 3762 3322; baseline -0.002 -17"><span class='ocrx_word' id='word_1_635' title='bbox 2184 3254 2244 3305; x_wconf 69' lang='grc' dir='ltr'>τὸ</span> <span class='ocrx_word' id='word_1_636' title='bbox 2273 3253 2344 3306; x_wconf 80' lang='grc' dir='ltr'>ἐκ</span> <span class='ocrx_word' id='word_1_637' title='bbox 2375 3251 2468 3306; x_wconf 86' lang='grc' dir='ltr'><strong>τοῦ</strong></span> <span class='ocrx_word' id='word_1_638' title='bbox 2503 3254 2662 3320; x_wconf 81' lang='grc' dir='ltr'>λόγου</span> <span class='ocrx_word' id='word_1_639' title='bbox 2697 3251 2997 3317; x_wconf 80' lang='grc' dir='ltr'>ἀπέξυσεν,</span> <span class='ocrx_word' id='word_1_640' title='bbox 3030 3254 3130 3306; x_wconf 86' lang='grc' dir='ltr'><strong>οὑκ</strong></span> <span class='ocrx_word' id='word_1_641' title='bbox 3166 3249 3265 3306; x_wconf 79' lang='grc' dir='ltr'>οἷδ’</span> <span class='ocrx_word' id='word_1_642' title='bbox 3298 3253 3450 3316; x_wconf 81' lang='grc' dir='ltr'>ὅπως</span> <span class='ocrx_word' id='word_1_643' title='bbox 3492 3252 3762 3322; x_wconf 78' lang='grc' dir='ltr'>ὁμολογή-</span> 
     </span>
    </p>
   </div>
   <div class='ocr_carea' id='block_1_91' title="bbox 2185 3339 3759 3415">
    <p class='ocr_par' dir='ltr' id='par_1_91' title="bbox 2185 3339 3759 3415">
     <span class='ocr_line' id='line_1_91' title="bbox 2185 3339 3759 3415; baseline 0 -19"><span class='ocrx_word' id='word_1_644' title='bbox 2185 3361 2284 3406; x_wconf 76' lang='grc' dir='ltr'><strong>σας</strong></span> <span class='ocrx_word' id='word_1_645' title='bbox 2315 3345 2450 3398; x_wconf 80' lang='grc' dir='ltr'>αὑτὸ</span> <span class='ocrx_word' id='word_1_646' title='bbox 2491 3345 2587 3398; x_wconf 77' lang='grc' dir='ltr'>καὶ</span> <span class='ocrx_word' id='word_1_647' title='bbox 2624 3344 2757 3415; x_wconf 76' lang='grc' dir='ltr'>παρ’</span> <span class='ocrx_word' id='word_1_648' title='bbox 2787 3347 2854 3415; x_wconf 78' lang='grc' dir='ltr'>ἣν</span> <span class='ocrx_word' id='word_1_649' title='bbox 2879 3343 2980 3414; x_wconf 71' lang='grc' dir='ltr'>τὴν</span> <span class='ocrx_word' id='word_1_650' title='bbox 3011 3345 3218 3399; x_wconf 86' lang='grc' dir='ltr'>αἰτίαν.</span> <span class='ocrx_word' id='word_1_651' title='bbox 3247 3344 3394 3406; x_wconf 80' lang='grc' dir='ltr'>Τέως</span> <span class='ocrx_word' id='word_1_652' title='bbox 3435 3343 3494 3397; x_wconf 79' lang='grc' dir='ltr'>δὲ</span> <span class='ocrx_word' id='word_1_653' title='bbox 3526 3343 3648 3397; x_wconf 80' lang='grc' dir='ltr'>ὅλον</span> <span class='ocrx_word' id='word_1_654' title='bbox 3692 3339 3759 3413; x_wconf 81' lang='grc' dir='ltr'>ἦν</span> 
     </span>
    </p>
   </div>
   <div class='ocr_carea' id='block_1_92' title="bbox 2183 3435 3761 3507">
    <p class='ocr_par' dir='ltr' id='par_1_92' title="bbox 2183 3435 3761 3507">
     <span class='ocr_line' id='line_1_92' title="bbox 2183 3435 3761 3507; baseline -0.003 -14"><span class='ocrx_word' id='word_1_655' title='bbox 2183 3440 2344 3493; x_wconf 88' lang='grc' dir='ltr'>τοῦτο</span> <span class='ocrx_word' id='word_1_656' title='bbox 2373 3437 2476 3507; x_wconf 78' lang='grc' dir='ltr'>τῆς</span> <span class='ocrx_word' id='word_1_657' title='bbox 2507 3437 2770 3506; x_wconf 79' lang='grc' dir='ltr'>ἀληθείας</span> <span class='ocrx_word' id='word_1_658' title='bbox 2809 3437 3024 3490; x_wconf 73' lang='grc' dir='ltr'>καὶτοῦ</span> <span class='ocrx_word' id='word_1_659' title='bbox 3054 3436 3163 3490; x_wconf 83' lang='grc' dir='ltr'><strong>τῶν</strong></span> <span class='ocrx_word' id='word_1_660' title='bbox 3196 3436 3463 3506; x_wconf 77' lang='grc' dir='ltr'>Πατέρων</span> <span class='ocrx_word' id='word_1_661' title='bbox 3494 3435 3655 3489; x_wconf 84' lang='grc' dir='ltr'>Θεοῦ.</span> <span class='ocrx_word' id='word_1_662' title='bbox 3695 3435 3761 3488; x_wconf 82' lang='grc' dir='ltr'>Τί</span> 
     </span>
    </p>
   </div>
   <div class='ocr_carea' id='block_1_93' title="bbox 2183 3529 3770 3600">
    <p class='ocr_par' dir='ltr' id='par_1_93' title="bbox 2183 3529 3770 3600">
     <span class='ocr_line' id='line_1_93' title="bbox 2183 3529 3770 3600; baseline -0.003 -14"><span class='ocrx_word' id='word_1_663' title='bbox 2183 3534 2245 3586; x_wconf 86' lang='grc' dir='ltr'>τὸ</span> <span class='ocrx_word' id='word_1_664' title='bbox 2282 3533 2376 3586; x_wconf 74' lang='grc' dir='ltr'><strong>ἐπὶ</strong></span> <span class='ocrx_word' id='word_1_665' title='bbox 2429 3533 2679 3598; x_wconf 79' lang='grc' dir='ltr'>τούτοιςς</span> <span class='ocrx_word' id='word_1_666' title='bbox 2745 3531 3127 3600; x_wconf 80' lang='grc' dir='ltr'>Ἐμμέριμνος</span> <span class='ocrx_word' id='word_1_667' title='bbox 3173 3529 3458 3600; x_wconf 79' lang='grc' dir='ltr'>λογισμὸς,</span> <span class='ocrx_word' id='word_1_668' title='bbox 3506 3533 3602 3584; x_wconf 77' lang='grc' dir='ltr'>καὶ</span> <span class='ocrx_word' id='word_1_669' title='bbox 3663 3532 3770 3598; x_wconf 79' lang='grc' dir='ltr'>σὴς</span> 
     </span>
    </p>
   </div>
   <div class='ocr_carea' id='block_1_94' title="bbox 2155 3621 3766 3693">
    <p class='ocr_par' dir='ltr' id='par_1_94' title="bbox 2155 3621 3766 3693">
     <span class='ocr_line' id='line_1_94' title="bbox 2155 3621 3766 3693; baseline 0 -17"><span class='ocrx_word' id='word_1_670' title='bbox 2155 3623 2390 3676; x_wconf 80' lang='grc' dir='ltr'>’ὀστέων</span> <span class='ocrx_word' id='word_1_671' title='bbox 2421 3623 2688 3690; x_wconf 74' lang='grc' dir='ltr'>ἐμπίπτει</span> <span class='ocrx_word' id='word_1_672' title='bbox 2728 3625 2794 3693; x_wconf 77' lang='grc' dir='ltr'>τῇ</span> <span class='ocrx_word' id='word_1_673' title='bbox 2831 3623 2989 3692; x_wconf 78' lang='grc' dir='ltr'>ἡμῶν</span> <span class='ocrx_word' id='word_1_674' title='bbox 3037 3623 3382 3691; x_wconf 77' lang='grc' dir='ltr'>μετριότητι,</span> <span class='ocrx_word' id='word_1_675' title='bbox 3415 3623 3562 3685; x_wconf 81' lang='grc' dir='ltr'>ὅπως</span> <span class='ocrx_word' id='word_1_676' title='bbox 3589 3621 3766 3676; x_wconf 87' lang='grc' dir='ltr'>τοιοῦ-</span> 
     </span>
    </p>
   </div>
   <div class='ocr_carea' id='block_1_95' title="bbox 2186 3710 3764 3782">
    <p class='ocr_par' dir='ltr' id='par_1_95' title="bbox 2186 3710 3764 3782">
     <span class='ocr_line' id='line_1_95' title="bbox 2186 3710 3764 3782; baseline -0.001 -16"><span class='ocrx_word' id='word_1_677' title='bbox 2186 3731 2276 3766; x_wconf 85' lang='grc' dir='ltr'><strong>τον</strong></span> <span class='ocrx_word' id='word_1_678' title='bbox 2305 3713 2472 3782; x_wconf 80' lang='grc' dir='ltr'>ῥητὸν</span> <span class='ocrx_word' id='word_1_679' title='bbox 2503 3711 2769 3780; x_wconf 80' lang='grc' dir='ltr'>ὲνοθεύθη</span> <span class='ocrx_word' id='word_1_680' title='bbox 2801 3751 2814 3768; x_wconf 88' lang='lat'><strong>.</strong></span> <span class='ocrx_word' id='word_1_681' title='bbox 2851 3713 2944 3764; x_wconf 74' lang='grc' dir='ltr'>καὶ</span> <span class='ocrx_word' id='word_1_682' title='bbox 2977 3713 3079 3776; x_wconf 77' lang='grc' dir='ltr'>τὴν</span> <span class='ocrx_word' id='word_1_683' title='bbox 3121 3711 3468 3772; x_wconf 75' lang='grc' dir='ltr'>ἀξιοπιστίαν</span> <span class='ocrx_word' id='word_1_684' title='bbox 3507 3710 3764 3764; x_wconf 72' lang='grc' dir='ltr'>ἀπώλεσε</span> 
     </span>
    </p>
   </div>
   <div class='ocr_carea' id='block_1_96' title="bbox 2185 3799 3774 3874">
    <p class='ocr_par' dir='ltr' id='par_1_96' title="bbox 2185 3799 3774 3874">
     <span class='ocr_line' id='line_1_96' title="bbox 2185 3799 3774 3874; baseline -0.004 -15"><span class='ocrx_word' id='word_1_685' title='bbox 2185 3808 2251 3874; x_wconf 76' lang='grc' dir='ltr'><strong>τῇ</strong></span> <span class='ocrx_word' id='word_1_686' title='bbox 2314 3805 2756 3874; x_wconf 75' lang='grc' dir='ltr'>ὲκκλησιαστικῇ</span> <span class='ocrx_word' id='word_1_687' title='bbox 2782 3804 2974 3872; x_wconf 75' lang='grc' dir='ltr'>εἰρήνῃ</span> <span class='ocrx_word' id='word_1_688' title='bbox 2998 3803 3063 3854; x_wconf 78' lang='grc' dir='ltr'><strong>τὰ</strong></span> <span class='ocrx_word' id='word_1_689' title='bbox 3092 3801 3264 3855; x_wconf 80' lang='grc' dir='ltr'>πολλὰ</span> <span class='ocrx_word' id='word_1_690' title='bbox 3291 3799 3774 3870; x_wconf 52' lang='grc' dir='ltr'>συμϐαλλόμενον,</span> 
     </span>
    </p>
   </div>
   <div class='ocr_carea' id='block_1_97' title="bbox 2189 3892 3773 3966">
    <p class='ocr_par' dir='ltr' id='par_1_97' title="bbox 2189 3892 3773 3966">
     <span class='ocr_line' id='line_1_97' title="bbox 2189 3892 3773 3966; baseline -0.005 -14"><span class='ocrx_word' id='word_1_691' title='bbox 2189 3897 2286 3952; x_wconf 65' lang='grc' dir='ltr'>καὶ</span> <span class='ocrx_word' id='word_1_692' title='bbox 2323 3898 2474 3960; x_wconf 81' lang='grc' dir='ltr'>ὅπως</span> <span class='ocrx_word' id='word_1_693' title='bbox 2503 3896 2720 3966; x_wconf 85' lang='grc' dir='ltr'>χρόνοις</span> <span class='ocrx_word' id='word_1_694' title='bbox 2747 3895 3030 3956; x_wconf 72' lang='grc' dir='ltr'>τοσούτοις</span> <span class='ocrx_word' id='word_1_695' title='bbox 3061 3895 3151 3946; x_wconf 78' lang='grc' dir='ltr'>τὸν</span> <span class='ocrx_word' id='word_1_696' title='bbox 3203 3893 3454 3946; x_wconf 87' lang='grc' dir='ltr'>κίνδυνον</span> <span class='ocrx_word' id='word_1_697' title='bbox 3488 3892 3773 3962; x_wconf 73' lang='grc' dir='ltr'>ἀποδρὰν,</span> 
     </span>
    </p>
   </div>
   <div class='ocr_carea' id='block_1_98' title="bbox 2186 3985 3769 4055">
    <p class='ocr_par' dir='ltr' id='par_1_98' title="bbox 2186 3985 3769 4055">
     <span class='ocr_line' id='line_1_98' title="bbox 2186 3985 3769 4055; baseline -0.003 -15"><span class='ocrx_word' id='word_1_698' title='bbox 2186 3988 2274 4040; x_wconf 84' lang='grc' dir='ltr'>ὅτε</span> <span class='ocrx_word' id='word_1_699' title='bbox 2306 3987 2400 4040; x_wconf 72' lang='grc' dir='ltr'>καὶ</span> <span class='ocrx_word' id='word_1_700' title='bbox 2428 3987 2456 4040; x_wconf 82' lang='grc' dir='ltr'>ὁ</span> <span class='ocrx_word' id='word_1_701' title='bbox 2503 3987 2648 4039; x_wconf 81' lang='grc' dir='ltr'>κατὰ</span> <span class='ocrx_word' id='word_1_702' title='bbox 2691 3986 2788 4055; x_wconf 75' lang='grc' dir='ltr'>τῆς</span> <span class='ocrx_word' id='word_1_703' title='bbox 2833 3985 3170 4055; x_wconf 81' lang='grc' dir='ltr'>Ἐκκλησίας</span> <span class='ocrx_word' id='word_1_704' title='bbox 3225 3985 3324 4052; x_wconf 84' lang='grc' dir='ltr'>τῆς</span> <span class='ocrx_word' id='word_1_705' title='bbox 3377 3985 3769 4054; x_wconf 72' lang='grc' dir='ltr'>πρεσϐυτέρας</span> 
     </span>
    </p>
   </div>
   <div class='ocr_carea' id='block_1_99' title="bbox 2191 4075 3764 4150">
    <p class='ocr_par' dir='ltr' id='par_1_99' title="bbox 2191 4075 3764 4150">
     <span class='ocr_line' id='line_1_99' title="bbox 2191 4075 3764 4150; baseline -0.002 -19"><span class='ocrx_word' id='word_1_706' title='bbox 2191 4079 2381 4150; x_wconf 71' lang='grc' dir='ltr'>ῥώμης</span> <span class='ocrx_word' id='word_1_707' title='bbox 2439 4078 2715 4147; x_wconf 71' lang='grc' dir='ltr'>ἐσφάδαζε</span> <span class='ocrx_word' id='word_1_708' title='bbox 2761 4077 3044 4142; x_wconf 77' lang='grc' dir='ltr'>πόλεμος,</span> <span class='ocrx_word' id='word_1_709' title='bbox 3104 4076 3311 4146; x_wconf 82' lang='grc' dir='ltr'>ἀρτίως</span> <span class='ocrx_word' id='word_1_710' title='bbox 3361 4075 3764 4146; x_wconf 74' lang='grc' dir='ltr'>παρεχαράχθη</span> 
     </span>
    </p>
   </div>
   <div class='ocr_carea' id='block_1_100' title="bbox 2190 4167 3772 4241">
    <p class='ocr_par' dir='ltr' id='par_1_100' title="bbox 2190 4167 3772 4241">
     <span class='ocr_line' id='line_1_100' title="bbox 2190 4167 3772 4241; baseline -0.002 -16"><span class='ocrx_word' id='word_1_711' title='bbox 2190 4173 2296 4225; x_wconf 83' lang='grc' dir='ltr'>ὑπὸ</span> <span class='ocrx_word' id='word_1_712' title='bbox 2329 4173 2590 4241; x_wconf 81' lang='grc' dir='ltr'>ἀποτόμῳ</span> <span class='ocrx_word' id='word_1_713' title='bbox 2621 4171 2800 4240; x_wconf 83' lang='grc' dir='ltr'>τομεῖ,</span> <span class='ocrx_word' id='word_1_714' title='bbox 2833 4168 2907 4231; x_wconf 84' lang='grc' dir='ltr'><strong>ὡς</strong></span> <span class='ocrx_word' id='word_1_715' title='bbox 2949 4170 3089 4240; x_wconf 85' lang='grc' dir='ltr'>μήτε</span> <span class='ocrx_word' id='word_1_716' title='bbox 3138 4170 3198 4221; x_wconf 81' lang='grc' dir='ltr'>τὸ</span> <span class='ocrx_word' id='word_1_717' title='bbox 3240 4167 3498 4220; x_wconf 76' lang='grc' dir='ltr'>ἐντεῦθεν</span> <span class='ocrx_word' id='word_1_718' title='bbox 3559 4169 3651 4222; x_wconf 85' lang='grc' dir='ltr'><strong>τοῦ</strong></span> <span class='ocrx_word' id='word_1_719' title='bbox 3695 4168 3772 4222; x_wconf 73' lang='grc' dir='ltr'>ἐκ</span> 
     </span>
    </p>
   </div>
   <div class='ocr_carea' id='block_1_101' title="bbox 2187 4258 3768 4330">
    <p class='ocr_par' dir='ltr' id='par_1_101' title="bbox 2187 4258 3768 4330">
     <span class='ocr_line' id='line_1_101' title="bbox 2187 4258 3768 4330; baseline -0.002 -14"><span class='ocrx_word' id='word_1_720' title='bbox 2187 4265 2470 4327; x_wconf 85' lang='grc' dir='ltr'>λείποντος</span> <span class='ocrx_word' id='word_1_721' title='bbox 2518 4264 2764 4326; x_wconf 83' lang='grc' dir='ltr'>ἀσφαλὲς</span> <span class='ocrx_word' id='word_1_722' title='bbox 2812 4258 2978 4326; x_wconf 80' lang='grc' dir='ltr'>εἶναι,</span> <span class='ocrx_word' id='word_1_723' title='bbox 3040 4263 3177 4330; x_wconf 79' lang='grc' dir='ltr'>μήτε</span> <span class='ocrx_word' id='word_1_724' title='bbox 3213 4261 3320 4330; x_wconf 79' lang='grc' dir='ltr'>μὴν</span> <span class='ocrx_word' id='word_1_725' title='bbox 3372 4260 3768 4329; x_wconf 80' lang='grc' dir='ltr'>προστεθέντος</span> 
     </span>
    </p>
   </div>
   <div class='ocr_carea' id='block_1_102' title="bbox 2191 4351 3766 4423">
    <p class='ocr_par' dir='ltr' id='par_1_102' title="bbox 2191 4351 3766 4423">
     <span class='ocr_line' id='line_1_102' title="bbox 2191 4351 3766 4423; baseline -0.001 -15"><span class='ocrx_word' id='word_1_726' title='bbox 2191 4357 2286 4409; x_wconf 70' lang='grc' dir='ltr'><strong>καὶ</strong></span> <span class='ocrx_word' id='word_1_727' title='bbox 2311 4356 2474 4409; x_wconf 67' lang='grc' dir='ltr'>πὲλιν</span> <span class='ocrx_word' id='word_1_728' title='bbox 2503 4355 2566 4408; x_wconf 77' lang='grc' dir='ltr'>τὸ</span> <span class='ocrx_word' id='word_1_729' title='bbox 2592 4355 2910 4420; x_wconf 77' lang='grc' dir='ltr'>ἀξιόπιστον</span> <span class='ocrx_word' id='word_1_730' title='bbox 2936 4351 3082 4423; x_wconf 80' lang='grc' dir='ltr'>ἔχειν</span> <span class='ocrx_word' id='word_1_731' title='bbox 3117 4356 3216 4419; x_wconf 81' lang='grc' dir='ltr'>τὴν</span> <span class='ocrx_word' id='word_1_732' title='bbox 3253 4352 3434 4422; x_wconf 72' lang='grc' dir='ltr'>βίϐλον</span> <span class='ocrx_word' id='word_1_733' title='bbox 3458 4353 3551 4406; x_wconf 74' lang='grc' dir='ltr'><strong>καὶ</strong></span> <span class='ocrx_word' id='word_1_734' title='bbox 3582 4354 3766 4419; x_wconf 69' lang='grc' dir='ltr'>ἀσφα-</span> 
     </span>
    </p>
   </div>
   <div class='ocr_carea' id='block_1_103' title="bbox 2165 4441 3769 4513">
    <p class='ocr_par' dir='ltr' id='par_1_103' title="bbox 2165 4441 3769 4513">
     <span class='ocr_line' id='line_1_103' title="bbox 2165 4441 3769 4513; baseline -0.002 -15"><span class='ocrx_word' id='word_1_735' title='bbox 2165 4445 2302 4507; x_wconf 86' lang='grc' dir='ltr'>,λὲς,</span> <span class='ocrx_word' id='word_1_736' title='bbox 2338 4445 2403 4497; x_wconf 79' lang='grc' dir='ltr'>ὲκ</span> <span class='ocrx_word' id='word_1_737' title='bbox 2420 4443 2514 4497; x_wconf 86' lang='grc' dir='ltr'><strong>τοῦ</strong></span> <span class='ocrx_word' id='word_1_738' title='bbox 2550 4443 2887 4512; x_wconf 72' lang='grc' dir='ltr'>προσφάτως</span> <span class='ocrx_word' id='word_1_739' title='bbox 2923 4441 3240 4512; x_wconf 73' lang='grc' dir='ltr'>λογίζεσθαι</span> <span class='ocrx_word' id='word_1_740' title='bbox 3265 4443 3634 4513; x_wconf 78' lang='grc' dir='ltr'>προστεθῆναι</span> <span class='ocrx_word' id='word_1_741' title='bbox 3679 4443 3769 4494; x_wconf 72' lang='grc' dir='ltr'><strong>διὰ</strong></span> 
     </span>
    </p>
   </div>
   <div class='ocr_carea' id='block_1_104' title="bbox 2191 4530 2892 4600">
    <p class='ocr_par' dir='ltr' id='par_1_104' title="bbox 2191 4530 2892 4600">
     <span class='ocr_line' id='line_1_104' title="bbox 2191 4530 2892 4600; baseline -0.001 -13"><span class='ocrx_word' id='word_1_742' title='bbox 2191 4533 2285 4587; x_wconf 88' lang='grc' dir='ltr'><strong>τοῦ</strong></span> <span class='ocrx_word' id='word_1_743' title='bbox 2323 4533 2599 4600; x_wconf 80' lang='grc' dir='ltr'>ξύσματος</span> <span class='ocrx_word' id='word_1_744' title='bbox 2626 4530 2892 4586; x_wconf 73' lang='grc' dir='ltr'>ὕποπτον.</span> 
     </span>
    </p>
   </div>
   <div class='ocr_carea' id='block_1_105' title="bbox 2259 4623 3771 4695">
    <p class='ocr_par' dir='ltr' id='par_1_105' title="bbox 2259 4623 3771 4695">
     <span class='ocr_line' id='line_1_105' title="bbox 2259 4623 3771 4695; baseline -0.002 -18"><span class='ocrx_word' id='word_1_745' title='bbox 2259 4630 2320 4679; x_wconf 84' lang='grc' dir='ltr'><strong>ε’.</strong></span> <span class='ocrx_word' id='word_1_746' title='bbox 2363 4623 2645 4678; x_wconf 84' lang='grc' dir='ltr'>Κοινοῦται</span> <span class='ocrx_word' id='word_1_747' title='bbox 2676 4624 2854 4677; x_wconf 87' lang='grc' dir='ltr'>τοίνυν</span> <span class='ocrx_word' id='word_1_748' title='bbox 2886 4623 2954 4676; x_wconf 75' lang='grc' dir='ltr'><strong>τὰ</strong></span> <span class='ocrx_word' id='word_1_749' title='bbox 2998 4624 3126 4695; x_wconf 80' lang='grc' dir='ltr'>περὶ</span> <span class='ocrx_word' id='word_1_750' title='bbox 3159 4623 3350 4676; x_wconf 80' lang='grc' dir='ltr'>τούτου</span> <span class='ocrx_word' id='word_1_751' title='bbox 3381 4623 3413 4693; x_wconf 87' lang='grc' dir='ltr'><strong>ή</strong></span> <span class='ocrx_word' id='word_1_752' title='bbox 3470 4623 3771 4695; x_wconf 69' lang='grc' dir='ltr'>μετριότης</span> 
     </span>
    </p>
   </div>
   <div class='ocr_carea' id='block_1_106' title="bbox 2187 4715 3773 4788">
    <p class='ocr_par' dir='ltr' id='par_1_106' title="bbox 2187 4715 3773 4788">
     <span class='ocr_line' id='line_1_106' title="bbox 2187 4715 3773 4788; baseline 0 -19"><span class='ocrx_word' id='word_1_753' title='bbox 2187 4717 2347 4788; x_wconf 71' lang='grc' dir='ltr'>ἡμῶν</span> <span class='ocrx_word' id='word_1_754' title='bbox 2402 4720 2518 4778; x_wconf 88' lang='grc' dir='ltr'>τοῖς</span> <span class='ocrx_word' id='word_1_755' title='bbox 2565 4715 2986 4787; x_wconf 81' lang='grc' dir='ltr'>παρευρεθεῖσιν</span> <span class='ocrx_word' id='word_1_756' title='bbox 3034 4715 3352 4786; x_wconf 77' lang='grc' dir='ltr'>ἱερωτάτοις</span> <span class='ocrx_word' id='word_1_757' title='bbox 3405 4716 3773 4786; x_wconf 68' lang='grc' dir='ltr'>ἀρχιερεῦσιν</span> 
     </span>
    </p>
   </div>
   <div class='ocr_carea' id='block_1_107' title="bbox 2189 4806 3774 4878">
    <p class='ocr_par' dir='ltr' id='par_1_107' title="bbox 2189 4806 3774 4878">
     <span class='ocr_line' id='line_1_107' title="bbox 2189 4806 3774 4878; baseline -0.001 -16"><span class='ocrx_word' id='word_1_758' title='bbox 2189 4808 2435 4878; x_wconf 79' lang='grc' dir='ltr'>ἀδελφοῖς</span> <span class='ocrx_word' id='word_1_759' title='bbox 2477 4807 2637 4878; x_wconf 83' lang='grc' dir='ltr'>ἡμῶν</span> <span class='ocrx_word' id='word_1_760' title='bbox 2676 4809 2772 4860; x_wconf 73' lang='grc' dir='ltr'>καὶ</span> <span class='ocrx_word' id='word_1_761' title='bbox 2821 4807 3286 4876; x_wconf 61' lang='grc' dir='ltr'>συλλειτουργοῖςξ·</span> <span class='ocrx_word' id='word_1_762' title='bbox 3351 4806 3613 4877; x_wconf 72' lang='grc' dir='ltr'>ἀναζητεῖ</span> <span class='ocrx_word' id='word_1_763' title='bbox 3681 4807 3774 4860; x_wconf 82' lang='grc' dir='ltr'><strong>Θε-</strong></span> 
     </span>
    </p>
   </div>
   <div class='ocr_carea' id='block_1_108' title="bbox 2188 4899 3770 4974">
    <p class='ocr_par' dir='ltr' id='par_1_108' title="bbox 2188 4899 3770 4974">
     <span class='ocr_line' id='line_1_108' title="bbox 2188 4899 3770 4974; baseline -0.002 -18"><span class='ocrx_word' id='word_1_764' title='bbox 2188 4901 2428 4974; x_wconf 84' lang='grc' dir='ltr'>ραπείαν</span> <span class='ocrx_word' id='word_1_765' title='bbox 2482 4899 2576 4952; x_wconf 88' lang='grc' dir='ltr'><strong>τοῦ</strong></span> <span class='ocrx_word' id='word_1_766' title='bbox 2635 4900 2992 4971; x_wconf 74' lang='grc' dir='ltr'>πράγματοςσ</span> <span class='ocrx_word' id='word_1_767' title='bbox 3043 4899 3236 4952; x_wconf 84' lang='grc' dir='ltr'>σκοπεῖ</span> <span class='ocrx_word' id='word_1_768' title='bbox 3287 4899 3384 4951; x_wconf 80' lang='grc' dir='ltr'>σὺν</span> <span class='ocrx_word' id='word_1_769' title='bbox 3413 4900 3616 4962; x_wconf 78' lang='grc' dir='ltr'>αὑτοῖς,</span> <span class='ocrx_word' id='word_1_770' title='bbox 3646 4900 3770 4964; x_wconf 84' lang='grc' dir='ltr'><strong>πῶς</strong></span> 
     </span>
    </p>
   </div>
   <div class='ocr_carea' id='block_1_109' title="bbox 2191 4989 3767 5064">
    <p class='ocr_par' dir='ltr' id='par_1_109' title="bbox 2191 4989 3767 5064">
     <span class='ocr_line' id='line_1_109' title="bbox 2191 4989 3767 5064; baseline -0.001 -15"><span class='ocrx_word' id='word_1_771' title='bbox 2191 4993 2258 5049; x_wconf 79' lang='grc' dir='ltr'><strong>ἃν</strong></span> <span class='ocrx_word' id='word_1_772' title='bbox 2315 4993 2693 5062; x_wconf 81' lang='grc' dir='ltr'>ὲπανασωθείη</span> <span class='ocrx_word' id='word_1_773' title='bbox 2740 4995 2806 5064; x_wconf 82' lang='grc' dir='ltr'>τῇ</span> <span class='ocrx_word' id='word_1_774' title='bbox 2855 4989 3154 5060; x_wconf 71' lang='grc' dir='ltr'>Ἐκκλησία</span> <span class='ocrx_word' id='word_1_775' title='bbox 3202 4990 3265 5042; x_wconf 79' lang='grc' dir='ltr'>τὸ</span> <span class='ocrx_word' id='word_1_776' title='bbox 3323 4989 3492 5060; x_wconf 79' lang='grc' dir='ltr'>αὐτῆς</span> <span class='ocrx_word' id='word_1_777' title='bbox 3535 4989 3767 5048; x_wconf 86' lang='grc' dir='ltr'>δίκαιον.</span> 
     </span>
    </p>
   </div>
   <div class='ocr_carea' id='block_1_110' title="bbox 2192 5070 3784 5152">
    <p class='ocr_par' dir='ltr' id='par_1_110' title="bbox 2192 5070 3784 5152">
     <span class='ocr_line' id='line_1_110' title="bbox 2192 5070 3784 5152; baseline -0.006 -13"><span class='ocrx_word' id='word_1_778' title='bbox 2192 5085 2302 5139; x_wconf 72' lang='grc' dir='ltr'><strong>Καὶ</strong></span> <span class='ocrx_word' id='word_1_779' title='bbox 2369 5081 2527 5152; x_wconf 83' lang='grc' dir='ltr'>κοινὴ</span> <span class='ocrx_word' id='word_1_780' title='bbox 2589 5079 2754 5151; x_wconf 82' lang='grc' dir='ltr'>βουλὴ</span> <span class='ocrx_word' id='word_1_781' title='bbox 2814 5079 3118 5150; x_wconf 79' lang='grc' dir='ltr'>προϐαίνει,</span> <span class='ocrx_word' id='word_1_782' title='bbox 3189 5079 3284 5132; x_wconf 76' lang='grc' dir='ltr'>καὶ</span> <span class='ocrx_word' id='word_1_783' title='bbox 3342 5076 3535 5146; x_wconf 87' lang='grc' dir='ltr'>γνώμη</span> <span class='ocrx_word' id='word_1_784' title='bbox 3608 5070 3784 5130; x_wconf 76' lang='grc' dir='ltr'>συνο-’</span> 
     </span>
    </p>
   </div>
   <div class='ocr_carea' id='block_1_111' title="bbox 2189 5165 3771 5242">
    <p class='ocr_par' dir='ltr' id='par_1_111' title="bbox 2189 5165 3771 5242">
     <span class='ocr_line' id='line_1_111' title="bbox 2189 5165 3771 5242; baseline -0.004 -16"><span class='ocrx_word' id='word_1_785' title='bbox 2189 5172 2313 5242; x_wconf 80' lang='grc' dir='ltr'>δικὴ</span> <span class='ocrx_word' id='word_1_786' title='bbox 2375 5169 2513 5226; x_wconf 80' lang='grc' dir='ltr'>εἶναι</span> <span class='ocrx_word' id='word_1_787' title='bbox 2568 5170 2666 5240; x_wconf 83' lang='grc' dir='ltr'>μὲν</span> <span class='ocrx_word' id='word_1_788' title='bbox 2713 5170 2806 5222; x_wconf 85' lang='grc' dir='ltr'>τὸν</span> <span class='ocrx_word' id='word_1_789' title='bbox 2865 5169 3031 5220; x_wconf 85' lang='grc' dir='ltr'>τόπον</span> <span class='ocrx_word' id='word_1_790' title='bbox 3097 5166 3322 5232; x_wconf 77' lang='grc' dir='ltr'>καινὸν,</span> <span class='ocrx_word' id='word_1_791' title='bbox 3387 5165 3522 5218; x_wconf 85' lang='grc' dir='ltr'>καθ’</span> <span class='ocrx_word' id='word_1_792' title='bbox 3585 5165 3644 5218; x_wconf 70' lang='grc' dir='ltr'>ὃν</span> <span class='ocrx_word' id='word_1_793' title='bbox 3705 5168 3771 5220; x_wconf 74' lang='grc' dir='ltr'>τὸ</span> 
     </span>
    </p>
   </div>
   <div class='ocr_carea' id='block_1_112' title="bbox 2198 5261 3764 5334">
    <p class='ocr_par' dir='ltr' id='par_1_112' title="bbox 2198 5261 3764 5334">
     <span class='ocr_line' id='line_1_112' title="bbox 2198 5261 3764 5334; baseline -0.003 -16"><span class='ocrx_word' id='word_1_794' title='bbox 2198 5285 2216 5318; x_wconf 84' lang='lat' dir='ltr'><strong>t</strong></span> <span class='ocrx_word' id='word_1_795' title='bbox 2242 5268 2304 5317; x_wconf 76' lang='grc' dir='ltr'>ἐκ</span> <span class='ocrx_word' id='word_1_796' title='bbox 2349 5283 2366 5315; x_wconf 76' lang='grc' dir='ltr'><strong>ι</strong></span> <span class='ocrx_word' id='word_1_797' title='bbox 2402 5265 2654 5334; x_wconf 86' lang='grc' dir='ltr'>κείμενον</span> <span class='ocrx_word' id='word_1_798' title='bbox 2699 5265 3137 5333; x_wconf 65' lang='grc' dir='ltr'>διαγέγρεπται·</span> <span class='ocrx_word' id='word_1_799' title='bbox 3177 5263 3261 5316; x_wconf 83' lang='grc' dir='ltr'>ὅτι</span> <span class='ocrx_word' id='word_1_800' title='bbox 3315 5261 3442 5332; x_wconf 82' lang='grc' dir='ltr'>μηδ’</span> <span class='ocrx_word' id='word_1_801' title='bbox 3487 5261 3764 5326; x_wconf 77' lang='grc' dir='ltr'>ἀσφαλὲς,</span> 
     </span>
    </p>
   </div>
   <div class='ocr_carea' id='block_1_113' title="bbox 2192 5352 3770 5427">
    <p class='ocr_par' dir='ltr' id='par_1_113' title="bbox 2192 5352 3770 5427">
     <span class='ocr_line' id='line_1_113' title="bbox 2192 5352 3770 5427; baseline -0.003 -17"><span class='ocrx_word' id='word_1_802' title='bbox 2192 5358 2302 5410; x_wconf 74' lang='grc' dir='ltr'>ἀπό</span> <span class='ocrx_word' id='word_1_803' title='bbox 2345 5373 2410 5424; x_wconf 89' lang='grc' dir='ltr'><strong>γε</strong></span> <span class='ocrx_word' id='word_1_804' title='bbox 2439 5357 2532 5411; x_wconf 85' lang='grc' dir='ltr'><strong>τοῦ</strong></span> <span class='ocrx_word' id='word_1_805' title='bbox 2559 5357 2654 5410; x_wconf 85' lang='grc' dir='ltr'><strong>νῦν</strong></span> <span class='ocrx_word' id='word_1_806' title='bbox 2689 5357 2968 5427; x_wconf 69' lang='grc' dir='ltr'>γραφῆναι</span> <span class='ocrx_word' id='word_1_807' title='bbox 3012 5355 3109 5408; x_wconf 71' lang='grc' dir='ltr'>καὶ</span> <span class='ocrx_word' id='word_1_808' title='bbox 3141 5352 3306 5408; x_wconf 82' lang='grc' dir='ltr'>πάλιν</span> <span class='ocrx_word' id='word_1_809' title='bbox 3348 5353 3501 5418; x_wconf 65' lang='grc' dir='ltr'>αὐτο,</span> <span class='ocrx_word' id='word_1_810' title='bbox 3530 5352 3770 5423; x_wconf 80' lang='grc' dir='ltr'>ὑποψίαν</span> 
     </span>
    </p>
   </div>
   <div class='ocr_carea' id='block_1_114' title="bbox 2191 5433 3770 5518">
    <p class='ocr_par' dir='ltr' id='par_1_114' title="bbox 2191 5433 3770 5518">
     <span class='ocr_line' id='line_1_114' title="bbox 2191 5433 3770 5518; baseline -0.004 -16"><span class='ocrx_word' id='word_1_811' title='bbox 2191 5451 2304 5511; x_wconf 84' lang='grc' dir='ltr'>τοῖς</span> <span class='ocrx_word' id='word_1_812' title='bbox 2330 5433 2410 5512; x_wconf 74' lang='grc' dir='ltr'><strong>εἰς</strong></span> <span class='ocrx_word' id='word_1_813' title='bbox 2461 5448 2654 5500; x_wconf 79' lang='grc' dir='ltr'>ἔπειτα</span> <span class='ocrx_word' id='word_1_814' title='bbox 2707 5448 2829 5518; x_wconf 75' lang='grc' dir='ltr'>ἔχον</span> <span class='ocrx_word' id='word_1_815' title='bbox 2880 5447 2968 5500; x_wconf 75' lang='grc' dir='ltr'><strong>διὰ</strong></span> <span class='ocrx_word' id='word_1_816' title='bbox 2994 5447 3056 5500; x_wconf 80' lang='grc' dir='ltr'>τὸ</span> <span class='ocrx_word' id='word_1_817' title='bbox 3082 5445 3185 5515; x_wconf 82' lang='grc' dir='ltr'>τῆς</span> <span class='ocrx_word' id='word_1_818' title='bbox 3219 5447 3439 5516; x_wconf 65' lang='grc' dir='ltr'>γραφῆς</span> <span class='ocrx_word' id='word_1_819' title='bbox 3483 5445 3770 5510; x_wconf 80' lang='grc' dir='ltr'>ὑπόγυιον,</span> 
     </span>
    </p>
   </div>
   <div class='ocr_carea' id='block_1_115' title="bbox 2195 5538 3772 5615">
    <p class='ocr_par' dir='ltr' id='par_1_115' title="bbox 2195 5538 3772 5615">
     <span class='ocr_line' id='line_1_115' title="bbox 2195 5538 3772 5615; baseline -0.005 -19"><span class='ocrx_word' id='word_1_820' title='bbox 2195 5541 2570 5615; x_wconf 75' lang='grc' dir='ltr'>σημειωθῆναι</span> <span class='ocrx_word' id='word_1_821' title='bbox 2617 5541 2676 5594; x_wconf 85' lang='grc' dir='ltr'>δὲ</span> <span class='ocrx_word' id='word_1_822' title='bbox 2731 5541 2798 5592; x_wconf 68' lang='grc' dir='ltr'>τὰ</span> <span class='ocrx_word' id='word_1_823' title='bbox 2855 5538 2950 5592; x_wconf 88' lang='grc' dir='ltr'><strong>τοῦ</strong></span> <span class='ocrx_word' id='word_1_824' title='bbox 3013 5539 3376 5608; x_wconf 79' lang='grc' dir='ltr'>πράγματος,</span> <span class='ocrx_word' id='word_1_825' title='bbox 3432 5539 3530 5591; x_wconf 72' lang='grc' dir='ltr'>καὶ</span> <span class='ocrx_word' id='word_1_826' title='bbox 3582 5539 3772 5606; x_wconf 79' lang='grc' dir='ltr'>κοινὴν</span> 
     </span>
    </p>
   </div>
   <div class='ocr_carea' id='block_1_116' title="bbox 2197 5625 3773 5705">
    <p class='ocr_par' dir='ltr' id='par_1_116' title="bbox 2197 5625 3773 5705">
     <span class='ocr_line' id='line_1_116' title="bbox 2197 5625 3773 5705; baseline -0.004 -18"><span class='ocrx_word' id='word_1_827' title='bbox 2197 5633 2506 5705; x_wconf 85' lang='grc' dir='ltr'>μαρτυρίαν</span> <span class='ocrx_word' id='word_1_828' title='bbox 2542 5633 2636 5684; x_wconf 71' lang='grc' dir='ltr'>καὶ</span> <span class='ocrx_word' id='word_1_829' title='bbox 2664 5631 2846 5684; x_wconf 84' lang='grc' dir='ltr'>πίστιν</span> <span class='ocrx_word' id='word_1_830' title='bbox 2879 5629 3132 5682; x_wconf 75' lang='grc' dir='ltr'>ἐντεῦθεν</span> <span class='ocrx_word' id='word_1_831' title='bbox 3165 5625 3330 5692; x_wconf 63' lang='grc' dir='ltr'>εἶναι,</span> <span class='ocrx_word' id='word_1_832' title='bbox 3359 5629 3506 5690; x_wconf 75' lang='grc' dir='ltr'>ὅπως</span> <span class='ocrx_word' id='word_1_833' title='bbox 3539 5628 3600 5680; x_wconf 76' lang='grc' dir='ltr'><strong>τδ</strong></span> <span class='ocrx_word' id='word_1_834' title='bbox 3631 5644 3773 5697; x_wconf 74' lang='grc' dir='ltr'>γραο</span> 
     </span>
    </p>
   </div>
   <div class='ocr_carea' id='block_1_117' title="bbox 2196 5719 3772 5796">
    <p class='ocr_par' dir='ltr' id='par_1_117' title="bbox 2196 5719 3772 5796">
     <span class='ocr_line' id='line_1_117' title="bbox 2196 5719 3772 5796; baseline -0.005 -18"><span class='ocrx_word' id='word_1_835' title='bbox 2196 5725 2356 5794; x_wconf 79' lang='grc' dir='ltr'>φικὸν</span> <span class='ocrx_word' id='word_1_836' title='bbox 2385 5722 2781 5796; x_wconf 80' lang='grc' dir='ltr'>παρεχαράχθη</span> <span class='ocrx_word' id='word_1_837' title='bbox 2835 5721 3024 5793; x_wconf 74' lang='grc' dir='ltr'>ῥητὸν,</span> <span class='ocrx_word' id='word_1_838' title='bbox 3061 5719 3149 5773; x_wconf 78' lang='grc' dir='ltr'><strong>διὰ</strong></span> <span class='ocrx_word' id='word_1_839' title='bbox 3202 5720 3302 5790; x_wconf 80' lang='grc' dir='ltr'>τὴν</span> <span class='ocrx_word' id='word_1_840' title='bbox 3347 5719 3456 5772; x_wconf 84' lang='grc' dir='ltr'><strong>τῶν</strong></span> <span class='ocrx_word' id='word_1_841' title='bbox 3503 5719 3772 5788; x_wconf 75' lang='grc' dir='ltr'>ὀψιγόνων</span> 
     </span>
    </p>
   </div>
   <div class='ocr_carea' id='block_1_118' title="bbox 2193 5805 3771 5886">
    <p class='ocr_par' dir='ltr' id='par_1_118' title="bbox 2193 5805 3771 5886">
     <span class='ocr_line' id='line_1_118' title="bbox 2193 5805 3771 5886; baseline -0.006 -15"><span class='ocrx_word' id='word_1_842' title='bbox 2193 5816 2514 5884; x_wconf 76' lang='grc' dir='ltr'>ἀσφάλειαν.</span> <span class='ocrx_word' id='word_1_843' title='bbox 2560 5813 2711 5886; x_wconf 78' lang='grc' dir='ltr'>Μηδὲ</span> <span class='ocrx_word' id='word_1_844' title='bbox 2751 5815 2858 5884; x_wconf 74' lang='grc' dir='ltr'><strong>γὰρ</strong></span> <span class='ocrx_word' id='word_1_845' title='bbox 2907 5811 2971 5866; x_wconf 82' lang='grc' dir='ltr'>ἂν</span> <span class='ocrx_word' id='word_1_846' title='bbox 3025 5805 3166 5865; x_wconf 48' lang='grc' dir='ltr'>εἶναι</span> <span class='ocrx_word' id='word_1_847' title='bbox 3203 5810 3262 5863; x_wconf 67' lang='grc' dir='ltr'>τὸ</span> <span class='ocrx_word' id='word_1_848' title='bbox 3295 5809 3400 5863; x_wconf 61' lang='grc' dir='ltr'><strong>ἀπ’)</strong></span> <span class='ocrx_word' id='word_1_849' title='bbox 3436 5810 3586 5862; x_wconf 64' lang='grc' dir='ltr'>τοῦδε</span> <span class='ocrx_word' id='word_1_850' title='bbox 3631 5808 3771 5862; x_wconf 73' lang='grc' dir='ltr'>οὕτω</span> 
     </span>
    </p>
   </div>
  </div>
