4054 6410
517 327 621 391 2M

1546 327 1758 388 JOAN.
1801 322 2013 386 VECCI
2050 319 2161 381 (ΣΡ.
2196 318 2707 379 ΡΑΤΒΙΑΠΟΠΕ

3666 325 3774 391 292

516 454 795 501 emanare,
844 439 1130 495 nonnullis
1167 438 1219 492 in
1259 437 1397 493 locis
1429 438 1494 492 de
1544 438 1747 506 Spiritu
1799 439 1865 490 ex
1925 434 2080 488 Patre

2192 428 2341 494 σθαι,
2372 445 2389 479 ι
2432 431 2523 481 καὶ
2556 447 2574 479 ι
2618 425 2965 494 άναόλύζειν,
3008 447 3025 479 ι
3063 429 3211 483 ἔστιν
3247 425 3310 485 οῦ
3336 433 3603 505 λεγόμενα
3639 446 3776 512 περὶ

521 533 690 596 dicta,
729 530 884 584 illum
923 546 988 585 ex
1022 530 1179 585 Patre
1206 548 1262 587 e.
1306 530 1737 585 essentialiteret
1768 525 2088 582 naturaliter

517 637 641 678 esse
694 622 956 688 indicent,
991 638 1095 675 non
1129 633 1309 676 tamen
1340 621 1478 675 idem
1536 622 1788 679 innuero.
1818 634 1919 672 nec
1964 616 2089 686 Spiv

518 713 656 765 ritus
688 726 747 764 ex
776 711 909 763 Filio
935 710 1229 763 naturalem
1259 708 1637 764 exsistentiatn
1662 708 1946 766 denotare,
1991 707 2087 761 sed

517 801 825 869 spiritualia
861 800 1109 868 quaedam
1146 801 1309 860 dona,
1345 814 1467 853 cum
1520 814 1587 852 ex
1618 798 1754 853 Filio
1788 797 1976 851 eadem
2006 795 2089 849 di-

519 900 744 945 cuntur.
814 892 1009 943 Eorum
1042 930 1056 954 ,
1104 893 1196 956 qui
1243 889 1440 943 similia
1491 889 1808 944 discrimina
1863 885 2090 941 commi-

522 984 807 1036 niscuntur
842 990 1005 1050 atque
1068 992 1379 1060 prpponunt
1406 1021 1421 1045 ,
1484 981 1876 1035 absurditatem
1906 978 2090 1046 lingua

520 1088 742 1136 aureus,
763 1080 817 1125 et
836 1073 959 1125 tuba
990 1073 1227 1140 Spiritus
1243 1089 1309 1127 es
1337 1075 1672 1137 aurodueta,
1697 1070 1934 1125 Joannes
1961 1085 2089 1123 ora-

520 1163 667 1217 tione
698 1178 860 1232 quam
896 1164 987 1216 ille
1028 1164 1219 1218 habuit
1271 1165 1337 1218 de
1373 1164 1722 1218 sanctissimo
1784 1160 1987 1230 Spiritu
2014 1159 2089 1231 (1)

514 1254 915 1322 comprobabit.
950 1255 1178 1322 Copiose
1203 1271 1438 1324 namque
1481 1257 1573 1309 ille
1607 1256 1657 1309 in
1693 1272 1754 1309 ea
1800 1256 1866 1308 de
1911 1254 2089 1307 nomi-

515 1345 678 1401 nibus
709 1345 945 1415 Spiritus
1011 1362 1318 1402 sermonem
1370 1348 1698 1411 instituens,
1741 1356 1801 1401 et
1847 1346 2087 1414 Spiritus

514 1451 712 1490 nomen
742 1436 1120 1499 subdividens,
1143 1446 1256 1491 tum
1299 1438 1365 1492 ad
1394 1438 1771 1493 auctoritatem
1824 1446 1880 1492 et
1910 1437 2084 1491 domi.

522 1524 693 1590 nium,
720 1524 1001 1595 ipsamque
1025 1536 1274 1580 naturam
1300 1526 1558 1597 Spiritus,
1577 1527 1668 1597 qui
1690 1524 1922 1580 Triados
1938 1540 2090 1581 com-

515 1617 846 1685 plementum
884 1626 988 1683 est,
1022 1624 1133 1672 tum
1181 1618 1249 1672 ad
1283 1619 1644 1688 spiritualium
1680 1620 1946 1673 donorum
1979 1617 2091 1672 dis-

514 1706 872 1762 tributionem
934 1707 1411 1775 manil‘estandam,
1442 1718 1496 1763 et
1552 1717 1811 1763 accurate
1845 1724 1958 1763 rem
1992 1723 2088 1763 ex-

511 1798 762 1867 planans,
791 1806 845 1852 et
875 1809 1029 1853 acute
1083 1798 1376 1854 admodum
1428 1801 1728 1865 extricans,
1787 1799 2083 1869 aliquando

523 1904 719 1963 nomen
747 1887 983 1958 Spiritus
1013 1890 1215 1946 inferre
1252 1906 1662 1961 proponereque
1710 1892 1884 1961 ipsum
1918 1889 2086 1944 Para—

511 1980 736 2044 cletum,
776 1980 1076 2049 aliquando
1108 1983 1299 2036 eodem
1334 1983 1553 2035 nomine
1574 1983 1802 2052 gratiam
1841 1982 2080 2049 aliquam

510 2072 801 2137 insinuari,
835 2072 920 2126 his
945 2072 1136 2127 iisdem
1164 2073 1339 2127 verbis
1372 2074 1624 2128 denotat:
1664 2091 1684 2125 ι
1717 2073 1913 2142 Opera:
1956 2087 2084 2142 pre-

513 2162 645 2215 tium
689 2171 872 2217 autem
900 2175 1006 2228 est,
1040 2174 1098 2218 ut
1130 2178 1549 2235 perseveremus
1582 2163 1788 2220 diutius
1824 2163 1878 2218 in
1906 2164 2083 2220 sancti

513 2253 894 2324 adorandique
948 2254 1184 2323 Spiritus
1240 2256 1607 2319 enarratione,
1657 2266 1713 2310 et
1741 2256 2084 2311 manifestius

513 2345 720 2415 aliquid
766 2346 835 2401 de
888 2355 1074 2400 sancta
1123 2347 1467 2417 gloriosaque
1522 2346 1777 2402 facultate
1814 2347 2082 2411 dicamus,

510 2452 620 2491 non
646 2452 741 2507 per
761 2452 824 2490 ea
849 2452 972 2508 quae
1000 2438 1489 2503 comminiscimur,
1520 2438 1617 2494 sed
1650 2453 1746 2509 per
1773 2453 1897 2509 quae
1919 2438 2084 2493 doce-

510 2544 656 2582 mur.
708 2529 945 2598 Spiritus
982 2539 1205 2585 sant-tus
1239 2537 1433 2584 natura
1478 2538 1564 2584 est
1590 2529 1956 2594 indivisibilis,
1996 2536 2084 2583 nt-

512 2625 638 2687 pote
687 2617 779 2685 qui
811 2632 874 2669 ex
908 2616 1251 2687 inseparabili
1277 2626 1332 2673 et
1360 2616 1676 2673 indivisibili
1713 2627 1903 2671 natura
1958 2631 2083 2687 pro-

510 2722 736 2778 gressus
759 2718 842 2763 est
886 2728 898 2763 :
929 2724 1126 2763 nomen
1156 2718 1339 2763 autem
1359 2709 1501 2778 ejus,
1535 2708 1773 2778 Spiritus
1832 2719 2079 2773 sanctus,

515 2798 754 2865 Spiritus
804 2797 1079 2859 veritatis,
1121 2797 1356 2866 Spiritus
1406 2796 1526 2862 Dei,
1568 2798 1805 2867 Spiritus
1839 2797 2078 2860 Domini,

512 2888 751 2956 Spiritus
784 2887 985 2951 Patris,
1017 2887 1254 2957 Spiritus
1288 2887 1431 2956 Filii,
1481 2887 1718 2958 Spiritus
1772 2887 1999 2943 Christi.
2054 2907 2074 2941 ι

511 2974 579 3031 Et
622 2976 808 3043 paucis
841 2977 1111 3032 annexis:
1140 2996 1157 3028 ι
1204 2975 1394 3047 Itaque
1445 2978 1647 3031 dicitur
1681 2976 1921 3048 Spiritus
1953 2992 2082 3030 san-

510 3074 656 3119 ctus.
689 3063 814 3120 Haec
860 3067 1004 3119 enim
1030 3076 1112 3121 est
1134 3067 1308 3136 prima
1348 3079 1402 3122 et
1433 3069 1649 3137 propria
1684 3069 1997 3137 appellatio,
2025 3079 2080 3123 et

510 3164 570 3209 ut
620 3156 1009 3210 evidentiorem
1066 3157 1274 3211 habens
1339 3157 1777 3227 intelligentiam,
1841 3158 2078 3230 Spiritus

513 3246 687 3300 sancti
720 3254 968 3300 naturam
1007 3248 1367 3302 demonstrat.
1395 3266 1414 3299 ι
1450 3247 1517 3303 Ει
1550 3258 1674 3318 post
1720 3265 1927 3319 pauca:
1965 3269 1984 3303 ι
2021 3251 2076 3305 Si

507 3340 632 3405 quis
668 3347 850 3391 autem
889 3336 1153 3406 Spiritum
1207 3338 1414 3392 Christi
1472 3355 1581 3395 non
1606 3339 1814 3406 habet;
1852 3351 1903 3395 et
1949 3357 2080 3397 sane

511 3429 796 3497 oportebat
827 3428 1033 3492 dicere,
1072 3426 1127 3482 Si
1163 3428 1291 3498 quis
1322 3440 1507 3485 autem
1537 3428 1799 3500 Spiritum
1844 3429 1934 3484 Dei
1969 3448 2075 3486 non

511 3518 705 3573 habet:
736 3519 829 3573 sed
861 3520 994 3572 dixit
1028 3518 1293 3588 Spiritum
1319 3518 1561 3583 Christi;
1591 3519 1730 3574 dixit
1759 3521 1809 3575 id
1836 3536 1984 3586 vero,
2021 3532 2080 3576 ut

508 3609 842 3674 ostenderet,
903 3611 1043 3663 idem
1108 3624 1232 3665 esse
1288 3611 1494 3677 dicere,
1540 3610 1807 3681 Spiritum
1872 3612 1985 3679 Dei,
2025 3623 2079 3668 et

511 3698 777 3767 Spiritum
805 3699 1035 3756 Christi.
1070 3700 1195 3756 llaec
1220 3704 1439 3757 nomina
1477 3712 1679 3758 sanctae
1723 3713 1779 3758 et
1808 3704 2076 3759 immacu-

506 3788 631 3843 lata:
659 3791 902 3855 virtutis,
930 3794 1101 3847 sancti
1123 3794 1601 3849 suntetadorandi
1638 3793 1895 3864 Spiritus.
1942 3794 2080 3850 Sunt

505 3895 633 3934 vero
656 3890 710 3934 et
740 3881 847 3935 alia
876 3885 1118 3948 nemina,
1151 3900 1257 3941 non
1294 3895 1502 3940 natura:
1523 3887 1926 3951 convenientia,
1966 3887 2059 3941 sed

505 3973 831 4041 operationi.
867 3971 1178 4028 Profundus
1202 3988 1408 4042 sermo,
1443 3984 1498 4030 et
1529 3992 1666 4045 opus
1718 3977 1880 4032 habet
1926 3977 2076 4032 auri-

506 4059 610 4113 bus
641 4062 887 4125 attentis,
941 4064 1175 4118 munitis
1205 4103 1221 4129 ,
1270 4073 1329 4119 et
1386 4066 1654 4121 ﬁdelibus.
1695 4065 1905 4122 Dicitur
1932 4069 2074 4122 enim

512 4146 752 4217 Spiritus
805 4150 968 4215 vitae,
1017 4167 1141 4207 cum
1195 4152 1448 4210 Salvator
1500 4157 1700 4211 dicat:
1745 4174 1766 4209 ι
1808 4156 1921 4228 Ego
1955 4173 2075 4212 sum

517 4241 722 4294 veritas
772 4252 823 4294 et
842 4242 946 4295 vita
983 4242 1024 4296 ¹.
1059 4260 1078 4294 ι
1117 4243 1326 4300 Dicitur
1367 4245 1605 4316 Spiritus
1653 4248 1797 4313 vitae,
1833 4258 1893 4303 ut
1940 4246 2081 4303 Pau-

507 4332 594 4385 lus
634 4331 807 4384 dicit:
859 4329 971 4386 Lex
1021 4339 1165 4388 enim
1219 4336 1459 4406 Spiritus
1505 4338 1649 4392 vine.
1699 4336 1825 4393 llaec
1858 4341 2075 4393 nomina

2188 521 2283 573 τοῦ
2318 520 2672 588 Πνεύματος,
2717 521 2781 572 ἐκ
2820 521 3032 589 Πατρδς
3079 521 3356 589 οὒσιωδῶς
3397 525 3646 597 δηλοῦσι,
3678 535 3776 586 καὶ

2189 609 2440 678 φυσικῶς
2477 610 2747 682 ὑπάρχειν
2782 610 2915 663 αὐτὸ
2960 612 3024 663 ἐκ
3071 613 3311 684 Πατρδς,
3339 614 3456 670 ἀλλ’
3496 618 3599 671 οὐκ
3631 620 3777 674 ἐπάν

2187 704 2438 770 λέγονται
2489 702 2662 756 ταῦτα
2716 704 2811 756 καὶ
2850 705 2914 757 ἐκ
2940 703 3036 757 τοῦ
3079 704 3237 769 Υίοῦ,
3273 707 3374 778 τὴν
3407 713 3645 781 φυσικὴν
3671 714 3778 766 αὺ-

2187 795 2288 863 τὴν
2330 794 2425 847 τοῦ
2477 797 2798 865 Πνεῦματος
2848 795 3089 866 ὓπαρξιν
3116 798 3215 850 τοῦ
3257 799 3438 866 ἁγίου,
3475 801 3612 856 ἀλλά
3648 821 3775 859 τινα

2187 887 2540 955 πνευματικὰ
2570 886 2790 955 δηλοῦσι
2822 888 3163 958 χαρίσματα.
3177 890 3251 943 Τδ
3281 890 3425 944 πάνυ
3461 894 3777 962 παράλογον

2186 977 2285 1044 τῆς
2314 976 2425 1029 τῶν
2465 978 2854 1048 πλαττομένων
2886 979 2985 1043 τὰς
3020 981 3276 1046 τοιαῦτας
3312 984 3615 1049 ἐνστάσειυς
3654 987 3775 1039 δια-

2190 1068 2394 1138 φοράς,
2461 1070 2489 1121 ὁ
2551 1071 2953 1140 χρυσοῤῥήμων
3009 1071 3311 1141 Ἰωάννης,
3381 1076 3617 1144 σάλπιγξ
3677 1078 3773 1130 τοῦ

2191 1156 2518 1227 Πνεύματος
2547 1159 2580 1227 ἡ
2615 1160 2981 1229 χρυσήλατος,
3018 1162 3075 1214 ἐν
3097 1161 3177 1231 τῷ
3203 1165 3333 1233 περὶ
3372 1164 3467 1216 τοῦ
3503 1167 3775 1233 παναγίου

2191 1233 2510 1317 Πνεύματος
2538 1251 2908 1320 συγγραφέντι
2943 1252 3073 1321 παρ’
3104 1252 3279 1306 αὑτοῦ
3337 1253 3481 1324 λόγῳ
3513 1259 3778 1326 συστήσει

2191 1356 2298 1394 σοι.
2333 1339 2506 1412 Πολῦν
2549 1340 2658 1408 γὰρ
2696 1335 2852 1405 οὗτος
2893 1344 3010 1395 ἐκεῖ
3044 1343 3302 1414 περὶτῶν
3323 1346 3418 1399 τοῦ
3452 1347 3777 1419 Πνεῦματος

2188 1431 2472 1502 ὀνομάτων
2511 1432 2821 1499 ἐξυφαίνων
2851 1436 2942 1487 τὸν
2974 1436 3133 1503 λόγον
3157 1480 3170 1502 ,
3202 1439 3297 1490 καὶ
3328 1438 3555 1509 διαιρῶν
3582 1442 3646 1494 τὸ
3676 1443 3775 1495 τοῦ

2190 1520 2507 1591 Πυεύματος
2568 1522 2739 1589 ὄνομα
2766 1524 2846 1586 είς
2901 1541 2959 1576 τε
3016 1528 3116 1593 τὴν
3150 1526 3388 1594 δήλωσιν
3449 1529 3618 1598 αὐτῆς
3671 1532 3775 1601 τῆς

2188 1612 2499 1675 αὑθεντίας,
2535 1614 2632 1667 καὶ
2668 1614 2887 1682 φύσεως
2914 1615 3009 1668 τοῦ
3040 1618 3141 1686 τῆς
3169 1619 3399 1689 Τριάδος
3439 1622 3777 1691 συμπληρω-

2191 1704 2341 1758 τικοῦ
2365 1705 2703 1775 Πνεῦματος,
2739 1707 2819 1770 εἰς
2847 1724 2907 1759 τε
2938 1708 3036 1779 τὴν
3068 1708 3303 1779 δήλωσιν
3331 1711 3431 1780 τῆς
3455 1712 3567 1766 τῶν
3600 1729 3772 1766 πνευ-

2198 1797 2449 1866 ματικῶν
2480 1799 2844 1868 χαρισμάτων
2873 1798 3157 1870 διανομῆς,
3183 1801 3278 1853 καὶ
3301 1802 3585 1872 διασαφῶν
3611 1805 3778 1876 ἀκρι-

2191 1888 2323 1952 ϐῶς,
2353 1889 2446 1941 καὶ
2480 1888 2853 1959 διερμηνεῦων
2902 1889 3041 1942 πάνυ
3069 1891 3304 1955 λεπτῶς,
3354 1893 3429 1962 πῆ
3480 1895 3580 1962 μὲν
3622 1897 3778 1948 ἔστιν

2191 1977 2426 2031 ἀκοῦσαι
2454 1979 2515 2032 τέ
2543 1979 2635 2032 τοῦ
2669 1979 2985 2049 Πνεύματος
3016 1981 3206 2052 ὄνομα,
3240 1985 3336 2036 καὶ
3367 1986 3559 2053 νοῆσαι
3603 1987 3775 2040 αὑτὸν

2189 2070 2282 2122 τὸν
2324 2070 2705 2141 Παράκλητον,
2745 2073 2824 2142 πῆ
2850 2072 2907 2126 δὲ
2941 2073 3175 2127 ἀκοῦσαι
3197 2075 3361 2128 πάλιν
3396 2076 3566 2146 δνομα
3597 2078 3780 2130 Π·ιεὺ-

2195 2177 2393 2230 ματος.
2429 2161 2524 2213 καὶ
2553 2165 2745 2230 νοῆσαι
2786 2162 2947 2232 χάριν
2998 2164 3121 2215 τινὰ
3145 2164 3485 2235 δηλουμένην
3523 2182 3775 2234 πνευμα-

2190 2252 2386 2322 τικὴν,
2444 2251 2620 2313 οὕτως
2665 2254 2760 2304 ἐπὶ
2813 2252 3014 2316 λέξεων
3063 2252 3215 2320 λέγει
3240 2270 3256 2285 ο
3288 2271 3309 2305 ι
3352 2254 3676 2322 ’Δνὰγκαῑον
3714 2257 3775 2309 δέ

2189 2343 2341 2397 ἐστιν
2393 2345 2675 2412 ἐπιμεῖναι
2723 2346 2790 2414 τῇ
2848 2344 2942 2396 τοῦ
2993 2344 3148 2412 ἁγίου
3213 2334 3309 2399 καὶ
3383 2347 3773 2418 προσκυνητοῦ

2189 2436 2509 2506 Πνεῦματος
2564 2435 2864 2514 ἐξηγήσει,
2899 2437 2994 2491 καὶ
3025 2437 3362 2507 σαφέστερόν
3395 2456 3448 2492 τι
3495 2443 3623 2509 περὶ
3672 2440 3777 2507 τῆς

2186 2526 2352 2594 άγίας
2389 2526 2481 2579 καὶ
2505 2526 2718 2591 ἐνδόξου
2751 2527 3034 2595 δυνάμεως
3062 2531 3262 2592 εἰπεῖν,
3295 2530 3397 2581 οὑκ
3426 2528 3489 2593 ἐξ
3506 2525 3580 2582 ὦν
3617 2528 3777 2597 λογι-

2190 2615 2432 2686 ζόμεθα,
2469 2616 2585 2668 ἀλλ’
2636 2614 2695 2680 ἐξ
2742 2609 2817 2671 ὧν
2851 2617 3242 2687 διδασκόμεθα.
3298 2620 3371 2672 Τὸ
3433 2621 3658 2691 Πνεῦμα
3710 2624 3775 2673 τὸ

2188 2707 2346 2777 ἅγιον
2399 2708 2498 2780 τὴν
2569 2710 2669 2779 μὲν
2723 2708 2887 2776 φύσιν
2927 2710 3077 2765 ἐστὶν
3128 2711 3452 2783 ἀδιαίρετον.
3482 2713 3579 2767 ἅτε
3614 2713 3679 2783 δὴ
3708 2716 3773 2765 ὲκ

2188 2801 2287 2869 τῆς
2345 2799 2653 2864 ἀδιαιρέτου
2708 2803 2804 2853 καὶ
2869 2801 3165 2872 ἀμερίστου
3212 2804 3427 2874 φύσεως
3482 2806 3767 2876 προελθὸν,

2187 2890 2358 2961 δνομα
2410 2891 2468 2946 δὲ
2523 2891 2689 2946 αὑτοῦ
2741 2892 2966 2961 Πνεῦμα
3005 2893 3182 2962 ᾶγιον,
3217 2895 3444 2965 Πνεῦμα
3485 2898 3768 2968 ἀληθείας,

2188 2982 2413 3054 Πνεῦμα
2450 2983 2544 3037 τοῦ
2600 2983 2777 3049 Θεοῦ,
2827 2984 3052 3054 Πνεῦμα
3115 2988 3360 3057 Κυρίουι,
3400 2991 3626 3060 Πνεῦμα
3674 2994 3770 3045 τοῦ

2189 3073 2420 3143 Πατρὸς,
2477 3073 2702 3144 Πνεῦμα
2732 3074 2827 3127 τοῦ
2856 3074 3009 3141 Υἱοῦ,
3041 3075 3265 3148 Πνεῦμα
3297 3079 3557 3149 Χριστοῦ.
3598 3100 3619 3132 ι
3659 3085 3770 3149 Καὶ

2187 3160 2307 3228 μετ’
2336 3160 2492 3230 ὀλίγα
2516 3173 2530 3191 ⁸
2568 3179 2588 3212 ι
2640 3163 2877 3231 Λέγεται
2907 3164 3088 3219 τοίνυν
3119 3166 3345 3238 Πνεῦμα
3403 3169 3580 3238 άγιον.
3616 3172 3765 3244 Δῦτη

2183 3258 2293 3328 γάρ
2324 3259 2472 3311 ἐστιν
2504 3260 2537 3327 ἡ
2578 3262 2748 3330 κυρία
2778 3262 2870 3314 καὶ
2897 3262 3093 3334 πρώτη
3117 3268 3492 3338 προσηγορία,
3522 3273 3555 3340 ἡ
3583 3273 3765 3340 ἐμφα-

2180 3347 2484 3418 τικωτέραν
2521 3349 2720 3419 έχουσα
2750 3352 2850 3423 τὴν
2878 3352 3143 3420 διάνοιαν,
3179 3358 3276 3409 καὶ
3309 3360 3639 3428 παριστῶσα
3665 3359 3763 3414 τοῦ

2184 3437 2344 3504 ἁγίου
2368 3438 2685 3508 Πνεῦματος
2705 3442 2803 3510 τὴν
2820 3442 3002 3511 φύσιν.
3031 3463 3063 3505 Δι
3103 3446 3211 3499 Καὶ
3235 3447 3353 3515 μετ’
3378 3448 3534 3517 ὀλίγα
3564 3450 3729 3502 πάλιν
3747 3468 3763 3482 ο

2187 3547 2205 3579 ι
2248 3529 2308 3580 Ei
2335 3528 2393 3581 δέ
2422 3546 2504 3591 τις
2524 3529 2750 3600 Πνεῦμα
2773 3532 3015 3603 Χριστοῦ
3044 3538 3145 3590 οὐκ
3165 3536 3301 3607 ἔχει,
3332 3545 3427 3592 καὶ
3466 3540 3571 3610 μὴν
3597 3543 3767 3613 ἐχρῆν

2179 3621 2376 3684 εἰπεῖν,
2415 3620 2477 3673 Εἰ
2524 3621 2581 3674 δέ
2632 3640 2715 3686 τις
2762 3624 2987 3692 Πνεῦμα
3016 3626 3152 3680 Θεοῦ
3199 3630 3299 3683 οὐκ
3344 3630 3765 3700 έχει.ἁλλέἷπε

2182 3710 2420 3781 Χριστοῦ
2450 3729 2465 3779 ς
2492 3713 2630 3767 ἀλλὰ
2662 3714 2820 3767 τοῦτο
2874 3713 3049 3783 εἶπεν,
3082 3720 3166 3773 ἵνα
3193 3721 3341 3794 δείξῃ
3367 3725 3449 3777 ὅτι
3475 3725 3588 3777 ἴσον
3614 3727 3766 3779 ἐστὶν

2182 3803 2358 3854 είπεῖν
2392 3802 2616 3873 Πνεῦμα
2658 3805 2794 3859 Θεοῦ
2827 3846 2842 3870 ,
2892 3811 2987 3865 καὶ
3018 3810 3243 3880 Πνεῦμα
3272 3816 3533 3883 Χριστοῦ.
3576 3817 3764 3870 Ταῦτα
3823 3827 3827 3831 ’

2177 3893 2245 3944 τά
2274 3892 2516 3963 ὀνόματι
2550 3895 2651 3961 τῆς
2686 3898 2850 3965 ἁγίας
2900 3903 2997 3954 καὶ
3050 3904 3321 3973 ἀχράντου
3349 3906 3633 3975 δυνάμεως
3664 3908 3763 3961 τοῦ

2178 3983 2336 4051 ἁγίου
2373 3984 2493 4036 ἐστὶ
2538 3987 2635 4039 κα)⁸
2691 3993 3074 4058 προσκυνητοῦ
3122 3994 3464 4064 Πνεύματος.
3509 3998 3666 4051 Ἐστι
3704 3998 3763 4049 δὲ

2179 4074 2318 4129 ἄλλα
2366 4076 2613 4146 ὀνόματα
2659 4081 2723 4132 οὐ
2776 4084 2845 4152 τῇ
2905 4084 3072 4152 φύσει
3118 4089 3498 4159 προσήκοντα,
3534 4089 3672 4144 ἀλλὰ
3691 4095 3761 4163 τῇ

2180 4167 2455 4238 ἐνεργείᾳ.
2490 4168 2669 4232 Βαθὺς
2734 4173 2761 4224 ὁ
2791 4172 2968 4241 λόγος,
3003 4177 3098 4229 καὶ
3138 4180 3330 4250 χρῄζει
3374 4182 3545 4249 ἀκοῆς
3592 4200 3763 4253 προσ-

2180 4256 2340 4325 εχοῦς
2381 4258 2476 4311 καὶ
2531 4260 2815 4330 ἀσφαλοῦς
2847 4264 2939 4315 καὶ
2973 4267 3192 4338 πιστῆς.
3225 4269 3462 4336 Λέγεται
3503 4272 3559 4324 δὲ
3596 4274 3762 4327 πάλιν

2180 4346 2241 4399 τὸ
2274 4346 2501 4418 Πνεῦμα
2537 4348 2683 4420 ζωῆς
2739 4352 2991 4423 Πνεῦμα,
3026 4356 3214 4428 ἐπειδὴ
3261 4360 3289 4411 ὁ
3341 4360 3530 4432 Σωτὴρ
3585 4363 3758 4432 λέγει,

503 4426 749 4495 ejusdem
795 4439 925 4483 sunt
980 4428 1354 4495 auctoritatis,
1427 4437 1483 4484 et
1540 4431 1786 4501 ejusdem
1845 4442 2075 4486 naturae.

2189 4454 2208 4488 ι
2247 4437 2388 4506 Ἑγὼ
2449 4431 2589 4508 εἰμι¹
2623 4443 2656 4512 η
2689 4441 2915 4513 ἀλήθεια
2944 4446 3038 4498 καὶ
3084 4447 3117 4517 η
3168 4426 3304 4519 ζωή.
3339 4469 3358 4501 ›
3395 4426 3627 4520 Λέγεται
3658 4426 3763 4508 οῦν

505 4519 646 4571 Sunt
683 4527 738 4572 et
769 4520 873 4573 alia
901 4522 1146 4583 nomina,
1180 4536 1303 4590 qua:
1346 4536 1456 4576 non
1498 4522 1885 4578 adscribuntur
1913 4523 2082 4593 Spiri.

508 4605 589 4657 tui
629 4617 844 4668 sancto,
879 4606 973 4660 sed
1011 4608 1200 4661 virtuti
1234 4608 1379 4663 illius
1400 4618 1454 4664 et
1479 4613 1781 4680 operationi
1807 4652 1822 4679 ,
1857 4624 1917 4668 ut
1951 4627 2081 4670 sunt

502 4693 646 4749 dona
668 4695 807 4764 ejus.
851 4696 983 4752 Dico
1014 4697 1194 4768 itaque
1227 4709 1281 4754 et
1338 4701 1562 4771 insuper
1592 4705 1811 4760 declare
1858 4717 2079 4762 senten-

505 4785 672 4848 tiam,
718 4797 905 4852 postea
941 4786 1311 4842 testimonium
1360 4791 1814 4849 subinducturus.
1851 4793 2078 4861 Quando

504 4875 601 4929 dat
629 4873 867 4945 Spiritus
899 4889 1125 4934 sanctus
1157 4880 1411 4949 precibus
1458 4895 1795 4951 sanctorum,
1837 4888 1919 4940 vel
1940 4888 2074 4941 mihi

502 4967 587 5020 vel
621 4968 778 5022 alteri
819 4969 1280 5039 Christianorum,
1333 4976 1840 5043 sanctiﬁcationem,
1867 4982 2074 5049 accipio

499 5055 706 5111 donum
741 5059 815 5112 ita
848 5068 908 5113 ut
938 5073 1192 5116 sanctum
1246 5064 1477 5119 habeam
1508 5075 1565 5121 et
1611 5081 1811 5136 corpus
1865 5078 1922 5124 et
1950 5070 2072 5124 ani-

502 5164 670 5203 mam.
732 5148 950 5205 Donum
1005 5152 1138 5208 mihi
1192 5156 1493 5211 exhibitum
1561 5169 1788 5213 vocatur
1845 5161 2073 5230 spiritus

502 5241 834 5309 sanctitatis,
896 5244 999 5297 hoc
1053 5253 1140 5299 est
1178 5260 1402 5302 munus.
1465 5245 1525 5301 Si
1572 5249 1784 5304 dederit
1834 5250 2071 5320 Spiritus

500 5340 729 5386 sanctus
758 5333 998 5403 cuipiam
1030 5337 1260 5404 donum,
1294 5353 1402 5393 non
1456 5340 1676 5396 habenti
1729 5345 2076 5414 sapientiam,

573 5489 591 5521 ⁸
621 5491 780 5545 Joan.
812 5508 924 5556 xw,
957 5493 1009 5548 ti.

572 5644 871 5737 (ri-)Jll‘njnjs
924 5650 1190 5737 orationis
1246 5654 1573 5725 principium
1633 5668 1768 5716 est:
1830 5658 1981 5728 Heri,
2045 5679 2074 5717 ο
2116 5661 2313 5718 Christi
2353 5676 2640 5737 amatores,

503 5713 756 5767 brubulur
788 5720 899 5771 udt't
918 5735 1062 5773 mus.

2184 4525 2405 4599 Πνεῦμα
2429 4528 2597 4601 ζωῆς,
2627 4531 2810 4598 καθὼς
2845 4536 2945 4589 καὶ
2985 4538 3014 4590 ὁ
3063 4538 3279 4604 Παῦλος
3335 4542 3511 4613 λέγει,
3559 4544 3621 4598 '0
3649 4546 3759 4615 γὰρ

2180 4618 2345 4688 νόμος
2375 4620 2469 4672 τοῦ
2498 4621 2822 4691 Πνεῦματος
2859 4627 2959 4695 τῆς
2987 4626 3154 4698 ζωῆς.
3186 4630 3371 4686 Ταῦτα
3403 4633 3471 4686 τὰ
3513 4633 3759 4705 ὀιόματα

2180 4708 2352 4776 αὐτῆς
2397 4708 2499 4776 τῆς
2555 4711 2866 4778 αὑθεντίας,
2900 4716 3072 4785 αὐτῆς
3100 4718 3201 4786 τῆς
3236 4718 3473 4788 φύσεως.
3517 4724 3673 4776 Ἐστι
3698 4726 3757 4778 δε

2178 4796 2315 4851 ἄλλα
2333 4798 2599 4868 ὀνόματα,
2618 4799 2654 4853 ἃ
2675 4801 2737 4853 οὐ
2761 4807 3178 4876 προσγράφεται
3195 4809 3272 4879 τῷ
3294 4812 3437 4882 ἁγίῳ
3454 4813 3759 4885 Πνεῦμα-τι,

2181 4889 2321 4943 ἀλλὰ
2364 4893 2433 4975 τῇ
2477 4892 2743 4962 δυνάμει,
2778 4895 2876 4950 καὶ
2908 4899 2975 4969 τῇ
3010 4902 3263 4975 ἐνεργείᾳ
3299 4903 3500 4969 αὐτοῦ,
3536 4902 3650 4960 οἷον
3696 4913 3758 4963 αί

2180 4966 2407 5050 δωρεαί
2438 4983 2635 5051 αὐτοῦ,
2691 4986 2839 5056 λέγω
2882 4966 3068 5044 δὲτκαὶ
3098 4966 3612 5066 προσδιασαφηνίξω
3653 5000 3757 5069 τὴν

2181 5074 2414 5139 ἔννοιαν,
2453 5076 2551 5131 καὶ⁵
2580 5079 2773 5149 ἐπάγω
2805 5080 2906 5152 τὴν
2936 5083 3264 5154 μαρτυρίαν.
3303 5086 3555 5142 Ἐπειδὰν
3594 5090 3757 5161 χαρί-

2182 5182 2348 5235 σηται
2389 5168 2451 5221 τὸ
2500 5169 2731 5241 Πνεῦμα
2780 5174 2840 5226 τὸ
2885 5175 3063 5242 ἅγιον,
3099 5178 3286 5247 εὐχαῖς
3333 5178 3444 5232 τῶν
3499 5182 3690 5248 ἁγίων,
3717 5185 3750 5253 ἢ

2176 5258 2323 5328 ἐμοὶ,
2355 5261 2388 5330 ἢ
2412 5261 2586 5334 ἑτέρῳ
2607 5264 2923 5336 Χριστιανῷ
2948 5267 3245 5339 άγιασμδν,
3267 5272 3365 5325 καὶ
3388 5272 3537 5327 λάϐω
3557 5274 3751 5346 δῶρον,

2177 5349 2320 5403 ὥστε
2368 5350 2528 5421 ἅγιον
2557 5352 2707 5424 ἔχειν
2732 5357 2795 5410 τὸ
2825 5357 2986 5429 σῶμα
3026 5361 3122 5414 καὶ
3160 5361 3262 5431 τὴν
3287 5362 3488 5435 ψυχὴν,
3512 5367 3545 5436 ἡ
3575 5366 3753 5437 δωρεὰ

2722 5671 2863 5726 sacri
2913 5681 2965 5728 et
3023 5673 3286 5730 adorandi
3335 5674 3566 5745 Spiritus
3623 5678 3756 5734 cele-
