4054 6418
373 344 485 408 293

1228 347 1328 408 AD
1361 347 1843 408 THEODORUM
1882 345 2224 406 SUGDEE
2269 343 2506 404 EPISC.
2546 341 2695 402 LIB.
2740 342 2788 402 Ι.

3530 340 3635 403 ἓθί

374 470 412 534 ἡ
447 462 666 518 δοθεῖσά
701 477 790 531 μοι
836 461 1082 512 κ.λείται
1112 459 1329 530 πνεῦμα
1353 462 1688 530 ἁγιωσύνης,
1723 462 1968 516 τουτέστι

2077 473 2184 512 non
2235 457 2453 511 habenti
2495 453 2940 524 intelligentiam,
2985 453 3076 508 sed
3111 453 3202 508 det
3235 454 3312 508 illi
3359 454 3532 512 solam
3579 460 3639 511 li-

371 555 650 624 χάρισμα.
692 551 819 602 Ἐὰν
859 549 934 617 δῷ
966 549 1027 602 τδ
1059 551 1286 619 Πνεῦμα
1310 551 1372 604 τὸ
1419 552 1575 620 ἆγιον
1613 553 1824 622 δωρεάν
1853 569 1959 605 τινι

376 647 460 714 μὴ
494 643 676 711 ἔχοντι
707 640 920 708 σοφίαν,
957 641 1032 710 μὴ
1072 641 1250 711 ἔχοντι
1294 643 1519 709 γνῶσιν,
1546 643 1680 698 ἀλλὰ
1709 643 1782 712 δῷ
1813 642 1962 712 αύτῷ

379 736 556 806 μόνον
610 733 821 794 πίστιν,
851 731 924 793 ὥς
964 733 1072 784 είσι
1102 733 1293 786 πολλοὶ
1323 733 1572 804 χάρισμα
1617 735 1832 804 ἔχοντες
1864 735 1960 788 τοῦ

371 824 664 878 πιστεύειν
702 823 863 893 μόνον
897 824 1166 892 Γραφαίς,
1201 825 1302 877 οὐκ
1343 827 1544 890 εἰδότες
1583 827 1680 890 τὰς
1713 826 1956 896 Γραφὰς,

371 918 478 972 καὶ
510 918 634 978 ταῖς
671 915 920 984 Γραφαῖς
951 915 1321 981 πιστεύοντες,
1359 919 1607 970 καλεῖται
1637 919 1815 988 δωρεά
1842 919 1962 970 ἐκεῖ

372 1009 473 1061 καὶ
525 1005 750 1073 πνεῦμα
793 1004 1054 1066 πίστεως.
1113 1005 1237 1059 Ἐάν
1275 1023 1358 1069 τις
1411 1007 1549 1077 λάϐῃ
1603 1008 1812 1078 δωρεὰν
1862 1008 1958 1060 καὶ

368 1098 611 1165 δύναμιν
667 1095 822 1164 παρὰ
848 1093 946 1146 τοῦ
999 1094 1156 1161 ἁγίου
1199 1096 1519 1166 Πνεύματος
1560 1099 1844 1150 πιστεύειν
1891 1100 1956 1168 τῇ

370 1189 689 1260 ἐπαγγελίᾳ
727 1187 836 1240 τῶν
877 1188 1173 1258 διδομένων
1212 1189 1436 1257 ἀγαθῶν
1468 1192 1524 1242 ἐν
1565 1189 1643 1259 τῷ
1687 1190 1956 1260 μέλλοντι,

372 1282 538 1334 ἔλαϐε
576 1279 797 1348 πνεῦμα
856 1279 1214 1347 ἐπαγγελίας.
1277 1281 1403 1333 Ἐάν
1455 1298 1541 1343 τις
1569 1281 1710 1351 λάϐῃ
1766 1282 1958 1348 σοφίας

371 1372 575 1440 δῶρον,
606 1370 855 1423 καλεῖται
889 1371 922 1438 ἡ
953 1370 1133 1439 δωρεὰ
1154 1369 1372 1439 πνεῦμα
1407 1373 1621 1439 σοφίας,
1655 1372 1750 1426 καὶ
1782 1373 1958 1426 πάντα

369 1463 441 1513 τὰ
471 1461 791 1530 χαρίσματα
826 1460 923 1512 τοῦ
962 1462 1278 1532 Πνεύματος
1309 1461 1556 1515 καλεῖται
1586 1463 1827 1533 πνεῦμα,
1861 1463 1956 1515 καὶ

371 1553 615 1621 πρόσεχε
648 1552 820 1603 τύπον
841 1551 1344 1620 διασαφηνιζόντων
1374 1550 1530 1623 ἡμῶν
1555 1556 1617 1606 ἐκ
1639 1556 1837 1624 μέρους
1857 1555 1958 1624 τῆς

368 1643 629 1712 Θεωρίας.
675 1642 846 1695 Ὅταν
898 1659 983 1706 τις
1033 1644 1134 1715 ἔχῃ
1173 1645 1421 1714 χάρισμα
1448 1645 1694 1716 ἀγάπης,
1722 1645 1943 1713 λέγεται

379 1734 466 1784 ὅτι
521 1731 740 1800 πνεῦμα
787 1733 1010 1802 ἀγάπης
1060 1733 1196 1802 ἔχει.
1235 1735 1403 1786 Ὅταν
1428 1735 1568 1808 λάϐῃ
1598 1753 1681 1799 τις
1709 1737 1955 1805 χάρισμα

2065 547 2224 613 dem,
2265 547 2452 616 quales
2494 555 2621 599 sunt
2659 544 2812 598 multi
2854 543 3115 598 habentes
3150 546 3348 598 donum
3373 585 3387 610 ,
3421 556 3480 600 ut
3517 562 3610 600 ere

2065 639 2197 691 dant
2243 639 2418 692 solum
2464 624 2798 704 Scripturis,
2837 636 3146 704 ignorantes
3197 635 3536 705 Scripturas,
3583 646 3637 690 et

2074 729 2371 798 Scripturis
2430 729 2764 790 credentes;
2841 725 2972 778 illud
3038 727 3240 779 donum
3304 735 3530 781 vocatur
3582 737 3638 782 et

2066 819 2293 888 Spiritus
2329 818 2472 872 ﬁdei.
2511 817 2564 870 Si
2597 817 2718 885 quis
2749 816 2974 882 accipiat
3001 815 3204 869 donum
3241 825 3298 869 et
3320 816 3573 870 virtutem
3602 833 3630 870 a

2067 912 2271 982 Spiritu
2310 920 2522 970 sancto.
2584 921 2639 964 ut
2700 910 2885 963 Credat
2931 910 3285 978 promissioni
3344 911 3631 976 bonorum,

2065 1019 2189 1074 qua:
2219 1004 2420 1056 dantur
2453 1004 2504 1057 in
2543 1001 2725 1055 futuro
2776 1001 2976 1055 san-uio
3007 1043 3020 1065 ,
3073 1001 3161 1054 ille
3212 1003 3461 1070 spiritum
3510 1020 3637 1070 pro-

2066 1095 2348 1149 missionis
2401 1093 2631 1162 accepit.
2671 1091 2726 1146 Si
2777 1093 2902 1159 quis
2957 1093 3163 1161 accepit
3212 1094 3493 1160 sapientiae
3539 1095 3639 1147 do-

2065 1202 2219 1247 num,
2251 1187 2383 1238 illud
2419 1194 2648 1240 vocatur
2701 1183 2926 1252 spiritus
2976 1184 3301 1251 sapientia;
3345 1192 3397 1238 et
3449 1186 3630 1239 omnia

2064 1276 2206 1331 dona
2232 1274 2471 1343 Spiritus
2511 1278 2683 1328 sancti
2711 1287 3098 1342 nuncupantur
3147 1273 3375 1339 spiritus
3407 1289 3422 1324 :
3479 1284 3533 1327 et
3563 1287 3640 1327 at-

2078 1367 2242 1421 tende
2273 1367 2563 1437 diligenter
2593 1365 2843 1425 fortnam,
2866 1380 2972 1432 qua
3005 1363 3097 1417 tibi
3134 1373 3337 1431 partem
3384 1366 3636 1432 specula-

2072 1457 2237 1510 tionis
2264 1456 2612 1525 exponimus.
2649 1455 2878 1520 Quando
2908 1455 3034 1523 quis
3082 1455 3241 1506 habet
3272 1454 3475 1508 donum
3511 1457 3639 1508 cha-

2063 1549 2262 1613 ritatis,
2295 1547 2494 1600 dicitur
2525 1546 2725 1600 habere
2770 1546 3023 1614 spiritum
3066 1545 3371 1600 charitatis.
3406 1545 3638 1612 Quando

2065 1640 2189 1709 quis
2249 1638 2520 1709 acceperit
2582 1639 2784 1692 donum
2849 1638 3126 1706 martyrii,
3179 1638 3376 1692 dicitur
3439 1641 3638 1693 habere

2066 1731 2280 1785 virtutis
2329 1731 2583 1800 spiritum
2623 1746 2638 1792 ;
2681 1729 2786 1782 hoc
2839 1736 2928 1781 est
2982 1727 3212 1789 donum.
3263 1729 3408 1796 quod
3447 1730 3635 1782 datum

389 1822 703 1892 μαρτυρίου,
723 1825 946 1890 λέγεται
977 1824 1196 1894 πνεῦμα
1214 1824 1497 1893 δυνάμεως
1515 1827 1682 1897 ἔχειν,
1708 1827 1956 1880 τουτέστι

2065 1822 2306 1891 Spiritus
2334 1834 2557 1876 sanctus
2579 1821 2906 1889 appellatur,
2955 1827 3010 1873 et
3043 1819 3248 1873 donum
3293 1820 3482 1873 eodem
3541 1836 3637 1872 no-

383 1913 640 1981 χάρισμα.
695 1911 998 1982 ἐπειδήπερ
1057 1913 1118 1964 τὸ
1173 1912 1520 1981 δωρούμενον
1547 1913 1608 1966 τὸ
1646 1912 1872 1982 Πνεῦμα
1895 1911 1958 1964 τὸ

375 2002 532 2068 ἅγιόν
589 2004 730 2056 ἐστι.
787 2001 1166 2056 Καλεῖταικαὶ
1213 2004 1274 2055 τὸ
1327 2003 1672 2075 δωρούμενον
1714 2005 1959 2074 ’Πνεῦμα

371 2091 554 2158 ἄτιον,
581 2093 826 2145 καλεῖται
857 2093 949 2145 καὶ
968 2092 1028 2144 τὺ
1054 2091 1226 2161 δῶρον
1262 2093 1565 2163 ὁμωνύμως
1591 2095 1668 2163 τῷ
1699 2095 1956 2166 χαρίζον-

367 2199 447 2234 τι.
483 2202 501 2234 ι
547 2184 658 2236 Καὶ
684 2182 802 2252 μετ’
819 2182 997 2249 ὀλίγα’
1028 2201 1047 2235 ι
1074 2185 1230 2236 Οῦτω
1255 2185 1346 2237 καὶ
1369 2186 1396 2237 ὁ
1421 2188 1689 2258 μακάριος
1705 2187 1954 2249 Ἱισαΐαςο

376 2292 398 2322 ι
451 2272 846 2338 Ἐξελεύσεται,
880 2274 1011 2342 φησὶ
1037 2311 1052 2336 ,
1086 2273 1280 2342 ῥάϐδος
1306 2275 1369 2328 ὲκ
1393 2275 1490 2344 τῆς
1531 2275 1689 2344 ῥίζης
1735 2277 1954 2342 Ἰεσσαὶ,

368 2364 471 2415 καὶ
494 2362 656 2426 ἄνθος
690 2363 749 2427 ἐξ
792 2364 968 2432 αὐτῆς
995 2364 1353 2434 ἀναϐήσεται,
1382 2368 1476 2418 καὶ
1503 2367 1956 2422 ὲπαναπαύσεται

365 2451 463 2504 ἐπ’
490 2454 654 2505 αῦτὶν
687 2452 909 2522 Πνεῦμα
929 2452 1024 2505 τοῦ
1051 2453 1210 2507 Θεοῦ.
1241 2472 1258 2504 ›
1292 2447 1419 2506 Ὧδε
1450 2454 1510 2506 τὸ
1532 2454 1702 2524 ὄνομα
1728 2455 1823 2525 τῆς
1851 2455 1957 2523 φύ-

366 2561 516 2608 σεως
547 2543 714 2598 αὐτοῦ
739 2545 832 2598 τοῦ
862 2543 1205 2613 Πνεύματος,
1239 2546 1426 2598 λοιπὸν
1453 2548 1508 2599 δὲ
1535 2549 1604 2600 τὰ
1638 2549 1952 2616 χαρίσματα

365 2637 596 2706 πνεῦμα
653 2637 850 2706 σοφίας
910 2639 1004 2690 καὶ
1052 2637 1342 2702 συνέσεως,
1397 2638 1616 2705 πνεῦμα
1677 2639 1952 2705 γνώσεως,

361 2727 596 2797 πνεῦμα
646 2729 952 2792 εὐσεϐείας,
989 2729 1214 2799 πνεῦμα
1243 2731 1412 2798 φόϐου
1441 2730 1600 2784 Θεοῦ.
1644 2750 1662 2783 ι
1703 2731 1813 2784 Καὶ
1837 2733 1953 2800 μετ’

359 2822 529 2888 ὀλίγα
561 2822 753 2873 πάλιν·
784 2839 802 2871 ι
845 2820 1078 2873 Ἔλαϐεν
1100 2824 1126 2874 ὁ
1152 2822 1420 2877 διδάσκων
1445 2824 1663 2894 πνεῦμα
1692 2824 1904 2893 σοφίας,
1927 2827 1954 2877 ὁ

360 2913 767 2980 διδασκόμενος
799 2911 1021 2980 πνεῦμα
1063 2914 1354 2980 συνέσεως,
1383 2914 1471 2968 ἶνα
1491 2918 1646 2984 συνῇ.
1681 2916 1781 2969 Διὰ
1798 2914 1953 2968 τοῦτο

377 3002 617 3063 Ἡσαΐας
676 3003 776 3072 τὴν
826 2990 1019 3070 σόφίαν
1074 3004 1376 3074 ἐπιγράφει
1429 3005 1507 3075 τῷ
1555 3007 1806 3074 λέγοντι,
1835 3003 1952 3076 ’τὴν

364 3093 591 3145 σύνεσιν
620 3093 698 3163 τῷ
731 3094 1010 3161 ἀκούοντι,
1043 3095 1137 3148 καί
1162 3112 1318 3164 φησι,
1346 3097 1514 3164 Σοφὸν
1537 3100 1949 3167 ἁρχιτέκοτονα,

364 3189 472 3239 καὶ
510 3187 732 3239 συνετὸν
783 3189 1090 3258 ἀκροατήν.
1130 3188 1355 3258 Πνεῦμα
1394 3190 1588 3261 βουλῆς
1639 3191 1951 3261 δίδοται·τῷ

362 3277 468 3345 τὴν
497 3277 727 3346 γνώμην
784 3278 1086 3349 δεχομένῳ.
1123 3298 1142 3331 ι
1172 3279 1284 3332 Καὶ
1331 3283 1471 3348 μετά
1511 3297 1632 3334 τινα
1667 3282 1766 3351 τῆς
1796 3301 1952 3353 περι-

365 3369 551 3438 κοπῆς
581 3383 596 3398 ³
655 3387 673 3419 ι
729 3369 1206 3438 Ἐπαναὶ-αμϐάνω
1255 3370 1440 3424 τοίνυν
1470 3374 1534 3424 τὰ
1563 3373 1808 3451 δνόματα
1855 3377 1953 3446 τῆς

367 3460 656 3528 ἁφράστου
687 3458 929 3528 φύσεως,
963 3461 1180 3530 πνεῦμα
1207 3461 1367 3526 Θεοῦ,
1399 3463 1618 3534 πνεῦμα
1647 3465 1727 3531 τὸ,
1755 3468 1818 3518 ἐκ
1857 3467 1952 3521 τοῦ

368 3550 551 3612 Θεοῦ,
597 3548 820 3619 πνεῦμα.
878 3551 1112 3620 Κυρίου,
1152 3553 1377 3622 Πνεῦμα
1431 3555 1676 3625 Πατρὸς,
1733 3559 1954 3629 Πνεῦμα

369 3643 527 3706 Υξού,
564 3641 789 3713 Πνεῦμα
829 3643 1092 3712 Χριστοῦ,
1125 3644 1352 3714 Πνεῦμα
1387 3645 1482 3698 τοῦ
1522 3649 1830 3719 ἐγείραντος
1862 3651 1954 3704 τὸν

369 3737 633 3806 Χριστὸν,
676 3734 898 3804 πνεῦμα
944 3735 1109 3805 ζωῆς,
1142 3735 1368 3807 πνεῦμα
1421 3738 1705 3810 ἀληθείας.
1751 3743 1954 3796 Λοιπὸν

368 3831 439 3878 τα
467 3825 811 3895 χαρίσματα,
845 3823 1066 3892 πνεῦμα
1110 3823 1424 3892 δυνάμεως,
1458 3825 1674 3896 πνεῦμα
1708 3829 1951 3896 ἀγάπης,

371 3918 597 3987 πνεῦμα
628 3915 1017 3986 σωφρονισμοῦ
1041 3955 1056 3982 ,
1088 3915 1308 3986 πνεῦμα
1349 3918 1702 3984 ἐπαγγελίας,
1735 3936 1955 3989 πνετιμα

372 4007 878 4076 πίστεω;,πνεῦμα
903 4005 1332 4074 ἀποκαλύψεως,
1358 4009 1575 4077 πνεῦμα
1607 4009 1907 4072 υἱοθεσίας.
1929 4028 1947 4061 ι

373 4099 562 4156 Ταῦτα
588 4099 773 4168 σαφῶς
798 4099 890 4152 τοῦ
912 4100 1362 4169 χρυσορρὴμονος
1391 4100 1604 4167 Πατρὸς
1638 4101 1956 4171 διηυκρινη-

374 4192 532 4254 κότος
565 4194 661 4245 καὶ
707 4191 1175 4258 παραδεδωκότος,
1201 4191 1278 4261 πῆ
1309 4190 1410 4261 μὲν
1457 4192 1607 4244 ἔστιν
1630 4192 1863 4246 ἀκοῦσαι
1895 4193 1956 4246 τὸ

373 4285 470 4338 τοῦ
515 4283 830 4354 Πνεύματος
880 4282 1074 4352 διομα,
1111 4287 1206 4335 καὶ
1251 4288 1439 4353 νοῆσαι
1462 4285 1626 4338 αὐτὸν
1651 4286 1742 4340 τὸν
1767 4285 1954 4356 Παρά-

377 4378 600 4446 κλητον,
637 4379 711 4442 πῆ
739 4375 796 4427 δὲ
826 4375 1058 4427 ἀκοῦσαι
1090 4376 1250 4429 πάλιν
1279 4375 1452 4444 ὄνομα
1490 4378 1826 4444 πνεύματος,
1859 4381 1955 4432 καὶ

2061 1916 2244 1979 mine,
2273 1928 2385 1984 quo
2428 1913 2473 1966 is
2521 1913 2612 1979 qui
2645 1913 2832 1965 donat.
2872 1929 2890 1960 ›
2931 1909 2993 1963 Et
3053 1911 3239 1979 paucis
3289 1911 3632 1978 interiectis:

2069 2026 2088 2058 σ
2128 2006 2204 2061 Ita
2238 2015 2291 2061 et
2358 2007 2550 2059 beatus
2599 2002 2779 2058 Isaias
2815 2019 2828 2055 :
2867 2020 2886 2052 ι
2915 2002 3263 2072 Egredietur,
3299 2004 3502 2073 inquit,
3568 2006 3636 2058 de

2063 2099 2244 2153 radice
2279 2095 2435 2151 Jesse
2461 2095 2608 2162 virga
2635 2101 2687 2147 et
2717 2093 2816 2148 llos
2847 2108 2910 2146 ex
2943 2108 3005 2147 ea
3033 2093 3311 2156 ascendet,
3348 2103 3398 2146 et
3418 2095 3635 2160 requie-

2059 2197 2174 2243 scet
2221 2202 2383 2257 super
2415 2201 2537 2240 cum
2591 2183 2829 2252 Spiritus
2853 2183 2945 2237 Dei
2988 2184 3032 2238 ⁸.
3067 2201 3084 2233 ι
3135 2182 3231 2237 Hie
3296 2193 3379 2237 est
3436 2201 3636 2238 nonun

2059 2277 2234 2348 ipsius
2263 2285 2472 2329 natura:
2495 2275 2756 2344 Spiritus;
2789 2273 3043 2340 deinceps
3100 2280 3413 2340 sequuntur
3441 2274 3581 2326 dona
3612 2291 3627 2326 :

2059 2371 2286 2438 spiritus
2324 2368 2601 2436 sapientia:
2644 2379 2696 2420 et
2728 2365 3054 2426 intellectus,
3083 2364 3308 2432 spiritus
3342 2365 3556 2420 consilii
3581 2376 3636 2420 et

2062 2461 2423 2524 furiiludidis,
2468 2458 2692 2527 spiritus
2743 2456 3088 2526 cognitionis,
3127 2457 3352 2523 spiritus
3394 2456 3629 2525 pietatis,

2067 2555 2296 2619 spiritus
2351 2550 2563 2603 timoris
2616 2549 2731 2601 Dei.
2766 2566 2785 2598 ›
2829 2546 2889 2600 Ει
2937 2555 3060 2615 post
3098 2560 3264 2614 pauca
3301 2562 3316 2598 :
3358 2565 3375 2598 ι
3407 2549 3632 2616 Accepit

2059 2644 2289 2705 docens,
2323 2641 2573 2710 spiritum
2607 2639 2906 2709 sapientia,
2937 2637 3318 2703 etaddiscens,
3361 2640 3616 2709 spiritum

2056 2732 2843 2806 intelligenthe,ut-intelligat.
2876 2728 3169 2791 Propterea
3201 2730 3371 2784 Isaias
3397 2731 3617 2797 sapien-

2055 2829 2186 2880 tiam
2235 2827 2464 2878 ascribit
2521 2823 2762 2886 dicenti,
2826 2821 3163 2873 intellectum
3222 2823 3509 2885 audienti;
3552 2829 3626 2884 et,

2055 2919 2251 2989 inquit,
2280 2918 2579 2986 sapientem
2604 2914 2989 2974 architectum,
3028 2923 3080 2967 et
3111 2913 3500 2981 intelligentem
3534 2927 3632 2964 au-

2052 3012 2307 3066 ditorem.
2345 3009 2579 3078 Spiritus
2613 3006 2830 3060 consilii
2858 3005 3057 3059 dicitur
3079 3005 3435 3071 cousiliatio;
3471 3005 3633 3073 spiri-

2058 3113 2145 3158 tus
2181 3101 2568 3173 J'ortitudinis,
2630 3098 2920 3152 consilium
2986 3097 3294 3165 accipienti.
3336 3114 3358 3149 ι
3397 3097 3460 3173 Et
3509 3105 3630 3165 post

2055 3195 2159 3248 alia
2184 3169 2453 3246 nonnulla
2515 3191 2793 3258 peric0pes
2828 3203 2841 3239 :
2884 3205 2901 3238 ι
2942 3186 3148 3255 Repeto
3189 3188 3352 3255 igitur
3407 3169 3629 3240 nomina

2055 3283 2344 3340 inei'fabilis
2385 3291 2594 3335 naturm
2659 3279 2898 3348 Spiritus
2954 3276 3078 3341 Dei,
3119 3276 3355 3345 Spiritus
3410 3277 3502 3345 qui
3556 3292 3623 3330 ex

2055 3377 2201 3440 Deo,
2259 3375 2494 3442 Spiritus
2537 3372 2770 3435 Domini,
2824 3370 3061 3438 Spiritus
3119 3368 3330 3432 Patris,
3389 3368 3628 3435 Spiritus

2054 3469 2224 3532 Filii,
2301 3468 2542 3536 Spiritus
2599 3465 2858 3530 Christi,
2915 3463 3154 3531 Spiritus
3208 3462 3300 3530 qui
3364 3462 3628 3514 excitavit

2053 3561 2354 3623 Christum,
2395 3557 2633 3627 Spiritus
2659 3559 2803 3617 vitae,
2835 3553 3069 3622 Spiritus
3106 3552 3348 3606 veritatis
3381 3571 3394 3605 :
3433 3553 3628 3605 deinde

2055 3654 2220 3717 dona,
2279 3651 2505 3720 spiritus
2557 3646 2794 3709 virtutis,
2823 3645 3065 3715 |spiritus
3117 3643 3420 3707 charitatis,
3469 3643 3630 3712 spiri-

2057 3755 2148 3800 tus
2204 3742 2603 3814 temperantiae,
2659 3738 2884 3808 spiritus
2939 3735 3354 3805 promissionis,
3404 3735 3630 3804 spiritus

2057 3837 2204 3900 ﬁdei,
2236 3836 2461 3902 Spiritus
2520 3829 2888 3896 revelationis,
2941 3828 3166 3896 spiritus
3210 3826 3518 3894 adoptionis
3572 3829 3632 3878 li-

2056 3930 2279 3984 lior'um.
2321 3947 2338 3980 )
2393 3925 2522 3980 Iltec
2576 3924 2751 3994 palam
2826 3922 3220 3990 Chrysostomo
3289 3918 3631 3972 discernente

2057 4023 2416 4091 tradenteque
2475 4017 2770 4087 aliquando
2817 4015 3070 4068 audimus
3124 4011 3358 4081 Spiritus
3409 4025 3628 4072 nomen,

2057 4125 2106 4168 et
2145 4111 2483 4166 Paracletum
2520 4110 2694 4178 ipsum
2733 4106 3086 4175 intelligimus
3117 4119 3132 4167 ;
3182 4101 3484 4170 aliquando
3510 4115 3632 4153 rur-

2057 4218 2152 4258 sus
2215 4199 2472 4255 audimus
2528 4213 2726 4252 nomen
2793 4195 3054 4264 spiritus,
3117 4201 3172 4245 et
3233 4191 3451 4259 aliquod
3517 4189 3629 4258 spi-

2061 4293 2257 4348 rituale
2322 4291 2526 4346 donum
2607 4287 2703 4358 per
2783 4287 2913 4340 illud
2978 4283 3273 4337 indicatum
3346 4282 3632 4348 cognosci-

2064 4401 2186 4441 mus
2220 4402 2235 4450 ;
2294 4398 2531 4452 quanam
2599 4381 2809 4434 ratione
2835 4417 2850 4440 ,
2873 4368 2888 4378 ’
2911 4376 3044 4446 qui,
3123 4373 3388 4442 quidquid
3453 4375 3625 4425 visum

374 4470 566 4537 νοῆσαι
611 4469 773 4537 χάριν
803 4466 928 4518 τινὰ
973 4466 1316 4536 δηλουμένην
1372 4468 1790 4539 πνευματικὴν,
1842 4470 1954 4534 πῶς

2065 4477 2246 4542 fuerit,
2272 4476 2462 4530 etii-eui
2498 4488 2593 4528 ore
2625 4470 2898 4534 eﬂutiunt,
2929 4469 3285 4544 contendunt,
3321 4481 3423 4519 non
3472 4473 3631 4518 natu-

375 4558 592 4623 ἕξουσιν
625 4559 672 4610 οἱ
717 4558 940 4625 σύμπαν
975 4559 1034 4610 τὸ
1062 4556 1253 4610 δοκοῦν
1286 4558 1476 4621 αὐτοῖς
1526 4559 1796 4631 άπυλώτῳ
1821 4561 1958 4613 άπε-

380 4649 713 4720 ρευγόμενοι
791 4647 1019 4716 στόματι
1078 4647 1474 4715 διενίστασθαι,
1511 4652 1586 4721 μὴ
1643 4651 1741 4720 τὴν
1797 4650 1960 4720 φύσιν

373 4738 471 4791 τοῦ
513 4737 670 4806 ἁγίου
722 4737 1062 4808 Πνεύματος,
1105 4738 1243 4792 ἀλλὰ
1284 4738 1350 4792 τὰ
1387 4741 1735 4810 πνευματικά
1764 4743 1963 4813 δηλοῦ-

377 4832 507 4883 σθαι
538 4830 894 4901 χαρίσματα;
931 4830 1017 4882 Ἑν
1041 4830 1316 4900 οίῳδήτινι
1347 4831 1413 4882 ἂν
1437 4832 1534 4900 τῆς
1566 4831 1712 4894 θείας
1741 4832 1964 4903 Γραφῆς

378 4925 542 4992 μέρει
575 4922 900 4991 εὑρίσκηται
946 4922 1006 4974 τὸ
1041 4921 1266 4992 Πνεῦμα
1298 4922 1359 4974 τὸ
1383 4922 1535 4991 ἅγιον
1563 4923 1826 4994 ὑπάρχον,
1859 4919 1955 4978 κάὶ

378 5012 706 5085 ἀναϐλύζον,
737 5015 834 5067 καὶ
865 5014 1236 5085 προχεόμενοι)
1291 5014 1350 5080 ἐξ
1405 5014 1535 5067 Υἱοῦ
1570 5031 1587 5080 ;
1625 5017 1686 5068 Et
1715 5018 1822 5085 γὰρ
1862 5018 1952 5068 τὸν

375 5103 636 5173 περὶτῶν
659 5101 944 5171 ὀνομάτων
975 5103 1133 5169 λόγον
1167 5103 1197 5155 ὁ
1229 5103 1385 5170 ἆγιος
1409 5101 1738 5171 ποιούμενός
1766 5119 1954 5173 φησιν,

383 5215 404 5246 ο
437 5196 650 5263 Ὀνομα
675 5193 732 5246 δὲ
759 5193 926 5246 αὑτοῦ
959 5193 1184 5264 Πνεῦμα
1216 5192 1396 5259 ἆγιον,
1426 5193 1651 5262 Πνεῦμα
1680 5183 1957 5260 ἀληθείας,

377 5286 610 5356 Πνεῦμα
659 5286 754 5339 τοῦ
791 5287 950 5350 θεοῦ,
973 5285 1196 5356 Πνεῦμα
1233 5286 1328 5338 τοῦ
1365 5287 1846 5356 Πατρὺς,ῐ1νεῦμα
1865 5287 1956 5338 τοῦ

376 5378 535 5445 Υἱοῦ,
557 5380 652 5432 καὶ
672 5378 1049 5448 προστίθησιν,
1074 5397 1091 5428 ι
1117 5377 1266 5447 Αῦτη
1295 5379 1409 5447 γάρ
1439 5380 1588 5430 ἐστιν
1608 5379 1642 5447 ἡ
1669 5379 1834 5447 κυρία
1867 5379 1960 5430 καὶ

375 5474 574 5539 πρώτη
645 5470 1010 5539 προσηγορία,
1051 5471 1084 5538 ἡ
1131 5468 1590 5540 ὲμφατικωτέραν
1630 5469 1826 5539 ἔχουσα
1859 5470 1958 5539 τὴν

374 5563 645 5624 διάνοιαν,
681 5563 776 5613 καὶ
821 5560 1146 5631 παριστῶσα
1193 5561 1288 5615 τοῦ
1323 5563 1478 5630 ἁγίου
1513 5560 1830 5631 Πνεύματος
1860 5564 1958 5633 τὴν

447 5725 468 5753 ³
502 5721 604 5774 isti.
646 5737 721 5778 ιε,
758 5720 802 5776 Ι,
839 5718 890 5770 ’2.

2074 4585 2186 4623 ram
2227 4568 2399 4620 sancti
2427 4563 2686 4634 Spiritus,
2737 4560 2832 4616 sed
2881 4557 3188 4629 spiritualia
3231 4557 3372 4610 dona
3412 4556 3465 4608 in
3497 4572 3633 4624 qua-

2058 4672 2276 4728 cunque
2306 4670 2476 4711 sacra:
2507 4653 2802 4722 Scripturaa
2833 4658 2984 4720 parte
3031 4648 3319 4716 reperitur,
3367 4645 3626 4713 Spiritum

2060 4757 2310 4804 sanctum
2335 4761 2477 4812 esse,
2519 4758 2798 4805 emanare,
2831 4750 2886 4794 et
2939 4739 3143 4793 ell'undi
3205 4751 3270 4790 ex
3304 4734 3440 4791 Filio
3487 4734 3630 4788 indi-
3705 4738 3715 4762 ‘

2062 4841 2222 4896 cari?
2253 4837 2520 4906 Namque,
2549 4835 2592 4889 si
2616 4834 2685 4888 de
2717 4831 3036 4885 nominibus
3079 4829 3306 4899 spiritus
3349 4827 3515 4881 verba
3553 4825 3634 4878 l'a-

2063 4935 2238 4995 ciens,
2286 4939 2510 4982 sanctus
2535 4927 2610 4980 ait
2651 4942 2663 4978 :
2698 4943 2715 4975 ι
2757 4923 2966 4976 Nomen
2998 4938 3125 4976 vero
3170 4919 3366 4989 ipsius,
3396 4917 3636 4987 Spiritus

2063 5034 2306 5086 sanctus,
2339 5019 2572 5090 Spiritus
2625 5018 2891 5080 veritatis,
2931 5012 3169 5082 Spiritus
3227 5012 3343 5075 Dei,
3393 5008 3631 5077 Spiritus

2061 5113 2261 5180 Patris,
2302 5110 2540 5180 Spiritus
2573 5107 2720 5173 Filii,
2763 5125 2780 5157 ι
2819 5115 2874 5159 et
2918 5105 3068 5158 addit
3105 5120 3120 5157 :
3155 5120 3173 5153 ι
3212 5101 3339 5156 Haec
3370 5101 3514 5154 enim
3551 5105 3633 5150 est

2067 5219 2284 5273 prOpria
2318 5215 2372 5256 et
2402 5201 2574 5272 prima
2608 5200 2923 5270 appellatio,
2961 5212 3082 5267 qua:
3115 5192 3439 5249 sententiam
3473 5190 3635 5242 habet

2065 5296 2553 5363 expressiorem,et
2579 5301 2830 5346 naturam
2853 5293 3106 5359 Spiritus
3134 5288 3306 5342 sancti
3333 5296 3636 5352 repraesen-

2067 5391 2184 5447 tat;
2224 5399 2243 5432 ›
2301 5389 2414 5434 tum
2473 5380 2662 5434 subdit
2705 5380 2903 5434 deinde
2941 5395 2954 5430 :
3002 5396 3021 5430 ι
3066 5376 3190 5429 llaec
3244 5381 3372 5428 sunt
3415 5384 3635 5423 numina

2067 5481 2271 5525 sanctae
2306 5471 2746 5526 ctimmaculata‘.
2801 5471 3016 5524 virtutis
3064 5464 3240 5520 sancti
3273 5471 3326 5517 et
3370 5461 3633 5515 adorandi

2067 5566 2327 5635 Spiritus,
2361 5586 2379 5619 ι
2415 5584 2742 5638 rursumque
2776 5584 2788 5619 ε
2827 5585 2844 5618 ι
2883 5564 3005 5619 llxc
3031 5561 3248 5616 nomina
3297 5567 3426 5612 sunt
3447 5571 3639 5612 auelo-
