4054 6416
473 294 578 355 Ξ99

465 417 584 452 esse
634 398 944 452 inditisant.
981 416 998 448 ι
1055 399 1117 451 Et
1151 397 1477 467 quibusdam
1513 399 1742 451 annexis
1785 415 1797 451 :

466 507 595 545 vero
631 491 778 542 vivat
809 498 999 542 natura
1036 488 1238 550 divina,
1273 487 1434 541 'vivas
1467 488 1629 540 habet
1661 497 1716 540 et
1753 489 2034 556 operatio-

465 599 598 647 nes;
633 593 686 637 et
735 583 939 649 absque
968 579 1202 634 essentia
1249 581 1362 630 lieri
1414 580 1624 647 nequit,
1653 591 1738 632 ἰιι
1789 580 2037 648 operatio

463 683 704 746 emergat
737 691 752 728 :
791 672 880 725 ubi
914 671 1154 740 Operatio
1189 670 1518 737 apparuerit,
1543 670 1725 734 [simul
1764 685 1871 722 una
1910 685 2033 722 cum

463 782 526 819 ea
567 775 620 819 et
669 764 901 818 essentia
955 777 1018 813 ex
1056 759 1163 830 qua
1203 770 1442 824 emanat,
1477 761 1874 815 consideratur.
1915 777 1934 809 ι
1972 758 2039 811 Ει

397 883 404 903 ·.
465 866 585 926 post
612 871 820 926 pauca:
864 873 881 905 ι
920 853 1088 922 Igitur
1136 869 1242 906 non
1282 854 1598 920 operatione
1643 860 1852 905 tantum
1898 850 2036 904 Deus

401 982 404 985 -
465 952 624 1004 relms
656 955 895 1019 praesens
936 957 1041 1008 est,
1091 946 1186 1000 sed
1229 947 1492 998 essentia.
1531 943 1775 1010 Namque
1809 942 2036 995 demon-

461 1051 688 1095 stratum
717 1050 800 1093 est
857 1039 1064 1108 absque
1093 1037 1330 1090 essentia
1365 1037 1570 1089 nullam
1602 1050 1724 1090 esse
1760 1033 2036 1103 operatio-

463 1150 604 1186 nem.
641 1152 658 1182 ι
695 1133 760 1184 Et
798 1132 983 1199 paucis
1013 1129 1245 1182 all-litis:
1283 1146 1299 1178 t
1326 1127 1610 1192 Quomodo
1647 1128 1848 1194 itaque,
1871 1125 2034 1195 {quod

461 1226 682 1287 dicitur,
716 1237 902 1275 verum
932 1221 1116 1285 fuerit,
1171 1217 1433 1288 Spiritum
1470 1217 1678 1271 Domini
1710 1215 1897 1270 orbem
1935 1213 2034 1267 ad-

463 1315 757 1385 implesse?
816 1314 1062 1367 Essentia
1121 1312 1264 1365 Deus
1316 1327 1440 1364 eum
1510 1311 1622 1372 sit,
1719 1323 1842 1378 qua:
1907 1314 2035 1360 sunt

459 1410 664 1470 omnia,
717 1418 909 1460 natura
967 1405 1152 1459 divitia
1187 1402 1520 1472 adimplevit,
1573 1411 1626 1454 et
1670 1401 1724 1454 itt
1778 1399 2034 1453 omnibus

459 1511 560 1555 est.
601 1521 619 1552 ι
672 1501 736 1554 Et
770 1498 1116 1569 postmodum
1148 1513 1162 1549 :
1207 1515 1224 1545 ι
1262 1494 1521 1564 Operatio
1551 1495 1756 1562 absque
1792 1491 2032 1546 essentia

460 1604 567 1640 non
617 1597 858 1650 emanat,
892 1598 945 1638 et
971 1587 1038 1652 ,ιιι
1093 1585 1353 1638 omnibus
1378 1595 1502 1647 est;
1544 1582 1777 1636 essentia
1811 1596 1942 1650 ergo
1976 1581 2030 1633 in

456 1679 709 1732 ontnibus
765 1686 868 1742 est,
917 1687 974 1730 ut
1020 1693 1048 1729 a
1102 1678 1362 1744 propheta
1420 1674 1623 1728 dicitur
1681 1691 1694 1727 :
1759 1691 1777 1724 ι
1837 1671 2030 1726 Nonne

1494 293 1702 352 JOAN.
1747 295 1958 355 VECCI
2001 294 2107 357 ΟΡ.
2150 293 2658 352 ΡᾹΤΒΙΛΗΟΠΕ

1847 418 1863 449 ι
1904 399 2038 452 Cum
2075 411 2112 459 Α
2147 399 2237 449 τίῦ
2289 398 2426 450 Θεοῦ
2474 399 2694 465 φύσεως
2742 395 3046 465 ἀχώριστον
3098 391 3237 449 εἴναι
3296 397 3389 464 τὴν
3430 397 3718 466 ἐνέργειαν

3605 292 3710 354 30.)

2143 489 2335 544 αὑτοῦ.
2372 509 2389 540 ι
2425 492 2535 542 Καὶ
2573 490 2710 559 μετά
2750 505 2872 540 τινα
2898 504 2909 516 ·
2946 509 2961 538 ι
2994 486 3213 559 Ἐπειδὴ
3255 489 3313 542 δὲ
3349 490 3502 552 ξιῶσα
3537 491 3571 560 ὴ
3598 490 3716 542 θεία

2145 580 2328 648 φύσις,
2365 581 2545 644 ζώσας
2597 580 2796 650 ἔχουσα
2847 579 2942 631 καὶ
2971 580 3070 640 τὰς
3097 580 3405 649 ἐνεργείας,
3449 581 3622 652 χωρὶς
3655 581 3715 634 δὲ

2141 672 2326 733 οὐσίας
2377 671 2641 725 ἀδύνατον
2692 670 2978 740 προελθεῖν
3035 670 3342 739 ἐνέργειαν.
3374 672 3543 724 Ἔνθα
3583 671 3650 724 ἂν
3679 672 3713 739 ἡ

2141 766 2391 835 ἐνέργεια
2427 770 2590 836 φανῇ,
2627 767 3018 838 συνθεωρεῖται
3041 767 3218 836 ταύτῃ
3245 769 3341 820 καὶ
3372 768 3404 836 ἡ
3437 767 3618 830 οὐσία,
3656 767 3715 832 ἐξ

2137 852 2203 927 ἦς
2237 858 2584 928 προέρχεται.
2609 876 2627 910 ι
2668 860 2776 910 Καὶ
2811 860 2947 927 μετά
2968 876 3089 911 τινα
3111 875 3122 888 ·
3161 875 3178 908 ι
3221 859 3427 911 Οὐκοῦν
3453 859 3512 910 οὗ
3551 861 3712 928 μόνον

2137 951 2200 1017 τῇ
2254 950 2508 1018 ἐνεργείᾳ
2562 951 2796 1020 πάρεστι
2845 953 2958 1012 τοῖς
3007 945 3127 1003 οὖσι
3159 949 3313 1014 Θεὸς,
3346 950 3484 1003 ἀλλὰ
3519 952 3611 1004 καὶ
3639 954 3708 1022 τῇ

2136 1040 2318 1109 οὐσίᾳ.
2349 1039 2620 1094 δέδεικται
2671 1042 2800 1109 γὰρ,
2835 1042 2932 1110 οὐχ
2967 1043 3050 1094 ὅτι
3101 1043 3271 1110 χωρίς
3315 1042 3507 1103 οὐσίας
3558 1042 3708 1094 ἐστὶν

2138 1129 2406 1199 ἐνέργεια.
2438 1149 2457 1182 ι
2496 1133 2605 1184 Καὶ
2649 1132 2788 1200 μετᾶ
2843 1148 3002 1183 τινα⁶
3061 1149 3080 1183 ι
3138 1131 3259 1194 Πῶς
3311 1129 3404 1184 οὖν
3463 1131 3617 1185 ἔσται
3647 1134 3712 1186 τὸ

2137 1219 2431 1288 λεγόμενον
2452 1222 2672 1290 ἀληθὲς.
2704 1223 2785 1274 ὅτι
2840 1221 3066 1291 Πνεῦμα
3125 1222 3334 1292 Κυρίου
3373 1223 3710 1293 πεπλήρωκε

2138 1313 2239 1381 τὴν
2271 1314 2640 1383 οἰκουμένηνς
2674 1315 2852 1367 Οὑσία
2895 1314 3030 1378 Θεὸς
3075 1314 3172 1379 ὢν,
3220 1315 3397 1368 πάντα
3453 1316 3522 1367 τά
3575 1315 3709 1369 ὅντα

2136 1399 2236 1469 τῆς
2283 1400 2438 1464 θείας
2485 1403 2672 1464 οὐσίας
2731 1403 3093 1474 πεπλήρωκε,
3136 1404 3232 1456 καὶ
3285 1405 3344 1456 ἐν
3405 1405 3545 1457 πᾶσι
3592 1405 3708 1467 τοῖς

2135 1489 2288 1548 οὖσιν
2350 1497 2489 1551 ἐστί.
2543 1515 2560 1548 ι
2617 1499 2726 1550 Καὶ
2784 1499 2924 1564 μετά
2972 1510 3131 1552 τινα·
3163 1516 3182 1548 ι
3240 1495 3304 1550 Ἥ
3342 1498 3403 1551 δὲ
3453 1499 3708 1567 ἐνέργεια

2133 1584 2302 1655 χωρὶς
2343 1585 2530 1646 οὐσίας
2586 1587 2646 1638 οὐ
2707 1587 2946 1656 πρόεισι,
2992 1586 3086 1638 καὶ
3129 1587 3187 1638 ἐν
3233 1587 3404 1639 πᾶσίν
3456 1589 3643 1640 ἐστιν’
3673 1587 3706 1655 ἡ

2133 1676 2288 1728 οὐσία
2315 1676 2423 1747 ἄρα
2445 1680 2502 1729 ὲν
2527 1679 2696 1730 πᾶσιν
2717 1679 2854 1742 ἐστι,
2891 1681 3035 1731 κατὰ
3057 1678 3149 1730 τὸν
3177 1679 3265 1732 διὰ
3297 1678 3389 1731 τοῦ
3417 1681 3705 1750 Προφήτου

455 1771 654 1824 emittm
696 1778 748 1822 et
799 1779 997 1823 terram
1050 1784 1148 1836 ego
1184 1767 1419 1835 gintpleo
1486 1766 1615 1820 dicit
1664 1764 1974 1818 Dominus“?
2003 1781 2022 1815 ι

2132 1741 2448 1839 λεγόμενον,
2505 1787 2523 1820 ι
2557 1771 2690 1839 Οὐχὶ
2742 1741 2848 1822 τδνν
2888 1770 3121 1840 οὐρανὸν
3175 1772 3272 1824 καὶ
3325 1769 3426 1840 τὴν
3593 1741 3706 1841 έγὼ

456 1863 580 1916 11ωο
626 1862 950 1915 Sanctorum
1001 1860 1376 1930 pronuntiata,
1417 1859 1482 1912 ad
1512 1873 1607 1910 ora
1646 1872 1835 1910 eorum
1869 1856 2023 1909 obtu.

457 1958 623 2009 randa
654 1955 745 2023 qui
797 1970 861 2008 ex
915 1953 1054 2006 Filio
1105 1953 1416 2022 provenire,
1464 1949 1667 2003 effundi
1725 1958 1778 2003 et
1812 1947 2030 2001 exsilire

454 2045 618 2098 veluti
659 2044 862 2097 donum
897 2042 1210 2111 quoddam,
1269 2040 1530 2110 Spiritum
1589 2047 1834 2102 san‘ctmtt
1896 2053 2028 2093 con-

456 2137 704 2200 tendunt,
734 2136 1102 2204 maximopere
1125 2134 1456 2189 conducent.

531 2323 584 2377 5.
622 2320 774 2386 Quod
813 2320 858 2375 si
887 2331 938 2374 et
982 2319 1128 2373 dicto
1159 2319 1234 2372 illi
1267 2319 1404 2372 inter
1449 2319 1552 2372 alia
1607 2318 1788 2390 Cyrilli
1816 2319 1908 2389 [(4)
1939 2333 2026 2372 ac-

456 2415 701 2468 curatius
753 2421 989 2466 mentem
1043 2412 1245 2472 lixeris,
1282 2410 1425 2479 quod
1481 2411 1592 2472 ille.
1644 2411 1769 2464 dum
1825 2409 2022 2463 Filium

455 2507 657 2561 habere
706 2505 968 2574 Spiritum
1039 2513 1356 2573 pertractat,
1402 2505 1738 2572 pronuntiat,
1781 2521 1797 2554 ι
1832 2505 2021 2558 eodem

449 2614 559 2668 quo
587 2608 641 2651 et
671 2597 824 2651 Pater
847 2595 1008 2649 modo
1037 2595 1298 2664 Spiritum
1340 2595 1540 2649 habere
1573 2595 1739 2649 veluti
1774 2595 2021 2648 omnimn

449 2691 778 2746 naturalium
821 2688 1003 2744 Patris
1029 2688 1295 2742 bonorum
1335 2687 1686 2756 participem,
1725 2702 1831 2740 non
1872 2688 2023 2742 asci-

437 2784 628 2838 titium
678 2798 852 2851 neque
933 2791 1276 2845 extraneum,
1324 2779 1418 2833 sed
1504 2788 1561 2832 ut
1635 2779 1871 2848 quisque
1922 2794 2022 2831 no-

451 2883 623 2928 strum
656 2871 934 2940 proprium
962 2870 1014 2923 in
1041 2870 1339 2938 semetipso
1369 2869 1618 2938 spiritum
1655 2871 1926 2932 continet,
1967 2878 2021 2922 et

447 2983 512 3019 ex
550 2966 758 3020 intimis
788 2963 1091 3018 visceribus
1123 2963 1174 3015 itt
1219 2972 1448 3016 externa
1478 2961 1747 3023 effundit;
1785 2979 1802 3012 ι
1840 2962 2018 3015 maxi-

2133 1861 2359 1932 πληρῶ,
2414 1863 2563 1930 λέγει
2615 1861 2862 1932 Κύριος;
2899 1881 2916 1912 ι
2985 1865 3101 1916 Οὐκ
3151 1863 3334 1932 ὀλίγον
3370 1882 3453 1917 σοι
3485 1865 3705 1928 πάντως

2130 1952 2184 2004 αί
2219 1953 2447 2022 χρήσεις
2489 1949 2649 2004 αὗται
2697 1954 2834 2022 πρὸς
2885 1954 3286 2024 ἐπιστομισμὸν
3338 1955 3562 2008 τῶνμὲκ
3606 1955 3706 2007 τοῦ

2131 2044 2260 2096 Tia-3
2301 2045 2571 2114 προῖὲναι,
2603 2043 2699 2094 καὶ
2742 2043 3084 2112 προχεῖσθαι,
3113 2045 3207 2097 καὶ
3237 2043 3587 2108 άναὸλύζειν,
3625 2043 3706 2106 ὡς

2129 2135 2373 2205 χάρισμα
2409 2151 2460 2185 τι
2507 2134 2882 2202 πνευματικὸν
2934 2134 2993 2186 τὸ
3043 2135 3264 2205 Πνεῦμα
3323 2135 3598 2203 λεγόντων
3639 2133 3708 2188 τὺ

2128 2227 2307 2293 ἅγιον,
2345 2226 2781 2277 συντελέσουσιν.

2195 2324 2258 2372 ε’.
2293 2318 2434 2370 Ἀλλ’
2467 2320 2514 2370 εί
2552 2317 2646 2370 καί
2677 2334 2784 2369 τινι
2813 2317 2946 2385 ,τῶν
2991 2318 3086 2370 τοῦ
3138 2319 3380 2390 μεγάλου
3426 2320 3700 2391 Κυρίλλου

2124 2410 2622 2478 ἐπιστατικώτερον
2667 2409 2950 2472 ἐπιϐαλεῖς
3004 2410 3215 2480 ῥήσεων
3249 2414 3314 2482 τῇ
3367 2414 3498 2481 παρ’
3535 2395 3701 2466 α’ὐτοῦ

2123 2501 2411 2572 εἰρημένῃ,
2442 2502 2572 2552 ’Ξῖ-πυ
2621 2501 2678 2552 τὸ
2721 2502 2945 2570 Πνεῦμα
2994 2505 3084 2555 τὶν
3124 2503 3249 2555 Υίδν
3279 2504 3426 2574 ἔχειν
3456 2504 3703 2574 θεολογεί

2130 2611 2148 2642 ι
2204 2594 2326 2646 καθ’
2379 2593 2436 2643 ὃν
2483 2595 2681 2662 τρόπον
2738 2594 2832 2645 καὶ
2875 2595 2902 2644 6
2945 2594 3156 2666 Πατὴρ,
3195 2596 3270 2659 ὡς
3318 2597 3536 2650 πάντων
3590 2599 3702 2651 τῶν

2125 2679 2369 2748 φυσικῶν
2427 2680 2648 2748 ἀγαθῶν
2695 2682 2788 2734 τοῦ
2845 2683 3057 2752 Πατρὺς
3105 2685 3384 2749 κοινωνὸν,
3419 2689 3521 2740 οῦκ
3562 2688 3703 2740 ἐπα·

2125 2772 2250 2822 κτὸν
2285 2771 2548 2840 δηλονότι,
2579 2771 2689 2824 οὐδ’
2737 2773 2959 2838 ἔξωθεν,
2999 2774 3119 2827 ἀλλ’
3157 2775 3231 2838 ὡς
3279 2776 3510 2840 ἕκαστος
3539 2777 3700 2847 ήμῶν

2122 2862 2181 2912 τὸ
2240 2861 2372 2913 tam
2426 2863 2484 2914 ἐν
2533 2862 2712 2932 ἑαυτῷ
2761 2863 2984 2932 Πνεῦμα
3035 2866 3270 2936 συνέχει.
3329 2870 3426 2922 καὶ
3473 2871 3538 2922 ἐκ
3589 2869 3701 2921 τῶν

2121 2952 2421 3005 ὲνδοτάτων
2473 2955 2800 3026 σπλάγχνων
2833 2957 2914 3019 εἰς
2955 2957 3016 3010 τὸ
3076 2958 3182 3022 ἔξω
3236 2962 3460 3030 προχέει
3488 2977 3504 2992 ο
3540 2979 3559 3012 ι
3595 2979 3701 3030 με·

447 3074 592 3112 ιιιιιιη
648 3055 996 3129 (ιιιοίιιιοιίὺὶ
1053 3054 1179 3108 inde
1228 3062 1421 3108 contra
1474 3053 1782 3121 importuna
1818 3053 2015 3105 discri-

2127 3043 2298 3114 γάλην
2347 3045 2639 3098 κάντεῦθεν
2687 3045 2830 3112 ἔξεις
2870 3047 3011 3100 κατὰ
3059 3047 3169 3100 τῶν
3217 3051 3548 3118 παραλόγων
3577 3049 3696 3104 διαο

447 3148 594 3200 ntina
623 3147 995 3214 adiumentum
1031 3143 1274 3197 habebis.
1335 3142 1544 3198 Etenim
1575 3143 1620 3197 si
1657 3153 1881 3196 sanctus
1913 3142 2023 3212 Cy-

447 3240 603 3291 rillus
649 3236 890 3291 hominis
953 3223 1262 3304 exemplum
1317 3249 1611 3303 usurpans,
1661 3231 1884 3298 Filium,
1922 3235 2015 3300 ait,

447 3327 712 3396 Spiritum
763 3323 1065 3386 eﬂ‘undere,
1111 3323 1572 3391 quemadmodum
1621 3335 1870 3378 nostrum
1902 3324 2020 3378 sin-

446 3420 556 3486 guli
596 3417 879 3486 proprium
913 3415 1161 3484 spiritum
1196 3430 1262 3468 ex
1296 3414 1507 3468 intimis
1533 3415 1846 3470 visceribus
1869 3413 2019 3470 foras

445 3509 727 3563 etTundunt
754 3522 770 3572 ;
798 3505 928 3576 quid
954 3504 1102 3559 aliud
1135 3505 1337 3560 similis
1369 3505 1563 3560 eﬂ'usio
1596 3507 1720 3570 erit,
1756 3521 1919 3576 quam
1953 3521 2019 3560 ex

451 3599 587 3651 lt‘iiio
622 3595 886 3650 naturalis
922 3595 1159 3664 Spiritus
1186 3596 1550 3651 exsistentia?
1577 3595 1712 3650 Nam
1749 3609 1805 3651 et
1838 3597 1892 3650 in
1922 3595 2021 3650 ho-

450 3687 711 3751 minibus,
741 3695 797 3740 et
839 3687 890 3739 itt
928 3684 1186 3740 omnibus
1206 3686 1350 3749 aliis,
1378 3700 1498 3755 quas
1532 3685 1778 3756 spiritum
1817 3686 2020 3740 habent

445 3781 788 3850 corruptioni
839 3779 1138 3832 obnoxium
1172 3818 1188 3843 ,
1241 3777 1671 3848 uniuscujusque
1721 3777 1949 3846 Spiritus
1983 3793 2016 3832 a

446 3873 690 3942 spirante
719 3870 1099 3926 exsistentiam
1137 3868 1397 3937 possidet.
1929 3867 1946 3879 ‘

520 3985 576 4037 ti.
628 3980 925 4050 Propterea
962 3993 1196 4047 magnus
1228 3977 1459 4033 Basilius
1491 3979 1547 4032 in
1583 3978 1864 4032 nonnullis
1891 3978 2018 4046 :suis

449 4074 771 4143 theologicis
814 4072 977 4128 dictis
1005 4071 1083 4140 (5)
1154 4086 1278 4125 cum
1311 4071 1434 4140 quis
1471 4069 1734 4140 Spiritum
1765 4070 1859 4126 Dei
1889 4087 2018 4140 pro-

451 4167 692 4229 nuntiat,
743 4165 877 4218 satis
931 4178 1072 4227 esse,
1123 4165 1309 4227 tradit,
1355 4179 1550 4216 nomen
1610 4163 1713 4216 hoc
1745 4166 2018 4218 exsistet]-

446 4261 575 4314 tiant
607 4258 756 4312 illius
787 4272 850 4311 ex
884 4255 991 4310 Deo
1023 4267 1234 4309 notare.
1287 4254 1424 4308 Cum
1458 4255 1620 4324 igitur
1651 4257 1703 4308 in
1737 4256 2018 4326 plerisque

445 4349 742 4418 Scriptura;
781 4345 918 4400 locis
963 4344 1205 4414 Spiritus
1244 4343 1448 4408 Patris,
1511 4345 1750 4414 Spiritus
1797 4361 2016 4415 quoque

444 4441 567 4496 Filii
611 4440 849 4510 Spiritus
895 4448 1118 4494 sanctus
1165 4441 1458 4501 vocitatur,
1510 4437 1556 4490 si
1590 4437 1752 4491 veluti
1779 4436 2016 4506 Spiritus

445 4537 561 4588 oris
615 4533 792 4588 Patris
821 4532 1200 4587 exsistentiam
1229 4547 1292 4583 ex
1325 4545 1390 4584 eo
1418 4530 1616 4583 habere
1645 4531 1868 4595 dicitur,
1923 4531 2018 4583 ha-

447 4623 597 4678 bebit
649 4623 837 4692 utique
882 4629 936 4675 et
991 4621 1226 4674 similem
1287 4636 1353 4673 ex
1413 4617 1554 4674 Filio
1611 4619 2016 4682 exsistentiam,

444 4717 610 4772 veluti
635 4716 844 4778 vivens,
876 4723 933 4766 et
972 4713 1280 4769 essctttialis
1315 4710 1435 4766 Filii
1476 4712 1733 4780 Spiritus,
1775 4711 1924 4780 quod
1964 4721 2019 4765 et

445 4825 508 4863 os
539 4807 717 4860 Patris
753 4805 828 4874 (6)
871 4805 1122 4858 Filiusin
1161 4805 1361 4858 divinis
1391 4804 1692 4870 Seripturis
1723 4803 2014 4856 asseritur.

447 4903 510 4958 Et
542 4899 622 4954 sic
645 4902 757 4968 jam
795 4899 962 4951 habes
1003 4898 1334 4958 absolutum,
1371 4895 1435 4948 ad
1471 4897 1704 4962 primam
1748 4905 1894 4949 tuam
1935 4895 2020 4949 in-

445 4991 868 5059 terrogationem
901 5029 916 5056 ,
980 5003 1339 5056 responsum,
1410 4985 1631 5054 scriptis
1684 4985 2016 5040 testimoniis

516 5172 534 5198 ⁸
563 5183 676 5221 διϊ.
712 5180 867 5227 unt,
899 5164 988 5218 Si.

515 5353 591 5419 (4)
619 5348 684 5404 lu
721 5347 1065 5419 expositione
1102 5344 1380 5419 Evangelii
1404 5343 1658 5419 Joannis,
1689 5344 1751 5398 ad
1778 5344 1866 5398 illa
1890 5363 1921 5419 _:

431 5413 534 5490 ego
570 5413 1072 5488 rogabo’Pu/rcm,
1137 5427 1184 5467 et
1240 5416 1404 5466 alium
1469 5413 1803 5467 I’eracletum
1857 5415 2017 5468 dabit

445 5509 608 5543 1‘00”.

507 5492 608 5544 bis.

476 5516 590 5629 0(5)
627 5567 681 5619 In
717 5571 906 5630 quarta
943 5557 1151 5610 scilicet
1213 5555 1476 5608 adversus
1523 5553 1848 5609 Eunomium
1895 5571 2017 5609 ora-

444 5633 611 5683 tione.

516 5704 590 5770 tti)
626 5700 819 5754 Filium
872 5717 930 5751 os
964 5696 1151 5752 l’atris
1213 5711 1356 5762 esse,
1404 5695 1641 5765 reperies
1677 5699 1730 5751 in
1757 5697 2013 5750 oratione

2126 3136 2309 3204 φορῶν
2359 3135 2456 3206 τὴν
2505 3137 2886 3206 συγκρότησιν.
2940 3139 3003 3190 Εἰ
3053 3139 3162 3209 γὰρ
3223 3142 3281 3192 ἐν
3335 3142 3698 3213 ὑποδείγματι

2124 3227 2452 3297 ἀνθρωπίνῳ
2501 3230 2528 3280 6
2589 3227 2746 3296 ἅγιος
2805 3228 3074 3296 Κύριλλος
3132 3231 3224 3284 τὸν
3273 3233 3400 3286 Υίόν
3455 3251 3586 3304 φησι
3637 3235 3699 3286 τὸ

2127 3319 2354 3388 Πνεῦμα
2389 3319 2756 3388 προχέειν,ὼς
2790 3320 3021 3383 ἕκαστος
3057 3323 3213 3391 ἡμῶν
3241 3325 3299 3376 τὺ
3327 3326 3457 3377 ἴδιον
3479 3326 3697 3396 πνεῦμα

2121 3409 2185 3461 ὲκ
2208 3409 2316 3461 τῶν
2340 3410 2636 3462 ἐνδοτάτων
2663 3409 2826 3463 αὑτοῦ
2853 3410 3178 3479 σπλάγχνων
3211 3416 3288 3476 εἰς
3319 3415 3381 3465 τὺ
3417 3415 3524 3481 ἔξω
3559 3433 3694 3486 προ-

2121 3499 2259 3567 χέει,
2289 3499 2339 3550 τί
2365 3499 2430 3552 ἂν
2457 3499 2584 3552 ἄλλο
2632 3501 2665 3570 ἡ
2715 3500 2944 3570 τοιαύτη
2989 3502 3252 3572 πρόχυσις
3289 3504 3378 3573 εἴη
3407 3508 3558 3576 παρὰ
3596 3507 3697 3576 τὴν

2121 3589 2182 3653 ἐξ
2213 3589 2338 3642 Υἱοῦ
2376 3591 2610 3660 φυσικὴν
2655 3591 2748 3643 τοῦ
2782 3592 3098 3658 Πνεῦματος
3147 3592 3416 3664 ὓπαρξιν;
3449 3599 3559 3650 Καὶ
3607 3599 3696 3650 ἐπ’

2121 3679 2424 3750 ἀνθρώπων
2453 3681 2581 3751 γὰρ,
2611 3683 2704 3733 καὶ
2734 3683 2828 3734 ἐπὶ
2858 3683 3074 3736 πάντων
3101 3684 3298 3750 ἄλλων,
3332 3685 3431 3740 ὅσα
3474 3689 3696 3761 πνεῦμα

2121 3771 2236 3842 ἔχει
2289 3773 2551 3842 φθαρτὸν,
2583 3777 2644 3824 τὸ
2709 3774 2940 3826 ἑκάστου
3004 3773 3226 3844 πνεῦμα
3257 3780 3418 3848 παρὰ
3464 3780 3558 3833 τοῦ
3603 3783 3696 3835 Ex-

2122 3867 2378 3929 πνέοντος
2412 3866 2526 3936 ἔχει
2549 3865 2646 3936 τὴν
2677 3865 2940 3938 ὓπαρξιν.

2193 3975 2267 4040 ς’.
2295 3978 2395 4030 Διὰ
2423 3977 2583 4030 τοῦτο
2619 3978 2646 4029 6
2675 3977 2854 4044 μέγας
2887 3976 3164 4040 Βασίλειος
3209 3980 3268 4031 ἔν
3321 3994 3432 4032 τισι.
3461 3980 3571 4034 τῶν
3613 3982 3696 4036 oio

2120 4071 2284 4122 κείων
2318 4068 2629 4137 θεολογιῶν,
2660 4069 2787 4121 ὅταν
2832 4087 2916 4131 τις
2961 4071 3095 4139 λέγῃ
3143 4069 3367 4140 Πνεῦμα
3409 4071 3571 4138 Θεοῦ,
3595 4076 3698 4145 ἀρ·-

2121 4163 2236 4214 κεῖν
2268 4178 2400 4230 φησι
2453 4162 2546 4212 καὶ
2593 4158 2752 4212 τοῦτο
2803 4161 2864 4212 τὸ
2911 4162 3081 4230 ὄνομα
3109 4162 3208 4231 τὴν
3255 4163 3492 4234 ὕπαρξιν
3523 4165 3693 4220 αὑτοῦ

2117 4251 2354 4322 δηλῶσαι
2384 4251 2480 4320 τὴν
2509 4253 2571 4303 ἐκ
2597 4250 2755 4304 Θεοῦ.
2788 4253 2849 4303 Εἰ
2871 4252 3002 4320 γοῦν
3043 4253 3316 4323 πολλαχοῦ
3337 4255 3438 4325 τῆς
3469 4256 3508 4308 Γ
3513 4259 3696 4328 ραφῆς

2121 4343 2259 4412 πνοὴ
2292 4343 2392 4410 μὲν
2421 4341 2513 4394 τοῦ
2538 4343 2772 4412 Πατρὸς,
2811 4345 2948 4413 πνοῂ
2972 4344 3030 4396 δὲ
3052 4348 3145 4397 καὶ
3171 4345 3263 4397 τοῦ
3300 4345 3426 4399 Υἰοῦ
3451 4348 3511 4399 τὸ
3536 4347 3696 4416 ἅγιον

2126 4437 2342 4504 εἴρηται
2389 4434 2635 4501 Πνεῦμα,
2687 4437 2782 4486 ἐὰν
2829 4436 2904 4496 ὡς
2958 4438 3095 4505 πνοὴ
3147 4436 3240 4489 τοῦ
3291 4438 3561 4508 στόματος
3598 4441 3694 4494 τοῦ

2129 4526 2338 4595 [ἰατρὸς
2368 4526 2466 4594 τὴν
2494 4526 2552 4590 ἐξ
2579 4525 2744 4578 αὑτοῦ
2779 4525 2925 4597 ἔχειν
2956 4527 3190 4598 ὓπαρξιν
3223 4529 3453 4598 λέγοιτο,
3495 4532 3694 4602 εἴη.ἂν

2117 4620 2216 4688 τὴν
2248 4620 2506 4686 τοιαύτην
2551 4620 2648 4670 καὶ
2695 4619 2759 4670 ἐκ
2801 4619 2895 4671 τοῦ
2940 4619 3070 4672 Υίοῦ
3125 4620 3364 4688 ὓπαρξιν
3414 4623 3560 4690 ἔχον,
3615 4623 3694 4686 ὡς

2121 4710 2270 4774 ζῶσα
2300 4712 2394 4762 καὶ
2421 4709 2686 4779 οὺσιὼδης
2717 4711 2856 4780 πνοὴ
2886 4711 2979 4762 τοῦ
3013 4711 3164 4766 Υἰοῦ.
3199 4712 3323 4764 Ὀτι
3368 4717 3462 4764 καὶ
3515 4717 3692 4782 στόμα

2117 4801 2212 4854 τοῦ
2245 4802 2455 4872 [ἰατρὸς
2479 4803 2508 4854 6
2538 4802 2663 4875 116;
2687 4805 2806 4864 ταῖς
2837 4803 3008 4866 θείαις
3057 4803 3389 4872 θεολογείται
3414 4806 3689 4875 Γραφαίς.

2123 4893 2309 4963 Ἔχεις
2337 4859 2693 4964 ἐντελῶςῖγδη
2726 4859 2822 4962 sip;
2855 4897 2948 4946 ἐπὶ
3069 4859 3264 4967 πρώτῇ
3297 4913 3389 4948 σου

2118 4985 2414 5056 ἀπόκρισιν
2446 4985 2554 5037 ἀπὸ
2584 4985 2874 5055 γραφικῶν
2910 4992 3436 5059 συγκεκροτημένην
3469 5006 3691 5061 μαρτυ-

2133 5347 2464 5429 dogtnatica}
2490 5348 2764 5429 Theodori
2818 5353 3115 5429 presbyteri
3191 5351 3480 5429 Raytheni,
3537 5358 3696 5424 cujus

2118 5423 2494 5494 principium:
2535 5423 2836 5494 Absurdum
2895 5427 3164 5488 existimo,
3221 5423 3288 5479 et‘
3320 5427 3480 5494 probe
3524 5423 3694 5480 meiut

2116 5489 2608 5566 existintoreduco.
2639 5491 2692 5541 S.
2716 5502 2790 5543 tto
2831 5507 2988 5558 porro
3011 5489 3346 5558 Orationem,
3401 5500 3451 5549 in
3481 5513 3584 5566 qua
3614 5501 3697 5550 dt-

2116 5567 2261 5610 ctttm
2295 5559 2475 5612 simile
2532 5571 2866 5624 Cullllltcltlt',
2898 5566 2950 5614 in
3007 5566 3284 5619 nonnullis
3325 5559 3694 5621 voluminibus

2117 5628 2242 5680 divo
2276 5629 2568 5683 Anastasio
2595 5633 2819 5686 ast-riui.
