4054 6416
459 360 559 424 301

1312 361 1412 420 AD
1444 351 1933 419 THEOIMJRUM
1975 352 2318 418 SUGDJ‘IE
2356 352 2594 415 EPISC.
2633 356 2782 416 ΜΒ.
2821 355 2868 415 ῐ.

3608 350 3712 413 3οέ

467 474 620 542 ριῶν,
638 471 733 576 ἐφ’
756 466 838 534 οἷς
873 473 921 525 οἱ
952 472 1017 523 δι’
1049 472 1429 576 ἐναντίαςτὰς
1461 471 1811 576 παραλόγους
1844 472 2036 540 διαςοά

2141 470 2579 538 comprobatum,
2628 468 2697 520 de
2744 467 2811 521 iis
2855 466 2926 520 oh
2956 482 3076 536 qua:
3107 467 3405 521 adversarii
3449 467 3715 522 absurdus

470 566 571 635 ρὰς
596 548 705 618 τῶν
728 561 1240 634 ἀναγεγραμμένων
1264 548 1472 628 λέξεων
1504 561 1857 616 πλάττονται.

537 747 604 812 ζ’.
649 753 716 802 Ἀ
745 748 801 801 δὲ
824 748 921 801 καὶ
944 749 1072 817 περὶ
1102 747 1202 815 τῆς
1237 764 1256 798 ι
1282 745 1582 816 πεφηνέναι
1613 760 1632 795 ι
1666 743 1866 815 λέξεως
1896 745 2038 797 κατὰ

460 841 716 910 δεύτερον
745 838 839 893 τὸν
875 840 1008 909 πρὸς
1050 840 1195 907 ἡμᾶς
1231 837 1390 905 λόγον
1430 835 1616 904 λέγειν
1644 835 1783 906 έφης
1814 835 2035 900 αὐτοὺς,

465 931 608 1001 μηδὲ
657 930 829 998 αὐτὴν
876 930 958 991 εἰς
998 927 1254 997 δήλωσιιν
1306 927 1597 996 ὑπάρξεως
1643 925 2036 995 ἐκδεχομένους

462 1022 562 1076 τοῦ
580 1020 913 1089 ίΠνεύματος
945 1023 972 1072 ὁ
999 1021 1194 1092 μέγας,
1223 1020 1519 1087 ἁπελέγξει
1541 1020 1637 1072 καὶ
1672 1018 1844 1072 ταῦτα
1876 1017 2040 1070 Βασί-

461 1131 626 1179 λειος,
662 1115 719 1166 ἐν
755 1112 858 1182 μὲν
897 1112 977 1165 ἐνί
1017 1112 1127 1165 τῶν
1177 1111 1511 1182 κεφαλαίων,
1553 1104 1613 1165 οῦ
1649 1112 1681 1181 ἡ
1726 1108 2035 1179 ἐπιγραφὴ,

465 1223 485 1255 ‹
519 1203 647 1257 Ὅτι
681 1203 802 1256 θεία
839 1203 1002 1272 φύσις
1045 1204 1107 1256 τὸ
1154 1202 1410 1274 Πνεῦμα,
1450 1221 1468 1253 ι
1509 1202 1715 1270 λέγων’
1757 1219 1776 1253 r
1812 1200 2037 1270 Πνεῦμα

457 1295 573 1366 γὰρ
624 1294 703 1365 τῷ
756 1295 918 1359 ζῶντι
971 1294 1132 1365 Λόγῳ
1188 1276 1626 1363 συντεταγμένον
1680 1295 1763 1356 εἰς
1826 1292 1888 1345 τὸ
1945 1291 2040 1362 δη-

463 1390 771 1459 μιουργεῖν,
810 1387 963 1451 ζῶσα
1000 1387 1252 1457 δύναμις,
1288 1388 1382 1441 καὶ
1435 1385 1559 1439 θεία
1600 1383 1763 1453 φύσις
1794 1383 2039 1456 spem;

460 1479 526 1544 ἐξ
555 1478 795 1551 ἀρρήτου
840 1478 1108 1548 πόματος
1137 1478 1431 1547 πεφηνυία.
1476 1494 1497 1527 ι
1539 1475 1629 1529 Ἐν
1675 1473 1732 1527 δὲ
1757 1476 1825 1544 τῇ
1856 1474 2036 1543 ἐρμη-

461 1571 584 1641 νείᾳ
620 1570 714 1623 τοῦ
756 1568 1089 1639 τριακοστοῦ
1128 1568 1394 1638 τετάρτου
1419 1566 1666 1639 ψαλμοῦ,
1697 1584 1717 1619 ι
1767 1564 1857 1628 Ὠς
1879 1562 1976 1619 οῦν
2010 1565 2039 1616 ὁ
2076 1628 2083 1635 ,

458 1662 792 1733 δημιουργὸς
826 1663 998 1730 Λόγος
1026 1662 1327 1731 ἐστερέωσε
1357 1661 1449 1714 τὸν
1474 1659 1727 1730 οὐρανὸν,
1762 1656 1911 1712 οὕτω
1944 1658 2037 1711 καὶ

461 1755 523 1809 se
570 1754 796 1825 Πνεῦμα
843 1754 938 1807 τοῦ
996 1752 1208 1820 Θεοῦ,ὃ
1241 1753 1394 1823 παρὰ
1446 1753 1539 1805 τοῦ
1596 1751 1807 1822 Πατρὸς
1871 1751 2036 1803 ἐκπο-

467 1846 700 1917 ρεύεται,
731 1846 1011 1898 τουτέστιν
1042 1846 1106 1899 ἐκ
1125 1844 1220 1899 τοῦ
1254 1844 1522 1913 στόματος
1546 1840 1734 1896 αὑτοῦ.
1760 1859 1778 1892 ι
1801 1840 1862 1893 Ὀ
1898 1838 2033 1909 γὰρ,

461 1937 551 1992 νῦν
578 1937 678 2007 μὲν
720 1939 784 1989 ἐκ
829 1935 925 1989 τοῦ
973 1936 1120 1990 θείου
1175 1937 1446 2006 στόματος
1496 1933 1826 2003 πεφηνέναι,
1850 1930 1945 1984 νῦν
1975 1931 2034 1983 δὲ

458 2031 525 2084 ἐκ
546 2029 639 2083 τοῦ
665 2027 830 2082 αὑτοῦ
856 2029 1123 2098 στόματος
1148 2023 1551 2094 ἐκπορεύεσθαι
1577 2024 1752 2093 λέγων
1773 2022 1834 2075 τὸ
1862 2021 2033 2075 Πνεῦ-

465 2137 566 2191 μα,
598 2118 854 2188 οὐδεμίαν
883 2117 994 2171 τῶν
1022 2116 1283 2171 τοιούτων
1302 2115 1503 2182 λέξεων
1530 2115 1795 2184 διαφορὰν
1820 2130 2035 2184 συγχω-

464 2215 553 2283 ρεί
594 2211 1011 2278 ἀναφαίνεσθαι.
1070 2209 1179 2261 Καὶ
1236 2208 1301 2260 σὺ
1355 2206 1544 2259 λοιπὸν
1613 2206 1729 2268 τοῖς
1789 2202 2035 2275 ῥηθεῖσιν

460 2303 638 2358 ἅπασι
691 2301 828 2373 πρὸς
876 2298 1157 2366 ἀπόδειξιν
1205 2297 1325 2369 χρῶ
1363 2297 1460 2350 τοῦ
1512 2293 1692 2367 μηδὲν
1733 2294 2037 2363 ἐπισφαλὲς

461 2395 807 2467 πεπραχέναι
831 2393 957 2456 τοὺς
992 2393 1057 2445 ἐκ
1098 2391 1310 2460 Πατρδς
1341 2391 1434 2444 καὶ
1463 2387 1595 2440 Υῑοῦ
1629 2387 1903 2457 προϊέναι,
1938 2388 2033 2439 καὶ

457 2485 811 2557 προχεῖσθαι,
875 2485 972 2537 καὶ
1033 2480 1380 2544 ἁναϐλύζειν,
1442 2481 1524 2533 ἔτι
1588 2478 1646 2531 δὲ
1731 2478 2033 2548 πεφηνέναι

453 2576 894 2646 ὁμολογοῦντας,
946 2575 1030 2628 ὅτι
1078 2590 1142 2642 γε
1200 2573 1302 2644 τὴν
1371 2571 1512 2641 μετὰ
1558 2571 1658 2638 τῆς
1720 2567 2035 2637 Ῥωμαῖκῆς

473 2668 802 2738 Ἑκκλησίας
837 2669 1156 2737 ἠσπάσαντο
1179 2665 1395 2729 ἐνωσιν,
1440 2664 1507 2733 τῇ
1530 2660 1628 2729 τῆς
1651 2659 2035 2730 ἐκπορεύσεως

458 2761 606 2826 λέξει
635 2761 725 2814 διὰ
748 2760 810 2813 τὸ
841 2758 1027 2812 στενὸν
1071 2759 1200 2821 ἴσως
1246 2755 1348 2827 τῆς
1377 2755 1627 2824 γλώττης
1675 2753 1795 2804 ἀντὶ
1840 2751 2032 2806 πασῶν

455 2871 520 2923 κς
533 2853 755 2924 ωμένης
782 2852 892 2906 τῶν
919 2851 1142 2916 λέξεων.

527 2948 600 3016 η’.
638 2944 792 2996 Ἐπεὶ
833 2943 892 2996 δὲ
937 2943 1085 2995 κατὰ
1125 2941 1321 3012 τρίτην
1362 2940 1597 3013 προέθου
1647 2942 1940 3016 ἐρώτησιν,
1981 2945 2033 2997 εἰ

462 3039 542 3106 μὴ
604 3036 966 3107 πλημμελῶς,
1018 3035 1358 3106 βλασφήμως
1406 3035 1464 3089 δὲ
1516 3034 1738 3106 μᾶλλον,
1807 3036 2034 3108 άμέσως

2141 562 2537 629 descriptarum
2612 556 2916 612 dictionum
3001 555 3334 611 diﬁcreutias
3428 556 3716 612 commini-

2141 660 2385 706 scuntur.

2213 744 2266 797 7.
2307 743 2437 810 Quae
2468 756 2630 812 porro
2663 742 2731 797 de
2754 757 3010 811 apparere
3032 740 3294 806 dictione,
3321 739 3564 796 secundo
3593 739 3715 794 loco

2141 834 2196 890 in
2222 849 2475 890 sermone
2500 846 2595 889 tuo
2620 833 2686 887 ad
2742 849 2842 888 nos
2888 833 3038 897 dato,
3088 818 3350 902 proponis
3385 832 3712 900 scribisque,

2140 924 2269 978 dum
2307 933 2582 986 asserunt,
2625 936 2858 991 eamque
2903 921 2971 975 ad
3024 921 3410 976 insinuandam
3437 920 3717 975 exsisten-

2142 1014 2273 1068 tiam
2305 1028 2411 1067 non
2443 1013 2743 1082 accipiunt,
2777 1027 2872 1067 eos
2903 1013 2983 1066 vel
3022 1013 3264 1067 maxime
3295 1026 3525 1081 magnus
3558 1009 3718 1065 refel-

2142 1111 2215 1164 let
2238 1109 2495 1173 Basilius,
2525 1109 2579 1163 in
2608 1122 2674 1163 co
2705 1109 2883 1177 capite
2914 1108 3074 1177 cujus
3110 1109 3394 1177 inscriptio
3432 1115 3537 1171 est,
3575 1123 3595 1157 ε
3629 1106 3718 1160 1λί-

2139 1203 2321 1257 vinam
2355 1199 2599 1270 Spiritus
2639 1215 2761 1255 esse
2786 1211 3081 1263 naturam;
3119 1201 3358 1270 Spiritus
3395 1201 3539 1254 enim
3587 1214 3715 1252 cum

2141 1293 2356 1347 vivente
2389 1290 2563 1347 Verbo
2587 1292 2640 1347 in
2659 1292 2851 1347 eodem
2873 1293 3066 1349 ordine
3097 1292 3400 1349 collocatus
3423 1293 3491 1348 ad
3515 1307 3679 1347 creau
3695 1320 3712 1331 -

2141 1385 2295 1451 dum,
2353 1383 2544 1440 vivens
2585 1394 2827 1454 p0lestas
2895 1392 2951 1440 et
2995 1384 3178 1441 divina
3237 1392 3456 1449 natura,
3525 1381 3719 1438 ineffa-

2141 1473 2272 1529 bilis
2322 1489 2391 1529 οι
2443 1472 2701 1529 ineﬂ‘abili
2755 1490 2852 1530 ore
2905 1490 3192 1546 apparens.
3246 1493 3265 1527 ι
3327 1473 3395 1529 Et
3447 1473 3500 1529 in
3550 1488 3718 1543 expo-

2141 1567 2340 1624 sitione
2392 1568 2587 1638 psalmi
2667 1567 3069 1639 quadragesimi
3132 1566 3310 1638 quarti
3367 1565 3460 1635 ιιι
3499 1563 3720 1633 ,ρυοηι-

2141 1658 2436 1715 admodum
2481 1659 2667 1730 itaque
2705 1673 2900 1714 creans
2927 1657 3170 1713 Verbum
3213 1657 3449 1712 ﬁrmavit
3492 1655 3716 1722 caelum,

2142 1752 2216 1804 ita
2245 1760 2300 1804 et
2342 1749 2578 1820 Spiritus
2607 1749 2722 1815 Dei,
2774 1749 2866 1820 qui
2899 1764 2964 1803 ex
2999 1747 3160 1803 Patre
3188 1747 3452 1818 procedit,
3487 1749 3591 1803 hoc
3633 1757 3719 1802 est

2141 1855 2205 1892 ex
2258 1853 2355 1894 ore
2418 1839 2586 1895 illius.
2646 1841 2689 1907 »ζ
2716 1838 2821 1906 Qui
2869 1839 3015 1893 enim
3064 1854 3209 1895 nunc
3269 1855 3332 1894 cx
3381 1839 3567 1893 divino
3623 1853 3719 1892 ore

2136 1942 2437 1998 apparere,
2507 1944 2654 1984 nunc
2715 1943 2782 1985 ex
2833 1929 2982 1983 illius
3038 1943 3132 1984 ore
3185 1929 3478 2000 procedere
3538 1928 3718 1999 Spiri-

2138 2028 2253 2075 tum
2305 2020 2527 2086 asserit,
2557 2020 2766 2075 nullam
2799 2021 3070 2086 tsimilium
3119 2021 3419 2077 dictionum
3458 2021 3718 2079 differen-

2138 2112 2266 2167 tiam
2305 2111 2391 2167 vel
2433 2111 2721 2181 imaginari
2761 2128 3092 2184 quemquam
3127 2115 3412 2183 permittit.
3439 2114 3518 2171 Tu
3547 2130 3714 2186 porro

2137 2202 2394 2258 omnibus
2419 2203 2533 2272 jam
2556 2204 2720 2258 dictis
2751 2205 2818 2260 ad
2848 2205 3333 2261 demonstrandum
3365 2217 3538 2270 utere,
3566 2207 3717 2261 nullo

2135 2308 2325 2350 errore
2377 2309 2499 2349 sese
2549 2293 2861 2364 implicasse
2907 2312 3022 2361 eos,
3076 2298 3169 2367 qui
3219 2313 3282 2353 ex
3332 2297 3512 2360 Patre,
3549 2309 3603 2354 et
3647 2314 3715 2354 es

2137 2386 2299 2451 Filio,
2337 2403 2684 2457 promanere,
2734 2390 3016 2458 profundi,
3070 2400 3126 2445 et
3169 2391 3416 2453 exsilire,
3451 2407 3553 2447 nec
3601 2408 3710 2448 non

2137 2492 2421 2548 apparere,
2452 2483 2796 2550 proﬁtentur,
2829 2483 2977 2552 quod
3005 2498 3129 2536 eum
3161 2482 3407 2538 Romana
3436 2482 3706 2547 Ecclesia,

2137 2583 2259 2639 quae
2308 2569 2606 2626 dictionem
2659 2572 3048 2642 processiouis,
3100 2574 3172 2626 ob
3215 2574 3525 2643 angustiam
3573 2574 3713 2630 forte

2136 2661 2356 2745 linguae,
2407 2678 2518 2733 prae
2579 2664 2703 2720 aliis
2760 2665 3091 2720 dictionibus
3140 2676 3388 2735 usurpat,
3449 2669 3709 2722 unionem

2137 2753 2431 2823 amplexati
2462 2767 2612 2810 sunt.

2209 2943 2263 2999 8.
2305 2942 2443 3001 Cum
2478 2956 2612 3002 vero
2645 2954 2697 3001 et
2729 2947 2884 3002 tertia
2919 2956 3009 3002 tua
3046 2947 3473 3019 interrogatione
3516 2966 3717 3023 propo-

2138 3052 2261 3103 nas,
2301 3053 2369 3092 an
2397 3038 2676 3105 aberrent,
2714 3040 2798 3094 vel
2831 3039 3213 3110 blasphement
3244 3044 3450 3112 potius,
3485 3044 3578 3114 qui
3613 3047 3719 3098 ἰηι-

454 3121 604 3182 οὗτοι
635 3128 729 3179 καὶ
751 3127 1033 3198 προσεχῶς
1058 3123 1197 3179 εἶναι
1224 3127 1286 3179 τὸ
1320 3126 1547 3195 Πνεῦμα
1592 3127 1658 3179 ἐκ
1684 3125 1778 3180 τοῦ
1818 3127 2035 3200 Πατρὺς

2141 3130 2379 3185 mediate
2414 3139 2469 3186 et
2510 3132 2851 3186 continenter
2880 3131 3143 3198 Spiritum
3185 3148 3309 3190 esse
3339 3149 3403 3190 ex
3432 3134 3593 3191 Patre
3621 3151 3720 3191 au-

453 3216 851 3284 διενεστανται,
876 3216 1023 3287 ἔχεις
1057 3215 1168 3268 ἀπὸ
1207 3214 1400 3269 πασῶν
1440 3214 1636 3279 αὐτοὺς
1676 3217 2034 3289 ἐπιστομίσαι

457 3309 574 3363 τῶν
633 3309 871 3380 ῥήσεων,
919 3309 1046 3362 ὅσαι
1098 3306 1199 3380 τὴν
1257 3307 1327 3362 δι’
1371 3307 1504 3362 Υἰοῦ
1545 3310 1611 3361 ἐκ
1663 3308 1883 3379 Πατρδς
1936 3310 2034 3364 τοῦ

456 3401 733 3469 παναγιου
782 3400 1105 3470 Πνεύματος
1154 3400 1613 3472 τεθεολογήκασιν
1662 3401 1920 3472 ὓπαρξιν.
1971 3405 2036 3457 Et

455 3490 568 3561 γὰρ
591 3491 835 3562 ἀμέσως,
867 3491 989 3562 οὐχὶ
1007 3490 1077 3544 δι’
1114 3490 1271 3556 Υἰοῦ,
1303 3495 1399 3545 καὶ
1426 3495 1476 3545 ει
1510 3491 1581 3545 δι’
1617 3491 1754 3547 Υίοῦ
1790 3495 2030 3559 πάντως,

455 3582 562 3637 σῦκ
611 3583 868 3653 ἀμέσως·
922 3584 1049 3635 ἐπεὶ
1099 3582 1276 3636 ταῦτα
1348 3583 1720 3654 συνυπάρχειν
1780 3582 2036 3655 ἀλλήλοις

455 3674 745 3729 ἀδύνατον.
786 3672 929 3728 Ἀλλ’
982 3675 1205 3744 ἁμέσως
1263 3675 1365 3744 μὲν
1419 3675 1521 3727 οῦκ
1577 3676 1646 3728 ἂν
1677 3673 1816 3749 εὕρῃ
1857 3692 1944 3740 τις
1976 3678 2037 3730 τὸ

459 3765 689 3836 Πνεῦμα
717 3766 987 3837 ὑπάρχον,
1015 3766 1049 3837 ἢ
1082 3766 1521 3836 ἐκπορευόμενον
1561 3767 1626 3819 ἐκ
1665 3767 1902 3838 Πατρὸς,
1930 3768 2036 3821 κᾶν

460 3859 636 3931 μυρία
670 3858 826 3931 κάμῃ
851 3858 1035 3911 πᾶσαν
1063 3856 1425 3910 θεόπνευστον
1452 3858 1752 3928 ἀνιχνεύων
1788 3858 2033 3929 Γραφὴν,

456 3951 527 4005 δι’
553 3950 682 4004 Υἱοῦ
705 3950 762 4003 δὲ
788 3952 881 4004 καὶ
907 3952 965 4004 ἐν
1002 3950 1221 4013 πολλοῖς
1249 3951 1345 4003 καὶ
1370 3950 1655 4012 πολλάκις.
1694 3949 1906 4002 Λύτίκα
1925 3952 2035 4023 γὰρ

456 4045 487 4095 ὁ
516 4044 662 4106 θεῖος
718 4042 815 4096 καὶ
841 4044 1020 4113 μέγας
1053 4042 1271 4112 ἀληθῶς
1310 4043 1626 4102 Ἀθανάσιο;
1657 4044 1715 4093 ἐν
1751 4040 1831 4110 τῷ
1870 4042 2034 4110 λόγῳ,

456 4134 518 4196 ὃς
554 4132 988 4202 ἐπιγέγραπται,
1035 4151 1054 4183 ι
1078 4132 1342 4202 Ἔλεγχος
1371 4134 1719 4205 ὑποκρίσεως
1765 4132 1875 4185 τῶν
1906 4137 2036 4201 περὶ

458 4225 748 4291 Μελέτιον,
781 4225 880 4278 καὶ
912 4224 1196 4290 Εὐσέϐιον,
1242 4244 1262 4278 ι
1300 4219 1361 4279 οὗ
1388 4229 1422 4296 ἠ
1452 4228 1618 4297 ἁρχὴ,
1653 4245 1669 4278 ι
1715 4226 2035 4297 Ἀνθρωππς

462 4318 588 4371 καθ’
623 4319 884 4388 ὁμοίωσιν
914 4318 1053 4371 Θεοῦ
1081 4318 1302 4387 γέγονε,
1339 4337 1358 4369 ι
1396 4321 1563 4389 φησιν
1588 4334 1601 4347 ·
1640 4336 1659 4369 ε
1684 4314 1791 4372 Ἶιν
1821 4319 1877 4371 δὲ
1905 4318 2035 4371 ἀδύ-

2142 3231 2388 3285 tumant;
2416 3237 2607 3276 eorum
2644 3224 2891 3277 omnium
2934 3238 3030 3278 ora
3062 3223 3306 3281 frenaliis
3339 3227 3503 3282 dictis
3541 3231 3720 3284 omni-

2140 3312 2271 3377 bus,
2303 3328 2446 3383 qum,
2471 3328 2566 3383 per
2586 3312 2785 3368 Filium
2813 3329 2877 3368 ex
2906 3312 3088 3382 Patre,
3115 3318 3450 3373 sanctissimi
3482 3312 3720 3389 Spiritus

2137 3405 2513 3461 exsistentiam
2549 3406 2857 3461 stabiliunt.
2885 3405 3127 3472 Etenim,
3158 3410 3203 3462 si
3234 3409 3571 3476 immediate,
3607 3427 3716 3466 nun

2140 3498 2331 3567 utique
2359 3513 2458 3567 per
2497 3495 2695 3553 Filium
2728 3516 2742 3565 ;
2773 3507 2849 3559 et.
2889 3499 2934 3554 si
2964 3514 3061 3568 per
3097 3498 3314 3562 Filium.
3348 3517 3574 3571 prorsus
3607 3516 3717 3558 non

2140 3588 2486 3654 immediate;
2519 3604 2646 3644 cum
2674 3591 2787 3644 haec
2816 3606 2922 3644 una
2953 3590 3112 3644 simul
3144 3607 3265 3646 esse
3294 3602 3590 3663 nequeant,
3622 3596 3719 3650 sed

2138 3678 2454 3733 immediate
2492 3679 2761 3749 Spiritum
2792 3681 3077 3744 exsistere,
3114 3691 3210 3735 aut
3243 3699 3308 3737 ex
3345 3681 3506 3738 Patre
3542 3684 3717 3755 Spiri‘

2140 3778 2255 3823 tum
2299 3770 2623 3838 procedere,
2664 3770 2790 3824 licet
2821 3766 3126 3825 delassetur
3153 3773 3368 3828 divinas
3401 3774 3718 3845 Srripluras

2140 3857 2558 3926 investigando,
2609 3874 2894 3928 nunquam
2948 3862 3225 3930 quispiam
3276 3868 3572 3931 repererit;
3624 3882 3719 3934 per

2142 3948 2340 4004 Filium
2375 3966 2503 4005 vero
2536 3952 2591 4006 in
2631 3953 2819 4008 multis
2851 3962 2908 4008 et
2938 3955 3264 4024 saepissime.
3301 3957 3549 4020 Primus,
3581 3959 3719 4011 divi-

2139 4057 2247 4096 nus
2273 4056 2338 4097 ac
2362 4057 2492 4098 vere
2526 4059 2762 4113 magnus
2791 4044 3152 4124 Athanasius,
3180 4049 3450 4113 oratione,
3483 4051 3566 4104 cui
3594 4051 3721 4104 titu-

2144 4134 2249 4201 lus,
2288 4153 2307 4187 ι
2344 4133 2623 4192 Reintatio
2656 4138 3025 4195 simulationis
3064 4155 3279 4204 eorum,
3313 4142 3408 4211 qui
3444 4141 3717 4197 Meletium

2141 4236 2306 4294 atque
2354 4224 2653 4282 Eusebium
2699 4238 3026 4298 sequuntur,
3074 4249 3094 4283 ι
3134 4239 3189 4286 ει
3234 4233 3564 4302 principium
3615 4246 3719 4297 est.

2150 4334 2168 4368 ι
2217 4316 2391 4371 llomo
2449 4319 2518 4372 ad
2573 4321 2865 4390 imaginem
2915 4321 3008 4377 Dei
3053 4325 3233 4381 factus
3277 4337 3382 4391 est,
3415 4344 3433 4376 ι
3484 4327 3721 4383 scribit:

461 4426 626 4463 νατον
652 4412 710 4463 ἐν
731 4413 798 4483 τῇ
817 4411 914 4480 τῆς
939 4408 1169 4482 Τριάδος
1192 4411 1320 4482 δόξῃ
1353 4411 1414 4464 τὸ
1447 4412 1673 4481 Πνεῦμα
1694 4408 2037 4477 δοξάζεσθαι,

2148 4429 2165 4459 ι
2207 4407 2361 4463 Haud
2412 4409 2527 4465 lleri
2576 4420 2827 4480 poterat,
2875 4412 2928 4466 in
2984 4413 3201 4468 Triadis
3242 4416 3409 4485 gloria
3459 4417 3721 4486 Spiritum

468 4505 549 4574 μὴ
583 4503 888 4574 προοδικῶς
914 4502 975 4555 ὃν
1004 4506 1072 4557 ἐκ
1110 4503 1248 4557 Θεοῦ
1280 4505 1349 4558 δι’
1388 4504 1541 4568 Υἱοῦ,
1568 4505 1706 4557 ἀλλὰ
1735 4505 2037 4574 ποιητικῶς

2143 4500 2472 4569 ειοιιίίὶοατὶ,
2517 4503 2570 4556 ni
2612 4503 2928 4571 procederet
2964 4520 3032 4559 ex
3076 4504 3187 4560 Deo
3221 4484 3317 4575 per
3354 4484 3585 4575 Filium,
3627 4512 3723 4564 sed

465 4599 533 4650 ἐκ
563 4596 700 4651 Θεοῦ
726 4598 971 4665 γεγονὸς,
999 4595 1076 4660 ὡς
1106 4596 1376 4664 λέγουσιν.
1417 4614 1437 4647 ι
1477 4598 1536 4650 '0
1564 4598 1740 4666 μέγας
1760 4594 2040 4655 Βασίλειος

462 4692 527 4742 ὲν
575 4691 659 4742 ἑνὶ
687 4691 797 4742 τῶν
852 4688 1188 4757 κεφαλαίων,
1234 4682 1296 4741 οῦ
1332 4691 1366 4757 ἡ
1424 4689 1754 4759 ἐπιγραφὴ,⁸
1773 4688 1927 4742 Διατί
1964 4686 2041 4758 μὴ

469 4783 566 4835 καὶ
589 4781 650 4834 τὸ
684 4780 910 4849 Πνεῦμα
936 4780 1064 4843 Υἱὸς
1100 4779 1198 4834 τοῦ
1229 4781 1356 4834 Υἱοῦ
1375 4795 1394 4813 ο
1445 4798 1469 4832 ε
1500 4782 1575 4834 Τὸ
1600 4782 1700 4851 μὲν
1728 4783 1793 4834 ἐκ
1817 4780 1955 4835 Θεοῦ
1981 4781 2044 4833 τὸ

470 4872 697 4944 Πνεῦμα
742 4869 907 4937 εἶναι,
951 4891 971 4925 ι
1005 4873 1165 4943 φησὶ,
1223 4888 1243 4925 ε
1275 4873 1489 4945 τρανῶς
1527 4872 1798 4943 ἐκήρυξεν
1830 4875 1860 4926 ό
1888 4870 2047 4927 Ἀπό-

467 4967 658 5028 στολος
685 4967 881 5034 λέγων,
925 4984 944 5018 ι
996 4966 1071 5018 Τὸ
1113 4965 1340 5036 Πνεῦμα
1373 4967 1436 5019 τδ
1468 4968 1533 5020 ὲκ
1560 4954 1656 5020 τοῦ
1692 4967 1830 5021 Θεοῦ
1857 4966 2045 5018 exeso.

471 5075 598 5128 μεν,
631 5076 649 5109 ι
681 5058 857 5113 καὶτὸ
886 5056 955 5110 δι’
981 5057 1114 5110 Υἱοῦ
1160 5058 1465 5129 πεφηνέναι
1508 5059 1680 5126 σαφὲς
1716 5057 2044 5128 πεποίηκεν,

472 5152 608 5207 Υἱοῦ
648 5153 876 5224 Πνεῦμα
907 5154 1184 5224 ὀνομάσας
1241 5155 1400 5218 αὐτὸ,
1432 5154 1686 5224 καθάπερ
1737 5151 1898 5221 Θεοῦ,
1950 5155 2046 5207 καὶ

465 5246 596 5299 νοῦν
628 5246 869 5317 Χριστοῦ
891 5248 1228 5317 προσειπὼν,
1251 5245 1505 5319 καθάπερ
1538 5249 1634 5301 καὶ
1655 5247 1792 5300 Θεοῦ
1820 5247 2044 5317 Πνεῦμα

467 5340 547 5402 ὡς
588 5338 685 5392 τοῦ
726 5338 1038 5411 ἀνθρώπου.
1095 5357 1115 5390 ι
1162 5339 1224 5393 '0
1252 5339 1477 5410 Νύσσης
1528 5339 1831 5411 Γρηγόριος
1863 5341 1922 5393 ἐν
1964 5339 2046 5409 τῷ

470 5432 614 5502 πρὸς
646 5431 938 5484 Ἀὀλάϐιον
963 5431 1129 5500 λόγῳ,
1168 5445 1189 5481 ‹
1214 5431 1289 5484 Τὸ
1321 5430 1771 5500 ἀπαράλλακτον,
1824 5448 1844 5483 ι
1883 5432 2044 5501 φησι,

472 5544 494 5578 ε
537 5527 639 5593 τῆς
697 5523 915 5591 φύσεως
969 5522 1382 5592 ὁμολογοῦντες,
1420 5525 1522 5593 τὴν
1578 5524 1723 5575 κατὰ
1761 5524 1823 5575 τὸ
1873 5524 2047 5586 αἴτιον

467 5619 569 5670 καὶ
615 5614 857 5667 αἰτιατὸν
885 5614 1149 5685 διαφορὰν
1188 5616 1288 5670 οὐκ
1329 5606 1670 5688 ἀρνούμεθα,
1698 5617 1757 5668 ἐν
1783 5615 1863 5685 τῷ
1897 5615 2046 5686 μόνῳ

463 5701 851 5774 διακρίνεσθαι
876 5704 939 5758 τὺ
960 5705 1149 5779 ἓτερον
1172 5706 1270 5760 τοῦ
1302 5707 1493 5778 ἐτέρου
1521 5705 2045 5778 καταλαμϐάνομεν,

468 5798 553 5867 τῷ
593 5798 659 5879 τό
713 5794 835 5881 μὲν,
864 5798 1042 5852 αἴτιον
1101 5798 1380 5853 πιστεύειν
1433 5788 1595 5866 εῖναι,
1633 5797 1695 5851 τδ
1742 5797 1798 5852 δὲ
1842 5799 1908 5851 ἐκ
1950 5798 2045 5853 τοῦ

2146 4595 2326 4649 laetus
2358 4593 2552 4648 luisset
2590 4610 2658 4650 ex
2689 4595 2799 4650 Deo
2822 4635 2838 4659 ,
2888 4608 2946 4651 ut
2981 4595 3221 4654 tradunt.
3259 4617 3279 4651 ι
3311 4598 3539 4671 Magnus
3570 4601 3726 4658 Basi-

2146 4684 2276 4749 lius,
2307 4686 2361 4738 in
2394 4686 2573 4755 capite
2601 4688 2764 4756 cujus
2802 4689 3083 4760 inscriptio
3111 4700 3218 4757 est,
3253 4709 3273 4744 ι
3313 4693 3494 4760 Quare
3532 4711 3641 4751 non
3672 4707 3726 4752 et
3808 4685 3813 4690 ’

2145 4777 2320 4832 Filius
2339 4776 2461 4833 Filii
2499 4777 2737 4849 Spiritus
2763 4799 2776 4835 :
2798 4780 3046 4837 «Scilicet
3064 4782 3326 4853 Spiritum
3349 4802 3417 4842 ex
3442 4786 3556 4842 Deo
3575 4803 3722 4852 esse.

2146 4881 2333 4940 aperte
2354 4871 2986 4942 euuntiavitApustolus,
3006 4876 3194 4931 dicens
3213 4892 3233 4930 :
3251 4875 3535 4947 Spiritum,
3552 4885 3724 4949 quiex

2149 4966 2262 5023 Deo
2289 4981 2396 5038 est,
2436 4971 2789 5041 accepimus;
2820 4981 2874 5026 et
2902 4987 2999 5041 per
3030 4970 3231 5027 Filium
3263 4987 3550 5045 apparere,
3580 4977 3725 5031 clare

2149 5065 2501 5134 signiﬁcavit,
2547 5081 2673 5121 cum
2714 5066 2866 5122 illum
2901 5066 3168 5137 Spiritum
3202 5064 3326 5123 Filii
3366 5071 3723 5139 nuncupavit,

2147 5156 2228 5210 uti
2265 5157 2380 5223 Dei,
2410 5165 2465 5211 et
2493 5169 2733 5213 mentem
2764 5156 2976 5214 Christi
3005 5160 3359 5229 compellans.
3394 5154 3571 5215 et'Dei
3602 5160 3723 5231 Spi-

2148 5250 2338 5315 ritum,
2374 5249 2455 5303 uti
2483 5259 2539 5303 et
2568 5250 2832 5306 hominis.
2871 5269 2889 5302 ι
2927 5248 3226 5321 Gregorius
3257 5249 3563 5321 Nyssenus,
3600 5266 3720 5308 Ora-

2147 5344 2299 5396 tione
2325 5342 2395 5398 ad
2424 5342 2711 5397 Ablabium
2735 5360 2752 5397 :
2781 5362 2800 5394 ι
2833 5343 3332 5399 lmmutabilitatem
3361 5351 3571 5399 natura;
3592 5362 3724 5400 eon‘

2147 5436 2383 5502 mentes,
2438 5449 2548 5490 non
2600 5434 2746 5490 imus
2792 5434 3004 5490 inﬁcias
3056 5436 3355 5491 secundum
3399 5450 3625 5492 causam
3669 5449 3723 5494 et

2149 5534 2436 5580 causatum
2465 5520 2829 5579 differentiam
2863 5527 2917 5578 in
2946 5538 3054 5593 qua
3083 5523 3198 5578 sola
3230 5523 3439 5579 dicerni
3472 5526 3619 5579 aliud
3653 5530 3725 5581 ab

2150 5613 2257 5667 alio
2283 5611 2781 5683 deprehendimus;
2812 5628 2937 5668 eum
2967 5612 3075 5666 hoc
3103 5612 3320 5680 quidem
3350 5627 3572 5670 causam
3605 5634 3727 5672 cre-
3835 5640 3842 5646 υ

2149 5706 2346 5761 damus
2369 5719 2513 5769 esse,
2540 5702 2672 5759 illud
2702 5718 2768 5760 ex
2799 5718 2985 5766 causa,
3023 5712 3077 5755 et
3108 5702 3253 5756 illius
3287 5705 3452 5760 etiam
3484 5707 3631 5777 quod
3656 5724 3724 5762 ev.

2153 5815 2319 5857 causa
2347 5807 2456 5866 est,
2481 5810 2672 5853 rursus
2700 5788 2848 5849 aliud
2872 5792 3168 5850 discrimen
3194 5796 3549 5857 observemus
3574 5819 3590 5855 ς
3621 5803 3727 5857 hoc
