4054 6406
370 369 475 431 333

1398 361 1609 421 JOAN.
1650 359 1862 419 VECCI
1903 359 2011 421 (ΖΡ.
2056 361 2575 423 PATRIARCILE

3513 364 3623 427 304

369 478 570 533 etenim
614 484 697 530 est
734 475 1047 529 immediate
1091 488 1158 528 ex
1199 469 1410 540 primo,
1453 469 1554 521 hoc
1599 481 1726 520 vero
1771 482 1865 535 pt'r
1897 466 1948 518 id

2055 469 2232 521 αἰτίου
2275 473 2369 523 καὶ
2404 470 2497 533 τοῦ
2526 470 2584 535 ἐξ
2613 470 2791 533 αἰτίας
2832 472 2985 535 ὄντος
3010 470 3180 541 ἄλλην
3228 470 3391 524 πάλιν
3440 472 3630 542 διαφο-

367 569 516 639 quod
540 568 856 637 ccutiguuin
884 576 1044 635 atquc
1065 564 1438 617 lmmediatum
1470 569 1575 623 cst,
1596 557 1887 628 exprime.
1920 575 1938 606 ι

354 664 428 716 ·5.
480 662 710 732 Cyrillus
758 658 998 713 secundo
1051 654 1118 709 ad
1170 652 1448 706 Hermiam
1503 652 1693 713 libro,
1731 649 1943 717 inquit:

375 773 394 805 ι
431 752 693 807 Sanctum
726 765 853 803 vero
889 746 1152 816 Spiritum
1188 744 1373 805 dices,
1410 742 1503 811 qui
1538 756 1601 795 ex
1644 739 1753 795 Deo
1787 738 1947 795 Patre

368 859 463 914 per
490 842 685 897 Filium
718 837 1014 893 effunditur
1048 834 1392 896 naturaliter,
1425 832 1623 895 veluti,
1658 839 1716 884 ut
1757 844 1946 884 exem-

370 936 460 1004 plo
486 934 751 1001 explicem
780 927 1154 999 respirationis
1177 940 1243 980 ex
1263 940 1357 978 ore
1382 923 1645 987 humano,
1669 921 1946 991 propriam

366 1028 526 1093 nobis
554 1022 930 1079 exsistentiam
964 1020 1236 1073 indicans.
1269 1036 1286 1067 ι
1319 1015 1553 1068 Sanctus
1582 1013 1849 1067 Maximus
1869 1014 1945 1083 (7)

364 1132 490 1174 eum
521 1117 672 1179 dicit,
713 1132 731 1165 ι
773 1129 839 1167 ex
870 1112 1026 1165 Patre
1058 1106 1426 1163 essentialiter
1472 1119 1568 1173 per
1598 1102 1817 1164 Filium,
1853 1102 1947 1170 qui

366 1211 580 1276 genitus
610 1215 715 1271 est,
749 1204 934 1267 modo,
984 1202 1076 1269 qui
1110 1198 1291 1252 verbis
1321 1195 1552 1263 exprimi
1602 1208 1708 1246 non
1745 1199 1945 1261 potest,

367 1303 681 1372 procedere.
711 1316 729 1350 ι
762 1296 987 1349 Divinus
1015 1288 1331 1353 Tarassius,
1357 1304 1454 1343 sua
1484 1286 1549 1339 ad
1579 1285 1948 1338 Antiocbeuos

370 1404 536 1461 atque
593 1388 999 1444 Alexandrinos
1045 1381 1318 1453 epistola:
1379 1398 1396 1430 ι
1454 1377 1519 1431 Ει
1573 1378 1625 1430 in
1680 1373 1947 1445 Spiritum

368 1491 642 1546 sanctum,
685 1498 705 1531 ›
738 1478 836 1542 ait,
883 1495 902 1528 ι
941 1474 1032 1545 qui
1056 1487 1124 1528 ex
1156 1471 1315 1525 Patre
1340 1484 1434 1539 per
1457 1465 1650 1519 Filium
1679 1462 1947 1534 procedit;

369 1576 730 1641 cumdcmque
764 1571 927 1625 Deum
956 1582 1075 1623 esse
1105 1564 1477 1636 agnoscimus.
1511 1578 1530 1611 ι
1559 1560 1949 1622 Damascenus,

368 1664 821 1734 Theulogieormu
855 1659 1031 1728 capite
1051 1656 1216 1711 tertio
1244 1654 1458 1710 decimo
1484 1651 1618 1705 dicit
1643 1649 1710 1703 de
1738 1648 1899 1703 Patre
1931 1664 1951 1707 :

371 1775 390 1807 ι
429 1757 547 1826 ipse
584 1760 764 1823 itaque
797 1765 954 1805 mens
981 1757 1088 1813 est,
1120 1746 1285 1801 Verbi
1316 1744 1568 1814 abyssus,
1605 1740 1765 1795 Verbi
1793 1737 1953 1809 geni-

2053 560 2154 627 ράν
2177 561 2467 630 ἐννοοῦμεν
2490 578 2503 592 ’
2554 562 2612 615 τὸ
2657 563 2755 630 μὲν
2784 564 2890 632 γὰρ
2922 563 3205 633 προσεχῶς
3237 564 3303 616 ἐκ
3342 563 3436 615 τοῦ
3479 565 3629 633 πρὼο

2048 668 2168 716 του,
2199 652 2261 705 τὸ
2303 653 2361 705 δὲ
2408 654 2500 705 διὰ
2543 653 2638 706 τοῦ
2665 653 2948 724 προσεχῶς
2983 656 3047 707 ὲκ
3080 653 3174 706 τοῦ
3214 655 3459 724 πρώτου.
3497 674 3518 707 ι
3567 656 3627 709 '0

2047 740 2199 810 ἅγιος
2230 742 2501 811 Κύριὶ.λος
2540 745 2596 795 ὲν
2633 743 2711 813 τῷ
2762 744 3004 814 δευτέρῳ
3050 743 3160 797 τῶν
3187 746 3323 814 πρὸς
3364 746 3627 816 Ἑρμείαν

2048 834 2237 902 φησὶν,
2274 853 2293 885 ι
2349 834 2538 902 Ἀγιον
2583 835 2641 887 δὲ
2691 835 2919 905 Πνεῦμα
2950 837 3243 905 προσερείς
3285 835 3347 888 τὸ
3384 838 3448 888 ὲκ
3489 838 3629 890 Θεοῦ

2050 922 2265 993 Πατρὸς
2287 924 2356 977 δι’
2386 925 2517 978 Υίοῦ
2565 927 2933 995 προχεόμενον
2974 926 3242 994 φυσικῶς,
3274 926 3529 996 καθάπερ
3569 931 3629 981 ὲν

2047 1014 2204 1084 τύπῳ
2254 1016 2355 1086 τῆς
2391 1017 2455 1069 ἐκ
2506 1020 2614 1070 τῶν
2664 1019 2953 1089 στομάτων
2997 1017 3297 1087 ἀναπνοῆς,
3345 1020 3445 1088 τὴν
3488 1019 3628 1073 ίδίαν

2046 1106 2182 1175 ἡμῖν
2226 1108 2646 1175 κατασημαῖνον
2683 1105 2940 1176 ὓπαρξιν.
2979 1124 2998 1157 ι
3048 1107 3109 1159 '0
3159 1106 3313 1175 ἅγιος
3351 1108 3627 1178 Μάξ;μος,

2056 1212 2075 1246 ι
2104 1196 2170 1248 ὲκ
2207 1196 2304 1249 τοῦ
2342 1198 2559 1267 Πατρδς
2591 1199 2865 1263 οὶσιωδῶς
2903 1216 2923 1249 ι
2965 1200 3095 1252 αὐτὸ
3130 1217 3148 1251 ι
3182 1199 3251 1252 δι’
3273 1200 3403 1252 Υἰοῦ
3432 1218 3629 1269 γεννη-

2046 1285 2236 1352 θέντος
2286 1290 2581 1361 ἀφράστως
2633 1309 2650 1341 i
2697 1290 2847 1358 λέγει
2905 1276 3444 1361 (ἐκπορευόμενον.
3490 1311 3510 1344 ι
3564 1295 3628 1347 Ὁ

2048 1378 2195 1442 θεῖος
2249 1379 2525 1449 Ταράσιος
2561 1383 2618 1433 ὲν
2651 1384 2717 1452 τῇ
2754 1382 2891 1450 πρὸς
2920 1382 3220 1452 Ἀντιοχεῖς
3265 1386 3357 1437 καὶ
3382 1385 3630 1451 ’Λ).εξαν-

2046 1471 2195 1541 δρεῖς
2248 1470 2538 1544 Ἐπιστολῇ
2593 1473 2782 1539 αὑτοῦ,
2823 1494 2841 1527 ι
2896 1477 3007 1531 Καὶ¹
3060 1478 3140 1539 εἰς
3186 1479 3246 1529 τὸ
3313 1478 3563 1548 Πνεῦμα,
3603 1499 3623 1528 ι

2052 1565 2208 1634 φησὶ,
2246 1583 2266 1616 ι
2317 1566 2380 1618 τὸ
2412 1566 2569 1633 ἅγιον
2602 1566 2664 1620 τὸ
2693 1570 2757 1620 ὲκ
2788 1567 2882 1621 τοῦ
2930 1569 3146 1639 Πατρός
3181 1570 3251 1623 δι’
3290 1570 3420 1624 Υίοῦ
3460 1572 3628 1623 ἐκπο-

2052 1656 2366 1727 ρευόμενον,
2412 1659 2509 1711 καὶ
2564 1658 2697 1711 αὐτὸ
2746 1659 2879 1713 Θεὸν
2925 1658 3066 1714 εἶναι
3112 1663 3542 1733 γνωριζόμενον.
3599 1683 3621 1715 r

2062 1747 2122 1800 '0
2150 1749 2513 1818 Δαμασκηνὸς
2545 1752 2606 1802 ὲν
2643 1749 2721 1821 τῷ
2748 1736 3190 1821 τρισκαιδεκάτῳ
3232 1754 3342 1805 τῶν
3393 1755 3627 1821 θεολογι-

371 1864 478 1911 tor,
514 1857 566 1901 et
597 1862 691 1915 per
731 1843 967 1897 Verbum
1001 1840 1087 1893 his
1123 1835 1528 1891 manifestantis
1552 1830 1789 1901 Spiritus
1816 1842 1943 1899 pro-

2053 1838 2159 1891 κῶν
2218 1838 2385 1892 αὑτοῦ
2439 1839 2754 1907 κεφαλαίων
2824 1841 2961 1910 φησὶ
3031 1843 3160 1910 περὶ
3226 1841 3320 1893 τοῦ
3374 1843 3620 1911 Πατρός·

365 1945 607 1994 ductor.)
659 1933 722 1990 Et
748 1942 869 2005 post
900 1932 1068 1986 multa
1094 1927 1337 1984 ibidem:
1372 1945 1389 1975 ι
1431 1925 1667 1995 Spiritus
1698 1931 1942 1982 sanctus,

368 2032 684 2085 abscondita
716 2026 1022 2080 Divinitatis
1070 2019 1463 2083 manifestans,
1506 2016 1739 2071 facultas
1767 2012 1945 2067 Patris

366 2141 429 2176 ex
480 2124 639 2175 Patre
673 2129 758 2173 est
794 2134 889 2186 per
920 2114 1121 2168 Filium
1148 2112 1469 2183 procedens.
1507 2127 1526 2160 ι
1579 2108 1641 2162 Et
1671 2108 1785 2161 haec
1816 2113 1946 2159 sunt

367 2216 589 2283 scriptis
619 2211 875 2266 mandata
925 2206 1269 2269 testimonia,
1317 2204 1516 2273 quibus
1548 2217 1613 2256 ex
1657 2200 1821 2255 Patre
1848 2213 1946 2267 per

367 2304 563 2357 Filium
617 2301 854 2370 Spiritus
895 2295 1219 2352 exsisteutia
1267 2298 1400 2348 satis
1447 2288 1735 2345 manifeste
1777 2298 1943 2359 patet,

365 2407 420 2450 et
456 2398 672 2449 abunde
715 2404 811 2443 ora
849 2393 1169 2443 coercentur
1215 2397 1429 2446 eorum,
1477 2381 1571 2452 qui
1626 2393 1946 2434 asseverare

368 2504 476 2541 nou
507 2497 780 2548 vert‘llllll',
814 2479 1081 2551 Spiritum
1108 2492 1178 2534 ex
1205 2474 1369 2531 Patre
1397 2488 1519 2530 esse
1550 2473 1862 2528 immediate
1891 2479 1946 2527 et

367 2579 727 2634 continenter.

2052 1945 2073 1979 ι
2115 1929 2289 1992 Αὐτὸς
2335 1928 2439 1999 μὲν
2469 1925 2565 1982 οὖν
2597 1932 2714 1983 ἐστι
2747 1931 2891 1996 νοῦς,
2938 1932 3113 1999 Λόγου
3160 1932 3418 1995 ἄϐυσσος,
3449 1934 3626 2000 Λόγου

2050 2020 2361 2091 γεννήτωρ,
2401 2024 2498 2074 καὶ
2539 2021 2628 2074 διὰ
2658 2022 2834 2087 Λόγου
2882 2023 3182 2092 προϐολεῦς
3226 2025 3624 2092 ὲκφαντορικοῦ

2049 2110 2369 2181 Πνεῦματος
2403 2130 2421 2163 ι
2458 2112 2554 2164 καὶ
2604 2112 2744 2180 μετὰ
2779 2113 2950 2165 πολλὰ
2988 2116 3044 2165 ὲν
3080 2112 3156 2184 τῷ
3188 2113 3340 2183 αὐτῴ
3361 2128 3374 2142 ο
3408 2131 3427 2163 ι
3469 2115 3541 2165 Τὸ
3566 2115 3627 2166 δὲ

2047 2203 2274 2274 Πνεῦμα
2316 2203 2379 2257 τὸ
2420 2205 2600 2272 ἅγιον,
2632 2207 2665 2274 ή
2712 2207 3082 2276 ὲκφαντορικὴ
3123 2206 3218 2258 τοῦ
3255 2206 3489 2275 κρυφίου
3522 2206 3625 2274 τῆς

2047 2292 2299 2358 θεότητος
2331 2295 2563 2365 δύναμις
2615 2296 2708 2348 τοῦ
2760 2297 2997 2365 Πατρὸς,
3025 2300 3087 2350 ὲκ
3142 2298 3358 2368 Πατρός
3397 2299 3519 2352 ἐστι
3552 2299 3623 2351 δι’

2049 2384 2181 2437 Υίοῦ
2210 2387 2683 2456 ἐκπορευομένη.»
2711 2382 2962 2443 Δῦταιδὴ
2989 2390 3044 2441 αἱ
3071 2388 3138 2441 δι’
3164 2383 3240 2442 ὧν
3260 2391 3293 2459 ἡ
3318 2391 3382 2441 ἐκ
3411 2391 3625 2460 Πατρὸς

2046 2478 2115 2531 δι’
2146 2478 2273 2531 Υἱοῦ
2300 2478 2535 2549 ῦπαρξις
2571 2478 2664 2531 τοῦ
2690 2479 3008 2549 Πνεύματος
3026 2481 3326 2551 δεδήλωται
3354 2485 3626 2551 γραφικαὶ

2049 2571 2237 2639 ῥήσεις
2263 2570 2642 2641 ἐπιστομίζειν
2670 2571 2870 2633 ἱκανῶς
2903 2572 3087 2641 ἔχουσι
3115 2573 3243 2636 τοῦς
3269 2575 3492 2644 ἀμέσως
3529 2580 3624 2629 καὶ

2042 2662 2337 2731 ’προσεχῶς
2379 2664 2443 2715 ὲκ
2475 2663 2689 2732 Πατρὸς
2736 2662 2797 2714 τὸ
2834 2663 3063 2734 Πνεῦμα
3089 2661 3234 2717 εἶναι
3269 2665 3455 2733 λέγειν
3496 2666 3627 2719 ἁπο-

2047 2752 2392 2820 τολμῶντας.

444 2883 495 2937 9.
530 2879 913 2935 Verumtamcn
965 2881 1020 2926 et
1060 2870 1151 2925 hic
1189 2865 1492 2924 adversarii
1544 2880 1651 2919 non
1695 2862 1947 2918 eamdem

2120 2866 2186 2920 θ’.
2240 2866 2398 2919 Ἐπεὶ
2427 2867 2483 2920 δὲ
2522 2868 2807 2923 κάνταῦθα
2850 2871 2929 2934 εἱς
2967 2869 3261 2940 διαφόρους
3295 2871 3345 2923 oi
3377 2870 3447 2923 δι’
3482 2872 3631 2923 tvm!-

370 2982 675 3044 scquuutur
723 2965 1083 3039 sententiam,
1117 2961 1212 3015 sed
1258 2957 1514 3014 dissimili
1566 2956 1751 3011 studio
1790 2955 1948 3024 longe

2053 2958 2170 3020 τίας
2208 2955 2548 3025 διαιροῦνται
2579 2958 2678 3021 τὰς
2705 2959 2883 3025 δόξας,
2921 2960 3015 3012 καὶ
3070 2961 3119 3011 oi
3167 2959 3267 3029 μὲν
3306 2959 3489 3012 αὐτῶν
3548 2962 3628 3022 είς

366 3070 584 3125 diversa
629 3061 1005 3134 pronuntiant.
1056 3054 1292 3121 Quidam
1346 3051 1490 3105 enim
1537 3048 1695 3112 illud,
1747 3065 1766 3097 ι
1819 3059 1945 3100 cum

2053 3048 2111 3100 τὸ
2155 3065 2174 3098 ι
2219 3048 2371 3119 μετὰ,
2387 3048 2481 3101 τοῦ
2514 3048 2669 3101 Υίοῦ.
2705 3067 2724 3100 i
2763 3050 2801 3109 ἢ
2842 3067 2860 3099 ι
2906 3050 3021 3119 ἅμα
3051 3050 3127 3120 τῷ
3160 3049 3295 3119 Υίῴ,
3340 3068 3358 3101 ι
3406 3051 3439 3119 ἢ
3477 3070 3496 3101 ι
3533 3054 3631 3104 σὺν

371 3162 531 3226 Filio,
570 3177 588 3211 ι
619 3164 714 3212 aut
768 3172 786 3206 ι
826 3150 992 3207 simul
1034 3163 1159 3203 cum
1206 3144 1366 3206 Filio,
1415 3161 1434 3194 ι
1467 3148 1571 3206 aut
1597 3158 1618 3191 ι
1668 3152 1777 3193 una
1819 3152 1943 3192 cum

2053 3139 2125 3211 τῷ
2165 3139 2302 3210 Υίῷ,
2343 3159 2361 3192 ι
2412 3140 2553 3195 κατὰ
2600 3139 2804 3210 πολλὴν
2833 3140 3032 3226 ἄδειαν
3054 3139 3149 3193 τοῦ
3186 3141 3363 3209 λέγειν
3412 3139 3449 3193 ἃ
3505 3139 3632 3209 βού-

373 3216 547 3316 ιιίιιο,
586 3270 603 3300 ι
656 3260 821 3317 quam
873 3255 1036 3311 supra
1096 3237 1336 3292 diximus
1391 3233 1797 3303 processionem
1851 3240 1947 3296 per

2053 3232 2252 3298 λονται,
2287 3232 2384 3298 τὴν
2414 3232 2481 3286 δι’
2525 3232 2655 3285 Υἱοῦ
2708 3216 3038 3301 ὲκπόρευσίν
3081 3232 3544 3301 ἐκλαμϐάνονται,
3578 3232 3630 3283 οξ

370 3344 569 3399 Filium
622 3316 919 3394 immodica
969 3328 1184 3385 dicendi
1231 3328 1517 3388 libertate,
1562 3330 1648 3385 et,
1682 3318 1944 3391 quidquid

2053 3322 2100 3373 δὲ
2136 3323 2274 3394 πρὸς
2309 3323 2403 3388 μὲν
2434 3324 2534 3393 τὴν
2570 3324 2636 3376 δι’
2679 3321 2809 3377 Υίοῦ
2856 3320 3090 3392 ὓπαρξιν
3130 3323 3436 3389 ἀντιλέγειν
3462 3321 3634 3373 αὐθα-

371 3436 557 3488 animo
581 3426 907 3484 occurrerit,
940 3417 1250 3475 bl'aterandi
1278 3414 1628 3469 securitatem
1649 3410 1945 3479 accipiunt,

2053 3413 2151 3475 δῶς
2176 3415 2275 3467 οὐκ
2310 3416 2686 3484 ἀποτιλμῶσι,
2718 3414 2855 3484 πρὸς
2889 3414 2946 3466 δὲ
2993 3414 3093 3484 τὴν
3135 3413 3194 3477 ἐξ
3227 3414 3430 3482 ἀμφοῖν
3478 3414 3629 3464 ἀντι-

369 3524 504 3587 alii,
537 3535 660 3575 cum
705 3531 800 3587 per
832 3513 1031 3569 Filium
1071 3504 1451 3563 exsistentiam
1485 3501 1792 3559 convellere
1823 3514 1948 3571 per-

2053 3505 2340 3573 λέγουσιν’
2404 3511 2532 3570 τοὺς
2600 3508 2698 3577 μὲν
2759 3507 3014 3576 πρώτους
3065 3505 3134 3559 δι’
3189 3506 3387 3573 ὀλίγων
3425 3505 3632 3558 τούτων

371 3612 625 3667 tinaciter
656 3623 763 3661 non
792 3604 1049 3666 audeant,
1083 3600 1147 3653 ad
1180 3611 1323 3661 eam,
1354 3614 1372 3648 ι
1403 3611 1522 3665 qua:
1548 3609 1612 3648 ex
1637 3603 1891 3661 utroque,
1923 3609 1942 3643 ι

2053 3597 2425 3667 ἐπιστομίζειν
2460 3598 2606 3666 ἔχεις
2637 3599 2742 3651 τῶν
2784 3601 3059 3668 χρήσεων,
3102 3600 3201 3669 τῆς
3233 3614 3293 3650 τε
3325 3598 3421 3650 τοῦ
3454 3599 3631 3663 θείου,
3670 3624 3682 3634 -

371 3704 656 3763 aSscritur,
699 3706 1071 3767 opponuntur.
1112 3690 1328 3744 Primos
1367 3687 1559 3758 paucis
1597 3687 1748 3740 bisce
1783 3684 1950 3738 dictls

374 3797 607 3860 refelles,
643 3803 756 3846 tum
796 3791 906 3845 divi
941 3785 1261 3840 Damasceni
1294 3782 1373 3855 (8)
1408 3779 1760 3844 afﬂrmantis,
1799 3798 1817 3831 ι
1841 3775 1950 3832 Per

370 3889 611 3945 Verbum
649 3883 947 3956 productor
983 3888 1069 3934 est
1098 3876 1334 3947 Spiritus
1362 3874 1553 3939 Pater;
1590 3890 1608 3924 ι
1640 3872 1773 3942 quid
1802 3872 1950 3925 enim

372 3980 574 4044 differt,
608 3976 993 4046 productorem
1034 3968 1274 4038 Spiritus
1307 3980 1403 4035 per
1438 3964 1672 4020 Verbum
1697 4005 1711 4031 ,
1744 3971 1797 4016 et
1821 3976 1952 4016 cau-

374 4087 492 4128 sam
545 4083 641 4138 per
697 4064 934 4129 FilitIm,
990 4060 1212 4115 Patrem
1259 4056 1481 4112 dicere?
1532 4065 1646 4111 tum
1698 4053 1951 4124 Nysseni,

375 4161 521 4232 quod
566 4160 656 4213 ille
687 4157 866 4225 primo
908 4154 1173 4208 adversus
1215 4148 1547 4203 Eunomium
1595 4147 1954 4202 antirrbetico

2050 3689 2419 3758 Δαμασκηνοῦ
2464 3690 2586 3756 τῆς,
2634 3710 2651 3741 ι
2691 3689 2815 3742 Ὅτι
2850 3690 2938 3742 διὰ
2968 3689 3063 3742 τοῦ
3109 3692 3285 3758 Λόγου
3330 3690 3633 3760 προϐολεύς

2052 3779 2170 3830 ἐστι
2219 3779 2313 3831 τοῦ
2365 3779 2682 3848 Πνεῦματος
2715 3780 2743 3831 ὁ
2789 3781 2981 3851 Πατήρ
3012 3795 3026 3806 ⁶
3067 3800 3086 3833 ι
3124 3783 3175 3834 τί
3226 3783 3333 3851 γὰρ
3378 3783 3633 3851 διαφέρει

2052 3869 2321 3939 προὸολέα
2360 3870 2452 3922 τοῦ
2496 3871 2934 3940 Πνεύματοςδιὰ
2982 3873 3075 3926 τοῦ
3121 3873 3318 3942 Λόγου,
3371 3874 3404 3941 ἢ
3456 3875 3631 3926 αἴτιον

2051 3962 2121 4015 δι’
2174 3960 2304 4013 Υίοῦ
2351 3962 2443 4014 τὸν
2475 3963 2693 4034 Πατέρα
2720 3966 2939 4029 είπεῖν;
2976 3966 3082 4017 Καὶ
3113 3965 3213 4034 τῆς
3247 3966 3340 4018 τοῦ
3386 3968 3634 4037 Νῦσσης,

2052 4053 2121 4124 ἦν
2144 4055 2203 4107 ὲν
2235 4053 2313 4124 τῷ
2343 4055 2546 4125 πρώτῳ
2592 4056 2706 4107 τῶν
2752 4057 2889 4125 πρὸς
2937 4055 3202 4125 Εὐνόμιον
3252 4056 3497 4126 θεολογεί
3539 4064 3636 4111 αν-

2051 4146 2411 4218 τιρῤητιιῶν,
2440 4150 2497 4199 ὲν
2595 4149 2739 4200 κατὰ
2765 4149 2856 4200 τὸν
2886 4150 2983 4219 τῆς
3009 4150 3188 4211 αἰτίας
3219 4150 3378 4218 λόγον
3408 4151 3507 4220 τῆς
3537 4149 3633 4202 τοῦ

376 4248 591 4317 scribit,
634 4250 689 4306 in
726 4263 835 4317 quo
866 4242 1170 4301 secundum
1203 4242 1471 4295 rationem
1506 4253 1686 4295 causae
1712 4239 1948 4308 Spiritus

2058 4240 2381 4310 Πνεῦματος
2413 4240 2767 4303 ὑποστάσεως
2800 4242 2893 4293 τὸν
2928 4241 3054 4293 Υίόν
3109 4258 3244 4311 φησι
3287 4245 3634 4312 προεπινοεί-

376 4357 739 4422 bypostaseos
792 4341 989 4397 Filium
1042 4336 1179 4393 dicit
1231 4333 1590 4404 praziutelligi.
1641 4331 1852 4386 Etenim
1907 4330 1948 4385 si

2057 4330 2202 4383 σθαι.
2235 4331 2298 4382 Et
2337 4331 2412 4401 μὴ
2458 4332 2566 4401 γὰρ
2604 4332 2694 4384 δια
2735 4332 2796 4384 τὸ
2842 4334 2942 4403 τὴν
2985 4335 3165 4386 αἰτίαν
3207 4336 3273 4385 ἐκ
3317 4334 3535 4404 Πατρός
3567 4335 3639 4387 δι’

374 4440 498 4509 quis
544 4438 752 4491 dictum
803 4433 910 4486 alio
962 4426 1166 4490 modo,
1214 4439 1374 4494 quam
1423 4422 1568 4492 quod
1619 4436 1841 4476 causam
1885 4435 1948 4473 ex

2060 4421 2192 4476 Υίοῦ
2244 4424 2306 4475 τὸ
2358 4424 2587 4494 Πνεῦμα
2630 4424 2778 4491 ἔχειν
2815 4428 2876 4477 τὸ
2922 4425 3078 4492 ἆγιον
3138 4424 3199 4477 τὸ
3256 4426 3422 4495 ῥητὸν
3478 4424 3642 4476 τοῦτο

375 4492 535 4585 Patre
572 4543 664 4598 per
707 4524 906 4579 Filium
949 4519 1186 4589 Spiritus
1226 4492 1422 4578 babet,
1461 4514 1769 4583 exceperit,
1810 4527 1948 4566 nun-

2056 4513 2358 4585 ὲκλὴψεταί
2389 4492 2519 4580 τις,
2551 4516 2729 4579 ἄλλως
2780 4517 2881 4587 οὐχ
2929 4519 3042 4583 ἕξει
3080 4520 3156 4580 εἰς
3188 4492 3386 4589 εὐσεδῆ
3419 4515 3519 4588 τὴν
3554 4516 3641 4570 ἐν·

377 4638 541 4695 quam
610 4624 676 4674 ad
738 4620 879 4687 piam
934 4612 1369 4677 catholicamque
1424 4607 1752 4661 sententiam
1821 4605 1948 4657 illttd

2056 4625 2211 4662 νοιαν
2255 4608 2561 4662 ἀπευθῦναι
2613 4609 2937 4682 αῦτό.Εί,ὅὲ
2967 4611 3210 4663 αίτιατὸν
3254 4609 3345 4663 διὰ
3392 4609 3524 4662 Υίοῦ
3575 4611 3643 4663 ἐκ

375 4675 658 4773 direxerit.
710 4675 809 4772 lilt,
864 4709 909 4762 si
961 4711 1219 4759 causatus
1273 4715 1369 4770 per
1422 4698 1622 4752 Filium
1677 4711 1743 4751 ex
1800 4694 1948 4749 Patre

2064 4701 2278 4771 Πατρὸς
2305 4703 2367 4754 τὸ
2395 4702 2621 4771 Πνεῦμά
2648 4702 2789 4763 ἐστι,
2817 4675 2980 4753 ποίαν
3002 4699 3189 4768 ἕξουσι
3211 4703 3398 4771 χώραν
3421 4702 3487 4753 τὰ
3510 4709 3642 4771 περι

381 4807 621 4877 Spiritus
651 4809 755 4866 est,
791 4811 1030 4868 quanam
1063 4796 1274 4847 ratione
1303 4791 1514 4845 admitti
1546 4797 1790 4859 queunt,
1833 4802 1948 4856 qua

2060 4797 2183 4865 τῆς,
2216 4794 2338 4861 διὰ,
2372 4793 2504 4864 παρ’
2531 4792 2714 4845 αὐτῶν
2747 4791 3080 4862 παραλόγως
3110 4790 3386 4859 λεγόμενα
3413 4805 3430 4854 ;

379 4907 450 4957 ab
496 4899 631 4969 ipsis
681 4897 747 4949 de
791 4890 1174 4962 pimpositioue
1216 4900 1309 4955 per
1354 4883 1761 4938 inconsiderate
1791 4891 1959 4949 atque

378 4989 693 5048 inconsulto
723 4982 1099 5056 proferuntur?

453 5106 540 5159 10.
588 5101 697 5155 illis
726 5112 887 5169 porro
909 5135 923 5160 ,
960 5096 1051 5166 qui
1079 5094 1308 5159 dictum,
1343 5113 1360 5142 ι
1408 5107 1499 5161 per
1525 5088 1722 5143 Filium
1755 5103 1818 5141 ex
1844 5083 1956 5138 Pa-

381 5207 481 5256 tre,
522 5213 539 5246 ι
579 5199 792 5246 certant
829 5204 934 5242 non
975 5188 1249 5239 t-oliierere
1280 5199 1402 5237 (tum
1435 5186 1603 5243 dicto,
1636 5197 1653 5228 ι
1692 5177 1769 5230 Ex
1807 5190 1956 5231 utro-

379 5305 506 5357 que,
553 5306 569 5338 ι
623 5294 749 5338 ante
795 5285 931 5335 alios
989 5293 1218 5349 magnus
1269 5275 1531 5336 Basilius,
1582 5273 1764 5341 regio,
1814 5270 1955 5338 quod

383 5385 568 5443 aiunt,
604 5378 792 5432 cubitu
828 5373 1045 5427 resistet
1078 5385 1187 5422 uuo
1223 5383 1289 5420 ex
1328 5368 1597 5434 capitibus
1631 5366 1698 5415 ad
1730 5364 1957 5431 Amphi-

381 5471 619 5524 lochium
646 5468 748 5537 t9),
785 5467 946 5530 cujus
981 5460 1311 5533 principium
1353 5468 1458 5522 est,
1493 5478 1512 5507 ι
1550 5457 1755 5511 Eorum
1791 5470 1958 5525 porro

2141 5092 2193 5148 t'.
2227 5094 2364 5155 Τοὺς
2395 5091 2451 5146 δὲ
2482 5094 2542 5145 τὸ
2567 5092 2635 5145 δι’
2668 5089 2797 5144 Υἱοῦ
2817 5089 3108 5160 λεγόμενον
3134 5092 3199 5142 ὲκ
3228 5091 3439 5161 [ἰατρὸς
3465 5093 3644 5162 ἀσυμ-

2064 5184 2321 5238 6ί61οτον
2350 5179 2493 5238 εἶναι
2523 5186 2657 5256 πρός
2689 5183 2750 5237 τὸ
2776 5185 2835 5247 ἐξ
2856 5185 3059 5254 ἀμφοῖν
3086 5184 3343 5252 λέγοντας
3372 5201 3644 5257 προηγου-

2069 5281 2243 5349 μένως
2300 5278 2398 5347 μὲν
2455 5276 2718 5349 βασιλικῷ
2764 5278 2841 5347 τῷ
2882 5278 3045 5347 πήχει
3075 5279 3102 5329 ό
3137 5280 3312 5347 μέγας
3362 5277 3643 5340 Βασίλειος

2067 5373 2578 5441 ἀντιπαλαμήσεται
2628 5373 2685 5421 ὲν
2741 5370 2823 5421 ἑνὶ
2871 5369 2982 5421 τῶν
3034 5369 3173 5440 πρὸς
3230 5370 3321 5422 τὸν
3370 5370 3644 5440 μακάριον

2080 5462 2428 5532 Ἀμφιλόχιον
2480 5461 2814 5531 κεφαλαίων,
2856 5457 2917 5515 οῦ
2962 5462 3197 5532 ἡάρχὴ,
3248 5479 3267 5512 ι
3303 5460 3384 5513 Τὰ
3433 5462 3532 5529 μὲν
3578 5462 3644 5533 δὴ

454 5670 817 5743 (7.)_l_tcperies
842 5671 890 5721 ii
927 5669 979 5743 in
1009 5663 1350 5743 espositione
1373 5663 1696 5743 verborum,
1749 5680 1766 5713 ι
1808 5660 1949 5743 Quid

386 5735 523 5813 apud
548 5735 865 5793 Zachariam
899 5738 1165 5813 signiticet
1198 5750 1421 5787 aurequ
1454 5735 1868 5798 caudeiaibruin,
1895 5742 1949 5785 et

384 5807 546 5883 super
581 5828 646 5865 eo
679 5814 899 5862 luceth
930 5819 982 5860 et
1005 5807 1315 5859 luminaria.
1362 5824 1379 5854 ι

2098 5662 2208 5742 ,(8)
2272 5663 2365 5718 Est
2416 5664 2519 5720 hoc
2580 5665 2637 5719 in
2693 5666 2857 5721 tertio
2911 5666 3125 5721 decimo
3203 5668 3380 5735 capite
3435 5664 3647 5720 theolo-

2099 5748 2203 5785 ico.

2060 5748 2203 5801 gico.

2132 5802 2209 5873 (9)
2240 5801 2294 5856 In
2323 5803 2517 5873 quinto
2553 5804 2751 5875 capite.
