4054 6402
418 423 530 491 305

1281 432 1380 493 AD
1416 431 1899 496 THEODORUM
1942 433 2285 498 SUGDEXE
2320 434 2556 499 EPISC.
2594 438 2744 502 LIB.
2780 438 2832 499 IL

3578 444 3684 504 305

421 544 652 597 busivmv
672 544 901 598 τοιαῦτα
925 561 938 576 ο
979 548 1139 617 ἡμεῖς
1162 546 1218 600 δὲ
1249 548 1500 618 δείξομεν
1523 551 1551 603 ὃ
1585 550 1951 621 προεθέμεθα,
1982 568 2000 600 ι

2110 550 2254 605 dicta
2301 553 2415 607 haec
2459 561 2622 614 sunt,
2665 567 2765 607 nos
2813 568 2941 607 vero
2983 555 3129 622 quod
3184 554 3611 622 proposuimus,
3657 576 3676 607 ι

419 631 567 685 οὕτω
589 632 764 700 λέγων
792 635 978 703 σαφῶς
1003 653 1019 668 ο
1044 666 1111 677 -—
1136 639 1257 703 (τοῦ
1288 640 1451 707 μόνον
1470 641 1529 694 δὲ
1560 642 1653 692 ἐπὶ
1693 644 1790 711 τῆς
1821 643 2002 695 θεολο·

418 724 550 789 γίας
574 725 631 777 αἱ
659 725 886 794 χρήσεις
913 727 1022 779 τῶν
1048 728 1240 796 φωνῶν
1269 731 1723 798 ὲπαλλάττονται,
1750 733 1867 785 ἀλλ’
1896 735 1998 805 ἠδη

419 814 521 867 καὶ
566 817 707 884 πρὸς
749 817 819 869 τὰ
864 819 958 871 ὑπ’
1010 819 1258 890 ἀλλήλων
1307 825 1687 892 σημαινόμενα
1739 826 2001 891 πολλάκις

418 905 906 971 ἀντιμεθίστανται
937 925 951 939 ο
1003 909 1134 962 ὅταν
1189 912 1351 983 ἑτέρα
1396 915 1496 983 τὴν
1546 916 1646 984 τῆς
1682 917 1875 987 ἑτέρας
1902 936 1999 989 ση-

423 996 632 1062 μασῖαν
670 997 1069 1071 ἁντιλαμὸάνῃ,
1127 996 1261 1063 οἷον,
1329 1021 1348 1053 ι
1399 1005 1750 1076 Ἐκτησάμην
1785 1008 2000 1079 ἄνθρω-

421 1105 527 1139 πον
556 1088 644 1140 διὰ
677 1087 770 1141 τοῦ
801 1089 962 1154 Θεοῦ,
1000 1110 1017 1142 ι
1051 1093 1217 1162 φησὶν
1242 1095 1269 1145 ὁ
1315 1095 1508 1165 Ἀδὰμ,
1541 1098 1658 1151 ἴσον
1686 1100 1881 1166 λέγων,
1913 1103 1996 1167 τὸ,

419 1177 489 1227 ἐκ
514 1174 613 1229 τοῦ
635 1176 773 1230 Θεοῦ
800 1196 814 1210 ·
858 1180 954 1231 καὶ
977 1180 1206 1251 ἑτέρωθι
1238 1198 1254 1214 ⁶
1285 1203 1304 1234 ι
1323 1185 1465 1238 Ὅσα
1497 1189 1803 1243 ἐνετείλατο
1834 1193 2000 1244 Μωῦ-

423 1267 528 1335 σῆς
553 1268 634 1336 τῷ
661 1268 879 1339 Ἰσραὴλ
909 1272 996 1324 διὰ
1025 1276 1442 1343 προστάγματος
1468 1279 1674 1348 Κυρίου
1696 1296 1709 1308 ·
1735 1299 1753 1331 ι
1777 1283 1870 1335 καὶ
1889 1282 1998 1335 πάο

420 1358 532 1421 λιν,
554 1378 571 1408 ι
598 1358 732 1429 Οὐχὶ
755 1359 844 1412 διὰ
872 1361 965 1414 τοῦ
987 1363 1121 1416 Θεοῦ
1150 1368 1182 1435 ἡ
1203 1366 1533 1439 διασάφησις
1549 1372 1729 1424 αὐτῶν
1759 1375 1909 1427 ἐστιν
1930 1393 1944 1437 ς
1973 1394 1992 1428 ι

420 1451 448 1500 ὁ
489 1449 689 1518 Ἰωσὴφ
721 1453 833 1513 τοῖς
877 1454 935 1506 ὲν
969 1453 1331 1527 δεσμωτηρίῳ
1363 1461 1766 1531 διαλεγόμενος.
1802 1468 2000 1534 Σαφῶς

421 1538 533 1608 γὰρ
557 1542 653 1594 καὶ
695 1543 852 1605 αὐτὸς
899 1545 1020 1598 ἀντὶ
1067 1548 1183 1612 τοῦ,
1229 1551 1324 1603 Ἐκ
1349 1551 1510 1616 Θεοῦ,
1541 1556 1737 1621 εἰπεῖν,
1770 1558 1868 1609 Διὰ
1899 1560 1998 1612 τοῦ

422 1630 558 1682 Θεοῦ
592 1631 805 1701 εἴρηκε.
858 1635 966 1688 Καὶ
993 1637 1286 1702 ἀνάπαλιν,
1317 1644 1381 1712 τῇ
1419 1630 1443 1694 ι
1487 1644 1546 1710 ἐξ
1576 1641 1637 1699 οὗ
1687 1666 1706 1697 ι
1746 1650 1998 1717 προθέσει

430 1722 548 1812 tiu-:1
586 1725 683 1791 τῆς
729 1742 749 1773 ι
785 1724 852 1777 δι’
887 1720 950 1779 οὗ
992 1748 1011 1779 ι
1056 1731 1322 1800 κέχρηται
1352 1749 1365 1764 ο
1408 1716 1485 1798 ὥς
1530 1738 1658 1790 ὅταν
1692 1739 1825 1812 λέγῃ
1853 1741 2000 1795 Παῦ-

432 1809 541 1902 λος,
585 1829 618 1902 ι-
634 1812 933 1880 Γενόμενος
990 1817 1055 1870 ὲκ
1087 1822 1370 1886 γυναικός.
1415 1842 1434 1876 ι
1486 1826 1655 1879 Τοῦτο
1704 1809 1824 1899 ’γὸιρ⁷
1862 1833 1997 1902 ἡμῖν

431 1899 652 1967 ἑτέρωθι
685 1902 875 1972 σαφῶς
907 1883 1262 1974 διεστείλατο,
1313 1883 1380 1984 τῇ
1431 1918 1655 1983 γυναικὶ
1829 1883 1997 1989 ubi”;
2025 1883 2073 1942 Β

426 1993 579 2057 ήκειν
612 1993 791 2062 λέγων
813 1997 876 2051 τὸ
900 1999 966 2051 ὲκ
996 1999 1091 2054 τοῦ
1124 2003 1315 2073 ἀνδρὸς
1338 2008 1720 2076 γεγεννῆσθαι,
1752 2012 1910 2082 ἀνδρὶ
1939 2015 1997 2068 δὲ

420 2083 485 2136 τὸ
530 2084 620 2139 διὰ
669 2088 952 2154 γυναικὸς,
1001 2094 1061 2144 ὲν
1099 2088 1181 2157 οἷς
1211 2113 1379 2166 φησιν
1416 2099 1499 2153 ὅτι
1551 2118 1570 2152 ι
1614 2101 1701 2165 Ὠς
1740 2103 1930 2174 πρώτη
1966 2108 1996 2174 ἡ

420 2174 563 2245 γυνὴ
596 2175 655 2240 ἐξ
693 2178 906 2246 ἀνδρὸς,
950 2181 1123 2245 οὕτως
1151 2184 1290 2257 ἀνὴρ
1330 2187 1418 2241 διὰ
1467 2192 1746 2256 γυναικός.
1786 2212 1804 2244 ι
1858 2194 1998 2247 Ἀλλ’

420 2263 574 2331 ὅμως
604 2266 839 2321 ἐνταῦθα
867 2269 1003 2338 ὁμοῦ
1052 2272 1151 2340 μὲν
1183 2273 1243 2326 τὸ
1284 2275 1578 2348 ἀδιάφορον
1611 2279 1712 2348 τῆς
1745 2286 1998 2352 χρήσεως

418 2353 854 2424 ἐνδεικνύμενος,
917 2360 1055 2427 ὁμοῦ
1107 2361 1165 2415 δὲ
1209 2365 1305 2418 καὶ
1356 2366 1417 2418 τδ
1468 2368 1693 2439 σφάλμα
1728 2373 1895 2425 τινῶν
1938 2375 1997 2426 ὲν

418 2445 748 2516 παραδρομῇ
773 2447 1181 2519 διορθούμενος,
1206 2453 1315 2507 τῶν
1337 2457 1602 2526 οἰομένων
1625 2463 1997 2528 πνευματικὸν

417 2531 563 2588 εἶναι
610 2538 669 2590 τὸ
705 2540 801 2593 τοῦ
849 2542 1054 2613 Κυρίου
1111 2546 1292 2616 σῶμα,
1338 2548 1426 2607 ἵνα
1473 2550 1623 2622 δείξῃ
1664 2552 1748 2606 ὅτι
1787 2558 1851 2609 ἐκ
1902 2556 1995 2610 τοῦ

414 2627 761 2720 ἀνθρωπείου
807 2634 1128 2703 φυράματος
1151 2638 1184 2707 ἠ
1216 2637 1472 2709 θεοφόρος
1513 2643 1650 2712 σὰρξ
1691 2647 1993 2720 σ’δνεπάγη’

545 2723 1029 2798 ὲμφαντικωτέραν
1057 2730 1240 2800 φωνὴν
1270 2734 1629 2805 προετίμησε.
1667 2738 1741 2790 Τὸ
1765 2739 1863 2807 μὲν
1890 2719 1998 2813 γὰρ

413 2811 508 2904 διὰ
534 2814 635 2882 τῆς
668 2819 926 2883 γυναικὸς
958 2821 1260 2893 παροδικὴν
1284 2823 1478 2894 ἔμελλε
1520 2828 1619 2898 τὴν
1651 2828 1866 2885 ἔννοιαν
1895 2811 1994 2904 τῆς

414 2895 730 2974 γεννήσεως
764 2907 1156 2977 ῦπεμφαίνειν’
1177 2914 1239 2967 τὸ
1276 2915 1333 2968 δὲ
1365 2919 1429 2969 ὲκ
1459 2895 1850 2988 τῆςνγυναικὺς
1884 2895 2001 2978 imit.

414 2993 527 3055 νῶς
583 2998 929 3068 παραδηλοῦν
973 3001 1074 3071 τὴν
1123 3006 1412 3060 κοινωνίαν
1464 3011 1566 3078 τῆς
1626 3011 1845 3080 φύσεως
1901 3016 1997 3070 τοῦ

412 3087 743 3157 τικτομένου
771 3090 909 3160 πρὸς
946 3091 1049 3164 τὴν
1095 3097 1463 3166 γεννήσασαν,
1513 3103 1614 3173 οὐχ
1682 3105 1862 3177 ἑαυτῷ
1893 3125 1997 3162 που

2105 640 2254 695 hisce
2271 643 2450 698 verbis
2472 652 2659 709 aperte
2684 644 2936 699 intonans
2964 663 3055 699 :-—
3077 665 3094 697 ι
3117 644 3304 714 Neque
3321 647 3464 699 enim
3485 648 3682 712 solum,

2102 746 2226 786 cum
2262 735 2330 788 de
2365 733 2476 789 Deo
2507 735 2578 789 sit
2612 750 2819 800 sermo,
2862 735 3054 790 harum
3088 752 3283 790 vocum
3321 754 3453 792 usus
3485 740 3682 801 variat,

2102 838 2291 877 verum
2324 824 2485 878 etiam
2516 840 2599 890 ea,
2641 842 2762 895 qua:
2786 827 2854 879 ab
2887 827 2971 885 his
3001 827 3398 896 signiﬁcantur,
3434 844 3679 897 saepem:

2103 930 2258 970 mero
2306 917 2688 979 invcrtuntur.
2742 918 2957 986 quoties
3001 919 3170 973 altera
3218 921 3443 975 alterius
3491 922 3685 989 recipit

2101 1008 2588 1079 signiﬁcationem,
2636 1010 2803 1064 veluti
2847 1028 2912 1064 τι
2984 1012 3207 1067 Possedi
3259 1013 3535 1068 hominem
3590 1030 3686 1082 per

2105 1092 2270 1147 Deum
2293 1095 2336 1157 ',
2381 1114 2398 1146 ι
2440 1095 2610 1164 inquit
2647 1098 2818 1151 Adam
2843 1140 2857 1162 ,
2898 1099 3036 1152 idem
3069 1101 3289 1162 dicens,
3325 1103 3483 1170 quasi
3515 1102 3677 1156 dixis-

2103 1195 2207 1250 set,
2259 1201 2325 1239 ex
2379 1186 2509 1240 Deo.
2560 1188 2626 1240 Et
2674 1188 2848 1243 alibi:
2909 1209 2927 1240 ι
2984 1189 3116 1256 Qua:
3170 1194 3425 1261 praecepit
3475 1192 3684 1264 Moyses

2102 1273 2290 1330 lsraeli
2352 1293 2449 1346 per
2509 1280 2828 1333 mandatum
2897 1280 3112 1336 Domini
3154 1282 3196 1336 ⁵.
3247 1301 3265 1333 ι
3319 1282 3385 1336 Et
3449 1300 3680 1338 rursus:

2098 1385 2126 1419 -ι
2177 1366 2366 1422 Nonne
2413 1385 2506 1435 per
2564 1369 2733 1423 Deum
2789 1372 2987 1425 borum
3042 1373 3409 1428 manilestatio
3454 1375 3621 1427 est”?
3660 1393 3678 1423 ι

2099 1461 2178 1514 ita
2229 1460 2469 1529 Ioseph,
2518 1461 2753 1530 loquens
2801 1463 2869 1517 de
2921 1462 3211 1519 insomniis
3260 1466 3404 1532 apud
3449 1478 3546 1519 eos
3591 1465 3681 1532 qui

2101 1559 2262 1604 erant
2295 1551 2348 1604 in
2380 1566 2599 1605 carcere
2632 1572 2645 1607 :
2684 1553 2860 1621 palam
2900 1562 2984 1606 est
3015 1564 3069 1607 et
3102 1556 3248 1631 hunc
3281 1570 3379 1623 pro
3417 1569 3506 1617 co,
3538 1555 3682 1623 quod

2099 1650 2219 1695 erat
2241 1681 2256 1703 ,
2288 1640 2365 1695 Ex
2401 1641 2534 1708 Deo,
2578 1644 2788 1698 dixisse
2811 1682 2828 1707 ,
2877 1644 2981 1697 Per
3006 1643 3202 1710 Deum,
3229 1655 3284 1701 et
3312 1657 3503 1700 contra
3524 1687 3537 1706 .
3573 1648 3685 1699 tunc

2098 1732 2398 1802 particula,
2445 1734 2521 1788 Ex
2589 1749 2732 1801 quo,
2782 1745 3076 1803 usurpatur
3129 1751 3265 1803 pro,
3337 1737 3438 1789 Per
3494 1753 3683 1804 quem,

2099 1823 2243 1877 velut
2263 1839 2386 1877 cum
2416 1825 2493 1878 ait
2515 1824 2732 1890 Paulus,
2771 1845 2789 1876 ι
2818 1824 3017 1880 Factus
3037 1841 3101 1880 ex
3123 1827 3443 1891 muliere',r
3472 1843 3569 1895 pro
3594 1843 3681 1889 co.

2101 1915 2244 1985 quod
2275 1925 2415 1981 erat,
2469 1930 2566 1984 per
2607 1918 2914 1970 mulierem.
2950 1917 3086 1971 Nam
3118 1918 3165 1973 is
3207 1919 3361 1972 nobis
3401 1919 3530 1971 alibi
3564 1934 3686 1987 per-

2100 2007 2289 2076 spicne
2320 2006 2594 2071 distinxit,
2622 2022 2746 2061 cum
2780 2009 2878 2075 ait,
2908 2007 3126 2063 feminae
3149 2012 3446 2065 convenire
3472 2027 3536 2065 ex
3570 2012 3685 2064 viro

2101 2109 2287 2151 natam
2319 2113 2463 2163 esse,
2506 2100 2624 2155 viro
2658 2110 2840 2154 autem
2880 2117 2975 2169 per
3008 2101 3299 2167 feminam,
3333 2103 3386 2156 in
3428 2105 3532 2165 his,
3565 2118 3686 2172 quae

2100 2189 2180 2243 sic
2223 2189 2455 2243 scribit:
2491 2209 2509 2241 ι
2549 2190 3024 2255 Quemadmodum
3072 2194 3266 2247 mulier
3308 2210 3371 2248 cx
3424 2196 3575 2257 viro,
3612 2195 3683 2247 ita

2099 2283 2183 2334 vir
2228 2296 2323 2349 per
2364 2282 2647 2337 mulierem
2672 2284 2715 2336 ⁸.
2775 2301 2794 2335 ι
2844 2283 3164 2354 Quanquam
3238 2287 3324 2338 hic
3367 2287 3682 2355 Apostolus.

2101 2370 2267 2426 simul
2315 2371 2610 2427 ostendens
2664 2374 2939 2429 diversum
2994 2377 3183 2430 harum
3244 2393 3439 2431 vocum
3497 2393 3680 2435 usum.

2101 2462 2262 2515 simul
2299 2464 2474 2517 obiter
2510 2466 2794 2534 corrigens
2830 2470 3194 2536 quorumdam
3239 2484 3480 2523 errorem
3504 2511 3518 2529 .
3562 2474 3681 2524 exi-

2100 2555 2440 2611 stimantium
2535 2558 2749 2614 Domini
2813 2577 3014 2631 corpus
3069 2578 3189 2618 esse
3249 2565 3571 2632 spirituale,
3623 2574 3683 2616 ut

2098 2652 2410 2706 ostenderet
2457 2667 2676 2707 carnem
2703 2694 2716 2716 ,
2773 2652 2862 2709 Dei
2913 2655 3294 2724 gestatricem,
3335 2672 3399 2709 ex
3445 2656 3680 2711 humana

2096 2757 2286 2796 massa
2317 2754 2630 2799 concretam
2679 2746 2888 2812 fuisse,
2932 2747 3124 2801 maluit
3165 2748 3241 2801 uti
3277 2749 3440 2801 vei-bo
3472 2748 3682 2815 signiti-

2100 2835 2366 2889 cantiore.
2396 2834 2531 2890 Nam
2564 2837 2661 2890 Ιιτε.
2685 2837 2975 2900 dictiones,
3012 2838 3113 2892 Per
3143 2839 3447 2903 mulierem,
3480 2840 3683 2893 transi-

2104 2927 2304 2979 torium
2331 2928 2696 2996 generationis
2722 2928 3053 2983 intellectum
3086 2936 3242 2983 erant
3260 2929 3642 2998 signiﬁcatur-te
3665 2945 3681 2983 :

2100 3027 2157 3072 at
2187 3017 2300 3085 hie,
2331 3033 2394 3073 ex
2427 3019 2681 3081 muliere.
2729 3019 3061 3075 sufficienter
3111 3021 3388 3075 declarant
3431 3036 3682 3073 comnm-

2100 3110 2321 3164 nionem
2379 3117 2587 3164 naturac
2630 3110 2823 3186 genitae
2863 3125 2987 3165 cum
3037 3125 3101 3163 ca
3140 3125 3262 3180 quae
3306 3111 3531 3180 genuit:
3573 3125 3680 3162 non

418 3178 749 3247 μαχόμενος,
779 3182 917 3235 ἀλλὰ
947 3183 1164 3249 δεικνὺς
1198 3188 1280 3240 ὅτι
1328 3189 1527 3260 ῥαδίως
1568 3194 1833 3265 ἀλλήλαις
1873 3200 2004 3253 ἀντ-

2104 3201 2249 3270 quod
2277 3214 2463 3255 secum
2497 3178 2699 3270 pugnet
2728 3201 3047 3269 Apostolus,
3075 3178 3169 3255 sed
3197 3210 3256 3254 ut
3285 3178 3555 3264 ostendat,
3585 3199 3683 3252 bas

414 3271 877 3340 επιχωριάζουσιν
895 3276 949 3329 αἱ
976 3277 1173 3345 φωναί.
1201 3297 1221 3332 ι
1245 3281 1558 3352 -Ἐφεξῆς
1571 3285 1628 3337 δὲ
1655 3288 1752 3340 καὶ
1772 3290 1800 3341 ὁ
1825 3291 1997 3359 μέγας

2106 3303 2264 3346 voces
2285 3290 2446 3346 facile
2463 3291 2568 3347 sibi
2604 3291 2840 3346 vicissim
2865 3290 3080 3347 cedere.
3104 3310 3123 3342 ι
3154 3320 3223 3356 τ-
3241 3289 3593 3345 Postmodum
3628 3300 3684 3343 et

413 3361 620 3424 αὐτοὺς
649 3368 1085 3434 κατιγωνίσεται
1120 3370 1389 3443 Κῦριλλος
1438 3375 1498 3431 ἐν
1540 3376 1640 3445 μὲν
1683 3380 1764 3451 τῷ
1793 3381 1997 3455 πρώτῳ

412 3455 525 3505 τῶν
558 3456 695 3519 πρὶς
730 3458 1048 3527 Παλλάδιον,
1080 3460 1224 3516 οὕτω
1257 3465 1514 3539 καθαρῶς
1544 3467 1723 3536 λέγων
1748 3487 1763 3502 '
1802 3492 1823 3524 ι
1861 3474 1999 3543 Τρε-

413 3547 552 3599 πτὸν
580 3548 637 3600 δὲ
683 3548 744 3601 οὗ
792 3551 875 3603 τοί
914 3568 1019 3606 που
1064 3554 1125 3608 τὸ
1170 3555 1398 3626 Πνεῦμά
1460 3560 1630 3628 ἐστιν,
1670 3560 1703 3632 ἧ
1753 3564 1909 3637 εἰπερ
1937 3565 1998 3619 τὸ

409 3638 715 3706 τρέπεσθαι
739 3644 908 3706 νοσεῖ,
936 3643 1023 3696 ἐπ’
1057 3645 1235 3714 αὐτὴν
1261 3647 1289 3698 ὁ
1319 3649 1508 3718 μῶμος
1550 3651 1651 3721 τὴν
1680 3652 1834 3706 θείαν
1859 3655 1996 3709 ἀνα-

407 3730 705 3797 δραμεῖται
744 3733 933 3801 φύσιν,
976 3737 1137 3805 εἴπερ
1163 3736 1282 3790 ἔστι
1314 3739 1406 3792 τοῦ
1446 3741 1583 3795 Θεοῦ
1630 3745 1725 3797 καὶ
1760 3747 1995 3817 Πατρὸς,

408 3822 509 3874 καὶ
533 3822 639 3892 μὴν
661 3825 755 3875 καὶ
783 3825 875 3877 τοῦ
902 3825 1053 3890 Υἱοῦ,
1074 3829 1136 3879 τὸ
1163 3829 1438 3895 οὐσιωδῶς
1481 3832 1541 3896 ἐξ
1579 3834 1803 3903 ἀμφοῖν,
1827 3838 1995 3908 ἤγουν

406 3915 481 3964 ἐκ
529 3913 743 3981 Πατρδς
779 3913 847 3966 δι’
886 3915 1015 3967 Υἰοῦ
1060 3919 1428 3989 προχεόμενον
1461 3923 1687 3993 Πνεῦμα
1714 3941 1727 3957 ⁶
1767 3945 1786 3977 ι
1835 3930 1896 3981 ὲν
1939 3930 1997 3983 δὲ

409 4004 480 4071 τῇ
544 4003 816 4074 ἑρμηνείᾳ
873 4004 967 4059 τοῦ
998 4006 1154 4075 ξκατὲι
1208 4010 1639 4081 Ἰωάννην,οῦτω
1676 4017 1984 4087 διασαφῶν,

414 4111 438 4146 ι
474 4096 537 4148 Εἰ
571 4097 631 4149 δὲ
671 4098 956 4167 νομιζουσι
988 4099 1250 4157 δύνασθαι
1288 4107 1352 4158 τὸ
1393 4106 1464 4160 δι’
1512 4108 1664 4175 Υίοῦ,
1698 4111 1994 4183 λεγόμενον

410 4187 503 4255 ἐφ’
535 4187 686 4255 Υίοῦ,
718 4192 1047 4263 καταφέρειν
1077 4194 1243 4250 αὐτοῦ
1272 4198 1369 4267 τὴν
1396 4200 1586 4255 οὐσίαν
1612 4203 1708 4272 τῆς
1741 4206 1876 4275 πρὸς
1903 4206 1994 4260 τὸν

408 4279 636 4349 Πατέρα
697 4282 943 4353 ίσὸτητός
992 4303 1057 4339 τε
1103 4288 1201 4342 καὶ
1242 4292 1488 4360 ,φυσικῆς
1532 4295 1876 4365 ὁμοιότητος,
1917 4299 1994 4361 ὡς

407 4371 694 4439 ὑπουργὸν
742 4370 883 4428 εἶναι.
934 4378 1135 4446 μᾶλλον
1173 4380 1206 4451 ἢ
1258 4382 1596 4453 δημιουργόν
1622 4402 1639 4416 ·η
1671 4386 1996 4443 διασκεπτέ-

411 4468 634 4519 σθωσαν
663 4469 715 4520 οἱ
743 4470 1119 4541 παράφρονες,
1172 4473 1269 4527 καὶ
1313 4476 1398 4539 εἰς
1448 4478 1615 4544 μέσον
1648 4480 1805 4547 ἡμῶν
1836 4482 1995 4551 ἠκόν-

2105 3399 2333 3452 magnus
2356 3399 2453 3439 eos
2478 3383 2712 3455 Cyrillus
2737 3383 3005 3450 devincet,
3037 3392 3151 3438 tum
3186 3383 3237 3438 in
3264 3383 3439 3451 primo
3467 3383 3532 3436 ad
3555 3380 3681 3435 Pal-

2102 3475 2306 3529 ladium
2331 3475 2677 3544 apertissime
2705 3476 2950 3531 scribens
2976 3493 2989 3530 :
3028 3494 3046 3526 ι
3076 3475 3349 3529 Mnlabilis
3378 3489 3505 3528 vero
3534 3473 3684 3527 nullo

2103 3568 2264 3620 modo
2295 3565 2535 3637 Spiritus
2560 3575 2676 3633 est;
2705 3567 2850 3630 quod
2880 3567 2925 3622 si
2951 3566 3237 3621 mutationi
3267 3566 3539 3620 obnoxius
3569 3572 3676 3627 est,

2102 3658 2168 3712 ad
2196 3658 2369 3727 ipsam
2402 3659 2642 3712 divinam
2674 3667 2929 3713 naturam
2966 3659 3295 3727 vituperatio
3326 3666 3599 3722 recurret,
3635 3658 3680 3711 si

2101 3757 2187 3803 est
2219 3748 2310 3802 Dei
2344 3757 2397 3803 et
2427 3747 2637 3814 Patris,
2672 3761 2936 3818 praterea
2978 3761 3032 3804 et
3065 3748 3184 3803 Filii
3217 3749 3582 3805 essentialiter
3615 3762 3683 3802 ex

2102 3839 2393 3898 ambobus.
2430 3854 2496 3894 ex
2536 3839 2695 3895 Patre
2725 3839 2932 3895 scilicet
2965 3855 3060 3909 per
3093 3839 3287 3894 Filium
3329 3838 3533 3893 eﬂ‘usus
3563 3838 3685 3907 Spi-

2102 3931 2239 3986 ritus
2267 3947 2281 3985 :
2320 3951 2342 3984 ι
2375 3939 2489 3985 tum
2525 3931 2868 4000 expositione
2896 3932 2951 3985 in
2982 3931 3273 3997 Joannem,
3302 3933 3445 3985 hunc
3470 3930 3524 3984 in
3564 3944 3682 3983 mo-

2101 4024 2230 4078 diam
2267 4023 2605 4093 explanans:
2643 4041 2662 4075 ι
2711 4023 2868 4090 Quod
2898 4025 2942 4077 si
2974 4024 3313 4089 existimant,
3344 4023 3497 4089 illud,
3534 4024 3678 4093 quod

2102 4116 2301 4170 dicitur
2329 4117 2398 4169 de
2421 4115 2534 4178 illo,
2566 4132 2662 4187 per
2686 4115 2907 4177 Filium,
2940 4131 3103 4186 posse
3141 4116 3287 4171 illius
3315 4115 3678 4170 substantiam

2102 4204 2170 4259 ab
2214 4206 2524 4274 aequalitate
2569 4215 2626 4261 et
2663 4207 2896 4261 naturali
2929 4207 3318 4271 similitudine,
3351 4221 3513 4276 quam
3554 4221 3677 4260 cum

2099 4295 2262 4351 Patre
2290 4298 2487 4362 habet,
2530 4297 2802 4369 dejicere,
2849 4299 3004 4367 quasi
3056 4297 3228 4353 Filius
3258 4298 3579 4353 administer
3608 4297 3681 4353 sit

2102 4390 2284 4458 potius
2318 4404 2483 4458 quam
2513 4399 2759 4448 creator:
2794 4389 3147 4444 considerent
3181 4398 3362 4442 mente
3391 4388 3534 4458 capti
3566 4388 3678 4453 isti,

2101 4489 2159 4535 et
2198 4481 2251 4535 in
2294 4481 2531 4536 medium
2583 4483 2755 4536 nostri
2797 4479 3098 4550 prodeant,
3147 4480 3497 4549 responsuri,
3548 4480 3680 4549 quid

406 4574 521 4608 των
552 4560 1043 4632 ἀπολογησόμενοι.
1106 4565 1160 4618 τί
1216 4582 1346 4620 ποτε
1394 4569 1502 4635 ἄρα
1537 4571 1786 4642 καὶπερὶ
1818 4574 1988 4629 αὑτοῦ

2100 4571 2315 4626 tandem
2361 4580 2417 4628 et
2445 4574 2511 4627 de
2551 4574 2671 4642 ipso
2701 4572 2860 4628 Patre
2890 4572 3395 4642 deprehendemus,
3435 4581 3679 4653 etquem

409 4650 508 4701 τοῦ
540 4651 780 4727 ριιατρὸς
826 4655 1184 4727 ἐννοήσομεν,
1235 4658 1360 4712 τίνα
1398 4659 1459 4712 δὲ
1496 4656 1640 4716 εἶναι
1684 4665 1779 4717 καὶ
1825 4667 1988 4721 αὑτὸν

410 4738 830 4808 ὐποληψόμεθα,
878 4744 1009 4797 ὅταν
1059 4745 1320 4817 φαίνηται
1363 4748 1657 4820 δεχόμενος
1702 4755 1764 4807 τὸ
1811 4755 1879 4808 δι’
1928 4752 1990 4810 οὗ

361 4869 365 4874 .
410 4827 633 4896 Πατέρα
664 4832 730 4900 τῇ
756 4830 878 4902 θεία
900 4833 1088 4904 Γραφῇ
1111 4852 1127 4903 ;
1160 4855 1179 4888 ι
1208 4838 1404 4902 Πιστὸς
1425 4843 1762 4912 γὰρ,,φησ“ιν.
1786 4844 1814 4894 ὁ
1837 4844 1992 4913 Θεὸς,

408 4919 482 4971 δι’
516 4914 578 4972 οὗ
609 4921 879 4993 ἐκλήθητε
908 4926 990 4988 είς
1020 4928 1307 4983 κοινωνίαν
1327 4930 1421 4983 τοῦ
1454 4932 1584 4986 Υίοῦ
1603 4934 1771 4988 αὐτοῦ
1793 4953 1806 4968 ο
1834 4955 1858 4989 ι.
1876 4941 1991 5005 καὶ,

414 5030 437 5065 t
471 5012 686 5076 Παῦλος
714 5015 1015 5080 ἀπόστολος
1055 5017 1231 5090 Ἰησοῦ
1275 5021 1512 5091 Χριστοῦ
1550 5025 1638 5079 διὰ
1682 5025 1992 5097 θελήματος

407 5101 572 5168 Θεοῦ,
605 5121 626 5153 ι
663 5104 758 5158 καὶ
784 5106 947 5161 πάλιν
978 5109 1112 5178 πρός
1139 5127 1290 5174 τινας
1333 5113 1361 5165 ὁ
1394 5113 1605 5179 Παῦλος
1636 5118 1943 5173 ἐπιστέλλει
1973 5100 1996 5151 θ’

414 5212 437 5246 ι
476 5194 641 5249 Ὥστε
680 5198 781 5251 οὐκ
816 5197 897 5251 ἔτι
931 5198 1141 5265 δοῦλος,
1182 5202 1321 5257 ἀλλὰ
1367 5204 1494 5269 Υιός
1524 5221 1538 5236 ο
1569 5207 1621 5258 εἰ
1653 5207 1709 5260 δὲ
1742 5209 1870 5272 Υἱὸς
1899 5213 1995 5265 καῖ⁵

408 5286 754 5358 κληρονόμος
798 5289 886 5344 διὰ
939 5291 1149 5345 Θεοῦ.»
1207 5294 1395 5349 Ταῦτα
1450 5296 1515 5369 δὴ
1563 5297 1853 5369 σύμπαντα
1894 5305 1995 5374 τὴν

404 5381 694 5449 ἀναφορὰν
736 5382 816 5446 είς
862 5384 924 5437 τὸ
956 5385 1053 5437 τοῦ
1104 5386 1242 5441 Θεοῦ
1281 5390 1374 5442 καὶ
1414 5392 1632 5461 Πατρὸς
1670 5393 1786 5465 ἔχει
1828 5398 1999 5468 πρόσ-

402 5485 582 5524 ωπον.
624 5474 733 5525 Καὶ
759 5477 819 5526 οὔ
841 5475 1025 5546 ,δήπου
1056 5480 1197 5548 πρὸς
1225 5481 1386 5534 τοῦτο
1419 5483 1619 5552 μανίας
1646 5486 1859 5541 ἐλάσειε
1886 5505 1994 5554 τις,

406 5564 458 5615 εί
496 5564 573 5634 μὴ
607 5566 761 5634 τύχοι
798 5569 911 5631 τοῖς
944 5568 1372 5641 προειρημένοις
1412 5574 1483 5627 τὰ
1528 5573 1618 5630 ἴσα
1648 5580 1886 5648 φρονῶν,
1920 5581 1996 5645 ὡς

405 5654 470 5705 τὸ
499 5655 600 5722 τῆς
632 5658 937 5727 ὑπουργίας
977 5659 1151 5737 δνομά
1179 5678 1240 5716 τε
1285 5666 1379 5719 καὶ
1423 5667 1657 5737 πρᾶγμα
1689 5669 1782 5720 καὶ
1823 5671 1996 5740 αὐτῆς

481 5810 502 5841 ³
549 5809 687 5863 Grn.
728 5826 803 5877 tv,
846 5812 898 5866 1.
977 5814 996 5844 ⁸
1031 5812 1202 5870 chit.
1247 5832 1396 5884 xxw,
1439 5819 1528 5873 95.

1624 5822 1643 5852 ’⁷
1670 5821 1905 5878 Barucli.
1974 5840 2047 5891 IV,
2090 5825 2143 5879 4.

2095 4679 2222 4719 eum
2250 4680 2373 4720 esse
2402 4665 2854 4736 excogitabimus,
2880 4680 3004 4720 cum
3038 4664 3092 4719 in
3124 4679 3245 4719 sese
3267 4664 3495 4733 recipiat
3525 4662 3680 4723 illud.
3764 4726 3769 4729 _

2097 4771 2194 4827 per
2236 4771 2383 4820 eum,
2427 4756 2480 4811 in
2528 4756 2730 4811 divinis
2755 4755 2974 4811 Litteris
3015 4772 3029 4809 :
3068 4776 3087 4808 ‹
3118 4755 3322 4824 Fidelis
3367 4756 3534 4822 enim,
3580 4755 3679 4817 ait,

2101 4846 2278 4912 Deus,
2319 4862 2415 4917 per
2454 4862 2616 4917 quem
2663 4848 2838 4902 vocati
2886 4847 3020 4902 estis
3067 4846 3123 4901 in
3164 4849 3506 4902 consortium
3556 4845 3679 4899 Filii

2102 4937 2249 5006 eius;
2277 4955 2297 4988 ι
2319 4947 2410 4993 et:
2450 4958 2469 4989 ι
2498 4938 2697 4993 Paulus
2731 4938 3013 5007 apostolus
3045 4935 3172 4992 Jcsu
3198 4938 3436 5003 Christi,
3465 4953 3560 5007 per
3583 4952 3681 4990 vo-

2100 5030 2363 5084 luntatem
2382 5030 2498 5096 Dei,
2521 5048 2541 5081 »
2565 5040 2620 5085 et
2639 5047 2832 5086 rursus
2862 5030 2927 5084 ad
2948 5031 3213 5100 quosdam
3232 5030 3433 5085 Paulus
3452 5029 3674 5084 scribit:

2107 5144 2126 5175 ι
2164 5124 2350 5194 Itaque
2393 5128 2507 5194 jam
2539 5141 2648 5181 non
2678 5135 2764 5182 est
2796 5142 2991 5182 servus
3017 5169 3032 5193 ,
3075 5126 3170 5182 sed
3204 5124 3378 5182 Filius
3410 5145 3423 5181 :
3456 5123 3600 5194 quod
3633 5123 3680 5178 si

2104 5213 2295 5282 Filius,
2340 5227 2394 5271 et
2437 5217 2618 5272 bazres
2650 5235 2747 5288 per
2776 5219 2947 5275 Deum
2981 5220 3045 5274 ¹⁰.
3084 5240 3104 5273 ι
3146 5218 3273 5274 Haec
3314 5219 3460 5272 enim
3493 5217 3679 5271 omnia

2099 5306 2166 5361 ad
2202 5323 2489 5378 personam
2534 5309 2714 5366 Patris
2757 5312 3090 5367 relerunlur.
3130 5313 3196 5366 Et
3230 5312 3389 5381 plane
3421 5309 3563 5363 haud
3595 5324 3681 5364 sa-

2100 5414 2232 5453 num
2286 5401 2527 5470 sinciput
2579 5403 2724 5459 illius
2768 5402 2967 5468 fuerit,
3014 5405 3106 5474 qui
3157 5403 3430 5473 prtedictis
3458 5416 3675 5471 {equum

2099 5505 2385 5546 assensum
2424 5506 2531 5546 non
2566 5494 2835 5562 praebeat,
2884 5494 3175 5549 ministerii
3218 5508 3412 5546 nomen
3451 5502 3505 5546 et
3537 5508 3676 5557 rem,

2098 5580 2200 5649 ipsi
2234 5578 2412 5637 Patris
2452 5582 2639 5652 gloriae
2674 5593 3045 5640 consentanee
3080 5582 3422 5649 attribucns;
3456 5585 3679 5654 quando

2099 5672 2317 5740 quidem
2352 5673 2418 5729 de
2440 5687 2530 5738 eo,
2559 5673 2660 5729 Per
2693 5691 2840 5741 cum,
2874 5675 3040 5729 dictio
3063 5674 3406 5743 praedicatur.
3432 5675 3678 5745 Namque

2246 5827 2267 5859 ⁸
2297 5826 2414 5883 Gal.
2462 5844 2499 5894 ι,
2543 5828 2598 5882 4.
2679 5830 2700 5863 ⁹
2741 5826 2919 5883 lCor.
2974 5842 3050 5895 XI,
3085 5829 3173 5886 li.
3276 5833 3319 5864 ¹⁰
3352 5834 3473 5891 Gal.
3515 5854 3587 5897 ιν,
3622 5836 3674 5890 7.
