4054 6418
415 423 515 483 307

1444 427 1657 488 JOAN.
1695 429 1909 489 VECCI
1949 430 2061 489 (ΣΡ.
2102 430 2616 492 ΡΛΤΒΙΑΒΟΙΙΕ

3549 438 3650 500 308

414 539 729 607 plerumque
767 536 951 592 divina
987 536 1266 605 Scriptura
1311 537 1683 596 indiﬂerenter
1715 541 1985 597 dictiones

2101 545 2521 614 κατηγορεῖσθαι
2560 545 2662 613 τῆς
2705 543 2801 598 τοῦ
2840 545 3055 617 Πατρδς
3099 544 3257 617 δόξης
3297 546 3534 614 εὐλόγως
3578 550 3654 601 εί-

413 636 664 698 usurpat,
704 644 818 682 rem
866 629 1168 697 subjectam
1214 646 1322 684 non
1364 631 1598 694 laedens,
1637 643 1691 687 et
1727 634 1780 687 in
1827 634 1990 688 rebus

414 719 778 787 exponendis,
820 719 1136 783 nominibus
1175 719 1454 786 abutitur,
1499 721 1701 790 quibus
1732 720 1896 790 probe
1926 736 1989 777 se

413 822 511 864 eas
542 809 785 865 iudicare
814 818 985 878 putet.
1023 827 1042 863 ι
1080 808 1249 864 Dictis
1277 810 1571 877 similibus,
1602 812 1695 881 qni
1733 832 1752 864 ε
1788 826 1853 867 ex
1887 811 1990 867 Pa-

414 908 499 954 tre
522 915 616 969 per
640 899 835 956 Filium
870 919 890 953 ι
919 900 1318 968 exsistentiam,
1340 918 1464 958 cum
1493 919 1577 967 ea,
1608 920 1727 973 quae
1755 892 1840 960 est
1871 923 1890 955 ι
1922 920 1989 959 εκ

414 998 647 1059 utroque
692 1010 709 1043 ι
760 1007 869 1046 non
906 993 1183 1049 cohaerere
1229 996 1599 1062 contendunt,
1649 996 1988 1052 refelluntur.

415 1082 481 1137 Et
521 1072 625 1137 hoc
650 1097 912 1140 concesso
938 1083 1220 1138 fatendum
1248 1093 1352 1145 est,
1379 1099 1722 1154 quaecunque
1753 1085 1990 1155 Spiritus

413 1187 480 1226 ex
513 1172 652 1227 Filio
689 1173 879 1237 habet,
910 1172 1057 1244 quod
1090 1190 1152 1228 ea
1188 1190 1284 1244 per
1321 1173 1521 1228 Filium
1554 1174 1753 1229 habeat
1774 1212 1790 1237 ,
1828 1189 1891 1228 ea
1920 1189 1989 1250 ex

415 1265 555 1321 Filio
589 1266 828 1331 habere,
876 1269 1048 1336 probe
1098 1268 1229 1323 dici.
1275 1267 1511 1338 Spiritus
1553 1269 1699 1323 enim
1744 1283 1811 1321 ex
1849 1267 1990 1324 Filio

415 1373 704 1419 emanans,
755 1374 862 1413 non
902 1368 1160 1428 tanquam
1205 1374 1273 1414 ex
1313 1360 1558 1429 proprio,
1601 1375 1666 1415 ac
1704 1360 1919 1416 diverso
1957 1376 2006 1416 a-

414 1447 578 1504 Patre
610 1449 760 1504 fonte
791 1461 1035 1514 emanat,
1063 1453 1180 1517 sed,
1215 1452 1362 1520 quod
1394 1466 1458 1506 ex
1493 1451 1655 1507 Patre
1676 1467 1771 1522 per
1789 1452 1988 1507 Filium

2096 637 2264 690 πεῖνο
2295 636 2526 706 ἐπείπερ
2579 636 2781 708 ἠνέχθη
2834 637 2933 691 καὶ
2977 638 3065 691 ἐπ’
3124 635 3291 690 αὐτοῦ
3337 636 3399 689 τὸ
3450 637 3519 691 δι’
3573 633 3653 695 οῦ.

2109 725 2424 798 ’Δδιαφορεϊ
2471 726 2582 797 γὰρ
2634 726 2748 780 ἔσθ’
2801 728 2891 781 ὅτε
2946 727 3074 798 περὶ
3099 726 3200 790 τὰς
3236 727 3410 791 λέξεις
3463 729 3497 798 ἡ
3542 728 3657 784 θεία

2095 817 2310 888 Γραφὴ,
2349 818 2517 889 μηδὲν
2548 819 2813 873 ἀδικοῦσι
2853 819 2917 872 τὸ
2946 820 3327 890 ὑποκείμενον,
3376 836 3654 890 καταχρη-

2097 908 2429 978 στικὼτερον
2457 909 2516 963 δέ
2552 926 2669 973 πως
2713 910 3054 978 ἐπιφέρουσα
3095 913 3206 972 τοῖς
3239 909 3655 978 σημαινομένοις

2094 1000 2164 1054 τά
2188 1016 2247 1053 τε
2272 1000 2495 1071 ῥήματα
2519 1002 2613 1054 καὶ
2637 999 2708 1055 τὰ
2726 1000 2793 1054 δι’
2821 994 2898 1055 ὧν
2926 1000 2992 1054 ἃν
3022 1001 3201 1070 οἴηται
3228 998 3655 1067 καταδηλοῦσθαι

2096 1091 2294 1154 καλῶς.
2357 1091 2447 1145 Ἐν
2485 1091 2710 1154 ταύταις
2744 1091 2810 1163 δὴ
2843 1093 2964 1154 ταῖς
2994 1093 3214 1162 ρήσεσι,
3244 1090 3342 1143 καὶ
3367 1091 3418 1143 oi
3450 1089 3548 1159 τὴν
3594 1089 3658 1141 ὲκ

2096 1182 2312 1254 Πατρδς
2340 1183 2409 1236 δι’
2438 1183 2567 1237 Υίοῦ
2595 1180 2833 1252 ὕπαρξιν
2872 1181 3283 1252 ἀσυμόίϐαστον
3317 1181 3456 1251 πρὸς
3481 1178 3578 1244 τὴν
3601 1177 3659 1244 ἑξ

2095 1274 2301 1343 ἀμφοῖν
2326 1270 2465 1329 εῖναι
2491 1275 2888 1343 διενιστάμενοι
2912 1272 3501 1342 καταγωνισθήσονται.
3531 1270 3659 1323 Τού-

2094 1378 2190 1415 του
2232 1362 2290 1414 δὲ
2335 1362 2606 1429 δοθέντος,
2645 1362 3115 1435 δμελογηθήσεται
3150 1362 3247 1416 καὶ
3278 1361 3438 1414 πάνθ’
3472 1360 3572 1413 ὅσα
3602 1361 3661 1413 τδ

2098 1451 2324 1522 Πνεῦμα
2366 1452 2428 1518 ἐξ
2472 1453 2602 1507 Υίοῦ
2656 1454 2793 1525 ἔχει,
2820 1454 2914 1508 διὰ
2946 1455 3007 1509 τὺ
3032 1454 3100 1507 δι’
3125 1451 3259 1506 Υἱοῦ
3300 1451 3448 1522 ἔχειν
3503 1450 3656 1515 αὐτὰ,

415 1548 667 1605 emanat,
710 1540 831 1595 ideo
859 1556 923 1596 ex
964 1541 1106 1596 Filio
1136 1557 1432 1609 emanare;
1466 1552 1540 1606 et,
1579 1542 1725 1612 quod
1759 1558 1856 1612 per
1897 1542 1991 1597 Fi-

418 1628 551 1682 lium
591 1628 922 1695 effunditur,
966 1646 1031 1685 ex
1072 1630 1213 1686 Filio
1239 1631 1442 1687 dicitur
1467 1631 1692 1688 eﬂ'undi.
1727 1633 1839 1688 Nec
1867 1642 1990 1688 tan-

2094 1544 2349 1613 λέγεσθαι
2377 1547 2550 1600 ταῦτα
2580 1547 2724 1618 ἔχειν
2755 1550 2819 1602 ὲκ
2849 1547 2943 1602 τοῦ
2965 1547 3118 1602 Υίοῦ.
3162 1548 3236 1601 T6
3267 1546 3380 1618 γὰρ
3419 1544 3658 1614 Πνεῦμα,

2096 1639 2161 1691 ὲκ
2180 1637 2276 1690 τοῦ
2306 1637 2436 1691 Υίοῦ
2481 1638 2805 1705 ἀναὸλύζον,
2851 1640 2950 1710 οὐχ
2996 1639 3074 1703 ὡς
3128 1638 3189 1703 ἐξ
3229 1638 3366 1701 ίδίας
3394 1635 3545 1706 παρὰ
3573 1637 3660 1687 τὸν

417 1721 699 1776 tummodo
740 1722 793 1777 in
838 1723 1169 1780 dictionibus
1207 1725 1318 1780 illis
1360 1726 1642 1791 omnibus,
1673 1741 1795 1797 quae
1820 1726 1993 1795 signi-

2101 1726 2320 1795 Πατέρα
2350 1730 2534 1799 πηγῆς
2560 1729 2859 1794 ἁναϐλύζον
2886 1728 3058 1793 ἐστὶν,
3094 1729 3213 1784 ἀλλ’
3249 1729 3333 1782 ὅτι
3365 1731 3432 1781 ἐκ
3456 1724 3662 1794 Πατρδς

416 1811 582 1867 ﬁcant
610 1815 911 1869 naturalem
939 1825 1106 1886 atque
1129 1816 1472 1873 essentialem
1505 1817 1654 1872 illius
1676 1833 1769 1887 per
1792 1819 1989 1873 Filium

2101 1819 2416 1885 ἀναϐλύζει,
2442 1821 2510 1874 δι’
2537 1822 2666 1875 Υίοῦ
2700 1823 2795 1875 καὶ
2816 1820 2876 1886 ἐξ
2905 1820 3038 1874 Υίοῦ
3067 1821 3290 1889 λέγεται
3320 1817 3659 1881 ἀναϐλύζειν,

414 1919 482 1959 ex
507 1903 665 1960 Patre
689 1907 1091 1972 exsistentiam,
1121 1909 1328 1965 dicitur
1350 1923 1471 1964 esse
1492 1918 1549 1965 et
1572 1925 1639 1965 ex
1670 1911 1831 1975 Filio,
1852 1912 1995 1980 quod

2103 1912 2196 1965 καὶ
2233 1911 2304 1965 δι’
2344 1912 2476 1966 Υίοῦ
2529 1912 2919 1983 προχεόμενον,
2951 1912 3177 1982 λέγεται
3210 1909 3536 1982 προχεῖσθαι
3575 1908 3666 1961 καὶ

413 2011 512 2063 per
560 1996 757 2052 Filium
797 2011 919 2064 est,
970 2001 1065 2055 sed
1109 2000 1273 2054 etiam
1323 2016 1387 2055 ex
1439 2000 1577 2056 Filio
1615 2001 1893 2065 exhiberi,
1940 2012 1996 2058 et

2101 2004 2163 2057 ἐκ
2190 2002 2283 2056 τοῦ
2322 2004 2476 2069 Υἰοῦ,
2511 2005 2605 2058 καὶ
2631 2004 2698 2058 δι’
2726 2004 2858 2058 Υἱοῦ
2900 2004 3329 2076 προερχόμενον,
3371 2003 3465 2055 καὶ
3489 2002 3553 2076 ὲκ
3575 1995 3666 2051 τοῦ

415 2090 594 2155 mitti,
626 2094 772 2162 quod
810 2108 876 2148 ex
917 2090 1079 2147 Patre
1107 2107 1203 2163 per
1233 2091 1432 2159 Filium
1480 2091 1621 2149 mitti
1653 2100 1708 2147 et
1747 2091 1994 2147 exhiberi

2102 2094 2234 2148 Υἱοῦ
2274 2097 2639 2166 προέρχεσθαι
2681 2096 2923 2165 λέγεται.
2948 2070 3176 2151 ⁷καὶτοῦ
3210 2095 3377 2167 μόνον
3418 2070 3535 2146 ἐπὶν
3555 2091 3669 2152 ταῖς

413 2182 635 2238 dicitur.
2098 2185 2274 2251 λέξεσι
2299 2189 2526 2251 ταύταις
2571 2192 2692 2252 ταῖς
2735 2190 3025 2257 δηλούσαις
3077 2189 3326 2258 φυσικῶς
3361 2187 3456 2241 καὶ
3482 2185 3673 2238 ούσιω-

413 2276 522 2341 δῶς
550 2279 818 2346 ὑπάρχειν
848 2279 980 2332 αὐτὸ
1018 2279 1085 2333 δι’
1116 2277 1248 2331 Υίοῦ
1280 2279 1342 2331 ὲκ
1367 2276 1617 2348 Πατρδς⁴
1649 2277 1827 2332 πάντα
1887 2277 2110 2348 λέγεται
2140 2274 2281 2332 εἶναι
2356 2281 2452 2334 καὶ
2488 2281 2552 2333 ὲκ
2586 2281 2683 2334 τοῦ
2747 2279 2904 2346 Υἱοῦ,
2943 2282 3044 2334 δσα
3109 2282 3227 2334 ἐστὶ
3253 2280 3346 2333 διὰ
3389 2278 3483 2331 τοῦ
3523 2272 3671 2340 Υίοῦ,

413 2369 552 2423 ἀλλὰ
599 2371 693 2424 καὶ
741 2372 800 2436 ἐξ
846 2372 978 2425 Υἱοῦ
1012 2371 1419 2442 χορηγούμενον
1464 2372 1558 2424 καὶ
1601 2370 1974 2442 πεμπόμενον,
2009 2369 2100 2425 διὰ
2126 2371 2187 2424 τὸ
2215 2372 2280 2425 ὲκ
2338 2372 2552 2443 Πατρδς
2577 2373 2647 2426 δι’
2678 2371 2808 2427 Υίοῦ
2852 2372 3187 2443 πέμπεσθαι,
3257 2373 3366 2425 καὶ
3427 2367 3675 2440 χορηγεῖ·

415 2462 544 2515 σθαι
578 2463 794 2529 λέγεται
817 2463 1013 2519 ταῦτα.

486 2558 574 2619 ιι.
616 2557 880 2617 Praeterea
903 2595 917 2617 .
954 2556 1048 2625 qui
1080 2571 1142 2610 ex
1193 2556 1355 2610 Patre
1389 2555 1653 2625 Spiritum
1687 2554 2001 2610 immediate

414 2664 537 2703 esse
577 2648 861 2702 enuntiant
885 2686 900 2710 ,
944 2648 1031 2703 his
1075 2647 1263 2702 iisdem
1297 2648 1504 2717 scripto
1532 2647 1804 2703 mandatis
1832 2647 2002 2702 testi-

417 2740 620 2796 moniis
652 2740 987 2811 rejicientur.
1034 2739 1448 2808 'l‘haumaturgo
1490 2739 1761 2807 siquidem
1795 2738 2002 2809 Grego-

415 2831 501 2886 rio
529 2829 877 2894 decernente,
919 2846 937 2877 ε
979 2827 1194 2882 Domini
1241 2829 1456 2882 Patrem
1504 2843 1628 2883 esse
1671 2829 2000 2897 principium

416 2923 488 2977 ab
509 2918 720 2991 aeterno
757 2935 884 2975 eum
919 2931 1302 2990 generantem,
1336 2929 1391 2974 et
1424 2919 1714 2973 Dominum
1758 2918 1995 2989 Spiritus

417 3022 767 3084 prototypum
817 3012 965 3081 (10);
1027 3032 1045 3064 ι
1106 3012 1380 3081 quomodo
1453 3012 1786 3081 intelligetur
1839 3027 1993 3082 ergo,

420 3106 661 3174 Spiritus
708 3105 992 3158 Dominum
1042 3113 1410 3174 pmtotyputn,
1459 3105 1503 3159 si
1539 3103 1770 3172 Spiritus
1802 3104 1999 3158 imme-

417 3200 566 3252 diate
590 3237 606 3262 ,
649 3196 1110 3267 quemadmodum
1146 3194 1341 3260 Filius,
1379 3210 1443 3249 ex
1491 3194 1653 3249 Patre
1691 3195 1815 3250 est?
1858 3195 1994 3261 sive,

419 3290 697 3361 quomodo
719 3289 1073 3361 intelligetur,
1097 3287 1296 3343 Filium
1325 3287 1616 3357 imaginem
1648 3302 1770 3344 esse
1793 3286 1991 3350 Patris,

419 3395 474 3439 et
501 3383 767 3459 Spit-itum
802 3381 1094 3447 imaginem
1126 3378 1286 3435 Filii?
1317 3378 1460 3441 sive,
1496 3377 1770 3447 quomodo
1800 3377 1997 3431 intelli—

421 3485 580 3546 getur
603 3518 617 3540 ,
648 3474 867 3528 Patrem
905 3471 1041 3527 Filio
1073 3470 1414 3542 prmintclligi
1450 3480 1708 3538 tanquam
1748 3483 1995 3532 causam,

423 3581 478 3624 et
519 3567 715 3622 Filium
755 3566 1051 3620 secundum
1098 3563 1347 3618 eamdem
1384 3577 1566 3616 causa:
1600 3563 1868 3616 rationem
1900 3561 1997 3630 by.

424 3659 628 3727 postasi
677 3656 955 3726 Spiritus?
1000 3655 1148 3718 sive,
1193 3654 1469 3723 quomodo
1506 3652 1863 3721 intelligetur,
1899 3650 2001 3704 Pa-

421 3762 559 3806 trem
594 3751 853 3817 majorem
889 3763 1011 3802 esse
1041 3746 1200 3809 Filio,
1229 3755 1285 3800 et
1314 3744 1510 3799 Filium
1544 3743 1752 3812 Spiritu
1783 3730 2000 3797 sancto?

423 3845 559 3906 sire,
607 3841 884 3912 quomodo
930 3839 1283 3907 intelligetur,
1338 3836 1604 3906 Spiritum
1652 3850 1747 3902 per
1798 3833 1996 3887 Filium

423 3934 680 4007 conjungi
710 3933 901 3987 Patri?
933 3932 997 3991 Et
1034 3946 1157 4000 qua:
1185 3938 1442 3998 praeterea
1489 3936 1715 3983 sanctus
1756 3927 1999 3981 Athana-

422 4028 539 4083 sius
601 4028 669 4079 ad
711 4024 1068 4092 Serapionem
1129 4021 1358 4088 epistola
1419 4021 1484 4072 de
1538 4018 1741 4086 Spiritu
1784 4026 1997 4079 sancto,

423 4117 685 4181 dictavit;
719 4119 977 4185 probans,
1015 4132 1034 4163 ι
1074 4113 1319 4165 eamdem
1358 4109 1612 4163 unionem
1650 4107 1849 4160 habere
1875 4104 2000 4174 Spi-

423 4210 587 4263 ritum
629 4220 757 4274 erga
805 4202 1037 4265 Filium,
1087 4216 1251 4269 quam
1297 4199 1412 4268 ipse
1459 4199 1622 4253 habet
1663 4199 1728 4252 ad
1760 4198 1999 4264 Patrem,

423 4300 570 4370 quod
596 4297 768 4352 Filius
792 4311 821 4350 a
851 4294 1031 4353 Patre.
1066 4291 1305 4361 Spiritus
1334 4305 1462 4344 vero
1496 4304 1525 4342 a
1558 4288 1698 4343 Filio
1730 4287 1997 4354 mittatur;

419 4403 475 4447 et
505 4390 669 4446 Pater
698 4388 917 4459 quidem
944 4400 975 4439 a
1004 4383 1177 4445 Filio,
1213 4380 1384 4435 Filius
1414 4396 1542 4434 vero
1579 4397 1609 4434 a
1646 4379 1851 4450 Spiritu
1887 4381 2001 4450 glo-

423 4486 688 4539 rilicetnr.
744 4480 1006 4547 i-Qnibus
1036 4478 1172 4531 satis
1206 4484 1391 4545 aperte
1431 4474 1710 4537 decernit,
1747 4475 1998 4527 eumdem

422 4579 670 4637 ordinem
710 4584 765 4627 et
809 4581 1058 4627 naturam
1096 4571 1295 4623 habere
1327 4567 1588 4639 Spiritum
1619 4582 1748 4636 erga
1777 4563 1997 4627 Filium,

2176 2556 2267 2611 ια’.
2319 2554 2443 2607 Ἔτι
2495 2552 2554 2607 δὲ
2576 2553 2627 2606 oi
2681 2553 2907 2622 ἀμέσως
2965 2552 3031 2607 ὲκ
3069 2552 3282 2623 Πατρδς
3328 2552 3402 2606 ’τὸ
3458 2550 3676 2621 Πνεῦμα

2098 2646 2350 2714 λέγοντες
2382 2642 2544 2710 εἶναι,
2581 2646 2690 2698 κάκ
2717 2645 2824 2699 τῶν
2866 2643 3157 2713 γραφικῶν
3195 2643 3416 2698 τούτων
3446 2644 3677 2710 ἀπελεγ-

2099 2740 2393 2810 χθήσονται
2419 2741 2654 2810 ῥήσεων.
2699 2739 2806 2792 Τοῦ
2840 2740 2950 2809 γὰρ
2990 2738 3440 2810 Θαυματουργοῦ
3473 2739 3681 2809 Πατρδς

2099 2827 2406 2898 Γρηγορίου
2439 2828 2710 2897 ἀριδήλως
2733 2825 3113 2896 θεολογοῦντος
3148 2829 3230 2882 ὅτι
3268 2849 3286 2881 ι
3322 2830 3445 2884 Τοῦ
3478 2830 3681 2902 Κυρίου

2099 2920 2129 2971 6
2175 2919 2366 2989 Πατὴρ
2404 2919 2573 2989 ἀρχὴ,
2603 2919 2790 2982 ἀϊδίως
2814 2919 2977 2972 αὐτὸν
3003 2920 3296 2991 γεννήσας,
3333 2923 3439 2976 καὶ
3468 2921 3676 2991 πρωτόο

2100 3025 2273 3073 τυπος
2304 3009 2398 3063 τοῦ
2443 3007 2762 3077 Πνεύματος
2791 3012 2820 3064 6
2854 3010 3078 3080 Κύριος,
3119 3029 3138 3062 ι
3194 3010 3311 3073 πῶς
3355 3013 3673 3084 νοηθήσεται

2101 3100 2163 3154 τὸ
2190 3103 2330 3171 πρὸς
2359 3101 2418 3155 τὸ
2451 3101 2679 3170 Πνεῦμα
2705 3101 2802 3155 τοῦ
2847 3101 3056 3170 Κυρίου
3095 3104 3462 3172 προτότυπον,
3494 3107 3542 3158 εί
3582 3106 3673 3157 καὶ

2101 3193 2164 3246 τὸ
2199 3192 2430 3262 Πνεῦμα
2454 3192 2679 3263 ἀμέσως
2718 3195 2794 3256 ὡς
2827 3193 2857 3245 6
2904 3193 3030 3257 Υίδς
3074 3195 3140 3248 ὲκ
3184 3196 3447 3267 Πατρός;
3485 3197 3520 3270 ἢ
3563 3195 3674 3258 πῶς

2097 3287 2421 3357 νοηθήσεται
2482 3289 2510 3340 6
2570 3286 2670 3357 μὲν
2703 3286 2834 3349 Υἱὸς
2877 3286 3041 3340 εἰκὼν
3078 3286 3172 3340 τοῦ
3216 3290 3460 3359 Πατρδς,
3515 3290 3575 3343 τὸ
3619 3288 3673 3342 δὲ

2099 3376 2331 3447 Πνεῦμα
2363 3376 2529 3430 εἰκὼν
2571 3376 2665 3431 τοῦ
2701 3376 2836 3430 Υἰοῦ
2868 3396 2882 3443 ;
2929 3378 2961 3447 ἢ
3001 3377 3117 3440 πῶς
3148 3380 3481 3449 νοηθήσεται
3510 3383 3538 3434 6
3582 3382 3675 3449 μὲν
3762 3438 3765 3439 ν

2099 3468 2251 3536 Πατῆ
2261 3485 2291 3539 ρ
2322 3472 2811 3538 προεπινοούμενος
2839 3467 2933 3523 τοῦ
2960 3468 3199 3539 Υίοῦοτῷ
3226 3472 3408 3540 αἰτίῳ,
3435 3475 3463 3526 6
3488 3473 3542 3525 δὲ
3556 3470 3676 3532 Υἱὸς

2101 3559 2242 3612 κατὰ
2273 3558 2364 3611 τὸν
2398 3559 2497 3624 τῆς
2523 3559 2702 3621 αἰτίας
2726 3558 2885 3626 λόγον
2925 3558 3256 3629 προεπινοού
3266 3578 3432 3629 μενος
3461 3562 3555 3632 τῆς
3585 3556 3675 3612 τοῦ

2103 3650 2421 3720 Πνεύματος
2449 3648 2804 3712 ὑποστάσεως
2838 3666 2852 3714 ;
2908 3649 2941 3718 ἢ
2991 3650 3109 3712 πῶς
3155 3651 3488 3720 νοηθήσεται
3522 3654 3550 3705 6
3584 3651 3677 3721 μὲν

2101 3744 2292 3812 Πατὴρ
2359 3741 2561 3810 μείζων
2619 3740 2716 3793 τοῦ
2789 3730 2964 3805 Υίοῦ,
3016 3742 3075 3794 ‘6
3151 3741 3209 3795 δὲ
3285 3742 3417 3806 Υἱὸς
3482 3743 3679 3812 μείζων

2100 3834 2195 3890 τοῦ
2242 3834 2601 3904 Πνεύματοςς
2645 3832 2678 3903 ἢ
2710 3833 2830 3896 πῶς
2864 3833 3191 3904 νοηθήσεται
3229 3836 3291 3886 τὸ
3328 3837 3558 3905 Πνεῦμα
3595 3834 3679 3887 διὰ

2102 3928 2197 3981 τοῦ
2229 3926 2363 3980 Υίοῦ
2404 3925 2816 3995 συναπτόμενον
2851 3926 2928 3996 τῷ
2960 3926 3134 3996 Πατρί
3161 3942 3177 3991 ;
3222 3924 3388 3980 Ἀλλὰ
3420 3929 3516 3981 καὶ
3540 3925 3679 3995 ᾇπερ

2102 4022 2131 4075 6
2160 4022 2335 4091 μέγας
2376 4018 2696 4083 Ἀθανάσιος
2724 4021 2782 4072 ἐν
2806 4020 2872 4089 τῇ
2900 4019 3039 4086 πρὸς
3065 4018 3396 4089 Σεραπίωνα
3430 4020 3558 4090 περὶ
3586 4014 3679 4070 τοῦ

2105 4115 2262 4182 ἁγίου
2323 4113 2641 4182 Πνεύματος
2696 4111 2847 4179 λέγει
2906 4112 3188 4183 ἐπιστολῇ,
3249 4111 3681 4172 κατασκευάζων

2109 4224 2129 4258 ι
2157 4205 2254 4276 τὴν
2279 4206 2450 4275 αὐτὴν
2477 4202 2883 4273 ἔχειν-ἑνότητα
2909 4202 2972 4255 τὸ
2997 4201 3222 4272 Πνεῦμα
3247 4204 3388 4273 πρὸς
3414 4204 3507 4256 τὸν
3534 4203 3682 4265 Υίὸν,

2103 4297 2171 4368 ἦν
2199 4296 2361 4360 αὐτὸς
2394 4296 2507 4366 ἔχει
2554 4296 2693 4366 πρὸς
2744 4295 2837 4348 τὸν
2884 4294 3125 4366 Πατέρα,
3173 4294 3284 4349 ἀπὸ
3332 4294 3432 4349 τοῦ
3462 4296 3556 4349 τὸν
3586 4293 3682 4363 μὲν

2105 4390 2232 4444 Υίδν
2279 4389 2431 4459 παρὰ
2469 4388 2700 4458 Πατρὸς,
2734 4387 2797 4440 τὸ
2844 4385 2902 4439 δὲ
2954 4384 3179 4455 Πνεῦμα
3215 4389 3375 4457 παρὰ
3422 4388 3518 4441 τοῦ
3556 4385 3682 4439 Υἱοῦ

2105 4480 2531 4538 ἀποστέλλεσθαι
2560 4496 2575 4510 '
2603 4481 2699 4536 καὶ
2724 4480 2813 4532 τὸν
2839 4477 2937 4546 μιν
2969 4478 3191 4547 Πατέρα
3210 4479 3368 4549 παρὰ
3395 4479 3490 4533 τοῦ
3532 4477 3681 4540 Υἰοῦ,

2104 4578 2198 4629 τὸν
2229 4574 2287 4627 δὲ
2317 4573 2447 4627 Υἰδν
2477 4573 2629 4644 παρὰ
2660 4571 2756 4624 τοῦ
2787 4570 3105 4638 Πνεύματος
3148 4570 3494 4635 δοξάζεσθαι.
3530 4591 3549 4623 ι
3599 4572 3685 4623 Ἰ-ῖν

423 4685 584 4740 quam
631 4665 804 4720 Filius
839 4664 1004 4718 habet
1047 4678 1173 4731 erga
1211 4660 1445 4715 Patrem.
1489 4660 1614 4714 llaec
1650 4673 1873 4726 magnas
1901 4657 1996 4711 tibi

2105 4662 2188 4729 οἷς
2236 4666 2331 4717 καὶ
2373 4666 2513 4719 πάνυ
2557 4662 2816 4732 καθαρῶς
2853 4663 3022 4729 λέγει,
3059 4666 3314 4731 τοιαύτην
3357 4662 3538 4727 τάξιν,
3590 4660 3686 4713 καὶ

422 4771 588 4828 atque
619 4759 864 4826 ingentes
902 4755 1179 4823 suppetias
1216 4752 1392 4807 ferent
1421 4752 1487 4805 ad
1519 4767 1614 4805 eos
1645 4749 1997 4811 refellendos,

398 4832 515 4926 tqui
548 4851 865 4908 immediate
904 4863 970 4901 ex
1003 4846 1163 4900 Patre
1207 4844 1470 4914 Spiritum
1510 4858 1669 4905 esse,
1704 4857 1769 4895 ex
1808 4850 1999 4893 ventre

420 4953 696 5009 eructant,
726 4956 825 4996 nec
857 4938 1224 5008 intelligendis
1269 4935 1569 5004 Srripturis
1607 4933 1852 4988 studium
1881 4931 1997 4985 eol-

422 5042 627 5095 locant.
666 5036 876 5102 Quare,
921 5044 1000 5093 tu,
1052 5047 1146 5099 per
1183 5029 1377 5085 Filium
1420 5028 1688 5083 exsistere
1729 5025 1994 5095 Spiritum

420 5136 673 5182 sanctum
696 5164 710 5190 ,
744 5123 913 5177 multa
946 5138 1068 5177 cum
1105 5120 1433 5176 conﬁdentia
1473 5125 1528 5171 et
1558 5132 1690 5186 pura
1734 5118 1787 5170 in
1829 5115 1995 5170 neunt

422 5235 518 5286 spe
541 5259 555 5279 .
582 5226 636 5273 et
673 5236 737 5272 ex
776 5216 913 5270 Filio
937 5257 950 5281 ,
985 5215 1140 5270 fateri
1177 5230 1243 5268 ne
1284 5210 1629 5271 reformides.
1677 5207 1788 5263 Nos
1839 5224 2000 5276 porro

422 5310 488 5363 ad
524 5320 636 5364 tres
676 5320 798 5364 tuas
841 5307 1301 5373 interrogationes
1330 5302 1530 5357 divinis
1570 5299 1906 5365 Scripturis,
1942 5311 2000 5353 ut

417 5399 529 5469 jam
562 5403 763 5463 vidi'sti,
797 5398 1164 5455 constabilitis
1191 5393 1642 5464 responsionibus
1668 5391 1938 5456 adductis,
1959 5390 2003 5445 si

496 5538 609 5605 (10)
644 5542 1000 5607 Protntypum
1032 5535 1274 5607 Spiritus
1304 5532 1595 5607 Duritinttnt
1632 5531 2002 5607 Tlta_umat_ur-_

425 5600 527 5672 gus
560 5600 888 5678 Gregorius'
919 5600 1278 5678 nuncupavit,
1308 5602 1615 5678 ΔΟινιιξςηιις.
1655 5603 1834 5678 .cujus
1869 5600 2001 5678 iil_tt;l

422 5669 508 5732 est
536 5669 864 5745 principium
899 5696 914 5730 :
955 5674 1318 5731 htimicissimi
1347 5684 1397 5726 et
1429 5672 1591 5745 alieni
1610 5672 1675 5745 ab
1709 5669 2002 5745 apostolica

424 5740 754 5818 carifeaaion'e
775 5756 917 5801 sunt.
954 5745 1248 5818 Imaginem
1275 5742 1877 5818 vei°o_Filii_Spiruum,
1925 5740 2006 5791 in—

428 5812 686 5884 tnr'alios
715 5829 769 5869 et
804 5818 966 5870 divus
999 5817 1258 5884 Cyrillus.
1289 5814 1341 5868 in
1380 5813 1519 5869 libra
1551 5812 1956 5884 Thesaurorum
1986 5823 2001 5868 ;

429 5895 504 5954 et,
542 5883 742 5940 Filium
768 5882 1252 5940 secundum—causa
1286 5885 1539 5937 rationem
1578 5882 1777 5953 Spiritu
1803 5882 2001 5949 prmiu-

2107 4756 2272 4824 φύσιν
2297 4754 2442 4823 ἔχειν
2470 4753 2532 4805 τὸ
2572 4751 2799 4818 Πνεῦμα
2844 4751 2980 4820 πρὸς
3019 4751 3113 4803 τὸν
3158 4750 3308 4816 Υίδν,
3357 4752 3480 4805 οἵαν
3504 4755 3531 4806 6
3559 4751 3685 4811 Yi‘c

2103 4847 2251 4917 ἔχειν
2283 4845 2421 4915 πρὸς
2472 4844 2566 4897 τὸν
2608 4843 2846 4912 Πατέρα,
2888 4842 3152 4910 μεγάλην,
3190 4843 3283 4894 καὶ
3313 4841 3433 4896 οῦτι
3484 4844 3685 4911 μικρὰν

2105 4938 2331 5007 παρέξει
2365 4952 2448 4989 σοι
2487 4934 2586 5004 τὴν
2615 4933 2979 5002 συγκρότησιν
3006 4931 3144 5001 πρὸς
3191 4932 3282 4985 τὸν
3324 4933 3551 5001 ἔλεγχον
3577 4931 3686 4983 τῶν

2105 5031 2328 5099 ἀμέσως
2371 5029 2436 5081 ὲκ
2486 5026 2701 5095 Πατρὸς
2749 5020 2892 5077 εἶναι
2945 5023 3008 5075 τὸ
3036 5021 3263 5093 Πνεῦμα
3315 5023 3426 5076 ἀπὸ
3479 5022 3684 5082 κοιλίας

2105 5119 2506 5190 ἐρευγομένων,
2562 5117 2659 5168 καὶ
2698 5113 2796 5176 τὰς
2847 5111 3073 5182 Γραφὰς
3130 5111 3207 5179 μὴ
3256 5111 3684 5182 διερευνὼντων.

2107 5206 2299 5260 Τοίνυν
2332 5204 2427 5257 καὶ
2459 5206 2524 5257 σὺ
2569 5203 2667 5271 μὲν
2702 5202 2762 5254 τὸ
2795 5202 2862 5254 δι’
2893 5194 3031 5253 Υίοῦ
3065 5200 3310 5269 ὑπάρχον
3341 5201 3408 5254 ἐκ
3447 5200 3541 5252 τοῦ
3574 5200 3685 5252 Πα·

2108 5298 2237 5370 τρὸς
2278 5296 2435 5363 ἆγιον
2485 5295 2708 5363 Πνεῦμα
2742 5291 2882 5360 μετὰ
2917 5289 3112 5344 πολλοῦ
3159 5289 3254 5344 τοῦ
3305 5290 3547 5361 θάρρους
3595 5289 3688 5343 καὶ

2115 5389 2357 5455 καθαρᾶς
2390 5387 2490 5456 τῆς
2525 5387 2605 5449 εἰς
2651 5385 2786 5437 Θεὶν
2836 5382 3071 5447 ἐλπίδος,
3118 5384 3214 5435 καὶ
3255 5383 3313 5448 ἐξ
3344 5381 3478 5436 Υῐοῦ
3508 5382 3690 5451 λέγειν

2108 5528 2297 5594 telliyi,
2336 5500 2635 5590 Gregorius
2668 5521 2950 5594 Nyssenns
2991 5523 3043 5575 in
3083 5523 3260 5594 primo
3285 5520 3553 5594 adversus
3586 5518 3689 5572 Eu—

2106 5589 2348 5651 IlOlltvittm
2406 5589 2822 5649 Antirrltetieo:
2891 5604 2947 5646 et
2983 5593 3238 5661 majqrcm
3308 5589 3538 5661 Spiritu,
3579 5604 3691 5641 tua-

2103 5683 2242 5737 gnus
2269 5666 2599 5720 Athanasius
2631 5659 3152 5737 atl‘rersusitrianof
3183 5661 3438 5737 maligne
3462 5659 3636 5729 prima
3667 5674 3684 5721 ;

2101 5729 2175 5798 Et.
2211 5737 2472 5803 Spiritum
2517 5751 2607 5803 per
2625 5732 2818 5786 Filium
2849 5730 3081 5803 azljttngt
3110 5730 3289 5794 Patri,
3314 5729 3691 5785 Damasceuns

2105 5807 2156 5862 in
2190 5805 2559 5875 Tlteulogtcis,
2591 5820 2712 5871 cap.
2758 5803 2836 5854 li.
