4054 6408
499 404 598 467 311

1522 416 1736 481 ΙΟΑΝ.
1780 421 1990 480 VECCI
2029 423 2135 482 ΟΡ.
2179 424 2688 487 ΡΑΤΒΙΑῐὶΕΗιΕ

3630 420 3738 484 312

491 535 686 592 neque,
728 535 790 573 ex
831 521 943 589 jam
992 521 1151 577 dictis
1198 535 1602 595 consequenter
1648 528 1828 599 colligi
1858 538 2057 599 potest.

2170 534 2620 601 συλλογίσασθαι.
2671 534 2757 599 Ὠς
2785 536 2894 604 γὰρ
2928 538 2953 588 ὁ
2998 535 3121 599 Υἱὸς
3148 533 3300 602 τάξει
3346 532 3447 604 μὲν
3487 531 3743 603 δεύτερος

490 611 960 676 Quemadmodum
1017 615 1162 667 enim
1194 614 1362 671 Filius
1410 618 1601 671 ordine
1638 620 1858 687 quidem
1891 637 1919 674 a
1959 621 2060 675 Pa-

491 713 572 756 tre
599 705 869 758 secundus
895 714 997 769 est,
1033 706 1290 774 quoniam
1322 708 1389 761 ab
1441 709 1534 762 illo
1565 720 1667 777 est,
1702 712 2057 782 etdignitate,

489 796 747 865 quoniam
769 797 940 864 origo,
964 807 1126 867 atque
1150 814 1313 854 causa
1342 800 1486 869 quod
1518 801 1605 855 ille
1643 805 1736 867 sit,
1772 804 1933 859 Pater
1955 816 2060 870 est,

488 897 544 941 ot
579 886 723 957 quod
758 902 852 957 per
880 890 1057 955 ipsum
1098 904 1374 956 accessus,
1410 900 1466 945 et
1492 892 1749 947 adduclio
1787 896 1853 947 ad
1891 896 2057 949 Deum

487 980 702 1034 Patrem
733 999 747 1045 ;
780 989 975 1035 natura
1003 997 1132 1034 vero
1164 983 1314 1035 nullo
1372 985 1534 1038 modo
1568 988 1866 1051 secundus,
1914 990 2058 1057 quod

482 1058 540 1124 in
583 1084 815 1141 utroque
848 1088 955 1126 una
986 1072 1169 1127 Deitas
1204 1084 1287 1129 est
1318 1093 1333 1129 :
1366 1077 1439 1129 ita
1474 1078 1720 1131 \‘idclircl
1739 1089 1789 1132 et
1822 1077 2061 1148 Spiritus

484 1172 727 1228 sanctus,
758 1172 810 1216 et
843 1165 888 1218 si
928 1165 1188 1234 dignitate
1218 1174 1271 1218 et
1309 1166 1502 1220 ordine
1550 1169 1827 1224 St‘t'lllldus
1858 1185 1888 1224 a
1920 1169 2060 1224 F1110

483 1264 589 1316 est,
622 1272 731 1309 non
766 1266 944 1309 tamen
978 1258 1371 1321 verisimiliter,
1412 1260 1616 1315 ‘alieum
1646 1277 1767 1315 esse
1824 1271 2056 1329 natura,

485 1344 612 1398 inde
637 1345 900 1413 consequi
938 1346 1256 1401 dixerimus.
1284 1367 1302 1399 ι
1340 1347 1405 1400 Ει
1435 1349 1535 1404 hoc
1573 1351 1751 1420 magni
1790 1349 1970 1407 Basilii
1994 1353 2061 1407 de

482 1433 689 1502 Spiritu
717 1445 911 1491 sancto
946 1437 1309 1507 theologieum
1342 1440 1567 1503 dictum,
1612 1450 1669 1495 ut
1716 1444 1892 1511 primo
1922 1444 2061 1498 rela-

484 1524 651 1579 tionis
682 1535 788 1579 tuze
844 1528 1016 1595 capite
1057 1530 1393 1590 continetur,
1454 1530 1596 1585 inter
1626 1541 1678 1585 te
1710 1542 1763 1586 et
1806 1548 1927 1589 sese
1962 1536 2056 1589 tibi

480 1630 815 1685 opponentes
844 1630 1119 1675 certamen
1142 1623 1461 1684 exsuscitat.
1485 1625 1612 1677 dum
1671 1634 1724 1679 tu
1761 1627 2049 1681 contendis

480 1710 670 1774 libros,
704 1713 794 1777 qui
825 1712 1029 1765 dictum
1057 1714 1168 1782 jam
1203 1724 1543 1784 proposntum
1604 1718 1899 1789 integrum,
1958 1736 2059 1774 nec

480 1803 663 1873 aliqua
696 1805 778 1858 sui
829 1814 982 1874 parte
1026 1805 1420 1869 imminutum,‘
1464 1817 1525 1862 ut
1560 1824 1727 1879 supra
1785 1811 2056 1880 digestum

2167 626 2259 679 τοῦ
2289 627 2521 697 [ἰατρὸς.
2547 628 2628 680 ὅτι
2653 628 2745 680 ἀπ’
2770 627 2998 685 ἐκείνου,
3029 629 3122 680 καὶ
3144 627 3440 696 ἀξιώματι,
3463 626 3545 679 ὅτι
3568 623 3736 693 ἀρχὴ.

2169 719 2266 770 καὶ
2295 720 2447 773 αἰτία
2478 719 2563 788 τῷ
2585 714 2725 772 εἶναι
2755 718 2922 773 αὑτοῦ
2956 720 3198 790 Πατέρα,
3229 721 3323 772 καί
3348 719 3430 771 ὅτι
3467 717 3537 770 δι’
3568 713 3737 770 α’ῖκοῦ

2169 810 2200 879 ἠ
2237 810 2497 879 πρόσοδος
2532 812 2627 863 καὶ
2658 811 2994 881 προσαγωγὴ
3039 810 3176 875 πρὸς
3202 810 3293 861 τὸν
3322 808 3453 860 Θεὸν
3492 806 3589 887 καὶ
3620 806 3740 858 Πα-

2167 903 2302 971 τ³ρα
2332 917 2347 933 ο
2385 903 2549 970 φύσει
2574 904 2628 957 δὲ
2654 904 2753 955 οὐκ
2781 904 2858 955 ἔτι
2900 902 3174 966 δεύτερος,
3212 900 3348 952 διότι
3382 898 3415 968 ή
3449 897 3642 964 θεότης
3676 896 3739 948 ὲν

2167 995 2412 1063 ἑκατέρῳ
2436 994 2533 1063 μία
2561 1010 2575 1024 ·
2602 978 2747 1046 οὖτῶ
2764 994 3008 1061 δηλονότι
3032 996 3124 1046 καὶ
3146 992 3205 1043 τὸ
3233 989 3456 1056 Πνεῦμα
3475 988 3535 1038 τὸ
3559 988 3738 1051 ἆγιον,

2166 1090 2213 1139 εί
2248 1089 2342 1140 καὶ
2374 1088 2686 1156 ὑποϐέϐηκε
2729 1086 2821 1138 τὸν
2866 1086 2996 1139 Υίδν
3033 1089 3094 1151 τῇ
3130 1084 3279 1146 τάξει
3319 1082 3416 1134 καὶ
3451 1078 3543 1145 τῷ’
3571 1076 3740 1141 ἀξιὼ-

2169 1195 2321 1246 part,
2352 1178 2452 1230 οὐκ
2509 1178 2583 1230 ἐτ’
2642 1177 2709 1231 ἂν
2751 1178 2978 1239 είκὸτως
3032 1176 3107 1235 ὡς
3164 1172 3456 1240 ἀλλοτρίας
3489 1170 3741 1237 ὑπάρχον

2167 1268 2381 1337 φύσεως
2406 1267 2722 1321 ἀκολουθεῖν
2756 1269 3004 1333 εἷπομεν.
3052 1285 3069 1317 ι
3114 1265 3261 1331 Αὕτη
3303 1263 3413 1315 τῶν
3439 1260 3533 1314 τοῦ
3566 1258 3744 1328 μεγάο

2164 1361 2255 1411 λου
2323 1360 2605 1412 Βασιλείου
2674 1359 3005 1424 θεολογικῶν
3051 1356 3182 1426 περὶ
3235 1353 3553 1421 ΙΙνεὺματος
3600 1345 3743 1402 οὖσα

2163 1452 2458 1522 περικοπὴ.
2498 1450 2576 1513 ὡς
2603 1451 2662 1503 τὸ
2695 1452 2910 1521 πρῶτον
2960 1450 3149 1519 ἐδήλου
3184 1465 3265 1501 σοι
3300 1446 3397 1514 τῆς
3433 1442 3741 1511 ἀναφορᾶς,

2166 1545 2341 1613 μέγαν
2371 1546 2573 1612 μεταξύ
2618 1563 2713 1597 σου
2743 1545 2840 1597 καὶ
2869 1544 2982 1595 τῶν
3010 1539 3525 1610 ἀντιδιατιθεμένων
3554 1536 3742 1601 ἵστησι

2162 1639 2251 1689 τὸν
2308 1636 2542 1703 ἀγῶνα*
2607 1636 2701 1688 σοῦ
2768 1636 2865 1704 μὲν
2923 1632 3331 1702 διενισταμένου
3379 1624 3413 1698 ἦ
3480 1629 3585 1697 μὴν
3640 1625 3745 1687 τὰς

2160 1727 2393 1791 ἐντελῶς
2444 1728 2519 1791 ὡς
2581 1728 2815 1780 ἐνταῦθα
2877 1728 2973 1779 καὶ
3030 1725 3467 1793 ἀναγέγραπται,
3529 1717 3745 1784 ταύτην

2162 1819 2391 1888 ἐχούσας
2427 1819 2642 1887 βίϐλους
2692 1819 2754 1870 τὸ
2791 1817 3011 1885 βέϐαιον
3038 1816 3247 1883 αὐχεῖν,
3282 1810 3379 1864 καὶ
3411 1807 3747 1879 ἀπαρεγχεέο

480 1902 584 1957 est,
647 1895 949 1955 continent,
980 1896 1289 1951 ﬁrmitatem
1341 1899 1440 1954 sibi
1475 1900 1772 1965 vindicare,
1811 1918 1909 1956 nec
1967 1903 2058 1956 ulli

2168 1928 2349 1980 ρητον,
2372 1911 2483 1963 τῶν
2502 1909 2560 1963 δέ
2582 1927 2646 1978 γε
2672 1910 2743 1962 δι’
2772 1909 3025 1970 ἐναντίας
3053 1906 3225 1960 πολλὰ
3249 1902 3743 1974 διισχυριζομένων

481 1985 770 2040 calumnia:
802 1988 999 2055 sul-.jici
1035 2007 1048 2041 :
1083 1988 1157 2042 illi
1198 2004 1326 2044 vero
1366 2005 1434 2044 ex
1480 1991 1710 2047 adverso
1736 1992 1841 2047 alia
1890 2003 2059 2062 atque

481 2079 608 2142 alia,
645 2082 806 2134 etiam
834 2080 994 2149 longe
1026 2082 1247 2135 aliunde
1277 2085 1463 2150 petita,
1530 2084 1874 2139 eontentiose
1925 2101 2058 2155 pro-

481 2171 705 2232 ducant,
767 2174 957 2236 libros,
1018 2175 1110 2242 qui
1158 2174 1357 2228 similia
1405 2175 1716 2241 continent,
1789 2177 2057 2234 falsidicis

481 2262 713 2317 fallat-iis
762 2280 989 2331 prorsus
1043 2276 1275 2321 onustos
1315 2280 1455 2330 esse,
1496 2268 1549 2321 in
1587 2268 1653 2323 iis
1688 2285 1883 2340 nempe
1937 2288 2058 2342 qure

478 2367 753 2420 asserunt,
816 2375 835 2407 ι
882 2355 1165 2427 Tanquam
1212 2359 1303 2428 qui
1364 2359 1433 2413 ab
1489 2374 1577 2424 eo,
1635 2362 1779 2431 quod
1833 2363 1923 2427 sit,
1966 2364 2061 2417 ha-

478 2443 591 2504 bet.
620 2449 765 2501 etab
815 2463 880 2501 eo
900 2449 1118 2518 accipit,
1168 2457 1223 2503 et
1264 2448 1418 2504 nobis
1476 2454 1783 2511 annuntiat.
1816 2464 1871 2507 et
1906 2471 2058 2521 pror-

478 2550 576 2590 sus
622 2537 696 2591 illi
752 2554 933 2596 causa:
968 2541 1253 2605 adhaeret;
1300 2561 1317 2592 ι
1360 2542 1451 2611 qtti
1508 2558 1636 2596 vero
1682 2544 1883 2600 similia
1943 2564 2054 2603 nou

480 2629 700 2695 habent,
738 2641 793 2685 et
821 2649 883 2686 ex
919 2634 1121 2703 quibus
1156 2634 1283 2688 talia
1306 2634 1712 2702 ahjudicantur,
1735 2638 2056 2695 verissimos

2162 2002 2430 2071 ἑτέρωθεν
2469 2002 2566 2064 τὰς
2597 2002 2695 2071 μὲν
2726 2001 2896 2064 οὕτως
2931 1998 3168 2071 ἐχούσας
3200 1998 3447 2066 ἀκριϐῶς
3490 1990 3743 2046 νενοθεῦ-

2161 2092 2310 2155 σθαι.
2347 2092 2434 2161 ἐφ’
2457 2088 2540 2155 οἷς
2569 2085 2729 2146 αὗται
2768 2092 2851 2157 τὸ,
2911 2111 2929 2143 ι
2976 2089 3107 2159 παρ’
3140 2088 3306 2141 αὑτοῦ
3336 2088 3396 2139 τὸ
3426 2082 3563 2137 εἷναι
3592 2080 3743 2149 ἕχον,

2160 2183 2256 2235 καὶ
2281 2184 2409 2253 παρ’
2435 2183 2602 2235 αὐτοῦ
2633 2182 2934 2251 λαμϐάνον,
2975 2181 3068 2233 καὶ
3099 2176 3429 2246 ἀναγγέλλον
3462 2175 3615 2244 ἡμῖν,
3644 2172 3745 2225 καὶ

2170 2273 2388 2343 ἐκείνης
2416 2274 2517 2342 τῆς
2538 2275 2718 2336 αἰτίας
2740 2272 3047 2343 ἐξημμένον
3076 2290 3094 2322 ι
3121 2267 3558 2336 διαλαμϐάνουσι
3592 2279 3605 2294 ·
3639 2262 3745 2325 τὰς

2163 2366 2220 2419 δὲ
2255 2365 2330 2436 μὴ
2369 2367 2540 2428 οὕτως
2571 2366 2826 2437 ἐχούσας,
2873 2359 2949 2419 ὧν
2993 2364 3164 2417 ταῦτα
3207 2361 3407 2431 δηλαδὴ
3447 2357 3747 2425 διαγέγρα-

2164 2476 2318 2523 πται,
2352 2459 2443 2511 καὶ
2479 2460 2623 2529 μάλα
2648 2459 2709 2512 τὸ
2750 2459 2948 2529 ἀληθὲς
2975 2458 3121 2528 ἔχειν
3152 2458 3246 2511 καλ
3273 2451 3574 2524 ἀκραιφνές
3598 2468 3612 2483 ⁸
3645 2449 3746 2503 καὶ

2137 2535 2244 2603 ’ὅτι
2286 2553 2404 2618 μὲν,
2437 2555 2516 2612 είς
2550 2553 2645 2605 δύο
2674 2550 2819 2605 οὕτω
2850 2552 2994 2619 μέρη
3028 2549 3333 2618 γινομένων
3378 2545 3487 2597 τῶν
3521 2542 3743 2614 βίϐλων,

2163 2642 2222 2694 ἓν
2260 2643 2541 2697 ὁποιονοῦν
2572 2661 2625 2697 τι
2689 2644 3019 2705 νενόθευται,
3078 2640 3357 2711 δηλονοτιὴ
3396 2637 3490 2690 καὶ
3529 2633 3739 2703 τυφλῷ.

476 2733 543 2774 ac
575 2722 977 2780 sincerissimos
1013 2739 1175 2780 esse:
1214 2731 1288 2787 et,
1323 2723 1461 2779 duas
1490 2725 1569 2780 sic
1598 2724 1651 2778 in
1689 2735 1873 2795 partes
1913 2727 2071 2784 libris
2104 2729 2322 2798 divisis,
2361 2749 2523 2789 unam
2563 2749 2787 2802 prorsus
2853 2734 3215 2787 adulteratam
3272 2742 3414 2791 esse,
3447 2724 3527 2779 vel
3563 2722 3747 2779 caecus

477 2815 697 2872 viderit.

551 2908 601 2963 3.
657 2910 793 2963 Cum
868 2928 994 2964 vero
1041 2922 1095 2967 et
1145 2923 1417 2969 accurata‘
1476 2917 1957 2981 considerationis,
2008 2929 2063 2971 et

478 3003 751 3057 sermonis
800 3005 893 3072 qui
933 3005 1091 3059 Iidem
1127 3006 1290 3060 faciat
1314 3006 1381 3061 ad
1414 3007 1799 3065 inveniendam
1859 3010 2059 3065 verita—

2242 2896 2510 2984 γ’.”Επεὶ
2565 2917 2621 2970 δὲ
2656 2917 2974 2985 σκέμματος
3006 2914 3269 2984 ἀκριϐοῦς
3330 2913 3429 2981 τῆς
3479 2910 3747 2979 ἀληθείας

2168 3011 2303 3078 πρὸς
2336 3008 2574 3079 εὕρεσιν,
2617 3010 2709 3060 καὶ
2742 3008 2901 3075 λόγου
2927 3007 3181 3060 πιστικοῖ
3208 3005 3386 3074 χρεία,
3424 3004 3515 3057 τὸν
3558 3020 3744 3056 πιστι-

478 3101 613 3155 tem,
648 3108 789 3163 opus
815 3103 908 3155 sxt,
940 3109 1040 3150 nos
1072 3110 1385 3151 sermonem
1442 3098 1608 3162 hunc,
1661 3100 1752 3168 qui
1786 3102 1879 3164 sit,
1915 3101 2055 3157 duo-

2165 3102 2262 3153 κὸν
2290 3102 2480 3154 τοῦτον
2509 3101 2667 3167 λόγον
2702 3101 2865 3168 ἡμεῖς
2914 3098 3036 3151 δυσὶ
3070 3098 3283 3155 τούτοις
3324 3095 3572 3165 τρόποις,
3609 3097 3730 3155 καὶ.

478 3183 584 3238 bus
638 3184 797 3240 hisce
849 3186 1049 3253 modis,
1098 3198 1173 3254 et,
1237 3200 1297 3243 ut
1318 3204 1417 3258 ego
1467 3207 1614 3256 reor,
1642 3194 1844 3263 quibus
1895 3210 2060 3250 nemo

478 3276 896 3343 contradixerit,
947 3278 1121 3334 altero
1170 3281 1471 3335 secundum
1531 3282 1991 3354 judicium,quod
2030 3303 2057 3341 a

466 3368 790 3421 rationibus
824 3370 1050 3433 petitur,
1077 3370 1250 3425 altero
1294 3372 1596 3427 secundum
1635 3373 2061 3432 demonstratio-

482 3475 628 3523 nem,
662 3460 753 3528 qui
782 3476 846 3514 ex
881 3461 1186 3531 Scripturis
1229 3464 1525 3533 colligitur,
1581 3466 1954 3535 expediemus.
1995 3467 2061 3524 Et

479 3553 703 3607 nuncin
743 3551 821 3605 tui
853 3552 1081 3619 gratiam
1117 3553 1184 3609 de
1220 3555 1410 3609 iisdem
1449 3557 1686 3626 agimus,
1724 3557 2060 3629 eosdemque

481 3644 545 3697 ad
579 3643 1005 3699 eoul‘utationem
1039 3648 1479 3703 adversariorum
1530 3649 1836 3719 promimus
1866 3668 1881 3718 ;
1919 3668 2060 3723 prae-

480 3749 676 3807 catque
727 3741 819 3809 qui
865 3756 893 3795 a
949 3741 1466 3799 ratiocinationibus
1495 3753 1599 3799 est.
1634 3743 1738 3810 Qui
1785 3746 2059 3800 contraria

480 3840 755 3892 asserunt,
783 3832 940 3895 illud,
985 3852 1003 3883 ‹
1042 3836 1184 3902 quod
1220 3833 1288 3889 ab
1324 3834 1463 3903 ipso,
1496 3833 1642 3904 quod
1674 3836 1769 3901 sit,
1815 3835 2002 3903 habet,
2036 3856 2054 3888 ι

482 3931 534 3973 «ει
567 3922 806 3992 reliquas
850 3924 984 3978 alias
1042 3939 1224 3988 voces,
1270 3942 1389 3995 qua!
1434 3924 1634 3981 Filium
1673 3941 1894 3982 causam
1941 3943 2063 3984 esse

486 4011 745 4079 Spiritus,
807 4022 993 4081 aperte
1053 4015 1355 4077 insinuant,
1424 4014 1612 4070 Basilii
1679 4016 1859 4087 Magni
1908 4019 2060 4073 nullo

480 4105 643 4156 modo
666 4118 810 4167 esse,
844 4103 1135 4158 aﬂirmant.
1168 4103 1341 4175 llujus
1394 4107 1537 4161 ratio
1566 4108 1612 4162 si
1653 4108 1959 4177 postuletur
1993 4111 2062 4163 ab

479 4194 592 4258 ιιι-ι,
650 4212 757 4250 non
794 4196 881 4252 illa
938 4198 1194 4253 omnibus
1252 4198 1306 4252 in
1368 4200 1527 4254 libris
1581 4199 1949 4265 circumferri,
2004 4200 2059 4254 in

476 4289 681 4357 quibus
712 4290 827 4343 haec
884 4290 1172 4344 continens
1227 4292 1403 4345 oratio
1446 4302 1670 4346 exarata
1729 4301 1834 4357 est,
1870 4302 1923 4346 et
1957 4293 2063 4347 hoc

477 4381 822 4436 solummodo
864 4381 1083 4437 abunde
1126 4383 1262 4438 satis
1297 4398 1420 4438 esse
1465 4374 1786 4438 existimant
1833 4383 1900 4438 ad
1964 4384 2062 4438 de-

2163 3194 2239 3251 ὡς
2296 3187 2534 3263 ἐγῷμαι,
2593 3194 3031 3265 άναντιῤῥήτοις,
3090 3191 3439 3259 εὑρίσκομεν,
3498 3189 3578 3241 ἐνὶ
3639 3190 3739 3257 μὲν

2165 3272 2307 3339 κατὰ
2335 3287 2520 3355 κρίσιν
2546 3284 2921 3354 εὑρισκομὲνῳ
2950 3285 3051 3354 τὴν
3087 3284 3195 3336 ἀπὸ
3223 3282 3523 3350 λογισμῶν,
3560 3283 3735 3352 ἑτέρῳ

2162 3380 2219 3432 δὲ
2247 3379 2368 3431 κατ’
2398 3378 2678 3441 ἀπόδειξιν
2711 3375 3065 3445 συναγομένῳ
3093 3376 3191 3445 τὴν
3213 3376 3322 3428 ἀπὸ
3350 3377 3455 3428 τῶν
3480 3375 3733 3445 Γραφῶν,

2161 3470 2292 3537 περὶ
2325 3463 2400 3522 ὦν
2451 3468 2513 3538 δή
2556 3484 2640 3520 σοι
2685 3468 2781 3520 καὶ
2828 3467 3087 3534 λέγομεν,
3118 3466 3211 3517 καὶ
3246 3463 3340 3527 οὓς
3384 3464 3447 3533 δή
3482 3481 3565 3516 σοι
3603 3464 3741 3533 πρὸς

2163 3559 2483 3629 ἀποτροπὴν
2506 3559 2613 3611 τῶν
2635 3558 2896 3611 ἐναντίων
2913 3557 3339 3627 παραδιδόαμεν.
3371 3556 3730 3627 Προηγείσθω

2163 3651 2218 3703 δὲ
2246 3651 2272 3702 ὁ
2306 3649 2411 3703 άπδ
2441 3647 2747 3716 λογισμῶν..
2779 3645 2887 3699 Τοῦ
2925 3645 3165 3716 μεγάλου
3208 3646 3517 3709 Βασιλείου,
3549 3647 3600 3698 οί
3637 3646 3740 3698 ἀν-

2163 3739 2499 3803 τιδικοῦντες
2550 3757 2735 3802 φασιν,
2797 3738 2914 3791 ἐστὶ
2952 3737 3012 3789 τὸ
3047 3755 3066 3788 ι
3107 3736 3241 3804 Παρ’
3284 3736 3448 3788 αὑτοῦ
3496 3736 3560 3790 τὸ
3599 3732 3740 3790 εἶναι

2162 3835 2307 3903 ἔχον,
2345 3851 2364 3884 ι
2400 3833 2493 3885 καὶ
2544 3832 2667 3884 ὅσαι
2693 3830 2850 3884 ἄλλαι
2885 3830 2977 3882 τὸν
3010 3828 3140 3882 Υίὸν
3174 3828 3350 3893 λέξεις
3395 3829 3573 3881 αἴτιον
3609 3845 3745 3896 προ-

2165 3929 2347 3997 φανῶς
2385 3924 2608 3997 δηλοῦσι
2640 3927 2734 3976 τοῦ
2765 3921 3101 3989 Πνεύματος.
3138 3922 3247 3975 Καὶ
3274 3923 3360 3984 τίς
3394 3923 3428 3990 ἡ
3464 3919 3742 3985 ἀπόδειξις

2163 3985 2536 4086 ἐρωτώμεθα
2556 4015 2630 4068 Τὸ
2664 4014 2738 4084 μὴ
2769 3985 2997 4077 πάσαις,
3028 4015 3183 4082 φασὶ,
3210 4015 3333 4074 ταῖς
3386 3985 3591 4081 βίϐλοις
3614 4013 3745 4066 ταύ-

2161 4127 2284 4172 ταις
2316 4107 2679 4178 ὲμνρέρεσθαι,
2709 4102 2796 4169 αἷς
2818 4109 2848 4160 ὁ
2881 4106 2982 4176 τὴν
3030 4106 3287 4178 ῥηθεῖσαν
3327 4105 3611 4172 θεολογίαν
3648 4122 3747 4157 περ

2166 4203 2362 4272 ριέχων
2407 4201 2563 4267 λόγος
2619 4200 3154 4268 κεκαλλιγράψηται.
3202 4200 3310 4251 Καὶ
3360 4196 3522 4251 τοῦτο
3576 4199 3738 4266 μόνον

2164 4294 2447 4363 ἀρκοῦσαν
2479 4288 2618 4345 εἶναι
2668 4291 2945 4355 ἀπόδειξιν
3002 4291 3206 4343 οἴονται
3266 4288 3362 4341 τοῦ
3398 4289 3743 4358 διεφθορότος

2165 4384 2275 4438 τῶν
2302 4384 2401 4454 τὴν
2434 4385 2594 4453 ῥῆσιν
2621 4383 2881 4451 ἐχουσῶν,
2911 4381 2989 4443 ὼς
3021 4382 3116 4435 καὶ
3161 4376 3550 4435 ἀνατέτακται.
3599 4379 3744 4448 Ἐγὼ

394 4472 397 4475 ’
476 4471 893 4525 monstrandum
929 4472 1132 4525 dictum
1168 4473 1370 4538 simile,
1405 4473 1705 4529 referent-3s
1753 4473 1947 4536 libros,
1990 4484 2056 4526 ut

2165 4476 2219 4527 δέ
2249 4492 2393 4544 φημι
2418 4475 2511 4536 ὼς,
2532 4475 2597 4549 ⁸εί
2628 4473 2726 4543 μὲν
2753 4472 2863 4525 οὐδ’
2888 4473 3023 4535 ὅλως
3053 4474 3112 4525 ὲν
3134 4472 3366 4541 οὐδεμιᾷ
3398 4471 3503 4525 τῶν
3547 4471 3743 4541 βίϐλων

477 4575 641 4630 supra
673 4563 905 4627 positum
944 4572 1048 4627 est,
1102 4575 1393 4633 corruptos
1448 4565 1620 4621 fuisse
1654 4584 1668 4620 :
1702 4577 1893 4620 contra
1947 4568 2061 4635 ipse

480 4653 774 4717 eouteudo,
810 4653 854 4706 si
892 4655 1040 4708 nullo
1087 4654 1139 4708 iu
1173 4657 1454 4712 volumine
1518 4659 1725 4712 dictum
1779 4655 1883 4712 hoc
1915 4668 2061 4712 esset

479 4755 786 4804 exaratum,
820 4760 941 4799 esse
993 4762 1114 4815 qua:
1161 4747 1228 4800 de
1261 4762 1326 4800 eo
1376 4748 1558 4803 all‘erri
1598 4757 1853 4819 possent,
1908 4751 2057 4804 onmi

478 4835 791 4904 obiectione
819 4837 1126 4906 superiora.
1167 4838 1549 4894 Verumtamen
1583 4856 1705 4895 eum
1738 4840 1791 4894 in
1820 4840 2061 4894 nonnul-

478 4928 548 4983 lis
598 4944 705 4982 nou
757 4929 1042 4995 habeatur,
1079 4932 1132 4985 in
1196 4933 1478 4986 nonnullis
1542 4932 1666 4986 aliis
1736 4932 2055 4997 inseratur;

480 5022 939 5076 cmtsideramlum
966 5032 1048 5078 est
1079 5025 1146 5078 ab
1173 5026 1263 5088 iis,
1303 5025 1395 5093 qui
1455 5032 1709 5078 neutram
1744 5024 1799 5077 in
1845 5030 2056 5093 partem

479 5113 842 5182 propendent,
870 5122 922 5166 el
954 5124 1098 5170 recta
1122 5125 1301 5169 mente
1323 5131 1410 5170 res
1442 5115 1768 5182 dijudit‘ant,
1798 5131 2052 5183 quamam

478 5220 605 5272 pars
641 5205 977 5259 voluminum
1004 5219 1263 5277 corrupta
1304 5207 1417 5271 sit;
1456 5221 1525 5260 an
1558 5222 1621 5261 ea
1652 5208 1705 5259 in
1742 5207 1946 5277 quibus
1974 5207 2058 5260 in-

480 5304 720 5365 tegrum,
767 5306 829 5350 ut
871 5313 1033 5368 supra
1078 5298 1401 5369 posuimus,
1464 5297 1781 5365 ascribitur,
1839 5313 1908 5352 an
1928 5311 2061 5352 vero

478 5389 728 5445 alterain
760 5390 961 5460 quibus
1003 5404 1276 5457 nusquam
1324 5399 1569 5459 apparet.
1621 5388 1725 5454 Qui
1756 5390 1930 5445 enim‘
1958 5391 2061 5445 hac

476 5478 690 5534 ratione
714 5495 824 5535 rem
854 5480 1222 5550 perpendunt,
1244 5479 1404 5548 plane
1426 5479 1558 5533 mihi
1587 5479 1812 5545 suadeo,
1832 5495 2061 5536 summae

476 5571 713 5626 vesania:
768 5581 952 5626 notam
1018 5572 1297 5627 incurrere
1329 5610 1346 5637 ,
1398 5571 1445 5627 si
1499 5572 1775 5627 volumina
1851 5573 2057 5627 dictum

476 5660 847 5729 praeferentia,
884 5662 1118 5719 conﬁcta
1169 5662 1504 5718 existiment.
1565 5661 1810 5733 Namque
1844 5665 1889 5720 si
1937 5675 2062 5734 post

476 5752 761 5808 dissidium
787 5769 910 5809 cum
946 5756 1191 5809 Romana
1225 5752 1489 5821 Ecclesia,
1514 5755 1795 5811 volumina
1821 5756 1927 5810 ista
1967 5772 2059 5809 ex-

484 5847 683 5915 scripta
724 5856 871 5911 sunt,
905 5850 1179 5916 quomodo
1212 5849 1509 5918 quiSpiam,
1541 5848 1841 5903 dummodo
1883 5863 2054 5903 sanus

2171 4568 2203 4632 ἡ
2247 4567 2402 4636 ῥῆσις
2430 4565 2720 4635 ὲνεφέρετο
2760 4564 2924 4632 αὕτη,
2951 4561 3095 4634 ἦσαν
3126 4564 3193 4617 ἂν
3226 4566 3322 4616 καὶ
3351 4566 3530 4633 πάσης
3559 4567 3717 4634 ἀντιῤ

2170 4660 2381 4727 ρήσεως
2409 4658 2659 4727 ἀνώτερα
2698 4656 2770 4711 τά
2801 4657 2931 4726 περὶ
2975 4655 3150 4723 αὐτῆς
3174 4670 3191 4687 ⁸
3219 4657 3344 4707 ἐπεὶ
3375 4656 3434 4708 δὲ
3491 4655 3603 4707 τῶν
3641 4655 3745 4722 μὲν

2165 4750 2593 4819 διαγέγραπται,
2616 4750 2737 4811 ταῖς
2766 4749 2824 4800 δὲ
2880 4749 2991 4801 τῶν
3018 4747 3220 4818 βίϐλων
3264 4748 3585 4817 ἐμφέρεται,
3621 4763 3747 4798 σκο-

2169 4841 2290 4890 πεῖν
2320 4839 2401 4891 δεῖ
2426 4840 2552 4900 τοὺς
2587 4839 2853 4909 ἀρρεπεῖς
2888 4854 2948 4891 τε
2985 4838 3083 4891 καὶ
3107 4837 3536 4906 εὐθυγνώμονας
3561 4838 3744 4889 ὁποῖον

2173 4930 2336 5000 μέρος
2385 4929 2493 4982 τῶν
2539 4929 2739 5000 βίϐλων
2786 4928 3126 4991 νενόθευται,
3157 4923 3269 4998 ἆρά
3307 4943 3369 4993 γε
3405 4927 3466 4978 τὸ
3493 4927 3624 4994 παρ’
3657 4920 3746 4988 αἷς

2168 5026 2201 5092 ἡ
2242 5024 2402 5094 ῥῆσις
2433 5023 2661 5085 ἐντελῶς
2689 5020 2835 5076 οὕτω
2859 5024 3065 5084 κεῖται,
3098 5020 3174 5081 ὡς
3208 5019 3305 5073 καὶ
3334 5018 3582 5087 εἴρηται,
3623 5017 3655 5085 ἢ
3682 5018 3744 5068 τὸ

2171 5118 2300 5187 παρ’
2331 5114 2419 5180 αἷς
2448 5118 2600 5170 ἔστιν
2638 5119 2671 5186 ἡ
2719 5117 3030 5186 ἀφαίρεσις.
3066 5114 3191 5176 Τοῖς
3235 5114 3344 5182 γὰρ
3368 5111 3511 5166 οὕτω
3538 5128 3603 5177 γε
3632 5111 3748 5164 δια-

2171 5210 2568 5279 σκοπουμένοις
2629 5207 3035 5277 διαγνωσθῆναι
3112 5206 3425 5273 πέπεισμαι
3495 5202 3746 5271 ἀκριϐῶς

2168 5301 2369 5371 πολλῆς
2417 5301 2519 5370 τῆς
2575 5299 2918 5369 ἠλιθιότητος
2950 5298 3147 5367 γέμειν
3194 5296 3257 5349 τὺ
3309 5294 3518 5349 οἴεσθαι
3547 5294 3648 5359 τὰς
3683 5293 3745 5346 τδ

2169 5393 2382 5457 ἐντελὲς
2405 5394 2635 5463 ἐχούσας
2665 5392 2878 5460 βίϐλους
2899 5390 3233 5444 πεπλάσθαι.
3261 5390 3324 5442 Εἰ
3351 5389 3450 5459 μὲν
3467 5388 3577 5457 γὰρ
3607 5386 3749 5457 μετὰ

2167 5483 2266 5554 τὴν
2288 5485 2389 5553 τῆς
2428 5485 2748 5554 Ῥωμαῖκῆς
2795 5482 3125 5553 Ἑκκλησίας
3154 5480 3439 5535 διάστασιν
3485 5481 3542 5533 ai
3574 5479 3748 5550 βίϐλοι

2169 5576 2492 5646 ἐγράφησαν
2525 5570 2709 5639 αὗται,
2747 5575 2867 5638 πῶς
2905 5576 2972 5629 ἄν
3021 5590 3108 5636 τις
3141 5572 3237 5625 τοῦ
3264 5572 3363 5625 καὶ
3405 5570 3621 5641 φρενῶν
3653 5570 3750 5623 κύ-

2173 5684 2287 5736 ριος
2315 5668 2528 5734 δέξαιτο
2557 5668 2685 5730 τοὺς
2718 5668 2777 5721 ὲν
2802 5665 2979 5737 καιρῷ
3009 5668 3112 5732 τῆς
3150 5663 3356 5735 μεταξὺ
3385 5662 3496 5717 τῶν
3518 5662 3749 5731 Ἐκκλη-

2171 5760 2301 5813 σιῶν
2336 5762 2514 5831 μάχης
2536 5761 2661 5824 τοὺς
2685 5762 2815 5830 παρ’
2841 5761 2974 5829 ἡμῖν
2994 5757 3309 5829 γράφοντας
3335 5754 3553 5825 βίϐλους
3575 5753 3608 5823 ἢ
3643 5770 3749 5806 πα-

2171 5852 2513 5919 ρεντίθεσθαί
2564 5870 2612 5904 τι
2662 5854 2783 5915 ταῖς
2835 5851 3039 5915 βίϐλοις
3087 5849 3267 5917 ἡμῶν,
3304 5850 3415 5911 τοῖς
3451 5846 3746 5907 ἀντιδίκοις
