4054 6438
340 420 453 486 313

1232 428 1332 487 AD
1368 427 1853 491 THEOhOIlUM
1886 427 2228 489 SUGD‘E/E
2264 430 2498 491 EPISC.
2537 430 2681 491 LIB.
2718 429 2801 490 II.

3493 421 3602 486 316

339 534 449 603 τὴν
483 533 606 589 καθ’
633 535 790 608 ἡμῶν
825 537 982 609 ίσχϋν
1026 537 1443 609 παρεχόμενονς
1484 540 1548 592 Et
1584 541 1640 594 δὲ
1669 543 1775 606 πρὸ
1821 540 1920 606 τῆς
1952 573 1962 598 λ

2047 542 2118 608 .ἰι,
2146 552 2199 597 et
2227 543 2444 598 animus
2477 545 2621 598 illius
2674 558 2784 597 non
2842 541 2965 596 sita
3000 539 3267 609 sapientia
3330 546 3599 601 remotus,

339 625 706 692 διαστάσεως,
740 630 863 682 τίνα
898 630 964 684 ἂν
998 630 1110 700 ἔχοι
1133 631 1293 698 λόγον
1317 632 1416 693 τὰς
1449 630 1667 701 βίϐλους
1712 631 1927 685 νοθεύε-

344 716 478 778 σθαι
508 718 601 770 ἐπ’
635 720 868 783 ἐκείνοις
900 725 1015 784 τοῖς
1044 722 1224 790 λόγοις
1264 724 1358 775 καὶ
1387 723 1647 791 δόγμασι,
1683 724 1813 792 περὶ
1851 718 1927 775 ὧν

341 809 505 862 οὐδὲν
532 809 757 881 ζήτημα
779 808 887 883 ἦνς
921 814 988 868 δι’
1017 816 1199 867 ὁποῖόν
1230 833 1283 868 τι
1313 817 1458 868 ἔστιν
1489 818 1577 869 ὅτε
1620 816 1714 868 καὶ
1750 832 1929 883 παρα-

347 899 619 968 φέρονταί
643 917 792 964 τινες
825 904 965 972 πρὸς
996 906 1338 973 κακουργίαν
1363 907 1596 960 τοιάνδε.
1628 906 1766 959 Οῠτε
1793 905 1927 972 γοῦν

348 990 377 1039 6
422 989 525 1054 τῆς
581 991 761 1061 μάχης
801 993 991 1063 χρόνος
1017 992 1141 1047 οὔτε
1192 998 1220 1048 6
1254 998 1352 1064 τῆς
1383 998 1609 1067 εἰρήνης
1655 1002 1930 1067 συγχωρεῖ

355 1082 769 1148 παραδέξασθαι
817 1084 918 1147 τὰς
967 1086 1066 1152 τὴν
1098 1087 1259 1156 ῥῆσιν
1294 1089 1527 1151 ἐντελῶς
1582 1092 1813 1159 ἐχούσας
1851 1092 1932 1159 βία

352 1172 513 1234 ϐλους
545 1175 625 1235 εἰς
655 1175 981 1246 προσθήκην
1010 1178 1326 1246 νοθευθῆναι
1355 1183 1805 1247 παρέγγραπτον,
1831 1186 1930 1245 τὰς

351 1262 409 1312 δὲ
444 1264 518 1330 μὴ
546 1264 692 1316 οὕτω
721 1267 813 1318 καὶ
853 1268 997 1334 μάλα
1035 1266 1267 1330 βεϐαίως
1310 1269 1338 1322 6
1379 1273 1603 1334 συνετὸς
1635 1273 1931 1339 διαγνώσε-

350 1367 445 1403 ται
476 1355 538 1403 τὸ
567 1353 689 1405 κατ’
718 1354 1017 1422 ἀφαίρεσιν
1057 1358 1149 1409 καὶ
1195 1357 1504 1430 διαγραφὴν
1547 1362 1932 1428 νενοθευμένον

352 1444 523 1511 ἔχειν,
561 1446 657 1496 καὶ
707 1446 982 1515 κίϐδηλον.
1027 1450 1182 1502 Ἐπεὶ
1226 1452 1334 1521 γὰρ
1380 1456 1407 1506 6
1456 1454 1557 1523 τῆς
1586 1456 1932 1521 διαστάσεως

359 1535 558 1603 χρόνος
607 1538 687 1599 είς
737 1539 1104 1619 ἑκατοντάδας
1137 1541 1267 1605 ὅλας
1301 1545 1439 1598 ἐτῶν
1484 1548 1786 1617 παρετάθη,
1840 1552 1932 1603 καὶ

358 1627 461 1678 οὐκ
488 1626 663 1693 ὀλίγοι
695 1628 1044 1700 ἀνεφάνησαν
1079 1632 1168 1686 διὰ
1215 1635 1384 1702 μέτου
1412 1637 1748 1701 ἐνστατικῶς
1787 1643 1931 1694 πάνυ

365 1720 500 1787 πρδς
524 1718 753 1786 λογικὰς
781 1719 1047 1787 διαλέξεις
1080 1724 1223 1776 κατὰ
1251 1725 1362 1776 τῶν
1406 1726 1698 1793 Ῥωμαίων
1728 1730 1936 1784 ἁιποδυ-

372 1811 593 1883 σάμενοι
644 1813 759 1865 τῶν
803 1812 947 1882 μάλα
1004 1817 1230 1870 εἰκότων
1280 1817 1544 1886 λογιεῖται
1593 1839 1676 1883 τις
1704 1821 1929 1892 βίϐλων,

365 1900 528 1953 τινῶν
551 1901 925 1972 διαγραφῆναι
951 1907 1113 1975 ῥῆσιν
1141 1907 1378 1976 ἐκείνην,
1406 1909 1466 1973 ἐξ
1491 1905 1559 1980 ἦς
1581 1912 1681 1964 οὐκ
1704 1914 1935 1984 ἀγεννὴς
1970 1901 2008 1954 Β

360 1994 390 2043 ὁ
413 1991 633 2063 ἔλεγχος
667 1995 1030 2063 ἀναφαίνεται
1062 1998 1171 2051 τῶν
1203 2001 1300 2071 τὴν
1345 2001 1632 2055 διάστασιν
1669 2005 1780 2058 τῶν
1815 2007 1937 2059 Ἐκ-

361 2085 606 2156 κλησιῶν
632 2089 1071 2144 ἐπισπευδόντων
1105 2090 1295 2162 ὥσπερ
1330 2095 1425 2147 καὶ
1475 2096 1936 2168 ἐπισυγκροτούνο

354 2194 498 2233 των.
532 2180 630 2232 Διά
653 2181 787 2247 γοῦν
833 2180 1008 2235 ταῦτα
1055 2183 1180 2253 ἐμοὶ
1233 2187 1373 2247 τέως
1410 2187 1561 2240 δοκεῖ
1581 2189 1673 2241 τὶν
1702 2192 1823 2253 ταῖς
1859 2192 1941 2261 βί-

355 2267 514 2331 ϐλοις
542 2269 988 2339 ἐπιγραφόμενον
1031 2271 1132 2338 τὴν
1170 2272 1558 2344 παραφθορὰν,
1591 2270 1679 2338 αἷς
1712 2277 1941 2340 ἐντελῶς

353 2362 390 2428 ἡ
418 2361 584 2430 ῥῆσις
602 2363 806 2426 κεῖται,
824 2362 901 2424 ὡς
924 2363 1425 2432 προανατέτακται,
1452 2369 1657 2429 κοιναῖς
1683 2367 1942 2439 ἄντικρυς

353 2454 602 2515 ἐ·.νοὶαις
637 2454 948 2522 μαχόμενον
998 2455 1310 2521 φαίνεσθαι,
1349 2456 1426 2517 ὡς
1475 2456 1567 2508 τὸν
1599 2459 1943 2526 πειρώμενον

352 2545 455 2591 τίν
485 2540 638 2607 ἥλιον
690 2543 1138 2596 διαϐεϐαιοῦσθαι
1177 2545 1406 2604 σκότους
1450 2543 1593 2599 εἶναι
1633 2549 1939 2617 ποιητικὸν,

353 2633 431 2684 τὰ
465 2631 611 2702 ὑπὲρ
635 2631 736 2700 γῆν
763 2633 1142 2698 διιππεύοντα,
1185 2634 1279 2687 καὶ
1309 2635 1550 2705 πληροῦν
1582 2638 1743 2690 πάλιν
1767 2641 1944 2705 φωτὸς

353 2725 428 2776 τὰ
458 2725 732 2795 ἡμέτερα,
763 2727 820 2776 ἐν
844 2726 921 2794 τῷ
950 2726 1041 2778 τὸν
1068 2726 1284 2779 suum
1317 2727 1643 2799 ὑποτρέχειν
1667 2730 1941 2798 ὁρίζοντα.

355 2815 478 2869 Καὶ
506 2815 665 2883 λόγος
703 2834 793 2887 μοι
850 2816 1069 2887 πρῶτος
1133 2811 1311 2882 οὗτος,
1352 2813 1524 2889 οὗπερ
1569 2823 1688 2885 ἐνὸς
1732 2826 1946 2894 ἔφημεν

356 2911 509 2979 πρὸς
541 2909 864 2980 ἀποτροπὴν
898 2910 1007 2963 τῶν
1041 2911 1300 2965 ἐναντίων
1340 2915 1681 2984 παραδοῦναί
1709 2926 1791 2970 σσι
1824 2920 1948 2988 τρό-

358 3017 494 3054 ττου.
540 3000 602 3053 'O
631 3002 738 3071 γὰρ
783 3000 1034 3070 λογισμῷ
1072 3002 1277 3071 κρίνειν
1305 3003 1601 3073 δυνάμενος
1631 3005 1936 3078 δισταγμοῦ

357 3090 573 3153 παντὸς
600 3090 727 3160 δίχα
758 3091 1106 3154 πεποιθότως
1158 3093 1302 3147 πάνυ
1331 3095 1398 3147 τὰ
1428 3096 1698 3167 εἰρημένα
1729 3098 1947 3169 ἐπικρι-

355 3203 462 3239 νει.

357 3280 543 3345 prima
590 3280 728 3334 ratio
761 3281 922 3336 fuerit
951 3282 1016 3337 ad
1037 3282 1937 3364 adversariosfrelellendos,unius
1978 3306 2043 3346 ex
2114 3293 2221 3345 illis
2256 3294 2428 3347 modis
2468 3311 2481 3359 ;

2030 636 2300 697 admittet,
2330 645 2593 704 tempore,
2632 650 2745 704 quo
2770 635 2914 688 inter
2973 632 3249 687 Ecclesias
3298 628 3603 684 inimicitia:

2026 740 2370 792 exercentur,
2398 737 2712 784 nostrorum
2741 730 3008 782 librorum
3038 728 3403 787 exseriptores
3463 722 3605 775 omi‘

2032 821 2171 876 sisse
2217 832 2311 875 aut
2362 822 2687 890 apposuisse
2724 819 2928 888 aliquid
2969 820 3167 873 nostris
3197 814 3597 870 voluminibus.

2031 918 2172 983 quod
2201 918 2369 969 robur
2396 916 2730 970 adversariis
2762 914 2966 969 nostris
3020 913 3310 967 adversum
3337 924 3439 964 nos
3473 922 3606 961 con-

2031 1008 2291 1062 ciliasset.
2343 1007 2399 1061 Si
2448 1017 2572 1060 ante
2617 1007 2929 1067 dissidium,
2975 1021 3095 1073 qua:
3134 1019 3297 1057 eausa
3336 1001 3500 1055 fuerit
3530 999 3602 1050 li-

2034 1100 2161 1152 bros
2214 1100 2552 1153 adulterandi
2585 1100 2636 1152 in
2685 1097 3039 1151 sermonibus
3080 1097 3147 1148 iis
3177 1106 3340 1162 atque
3374 1095 3604 1159 dogma-

2035 1192 2203 1251 tibus,
2227 1192 2295 1244 de
2330 1191 2529 1259 quibus
2580 1191 2726 1243 nulla
2757 1190 2987 1256 quiestio
3019 1199 3161 1240 mota
3192 1196 3327 1245 erat,
3386 1195 3607 1253 prepter

2033 1296 2195 1347 quant
2228 1281 2523 1348 aliquando
2542 1281 2604 1332 ad
2630 1281 2828 1334 similia
2867 1279 3128 1331 malelicia
3165 1290 3435 1328 nonnemo
3486 1275 3607 1326 adi-

2034 1374 2177 1441 gitur
2213 1372 2237 1426 2
2268 1370 2452 1439 Neque
2519 1373 2703 1441 itaque
2740 1387 2932 1440 pugme
2969 1379 3186 1437 tempus
3238 1380 3411 1434 neque
3458 1365 3609 1432 pacis

2036 1465 2320 1534 permittit,
2374 1464 2809 1517 ntadmitlamns
2857 1462 3154 1520 volumina,
3202 1459 3406 1511 dictum
3471 1457 3610 1508 inte-

2035 1571 2191 1618 grum
2259 1555 2616 1615 continentia.
2704 1552 2982 1606 additione
3045 1551 3247 1604 inserta
3307 1547 3611 1600 adulterata

2037 1646 2247 1712 fuisse;
2296 1652 2352 1700 at
2385 1647 2499 1707 illa,
2523 1659 2641 1713 qua:
2674 1658 2781 1696 non
2815 1642 3119 1700 continent,
3166 1636 3406 1706 prudens
3442 1633 3611 1702 quili-

2037 1737 2127 1788 brt
2161 1746 2214 1789 et
2269 1751 2432 1804 quam
2477 1735 2783 1789 certissime
2834 1731 3084 1801 spurium
3121 1729 3276 1794 intfse
3309 1726 3511 1779 habere
3555 1730 3611 1778 et

2038 1828 2385 1895 ementitum,
2415 1835 2691 1898 agnoscet.
2721 1823 2957 1886 Etenim,
2989 1835 3113 1876 cum
3146 1818 3360 1876 dissidii
3397 1825 3613 1883 tempus

2038 1924 2102 1977 ad
2145 1937 2415 1976 annorum
2474 1932 2731 1975 centenas
2782 1918 3059 1986 periodos,
3098 1928 3305 1981 easque
3349 1911 3612 1976 integras,

2038 2024 2322 2069 extensum
2359 2013 2572 2077 fuisset,
2598 2021 2652 2066 et
2677 2010 2895 2065 interim
2926 2024 3031 2061 non
3072 2007 3226 2077 pauci
3272 2002 3614 2059 contentiose

2040 2106 2331 2159 almo-lum
2354 2104 2655 2159 dialecticis
2685 2100 3147 2172 disputationibus
3172 2100 3451 2151 Romanos
3477 2093 3613 2146 adeo

2040 2195 2782 2261 rirentur,verosimillimtun
2808 2193 3078 2262 quispiam
3103 2186 3516 2247 existimaverit,
3536 2183 3619 2236 di-

2040 2299 2185 2341 ctum
2218 2287 2347 2339 illud
2390 2286 2665 2354 aliquibus
2692 2284 3061 2338 voluminibus
3088 2282 3397 2357 ademptum
3424 2276 3612 2335 fuisse.

2041 2392 2152 2445 quo
2179 2378 2355 2431 valida
2384 2379 2516 2431 Satis
2550 2377 2804 2431 refutatio
2835 2392 3024 2431 eorum
3052 2373 3354 2436 enascitur,
3388 2370 3478 2437 qui
3508 2368 3615 2422 Ec-

2042 2469 2331 2522 clesiarum
2395 2468 2685 2521 dissidium
2746 2468 2991 2521 studiose
3032 2470 3351 2533 procurant,
3405 2468 3458 2513 et
3487 2473 3619 2511 eon-

2042 2559 2285 2612 stabilire
2326 2568 2620 2613 Conantur.
2661 2558 3007 2627 Quapropter
3061 2569 3209 2615 reor,
3243 2552 3337 2621 qui
3387 2546 3619 2601 Vulumi-

2044 2652 2202 2706 nibus
2232 2651 2435 2704 dictum
2486 2651 2875 2714 referentibus,
2930 2648 3334 2714 corruptionem
3367 2640 3618 2701 ascribit,

2044 2744 2097 2796 in
2139 2745 2339 2812 quibus
2390 2743 2595 2812 integra
2630 2744 2894 2797 sententia
2920 2742 3138 2810 legitur,
3166 2745 3221 2790 ut
3247 2750 3410 2804 supra
3448 2748 3620 2785 anno-

2044 2833 2303 2896 tarimus,
2342 2832 2518 2901 palam
2546 2841 2842 2901 aperteque
2875 2829 3264 2886 communibus
3301 2823 3620 2878 notionibus

2045 2925 2348 2989 adversari,
2402 2924 2866 3000 quemadmodum
2921 2926 3013 2992 qui
3047 2921 3214 2975 solem
3268 2914 3617 2972 tenebrarum

2044 3031 2165 3071 esse
2193 3027 2494 3081 auctorem,
2527 3018 2857 3070 confirmare
2889 3016 3098 3079 nititur,
3141 3027 3266 3067 cum
3320 3023 3482 3076 super
3515 3016 3626 3060 ter-

2047 3122 2198 3171 rena,
2243 3106 2474 3176 equitat,
2527 3115 2581 3161 et
2635 3117 2823 3161 nostra
2862 3106 2977 3159 haec
3009 3102 3194 3157 omnia
3229 3103 3434 3154 lumine
3474 3111 3625 3149 eom-

2045 3197 2218 3265 plere.
2271 3210 2394 3251 cum
2462 3198 2747 3251 occiduum
2812 3196 3087 3250 ﬁnientem
3151 3194 3318 3248 subit.
3399 3191 3462 3244 Et
3512 3190 3627 3241 haec

2548 3309 2687 3363 quos
2716 3292 2813 3346 tibi
2868 3291 3162 3345 tradendos
3193 3304 3313 3342 esse
3363 3287 3622 3341 diximus.

357 3373 604 3438 Etenim,
640 3375 731 3445 qui
771 3377 984 3432 ratione
1013 3379 1315 3447 diiudicare
1343 3381 1542 3449 poterit
1580 3382 1789 3452 absque
1853 3385 1959 3440 ulla
2023 3387 2365 3444 btesitatione
2418 3399 2794 3445 asseveranter
2848 3387 3011 3442 nimis
3039 3386 3205 3457 hdicla
3276 3386 3390 3438 haec
3442 3389 3625 3435 nostra

358 3466 644 3521 decernet.

439 3557 500 3613 δ’.
545 3561 747 3614 Λοιπὸν
775 3558 833 3612 δέ
867 3561 1000 3630 ἡμῖν
1030 3561 1243 3631 ἅπάρτι
1291 3563 1410 3617 ἐστὶ
1437 3566 1647 3619 καὶτοῦ
1681 3571 1823 3623 κατᾶ
1849 3570 1946 3640 τὴν
1972 3575 2016 3636 C

359 3656 475 3709 ἀπ’)
530 3656 638 3707 τῶν
693 3655 925 3725 γραφῶν
977 3656 1354 3724 συναγομένου
1387 3658 1664 3724 ἀπόδειξιν
1690 3662 1950 3732 δευτέρου

357 3748 570 3817 τρόπον
641 3747 1073 3816 ἐπιμνησθῆναι.
1139 3749 1200 3803 '0
1260 3749 1369 3818 γὰρ
1438 3752 1614 3822 μέγας
1664 3753 1949 3818 Βρισίλειος

361 3837 647 3907 ἀξιώματι
676 3839 1019 3909 δευτερεύειν
1053 3839 1145 3892 τοῦ
1174 3841 1305 3893 Υίοῡ
1351 3842 1409 3894 τὺ
1447 3844 1670 3912 Πνεῦμα
1723 3845 1951 3915 δεξάμε-

362 3949 479 3994 νος,
512 3932 607 3983 καὶ
640 3931 940 4000 παράδοσιν
965 3932 1253 3994 εὐσεϐείας
1286 3934 1348 3985 τὺ
1374 3935 1620 3988 τοιοῦτον
1647 3937 1954 4007 δευτερεῖον

361 4026 545 4076 εἰπεῖν
578 4025 676 4091 οὐχ
722 4023 1205 4091 ὑποστειλάμενος,
1239 4028 1592 4094 κατασκευῆς
1628 4029 1852 4099 ἐδεήθη.
1879 4031 1953 4081 δι’

359 4115 432 4188 ἧς
456 4116 523 4169 ἂν
554 4115 759 4185 ἀληθὴς
791 4118 818 4170 6
849 4117 1009 4185 λόγος
1041 4120 1374 4189 ἀναφανείη,
1411 4122 1438 4174 6
1465 4122 1771 4193 παράδοσιν
1801 4127 1956 4177 εὐσε-

361 4209 525 4271 ϐείας
576 4208 872 4261 ἀποκαλῶν
927 4211 988 4261 τὸ
1043 4213 1182 4279 πρὸς
1218 4211 1312 4264 τὸν
1365 4213 1491 4265 Υίὸν
1519 4214 1826 4284 δευτερεῖον
1858 4217 1953 4269 τοῦ

367 4299 719 4367 Πνεύματος.
781 4301 889 4352 Καὶ
946 4302 1071 4354 ἐπεὶ
1135 4301 1257 4355 οὔτε
1297 4306 1437 4356 κατὰ
1490 4307 1681 4375 χρόνον
1733 4307 1850 4377 ᾔδει
1895 4309 1955 4362 τὸ

367 4388 599 4458 Πνεῦμα
647 4390 961 4459 δευτερεῦον
994 4393 1124 4448 Υἱοῦ
1184 4395 1263 4465 ﬁt
1296 4395 1599 4467 ἀξιώματι,
1665 4399 1791 4455 οὔτε
1831 4401 1953 4454 καο’

366 4483 753 4554 ὑποϐιϐασμόν
787 4501 910 4537 τινα
962 4484 1142 4557 δόξης,
1199 4489 1451 4558 ίσοκλεὴς
1507 4495 1617 4562 γὰρ
1673 4495 1704 4560 ἡ
1766 4494 1955 4565 Οεὸτης

368 4580 601 4648 ἀμφοῖν,
643 4577 766 4649 οὔτε
800 4580 942 4632 κατά
980 4597 1103 4633 τινα
1134 4580 1293 4649 λόγον
1325 4580 1503 4645 ἄλλον,
1531 4578 1610 4647 οἷς
1642 4586 1709 4637 τὰ
1741 4588 1877 4655 πρᾶς
1904 4605 1955 4641 τι

365 4674 433 4724 τὸ
485 4671 792 4740 δευτερεῖον
846 4671 1037 4741 ἔχοντα
1084 4672 1194 4724 τῶν
1226 4675 1630 4741 πρωτευόντων
1681 4676 1954 4743 ὑφίενται,

370 4763 494 4817 ἀλλ’
525 4764 619 4815 ἕνα
652 4764 813 4833 μόνον
839 4765 1125 4826 εὐσεϐείας
1156 4765 1455 4832 ἐγίνωσκεν
1480 4768 1626 4839 ὅρον,
1651 4770 1774 4821 καθ’
1807 4771 1867 4824 ὃν
1892 4772 1954 4825 τὸ

370 4852 601 4921 Πνεῦμα
634 4851 728 4906 τοῦ
768 4852 897 4904 Υἱοῦ
940 4853 1257 4922 δευτερεῦὁν
1304 4857 1475 4909 ἐστιν.
1520 4857 1577 4910 '0
1611 4857 1666 4908 δὲ
1713 4861 1857 4927 ὅρος,
1893 4858 1954 4914 τδ

2119 3577 2173 3630 4.
2210 3573 2366 3629 Nunc
2394 3575 2660 3642 reliquum
2697 3581 2801 3635 est,
2842 3582 2895 3625 et
2927 3570 3472 3632 demonstrationem,
3507 3585 3631 3637 quas

2053 3682 2116 3719 es
2154 3665 2454 3734 Scripturis
2485 3667 2721 3724 elicitur.
2749 3674 2801 3719 et
2831 3673 2914 3718 est
2943 3665 3219 3718 secundus
3244 3663 3354 3731 jam
3389 3678 3628 3715 comme-

2057 3770 2299 3813 moratns
2353 3774 2381 3811 a
2438 3758 2598 3812 nobis
2634 3756 2850 3818 modus,
2884 3756 2934 3808 in
2969 3756 3208 3808 medium
3243 3754 3456 3809 aﬂerre.
3489 3755 3623 3809 Nam

2056 3866 2285 3907 magnus
2315 3849 2568 3910 Basilius,
2601 3848 2864 3913 dignitate
2899 3846 3201 3900 secundum
3230 3863 3256 3898 ιι
3288 3845 3425 3900 Filio
3459 3844 3631 3914 Spiri-

2055 3953 2192 4007 tum,
2215 3958 2338 3996 cnm
2359 3942 2687 4010 excepisset,
2715 3940 2931 4008 pietatis
2965 3939 3312 3993 traditionem
3357 3940 3629 4009 appellare

2056 4051 2163 4087 non
2213 4034 2444 4097 veritus,
2494 4033 2819 4102 probatione
2869 4030 3124 4101 indiguit,
3174 4047 3459 4101 perquam
3500 4048 3627 4086 vera

2055 4126 2321 4180 Sententia
2356 4132 2666 4195 appareret,
2710 4124 2928 4192 pietatis
2968 4122 3320 4177 traditionem
3361 4122 3629 4177 secundas

2058 4219 2156 4272 bas
2190 4229 2369 4285 partes
2402 4224 2831 4282 nuncupaverat.
2864 4214 2947 4278 Et,
2981 4229 3103 4269 cum
3137 4214 3323 4277 sciret,
3363 4212 3626 4283 Spiritum

2057 4322 2232 4375 neque
2258 4308 2471 4359 ratione
2502 4305 2763 4372 temporis
2811 4303 3110 4359 secundum
3142 4301 3407 4371 dignitate
3437 4319 3557 4358 esse
3600 4319 3629 4357 a

2056 4399 2215 4462 Filio,
2269 4414 2447 4467 neque
2478 4396 2866 4472 imminutione
2909 4394 3090 4463 aliqua
3129 4394 3337 4458 gloriae,
3379 4408 3627 4464 pcrzeqna

2055 4490 2200 4544 enim
2238 4497 2321 4542 est
2350 4489 2402 4541 in
2435 4497 2665 4556 utroque
2706 4485 2995 4545 divinitas,
3034 4499 3225 4552 neque
3267 4485 3377 4537 ulla
3411 4485 3516 4538 alia
3545 4500 3634 4538 ra-

2055 4580 2223 4642 tione,
2307 4594 2413 4649 qua
2480 4588 2736 4648 respectu
2823 4576 3050 4631 alterius
3112 4575 3382 4630 secundas
3449 4586 3634 4646 partes

2057 4673 2358 4728 obtinentia
2406 4673 2613 4742 primas
2664 4671 3072 4732 obtinentibus}
3107 4670 3527 4734 submittuntur,
3580 4678 3637 4723 et

2057 4777 2229 4817 unum
2262 4761 2642 4816 tantummodo
2669 4761 2890 4830 pietatis
2915 4763 3233 4825 terminum,
3259 4768 3632 4829 cognosceret,

2058 4869 2170 4923 quo
2202 4854 2442 4924 Spiritus
2494 4868 2525 4907 a
2560 4851 2700 4907 Filio
2732 4852 3008 4905 secundus
3055 4858 3158 4914 est,
3187 4850 3278 4918 qui
3312 4858 3454 4915 erat,
3490 4851 3635 4917 quod

369 4944 441 4998 δι’
481 4944 646 4996 αὐτοῦ
686 4944 833 5014 ἐχειν
878 4945 939 4997 τὸ
993 4941 1153 5007 εἶναι,
1213 4947 1309 4999 καὶ
1347 4947 1491 5000 κατὰ
1540 4950 1723 5013 τοῦτο,
1750 4952 1845 5003 καὶ
1896 4951 1956 5015 ἐξ

2058 4963 2124 5000 ex
2157 4960 2225 5001 eo
2256 4947 2501 5008 haberet,
2566 4944 2710 5013 quod
2742 4954 2916 5006 esset,
2951 4954 3348 5012 proptereaque
3392 4949 3539 4997 esset
3571 4957 3633 4995 ex

368 5035 564 5098 αὐτοῦ,
600 5034 803 5103 ἔφησεν
830 5035 1009 5088 οὕτωσ
1050 5054 1070 5086 ι
1124 5033 1424 5105 ’Λξιώματι
1479 5038 1578 5105 μὲν
1607 5037 1719 5108 γὰρ
1770 5040 1955 5093 δευτε-

374 5128 559 5196 ρεύειν
585 5128 679 5181 τοῦ
706 5127 862 5193 Υίοῦ,
895 5128 1028 5198 παρ’
1054 5127 1225 5181 αὐτοῦ
1259 5129 1320 5180 τὸ
1352 5125 1494 5182 εἶναι
1526 5131 1670 5200 ἕχον,
1701 5132 1795 5184 καὶ
1823 5133 1953 5203 παρ’

369 5220 536 5273 αἱ»τοῦ
567 5219 870 5290 λαμϐάνον,
930 5222 1024 5273 καὶ
1077 5220 1414 5289 ἀναγγέλλον
1445 5223 1598 5291 ἡμῖν,
1650 5225 1746 5276 καὶ
1814 5223 1952 5287 ὅλως

369 5313 591 5383 ἐκείνης
617 5316 717 5384 τῆς
765 5314 942 5377 αἰτίας
980 5314 1313 5383 ἐξημμένον,
1369 5314 1743 5384 παραδίδωσιν
1780 5317 1809 5367 6
1852 5316 1950 5386 τῆς

367 5405 665 5468 εὐσεϐείας
690 5405 850 5473 λόγος
878 5421 894 5437 ’
927 5404 1087 5472 φύσει
1117 5406 1174 5459 δὲ
1206 5406 1365 5477 τρίτῃ
1390 5405 1629 5475 χρῆσθαι
1654 5406 1778 5458 οὔτε
1805 5406 1956 5476 παρὰ

367 5498 483 5552 τῶν
525 5498 703 5566 ἁγίων
731 5497 1093 5567 δεδιδάγμεθα
1120 5497 1356 5568 Γραφῶν
1404 5495 1530 5550 οὔτε
1562 5499 1627 5561 ἐκ
1669 5497 1780 5550 τῶν
1804 5501 1956 5569 εἰρη-

375 5590 560 5661 μένων
589 5588 733 5642 κατὰ
754 5589 819 5641 τὸ
852 5588 1148 5641 ἀκόλουθον
1176 5589 1405 5642 δυνατὸν
1443 5588 1889 5657 συλλογίσασθαι.
1932 5609 1950 5641 ι

369 5682 485 5750 Τὴν
520 5681 619 5749 μὲν
666 5676 760 5732 οὖν
794 5697 889 5732 του
924 5679 1083 5747 λόγου
1115 5682 1142 5733 ὁ
1195 5679 1349 5747 ἅγιος
1381 5676 1617 5733 ποιεῖται
1657 5681 1942 5745 ἀπόδοσιν,

369 5773 554 5838 λέγων
579 5786 592 5799 ’
636 5789 655 5820 ι
700 5769 996 5838 Ἀξιώματι
1031 5770 1130 5839 μὲν
1159 5771 1267 5840 γὰρ
1301 5771 1643 5837 δευτερεύειν
1697 5773 1791 5824 τοῦ
1823 5772 1952 5826 Υἱοῦ

372 5862 750 5931 παραδίδωσιν
776 5865 803 5914 ὀ
843 5863 940 5930 τῆς
972 5862 1255 5928 εὐσεϐείας
1285 5862 1441 5929 λὸγος
1462 5878 1474 5892 ·
1509 5862 1667 5931 φύσει
1698 5864 1752 5917 δὲ
1789 5865 1949 5936 τρίτῃ

2062 5037 2205 5106 ipso,
2236 5037 2383 5091 hunc
2406 5038 2459 5090 in
2494 5036 2715 5090 modum
2748 5033 2944 5088 ell‘atus
2973 5042 3095 5087 est:
3135 5051 3154 5084 ι
3188 5033 3459 5100 Dignitate
3488 5033 3632 5086 enim

2061 5128 2362 5183 secundum
2395 5142 2516 5182 esse
2562 5144 2591 5180 a
2641 5125 2798 5191 Filio,
2833 5136 3090 5194 tanquam
3138 5127 3229 5195 qui
3262 5126 3331 5178 ab
3372 5140 3457 5188 eo,
3491 5124 3633 5193 quod
3707 5155 3711 5161 -

2062 5220 2152 5281 sit,
2188 5219 2352 5275 habet
2382 5221 2450 5274 ab
2477 5233 2543 5273 eo
2578 5219 2794 5288 accipit,
2826 5228 2879 5273 et
2905 5219 3197 5272 annuntiat
3226 5218 3407 5282 nobis,
3443 5224 3498 5270 et
3518 5230 3637 5268 om-

2064 5309 2192 5364 nino
2224 5311 2300 5365 illi
2334 5325 2514 5364 causa:
2540 5309 2803 5372 adlizeret,
2838 5310 3057 5375 pietatis
3088 5308 3256 5362 tradit
3282 5322 3465 5361 sermo
3494 5323 3507 5358 :
3539 5306 3632 5360 Sed

2064 5405 2223 5461 tertia
2260 5404 2340 5457 nti
2381 5412 2597 5467 natura,
2631 5416 2808 5470 neque
2848 5415 2877 5453 a
2929 5401 3104 5455 sacris
3132 5398 3431 5467 Scripturis
3456 5396 3635 5454 edocti

2063 5514 2276 5564 sumus,
2309 5512 2485 5566 neque
2518 5511 2580 5548 ex
2618 5495 2726 5550 illis
2751 5508 2872 5563 qua:
2905 5492 3168 5554 diximus,
3199 5487 3483 5558 consequi,
3515 5504 3639 5557 pos—

2064 5604 2256 5644 smnus
2292 5588 2693 5643 demonstrare.
2731 5603 2750 5637 ι
2788 5584 2855 5639 Et
2890 5583 2976 5638 bis
3001 5584 3162 5637 dictis
3185 5582 3468 5635 sententiae
3494 5582 3637 5634 assh

2063 5682 2374 5750 gnationem
2405 5677 2704 5733 conclusit.
2746 5693 2766 5727 ι
2814 5675 3088 5744 Dignitate
3130 5671 3275 5725 enim
3307 5686 3336 5723 a
3372 5669 3512 5725 Filio
3549 5688 3638 5725 ιιι·

2056 5772 2302 5827 οιιιιιιιιιιι
2356 5786 2499 5834 esse,
2543 5769 2713 5824 tradit
2762 5764 2979 5836 pietatis
3021 5777 3242 5817 sermo:
3276 5770 3471 5818 natura
3505 5778 3633 5816 vero

2061 5865 2134 5919 uti
2166 5864 2344 5930 tertia,
2382 5882 2400 5913 ι
2441 5860 2730 5919 dicendum
2778 5857 3001 5913 omnino
3031 5871 3140 5909 non
3173 5863 3258 5911 est
3307 5873 3319 5909 :
3359 5855 3633 5947 probatio»
