4054 6462
444 409 552 476 315

1475 413 1684 476 JOAN.
1723 412 1939 473 VECCI
1979 411 2094 471 (ΣΡ.
2136 411 2646 476 PATRIARCELE

3599 414 3706 477 36

448 539 575 580 nem
616 538 747 579 vero
771 522 941 589 illius,
973 522 1236 593 Spiritum
1269 521 1536 592 dignitate
1561 538 1683 578 esse
1718 521 2018 577 secundum

2128 521 2364 589 χρῆσθαι
2393 521 2493 575 οῦκ
2521 522 2639 576 ἔστι
2667 521 2848 590 λέγειν
2883 521 3040 577 αὐτό.
3076 540 3095 575 ι
3128 521 3243 593 Τὴν
3267 521 3324 576 δὶ
3357 523 3708 593 κατασκευὴν

449 632 480 670 a
516 614 678 681 Filio,
714 630 811 684 per
838 615 995 679 illud,
1037 634 1056 666 ι
1085 614 1231 683 quod
1266 614 1333 668 ab
1365 629 1432 668 eo
1466 613 1648 677 habet,
1680 612 1824 682 quod
1853 613 1948 675 sit,
1973 621 2026 664 et

448 696 520 759 ab
548 720 614 759 eo
641 705 859 773 accipit,
915 714 971 760 et
1025 705 1183 759 nobis
1234 706 1559 770 annuntiat;
1592 723 1610 756 ι
1664 711 1874 757 tantum
1914 718 2025 756 non

449 797 657 856 dicens,
686 806 976 865 propterea
1008 796 1154 864 quod
1188 813 1253 851 ex
1288 797 1428 851 Filio
1457 804 1561 861 est,
1595 795 1717 849 ideo
1749 793 2027 849 secundus

451 902 481 938 a
516 885 650 939 Filio
675 892 779 939 est.
816 883 883 939 Et
909 885 954 939 si
989 885 1085 939 tibi
1117 885 1170 939 in
1204 887 1526 952 anitno‘est,
1558 887 1875 957 quicunque
1897 895 2022 939 tan-

448 975 572 1029 dem
607 974 801 1042 fueris,
835 975 928 1044 qui
973 976 1292 1046 refragaris,
1333 993 1690 1048 cognoscere,
1726 978 1771 1032 si
1815 994 1841 1029 ιι
1884 976 2025 1031 Filio

448 1077 555 1115 non
592 1071 761 1129 esset,
798 1078 979 1135 neque
1004 1066 1281 1121 secundus
1315 1081 1347 1121 a
1383 1065 1523 1120 Filio
1546 1080 1771 1134 prorsus
1797 1076 2027 1121 vocatus

445 1154 661 1216 inisset,
690 1152 859 1209 deme
885 1154 1095 1209 dictum
1141 1156 1265 1220 hoc,
1294 1156 1514 1224 assigna
1548 1155 1705 1210 nobis
1737 1155 1899 1209 aliam
1927 1170 2024 1209 ra-

445 1244 653 1298 tionem
686 1261 797 1314 qua
849 1260 878 1299 ε
926 1245 1067 1301 Filio
1096 1245 1336 1316 Spiritus
1412 1247 1685 1302 secundus
1720 1258 2020 1302 asseratur.

445 1332 661 1388 Etenim
696 1350 808 1403 prae
858 1336 963 1391 hac
998 1352 1108 1392 una
1158 1338 1277 1394 sola
1331 1339 1563 1403 ratione,
1610 1349 1707 1394 aut
1741 1341 2023 1410 temporali

448 1426 759 1491 intervallo,
794 1435 887 1482 aut
922 1428 976 1482 in
1025 1432 1265 1486 sedendo
1318 1430 1566 1486 inferiori
1615 1432 1898 1499 subsellio,
1930 1442 2027 1489 aut

446 1515 634 1585 gloriae
662 1517 982 1587 indigentia,
1018 1521 1275 1576 secundae
1309 1523 1389 1577 hae
1417 1530 1600 1592 partes
1627 1520 1866 1594 Spiritus
1889 1539 2024 1578 con-

445 1607 736 1676 cipientur.
770 1609 826 1664 Si
885 1612 1072 1680 itaque
1122 1612 1327 1667 dictum
1381 1628 1658 1679 asserens,
1708 1632 1728 1667 ι
1761 1615 2024 1685 dignitate

447 1707 751 1753 secundum
786 1716 911 1757 esse
941 1719 971 1757 a
1006 1703 1149 1759 Filio
1176 1702 1466 1774 Spiritum,
1501 1724 1520 1758 ι
1557 1721 1626 1761 ex
1652 1707 1899 1763 oratione
1933 1708 2021 1763 illa

444 1791 700 1846 universa
759 1794 1083 1861 erasissent,
1136 1795 1234 1864 qui
1282 1796 1429 1851 aliud
1479 1797 1657 1867 palam
1729 1808 2022 1869 aperteque

442 1883 762 1948 cnuntians,
802 1903 823 1938 ι
853 1886 921 1942 ab
950 1902 1040 1953 eo,
1064 1888 1213 1958 quod
1245 1888 1340 1954 sit,
1374 1889 1558 1955 habet,
1596 1908 1615 1941 ι
1689 1891 2018 1947 obliterare-

441 1980 593 2038 runt,
631 1972 772 2029 forte
807 1985 922 2031 tum
954 1992 1145 2033 eorum
1175 1978 1523 2049 improbitas,
1558 1991 1620 2036 ut
1650 1982 1760 2039 illis
1793 1985 2022 2038 collubi-

444 2072 558 2118 tum
590 2074 731 2131 erat,
758 2066 920 2122 tinem
951 2079 1205 2125 assecuta
1238 2071 1453 2128 luisset.
1492 2071 1599 2129 Sed
1634 2090 1783 2130 nunc
1819 2076 2022 2131 verita-

441 2157 515 2211 tis
557 2157 753 2226 spiritu
803 2172 994 2214 eorum
1044 2162 1404 2232 cogitationes
1446 2165 1827 2231 subvertente,
1865 2167 2019 2233 illud,

447 2263 467 2296 ι
517 2260 549 2299 a
597 2246 741 2300 Filio
799 2262 923 2304 esse
1004 2248 1293 2320 Spiritum,
1373 2270 1394 2304 ι
1428 2252 1799 2329 abrogarunt;
1873 2272 1891 2306 ι
1925 2254 2018 2309 sed

441 2336 746 2391 secundum
782 2353 906 2395 esse
953 2355 1077 2396 eunt
1109 2357 1140 2396 a
1192 2341 1357 2411 Filio,
1414 2364 1433 2396 ι
1475 2346 1529 2399 in
1559 2348 1819 2401 omnibus
1868 2345 2021 2402 libris

439 2427 779 2498 descriptum
854 2431 1217 2502 reliquerunt.
1272 2433 1534 2506 Indet’Iue,
1594 2439 1687 2509 qui
1745 2440 2019 2507 sapientes

425 2511 798 2586 apprehendit
829 2521 882 2575 in
908 2524 1225 2581 callididate
1260 2541 1474 2589 eorum,
1507 2528 1797 2599 diligenter
1818 2530 2020 2585 similia

436 2613 904 2678 ex’aminantibus,
957 2613 1205 2670 fraudem
1245 2620 1711 2688 comprehendere
1744 2622 2019 2682 concedit.

435 2696 505 2753 Et
539 2702 687 2755 nulla
732 2703 836 2757 alia
872 2706 1086 2760 ratione
1134 2707 1410 2761 dicturum
1462 2724 1700 2779 unquam
1756 2709 2018 2767 Basilium

436 2790 716 2863 Magnum,
763 2793 1028 2864 Spiritum
1081 2798 1385 2852 secundum
1437 2814 1559 2854 esse
1603 2815 1630 2853 a
1666 2800 1826 2866 Filio,
1856 2817 2020 2873 argu-

436 2882 671 2934 mentari
699 2882 825 2936 licet
855 2898 922 2936 ex
952 2884 1061 2951 his,
1091 2901 1212 2953 qua:
1237 2886 1353 2953 ipse
1381 2887 1546 2943 dictis
1575 2888 1812 2945 adnectit
1836 2908 1851 2944 :
1878 2892 2020 2948 infra

436 2970 582 3024 enim
630 2972 743 3027 hinc
778 2974 981 3028 habet:
1020 2993 1040 3026 ι
1084 2975 1325 3043 Etenim,
1360 2980 1821 3045 quemadmodum
1848 2982 2019 3041 Filius

438 3056 630 3110 ordine
669 3060 1014 3130 etdiguitate
1063 3078 1094 3117 a
1137 3063 1297 3118 Patre
1344 3067 1619 3123 secundus
1661 3078 1780 3138 est;
1830 3073 2021 3129 ordine

2124 609 2219 663 τοῦ
2273 612 2334 663 τὸ
2374 611 2600 682 Πνεῦμα
2659 612 3000 683 δευτερεύειν
3055 612 3192 667 Υῑοῦ
3249 613 3329 683 τῷ
3398 612 3701 682 ἀξιώματι,

2125 703 2236 755 ἀπὸ
2262 705 2359 755 τοῦ
2395 721 2416 755 ι
2459 703 2593 775 παρ’
2622 704 2789 758 αὑτοῦ
2834 705 2895 757 τὸ
2924 700 3067 759 εἶναι
3109 704 3277 775 ἔχειν,
3319 706 3415 757 καὶ
3449 704 3581 774 παρ’
3608 705 3712 757 αύ-

2124 793 2220 845 τοῦ
2267 793 2590 863 λαμϐάνειν,
2634 794 2730 846 καὶ
2765 794 3126 861 ἀναγγέλλειν
3157 796 3312 864 ἡμῖν,
3352 813 3372 846 ι
3408 796 3705 863 μονονουχὶ

2128 883 2351 951 φάσκων
2374 884 2449 948 ὡς
2477 886 2642 939 διὰτὸ
2671 887 2736 939 ὲκ
2763 885 2855 938 τοῦ
2885 886 3017 940 Tia-3
3050 882 3211 950 εἶναι,
3241 890 3336 940 καὶ
3359 885 3703 955 δευτερεύειν

2128 973 2318 1027 αὐτοῦ.
2341 976 2452 1029 Καὶ
2474 977 2523 1028 εί
2546 974 2747 1045 βούλει,
2775 977 2923 1038 ὅστις
2949 977 3070 1030 ποτ’
3095 976 3163 1030 ἂν
3196 977 3290 1029 καὶ
3323 976 3443 1046 εῖης
3471 979 3499 1029 6
3552 976 3699 1028 διενο

2128 1065 2440 1132 ιστάμενος,
2498 1065 2720 1133 γνῶναι,
2784 1065 2879 1132 ὡς,
2909 1067 2957 1118 εί
3023 1066 3096 1135 μὴ
3130 1069 3281 1135 παρὰ
3301 1065 3398 1117 τοῦ
3438 1063 3580 1118 Υ.οῦ
3606 1059 3701 1135 ἦν,

2124 1154 2248 1208 οὐδὲ
2282 1154 2604 1224 δευτερεῦον
2646 1157 2713 1210 ἂν
2757 1157 2894 1219 ὅλως
2934 1156 3137 1228 ὲρῤέθη
3162 1155 3360 1209 αὐτοῦ’
3400 1154 3568 1224 ἄφελε
3598 1154 3701 1215 τὴν

2125 1248 2284 1317 ῥῆσιν
2323 1248 2531 1317 ταύτην
2575 1248 2670 1301 καὶ
2714 1248 2803 1312 δὸς
2848 1250 2981 1318 ἡμῖν
3031 1250 3096 1302 σὺ
3125 1248 3314 1318 ἕτερον
3341 1247 3501 1315 λόγον
3545 1249 3695 1311 τινὰ,

2123 1338 2245 1391 καθ’
2278 1338 2339 1391 ὃν
2383 1340 2477 1393 τοῦ
2501 1338 2633 1392 Υίοῦ
2686 1339 2998 1409 δευτερεύει
3039 1339 3101 1391 τὸ
3128 1337 3378 1408 Πνεῦμα.
3408 1338 3567 1408 Παρά
3588 1338 3701 1407 γὰρ

2120 1428 2212 1482 τὸν
2241 1427 2486 1482 τοιοῦτον
2510 1430 2667 1497 λόγον
2698 1431 2730 1500 ἦ
2763 1428 3094 1500 διαστήματι
3126 1430 3342 1500 χρόνον.
3370 1429 3403 1499 ἤ
3428 1429 3703 1498 καθέδρας

2122 1520 2371 1591 ὑφεδρίᾳ,
2406 1521 2438 1591 ἢ
2475 1521 2636 1591 δὲξης
2669 1520 2867 1592 ἐνδείᾳ,
2901 1520 2961 1573 τὸ
2989 1520 3299 1587 δευτερεῖον
3333 1519 3692 1589 νοηθήσεται.

2121 1613 2184 1666 Ei
2222 1612 2321 1678 μὲν
2357 1609 2450 1665 οῦν
2491 1613 2589 1665 καὶ
2625 1612 2726 1681 τὴν
2770 1596 3237 1683 λέγουσανρῆσιν
3293 1631 3311 1662 ‹
3354 1610 3702 1681 δευτερεύειν

2121 1702 2396 1769 ἀξιώματι
2452 1703 2548 1757 τοῦ
2589 1703 2719 1756 Υίοῦ
2781 1704 2840 1756 τὸ
2894 1702 3142 1772 Πνεῦμα,
3197 1721 3215 1754 ι
3252 1702 3547 1772 διέγραφον
3600 1700 3698 1753 τοῦ

2120 1796 2322 1858 παντὸς
2350 1796 2508 1864 λόγου
2536 1796 2586 1849 οἱ
2637 1796 2739 1867 τὴν
2783 1796 2913 1867 παρ’
2947 1794 3115 1848 αὑτοῦ
3148 1794 3212 1847 τὺ
3252 1789 3395 1846 εἶναι
3435 1792 3559 1862 ἔχον
3580 1790 3703 1845 δια-

2124 1887 2496 1956 γραψάμενοι,
2532 1888 2691 1959 εσχον
2719 1889 2787 1942 ἂν
2812 1890 2943 1951 ῐσως
2975 1887 3033 1941 τὸ
3061 1887 3161 1957 τῆς
3188 1887 3459 1957 πονηρίας
3493 1885 3700 1948 αὐτῶν,

2121 1979 2260 2050 ὅπερ
2294 1978 2576 2033 ἐϐούλοντο
2604 1980 2965 2047 ἀποτέλεσμα
2984 1995 2998 2010 ο
3045 1977 3140 2030 νῦν
3173 1978 3219 2030 δ’
3240 1979 3328 2030 ὅτε
3356 1977 3417 2030 τὸ
3438 1976 3536 2046 τῆς
3560 1975 3702 2042 ἁλη-

2123 2070 2275 2133 θείας
2302 2070 2531 2138 Πνεῦμα
2562 2070 2663 2141 τὴν
2714 2068 2900 2123 αὐτῶν
2933 2068 3175 2123 διάνοιαν
3201 2066 3460 2137 ἔσφαλλε.
3501 2064 3560 2118 τὸ
3597 2066 3701 2134 μὲν

2128 2183 2148 2216 ι
2187 2163 2341 2235 παρὰ
2373 2163 2470 2217 τοῦ
2522 2163 2655 2217 Υίοῦ
2699 2158 2842 2218 εἶναι
2895 2162 2957 2216 τὸ
3016 2160 3263 2229 Πνεῦμα,
3324 2178 3343 2211 ι
3380 2157 3476 2212 τοῦ
3533 2157 3698 2224 λόγου

2120 2254 2442 2326 διέγραψαν.
2481 2273 2500 2306 ι
2539 2254 2877 2319 δευτερεύειν
2902 2253 2959 2307 δὲ
2981 2253 3113 2305 αὐτὸ
3142 2252 3243 2305 τοῦ
3264 2250 3418 2313 Υίοῦ,
3446 2270 3465 2303 ι
3504 2252 3561 2302 ὲν
3593 2251 3703 2301 πᾶ-

2122 2362 2245 2409 σαις
2274 2344 2500 2414 ἀφῆκαν
2525 2347 2647 2410 ταῖς
2677 2344 2881 2415 βίϐλοις
2920 2344 3295 2415 ἀνάγραπτον.
3330 2338 3642 2395 Κάντεῦθεν
3665 2338 3698 2390 6

2118 2437 2247 2501 τοὺς
2278 2437 2479 2506 σοφοὺς
2530 2436 2901 2507 δρασσόμενος
2959 2438 3018 2489 ἐν
3053 2438 3117 2505 τῇ
3173 2435 3482 2504 πανουργίᾳ
3508 2430 3693 2484 αὐτῶν

2118 2522 2305 2577 δίδωσι
2331 2525 2445 2587 τοῖς
2485 2523 2555 2577 τὰ
2604 2524 2833 2579 τοιαῦτα
2882 2523 3162 2594 ἐπιμελῶς
3198 2523 3695 2590 διασκοπουμένοις

2118 2617 2410 2670 κατανοεῖν
2434 2616 2496 2668 τὸ
2520 2616 2889 2685 σκαιωρηθέν.
2922 2615 3028 2667 Καὶ
3054 2614 3137 2667 ἔτι
3173 2614 3252 2677 δὲ,
3282 2614 3366 2667 ὅτι
3411 2612 3534 2665 κατ’
3564 2610 3694 2663 οὐδ-

2124 2706 2224 2760 ένα
2280 2704 2469 2774 ἕτερον
2492 2704 2652 2773 λόγον
2686 2704 2900 2775 εἰρήκει
2928 2703 2992 2756 ἄν
3039 2720 3171 2756 ποτε
3197 2702 3260 2756 τὸ
3311 2700 3541 2770 Πνεῦμα
3570 2697 3697 2752 δεύ-

2121 2815 2281 2868 τερον
2307 2795 2402 2851 τοῦ
2431 2795 2561 2850 Υίοῦ
2590 2798 2619 2851 6
2648 2796 2821 2867 μέγας
2860 2795 3166 2860 Βασίλειοῖ,
3203 2793 3520 2861 λογίσασθαι
3573 2794 3691 2844 ἐστι

2120 2891 2217 2944 καὶ
2248 2887 2309 2954 ἐξ
2337 2884 2411 2942 ὧν
2441 2882 2599 2951 οὗτος
2650 2889 2763 2951 τοῖς
2798 2886 3116 2956 εἰρημένοις
3147 2886 3387 2953 ἐπάγειν
3423 2883 3559 2952 φησλ⁵
3582 2882 3696 2950 γάρ

2120 2979 2506 3045 ὑποκαταϐάςο
2540 2999 2560 3032 r
2609 2980 2699 3042 Ὧς
2728 2979 2837 3048 γὰρ
2868 2982 2895 3032 6
2939 2978 3066 3040 Υἱὸς
3087 2977 3241 3044 τάξει
3285 2976 3381 3029 καὶ⁸
3417 2974 3695 3042 ἀξιώματι

2118 3072 2373 3142 δεύτερος
2427 3071 2524 3125 τοῦ
2590 3070 2828 3140 Πατρός,
2884 3069 3042 3133 τάξει
3080 3069 3178 3138 μὲν
3202 3071 3286 3121 ὅτι
3323 3068 3418 3119 ἀπ’
3452 3067 3690 3127 ἐκείνου,

437 3148 682 3214 quidem,
707 3153 852 3220 quod
887 3168 952 3207 ex
985 3170 1051 3209 eo
1079 3164 1198 3222 est;
1227 3157 1491 3228 dignitate
1518 3175 1669 3225 vero,
1691 3163 1836 3233 quod
1864 3165 2018 3233 prin-

2121 3166 2217 3219 καὶ
2253 3163 2550 3232 ἀξιώματι,
2586 3163 2668 3216 ὅτι
2696 3162 2841 3233 ἀρχὴ
2873 3164 2969 3216 καὶ
2994 3162 3143 3215 αἰτία
3179 3160 3275 3213 τοῦ
3302 3156 3439 3212 εἶναι
3471 3159 3694 3226 Πατέρα

439 3240 643 3309 cipium
677 3252 727 3309 et
755 3258 920 3312 causa
952 3246 1097 3302 illius
1128 3247 1291 3302 Pater
1325 3260 1428 3314 est,
1458 3263 1510 3305 et
1538 3254 1680 3321 quod
1722 3270 1817 3325 per
1840 3256 2018 3326 ipsum

2120 3256 2311 3321 αὐτοῦ,
2338 3256 2434 3309 καὶ
2456 3257 2541 3309 ὅτι
2568 3254 2638 3309 δι’
2662 3253 2828 3307 αὑτοῦ
2852 3255 2886 3325 ἡ
2914 3254 3196 3324 πρόσοδος,
3228 3251 3323 3308 καὶ
3348 3251 3690 3321 προσαγωγὴ

438 3347 696 3390 accessus
726 3345 780 3388 et
812 3336 1069 3393 adductio
1102 3340 1168 3393 ad
1204 3340 1372 3394 Deum
1416 3340 1667 3410 Patrem;
1703 3354 1895 3400 natura
1925 3362 2022 3401 au-

439 3433 549 3495 tern
586 3425 740 3478 nullo
768 3428 932 3481 modo
964 3428 1263 3494 secundus,
1299 3432 1442 3498 quod
1482 3432 1662 3488 Deitas
1696 3435 1748 3487 in
1788 3446 2019 3506 utroque

438 3529 589 3568 una:
626 3516 740 3583 pari
785 3517 995 3573 ratione
1045 3520 1313 3585 videlicet,
1370 3530 1424 3576 et
1475 3520 1713 3592 Spiritus
1763 3536 2015 3595 sanctus,

438 3594 567 3661 licet
599 3608 811 3673 ordine,
869 3620 923 3664 et
963 3611 1225 3680 dignitate
1280 3614 1508 3669 inferior
1542 3625 1646 3681 est,
1691 3632 1798 3672 non
1837 3627 2016 3673 tamen

440 3699 567 3753 inde
590 3700 980 3767 verisimiliter,
1012 3703 1206 3759 alienae
1230 3720 1350 3760 esse
1375 3716 1607 3775 naturae,
1631 3710 1785 3778 sequi
1812 3709 2020 3765 dixeri-

444 3806 589 3845 mus.
623 3809 642 3842 ι
700 3791 1020 3848 Considerct
1063 3794 1150 3848 cui
1206 3793 1259 3848 id
1314 3797 1614 3851 collibitum
1663 3796 1848 3863 l‘ncrit,
1904 3815 2015 3854 non

439 3883 679 3936 alienum
711 3898 834 3938 esse
876 3900 906 3938 a
954 3885 1170 3953 pietatis
1205 3888 1414 3941 ratione
1450 3888 1751 3943 secundum
1785 3905 1906 3945 esse
1935 3890 2020 3945 di-

441 3974 647 4044 gnitate
670 3989 699 4028 a
732 3974 872 4028 Filio
905 3976 1192 4043 Spiritunt,
1217 3978 1363 4045 quod
1398 3993 1461 4031 ex
1498 3978 1870 4047 proportione,
1898 3994 2018 4049 qua:

438 4075 523 4120 cst
556 4064 681 4119 Filii
716 4066 782 4118 ad
812 4064 1053 4133 Patrem,
1101 4069 1231 4122 dum
1279 4066 1452 4122 Filius
1487 4071 1758 4125 secundas
1798 4086 1828 4123 a
1860 4069 2018 4127 Patre

437 4184 625 4244 partes
654 4173 919 4242 possidet,
952 4174 1366 4243 comprobatur.
1398 4173 1489 4228 Ait
1519 4175 1663 4229 enim
1695 4191 1708 4227 :
1742 4172 1894 4231 Licet
1928 4191 2017 4231 or-

438 4266 587 4332 dine,
620 4275 673 4320 et
706 4265 970 4336 dignitate
999 4265 1140 4320 Filio
1170 4265 1402 4321 inferior
1446 4266 1537 4331 sit,
1574 4281 1682 4320 non
1716 4268 1838 4321 ideo
1880 4268 2017 4323 Filio

436 4358 628 4413 ordine
655 4367 709 4413 et
737 4358 996 4430 dignitate
1026 4358 1254 4413 inferior
1279 4367 1380 4421 est,
1411 4359 1564 4428 quasi
1590 4360 1783 4414 aliena:
1808 4373 2018 4417 naturae

438 4467 666 4523 compos
696 4469 711 4507 :
745 4454 967 4525 quando
1000 4463 1054 4507 et
1079 4452 1272 4515 Filius,
1302 4452 1428 4507 licet
1469 4468 1500 4506 a
1534 4450 1697 4508 Patre
1740 4454 2015 4509 secundus

2119 3352 2257 3422 πρὸς
2288 3348 2381 3402 τὸν
2412 3346 2565 3413 Θεὸν,
2608 3348 2702 3401 καὶ
2755 3347 2994 3417 Πατέρα,
3047 3346 3206 3415 φύσει
3239 3345 3294 3397 δὲ
3325 3347 3424 3398 οὐκ
3457 3344 3536 3396 ἔτι
3573 3343 3693 3396 δεῦε

2117 3459 2297 3512 τερος,
2326 3441 2462 3494 διότι
2490 3440 2523 3510 ἡ
2563 3439 2752 3511 Θεότης
2776 3440 2831 3491 ὲν
2861 3438 3109 3509 ἐκατέρῳ
3138 3438 3236 3508 μία
3264 3453 3280 3469 ⁸
3312 3437 3454 3491 οὕτω
3498 3436 3691 3506 δηλον-

2134 3537 2217 3590 ότι
2274 3534 2370 3588 καὶ
2397 3534 2458 3587 τὸ
2494 3532 2716 3603 Πνεῦμα
2742 3531 2801 3586 τὸ
2829 3532 3009 3601 ἅγιον,
3042 3533 3092 3586 εί
3131 3532 3228 3585 καὶ
3258 3529 3568 3599 ὑποϐέϐηκε
3599 3529 3692 3581 τὸν

2119 3626 2249 3680 Υἱὸν
2277 3629 2344 3697 τῇ
2374 3626 2529 3690 τάξει
2561 3626 2657 3679 καὶ
2687 3626 2765 3694 τῷ
2804 3623 3102 3693 ἀξιώματι,
3134 3622 3235 3675 οὐκ
3260 3621 3340 3673 ἔτι
3369 3621 3434 3674 ἂν
3464 3620 3689 3682 εἰκότως

2118 3719 2194 3783 ὡς
2213 3715 2499 3791 ἀλλοτρίας
2525 3718 2770 3787 ὑπάρχον
2792 3715 3006 3785 φύσεως
3024 3712 3338 3768 ἀκολουθεῖν
3358 3713 3627 3781 εἴποιμεν.
3663 3728 3684 3761 ι

2118 3782 2401 3865 Exoriare.)
2450 3809 2477 3860 6
2529 3782 2850 3878 βουλόμενος
2896 3804 2991 3859 τοῦ
3040 3805 3140 3874 τῆς
3191 3802 3476 3866 εὐσεϐείας
3521 3801 3688 3870 λόγου

2114 3901 2195 3971 μὴ
2240 3901 2458 3954 ἀποδεῖν
2504 3900 2566 3953 τὺ
2597 3896 2939 3968 δευτερεύειν
2996 3894 3273 3967 ἀξιώματι
3331 3894 3427 3947 τοῦ
3465 3892 3597 3946 Υίοῦ
3627 3894 3689 3945 τὺ

2119 3992 2383 4063 Πνεῦμαο
2414 3995 2480 4046 ἐκ
2505 3994 2604 4063 τῆς
2649 3990 2939 4058 ἀναλογίας
2979 3988 3075 4042 τοῦ
3131 3988 3268 4058 πρὸς
3320 3988 3411 4041 τὸν
3447 3986 3688 4055 Πατέρα,

2115 4083 2432 4153 δευτερεῖον
2467 4083 2565 4135 τοῦ
2599 4080 2731 4134 Υίοῦ
2764 4080 3050 4151 συνίστησι
3080 4079 3260 4132 τοῦτο.
3289 4077 3427 4147 Φησὶ
3456 4078 3565 4147 γὰρ
3588 4077 3686 4140 ὡς,

2118 4178 2183 4230 Εἰ
2245 4178 2341 4229 καὶ
2372 4175 2682 4244 ύποϐἐϐηκε
2711 4172 2805 4225 τὸν
2835 4172 2964 4225 Υἰὸν
2994 4174 3056 4242 τῇ
3088 4171 3240 4236 τάξει
3284 4173 3378 4223 καὶ
3406 4170 3485 4241 τῷ
3521 4169 3689 4234 ἁξιὼ-

2121 4286 2275 4340 ματι,
2305 4268 2407 4321 ούκ
2437 4265 2520 4319 ἐτι
2554 4266 2621 4320 ἂν
2684 4265 2761 4328 ὡς
2817 4264 3107 4334 ἀλλοτρίας
3165 4263 3408 4334 ὑπάρχον
3452 4262 3692 4332 φύσεως,

2119 4356 2462 4426 ὑποϐέϐηκεν
2489 4342 2653 4409 αὑτὸν
2680 4357 2747 4425 τῇ
2780 4353 2934 4419 τάξει
2967 4352 3063 4407 καὶ
3096 4352 3176 4422 τῷ
3216 4351 3509 4432 άξιιῢματι.
3536 4353 3693 4407 Ἐπεὶ

2116 4451 2212 4503 καὶ
2251 4451 2279 4502 6
2310 4449 2436 4512 Υἱὸς
2492 4448 2747 4518 δεύτερος
2780 4445 2855 4500 ὢν
2906 4445 3001 4499 τοῦ
3055 4446 3269 4514 Πατρός
3313 4445 3465 4510 τάξει
3500 4463 3559 4499 τε
3598 4447 3693 4500 καὶ

439 4546 510 4600 sit
541 4544 735 4601 ordine
786 4555 840 4600 et
883 4545 1167 4616 dignitate,
1198 4562 1305 4600 nun
1348 4555 1436 4601 est
1484 4556 1767 4616 propterea
1818 4556 2015 4600 natura

2120 4543 2414 4612 ἀξιώματι,
2468 4541 2658 4595 οὐκέτι
2716 4540 2812 4593 καὶ
2869 4538 3032 4607 φύσει
3094 4537 3216 4590 ἐστὶ
3269 4538 3556 4608 δεύτερος·
3597 4541 3695 4593 καὶ

437 4639 715 4691 secundus
745 4655 758 4691 :
790 4647 845 4691 et
873 4653 1154 4706 exponens
1182 4648 1406 4695 sanctus
1439 4639 1666 4703 dictum,
1697 4654 1805 4706 quo
1840 4638 2013 4694 Filius

442 4741 472 4779 a
511 4727 668 4783 Patre
695 4731 969 4783 secundus
993 4742 1107 4785 est:
1140 4749 1158 4780 ι
1181 4730 1384 4785 Ordine
1400 4731 1652 4800 quidem,
1688 4730 1888 4799 inquit,
1918 4745 2007 4784 se-

438 4820 653 4875 cundus
684 4831 770 4875 est
816 4837 847 4875 a
882 4823 1061 4885 Patre,
1106 4824 1250 4893 quod
1274 4839 1339 4878 ex
1380 4823 1480 4877 illo
1506 4832 1611 4886 est,
1646 4833 1700 4876 et
1723 4824 2010 4891 dignitate,

439 4912 587 4981 quod
623 4913 952 4983 principium
978 4925 1031 4970 et
1069 4930 1259 4980 causa,
1288 4916 1432 4986 quod
1458 4915 1548 4969 ille
1579 4915 1671 4975 sit,
1706 4914 1865 4968 Pater
1891 4925 2012 4980 est;

437 5005 664 5073 etquod
712 5020 806 5075 per
849 5023 970 5060 eum
1014 5022 1275 5063 accessus
1321 5019 1375 5060 et
1439 5006 1700 5060 adductio
1728 5006 1794 5061 ad
1843 5005 2010 5061 Deum

438 5098 675 5151 Patrem.
720 5117 739 5150 ι

514 5186 566 5241 5.
597 5187 702 5242 Sed
734 5190 855 5257 quis
894 5190 1018 5255 scit,
1059 5189 1313 5258 inquiunt
1357 5189 1675 5256 adversarii,
1708 5205 1777 5245 an
1819 5204 2017 5244 secun-

440 5279 537 5334 das
594 5290 775 5348 partes
825 5279 1062 5348 Spiritus
1132 5292 1385 5350 respectu
1449 5280 1608 5343 Filii,
1660 5282 2017 5352 proportione

440 5371 686 5440 quidem,
720 5375 1053 5440 respondere
1074 5383 1299 5426 sanctus
1329 5372 1580 5441 opinetur
1600 5372 1862 5427 secundis
1894 5372 2014 5426 Filii

445 5463 711 5530 partibus,
760 5474 1008 5530 respectu
1058 5460 1275 5517 Patris?
1314 5461 1447 5529 Quis
1481 5465 1620 5517 scit?
1667 5464 1769 5529 Qui
1808 5464 2014 5518 theolo-

444 5560 563 5625 gica
597 5557 741 5611 dicta
783 5557 1071 5627 diligenter
1102 5558 1395 5627 percurrit,
1423 5559 1626 5641 quibus
1661 5559 1860 5612 similis
1888 5574 2016 5627 pro-

448 5648 624 5715 portio
675 5648 833 5717 plane
881 5649 1194 5703 ittnotcscit.
1227 5648 1359 5714 Quae
1415 5650 1541 5702 licet
1582 5649 1836 5717 pleraque
1882 5650 2014 5712 sint,

448 5740 991 5805 paucanihilominus
1016 5741 1103 5794 hic
1132 5756 1486 5809 appuncmus,
1512 5744 1752 5795 contenti
1779 5749 2017 5792 tantum-

449 5830 609 5885 modo
660 5829 819 5886 dictis
876 5833 1054 5902 magni
1111 5832 1415 5903 Athanasii,
1472 5849 1592 5901 qua:
1643 5847 1871 5902 "mgnus
1929 5832 2015 5888 illc

2116 4631 2509 4704 ἑφερμηνεύων
2543 4634 2571 4684 ὁ
2601 4631 2758 4700 ἅγιος
2806 4629 2897 4683 τὸν
2929 4629 3110 4697 λόγον,
3164 4628 3288 4681 καθ’
3327 4628 3385 4681 ὃν
3416 4631 3535 4681 ἐστι
3561 4626 3685 4681 δεύ-

2114 4743 2272 4795 τερος
2320 4724 2415 4778 τοῦ
2476 4725 2690 4793 Πατρὺς
2743 4725 2770 4774 ὁ
2822 4723 2973 4785 Υἱὸς,
3034 4739 3051 4773 ι
3116 4719 3279 4784 Τάξει
3319 4721 3439 4790 μὲν,
3480 4739 3499 4772 ι
3536 4721 3691 4791 φησι,

2121 4837 2139 4869 ι
2180 4817 2275 4870 τοῦ
2327 4817 2542 4887 Πατρός
2590 4817 2709 4868 ἐστι
2739 4813 3017 4882 δεύτερος,
3069 4812 3153 4864 ὅτι
3209 4809 3303 4863 ἀπ’
3333 4810 3568 4876 ἐκείνου,
3601 4812 3694 4864 καὶ

2116 4909 2415 4982 ἀξιώματι,
2443 4909 2525 4962 ὅτι
2558 4909 2724 4979 ἁρχὴ,
2750 4909 2844 4961 καὶ
2882 4904 3034 4958 αἰτία
3062 4903 3140 4972 τῷ
3174 4898 3314 4955 εἶναι
3344 4904 3565 4970 Πατέρα
3594 4903 3692 4955 αύ-

2115 5003 2209 5056 τοῦ
2262 5003 2358 5054 καὶ
2410 5002 2489 5054 ὃτι
2526 5000 2594 5053 δι’
2622 4999 2787 5053 αὑτοῦ
2840 5000 2873 5070 ἡ
2908 4997 3169 5064 πρόσοδος
3224 4996 3319 5048 καὶ
3354 4998 3694 5067 προσαγωγὴ

2117 5095 2254 5165 πρὸς
2285 5094 2378 5147 τὸν
2409 5094 2540 5147 Θεδν
2574 5096 2669 5145 καὶ
2702 5093 2940 5162 Πατέρα.
2986 5113 3005 5146 ι

2189 5187 2249 5241 ε’.
2300 5185 2459 5240 Ἀλλὰ
2496 5187 2579 5247 τίς
2632 5181 2765 5249 οἶδε,
2816 5188 2978 5252 φασὶν
3021 5188 3070 5239 οἰ
3099 5186 3473 5253 ἀντιλέγοντες
3532 5184 3584 5235 εξ
3634 5182 3694 5235 τὸ

2116 5278 2211 5332 τοῦ
2244 5275 2561 5345 Πνεύματος
2591 5276 2727 5347 πρὶς
2771 5277 2861 5327 τὸν
2919 5277 3045 5329 Υἱῖν
3074 5277 3379 5347 δευτερεῖον
3427 5275 3694 5340 ἀνάλογον

2117 5369 2145 5419 6
2178 5366 2329 5430 ἅγιος
2356 5366 2532 5420 οἴεται
2572 5365 2650 5434 τῷ
2698 5366 2833 5435 -τρδς
2867 5366 2961 5418 τὸν
3001 5367 3222 5436 Πατέρα
3264 5367 3555 5436 δευτερείῳ
3597 5365 3691 5418 τοῦ

2122 5456 2288 5519 Υἰοῦ;
2341 5457 2440 5518 Ἰξίς
2491 5451 2631 5509 οἶδεν
2660 5474 2694 5521 ;~
2725 5458 2786 5509 ὐ
2817 5459 2883 5510 τὰ
2912 5458 3196 5526 (θεολογικὰ
3242 5459 3382 5527 ῥητὰ
3413 5457 3690 5525 ἐπιμελῶς

2119 5537 2498 5619 ἐξερχόμευοξ,
2551 5550 2609 5613 ἐξ
2641 5543 2715 5602 ὧν
2772 5552 2804 5617 ἡ
2840 5550 3064 5618 τοιαύτη
3115 5548 3378 5616 ἀναλογία
3430 5548 3546 5619 ἔχει
3592 5549 3693 5619 τὴν

2119 5641 2502 5711 διατρὰχωσιν,
2532 5637 2605 5694 ὧν
2640 5640 2851 5693 πολλῶν
2891 5640 3063 5694 ὄντων
3085 5641 3346 5707 ὀλιγάττα
3378 5644 3435 5693 ἐν
3474 5640 3553 5707 τῷ
3585 5659 3691 5692 πα-

2126 5734 2270 5804 ρόντι
2302 5734 2629 5804 ὲκΟήσομεν,
2660 5734 2841 5802 μύνοις
2879 5736 2990 5795 τοῖς
3032 5734 3126 5786 τοῦ
3166 5733 3404 5801 μεγάλου
3455 5733 3689 5786 Ἀθανα-

2126 5825 2263 5892 σὶου,
2296 5820 2425 5889 οῗςὸ
2457 5824 2629 5896 μέγας
2660 5820 2812 5887 οῧτος
2847 5827 2903 5876 ἐν
2947 5828 3013 5894 τῇ
3048 5824 3181 5893 πρὸς
3217 5824 3539 5892 Σῖρχπίιυα
3568 5827 3692 5895 περὶ
