4054 6448
210 424 330 494 317

1102 434 1207 494 AD
1246 432 1728 527 THEODORUM
1765 428 2107 490 SUGDJME
2148 432 2379 492 EPISC.
2418 431 2565 491 LIB.
2606 431 2691 490 II.
2750 481 2758 487 .

3368 422 3476 490 318

207 539 316 595 τοῦ
342 538 505 608 ἁγίου
529 538 849 611 Πνεῦματος
881 543 1169 616 Ἐπιστολῇ
1198 545 1498 616 ἐχρήσατο,
1526 541 1797 613 ἀρκεσθέ-
1831 588 1837 600 .

1919 544 2135 610 epistola
2162 544 2230 599 ad
2261 544 2613 613 Serapionem
2646 541 2714 596 de
2756 539 2963 610 Spiritu
3013 549 3205 595 sancto
3241 554 3473 608 usurpa-

208 648 368 695 ντες.
403 629 563 685 Οὕτω
606 632 718 703 γὰρ
746 635 775 687 6
804 633 959 702 ἅγιος
989 635 1166 688 ὲκεϊσέ
1207 646 1378 705 φησι⁶
1420 653 1439 686 ι
1476 635 1585 689 Καὶ
1616 633 1726 703 γὰρ
1750 633 1799 685 εἰ

207 722 335 776 διὰ-
363 720 468 791 τὴν
525 721 664 791 πρὸς
717 722 812 775 τὸν
872 725 1090 794 Πατέρα
1119 725 1215 778 τοῦ
1256 725 1434 793 Λόγου
1460 724 1690 792 ἑνότητα
1736 723 1798 776 οὐ

211 813 472 866 θέλουσιν
521 808 661 865 εῖναι
704 816 816 868 τῶν
845 814 1093 884 γενητῶν
1134 815 1300 868 αὐτὸν
1336 816 1428 868 τὸν
1478 815 1630 878 Υἰὸν,
1658 812 1802 866 διατι

209 908 280 960 τὸ
336 905 572 974 Πνεῦμα
616 905 678 958 τὸ
713 906 890 974 ἅγιον,
921 906 983 960 τὸ
1034 908 1135 976 τὴν
1186 907 1363 977 αὐτὴν
1397 907 1520 977 ἔχον
1567 906 1804 975 ἑνότητα

216 995 362 1066 πρὸς
412 997 508 1048 τὸν
542 995 695 1061 Υἱδν,
745 998 813 1067 ἢν
864 998 1025 1060 αὐτὸς
1076 997 1186 1068 ἔχει
1244 997 1382 1067 πρὸς
1435 997 1526 1051 τὸν
1557 996 1798 1059 Πατέρα,

228 1088 437 1151 κτίσμα
473 1085 735 1152 λέγουσι;
777 1104 797 1138 ι
839 1087 937 1140 καὶ
968 1089 1108 1156 μετὰ
1148 1085 1318 1140 πολλὰ
1345 1086 1445 1156 τῆς
1480 1085 1803 1150 Ἐπιστολῆς

229 1176 433 1244 ταύτης
460 1192 478 1208 ο
513 1194 535 1228 ι
580 1175 805 1244 ’Δμιλει
859 1178 889 1230 6
927 1177 1029 1245 μὲν
1074 1176 1203 1239 Υῐδς
1260 1177 1415 1247 παρὰ
1466 1177 1561 1231 τοῦ
1590 1175 1805 1245 Πατρδς

224 1266 646 1320 ἀποστέλλεται.
689 1285 709 1318 ι
735 1265 895 1320 Οῦτω
920 1267 1056 1335 γὰρ,
1082 1268 1271 1337 φησιν,
1321 1269 1350 1319 6
1374 1267 1507 1329 Θεὸς
1545 1265 1803 1337 ἠγάπησε

225 1360 319 1411 τὸν
350 1359 577 1424 κόσμον,
612 1358 754 1410 ὥστε
776 1358 872 1410 τὸν
894 1357 1024 1411 Υἱδν
1056 1357 1219 1411 αὐτοῦ
1242 1357 1336 1410 τὸν
1376 1359 1639 1426 μονογενῆ
1669 1356 1805 1410 ἔδω-

228 1466 322 1504 κεν
342 1466 358 1481 ο
391 1467 412 1502 ι
444 1451 473 1502 6
496 1449 553 1501 δὲ
579 1449 708 1511 Υἱὸς
728 1448 791 1501 τὺ
815 1448 1040 1517 Πνεῦμα
1068 1447 1409 1501 ἀποστέλλειο
1451 1466 1469 1500 ι
1522 1447 1649 1500 Ἐὰν
1674 1446 1804 1516 γὰρ,

234 1543 417 1612 φησὶν,
440 1542 550 1609 ὶγὼ
567 1541 788 1594 ἀπέλθω
810 1541 1092 1593 ἀποστελῶ
1122 1541 1214 1593 τὸν
1239 1540 1597 1611 Παράκλητον
1621 1555 1636 1570 ’
1663 1558 1683 1592 ι
1711 1537 1808 1592 καὶ

234 1634 262 1685 6
316 1633 418 1701 μὲν
460 1631 590 1694 Υἱὸς
627 1632 721 1685 τδν
771 1631 995 1701 Πατέρα
1043 1630 1278 1696 δοξάζει,
1320 1631 1514 1698 λέγων,
1550 1649 1570 1681 ι
1596 1631 1803 1698 Πάτερ,

240 1724 347 1792 ἑγὼ
379 1740 441 1777 σε
467 1719 691 1786 ἐδόξασα
714 1738 729 1752 ·
773 1740 792 1774 ι
828 1720 889 1774 τὺ
927 1720 983 1774 δὲ
1013 1722 1236 1792 Πνεῦμα
1265 1721 1480 1788 δοξάζει
1508 1721 1603 1774 τὸν
1640 1721 1768 1792 Υξόν
1790 1737 1806 1753 ο

256 1834 277 1866 ι
319 1814 554 1875 Ἐκεῖνος
604 1810 738 1880 γὰρ,
772 1812 959 1878 φησὶν,
1000 1811 1103 1879 ἐμὲ
1153 1810 1390 1874 δοξάσει,
1426 1827 1446 1861 ι
1485 1810 1580 1865 καὶ
1628 1809 1658 1861 6
1710 1807 1809 1878 μὲν

248 1904 374 1966 Υιός
397 1920 557 1972 φησιν
577 1919 590 1933 ·
618 1877 657 1953 -ι
682 1877 768 1954 -Ἃ
799 1877 1007 1971 ἤκουσα
1036 1877 1195 1972 *παρὰ
1222 1901 1319 1954 τοῦ
1356 1901 1588 1969 Πατρὸς,
1634 1877 1810 1952 ταῦτα
1839 1877 1882 1933 Β

239 1997 331 2047 καὶ
354 1993 496 2045 λαλῶ
517 1994 591 2056 εις
614 1991 705 2044 τὸν
732 1990 961 2060 κόσμον.
987 2009 1007 2042 ι
1039 1992 1112 2043 Τὸ
1141 1992 1198 2045 δὲ
1221 1989 1446 2061 Πνεῦμα
1469 1992 1531 2044 ὲκ
1557 1988 1651 2042 τοῦ
1676 1988 1807 2042 Υἱοῦ

229 2083 526 2152 λαμϐάνει·
572 2101 592 2134 ι
635 2082 729 2135 Ἐκ
757 2080 855 2134 τοῦ
896 2081 1032 2151 ἐμοῦ
1074 2082 1184 2152 γὰρ
1219 2080 1479 2152 λήψεται,
1509 2082 1603 2134 καὶ
1633 2082 1808 2147 ἀναγ-

224 2177 385 2245 γελεί
428 2177 583 2244 ὑμῖν,
626 2193 645 2225 ι
684 2173 818 2242 φησι
839 2187 855 2204 ⁶
887 2174 982 2224 καὶ
1029 2175 1057 2227 6
1086 2172 1187 2242 μὲν
1215 2173 1345 2236 Υἱὸς
1389 2175 1450 2224 έν
1479 2173 1558 2242 τῷ
1581 2172 1810 2242 ὀνόματι

224 2263 323 2319 τοῦ
360 2263 579 2333 Πατρδς
606 2258 738 2333 ἦλθε
767 2277 784 2292 ο
836 2278 856 2312 ι
905 2260 980 2313 T6
1027 2260 1085 2313 δὲ
1119 2260 1345 2331 Πνεῦμα
1369 2260 1431 2314 τὸ
1467 2259 1643 2326 ἅγιον,
1703 2275 1811 2328 φη-

225 2361 339 2421 σὶν,
366 2356 395 2408 6
419 2354 634 2423 πέμψει
659 2355 691 2407 6
723 2352 912 2423 Πατὴρ
934 2354 994 2406 ἐν
1040 2351 1118 2423 τῷ
1144 2352 1368 2423 ὀνόματι
1396 2369 1523 2423 μου.
1556 2370 1576 2403 ι
1612 2350 1815 2405 Τοιαύέ

224 2463 328 2516 την
356 2444 419 2499 δὲ
448 2445 605 2508 τάξιν
642 2444 739 2497 καὶ
771 2444 935 2514 φύσιν
971 2443 1185 2513 ἔχοντος
1203 2443 1298 2497 τοῦ
1327 2442 1646 2512 Πνεύματος
1672 2441 1814 2511 πρὸς

228 2538 322 2593 τὸν
354 2537 510 2601 Υἱὸν,
547 2536 669 2589 οταν
703 2536 731 2588 6
758 2535 1030 2605 Υἰδς“ἔχει
1058 2536 1198 2604 πρδς
1233 2535 1327 2588 τὸν
1359 2534 1604 2604 Πατέρα,
1639 2534 1755 2594 πῶς
1785 2534 1814 2586 6

230 2632 396 2685 τοῦτο
423 2631 634 2699 κτίσμα
663 2630 866 2696 λέγων,
911 2630 974 2682 οὐ
1006 2628 1069 2681 τὸ
1097 2627 1232 2681 αὐτὸ
1265 2629 1360 2681 καὶ
1388 2630 1516 2696 περὶ
1549 2626 1646 2680 τοῦ
1677 2626 1813 2680 Υἱοῦ

230 2724 294 2790 ιξ
348 2724 603 2794 ἀνάγκης
650 2724 952 2793 φρονήσει;
1013 2740 1032 2772 ι
1079 2721 1140 2773 Ὃ
1194 2719 1265 2773 τὰ
1303 2719 1589 2788 θεολογικάι
1642 2717 1815 2771 ταῦτα

232 2820 377 2887 ῥητὰ
398 2815 674 2887 ἑπιμελῶς
701 2815 1090 2885 ἐπερχόμενος,
1103 2813 1459 2882 εὐγνωμόνως
1487 2811 1664 2879 πάντη
1689 2825 1817 2861 συν-

229 2911 469 2979 θήσεται
499 2911 617 2971 τοῖς
649 2906 1077 2975 διαγινώσκουσι
1105 2907 1226 2959 κατ’
1275 2904 1466 2957 οὐδένα
1503 2902 1691 2973 ἕτερον
1724 2899 1815 2952 λό-

225 3021 333 3072 γον
357 3000 423 3055 τδ
453 3001 681 3072 Πνεῦμα
713 3000 1090 3068 θεολογεῖσθαι
1117 2998 1378 3069 δεύτερον
1408 2995 1504 3049 τοῦ
1537 2994 1671 3048 Υἱοῦ
1697 2992 1815 3048 ἀλλ’

224 3098 265 3166 ἢ
299 3094 450 3148 κατὰ
506 3095 668 3163 μόνον
695 3094 858 3147 αὑτὸν
911 3091 1033 3146 καθ’
1059 3092 1087 3145 6
1119 3091 1214 3145 καὶ
1245 3093 1274 3144 6
1308 3090 1435 3153 Υἱὸς
1457 3088 1552 3142 τοῦ
1603 3086 1819 3157 Πατρός

1904 638 2001 693 vit.
2033 636 2212 692 Verba
2241 636 2388 691 illius
2417 642 2589 691 sunt:
2640 651 2658 685 ι
2697 631 2935 695 Etenim,
2972 632 3016 686 si
3049 640 3273 701 propter
3311 631 3473 685 Verbi

1904 731 2160 785 unionem
2186 729 2251 781 ad
2273 727 2513 789 Patrem,
2535 725 2783 779 abnuunt
2811 739 2934 779 esse
2956 732 3262 779 creaturam
3293 723 3474 792 ipsum

1905 821 2129 883 Filium,
2173 834 2281 888 qua
2314 818 2399 885 {de
2432 832 2599 871 causa
2646 815 2906 884 Spiritum
2949 824 3197 869 sant-tum
3228 814 3473 881 ejusdem

1905 913 2121 968 unionis
2151 910 2219 965 ad
2251 909 2472 973 Filium,
2502 922 2666 977 quam
2696 906 2889 970 Filius,
2929 907 3091 960 habet
3134 905 3200 959 ad
3236 905 3480 968 Patrem,

1904 1013 2237 1074 compotem,
2272 1011 2581 1057 creaturam
2616 1001 2911 1055 asserunt?
2947 1019 2966 1051 ι
3009 1000 3075 1054 Et
3102 999 3349 1069 pluribus
3374 998 3481 1052 ihi-

1905 1098 2026 1150 dem
2064 1082 2367 1164 interiectis
2398 1113 2411 1149 :
2459 1113 2478 1145 ι
2513 1092 2765 1148 Profecto
2800 1091 2972 1146 Filius
3006 1092 3227 1160 quidem
3262 1107 3290 1144 a
3318 1092 3477 1145 Patre

1906 1189 2164 1243 mittitur.
2204 1206 2223 1238 ι
2259 1186 2351 1240 Sic
2378 1186 2547 1250 enim,
2581 1184 2778 1254 inquit,
2806 1182 2948 1237 Deus
2976 1182 3240 1237 mundum
3262 1180 3484 1245 dilexit,

1906 1288 1968 1334 ut
2001 1279 2194 1333 Filium
2233 1293 2392 1331 suum
2424 1276 2760 1345 unigenitum
2798 1274 3013 1328 daret“
3043 1290 3059 1339 ;
3091 1292 3110 1325 ι
3150 1272 3321 1326 Filius
3347 1288 3480 1326 vero

1906 1367 2168 1435 Spiritum
2202 1364 2387 1420 mittit.
2431 1384 2450 1416 ι
2483 1364 2538 1418 Si
2568 1366 2714 1418 enim
2743 1364 2841 1427 ait,
2875 1378 2975 1433 ego
3008 1363 3216 1428 abiero,
3268 1361 3479 1414 mittam

1907 1457 2250 1513 Paracletum
2275 1457 2344 1519 ¹²,
2383 1473 2403 1507 ι
2444 1466 2499 1511 et
2533 1455 2708 1511 Filius
2752 1454 2974 1525 quidem
3024 1450 3481 1519 Patrem‘gloritiw

1906 1557 2016 1611 cat,
2050 1548 2261 1612 dicens,
2293 1545 2475 1612 Pater,
2513 1560 2616 1617 ego
2652 1554 2703 1600 te
2734 1543 3064 1614 gloriﬁcavi;
3097 1541 3332 1610 Spiritus
3354 1554 3483 1593 vero

1907 1637 2174 1709 gloriﬁcat
2199 1637 2429 1699 Filium;
2483 1654 2502 1687 ι
2531 1634 2625 1690 Ille
2661 1635 2829 1696 enim,
2863 1632 2994 1687 dicit
3031 1646 3138 1695 me,
3198 1629 3473 1700 glorifica-

1911 1728 2071 1784 bit".
2119 1746 2139 1779 ι
2177 1728 2242 1781 Et
2291 1725 2467 1781 Filius
2496 1723 2716 1794 quidem
2761 1722 2945 1777 dicit:
3002 1739 3022 1770 ι
3056 1720 3188 1785 Quze
3235 1717 3421 1772 audivi
3453 1732 3487 1771 α

1912 1820 2096 1882 Patre,
2116 1819 2233 1873 haec
2261 1817 2455 1885 loquor
2484 1816 2540 1869 in
2573 1813 2837 1868 mundum
2864 1811 2931 1865 “.
2960 1830 2979 1862 ι
3012 1810 3252 1879 Spiritus
3268 1823 3397 1888 vero
3417 1822 3484 1862 ex

1913 1912 2051 1968 Filio
2079 1909 2310 1980 accipit;
2352 1926 2370 1959 ι
2408 1906 2487 1960 Ex
2521 1920 2643 1960 meo
2692 1904 2837 1957 enim
2891 1902 3111 1971 accipit.
3157 1900 3259 1964 ait,
3300 1909 3352 1953 et
3382 1914 3487 1953 an-

1910 2001 2187 2060 nuntiabit
2235 1998 2454 2055 vobis”
2487 2013 2503 2050 :
2537 2015 2556 2048 ι
2613 2006 2668 2050 et
2700 1995 2873 2050 Filius
2913 1993 3132 2062 quidem
3182 1995 3235 2045 in
3265 1990 3490 2044 nomine

1910 2090 2302 2154 Patris‘venit;
2339 2105 2358 2141 ι
2393 2086 2633 2157 Spiritus
2657 2099 2786 2140 vero
2816 2091 3062 2144 sanctus,
3096 2097 3256 2151 quem
3288 2084 3484 2142 millet,

1912 2181 2115 2251 inquit,
2155 2181 2319 2236 Pater
2362 2177 2417 2250 in
2447 2175 2673 2232 nomine
2700 2174 2908 2229 meo“.
2941 2190 2962 2225 ι
2994 2172 3152 2225 Hunc
3181 2171 3362 2239 itaque
3391 2186 3486 2222 or-

1913 2273 2094 2328 dinem
2131 2281 2187 2326 et
2216 2280 2468 2326 naturam
2501 2282 2629 2337 erga
2662 2265 2863 2320 Filium
2905 2262 3224 2333 possidente
3255 2261 3486 2329 Spiritu,

1912 2380 2075 2437 quam
2101 2373 2158 2419 et
2187 2362 2361 2417 Filius
2391 2360 2634 2430 possidet
2657 2371 2787 2427 erga
2824 2355 3065 2420 Patrem,
3099 2368 3204 2422 qua
3252 2353 3489 2417 ratione,

1914 2456 2009 2527 qui
2060 2456 2208 2510 hunc
2237 2461 2547 2509 creaturam
2578 2447 2798 2510 asserit,
2835 2461 2943 2499 non
2981 2444 3125 2498 idem
3164 2453 3218 2497 et
3254 2443 3320 2497 de
3350 2442 3489 2495 Filio

1917 2546 2232 2601 necessario
2284 2537 2650 2611 exeogitabit?
2683 2555 2701 2589 ι
2735 2535 2839 2602 Qui
2870 2536 2983 2589 [nec
3014 2531 3316 2600 theologica
3343 2529 3488 2585 dicta

1876 2704 1887 2713 _
1915 2643 2171 2690 accurate
2196 2630 2516 2702 perpendet,
2538 2642 2699 2697 aequo
2732 2628 2916 2681 animo
2949 2640 3176 2696 prorsus
3199 2639 3486 2679 assensum

1914 2724 2200 2801 prrebebit,
2249 2720 2715 2788 concordabitque
2759 2734 2884 2774 cum
2943 2716 3362 2778 aﬂirmautilms,
3403 2714 3491 2768 illa

1916 2814 2260 2875 solummodo
2288 2812 2500 2866 ratione
2527 2810 2790 2879 Spiritum
2814 2807 2922 2862 dici
2948 2805 3248 2861 secundum
3277 2820 3304 2857 a
3329 2801 3489 2864 l-‘ilio,

1917 2924 2026 2979 qua
2051 2917 2107 2962 et
2144 2905 2317 2959 Filius
2355 2919 2385 2957 a
2422 2903 2583 2956 Patre
2627 2916 2748 2956 esse
2794 2898 3071 2953 secundus
3109 2897 3403 2961 astruitur;
3438 2907 3495 2948 et

1919 3002 2004 3056 his
2049 2999 2270 3069 quidem
2325 3008 2616 3050 assensum
2648 2988 2952 3063 praebebit,
2983 2997 3042 3041 ut
3077 2986 3190 3053 jam
3224 2985 3358 3049 dixi,
3402 2983 3495 3051 qui

1916 3107 2075 3163 aequo
2105 3090 2292 3146 animo
2324 3102 2412 3141 res
2445 3083 2733 3154 dijudicat.
2774 3081 2839 3135 Et
2881 3080 3098 3141 modus,
3126 3077 3219 3145 qui
3254 3092 3319 3130 ex
3348 3074 3499 3130 Scri-

224 3189 358 3240 ὲστι
395 3182 674 3255 δεύτερος.
725 3185 837 3237 Καὶ
869 3185 898 3237 6
938 3185 1038 3253 μὲν
1071 3186 1185 3247 τοῖς
1215 3182 1393 3236 ταῦτα
1420 3179 1818 3249 διαγινώσκου-

1924 3181 2103 3255 pturis
2158 3175 2683 3233 demonstrationem
2731 3171 2833 3226 sibi
2880 3169 3152 3232 vindicat,
3198 3167 3497 3227 secundus,

229 3295 325 3334 σιν
351 3276 533 3343 οὕτως
559 3274 942 3346 εὐγνωμονῶν,
971 3274 1046 3338 ῶς
1082 3292 1173 3344 μοι
1202 3274 1423 3346 ἐρρέθη,
1449 3272 1775 3343 συνθήσεται
1801 3287 1816 3302 ’

228 3371 373 3438 ἡμῖν
398 3366 457 3419 δὲ
486 3369 583 3419 καὶ
606 3367 634 3418 6
664 3367 765 3436 τὴν
795 3365 1082 3431 ἀπόδειξιν
1107 3368 1215 3419 ἀπδ
1247 3365 1483 3436 Γραφῶν
1531 3363 1672 3434 έχων
1694 3362 1815 3416 6&6-

229 3476 401 3528 τερος
446 3458 651 3527 τρόπος
694 3459 786 3510 ἐπὶ
816 3460 933 3521 τοῖς
973 3457 1220 3528 ῥηθεῖσιν
1278 3454 1393 3521 ἕξει
1417 3456 1480 3510 1:6
1510 3455 1700 3526 κῦρος.
1753 3454 1820 3507 Εἰ

235 3554 350 3623 γαρ
378 3549 509 3619 ὅρος
547 3549 632 3611 τίς
665 3551 814 3607 ἐστιν
874 3548 983 3605 ἀπὸ
1012 3549 1249 3620 Γραφῶν
1293 3548 1673 3620 ἀπαράϐατος,
1701 3549 1824 3602 κατ’

236 3640 440 3693 οὐδένα
495 3640 687 3713 ἕτερον
716 3637 878 3706 λόγον
909 3638 942 3710 ἢ
976 3640 1140 3709 μόνον
1170 3655 1234 3706 γε
1288 3641 1382 3694 τὸν
1415 3639 1510 3693 τοῦ
1544 3638 1824 3705 αἰτιατοῦ,

243 3729 339 3782 καὶ
361 3728 432 3810 τὸ
457 3728 551 3781 τοῦ
574 3727 706 3782 Υἱοῦ
745 3728 882 3798 πρὸς
910 3729 1002 3781 τὸν
1028 3729 1277 3799 Πατέρα,
1309 3729 1407 3782 καὶ
1432 3730 1494 3782 τὸ
1523 3730 1618 3782 τοῦ
1656 3729 1827 3782 Πνεύο

240 3837 421 3892 ματος
440 3820 577 3889 πρὸς
608 3820 700 3873 τὸν
730 3820 882 3882 Υἱὺν,
917 3822 1014 3874 καὶ
1039 3824 1154 3883 τοῖς
1178 3821 1492 3887 Θεολογοῦσι
1519 3822 1828 3891 δευτερεῖον

237 3914 528 3991 εἰλῆφθαι,
556 3912 923 3965 ὲντελέστατα
953 3914 1172 3975 πάντως
1205 3915 1337 3984 ἡμῖν
1365 3916 1398 3983 ἡ
1428 3915 1535 3969 ἀπὸ
1554 3916 1662 3969 τῶν
1688 3916 1829 3985 Γρα..

243 4007 366 4077 φῶν
399 4005 496 4058 τοῦ
521 4003 774 4074 δευτέρου
802 4003 1009 4073 τρόπου
1049 4004 1349 4072 ἀπόδειξις,
1381 4005 1477 4059 τοῦ
1509 4007 1613 4060 τῶν
1641 4005 1829 4075 ἐντελῆ

247 4103 344 4172 τὴν
380 4097 545 4170 ῥῆσιν
577 4096 819 4167 ἐχουσῶν
850 4096 1073 4167 βίϐλων,
1127 4097 1317 4165 ὑγιοῦς
1364 4097 1461 4158 καὶ
1491 4099 1831 4172 ἀπαρεγχει-

250 4193 415 4256 ρήτου
444 4184 747 4254 ἐκϐέϐηκε.
1720 4174 1723 4175 ν

318 4276 393 4343 ς’.
428 4278 571 4347 Πρὸς
599 4276 657 4330 δὲ
684 4277 745 4330 τὸ
768 4277 867 4346 τῆς
896 4278 1174 4348 ἀναφορᾶς
1203 4278 1479 4351 δεύτερον,
1512 4279 1540 4333 6
1575 4279 1705 4351 περὶ
1730 4281 1832 4351 τῆς

247 4370 340 4423 τοῦ
364 4370 528 4435 ἁγίου
558 4367 877 4439 Πνεῦματός
908 4371 1056 4425 ἐστιν
1097 4372 1479 4442 ὲμφυσήσεως,
1513 4373 1677 4444 χάριν
1702 4373 1832 4433 ταύ-

245 4479 345 4532 την
367 4456 511 4515 εἶναι
536 4461 913 4532 πνευματικὴν
933 4461 1042 4515 τῶν
1064 4462 1133 4517 δι’
1155 4461 1406 4525 ἐναντίας
1432 4464 1826 4536 ένισταμένων,

243 4552 423 4605 ταῦτα
463 4568 547 4605 σοι
576 4553 906 4621 ἀποχρήσει,
932 4550 969 4604 6.
1002 4554 1030 4604 6
1062 4552 1223 4614 αὐτὸς
1259 4552 1434 4621 μέγας
1473 4553 1758 4619 Βασίλειος
1778 4557 1835 4611 ἐν

244 4644 331 4698 ἑνὶ
386 4644 501 4695 τῶν
551 4643 883 4712 κεφαλαίων,
918 4636 979 4697 οὗ
1029 4647 1061 4715 ἠ
1110 4646 1413 4718 ἐπιγραφὴ,
1459 4665 1477 4698 ι
1531 4647 1654 4701 Ὅτι
1717 4648 1837 4701 θεία

244 4736 414 4804 φύσις
443 4738 505 4788 τὸ
539 4734 784 4805 Πνεῦμα,
818 4755 837 4786 ι
874 4736 1006 4806 φησι
1033 4753 1044 4765 ·
1080 4756 1098 4788 ι
1150 4737 1374 4815 Πνεῦμα
1414 4740 1520 4810 γὰρ
1565 4738 1643 4809 τῷ
1673 4737 1838 4803 ζῶντι

244 4828 410 4896 Λόγῳ
451 4826 886 4895 συντεταγμένον
918 4830 1001 4890 εἰς
1029 4827 1090 4881 τὸ
1132 4829 1507 4898 δημιουργεῖν,
1553 4829 1707 4894 ζῶσα
1742 4831 1834 4885 δύο

244 4936 309 4970 v1
320 4933 415 4985 μις
448 4919 541 4969 καὶ
567 4916 688 4969 θεία
731 4916 912 4986 φύσις,
941 4919 1179 4991 ἄρῤητος
1218 4919 1278 4985 ἐξ
1309 4923 1549 4993 ἀρρήτου
1573 4923 1837 4992 στόματος

246 5010 559 5076 ⁸ιτεςξβιγκυῖα,
587 5008 847 5078 ἀρρήτως
890 5011 984 5063 xa‘t
1012 5014 1154 5064 κατὰ
1182 5010 1281 5081 τὴν
1307 5014 1614 5086 ἐμφύσησιν
1644 5015 1720 5076 εἰς
1747 5015 1838 5069 τὸν

249 5099 544 5169 ἄνθρωπον
596 5101 1008 5170 ἀπεσταλμένη,
1043 5104 1137 5156 καὶ
1182 5103 1324 5155 κατὰ
1362 5104 1457 5157 τὸν
1506 5106 1838 5173 σωματικῶς

249 5189 359 5241 ὑπὸ
382 5190 479 5242 τοῦ
515 5189 721 5257 Κυρίου
769 5189 1051 5259 δειχθέντα
1102 5191 1295 5256 τύπον,
1327 5187 1484 5255 αὖθις
1537 5193 1632 5245 ὑπ’
1670 5193 1836 5246 αὐτοῦ

248 5279 319 5331 δι’
365 5281 739 5350 ἐμφυσήσεως
791 5281 1310 5353 ἀποκαθισταμένηι·
1365 5284 1674 5356 συντρέχειν
1730 5287 1837 5356 γὰρ

1920 3276 2093 3336 hisce,
2124 3286 2244 3341 qua:
2274 3268 2537 3328 diximus.
2569 3263 2954 3319 auctoritatem
3001 3260 3231 3316 obtinet.
3258 3257 3499 3321 Etenim,

1921 3366 1967 3422 si
1997 3365 2406 3432 Scripturarum
2436 3357 2680 3418 decreto,
2716 3354 2863 3407 nulla
2900 3352 3005 3407 alia
3035 3351 3267 3407 ratione.
3302 3346 3397 3402 sed
3435 3362 3498 3400 ea

1922 3454 2330 3515 tantummodo,
2359 3466 2482 3521 quae
2512 3460 2596 3504 est
2623 3464 2687 3503 ex
2721 3461 2911 3511 causa,
2944 3454 2997 3499 et
3017 3443 3142 3498 Filii
3170 3441 3234 3495 ad
3257 3440 3498 3503 Patrem,

1923 3560 1979 3607 et
2005 3549 2243 3620 Spiritus
2296 3544 2363 3600 ad
2420 3542 2638 3607 Filium,
2687 3537 2922 3608 theologi
2974 3534 3244 3591 secundas
3299 3537 3492 3602 partes

1927 3642 2220 3711 accipiunt,
2269 3633 2676 3691 absolutissime
2709 3644 2934 3698 prorsus
2967 3643 3033 3682 ex
3062 3625 3361 3696 Scripturis
3406 3637 3504 3692 per

1927 3730 2152 3787 modum
2200 3725 2504 3782 secundum
2555 3717 2957 3776 demonstratio
3009 3715 3204 3787 petita,
3236 3714 3502 3768 librorum

1929 3826 2198 3891 integrum
2241 3818 2449 3871 dictum
2520 3808 2990 3883 praeseferentium
3049 3804 3500 3865 incolumitatem,

1929 3913 2097 3969 nullis
2151 3922 2390 3980 unquam
2438 3903 2743 3961 rationibus
2795 3896 3203 3955 convellendam
3284 3901 3508 3951 constas

1932 4005 2071 4062 bilit.

2008 4293 2063 4348 ti.
2091 4288 2268 4360 Capiti
2304 4301 2443 4343 vero
2489 4296 2596 4340 tua:
2621 4283 2907 4340 relationis
2939 4280 3202 4345 secundo,
3246 4276 3392 4348 quod
3441 4277 3510 4334 de

1939 4383 2308 4442 insumatione
2336 4379 2575 4448 Spiritus
2596 4375 2771 4432 sancti
2801 4383 2907 4438 est,
2940 4388 3106 4444 quam
3134 4371 3363 4442 gratiam
3389 4384 3513 4424 esse

1940 4473 2275 4547 spiritualem
2322 4465 2621 4523 adversarii
2679 4464 3040 4527 contendunt,
3090 4460 3225 4515 satis
3265 4455 3511 4514 abunde-

1942 4582 2059 4636 que.
2086 4560 2441 4633 respondebit
2471 4572 2702 4629 magnus
2736 4554 2973 4610 Basilius
3002 4554 3205 4623 capite,
3251 4565 3362 4621 quo
3389 4564 3516 4619 pro-

1941 4658 2059 4721 bat,
2117 4654 2358 4710 divinam
2387 4664 2510 4706 esse
2560 4657 2816 4703 naturam
2867 4645 3137 4715 Spiritus,
3184 4658 3307 4698 cum
3335 4640 3515 4696 dicit:

1950 4767 1969 4801 ι
2015 4746 2255 4819 Spiritus
2298 4742 2445 4799 enim
2474 4755 2600 4796 cum
2640 4738 2847 4794 viventi
2875 4736 3050 4792 Verbo
3096 4736 3152 4790 in
3208 4733 3400 4790 eodem
3430 4747 3519 4787 or-

1948 4841 2078 4896 dine
2103 4838 2406 4894 collocatus
2455 4834 2523 4888 ad
2547 4836 2871 4895 creandum,
2913 4832 3101 4884 vivens
3129 4831 3324 4895 virtus,
3350 4836 3404 4883 et
3435 4826 3520 4881 di-

1946 4931 2070 4984 vina
2113 4936 2332 4990 natura,
2380 4921 2671 4978 ineﬂabilis
2700 4937 2765 4976 ex
2796 4919 3053 4974 ineffabili
3095 4933 3194 4974 ore
3225 4916 3522 4986 exsistens,

1944 5021 2204 5078 ineﬂ‘abili
2235 5016 2416 5082 modo,
2450 5024 2504 5069 et
2533 5030 2630 5084 per
2658 5012 2905 5067 inﬂatum
2952 5012 3007 5067 in
3043 5011 3295 5066 homines
3331 5010 3519 5074 missa,

1943 5125 1998 5171 et
2021 5112 2325 5169 secundum
2349 5122 2672 5177 corporeum
2694 5121 2723 5158 a
2747 5105 2976 5159 Domino
3007 5115 3192 5175 typum
3216 5112 3520 5165 ostensum,

1946 5217 2140 5258 rursus
2186 5199 2255 5253 ab
2293 5211 2383 5261 eo,
2428 5211 2526 5267 per
2582 5195 2829 5250 inﬂatum
2880 5194 3522 5250 restitutazconcurrere

1936 5296 2081 5350 enim
2111 5291 2272 5345 debet
2300 5304 2423 5343 cum
2454 5288 2633 5358 prima
2668 5287 2933 5353 novitate,
2966 5302 3055 5351 ea,
3092 5300 3222 5355 quae
3253 5299 3400 5338 nunc
3421 5282 3515 5344 sit,

251 5373 333 5426 δεῖ
355 5376 418 5445 τῇ
448 5373 737 5444 καταρχὴν
763 5375 1042 5445 καινότητι
1068 5375 1169 5447 τὴν
1200 5377 1296 5429 νῦν
1342 5376 1710 5443 ἀνακαίνισιν,
1745 5379 1837 5430 καὶ

1943 5381 2243 5445 innovatio,
2276 5388 2352 5435 ~et
2401 5393 2729 5434 concursum
2781 5377 3046 5449 expressit
3091 5375 3337 5437 suiﬂans,
3372 5371 3516 5427 idem

250 5466 350 5537 τὴν
386 5465 697 5537 συνδρομὴν
740 5467 1104 5533 ὲξετύπωσεν,
1134 5470 1477 5538 ἐμφυσήσεις,
1511 5469 1609 5538 οὐχ
1656 5471 1837 5540 ἕτερος

1946 5478 2035 5531 ille
2065 5474 2367 5536 exsistens,
2400 5472 2493 5541 qui
2536 5487 2568 5526 a
2621 5470 2892 5541 principio
2918 5468 3231 5530 iusuﬂlavit,
3266 5465 3520 5533 idemque

249 5560 329 5613 ῶν
362 5558 519 5629 παρὰ
570 5559 664 5612 τὸν
700 5558 761 5622 ἐξ
807 5558 985 5629 ἀρλῆς
1024 5560 1442 5630 ὲμφυσήςταντα,
1495 5561 1610 5614 ἀλλ’
1657 5562 1837 5625 αὐτὸς,

1944 5583 2039 5636 per
2069 5581 2228 5636 quem
2265 5564 2409 5619 Deus
2442 5561 2689 5616 inﬂatum
2722 5560 2985 5631 elargitus
3016 5566 3121 5623 est,
3151 5568 3262 5611 tum
3302 5553 3517 5623 quidem

250 5652 323 5705 δι’
354 5647 416 5707 οὗ
462 5652 599 5716 Θεὸς
651 5652 852 5706 δέδωκε
887 5655 986 5724 τὴν
1039 5653 1353 5725 ἐμφύσησιν
1390 5655 1512 5707 τότε
1565 5656 1664 5725 μὲν
1705 5654 1837 5726 μετὰ

1943 5671 2069 5710 cum
2107 5655 2311 5721 anima,
2348 5668 2493 5708 nunc
2525 5666 2653 5707 vero
2694 5652 2747 5706 in
2787 5649 3051 5705 animam.
3089 5664 3110 5700 ο
3149 5644 3285 5701 Cum
3328 5644 3517 5716 itaque

324 5812 363 5845 ¹¹
398 5811 565 5867 Joau.
602 5827 686 5875 ιιι,
724 5810 809 5865 16.
887 5811 930 5843 ⁸³
958 5809 985 5866 J
1010 5828 1113 5866 nan.
1150 5828 1260 5877 χνι,
1296 5814 1346 5866 7.
1426 5812 1468 5844 ⁸³
1499 5811 1630 5866 ibid.
1663 5812 1743 5867 14.
1826 5804 1837 5844 ¹

1925 5828 2050 5866 uult.
2080 5828 2164 5876 xv,
2207 5810 2290 5865 15.
2397 5808 2439 5841 ¹⁸
2468 5806 2605 5863 ibid.
2633 5805 2717 5860 H.
2823 5803 2865 5834 “
2897 5798 3030 5857 ibid.
3078 5799 3164 5862 14,
3204 5798 3295 5855 9.6.
