4054 6414
604 319 709 382 319

611 804 804 863 inabit,
841 807 1182 873 spiritualem
1219 817 1449 883 gratiam
1501 836 1644 885 esse,
1680 809 1820 894 'qua’
1860 845 2012 898 aeque
2038 849 2178 889 seum

601 891 782 945 V'erho
807 897 1110 954 collocatur
1139 903 1206 955 ad
1233 908 1557 974 creandum,
1594 916 1685 965 sed
1713 916 1882 985 ipsam
1910 922 2178 978 viventem

594 984 854 1039 virtutem
885 1000 939 1041 et
967 992 1205 1048 divinam
1240 1008 1492 1053 naturam
1520 984 1775 1072 Spiritus.
1808 1009 1893 1077 Et,
1931 1015 1972 1067 si
2000 1014 2052 1069 id
2075 1029 2177 1081 est,

592 1159 720 1223 lem,
776 1164 1026 1221 inﬂatum
1064 1187 1094 1225 a
1146 1172 1287 1230 Filio
1318 1178 1581 1245 Spiritum
1630 1190 1924 1258 accipiunt,
1962 1208 2015 1250 et
2050 1199 2173 1256 aliis

590 1252 842 1311 tradunt.
892 1259 1125 1318 Attende
1168 1269 1355 1335 etiam,
1388 1276 1531 1340 quod
1569 1279 1700 1333 mihi
1740 1287 2173 1348 consideratione

585 1353 695 1394 non
726 1344 1015 1412 indignum
1042 1353 1342 1421 judicatur.
1376 1361 1603 1435 Magnus
1628 1369 2015 1434 Basiliusuunc
2042 1384 2168 1452 qui-

1468 1430 1491 1435 -.
1954 1430 2013 1434 '7'
2047 1430 2134 1452 1"

586 1430 711 1486 dem
767 1437 1029 1506 Spiritum
1105 1448 1247 1505 lumc
1304 1452 1541 1512 divinam
1620 1473 1869 1521 naturam
1911 1475 2163 1541 appellat,

589 1524 919 1584 int-ﬂabilem
964 1550 1025 1587 ex
1070 1538 1329 1596 ineﬂahili
1377 1562 1472 1601 ore
1515 1565 1957 1627 promauautem,
1996 1580 2161 1621 unum

585 1614 775 1672 dicens
806 1636 888 1686 os,
924 1639 987 1677 ex
1021 1643 1131 1695 quo
1163 1634 1421 1703 Spiritus,
1454 1649 1506 1693 et
1538 1657 1646 1697 non
1685 1646 1795 1701 duo
1823 1667 1834 1701 :
1871 1667 2016 1707 nunc
2036 1670 2164 1710 vero

580 1704 721 1761 infra
773 1717 1046 1774 nonnullis
1108 1727 1359 1792 annexis,
1405 1736 1655 1789 eumdem
1688 1754 1808 1795 esse
1843 1747 2027 1809 tradit,
2066 1749 2158 1819 qui

582 1798 747 1819 ιιι-Αἳκ-
802 1804 832 1819 Ι·
926 1808 936 1818 '
1057 1811 1101 1819 ⁸*
1180 1815 1189 1819 ’

578 1798 867 1868 discipulis
925 1808 1239 1877 iusuﬂlavit,
1288 1828 1342 1871 et
1375 1825 1632 1880 eumdem
1679 1844 1775 1898 per
1818 1850 1978 1902 quem
2020 1798 2158 1895 Deus

580 1891 884 1974 antiquitus
933 1902 1171 1967 primum
1214 1921 1404 1964 creato
1460 1915 1665 1971 homini
1715 1920 1956 1978 inﬂatum
2009 1930 2160 1983 exhi-

574 1979 715 2046 buit,
750 1994 804 2038 et
851 2004 975 2043 cum
1029 1994 1128 2056 ait,
1180 2016 1197 2048 ι
1231 2015 1325 2068 per
1374 2020 1535 2072 quem
1596 2007 1737 2064 Deus
1784 2016 2099 2087 insuﬂlavit,
2133 2042 2151 2075 ι

586 2075 880 2136 perspicue
910 2082 1044 2136 duas
1082 2102 1480 2150 comn‘tonstrat
1511 2113 1773 2163 personas
1816 2106 1905 2161 Dei
1948 2120 2002 2164 et
2035 2113 2158 2167 Pa-

583 2162 686 2215 tris
721 2182 783 2218 ex
838 2185 949 2238 quo
980 2173 1224 2245 inﬂatus,
1262 2190 1316 2237 et
1367 2185 1455 2240 Dei
1488 2162 1633 2255 Filii,
1660 2209 1754 2261 per
1790 2162 2154 2265 quemin—ﬂa-

571 2258 696 2318 tus;
738 2270 865 2309 cum
901 2275 1028 2316 vero
1055 2264 1318 2336 singulari
1354 2290 1583 2332 numero
1612 2296 1675 2334 os
1712 2285 1935 2350 profert,
1967 2300 2152 2345 osten-

568 2341 672 2410 dit,
700 2347 963 2418 quidquid
997 2355 1065 2410 de
1110 2357 1314 2429 Spiritu
1355 2382 1420 2420 ex
1451 2365 1613 2423 Patre
1656 2341 1752 2441 per
1785 2341 1981 2432 Filiu’m

569 2444 679 2494 tur.
716 2454 821 2493 nou
856 2452 1114 2514 tanquam
1151 2469 1215 2505 ex
1252 2456 1463 2513 duabus
1504 2465 1690 2518 causis
1736 2482 1891 2534 esse;
1927 2475 2066 2539 quod
2098 2485 2147 2529 ct

566 2530 836 2607 capitibus
900 2538 964 2588 ad
1041 2544 1484 2611 Amphilochium
1543 2553 1758 2621 plenius
1823 2558 2144 2628 insinuavit,

559 2616 852 2676 diction-un
904 2646 994 2690 per
1021 2630 1221 2688 Filium
1284 2641 1475 2707 prima:
1508 2654 1561 2698 et
1622 2651 1905 2717 principum
1966 2670 2145 2711 causa

558 2710 960 2771 confessionem
1008 2739 1130 2778 esse
1163 2728 1481 2788 deet-ruens.

644 2799 698 2855 7.
761 2803 1007 2864 Tertium
1068 2823 1172 2869 tuae
1224 2820 1508 2879 relationis
1577 2839 1740 2898 caput
1811 2844 1948 2901 erat,
2017 2854 2144 2906 pro-

563 2892 856 2958 prietatum
917 2904 1299 2967 confusionem
1372 2919 1571 2974 ascribi
1641 2926 1923 2993 Romanis,

560 2980 804 3039 fatentur
884 2989 1144 3059 Spiritum
1221 3017 1285 3057 ex
1369 3006 1530 3064 Patre
1619 3025 1674 3069 et
1746 3017 1888 3073 Filio
1953 3038 2143 3091 proce—

1796 3070 1803 3071 ,
1864 3070 1877 3073 ν
1953 3070 2112 3091 ,ηπ

557 3070 706 3131 dere.
749 3079 817 3132 At
872 3082 974 3139 hoc
1039 3092 1329 3151 manifesto
1382 3100 1575 3155 falsum
1640 3120 1762 3161 esse
1839 3111 2125 3180 evincitur,
2158 3128 2205 3192 ο

559 3168 703 3192 ιιι-ΛΑ
738 3187 863 3192 --..,
907 3176 918 3187 ι
994 3179 1005 3191 ι
1079 3180 1121 3192 η.
1159 3184 1169 3192 .
1227 3186 1239 3192 -

559 3168 703 3229 quod
736 3176 969 3242 propria:
991 3179 1045 3233 in
1079 3180 1276 3240 Triade
1317 3195 1674 3261 proprietates
1725 3199 1839 3269 ipsa
1887 3202 2001 3259 ltmc
2032 3168 2132 3261 no:

553 3262 702 3316 mina
736 3278 884 3335 sunt,
918 3270 1097 3340 Pater,
1127 3278 1295 3337 Filius
1318 3294 1371 3338 et
1401 3288 1653 3356 Spiritus.
1682 3295 1927 3353 Paterna:
1957 3302 2131 3371 siqui-

548 3354 671 3410 dem
730 3360 1039 3432 hypostasis
1100 3377 1370 3440 exquisita
1443 3386 1747 3452 proprietas
1818 3396 2132 3458 agnoscitur

546 3461 689 3510 esse,
729 3449 949 3509 Patrem
980 3475 1156 3530 neque
1190 3464 1387 3522 Filiqu
1440 3487 1615 3543 neque
1664 3476 1926 3548 Spiritum
1958 3502 2077 3541 esse
2112 3506 2125 3543 :

547 3547 602 3591 et
633 3540 938 3610 hypostasis
987 3566 1175 3611 rursus
1231 3556 1375 3624 Filii,
1425 3561 1623 3621 Filium
1680 3587 1856 3641 neque
1910 3575 2124 3635 Patrem

549 3644 728 3699 neque
750 3632 1011 3705 Spiritum
1044 3659 1165 3701 esse
1194 3666 1207 3703 :
1236 3652 1351 3719 pari
1385 3657 1546 3711 modo
1573 3667 1627 3712 et
1669 3632 1905 3730 Spiritus
1956 3670 2125 3739 hypo-

545 3725 713 3779 ltasis
759 3734 975 3799 propria
1022 3740 1353 3808 proprietas,
1407 3747 1667 3817 Spiritum
1713 3771 1888 3826 neque
1910 3725 2121 3818 Patrem

508 3850 513 3857 .
546 3831 722 3886 neque
754 3820 973 3892 Filium,
1009 3831 1103 3885 sed
1129 3843 1504 3897 tantummodo
1540 3844 1798 3913 Spiritum
1837 3868 1977 3910 esse.
2015 3857 2123 3911 Ita-

543 3920 668 3973 que,
694 3912 761 3975 si,
789 3925 846 3968 ut
877 3918 979 3986 ipsi
1010 3935 1284 3992 asserunt,
1311 3933 1562 3990 confusio
1589 3941 1835 4007 quaedam
1872 3950 2121 4015 proprie-

544 4006 720 4054 tatum
755 4008 841 4069 sit,
877 4025 999 4064 cum
1027 4030 1090 4067 ex
1128 4015 1259 4071 Filio
1310 4023 1543 4090 Spiritus
1583 4033 1875 4096 procedere
1913 4043 2115 4093 asseri-

542 4098 652 4156 tur,
685 4096 857 4151 multo
893 4116 1049 4157 antea
1083 4107 1222 4161 facta
1280 4112 1517 4181 fuisset,_
1542 4133 1662 4173 cum
1711 4121 1946 4192 Spiritus
1994 4128 2114 4184 Filii

540 4185 717 4238 dictus
745 4199 847 4243 est.
880 4194 1326 4259 Etnihilotninus
1345 4215 1398 4259 et
1427 4209 1663 4276 Spiritus
1685 4215 1865 4272 Patris
1890 4219 2108 4289 dicitur,

534 4287 589 4332 et
616 4278 852 4349 Spiritus
889 4286 1034 4352 Filii,
1085 4302 1136 4345 et
1181 4297 1385 4350 nullam
1435 4304 1793 4372 proprietates
1835 4312 2114 4369 confusio-

534 4384 659 4423 nem
691 4376 992 4440 patiuntur.
1016 4380 1196 4447 Quare
1228 4395 1281 4440 ct
1318 4404 1380 4442 ex
1410 4388 1568 4448 Patre
1598 4402 1920 4464 procedens,
1949 4414 2003 4458 ct
2041 4421 2107 4459 ex

1630 340 1845 406 JOAN.
1889 349 2106 410 VECCI
2151 353 2258 415 CP.
2299 358 2819 428 PATRIARCILE

605 454 842 509 magnus
898 440 984 497 hic
1028 454 1081 499 et
1136 447 1188 501 in
1237 450 1403 505 rebus
1463 455 1785 525 theologicis
1831 462 2190 524 decernendis
2220 474 2265 529 Δ
2293 470 2489 544 ψυχῆς

602 532 838 587 eximius
881 532 1136 602 Basilius,
1202 541 1442 597 inﬂatum
1500 547 1645 603 hunc
1676 552 1821 608 illius
1855 571 1980 611 esse
2017 561 2188 629 Spiri—

608 628 701 675 tus
724 634 953 690 asserat,
989 627 1080 694 qui
1117 642 1238 681 cum
1280 633 1491 687 vivente
1537 637 1711 691 Verbo
1759 643 1809 694 in
1860 646 2049 700 eodem
2093 665 2187 702 or-

601 709 730 764 dine
758 714 1055 768 collomtur
1085 720 1151 772 ad
1182 725 1504 788 creandum,
1537 745 1699 782 nemo
1728 735 1976 802 equidem
2023 740 2183 793 aftir-

2527 479 2620 531 νῦν
2648 482 2702 534 δὲ
2739 485 2816 545 εἰς
2847 488 3048 557 ψυχήν.
3097 509 3113 541 ι
3166 494 3317 549 Ἐπεὶ
3346 496 3478 566 γοῦν
3506 500 3535 556 ό
3585 506 3759 573 μέγας
3786 508 3891 567 οῦδ

2290 581 2381 628 τος
2412 564 2504 621 καὶ
2536 572 2703 635 πολὺς
2735 575 2832 644 τὴν
2866 578 3144 648 θεολογίαν
3175 564 3457 655 Βασίλειος
3484 564 3595 665 τὴν.
3619 564 3887 673 spatior}-

2289 672 2373 708 σιν
2405 660 2610 729 ταύτην
2640 666 2846 719 ἐκείνου
2879 664 3021 723 εἶναι
3061 674 3207 740 λέγει
3235 678 3332 731 τοῦ
3365 683 3705 751 Πνεῦματος.
3729 693 3883 761 ὅπερ

2285 748 2402 801 ἐστί
2437 751 2514 825 τῷ
2549 753 2709 817 ζῶντι
2753 759 2910 828 Λόγῳ
2953 771 3384 835 συντεταγμένον
3414 774 3491 837 εἰς
3513 748 3585 827 ’τὸ
3613 748 3884 852 διμιουρζι

2283 843 2398 906 γετν
2421 857 2436 873 ·
2469 844 2685 908 πάντως
2732 850 2831 901 οὐκ
2884 852 2949 905 ἄν
2985 872 3069 917 τις
3108 859 3228 927 ἐρεῖ
3276 843 3880 943 πνευματικὴν-χάριν

2282 927 2420 984 εἷναι
2465 931 2563 1002 τὴν
2597 937 2673 1005 τῷ
2705 940 2862 1010 Λόγῳ
2912 950 3355 1021 συντεταγμένην
3386 927 3464 1018 εἰς
3495 958 3555 1009 τὸ
3598 927 3879 1034 δημῖοῦρ-

2279 1025 2416 1089 γεῖν,
2451 1026 2565 1079 ἀλλ’
2600 1030 2769 1100 αὐτὴν
2799 1031 2896 1101 τὴν
2948 1033 3128 1099 ζῶσαν
3159 1039 3410 1110 δύναμιν,
3445 1050 3539 1100 καὶ
3577 1025 3725 1105 θείαν
3758 1025 3877 1122 φῦ..

2279 1126 2363 1163 σιν
2405 1114 2498 1165 τοῦ
2533 1117 2871 1188 Πνεῦματος.
2910 1125 3019 1179 Καὶ
3049 1130 3096 1180 si
3145 1131 3323 1196 τοῦτο,
3379 1136 3554 1206 μάτην
3603 1142 3877 1210 λέγοντας

2278 1200 2409 1267 ἴσθι,
2441 1209 2566 1269 τοὺς
2604 1210 2685 1273 εἰς
2714 1205 2893 1283 ”χάριν
2936 1222 3312 1294 πνευματικὴν
3346 1200 3408 1279 et
3460 1200 3870 1302 ἐμφυσωμενοῦ

2273 1295 2425 1362 παρὰ
2452 1297 2582 1350 Υἰοῦ
2632 1303 2857 1373 Πνεῦμα
2905 1308 3325 1379 ἐξηγουμένους.
3363 1295 3563 1373 Σκόπει
3587 1323 3643 1375 δὲ
3692 1295 3790 1380 καὶ
3835 1331 3867 1383 ὅ

2275 1399 2365 1451 μοι
2416 1389 2737 1457 ἐπιστασίας
2788 1397 3035 1465 ἠξίωται.
3082 1403 3165 1455 ’οθ
3196 1406 3373 1473 μέγας
3431 1411 3712 1479 Βασίλειος
3754 1418 3865 1474 νῦν

2272 1475 2371 1540 μὲν
2400 1479 2459 1530 τὸ
2500 1480 2721 1550 Πνεῦμα
2755 1487 2912 1539 τοῦτο
2960 1489 3112 1542 θείαν
3153 1494 3413 1562 ὀνομάζει
3460 1502 3641 1569 φύσιν,
3677 1475 3863 1578 ἀρῤη-

2264 1579 2357 1617 τον
2397 1567 2455 1633 ἐξ
2493 1570 2731 1640 ἀρρήτου
2761 1577 3027 1644 στόματος
3053 1588 3378 1652 πεφηνυῖαν,
3421 1567 3482 1640 ἓν
3504 1567 3645 1645 εἶναι

2264 1656 2324 1708 τὸ
2356 1660 2554 1730 στόμα,
2596 1660 2656 1729 ἐξ
2703 1660 2764 1720 οῦ
2796 1668 2854 1720 τὸ
2907 1670 3150 1741 Πνεῦμα,
3196 1678 3291 1730 και
3338 1679 3459 1748 οὐχὶ
3510 1682 3622 1750 δύο,
3665 1656 3758 1741 νῦν
3790 1692 3851 1743 δὲ

2267 1765 2646 1821 παρακατιων,
2675 1759 2775 1811 οὐκ
2826 1760 2984 1814 ἄλλον
3023 1760 3164 1818 εἶναι
3196 1768 3338 1835 λέγει
3378 1772 3469 1824 τὸν
3503 1778 3617 1839 τοῖς
3665 1783 3851 1849 μαθηο

2262 1842 2382 1903 ταῖς
2413 1844 2826 1915 ὲμφυσήσαντα,
2864 1852 2978 1905 ἀλλ’
3009 1856 3191 1921 αὐτὸν,
3228 1858 3297 1910 δι’
3325 1856 3385 1915 οὗ
3416 1862 3566 1927 Θεὸς.
3602 1842 3696 1920 καὶ
3738 1842 3851 1925 πά-

2261 1926 2349 1981 λαι
2376 1930 2454 1997 τῷ
2484 1938 2895 2010 πρωτοπὶάστῳ
2936 1943 3134 1997 δέδωκε
3165 1947 3262 2017 τὴν
3293 1926 3628 2021 ἐμφύσησιν,
3663 1963 3754 2013 καί
3780 1965 3845 2016 ὲν

2262 2019 2366 2086 μὲν
2409 2022 2505 2090 τῷ,
2544 2044 2561 2075 ι
2594 2026 2663 2079 δι’
2693 2024 2754 2081 οὗ
2799 2032 2931 2095 Θεὸς
2964 2035 3296 2104 ἐνεφὺυησεν
3324 2060 3342 2091 ι
3388 2019 3840 2117 ὀμοῖογουμένως

2257 2110 2327 2163 τὰ
2349 2112 2442 2164 δύο
2466 2116 2723 2183 ἐμφαίνει
2762 2124 3051 2192 πρόσωπα,
3078 2128 3171 2180 τοῦ
3206 2146 3264 2182 τε
3295 2132 3429 2196 θεοῦ
3474 2110 3577 2188 και
3598 2110 3828 2209 Πατρὸς,

2256 2202 2314 2270 ἐξ
2354 2198 2477 2277 οὗή
2519 2210 2850 2283 ὲμφύσησις,
2899 2218 2993 2270 καὶ
3028 2220 3121 2272 τοῦ
3161 2222 3296 2275 Θεοῦ
3328 2228 3422 2278 καὶ
3462 2198 3731 2294 Υἱοῦ,”δι;

2255 2295 2287 2363 ἠ
2325 2298 2667 2371 ἑμφύσησιςο
2716 2307 2772 2357 ἐν
2798 2307 2855 2359 δὲ
2908 2308 2985 2378 τῷ
3018 2311 3183 2382 ἑνικῷ
3223 2314 3315 2367 τοῦ
3360 2318 3635 2386 στόματος
3663 2342 3837 2396 τταρι⁹

2255 2389 2357 2457 στᾷ
2398 2390 2494 2455 ὠς,
2538 2393 2590 2445 εἴ
2618 2411 2668 2446 τι
2706 2398 2833 2468 περὶ
2861 2400 2955 2452 τοῦ
3007 2403 3323 2473 Πνεύματος
3376 2409 3441 2460 ἐκ
3495 2412 3705 2481 Πατρὸς
3745 2389 3833 2470 ’δι’

2252 2475 2385 2531 Υἱοῦ
2416 2481 2656 2548 λέγεται,
2694 2487 2790 2557 οὑχ
2825 2490 2899 2553 ὡς
2929 2491 2995 2544 ὲκ
3028 2493 3120 2545 δύο
3153 2497 3343 2550 αἰτίων
3392 2500 3563 2564 ἐστὶν,
3594 2475 3741 2558 δκαὶ
3770 2510 3834 2559 ὲν

2248 2575 2361 2635 τοῖς
2402 2576 2539 2642 πρὸς
2581 2578 2928 2650 Ἀμφιλόχιον
2954 2583 3253 2652 δεδήλωκεν
3282 2590 3695 2665 ἐναργέστερον,
3723 2599 3827 2669 τὴν

2254 2681 2273 2714 ι
2304 2663 2373 2716 δι’
2418 2666 2547 2720 Υἱοῦ
2597 2687 2614 2719 ι
2673 2673 2857 2739 φωνὴν
2919 2676 3017 2744 τῆς
3082 2663 3598 2753 προκαταρκτικῆς-
3636 2663 3829 2754 αἰτίας

2246 2756 2535 2825 ὁμολογίαν
2557 2761 2987 2835 τεθεολογηκώς.

2315 2846 2380 2911 ζ’.
2417 2850 2610 2919 Τρίτον
2638 2870 2721 2906 σοι
2748 2857 2845 2925 τῆς
2869 2858 3147 2929 ἀναφορᾶς
3175 2866 3470 2933 κεφάλαιον
3499 2864 3568 2938 ἦν
3591 2870 3653 2924 τὸ
3682 2873 3822 2941 σύγ.

2242 2954 2399 3007 χυσιν
2460 2941 2734 3015 ἰδιοτήτων
2789 2948 3132 3015 ἐγκαλεῖσθαι
3171 2955 3480 3026 Ῥωμαίους
3530 2964 3589 3014 ἐν
3644 2964 3722 3034 τῷ
3758 2966 3822 3019 τὸ

2242 3031 2463 3103 Πνεῦμα
2501 3036 2680 3104 λέγειν
2728 3042 2792 3095 ἐκ
2831 3045 3043 3116 Πατρὸς
3076 3051 3172 3101 καὶ
3220 3050 3348 3104 Υίοῦ
3392 3031 3815 3125 ἐκπορεύεσθαι.

2239 3120 2409 3176 Τοῦτο
2458 3125 2514 3177 δὲ
2549 3126 2745 3195 ψεῦδος
2805 3127 2945 3185 εἶναι
2993 3136 3259 3205 πρόδηλον
3315 3120 3818 3211 ἀπελέγγεταιὰπδ

2234 3207 2327 3259 τοῦ
2366 3210 2464 3273 τὰς
2501 3216 2708 3285 κυρίως
2749 3218 2848 3288 τῆς
2887 3221 3114 3291 Τριάδος
3164 3226 3431 3298 ἰδιότητας
3465 3207 3604 3285 αὑτὰ
3637 3235 3815 3289 ταῦτα

2232 3300 2299 3352 τὰ
2329 3302 2565 3372 ὀνόματα
2620 3303 2781 3373 εἶναι,
2813 3313 2871 3365 τὸ
2904 3313 3092 3385 Πατὴρ
3131 3317 3258 3382 Υἱός
3299 3338 3377 3384 τε,
3422 3325 3516 3376 καὶ
3560 3326 3813 3393 Πνεῦμα.

2232 3390 2346 3460 Τῆς
2379 3396 2487 3464 γὰρ
2524 3396 2620 3450 τοῦ
2673 3402 2886 3474 Πατρὺς
2943 3406 3291 3472 ὑποστάσεως
3332 3414 3565 3483 ἀκριϐὴς
3605 3390 3812 3483 ἰδιότης

2228 3484 2387 3536 τοῦτο
2425 3486 2751 3553 γινώσκεται
2783 3488 2940 3555 εἶναι,
2974 3495 3031 3547 τὸ
3067 3497 3204 3565 μήτε
3238 3498 3365 3552 Υἰδν
3404 3505 3539 3570 μήτε
3580 3504 3810 3572 Πνεῦμα

2228 3566 2368 3624 εἶναι
2404 3575 2596 3628 αὐτόν’
2626 3580 2771 3650 καὶὴ
2802 3583 2901 3650 τῆς
2950 3585 3302 3651 ὑποστάσεως
3333 3591 3496 3644 πάλιν
3540 3593 3631 3646 τοῦ
3669 3594 3806 3649 Υἱοῦ

2230 3664 2425 3736 ἰδιότης
2451 3667 2512 3721 τὸ
2549 3670 2687 3740 μήτε
2725 3673 2946 3746 Πατέρα
2986 3679 3123 3747 μήτε
3162 3681 3385 3749 Πνεῦμα
3423 3678 3561 3737 εῖναι
3601 3685 3762 3738 αὑτόν
3785 3706 3801 3719 ·

2224 3754 2486 3820 ὡσαύτως
2518 3760 2575 3812 δὲ
2605 3764 2698 3816 καὶ
2743 3766 2774 3834 ἡ
2821 3765 2922 3835 τῆς
2952 3769 3046 3820 τοῦ
3079 3770 3397 3840 Πνεῦματος
3448 3775 3806 3842 ὑποστάσεως

2224 3846 2428 3914 κυρίως
2475 3850 2672 3923 ἰδιότης
2725 3855 2786 3908 τὸ
2820 3859 2958 3927 μήτε
3021 3859 3261 3932 Πατέρα,
3286 3866 3432 3932 ,μήτε
3477 3864 3624 3929 Υίὸν,
3659 3866 3804 3920 ἀλλὰ

2226 3936 2386 4004 μόνον
2423 3939 2645 4010 Πνεῦμα
2678 3939 2817 3999 εἶναι
2850 3948 3000 4002 αὑτό.
3028 3949 3092 4002 Εἰ
3118 3950 3248 4018 γοῦν
3280 3955 3418 4006 κατὶι
3456 3956 3582 4019 τοὺς
3610 3956 3802 4024 λέγον-

2220 4039 2319 4085 τας
2358 4025 2616 4095 σύγχυσίς
2651 4048 2732 4092 τις
2794 4034 3001 4101 γίνεται
3052 4037 3160 4089 τῶν
3207 4040 3503 4111 ἱδιοτήτων,
3555 4046 3683 4097 ὅταν
3734 4047 3800 4112 ἐξ

2220 4112 2350 4167 Υἰοῦ
2392 4117 2451 4168 τὸ
2485 4120 2706 4189 Πνεῦμα
2740 4122 2947 4192 λέγοιτο
2991 4129 3408 4199 ἐκπορεύεσθαι,
3448 4134 3629 4206 πολλῴ
3661 4138 3797 4206 πρό-

2215 4222 2370 4275 τερον
2396 4210 2613 4276 ὲγένετο
2634 4213 2795 4284 αῦτη,
2820 4217 2948 4270 ὅταν
2980 4219 3205 4291 Πνεῦμα
3225 4224 3426 4293 ἐρρέθη
3447 4225 3597 4282 Υἰοῦ.
3631 4228 3795 4282 Ἀλλὰ

2217 4297 2323 4367 μὴν
2354 4303 2445 4351 καὶ
2481 4303 2705 4374 Πνεῦμα
2740 4308 2948 4378 Πατρὸς
2982 4308 3220 4377 λέγεται,
3250 4316 3342 4365 καὶ
3375 4316 3603 4386 Πνεῦμα
3634 4316 3788 4386 Υίοῦ,

2213 4388 2306 4442 καὶ
2341 4391 2603 4463 σύγχυσιν
2648 4400 2704 4450 αἰ
2739 4398 3000 4471 ἰδιότητες
3054 4405 3150 4474 οὑχ
3204 4406 3524 4471 ὑφίστανται
3578 4412 3671 4463 καὶ
3723 4415 3792 4465 ὲκ

532 4458 670 4515 Filio
696 4466 745 4517 in
769 4481 865 4520 sua
898 4473 1249 4539 proprietate,
1282 4476 1516 4546 Spiritus
1550 4458 1758 4541 scilicet
1779 4495 2103 4563 procedens,

2239 4482 2423 4552 πατρὸς
2447 4458 2582 4554 γοῦν
2616 4458 3046 4561 ἐκπορευόμενον
3075 4458 3168 4546 καὶ
3200 4458 3260 4560 ὲέ
3301 4497 3429 4550 Υἰοῦ
3477 4501 3534 4551 ἐν
3565 4503 3627 4569 τῇ
3657 4503 3794 4554 san-

533 4552 894 4613 immutabilis
926 4576 1302 4623 conservatur.
1359 4571 1512 4628 Tune
1563 4578 1707 4630 enim
1758 4585 2109 4651 proprietatis

531 4648 762 4701 mutatio
796 4652 872 4715 tit,
908 4668 1030 4708 cum
1061 4668 1155 4711 aut
1186 4658 1342 4715 Pater
1365 4674 1421 4719 ut
1446 4666 1603 4723 Pater
1638 4671 1731 4734 sit,
1760 4648 1981 4741 amittit,
2015 4690 2109 4734 aut

474 4734 477 4737 ’
529 4738 700 4793 Filius
734 4753 791 4794 ut
827 4745 899 4798 sit
928 4745 1118 4815 Filius,
1154 4763 1247 4807 aut
1288 4755 1524 4824 Spiritus
1556 4772 1613 4815 ut
1649 4762 1885 4831 Spiritus
1935 4769 2024 4831 sit,
2052 4780 2108 4826 et

529 4830 763 4898 Spiritus
791 4836 965 4893 Patris
993 4854 1045 4896 et
1077 4842 1236 4913 Filii;
1270 4830 1735 4918 quemadmodum
1769 4868 1820 4912 et
1850 4865 2105 4931 proprie-

482 4986 487 4991 ι
526 4926 656 4978 tatis
693 4934 1002 4991 perennitas
1030 4945 1131 4999 est,
1166 4957 1288 4993 tum
1333 4959 1397 4996 ex
1437 4946 1609 5002 tribus
1656 4951 1887 5018 quilibet
1917 4956 1969 5009 in
2013 4971 2101 5021 eo,

530 5010 675 5083 quod
704 5028 805 5081 est,
844 5038 1170 5090 perseveret.
1201 5030 1283 5091 Et.
1324 5035 1481 5102 plane
1516 5039 1722 5094 nullam
1775 5045 1900 5099 inde
1946 5049 2102 5118 sequi

522 5213 647 5252 men
680 5206 914 5272 propriae
945 5206 1164 5265 Tiiadis
1192 5216 1557 5283 proprietates
1593 5224 1708 5291 ipsa
1734 5226 1847 5283 IIIBC
1880 5232 2101 5288 nomina

519 5306 661 5358 esse,
688 5292 868 5357 Pater,
915 5308 969 5353 et
1000 5299 1202 5368 Filius,
1258 5314 1311 5359 ct
1360 5308 1595 5378 Spiritus
1643 5326 1887 5387 sam-tus,
1948 5322 2101 5379 hisce

526 5384 732 5452 scripto
792 5391 1004 5445 traditis
1068 5395 1400 5455 testimoniis
1474 5405 1762 5461 manili-sto
1820 5415 2097 5479 probatur.

522 5471 801 5540 Nyssenus
830 5485 1072 5537 secunda
1110 5485 1376 5546 adversus
1426 5491 1754 5552 Eunomium
1805 5505 2097 5559 oratione:

525 5581 543 5612 ι
586 5564 1015 5638 llypostaseon,»
1057 5577 1155 5637 ait.
1194 5583 1529 5651 «proprietas
1566 5597 1806 5657 apertam
1828 5602 1881 5647 et
1913 5594 2100 5650 incon-

520 5654 698 5711 fusam
726 5660 885 5719 cilicii
915 5681 1270 5733 personarum
1306 5674 1735 5742 distinctionem,
1767 5678 1963 5748 Patris,
2012 5688 2096 5738 in-

522 5761 711 5819 quam,
744 5761 797 5806 et
829 5754 970 5824 Filii,
997 5767 1052 5814 et
1078 5758 1315 5829 Spiritus
1345 5766 1543 5822 sancti.
1581 5766 1674 5823 His
1697 5770 1839 5826 enim
1862 5777 2101 5846 compel-

2209 4574 2303 4626 τοῦ
2342 4576 2582 4647 ἰδιότητι,
2636 4581 2860 4651 Πνεῦμα
2908 4584 3150 4654 δηλονότι
3201 4589 3531 4657 ὲκπορευτδν
3580 4595 3791 4659 ἀμετα-

2208 4667 2451 4736 ποιήτως
2503 4670 2800 4740 τετήρηται
2853 4674 3093 4744 ὲκτροπὴ
3145 4677 3251 4749 γὰρ
3312 4679 3571 4750 ἰδιότητος
3609 4684 3787 4737 ἐκεῖνό

2208 4757 2342 4823 ἐστι,
2375 4761 2436 4812 τὸ
2485 4761 2517 4830 ἢ
2556 4762 2647 4815 τὸν
2680 4765 2901 4836 Πατέρα
2952 4768 3321 4823 ἀποϐαλέσθαι
3368 4772 3429 4825 τὸ
3478 4771 3617 4826 εἶναι
3670 4777 3789 4829 Πα-

2207 4849 2359 4917 τέρα,
2394 4849 2426 4921 il
2457 4854 2546 4904 τὸν
2581 4853 2711 4907 Υίδν
2734 4856 2795 4908 τὸ
2839 4854 2978 4911 εἶναι
3021 4858 3172 4926 Υξὸν,
3205 4862 3237 4931 ἢ
3288 4862 3420 4915 αὑτὸ
3451 4865 3511 4916 τὸ
3556 4866 3787 4935 Πνεῦμα

2206 4943 2267 4995 τὸ
2303 4940 2443 4997 εἶναι
2495 4947 2742 5018 Πνεῦμα,
2776 4951 2869 5004 καὶ
2926 4951 3150 5023 Πνεῦμα
3200 4955 3413 5025 Πατρδς
3471 4958 3565 5013 καὶ
3626 4960 3782 5016 Υἰοῦ.

2209 5035 2420 5108 Ὥσπερ
2447 5037 2539 5092 οὖν
2573 5040 2667 5093 καὶ
2695 5040 2922 5110 διαμονή
2949 5043 3207 5114 ἰδιότητος
3230 5045 3389 5098 τοῦτό
3416 5050 3531 5102 ἐστι
3556 5051 3616 5101 τὸ
3640 5045 3783 5105 εἶναι

2204 5125 2435 5180 ἕκαστον
2474 5128 2582 5184 τῶν
2608 5130 2795 5197 τριῶν,
2830 5132 2965 5204 ὅπερ
2996 5133 3161 5188 ἐστίν.
3212 5135 3354 5189 Ἀλλ’
3382 5139 3465 5190 ὃτι
3500 5139 3600 5207 μὲν
3626 5142 3782 5195 οὐδε-

2207 5218 2307 5287 μία
2340 5221 2591 5275 ἐντεῦθεν
2623 5224 2655 5292 η
2697 5225 2957 5293 σύγχυσις
2996 5224 3220 5295 δηλοῦσι
3249 5228 3316 5306 τὰ
3366 5231 3632 5299 εἰρημένα
3658 5250 3672 5264 ο
3699 5235 3783 5287 ὅτι

2204 5309 2262 5362 δὲ
2292 5310 2348 5361 αἱ
2380 5311 2477 5379 τῆς
2507 5312 2734 5383 Τριάδος
2762 5314 2968 5383 κυρίως
3010 5314 3271 5386 ἰδιότητες
3301 5319 3440 5373 αὐτὰ
3466 5321 3637 5375 ταῦτά
3672 5327 3781 5377 εἰσι

2202 5400 2270 5453 τὰ
2305 5400 2566 5470 ὀνόματα,
2597 5402 2657 5455 τὸ
2708 5405 2916 5475 Πατὴρ,
2953 5406 3101 5469 Υἱὸς,
3146 5409 3240 5460 καὶ
3273 5410 3518 5481 Πνεῦμα,
3550 5412 3639 5465 διὰ
3673 5415 3781 5467 τῶν

2201 5495 2491 5563 γραφικών
2538 5497 2704 5551 τῶνδε
2744 5501 3173 5571 παραστησορέν
3203 5520 3285 5555 σοι
3333 5509 3673 5575 μαρτυριῶν.
3719 5508 3779 5561 '0

2201 5586 2419 5655 Νῦσσης
2462 5589 2618 5656 ἐντῷ
2664 5586 2785 5644 xm"
2812 5592 3081 5661 Εὑνομίου
3127 5593 3364 5666 δευτέρῳ
3403 5596 3546 5668 λόγῳ
3588 5599 3775 5662 αὑτοῦ,

2208 5698 2227 5729 ι
2276 5678 2337 5732 ’Π
2364 5680 2472 5733 τῶν
2526 5682 2895 5745 ὑποττάσεων,
2948 5685 3134 5752 φησιν,
3181 5686 3381 5755 ἰδιότης
3431 5691 3635 5759 τρανὴν
3682 5691 3775 5742 καὶ

2198 5771 2502 5842 ἀσύγχυτον
2544 5776 2781 5829 ποιεῖται
2818 5777 2916 5847 τὴν
2967 5777 3073 5831 τῶν
3106 5781 3414 5848 προσώπων
3464 5783 3774 5854 διαστολὴν,
