  <div class='ocr_page' id='page_1' title='image "/cluster/home/n/w/nwhite01/storage/ocr_20150623/141/coo.31924054870468/165.png"; bbox 0 0 4054 6422; ppageno 0'>
   <div class='ocr_carea' id='block_1_1' title="bbox 613 307 721 367">
    <p class='ocr_par' dir='ltr' id='par_1_1' title="bbox 613 307 721 367">
     <span class='ocr_line' id='line_1_1' title="bbox 613 307 721 367; baseline 0.009 -1"><span class='ocrx_word' id='word_1_1' title='bbox 613 307 721 367; x_wconf 73' lang='lat'><strong>323</strong></span> 
     </span>
    </p>
   </div>
   <div class='ocr_carea' id='block_1_2' title="bbox 1631 305 2799 370">
    <p class='ocr_par' dir='ltr' id='par_1_2' title="bbox 1631 305 2799 370">
     <span class='ocr_line' id='line_1_2' title="bbox 1631 305 2799 370; baseline -0.002 0"><span class='ocrx_word' id='word_1_2' title='bbox 1631 308 1847 370; x_wconf 79' lang='lat' dir='ltr'><strong>JOAN.</strong></span> <span class='ocrx_word' id='word_1_3' title='bbox 1888 308 2105 369; x_wconf 84' lang='lat' dir='ltr'><strong>VECCI</strong></span> <span class='ocrx_word' id='word_1_4' title='bbox 2148 310 2254 369; x_wconf 73' lang='lat' dir='ltr'><strong>CP.</strong></span> <span class='ocrx_word' id='word_1_5' title='bbox 2295 305 2799 369; x_wconf 63' lang='lat' dir='ltr'><strong>PATRIARCHE</strong></span> 
     </span>
    </p>
   </div>
   <div class='ocr_carea' id='block_1_3' title="bbox 3766 309 3883 373">
    <p class='ocr_par' dir='ltr' id='par_1_3' title="bbox 3766 309 3883 373">
     <span class='ocr_line' id='line_1_3' title="bbox 3766 309 3883 373; baseline -0.017 0"><span class='ocrx_word' id='word_1_6' title='bbox 3766 309 3883 373; x_wconf 63' lang='lat'><strong>32$</strong></span> 
     </span>
    </p>
   </div>
   <div class='ocr_carea' id='block_1_4' title="bbox 616 417 2193 491">
    <p class='ocr_par' dir='ltr' id='par_1_4' title="bbox 616 417 2193 489">
     <span class='ocr_line' id='line_1_4' title="bbox 616 417 2193 489; baseline 0.002 -18"><span class='ocrx_word' id='word_1_7' title='bbox 616 417 886 472; x_wconf 82' lang='lat' dir='ltr'><strong>sententia</strong></span> <span class='ocrx_word' id='word_1_8' title='bbox 919 417 1061 473; x_wconf 84' lang='lat' dir='ltr'><strong>dicta</strong></span> <span class='ocrx_word' id='word_1_9' title='bbox 1091 419 1394 488; x_wconf 71' lang='lat' dir='ltr'><strong>theologica</strong></span> <span class='ocrx_word' id='word_1_10' title='bbox 1425 427 1739 472; x_wconf 84' lang='lat' dir='ltr'><strong>accuratum</strong></span> <span class='ocrx_word' id='word_1_11' title='bbox 1787 418 2193 489; x_wconf 82' lang='lat' dir='ltr'><strong>perfectumque</strong></span> 
     </span>
    </p>
   </div>
   <div class='ocr_carea' id='block_1_5' title="bbox 2297 417 3889 491">
    <p class='ocr_par' dir='ltr' id='par_1_5' title="bbox 2300 418 3889 491">
     <span class='ocr_line' id='line_1_5' title="bbox 2300 418 3889 491; baseline 0.002 -21"><span class='ocrx_word' id='word_1_12' title='bbox 2300 418 2454 482; x_wconf 78' lang='grc' dir='ltr'>ϐείας</span> <span class='ocrx_word' id='word_1_13' title='bbox 2490 420 2640 471; x_wconf 74' lang='grc' dir='ltr'>ἐστὶν</span> <span class='ocrx_word' id='word_1_14' title='bbox 2679 418 2915 488; x_wconf 68' lang='grc' dir='ltr'>ἔλλειψις</span> <span class='ocrx_word' id='word_1_15' title='bbox 2951 419 2983 489; x_wconf 82' lang='grc' dir='ltr'><strong>ή</strong></span> <span class='ocrx_word' id='word_1_16' title='bbox 3029 418 3136 472; x_wconf 78' lang='grc' dir='ltr'>τῶν</span> <span class='ocrx_word' id='word_1_17' title='bbox 3175 421 3466 490; x_wconf 74' lang='grc' dir='ltr'>γραφικῶν</span> <span class='ocrx_word' id='word_1_18' title='bbox 3506 420 3748 491; x_wconf 72' lang='grc' dir='ltr'>ἔλλειψις</span> <span class='ocrx_word' id='word_1_19' title='bbox 3786 421 3889 475; x_wconf 82' lang='grc' dir='ltr'><strong>λέ-</strong></span> 
     </span>
    </p>
   </div>
   <div class='ocr_carea' id='block_1_6' title="bbox 617 510 2198 580">
    <p class='ocr_par' dir='ltr' id='par_1_6' title="bbox 617 510 2198 580">
     <span class='ocr_line' id='line_1_6' title="bbox 617 510 2198 580; baseline 0.001 -17"><span class='ocrx_word' id='word_1_20' title='bbox 617 510 950 563; x_wconf 77' lang='lat' dir='ltr'><strong>intellectum</strong></span> <span class='ocrx_word' id='word_1_21' title='bbox 986 526 1091 577; x_wconf 70' lang='lat' dir='ltr'><strong>prae</strong></span> <span class='ocrx_word' id='word_1_22' title='bbox 1112 526 1172 564; x_wconf 90' lang='lat' dir='ltr'><strong>sc</strong></span> <span class='ocrx_word' id='word_1_23' title='bbox 1202 510 1400 564; x_wconf 80' lang='lat' dir='ltr'><strong>ferunt.</strong></span> <span class='ocrx_word' id='word_1_24' title='bbox 1438 510 1522 575; x_wconf 86' lang='lat' dir='ltr'><strong>Et,</strong></span> <span class='ocrx_word' id='word_1_25' title='bbox 1554 511 1600 565; x_wconf 90' lang='lat' dir='ltr'><strong>si</strong></span> <span class='ocrx_word' id='word_1_26' title='bbox 1646 512 1793 565; x_wconf 82' lang='lat' dir='ltr'><strong>nulla</strong></span> <span class='ocrx_word' id='word_1_27' title='bbox 1817 512 1989 580; x_wconf 87' lang='lat' dir='ltr'><strong>pietas</strong></span> <span class='ocrx_word' id='word_1_28' title='bbox 2016 513 2198 566; x_wconf 91' lang='lat' dir='ltr'><strong>immi-</strong></span> 
     </span>
    </p>
   </div>
   <div class='ocr_carea' id='block_1_7' title="bbox 616 600 2191 669">
    <p class='ocr_par' dir='ltr' id='par_1_7' title="bbox 616 600 2191 669">
     <span class='ocr_line' id='line_1_7' title="bbox 616 600 2191 669; baseline -0.001 -13"><span class='ocrx_word' id='word_1_29' title='bbox 616 612 824 665; x_wconf 79' lang='lat' dir='ltr'><strong>nuitur,</strong></span> <span class='ocrx_word' id='word_1_30' title='bbox 880 602 1009 654; x_wconf 88' lang='lat' dir='ltr'><strong>dum</strong></span> <span class='ocrx_word' id='word_1_31' title='bbox 1062 601 1249 669; x_wconf 83' lang='lat' dir='ltr'><strong>scripti</strong></span> <span class='ocrx_word' id='word_1_32' title='bbox 1306 602 1574 656; x_wconf 85' lang='lat' dir='ltr'><strong>dictiones</strong></span> <span class='ocrx_word' id='word_1_33' title='bbox 1624 600 2010 665; x_wconf 85' lang='lat' dir='ltr'><strong>detrahuntur,</strong></span> <span class='ocrx_word' id='word_1_34' title='bbox 2063 603 2191 655; x_wconf 89' lang='lat' dir='ltr'><strong>dum</strong></span> 
     </span>
    </p>
   </div>
   <div class='ocr_carea' id='block_1_8' title="bbox 618 691 2194 762">
    <p class='ocr_par' dir='ltr' id='par_1_8' title="bbox 618 691 2194 762">
     <span class='ocr_line' id='line_1_8' title="bbox 618 691 2194 762; baseline 0.001 -16"><span class='ocrx_word' id='word_1_35' title='bbox 618 693 886 746; x_wconf 80' lang='lat' dir='ltr'><strong>sententia</strong></span> <span class='ocrx_word' id='word_1_36' title='bbox 920 691 1106 758; x_wconf 84' lang='lat' dir='ltr'><strong>pietati</strong></span> <span class='ocrx_word' id='word_1_37' title='bbox 1134 691 1445 755; x_wconf 66' lang='lat' dir='ltr'><strong>adhaereat;</strong></span> <span class='ocrx_word' id='word_1_38' title='bbox 1474 707 1648 762; x_wconf 85' lang='lat' dir='ltr'><strong>neque</strong></span> <span class='ocrx_word' id='word_1_39' title='bbox 1677 692 1889 761; x_wconf 80' lang='lat' dir='ltr'><strong>pietatis</strong></span> <span class='ocrx_word' id='word_1_40' title='bbox 1934 694 2036 747; x_wconf 86' lang='lat' dir='ltr'><strong>erit</strong></span> <span class='ocrx_word' id='word_1_41' title='bbox 2076 694 2194 747; x_wconf 82' lang='lat' dir='ltr'><strong>vio-</strong></span> 
     </span>
    </p>
   </div>
   <div class='ocr_carea' id='block_1_9' title="bbox 616 781 2197 845">
    <p class='ocr_par' dir='ltr' id='par_1_9' title="bbox 616 781 2197 845">
     <span class='ocr_line' id='line_1_9' title="bbox 616 781 2197 845; baseline 0.002 -9"><span class='ocrx_word' id='word_1_42' title='bbox 616 784 766 845; x_wconf 90' lang='lat' dir='ltr'><strong>latio,</strong></span> <span class='ocrx_word' id='word_1_43' title='bbox 802 783 1101 835; x_wconf 87' lang='lat' dir='ltr'><strong>dictionum</strong></span> <span class='ocrx_word' id='word_1_44' title='bbox 1145 781 1375 844; x_wconf 81' lang='lat' dir='ltr'><strong>additio.</strong></span> <span class='ocrx_word' id='word_1_45' title='bbox 1432 782 1728 838; x_wconf 84' lang='lat' dir='ltr'><strong>dummodo</strong></span> <span class='ocrx_word' id='word_1_46' title='bbox 1775 784 2083 839; x_wconf 86' lang='lat' dir='ltr'><strong>additarum</strong></span> <span class='ocrx_word' id='word_1_47' title='bbox 2109 785 2197 839; x_wconf 80' lang='lat' dir='ltr'><strong>di-</strong></span> 
     </span>
    </p>
   </div>
   <div class='ocr_carea' id='block_1_10' title="bbox 614 872 2191 944">
    <p class='ocr_par' dir='ltr' id='par_1_10' title="bbox 614 872 2191 944">
     <span class='ocr_line' id='line_1_10' title="bbox 614 872 2191 944; baseline 0 -16"><span class='ocrx_word' id='word_1_48' title='bbox 614 875 855 928; x_wconf 90' lang='lat' dir='ltr'><strong>ctionum</strong></span> <span class='ocrx_word' id='word_1_49' title='bbox 898 872 1194 935; x_wconf 87' lang='lat' dir='ltr'><strong>sententia,</strong></span> <span class='ocrx_word' id='word_1_50' title='bbox 1228 874 1374 927; x_wconf 87' lang='lat' dir='ltr'><strong>nulla</strong></span> <span class='ocrx_word' id='word_1_51' title='bbox 1413 874 1465 927; x_wconf 92' lang='lat' dir='ltr'><strong>in</strong></span> <span class='ocrx_word' id='word_1_52' title='bbox 1506 889 1589 940; x_wconf 87' lang='lat' dir='ltr'><strong>re,</strong></span> <span class='ocrx_word' id='word_1_53' title='bbox 1630 875 1885 944; x_wconf 80' lang='lat' dir='ltr'><strong>pietatem</strong></span> <span class='ocrx_word' id='word_1_54' title='bbox 1916 876 2191 929; x_wconf 78' lang='lat' dir='ltr'><strong>immutat.</strong></span> 
     </span>
    </p>
   </div>
   <div class='ocr_carea' id='block_1_11' title="bbox 617 962 2202 1035">
    <p class='ocr_par' dir='ltr' id='par_1_11' title="bbox 617 962 2202 1035">
     <span class='ocr_line' id='line_1_11' title="bbox 617 962 2202 1035; baseline 0.003 -19"><span class='ocrx_word' id='word_1_55' title='bbox 617 964 753 1018; x_wconf 83' lang='lat' dir='ltr'><strong>Hinc</strong></span> <span class='ocrx_word' id='word_1_56' title='bbox 781 979 902 1026; x_wconf 89' lang='lat' dir='ltr'><strong>nos,</strong></span> <span class='ocrx_word' id='word_1_57' title='bbox 950 966 1042 1035; x_wconf 91' lang='lat' dir='ltr'><strong>qui</strong></span> <span class='ocrx_word' id='word_1_58' title='bbox 1101 962 1362 1020; x_wconf 74' lang='lat' dir='ltr'><strong>Romana:</strong></span> <span class='ocrx_word' id='word_1_59' title='bbox 1402 963 1661 1020; x_wconf 83' lang='lat' dir='ltr'><strong>Ecclesiae</strong></span> <span class='ocrx_word' id='word_1_60' title='bbox 1712 968 2032 1020; x_wconf 86' lang='lat' dir='ltr'><strong>societatem</strong></span> <span class='ocrx_word' id='word_1_61' title='bbox 2085 983 2202 1020; x_wconf 80' lang='lat' dir='ltr'><strong>aln-</strong></span> 
     </span>
    </p>
   </div>
   <div class='ocr_carea' id='block_1_12' title="bbox 613 1053 2196 1123">
    <p class='ocr_par' dir='ltr' id='par_1_12' title="bbox 613 1053 2196 1123">
     <span class='ocr_line' id='line_1_12' title="bbox 613 1053 2196 1123; baseline 0.005 -21"><span class='ocrx_word' id='word_1_62' title='bbox 613 1053 811 1120; x_wconf 82' lang='lat' dir='ltr'><strong>piexati</strong></span> <span class='ocrx_word' id='word_1_63' title='bbox 873 1069 1096 1118; x_wconf 87' lang='lat' dir='ltr'><strong>sumus,</strong></span> <span class='ocrx_word' id='word_1_64' title='bbox 1150 1063 1371 1123; x_wconf 87' lang='lat' dir='ltr'><strong>propter</strong></span> <span class='ocrx_word' id='word_1_65' title='bbox 1424 1053 1755 1109; x_wconf 84' lang='lat' dir='ltr'><strong>additionem</strong></span> <span class='ocrx_word' id='word_1_66' title='bbox 1820 1054 2196 1117; x_wconf 87' lang='lat' dir='ltr'><strong>criminantes.</strong></span> 
     </span>
    </p>
   </div>
   <div class='ocr_carea' id='block_1_13' title="bbox 612 1145 2200 1215">
    <p class='ocr_par' dir='ltr' id='par_1_13' title="bbox 612 1145 2200 1215">
     <span class='ocr_line' id='line_1_13' title="bbox 612 1145 2200 1215; baseline 0.002 -18"><span class='ocrx_word' id='word_1_67' title='bbox 612 1145 1044 1213; x_wconf 82' lang='lat' dir='ltr'><strong>cogitationibus</strong></span> <span class='ocrx_word' id='word_1_68' title='bbox 1104 1145 1171 1198; x_wconf 88' lang='lat' dir='ltr'><strong>ad</strong></span> <span class='ocrx_word' id='word_1_69' title='bbox 1214 1145 1266 1198; x_wconf 89' lang='lat' dir='ltr'><strong>id</strong></span> <span class='ocrx_word' id='word_1_70' title='bbox 1318 1145 1788 1215; x_wconf 82' lang='lat' dir='ltr'><strong>comprobandum</strong></span> <span class='ocrx_word' id='word_1_71' title='bbox 1846 1146 1989 1199; x_wconf 85' lang='lat' dir='ltr'><strong>haud</strong></span> <span class='ocrx_word' id='word_1_72' title='bbox 2032 1146 2200 1215; x_wconf 83' lang='lat' dir='ltr'><strong>probe</strong></span> 
     </span>
    </p>
   </div>
   <div class='ocr_carea' id='block_1_14' title="bbox 613 1233 2186 1302">
    <p class='ocr_par' dir='ltr' id='par_1_14' title="bbox 613 1233 2186 1302">
     <span class='ocr_line' id='line_1_14' title="bbox 613 1233 2186 1302; baseline 0.002 -17"><span class='ocrx_word' id='word_1_73' title='bbox 613 1234 817 1302; x_wconf 73' lang='lat' dir='ltr'><strong>petitis,</strong></span> <span class='ocrx_word' id='word_1_74' title='bbox 861 1242 1063 1287; x_wconf 88' lang='lat' dir='ltr'><strong>temere</strong></span> <span class='ocrx_word' id='word_1_75' title='bbox 1108 1233 1427 1302; x_wconf 89' lang='lat' dir='ltr'><strong>insulseque</strong></span> <span class='ocrx_word' id='word_1_76' title='bbox 1474 1234 1818 1289; x_wconf 84' lang='lat' dir='ltr'><strong>adoriuntur.</strong></span> <span class='ocrx_word' id='word_1_77' title='bbox 1857 1233 1922 1286; x_wconf 86' lang='lat' dir='ltr'><strong>Et</strong></span> <span class='ocrx_word' id='word_1_78' title='bbox 1974 1234 2027 1287; x_wconf 94' lang='lat' dir='ltr'><strong>in</strong></span> <span class='ocrx_word' id='word_1_79' title='bbox 2057 1234 2186 1295; x_wconf 85' lang='lat' dir='ltr'><strong>illis,</strong></span> 
     </span>
    </p>
   </div>
   <div class='ocr_carea' id='block_1_15' title="bbox 612 1323 2190 1393">
    <p class='ocr_par' dir='ltr' id='par_1_15' title="bbox 612 1323 2190 1393">
     <span class='ocr_line' id='line_1_15' title="bbox 612 1323 2190 1393; baseline 0.001 -18"><span class='ocrx_word' id='word_1_80' title='bbox 612 1340 736 1393; x_wconf 74' lang='lat' dir='ltr'><strong>quae</strong></span> <span class='ocrx_word' id='word_1_81' title='bbox 762 1323 931 1378; x_wconf 89' lang='lat' dir='ltr'><strong>simili</strong></span> <span class='ocrx_word' id='word_1_82' title='bbox 960 1324 1120 1378; x_wconf 84' lang='lat' dir='ltr'><strong>modo</strong></span> <span class='ocrx_word' id='word_1_83' title='bbox 1152 1325 1220 1378; x_wconf 88' lang='lat' dir='ltr'><strong>ab</strong></span> <span class='ocrx_word' id='word_1_84' title='bbox 1244 1324 1435 1379; x_wconf 90' lang='lat' dir='ltr'><strong>iisdem</strong></span> <span class='ocrx_word' id='word_1_85' title='bbox 1466 1326 1786 1388; x_wconf 64' lang='lat' dir='ltr'><strong>atteruntur,</strong></span> <span class='ocrx_word' id='word_1_86' title='bbox 1841 1325 1980 1379; x_wconf 89' lang='lat' dir='ltr'><strong>haud</strong></span> <span class='ocrx_word' id='word_1_87' title='bbox 2012 1333 2190 1379; x_wconf 84' lang='lat' dir='ltr'><strong>atten-</strong></span> 
     </span>
    </p>
   </div>
   <div class='ocr_carea' id='block_1_16' title="bbox 613 1414 2187 1486">
    <p class='ocr_par' dir='ltr' id='par_1_16' title="bbox 613 1414 2187 1486">
     <span class='ocr_line' id='line_1_16' title="bbox 613 1414 2187 1486; baseline 0.002 -19"><span class='ocrx_word' id='word_1_88' title='bbox 613 1415 748 1468; x_wconf 89' lang='lat' dir='ltr'><strong>dens</strong></span> <span class='ocrx_word' id='word_1_89' title='bbox 775 1414 1043 1479; x_wconf 89' lang='lat' dir='ltr'><strong>animum,</strong></span> <span class='ocrx_word' id='word_1_90' title='bbox 1073 1414 1278 1484; x_wconf 85' lang='lat' dir='ltr'><strong>proprii</strong></span> <span class='ocrx_word' id='word_1_91' title='bbox 1314 1417 1497 1471; x_wconf 90' lang='lat' dir='ltr'><strong>oneris</strong></span> <span class='ocrx_word' id='word_1_92' title='bbox 1547 1417 1691 1486; x_wconf 87' lang='lat' dir='ltr'><strong>quod</strong></span> <span class='ocrx_word' id='word_1_93' title='bbox 1720 1425 1826 1479; x_wconf 87' lang='lat' dir='ltr'><strong>est,</strong></span> <span class='ocrx_word' id='word_1_94' title='bbox 1874 1418 2187 1470; x_wconf 80' lang='lat' dir='ltr'><strong>concredita</strong></span> 
     </span>
    </p>
   </div>
   <div class='ocr_carea' id='block_1_17' title="bbox 617 1504 2187 1576">
    <p class='ocr_par' dir='ltr' id='par_1_17' title="bbox 617 1504 2187 1576">
     <span class='ocr_line' id='line_1_17' title="bbox 617 1504 2187 1576; baseline 0.003 -19"><span class='ocrx_word' id='word_1_95' title='bbox 617 1504 712 1558; x_wconf 91' lang='lat' dir='ltr'><strong>tibi</strong></span> <span class='ocrx_word' id='word_1_96' title='bbox 766 1505 913 1574; x_wconf 82' lang='lat' dir='ltr'><strong>gregi</strong></span> <span class='ocrx_word' id='word_1_97' title='bbox 975 1520 1160 1574; x_wconf 86' lang='lat' dir='ltr'><strong>pacem</strong></span> <span class='ocrx_word' id='word_1_98' title='bbox 1202 1515 1258 1559; x_wconf 90' lang='lat' dir='ltr'><strong>et</strong></span> <span class='ocrx_word' id='word_1_99' title='bbox 1307 1508 1657 1562; x_wconf 89' lang='lat' dir='ltr'><strong>concordiam</strong></span> <span class='ocrx_word' id='word_1_100' title='bbox 1703 1508 1950 1576; x_wconf 78' lang='lat' dir='ltr'><strong>gignere.</strong></span> <span class='ocrx_word' id='word_1_101' title='bbox 1998 1520 2187 1561; x_wconf 90' lang='lat' dir='ltr'><strong>curam</strong></span> 
     </span>
    </p>
   </div>
   <div class='ocr_carea' id='block_1_18' title="bbox 614 1595 2185 1667">
    <p class='ocr_par' dir='ltr' id='par_1_18' title="bbox 614 1595 2185 1667">
     <span class='ocr_line' id='line_1_18' title="bbox 614 1595 2185 1667; baseline -0.001 -18"><span class='ocrx_word' id='word_1_102' title='bbox 614 1596 813 1663; x_wconf 74' lang='lat' dir='ltr'><strong>gerito.</strong></span> <span class='ocrx_word' id='word_1_103' title='bbox 839 1595 905 1650; x_wconf 87' lang='lat' dir='ltr'><strong>Et</strong></span> <span class='ocrx_word' id='word_1_104' title='bbox 933 1612 1077 1649; x_wconf 85' lang='lat' dir='ltr'><strong>lillllc</strong></span> <span class='ocrx_word' id='word_1_105' title='bbox 1094 1597 1314 1665; x_wconf 87' lang='lat' dir='ltr'><strong>quidem</strong></span> <span class='ocrx_word' id='word_1_106' title='bbox 1345 1598 1412 1653; x_wconf 91' lang='lat' dir='ltr'><strong>dc</strong></span> <span class='ocrx_word' id='word_1_107' title='bbox 1444 1599 1532 1662; x_wconf 89' lang='lat' dir='ltr'><strong>iis,</strong></span> <span class='ocrx_word' id='word_1_108' title='bbox 1557 1613 1677 1667; x_wconf 72' lang='lat' dir='ltr'><strong>quae</strong></span> <span class='ocrx_word' id='word_1_109' title='bbox 1707 1599 1772 1651; x_wconf 90' lang='lat' dir='ltr'><strong>ad</strong></span> <span class='ocrx_word' id='word_1_110' title='bbox 1799 1613 1897 1652; x_wconf 87' lang='lat' dir='ltr'><strong>nos</strong></span> <span class='ocrx_word' id='word_1_111' title='bbox 1928 1597 2185 1662; x_wconf 89' lang='lat' dir='ltr'><strong>retulisti,</strong></span> 
     </span>
    </p>
   </div>
   <div class='ocr_carea' id='block_1_19' title="bbox 2304 506 3891 580">
    <p class='ocr_par' dir='ltr' id='par_1_19' title="bbox 2304 506 3891 580">
     <span class='ocr_line' id='line_1_19' title="bbox 2304 506 3891 580; baseline 0.004 -23"><span class='ocrx_word' id='word_1_112' title='bbox 2304 506 2457 570; x_wconf 79' lang='grc' dir='ltr'>ξεων,</span> <span class='ocrx_word' id='word_1_113' title='bbox 2488 506 2725 577; x_wconf 71' lang='grc' dir='ltr'>ὁπηνίκα</span> <span class='ocrx_word' id='word_1_114' title='bbox 2772 506 2890 577; x_wconf 76' lang='grc' dir='ltr'>ἔχει</span> <span class='ocrx_word' id='word_1_115' title='bbox 2930 507 2991 560; x_wconf 81' lang='grc' dir='ltr'>τὸ</span> <span class='ocrx_word' id='word_1_116' title='bbox 3014 511 3113 579; x_wconf 78' lang='grc' dir='ltr'>τῆς</span> <span class='ocrx_word' id='word_1_117' title='bbox 3144 509 3425 573; x_wconf 76' lang='grc' dir='ltr'>εὐσεϐείας</span> <span class='ocrx_word' id='word_1_118' title='bbox 3468 511 3891 580; x_wconf 75' lang='grc' dir='ltr'>ἀπηρτισμένον</span> 
     </span>
    </p>
   </div>
   <div class='ocr_carea' id='block_1_20' title="bbox 2301 597 3891 667">
    <p class='ocr_par' dir='ltr' id='par_1_20' title="bbox 2301 597 3891 667">
     <span class='ocr_line' id='line_1_20' title="bbox 2301 597 3891 667; baseline 0.001 -16"><span class='ocrx_word' id='word_1_119' title='bbox 2301 601 2334 667; x_wconf 83' lang='grc' dir='ltr'><strong>ἠ</strong></span> <span class='ocrx_word' id='word_1_120' title='bbox 2362 598 2564 662; x_wconf 77' lang='grc' dir='ltr'>ἔννοια,</span> <span class='ocrx_word' id='word_1_121' title='bbox 2595 598 2715 651; x_wconf 80' lang='grc' dir='ltr'><strong>οὐδὲ</strong></span> <span class='ocrx_word' id='word_1_122' title='bbox 2746 597 3027 661; x_wconf 75' lang='grc' dir='ltr'>εὐσεϐείας</span> <span class='ocrx_word' id='word_1_123' title='bbox 3058 600 3205 650; x_wconf 69' lang='grc' dir='ltr'>ἐστὶν</span> <span class='ocrx_word' id='word_1_124' title='bbox 3248 599 3505 667; x_wconf 76' lang='grc' dir='ltr'><strong>ἀθέτησις</strong></span> <span class='ocrx_word' id='word_1_125' title='bbox 3535 599 3645 651; x_wconf 84' lang='grc' dir='ltr'><strong>τῶν</strong></span> <span class='ocrx_word' id='word_1_126' title='bbox 3672 601 3891 666; x_wconf 77' lang='grc' dir='ltr'><strong>λέξεων</strong></span> 
     </span>
    </p>
   </div>
   <div class='ocr_carea' id='block_1_21' title="bbox 2300 689 3891 761">
    <p class='ocr_par' dir='ltr' id='par_1_21' title="bbox 2300 689 3891 761">
     <span class='ocr_line' id='line_1_21' title="bbox 2300 689 3891 761; baseline 0.003 -21"><span class='ocrx_word' id='word_1_127' title='bbox 2300 693 2334 760; x_wconf 80' lang='grc' dir='ltr'><strong>ἡ</strong></span> <span class='ocrx_word' id='word_1_128' title='bbox 2367 691 2677 761; x_wconf 84' lang='grc' dir='ltr'>προσθήκη,</span> <span class='ocrx_word' id='word_1_129' title='bbox 2707 691 2944 757; x_wconf 78' lang='grc' dir='ltr'><strong>ὁπηνίκα</strong></span> <span class='ocrx_word' id='word_1_130' title='bbox 2974 691 3006 757; x_wconf 81' lang='grc' dir='ltr'>ἡ</span> <span class='ocrx_word' id='word_1_131' title='bbox 3045 689 3154 739; x_wconf 85' lang='grc' dir='ltr'>τῶν</span> <span class='ocrx_word' id='word_1_132' title='bbox 3185 690 3625 758; x_wconf 80' lang='grc' dir='ltr'><strong>προστιθεμένων</strong></span> <span class='ocrx_word' id='word_1_133' title='bbox 3673 691 3891 755; x_wconf 80' lang='grc' dir='ltr'>λέξεων</span> 
     </span>
    </p>
   </div>
   <div class='ocr_carea' id='block_1_22' title="bbox 2299 780 3890 855">
    <p class='ocr_par' dir='ltr' id='par_1_22' title="bbox 2299 780 3890 855">
     <span class='ocr_line' id='line_1_22' title="bbox 2299 780 3890 855; baseline 0.001 -23"><span class='ocrx_word' id='word_1_134' title='bbox 2299 781 2474 834; x_wconf 76' lang='grc' dir='ltr'>ἔννοια</span> <span class='ocrx_word' id='word_1_135' title='bbox 2506 781 2606 850; x_wconf 82' lang='grc' dir='ltr'>τὴν</span> <span class='ocrx_word' id='word_1_136' title='bbox 2638 780 2923 855; x_wconf 77' lang='grc' dir='ltr'>εύσέϐειαν</span> <span class='ocrx_word' id='word_1_137' title='bbox 2948 780 3365 849; x_wconf 74' lang='grc' dir='ltr'>ἀπαραποίητον</span> <span class='ocrx_word' id='word_1_138' title='bbox 3402 784 3662 851; x_wconf 52' lang='grc' dir='ltr'>συντηρῃ</span> <span class='ocrx_word' id='word_1_139' title='bbox 3706 782 3890 834; x_wconf 79' lang='grc' dir='ltr'>’Ὅθεν</span> 
     </span>
    </p>
   </div>
   <div class='ocr_carea' id='block_1_23' title="bbox 2297 868 3891 938">
    <p class='ocr_par' dir='ltr' id='par_1_23' title="bbox 2297 868 3891 938">
     <span class='ocr_line' id='line_1_23' title="bbox 2297 868 3891 938; baseline -0.001 -16"><span class='ocrx_word' id='word_1_140' title='bbox 2297 870 2416 923; x_wconf 79' lang='grc' dir='ltr'><strong>οὐδὲ</strong></span> <span class='ocrx_word' id='word_1_141' title='bbox 2449 870 2499 922; x_wconf 82' lang='lat' dir='ltr'><strong>oi</strong></span> <span class='ocrx_word' id='word_1_142' title='bbox 2530 871 2659 932; x_wconf 72' lang='grc' dir='ltr'>τοὺς</span> <span class='ocrx_word' id='word_1_143' title='bbox 2712 869 3108 937; x_wconf 72' lang='grc' dir='ltr'>σπεισαμένους</span> <span class='ocrx_word' id='word_1_144' title='bbox 3138 869 3285 935; x_wconf 75' lang='grc' dir='ltr'>ἡμᾶς</span> <span class='ocrx_word' id='word_1_145' title='bbox 3321 870 3387 938; x_wconf 83' lang='grc' dir='ltr'>τῇ</span> <span class='ocrx_word' id='word_1_146' title='bbox 3431 868 3713 937; x_wconf 80' lang='grc' dir='ltr'><strong>Ῥωμαϊκῇ</strong></span> <span class='ocrx_word' id='word_1_147' title='bbox 3754 868 3891 921; x_wconf 77' lang='grc' dir='ltr'><strong>Ἐκ-</strong></span> 
     </span>
    </p>
   </div>
   <div class='ocr_carea' id='block_1_24' title="bbox 2298 956 3889 1031">
    <p class='ocr_par' dir='ltr' id='par_1_24' title="bbox 2298 956 3889 1031">
     <span class='ocr_line' id='line_1_24' title="bbox 2298 956 3889 1031; baseline -0.003 -18"><span class='ocrx_word' id='word_1_148' title='bbox 2298 960 2499 1031; x_wconf 79' lang='grc' dir='ltr'>κλησ’ᾳ</span> <span class='ocrx_word' id='word_1_149' title='bbox 2527 960 2847 1023; x_wconf 74' lang='grc' dir='ltr'><strong>κακίζοντες</strong></span> <span class='ocrx_word' id='word_1_150' title='bbox 2873 959 2961 1012; x_wconf 82' lang='grc' dir='ltr'>διὰ</span> <span class='ocrx_word' id='word_1_151' title='bbox 2992 957 3090 1027; x_wconf 82' lang='grc' dir='ltr'><strong>τὴν</strong></span> <span class='ocrx_word' id='word_1_152' title='bbox 3116 957 3435 1026; x_wconf 77' lang='grc' dir='ltr'>προσθήκην</span> <span class='ocrx_word' id='word_1_153' title='bbox 3465 956 3738 1024; x_wconf 74' lang='grc' dir='ltr'><strong>εὐστόχως</strong></span> <span class='ocrx_word' id='word_1_154' title='bbox 3762 959 3889 1018; x_wconf 83' lang='grc' dir='ltr'>τοῖς</span> 
     </span>
    </p>
   </div>
   <div class='ocr_carea' id='block_1_25' title="bbox 2296 1046 3890 1121">
    <p class='ocr_par' dir='ltr' id='par_1_25' title="bbox 2296 1046 3890 1121">
     <span class='ocr_line' id='line_1_25' title="bbox 2296 1046 3890 1121; baseline -0.005 -16"><span class='ocrx_word' id='word_1_155' title='bbox 2296 1055 2380 1116; x_wconf 84' lang='grc' dir='ltr'>εἰς</span> <span class='ocrx_word' id='word_1_156' title='bbox 2405 1052 2566 1105; x_wconf 81' lang='grc' dir='ltr'>τοῦτο</span> <span class='ocrx_word' id='word_1_157' title='bbox 2592 1050 2873 1121; x_wconf 80' lang='grc' dir='ltr'><strong>λογισμοῖς</strong></span> <span class='ocrx_word' id='word_1_158' title='bbox 2904 1048 3276 1102; x_wconf 76' lang='grc' dir='ltr'>ἐπιϐάλλουσι.</span> <span class='ocrx_word' id='word_1_159' title='bbox 3312 1046 3422 1098; x_wconf 76' lang='grc' dir='ltr'>Καὶ</span> <span class='ocrx_word' id='word_1_160' title='bbox 3452 1047 3537 1107; x_wconf 80' lang='grc' dir='ltr'><strong>σὺ,</strong></span> <span class='ocrx_word' id='word_1_161' title='bbox 3568 1046 3735 1114; x_wconf 81' lang='grc' dir='ltr'>μηδὲν</span> <span class='ocrx_word' id='word_1_162' title='bbox 3766 1046 3890 1120; x_wconf 80' lang='grc' dir='ltr'><strong>τῶν</strong></span> 
     </span>
    </p>
   </div>
   <div class='ocr_carea' id='block_1_26' title="bbox 2294 1137 3885 1213">
    <p class='ocr_par' dir='ltr' id='par_1_26' title="bbox 2294 1137 3885 1213">
     <span class='ocr_line' id='line_1_26' title="bbox 2294 1137 3885 1213; baseline -0.008 -15"><span class='ocrx_word' id='word_1_163' title='bbox 2294 1145 2440 1199; x_wconf 76' lang='grc' dir='ltr'>οὕτω</span> <span class='ocrx_word' id='word_1_164' title='bbox 2474 1142 2901 1213; x_wconf 79' lang='grc' dir='ltr'>προφερομένων</span> <span class='ocrx_word' id='word_1_165' title='bbox 2928 1140 3252 1209; x_wconf 78' lang='grc' dir='ltr'>φροντίζων,</span> <span class='ocrx_word' id='word_1_166' title='bbox 3291 1137 3387 1191; x_wconf 82' lang='grc' dir='ltr'><strong>τὸῦ</strong></span> <span class='ocrx_word' id='word_1_167' title='bbox 3434 1137 3633 1190; x_wconf 71' lang='grc' dir='ltr'>οἰκείου</span> <span class='ocrx_word' id='word_1_168' title='bbox 3681 1137 3885 1205; x_wconf 78' lang='grc' dir='ltr'>ἔργου,</span> 
     </span>
    </p>
   </div>
   <div class='ocr_carea' id='block_1_27' title="bbox 2294 1227 3889 1305">
    <p class='ocr_par' dir='ltr' id='par_1_27' title="bbox 2294 1227 3889 1305">
     <span class='ocr_line' id='line_1_27' title="bbox 2294 1227 3889 1305; baseline -0.006 -18"><span class='ocrx_word' id='word_1_169' title='bbox 2294 1235 2431 1305; x_wconf 83' lang='grc' dir='ltr'>ὅπερ</span> <span class='ocrx_word' id='word_1_170' title='bbox 2470 1235 2617 1287; x_wconf 80' lang='grc' dir='ltr'>ἐστὶν</span> <span class='ocrx_word' id='word_1_171' title='bbox 2652 1234 2686 1303; x_wconf 79' lang='grc' dir='ltr'><strong>ὴ</strong></span> <span class='ocrx_word' id='word_1_172' title='bbox 2736 1232 2871 1301; x_wconf 83' lang='grc' dir='ltr'>πρὸς</span> <span class='ocrx_word' id='word_1_173' title='bbox 2920 1233 3142 1300; x_wconf 71' lang='grc' dir='ltr'>εἰρήνην</span> <span class='ocrx_word' id='word_1_174' title='bbox 3179 1229 3274 1282; x_wconf 82' lang='grc' dir='ltr'>τοῦ</span> <span class='ocrx_word' id='word_1_175' title='bbox 3327 1227 3704 1288; x_wconf 75' lang='grc' dir='ltr'>πιστευθέντος</span> <span class='ocrx_word' id='word_1_176' title='bbox 3753 1244 3889 1279; x_wconf 77' lang='grc' dir='ltr'>ποι-</span> 
     </span>
    </p>
   </div>
   <div class='ocr_carea' id='block_1_28' title="bbox 2297 1318 3889 1397">
    <p class='ocr_par' dir='ltr' id='par_1_28' title="bbox 2297 1318 3889 1397">
     <span class='ocr_line' id='line_1_28' title="bbox 2297 1318 3889 1397; baseline -0.004 -19"><span class='ocrx_word' id='word_1_177' title='bbox 2297 1325 2451 1397; x_wconf 74' lang='grc' dir='ltr'>μνίου</span> <span class='ocrx_word' id='word_1_178' title='bbox 2483 1324 2835 1394; x_wconf 75' lang='grc' dir='ltr'>συμὸίϐασις,</span> <span class='ocrx_word' id='word_1_179' title='bbox 2864 1322 2954 1376; x_wconf 76' lang='grc' dir='ltr'>ἔσο</span> <span class='ocrx_word' id='word_1_180' title='bbox 2986 1319 3436 1391; x_wconf 66' lang='grc' dir='ltr'>ἐπιμελούμενος.</span> <span class='ocrx_word' id='word_1_181' title='bbox 3459 1318 3576 1372; x_wconf 62' lang='lat' dir='ltr'><strong>Nino</strong></span> <span class='ocrx_word' id='word_1_182' title='bbox 3608 1318 3709 1387; x_wconf 77' lang='grc' dir='ltr'><strong>μὲν</strong></span> <span class='ocrx_word' id='word_1_183' title='bbox 3744 1318 3889 1386; x_wconf 68' lang='grc' dir='ltr'>περὶ</span> 
     </span>
    </p>
   </div>
   <div class='ocr_carea' id='block_1_29' title="bbox 2295 1408 3887 1486">
    <p class='ocr_par' dir='ltr' id='par_1_29' title="bbox 2295 1408 3887 1486">
     <span class='ocr_line' id='line_1_29' title="bbox 2295 1408 3887 1486; baseline -0.008 -14"><span class='ocrx_word' id='word_1_184' title='bbox 2295 1410 2377 1472; x_wconf 79' lang='grc' dir='ltr'>ὧν</span> <span class='ocrx_word' id='word_1_185' title='bbox 2402 1417 2689 1486; x_wconf 74' lang='grc' dir='ltr'>ἀνέφερες,</span> <span class='ocrx_word' id='word_1_186' title='bbox 2717 1414 2819 1478; x_wconf 84' lang='grc' dir='ltr'>τὰς</span> <span class='ocrx_word' id='word_1_187' title='bbox 2847 1413 3028 1476; x_wconf 77' lang='grc' dir='ltr'>λύσεις</span> <span class='ocrx_word' id='word_1_188' title='bbox 3071 1412 3132 1477; x_wconf 67' lang='grc' dir='ltr'><strong>ἐξ</strong></span> <span class='ocrx_word' id='word_1_189' title='bbox 3162 1410 3320 1482; x_wconf 75' lang='grc' dir='ltr'>ἡμῶν</span> <span class='ocrx_word' id='word_1_190' title='bbox 3353 1411 3745 1481; x_wconf 80' lang='grc' dir='ltr'>πορισάμενος,</span> <span class='ocrx_word' id='word_1_191' title='bbox 3770 1408 3887 1460; x_wconf 79' lang='grc' dir='ltr'><strong>οὐκ</strong></span> 
     </span>
    </p>
   </div>
   <div class='ocr_carea' id='block_1_30' title="bbox 2294 1499 3886 1578">
    <p class='ocr_par' dir='ltr' id='par_1_30' title="bbox 2294 1499 3886 1578">
     <span class='ocr_line' id='line_1_30' title="bbox 2294 1499 3886 1578; baseline -0.007 -16"><span class='ocrx_word' id='word_1_192' title='bbox 2294 1510 2598 1578; x_wconf 81' lang='grc' dir='ltr'>ἀστόχησον</span> <span class='ocrx_word' id='word_1_193' title='bbox 2626 1507 2685 1560; x_wconf 70' lang='grc' dir='ltr'><strong>δὲ</strong></span> <span class='ocrx_word' id='word_1_194' title='bbox 2716 1508 2810 1560; x_wconf 69' lang='grc' dir='ltr'>καὶ</span> <span class='ocrx_word' id='word_1_195' title='bbox 2840 1506 2923 1569; x_wconf 70' lang='grc' dir='ltr'><strong>εἰς</strong></span> <span class='ocrx_word' id='word_1_196' title='bbox 2952 1505 3017 1558; x_wconf 78' lang='grc' dir='ltr'><strong>τὸ</strong></span> <span class='ocrx_word' id='word_1_197' title='bbox 3046 1502 3194 1572; x_wconf 76' lang='grc' dir='ltr'>ἑξῆς,</span> <span class='ocrx_word' id='word_1_198' title='bbox 3220 1503 3276 1556; x_wconf 69' lang='lat' dir='ltr'><strong>si</strong></span> <span class='ocrx_word' id='word_1_199' title='bbox 3299 1502 3364 1570; x_wconf 79' lang='grc' dir='ltr'>γέ</span> <span class='ocrx_word' id='word_1_200' title='bbox 3393 1519 3446 1555; x_wconf 92' lang='grc' dir='ltr'><strong>τι</strong></span> <span class='ocrx_word' id='word_1_201' title='bbox 3486 1500 3747 1564; x_wconf 78' lang='grc' dir='ltr'>τοιοῦτον,</span> <span class='ocrx_word' id='word_1_202' title='bbox 3783 1499 3886 1551; x_wconf 76' lang='grc' dir='ltr'>καὶ</span> 
     </span>
    </p>
   </div>
   <div class='ocr_carea' id='block_1_31' title="bbox 2297 1597 2972 1669">
    <p class='ocr_par' dir='ltr' id='par_1_31' title="bbox 2297 1597 2972 1669">
     <span class='ocr_line' id='line_1_31' title="bbox 2297 1597 2972 1669; baseline 0 -17"><span class='ocrx_word' id='word_1_203' title='bbox 2297 1601 2460 1654; x_wconf 83' lang='grc' dir='ltr'>πάλιν</span> <span class='ocrx_word' id='word_1_204' title='bbox 2491 1597 2790 1669; x_wconf 74' lang='grc' dir='ltr'>ἀνενέγκῃς</span> <span class='ocrx_word' id='word_1_205' title='bbox 2815 1598 2972 1668; x_wconf 83' lang='grc' dir='ltr'>ἡμῖν.</span> 
     </span>
    </p>
   </div>
   <div class='ocr_carea' id='block_1_32' title="bbox 624 1679 3886 1759">
    <p class='ocr_par' dir='ltr' id='par_1_32' title="bbox 624 1679 3886 1759">
     <span class='ocr_line' id='line_1_32' title="bbox 624 1679 3886 1759; baseline -0.003 -18"><span class='ocrx_word' id='word_1_206' title='bbox 624 1688 928 1743; x_wconf 84' lang='lat' dir='ltr'><strong>solutiones</strong></span> <span class='ocrx_word' id='word_1_207' title='bbox 962 1704 990 1740; x_wconf 84' lang='lat' dir='ltr'><strong>a</strong></span> <span class='ocrx_word' id='word_1_208' title='bbox 1034 1689 1189 1743; x_wconf 80' lang='lat' dir='ltr'><strong>nobis</strong></span> <span class='ocrx_word' id='word_1_209' title='bbox 1222 1701 1587 1757; x_wconf 85' lang='lat' dir='ltr'><strong>consecutus,</strong></span> <span class='ocrx_word' id='word_1_210' title='bbox 1632 1690 1683 1743; x_wconf 91' lang='lat' dir='ltr'><strong>id</strong></span> <span class='ocrx_word' id='word_1_211' title='bbox 1723 1690 1862 1745; x_wconf 90' lang='lat' dir='ltr'><strong>idem</strong></span> <span class='ocrx_word' id='word_1_212' title='bbox 1893 1698 1948 1744; x_wconf 87' lang='lat' dir='ltr'><strong>ct</strong></span> <span class='ocrx_word' id='word_1_213' title='bbox 2003 1691 2057 1743; x_wconf 90' lang='lat' dir='ltr'><strong>in</strong></span> <span class='ocrx_word' id='word_1_214' title='bbox 2090 1699 2367 1759; x_wconf 89' lang='lat' dir='ltr'><strong>posterum</strong></span> <span class='ocrx_word' id='word_1_215' title='bbox 2408 1689 2707 1755; x_wconf 87' lang='lat' dir='ltr'><strong>obtinebis,</strong></span> <span class='ocrx_word' id='word_1_216' title='bbox 2744 1689 2789 1744; x_wconf 89' lang='lat' dir='ltr'><strong>si</strong></span> <span class='ocrx_word' id='word_1_217' title='bbox 2856 1687 2989 1758; x_wconf 90' lang='lat' dir='ltr'><strong>quid</strong></span> <span class='ocrx_word' id='word_1_218' title='bbox 3062 1685 3257 1745; x_wconf 84' lang='lat' dir='ltr'><strong>iterum</strong></span> <span class='ocrx_word' id='word_1_219' title='bbox 3289 1683 3468 1739; x_wconf 84' lang='lat' dir='ltr'><strong>simile</strong></span> <span class='ocrx_word' id='word_1_220' title='bbox 3518 1681 3677 1738; x_wconf 87' lang='lat' dir='ltr'><strong>nobis</strong></span> <span class='ocrx_word' id='word_1_221' title='bbox 3701 1679 3886 1751; x_wconf 79' lang='lat' dir='ltr'><strong>signi-</strong></span> 
     </span>
    </p>
   </div>
   <div class='ocr_carea' id='block_1_33' title="bbox 619 1784 890 1838">
    <p class='ocr_par' dir='ltr' id='par_1_33' title="bbox 619 1784 890 1838">
     <span class='ocr_line' id='line_1_33' title="bbox 619 1784 890 1838; baseline -0.004 -1"><span class='ocrx_word' id='word_1_222' title='bbox 619 1784 890 1838; x_wconf 82' lang='lat' dir='ltr'><strong>ﬁcavcris.</strong></span> 
     </span>
    </p>
   </div>
   <div class='ocr_carea' id='block_1_34' title="bbox 1379 1958 2449 1973">
    <p class='ocr_par' dir='ltr' id='par_1_34' title="bbox 1379 1958 2449 1973">
     <span class='ocr_line' id='line_1_34' title="bbox 1379 1958 2449 1973; baseline -0.002 -1"><span class='ocrx_word' id='word_1_223' title='bbox 1379 1964 1534 1973; x_wconf 78' lang='lat'><strong>-—-—</strong></span> <span class='ocrx_word' id='word_1_224' title='bbox 1547 1958 2449 1973; x_wconf 47' lang='lat' dir='ltr'><strong>mm“.-</strong></span> 
     </span>
    </p>
   </div>
   <div class='ocr_carea' id='block_1_35' title="bbox 3594 1945 3867 1964">
    <p class='ocr_par' dir='ltr' id='par_1_35' title="bbox 3594 1945 3867 1964">
     <span class='ocr_line' id='line_1_35' title="bbox 3594 1945 3867 1964; baseline 0.004 -4"><span class='ocrx_word' id='word_1_225' title='bbox 3594 1945 3867 1964; x_wconf 46' lang='grc' dir='ltr'><strong>Ψ..-</strong></span> 
     </span>
    </p>
   </div>
   <div class='ocr_carea' id='block_1_36' title="bbox 1733 2102 2749 2246">
    <p class='ocr_par' dir='ltr' id='par_1_36' title="bbox 1733 2102 2749 2246">
     <span class='ocr_line' id='line_1_36' title="bbox 1733 2102 2749 2246; baseline -0.016 1"><span class='ocrx_word' id='word_1_226' title='bbox 1733 2108 2081 2246; x_wconf 72' lang='grc' dir='ltr'><strong>ἹῘΟΥ</strong></span> <span class='ocrx_word' id='word_1_227' title='bbox 2173 2102 2749 2239; x_wconf 87' lang='grc' dir='ltr'>ΑΥΤΟΥ</span> 
     </span>
    </p>
   </div>
   <div class='ocr_carea' id='block_1_37' title="bbox 2182 2335 2320 2390">
    <p class='ocr_par' dir='ltr' id='par_1_37' title="bbox 2182 2335 2320 2390">
     <span class='ocr_line' id='line_1_37' title="bbox 2182 2335 2320 2390; baseline 0 -1"><span class='ocrx_word' id='word_1_228' title='bbox 2182 2335 2320 2390; x_wconf 84' lang='grc' dir='ltr'><strong>ΤΩΝ</strong></span> 
     </span>
    </p>
   </div>
   <div class='ocr_carea' id='block_1_38' title="bbox 924 2474 3561 2626">
    <p class='ocr_par' dir='ltr' id='par_1_38' title="bbox 924 2474 3561 2626">
     <span class='ocr_line' id='line_1_38' title="bbox 924 2474 3561 2626; baseline -0.003 -1"><span class='ocrx_word' id='word_1_229' title='bbox 924 2510 1340 2626; x_wconf 80' lang='grc' dir='ltr'><strong>ΠΡΟΣ</strong></span> <span class='ocrx_word' id='word_1_230' title='bbox 1419 2507 1737 2622; x_wconf 89' lang='lat' dir='ltr'><strong>TON</strong></span> <span class='ocrx_word' id='word_1_231' title='bbox 1817 2501 2659 2620; x_wconf 79' lang='grc' dir='ltr'><strong>ΣΟΥΓΔΑΙΑΣ</strong></span> <span class='ocrx_word' id='word_1_232' title='bbox 2735 2474 3561 2616; x_wconf 77' lang='grc' dir='ltr'><strong>ΘΕΟΔΩΡΟΝ</strong></span> 
     </span>
    </p>
   </div>
   <div class='ocr_carea' id='block_1_39' title="bbox 1894 2724 2549 2812">
    <p class='ocr_par' dir='ltr' id='par_1_39' title="bbox 1894 2724 2549 2812">
     <span class='ocr_line' id='line_1_39' title="bbox 1894 2724 2549 2812; baseline -0.006 0"><span class='ocrx_word' id='word_1_233' title='bbox 1894 2728 2044 2812; x_wconf 90' lang='grc' dir='ltr'><strong>ΤΟ</strong></span> <span class='ocrx_word' id='word_1_234' title='bbox 2118 2724 2549 2809; x_wconf 87' lang='grc' dir='ltr'><strong>ΤΡΙΤΟΝ.</strong></span> 
     </span>
    </p>
   </div>
   <div class='ocr_carea' id='block_1_40' title="bbox 1877 2895 2590 3134">
    <p class='ocr_par' dir='ltr' id='par_1_40' title="bbox 1877 2895 2590 3134">
     <span class='ocr_line' id='line_1_40' title="bbox 1877 2895 2590 3134; baseline 0.003 -8"><span class='ocrx_word' id='word_1_235' title='bbox 1877 2895 2590 3134; x_wconf 58' lang='lat' dir='ltr'><strong>EJUS—DEM</strong></span> 
     </span>
    </p>
   </div>
   <div class='ocr_carea' id='block_1_41' title="bbox 2193 3236 2286 3292">
    <p class='ocr_par' dir='ltr' id='par_1_41' title="bbox 2193 3236 2286 3292">
     <span class='ocr_line' id='line_1_41' title="bbox 2193 3236 2286 3292; baseline -0.022 0"><span class='ocrx_word' id='word_1_236' title='bbox 2193 3236 2286 3292; x_wconf 85' lang='lat' dir='ltr'><strong>AD</strong></span> 
     </span>
    </p>
   </div>
   <div class='ocr_carea' id='block_1_42' title="bbox 957 3411 3513 3535">
    <p class='ocr_par' dir='ltr' id='par_1_42' title="bbox 957 3411 3513 3535">
     <span class='ocr_line' id='line_1_42' title="bbox 957 3411 3513 3535; baseline 0.002 -8"><span class='ocrx_word' id='word_1_237' title='bbox 957 3414 1605 3531; x_wconf 67' lang='lat' dir='ltr'><strong>SUGDfE/E</strong></span> <span class='ocrx_word' id='word_1_238' title='bbox 1688 3414 2491 3529; x_wconf 81' lang='lat' dir='ltr'><strong>EPISCOPUM</strong></span> <span class='ocrx_word' id='word_1_239' title='bbox 2575 3411 3513 3535; x_wconf 83' lang='lat' dir='ltr'><strong>THEODORUM.</strong></span> 
     </span>
    </p>
   </div>
   <div class='ocr_carea' id='block_1_43' title="bbox 1730 3656 2738 3748">
    <p class='ocr_par' dir='ltr' id='par_1_43' title="bbox 1730 3656 2738 3748">
     <span class='ocr_line' id='line_1_43' title="bbox 1730 3656 2738 3748; baseline 0.001 -4"><span class='ocrx_word' id='word_1_240' title='bbox 1730 3658 2082 3747; x_wconf 78' lang='lat' dir='ltr'><strong>LIBER</strong></span> <span class='ocrx_word' id='word_1_241' title='bbox 2182 3656 2738 3748; x_wconf 82' lang='lat' dir='ltr'><strong>TERTIUS.</strong></span> 
     </span>
    </p>
   </div>
   <div class='ocr_carea' id='block_1_44' title="bbox 2225 3874 2295 3889">
    <p class='ocr_par' dir='ltr' id='par_1_44' title="bbox 2225 3874 2295 3889">
     <span class='ocr_line' id='line_1_44' title="bbox 2225 3874 2295 3889; baseline -0.014 0"><span class='ocrx_word' id='word_1_242' title='bbox 2225 3874 2295 3889; x_wconf 61' lang='lat'><strong>.-</strong></span> 
     </span>
    </p>
   </div>
   <div class='ocr_carea' id='block_1_45' title="bbox 691 3983 2193 4087">
    <p class='ocr_par' dir='ltr' id='par_1_45' title="bbox 691 4006 2192 4067">
     <span class='ocr_line' id='line_1_45' title="bbox 691 4006 2192 4067; baseline -0.002 -5"><span class='ocrx_word' id='word_1_243' title='bbox 691 4010 743 4063; x_wconf 81' lang='grc'><strong>1.</strong></span> <span class='ocrx_word' id='word_1_244' title='bbox 788 4009 1001 4063; x_wconf 81' lang='lat' dir='ltr'><strong>Rursus</strong></span> <span class='ocrx_word' id='word_1_245' title='bbox 1030 4009 1223 4062; x_wconf 68' lang='lat' dir='ltr'><strong>litterae</strong></span> <span class='ocrx_word' id='word_1_246' title='bbox 1255 4024 1286 4061; x_wconf 88' lang='lat' dir='ltr'><strong>a</strong></span> <span class='ocrx_word' id='word_1_247' title='bbox 1318 4017 1369 4061; x_wconf 90' lang='lat' dir='ltr'><strong>te</strong></span> <span class='ocrx_word' id='word_1_248' title='bbox 1400 4008 1560 4062; x_wconf 89' lang='lat' dir='ltr'><strong>nobis</strong></span> <span class='ocrx_word' id='word_1_249' title='bbox 1611 4006 1936 4067; x_wconf 86' lang='lat' dir='ltr'><strong>redduntur,</strong></span> <span class='ocrx_word' id='word_1_250' title='bbox 1981 4013 2034 4061; x_wconf 91' lang='lat' dir='ltr'><strong>et</strong></span> <span class='ocrx_word' id='word_1_251' title='bbox 2067 4022 2192 4060; x_wconf 89' lang='lat' dir='ltr'><strong>rur-</strong></span> 
     </span>
    </p>
   </div>
   <div class='ocr_carea' id='block_1_46' title="bbox 2297 3983 3883 4087">
    <p class='ocr_par' dir='ltr' id='par_1_46' title="bbox 2366 3983 3883 4087">
     <span class='ocr_line' id='line_1_46' title="bbox 2366 3983 3883 4087; baseline 0.008 -24"><span class='ocrx_word' id='word_1_252' title='bbox 2366 4013 2437 4066; x_wconf 84' lang='grc' dir='ltr'><strong>α’.</strong></span> <span class='ocrx_word' id='word_1_253' title='bbox 2474 4010 2642 4064; x_wconf 83' lang='grc' dir='ltr'>Πάλιν</span> <span class='ocrx_word' id='word_1_254' title='bbox 2679 4029 2772 4064; x_wconf 80' lang='grc' dir='ltr'><strong>σου</strong></span> <span class='ocrx_word' id='word_1_255' title='bbox 2806 4013 2873 4066; x_wconf 76' lang='grc' dir='ltr'>τὰ</span> <span class='ocrx_word' id='word_1_256' title='bbox 2896 4014 3203 4087; x_wconf 81' lang='grc' dir='ltr'>γράμματα</span> <span class='ocrx_word' id='word_1_257' title='bbox 3230 4014 3367 4087; x_wconf 79' lang='grc' dir='ltr'>πρὸς</span> <span class='ocrx_word' id='word_1_258' title='bbox 3388 3983 3560 4087; x_wconf 72' lang='grc' dir='ltr'>ἡμᾶς,</span> <span class='ocrx_word' id='word_1_259' title='bbox 3591 4018 3688 4072; x_wconf 76' lang='grc' dir='ltr'>καὶ</span> <span class='ocrx_word' id='word_1_260' title='bbox 3713 4018 3883 4075; x_wconf 69' lang='grc' dir='ltr'>πάλιν</span> 
     </span>
    </p>
   </div>
   <div class='ocr_carea' id='block_1_47' title="bbox 617 4097 2194 4169">
    <p class='ocr_par' dir='ltr' id='par_1_47' title="bbox 617 4097 2194 4169">
     <span class='ocr_line' id='line_1_47' title="bbox 617 4097 2194 4169; baseline -0.004 -12"><span class='ocrx_word' id='word_1_261' title='bbox 617 4117 714 4157; x_wconf 89' lang='lat' dir='ltr'><strong>sus</strong></span> <span class='ocrx_word' id='word_1_262' title='bbox 747 4101 843 4155; x_wconf 85' lang='lat' dir='ltr'><strong>tibi</strong></span> <span class='ocrx_word' id='word_1_263' title='bbox 872 4115 973 4155; x_wconf 83' lang='lat' dir='ltr'><strong>nos</strong></span> <span class='ocrx_word' id='word_1_264' title='bbox 1001 4107 1324 4169; x_wconf 76' lang='lat' dir='ltr'><strong>argumenta</strong></span> <span class='ocrx_word' id='word_1_265' title='bbox 1352 4097 1656 4152; x_wconf 82' lang='lat' dir='ltr'><strong>disserendi</strong></span> <span class='ocrx_word' id='word_1_266' title='bbox 1694 4106 1941 4166; x_wconf 86' lang='lat' dir='ltr'><strong>prompte</strong></span> <span class='ocrx_word' id='word_1_267' title='bbox 1972 4097 2194 4152; x_wconf 63' lang='lat' dir='ltr'><strong>exhibe-</strong></span> 
     </span>
    </p>
   </div>
   <div class='ocr_carea' id='block_1_48' title="bbox 619 4188 2198 4261">
    <p class='ocr_par' dir='ltr' id='par_1_48' title="bbox 619 4188 2198 4261">
     <span class='ocr_line' id='line_1_48' title="bbox 619 4188 2198 4261; baseline -0.004 -14"><span class='ocrx_word' id='word_1_268' title='bbox 619 4207 776 4258; x_wconf 88' lang='lat' dir='ltr'><strong>mus;</strong></span> <span class='ocrx_word' id='word_1_269' title='bbox 813 4191 1015 4261; x_wconf 87' lang='lat' dir='ltr'><strong>quibus</strong></span> <span class='ocrx_word' id='word_1_270' title='bbox 1043 4190 1200 4245; x_wconf 78' lang='lat' dir='ltr'><strong>iacile</strong></span> <span class='ocrx_word' id='word_1_271' title='bbox 1229 4191 1435 4261; x_wconf 90' lang='lat' dir='ltr'><strong>poteris</strong></span> <span class='ocrx_word' id='word_1_272' title='bbox 1475 4189 1858 4258; x_wconf 78' lang='lat' dir='ltr'><strong>respondendo</strong></span> <span class='ocrx_word' id='word_1_273' title='bbox 1901 4188 2006 4244; x_wconf 90' lang='lat' dir='ltr'><strong>illis</strong></span> <span class='ocrx_word' id='word_1_274' title='bbox 2026 4204 2198 4259; x_wconf 82' lang='lat' dir='ltr'><strong>oppo-</strong></span> 
     </span>
    </p>
   </div>
   <div class='ocr_carea' id='block_1_49' title="bbox 619 4279 2196 4355">
    <p class='ocr_par' dir='ltr' id='par_1_49' title="bbox 619 4279 2196 4355">
     <span class='ocr_line' id='line_1_49' title="bbox 619 4279 2196 4355; baseline -0.006 -15"><span class='ocrx_word' id='word_1_275' title='bbox 619 4300 771 4350; x_wconf 87' lang='lat' dir='ltr'><strong>nere,</strong></span> <span class='ocrx_word' id='word_1_276' title='bbox 799 4283 895 4355; x_wconf 90' lang='lat' dir='ltr'><strong>qui</strong></span> <span class='ocrx_word' id='word_1_277' title='bbox 935 4282 1092 4337; x_wconf 77' lang='lat' dir='ltr'><strong>novis</strong></span> <span class='ocrx_word' id='word_1_278' title='bbox 1143 4295 1360 4351; x_wconf 75' lang='lat' dir='ltr'><strong>semper</strong></span> <span class='ocrx_word' id='word_1_279' title='bbox 1410 4280 1715 4334; x_wconf 85' lang='lat' dir='ltr'><strong>adinventis</strong></span> <span class='ocrx_word' id='word_1_280' title='bbox 1758 4279 1970 4334; x_wconf 84' lang='lat' dir='ltr'><strong>artibus</strong></span> <span class='ocrx_word' id='word_1_281' title='bbox 2009 4289 2196 4334; x_wconf 87' lang='lat' dir='ltr'><strong>osten-</strong></span> 
     </span>
    </p>
   </div>
   <div class='ocr_carea' id='block_1_50' title="bbox 613 4368 2195 4440">
    <p class='ocr_par' dir='ltr' id='par_1_50' title="bbox 613 4368 2195 4440">
     <span class='ocr_line' id='line_1_50' title="bbox 613 4368 2195 4440; baseline -0.005 -11"><span class='ocrx_word' id='word_1_282' title='bbox 613 4376 743 4429; x_wconf 86' lang='lat' dir='ltr'><strong>dere</strong></span> <span class='ocrx_word' id='word_1_283' title='bbox 763 4383 1057 4435; x_wconf 75' lang='lat' dir='ltr'><strong>conantur.</strong></span> <span class='ocrx_word' id='word_1_284' title='bbox 1102 4372 1245 4427; x_wconf 82' lang='lat' dir='ltr'><strong>circa</strong></span> <span class='ocrx_word' id='word_1_285' title='bbox 1279 4370 1495 4440; x_wconf 85' lang='lat' dir='ltr'><strong>pietatis</strong></span> <span class='ocrx_word' id='word_1_286' title='bbox 1525 4370 1730 4425; x_wconf 90' lang='lat' dir='ltr'><strong>cultum</strong></span> <span class='ocrx_word' id='word_1_287' title='bbox 1792 4368 2067 4423; x_wconf 78' lang='lat' dir='ltr'><strong>Romanos</strong></span> <span class='ocrx_word' id='word_1_288' title='bbox 2105 4371 2195 4421; x_wconf 84' lang='lat' dir='ltr'><strong>al--</strong></span> 
     </span>
    </p>
   </div>
   <div class='ocr_carea' id='block_1_51' title="bbox 610 4458 2195 4536">
    <p class='ocr_par' dir='ltr' id='par_1_51' title="bbox 610 4458 2195 4536">
     <span class='ocr_line' id='line_1_51' title="bbox 610 4458 2195 4536; baseline -0.006 -14"><span class='ocrx_word' id='word_1_289' title='bbox 610 4482 818 4528; x_wconf 87' lang='lat' dir='ltr'><strong>errare,</strong></span> <span class='ocrx_word' id='word_1_290' title='bbox 851 4476 1112 4536; x_wconf 86' lang='lat' dir='ltr'><strong>tanquam</strong></span> <span class='ocrx_word' id='word_1_291' title='bbox 1146 4462 1238 4532; x_wconf 90' lang='lat' dir='ltr'><strong>qui</strong></span> <span class='ocrx_word' id='word_1_292' title='bbox 1273 4476 1341 4516; x_wconf 80' lang='lat' dir='ltr'><strong>ex</strong></span> <span class='ocrx_word' id='word_1_293' title='bbox 1398 4461 1558 4516; x_wconf 82' lang='lat' dir='ltr'><strong>Patre</strong></span> <span class='ocrx_word' id='word_1_294' title='bbox 1601 4472 1656 4515; x_wconf 87' lang='lat' dir='ltr'><strong>et</strong></span> <span class='ocrx_word' id='word_1_295' title='bbox 1704 4458 1866 4524; x_wconf 83' lang='lat' dir='ltr'><strong>Filio,</strong></span> <span class='ocrx_word' id='word_1_296' title='bbox 1909 4475 2070 4528; x_wconf 84' lang='lat' dir='ltr'><strong>quam</strong></span> <span class='ocrx_word' id='word_1_297' title='bbox 2096 4475 2195 4513; x_wconf 83' lang='lat' dir='ltr'><strong>nos</strong></span> 
     </span>
    </p>
   </div>
   <div class='ocr_carea' id='block_1_52' title="bbox 610 4549 2194 4626">
    <p class='ocr_par' dir='ltr' id='par_1_52' title="bbox 610 4549 2194 4626">
     <span class='ocr_line' id='line_1_52' title="bbox 610 4549 2194 4626; baseline -0.006 -14"><span class='ocrx_word' id='word_1_298' title='bbox 610 4575 680 4613; x_wconf 78' lang='lat' dir='ltr'><strong>ex</strong></span> <span class='ocrx_word' id='word_1_299' title='bbox 714 4559 873 4611; x_wconf 82' lang='lat' dir='ltr'><strong>Patre</strong></span> <span class='ocrx_word' id='word_1_300' title='bbox 897 4571 996 4626; x_wconf 88' lang='lat' dir='ltr'><strong>per</strong></span> <span class='ocrx_word' id='word_1_301' title='bbox 1021 4552 1220 4608; x_wconf 88' lang='lat' dir='ltr'><strong>Filium</strong></span> <span class='ocrx_word' id='word_1_302' title='bbox 1257 4549 1593 4607; x_wconf 85' lang='lat' dir='ltr'><strong>sanctissimi</strong></span> <span class='ocrx_word' id='word_1_303' title='bbox 1643 4549 1882 4617; x_wconf 83' lang='lat' dir='ltr'><strong>Spiritus</strong></span> <span class='ocrx_word' id='word_1_304' title='bbox 1925 4552 2194 4605; x_wconf 75' lang='lat' dir='ltr'><strong>exsistcn-</strong></span> 
     </span>
    </p>
   </div>
   <div class='ocr_carea' id='block_1_53' title="bbox 612 4642 2193 4711">
    <p class='ocr_par' dir='ltr' id='par_1_53' title="bbox 612 4642 2193 4711">
     <span class='ocr_line' id='line_1_53' title="bbox 612 4642 2193 4711; baseline -0.005 -8"><span class='ocrx_word' id='word_1_305' title='bbox 612 4651 746 4704; x_wconf 91' lang='lat' dir='ltr'><strong>tiam</strong></span> <span class='ocrx_word' id='word_1_306' title='bbox 779 4657 1050 4711; x_wconf 88' lang='lat' dir='ltr'><strong>tenemus,</strong></span> <span class='ocrx_word' id='word_1_307' title='bbox 1079 4651 1414 4700; x_wconf 82' lang='lat' dir='ltr'><strong>asscverent.</strong></span> <span class='ocrx_word' id='word_1_308' title='bbox 1447 4642 1624 4696; x_wconf 87' lang='lat' dir='ltr'><strong>Erunt</strong></span> <span class='ocrx_word' id='word_1_309' title='bbox 1664 4656 1849 4710; x_wconf 89' lang='lat' dir='ltr'><strong>porro,</strong></span> <span class='ocrx_word' id='word_1_310' title='bbox 1880 4656 2000 4711; x_wconf 84' lang='lat' dir='ltr'><strong>quae</strong></span> <span class='ocrx_word' id='word_1_311' title='bbox 2045 4656 2193 4695; x_wconf 91' lang='lat' dir='ltr'><strong>nunc</strong></span> 
     </span>
    </p>
   </div>
   <div class='ocr_carea' id='block_1_54' title="bbox 614 4733 2193 4807">
    <p class='ocr_par' dir='ltr' id='par_1_54' title="bbox 614 4733 2193 4807">
     <span class='ocr_line' id='line_1_54' title="bbox 614 4733 2193 4807; baseline -0.006 -12"><span class='ocrx_word' id='word_1_312' title='bbox 614 4757 645 4795; x_wconf 90' lang='lat' dir='ltr'><strong>a</strong></span> <span class='ocrx_word' id='word_1_313' title='bbox 677 4740 834 4794; x_wconf 88' lang='lat' dir='ltr'><strong>nobis</strong></span> <span class='ocrx_word' id='word_1_314' title='bbox 861 4739 956 4793; x_wconf 90' lang='lat' dir='ltr'><strong>tibi</strong></span> <span class='ocrx_word' id='word_1_315' title='bbox 1010 4737 1432 4807; x_wconf 88' lang='lat' dir='ltr'><strong>suppeditantur</strong></span> <span class='ocrx_word' id='word_1_316' title='bbox 1470 4735 1537 4788; x_wconf 87' lang='lat' dir='ltr'><strong>ad</strong></span> <span class='ocrx_word' id='word_1_317' title='bbox 1570 4733 2003 4802; x_wconf 84' lang='lat' dir='ltr'><strong>respondendum</strong></span> <span class='ocrx_word' id='word_1_318' title='bbox 2029 4749 2193 4803; x_wconf 73' lang='lat' dir='ltr'><strong>argu-</strong></span> 
     </span>
    </p>
   </div>
   <div class='ocr_carea' id='block_1_55' title="bbox 616 4820 2193 4900">
    <p class='ocr_par' dir='ltr' id='par_1_55' title="bbox 616 4820 2193 4900">
     <span class='ocr_line' id='line_1_55' title="bbox 616 4820 2193 4900; baseline -0.004 -14"><span class='ocrx_word' id='word_1_319' title='bbox 616 4841 825 4894; x_wconf 88' lang='lat' dir='ltr'><strong>menta,</strong></span> <span class='ocrx_word' id='word_1_320' title='bbox 853 4831 1088 4900; x_wconf 89' lang='lat' dir='ltr'><strong>primmn</strong></span> <span class='ocrx_word' id='word_1_321' title='bbox 1125 4828 1344 4898; x_wconf 87' lang='lat' dir='ltr'><strong>quidem</strong></span> <span class='ocrx_word' id='word_1_322' title='bbox 1378 4843 1442 4880; x_wconf 79' lang='lat' dir='ltr'><strong>ex</strong></span> <span class='ocrx_word' id='word_1_323' title='bbox 1487 4820 1759 4887; x_wconf 70' lang='lat' dir='ltr'><strong>historia,</strong></span> <span class='ocrx_word' id='word_1_324' title='bbox 1782 4826 2081 4878; x_wconf 84' lang='lat' dir='ltr'><strong>secundum</strong></span> <span class='ocrx_word' id='word_1_325' title='bbox 2127 4840 2193 4879; x_wconf 85' lang='lat' dir='ltr'><strong>cx</strong></span> 
     </span>
    </p>
   </div>
   <div class='ocr_carea' id='block_1_56' title="bbox 615 4916 2193 4991">
    <p class='ocr_par' dir='ltr' id='par_1_56' title="bbox 615 4916 2193 4991">
     <span class='ocr_line' id='line_1_56' title="bbox 615 4916 2193 4991; baseline -0.008 -11"><span class='ocrx_word' id='word_1_326' title='bbox 615 4924 836 4991; x_wconf 88' lang='lat' dir='ltr'><strong>scriptis</strong></span> <span class='ocrx_word' id='word_1_327' title='bbox 872 4920 1311 4982; x_wconf 84' lang='lat' dir='ltr'><strong>auctoritatibus,</strong></span> <span class='ocrx_word' id='word_1_328' title='bbox 1352 4919 1429 4973; x_wconf 90' lang='lat' dir='ltr'><strong>uti</strong></span> <span class='ocrx_word' id='word_1_329' title='bbox 1478 4918 1530 4970; x_wconf 92' lang='lat' dir='ltr'><strong>in</strong></span> <span class='ocrx_word' id='word_1_330' title='bbox 1592 4916 1716 4969; x_wconf 77' lang='lat' dir='ltr'><strong>aliis</strong></span> <span class='ocrx_word' id='word_1_331' title='bbox 1754 4916 1957 4971; x_wconf 90' lang='lat' dir='ltr'><strong>nostris</strong></span> <span class='ocrx_word' id='word_1_332' title='bbox 1992 4924 2193 4971; x_wconf 82' lang='lat' dir='ltr'><strong>tracta-</strong></span> 
     </span>
    </p>
   </div>
   <div class='ocr_carea' id='block_1_57' title="bbox 615 5005 2191 5083">
    <p class='ocr_par' dir='ltr' id='par_1_57' title="bbox 615 5005 2191 5083">
     <span class='ocr_line' id='line_1_57' title="bbox 615 5005 2191 5083; baseline -0.006 -15"><span class='ocrx_word' id='word_1_333' title='bbox 615 5015 761 5069; x_wconf 88' lang='lat' dir='ltr'><strong>tibus</strong></span> <span class='ocrx_word' id='word_1_334' title='bbox 791 5013 1122 5083; x_wconf 82' lang='lat' dir='ltr'><strong>peregimus,</strong></span> <span class='ocrx_word' id='word_1_335' title='bbox 1161 5011 1471 5079; x_wconf 88' lang='lat' dir='ltr'><strong>desumpta.</strong></span> <span class='ocrx_word' id='word_1_336' title='bbox 1522 5005 1769 5076; x_wconf 84' lang='lat' dir='ltr'><strong>Namque</strong></span> <span class='ocrx_word' id='word_1_337' title='bbox 1800 5020 1924 5067; x_wconf 89' lang='lat' dir='ltr'><strong>cum</strong></span> <span class='ocrx_word' id='word_1_338' title='bbox 1955 5006 2191 5076; x_wconf 88' lang='lat' dir='ltr'><strong>primum</strong></span> 
     </span>
    </p>
   </div>
   <div class='ocr_carea' id='block_1_58' title="bbox 615 5095 2195 5173">
    <p class='ocr_par' dir='ltr' id='par_1_58' title="bbox 615 5095 2195 5173">
     <span class='ocr_line' id='line_1_58' title="bbox 615 5095 2195 5173; baseline -0.006 -14"><span class='ocrx_word' id='word_1_339' title='bbox 615 5104 991 5173; x_wconf 78' lang='lat' dir='ltr'><strong>conspexeris.</strong></span> <span class='ocrx_word' id='word_1_340' title='bbox 1054 5101 1334 5162; x_wconf 80' lang='lat' dir='ltr'><strong>l’hotium,</strong></span> <span class='ocrx_word' id='word_1_341' title='bbox 1378 5096 1643 5169; x_wconf 89' lang='lat' dir='ltr'><strong>quidquid</strong></span> <span class='ocrx_word' id='word_1_342' title='bbox 1709 5095 2083 5164; x_wconf 86' lang='lat' dir='ltr'><strong>blasphemum</strong></span> <span class='ocrx_word' id='word_1_343' title='bbox 2130 5111 2195 5150; x_wconf 90' lang='lat' dir='ltr'><strong>ac</strong></span> 
     </span>
    </p>
   </div>
   <div class='ocr_carea' id='block_1_59' title="bbox 616 5185 2195 5264">
    <p class='ocr_par' dir='ltr' id='par_1_59' title="bbox 616 5185 2195 5264">
     <span class='ocr_line' id='line_1_59' title="bbox 616 5185 2195 5264; baseline -0.004 -16"><span class='ocrx_word' id='word_1_344' title='bbox 616 5194 919 5264; x_wconf 90' lang='lat' dir='ltr'><strong>impiumin</strong></span> <span class='ocrx_word' id='word_1_345' title='bbox 960 5192 1267 5246; x_wconf 82' lang='lat' dir='ltr'><strong>Romanam</strong></span> <span class='ocrx_word' id='word_1_346' title='bbox 1304 5188 1606 5244; x_wconf 75' lang='lat' dir='ltr'><strong>Ecclesium</strong></span> <span class='ocrx_word' id='word_1_347' title='bbox 1641 5186 1956 5251; x_wconf 80' lang='lat' dir='ltr'><strong>oblatravit,</strong></span> <span class='ocrx_word' id='word_1_348' title='bbox 2012 5185 2195 5241; x_wconf 77' lang='lat' dir='ltr'><strong>lurore</strong></span> 
     </span>
    </p>
   </div>
   <div class='ocr_carea' id='block_1_60' title="bbox 611 5278 2198 5353">
    <p class='ocr_par' dir='ltr' id='par_1_60' title="bbox 611 5278 2198 5353">
     <span class='ocr_line' id='line_1_60' title="bbox 611 5278 2198 5353; baseline -0.006 -13"><span class='ocrx_word' id='word_1_349' title='bbox 611 5302 678 5342; x_wconf 89' lang='lat' dir='ltr'><strong>ac</strong></span> <span class='ocrx_word' id='word_1_350' title='bbox 716 5284 1001 5339; x_wconf 87' lang='lat' dir='ltr'><strong>iracundia</strong></span> <span class='ocrx_word' id='word_1_351' title='bbox 1038 5281 1327 5343; x_wconf 78' lang='lat' dir='ltr'><strong>eﬂutiisse,</strong></span> <span class='ocrx_word' id='word_1_352' title='bbox 1356 5295 1461 5334; x_wconf 88' lang='lat' dir='ltr'><strong>non</strong></span> <span class='ocrx_word' id='word_1_353' title='bbox 1496 5279 1644 5334; x_wconf 82' lang='lat' dir='ltr'><strong>leves</strong></span> <span class='ocrx_word' id='word_1_354' title='bbox 1669 5279 1816 5353; x_wconf 79' lang='lat' dir='ltr'><strong>vires</strong></span> <span class='ocrx_word' id='word_1_355' title='bbox 1851 5278 1945 5331; x_wconf 84' lang='lat' dir='ltr'><strong>tibi</strong></span> <span class='ocrx_word' id='word_1_356' title='bbox 1976 5293 2198 5348; x_wconf 88' lang='lat' dir='ltr'><strong>compa-</strong></span> 
     </span>
    </p>
   </div>
   <div class='ocr_carea' id='block_1_61' title="bbox 2300 4099 3881 4184">
    <p class='ocr_par' dir='ltr' id='par_1_61' title="bbox 2300 4099 3881 4184">
     <span class='ocr_line' id='line_1_61' title="bbox 2300 4099 3881 4184; baseline 0.009 -32"><span class='ocrx_word' id='word_1_357' title='bbox 2300 4115 2383 4153; x_wconf 91' lang='grc' dir='ltr'><strong>σοι</strong></span> <span class='ocrx_word' id='word_1_358' title='bbox 2412 4099 2708 4172; x_wconf 82' lang='grc' dir='ltr'><strong>προθύμως</strong></span> <span class='ocrx_word' id='word_1_359' title='bbox 2742 4104 2907 4173; x_wconf 80' lang='grc' dir='ltr'>ἡμεῖς</span> <span class='ocrx_word' id='word_1_360' title='bbox 2930 4105 3030 4168; x_wconf 90' lang='grc' dir='ltr'><strong>τάς</strong></span> <span class='ocrx_word' id='word_1_361' title='bbox 3058 4106 3313 4176; x_wconf 85' lang='grc' dir='ltr'>ἀφορμὰς</span> <span class='ocrx_word' id='word_1_362' title='bbox 3341 4108 3451 4161; x_wconf 86' lang='grc' dir='ltr'>τῶν</span> <span class='ocrx_word' id='word_1_363' title='bbox 3493 4108 3669 4180; x_wconf 73' lang='grc' dir='ltr'>λόγων</span> <span class='ocrx_word' id='word_1_364' title='bbox 3703 4112 3881 4184; x_wconf 74' lang='grc' dir='ltr'>παρέ-</span> 
     </span>
    </p>
   </div>
   <div class='ocr_carea' id='block_1_62' title="bbox 2296 4187 3881 4271">
    <p class='ocr_par' dir='ltr' id='par_1_62' title="bbox 2296 4187 3881 4271">
     <span class='ocr_line' id='line_1_62' title="bbox 2296 4187 3881 4271; baseline 0.008 -28"><span class='ocrx_word' id='word_1_365' title='bbox 2296 4208 2487 4262; x_wconf 85' lang='grc' dir='ltr'>χομεν,</span> <span class='ocrx_word' id='word_1_366' title='bbox 2508 4191 2594 4246; x_wconf 58' lang='lat' dir='ltr'><strong>ea</strong></span> <span class='ocrx_word' id='word_1_367' title='bbox 2634 4187 2711 4247; x_wconf 86' lang='grc' dir='ltr'>ὧν</span> <span class='ocrx_word' id='word_1_368' title='bbox 2744 4194 3051 4263; x_wconf 80' lang='grc' dir='ltr'>ἀντιλέγειν</span> <span class='ocrx_word' id='word_1_369' title='bbox 3076 4194 3298 4260; x_wconf 74' lang='grc' dir='ltr'>ἐξέσται</span> <span class='ocrx_word' id='word_1_370' title='bbox 3325 4214 3408 4251; x_wconf 91' lang='grc' dir='ltr'><strong>σοι</strong></span> <span class='ocrx_word' id='word_1_371' title='bbox 3448 4201 3560 4262; x_wconf 80' lang='grc' dir='ltr'>τοῖς</span> <span class='ocrx_word' id='word_1_372' title='bbox 3595 4200 3659 4252; x_wconf 74' lang='grc' dir='ltr'>ὲκ</span> <span class='ocrx_word' id='word_1_373' title='bbox 3685 4200 3881 4271; x_wconf 79' lang='grc' dir='ltr'><strong>διαφό-</strong></span> 
     </span>
    </p>
   </div>
   <div class='ocr_carea' id='block_1_63' title="bbox 2298 4284 3876 4360">
    <p class='ocr_par' dir='ltr' id='par_1_63' title="bbox 2298 4284 3876 4360">
     <span class='ocr_line' id='line_1_63' title="bbox 2298 4284 3876 4360; baseline 0.006 -24"><span class='ocrx_word' id='word_1_374' title='bbox 2298 4300 2408 4353; x_wconf 86' lang='grc' dir='ltr'>ρων</span> <span class='ocrx_word' id='word_1_375' title='bbox 2428 4284 2708 4352; x_wconf 80' lang='grc' dir='ltr'>ἀποδεῖξαι</span> <span class='ocrx_word' id='word_1_376' title='bbox 2729 4288 3094 4357; x_wconf 72' lang='grc' dir='ltr'>πειρωμένοις</span> <span class='ocrx_word' id='word_1_377' title='bbox 3125 4288 3513 4358; x_wconf 83' lang='grc' dir='ltr'>εύρεσιλογιῶν</span> <span class='ocrx_word' id='word_1_378' title='bbox 3537 4292 3876 4360; x_wconf 74' lang='grc' dir='ltr'>σφάλλεσθαι</span> 
     </span>
    </p>
   </div>
   <div class='ocr_carea' id='block_1_64' title="bbox 2295 4374 3877 4460">
    <p class='ocr_par' dir='ltr' id='par_1_64' title="bbox 2295 4374 3877 4460">
     <span class='ocr_line' id='line_1_64' title="bbox 2295 4374 3877 4460; baseline -0.015 -13"><span class='ocrx_word' id='word_1_379' title='bbox 2295 4374 2437 4443; x_wconf 81' lang='grc' dir='ltr'><strong>τάχα</strong></span> <span class='ocrx_word' id='word_1_380' title='bbox 2483 4374 2790 4460; x_wconf 68' lang='grc' dir='ltr'>Ῥωμαζους</span> <span class='ocrx_word' id='word_1_381' title='bbox 2821 4375 2961 4443; x_wconf 81' lang='grc' dir='ltr'>πρὸς</span> <span class='ocrx_word' id='word_1_382' title='bbox 2996 4376 3094 4445; x_wconf 84' lang='grc' dir='ltr'><strong>τὴν</strong></span> <span class='ocrx_word' id='word_1_383' title='bbox 3124 4376 3435 4442; x_wconf 77' lang='grc' dir='ltr'>εὐσέϐειαν,</span> <span class='ocrx_word' id='word_1_384' title='bbox 3463 4379 3539 4441; x_wconf 85' lang='grc' dir='ltr'><strong>ὡς</strong></span> <span class='ocrx_word' id='word_1_385' title='bbox 3568 4381 3634 4433; x_wconf 74' lang='grc' dir='ltr'>ὲκ</span> <span class='ocrx_word' id='word_1_386' title='bbox 3661 4382 3877 4452; x_wconf 76' lang='grc' dir='ltr'>Πατρδς</span> 
     </span>
    </p>
   </div>
   <div class='ocr_carea' id='block_1_65' title="bbox 2296 4463 3945 4543">
    <p class='ocr_par' dir='ltr' id='par_1_65' title="bbox 2296 4463 3945 4543">
     <span class='ocr_line' id='line_1_65' title="bbox 2296 4463 3945 4543; baseline 0.006 -26"><span class='ocrx_word' id='word_1_387' title='bbox 2296 4465 2391 4517; x_wconf 79' lang='grc' dir='ltr'>καὶ</span> <span class='ocrx_word' id='word_1_388' title='bbox 2441 4463 2572 4517; x_wconf 85' lang='grc' dir='ltr'><strong>Υἱοῦ</strong></span> <span class='ocrx_word' id='word_1_389' title='bbox 2616 4465 2715 4536; x_wconf 81' lang='grc' dir='ltr'>τὴν</span> <span class='ocrx_word' id='word_1_390' title='bbox 2758 4466 2824 4518; x_wconf 86' lang='grc' dir='ltr'>ὲκ</span> <span class='ocrx_word' id='word_1_391' title='bbox 2872 4467 3086 4536; x_wconf 82' lang='grc' dir='ltr'>Πατρὺς</span> <span class='ocrx_word' id='word_1_392' title='bbox 3122 4467 3191 4520; x_wconf 84' lang='grc' dir='ltr'><strong>δι’</strong></span> <span class='ocrx_word' id='word_1_393' title='bbox 3239 4467 3373 4521; x_wconf 74' lang='grc' dir='ltr'>Υἱοῦ</span> <span class='ocrx_word' id='word_1_394' title='bbox 3428 4469 3879 4543; x_wconf 70' lang='grc' dir='ltr'>πρεσϐευομένην</span> <span class='ocrx_word' id='word_1_395' title='bbox 3928 4519 3945 4527; x_wconf 90' lang='grc'><strong>-</strong></span> 
     </span>
    </p>
   </div>
   <div class='ocr_carea' id='block_1_66' title="bbox 2297 4555 3878 4631">
    <p class='ocr_par' dir='ltr' id='par_1_66' title="bbox 2297 4555 3878 4631">
     <span class='ocr_line' id='line_1_66' title="bbox 2297 4555 3878 4631; baseline 0.006 -25"><span class='ocrx_word' id='word_1_396' title='bbox 2297 4555 2429 4625; x_wconf 80' lang='grc' dir='ltr'>παρ’</span> <span class='ocrx_word' id='word_1_397' title='bbox 2457 4559 2491 4626; x_wconf 79' lang='grc' dir='ltr'>ὴ</span> <span class='ocrx_word' id='word_1_398' title='bbox 2503 4557 2621 4626; x_wconf 82' lang='grc' dir='ltr'><strong>μῶν</strong></span> <span class='ocrx_word' id='word_1_399' title='bbox 2654 4556 2749 4609; x_wconf 84' lang='grc' dir='ltr'>τοῦ</span> <span class='ocrx_word' id='word_1_400' title='bbox 2795 4558 3062 4624; x_wconf 85' lang='grc' dir='ltr'>παναγίου</span> <span class='ocrx_word' id='word_1_401' title='bbox 3097 4557 3418 4627; x_wconf 82' lang='grc' dir='ltr'>Πνεύματος</span> <span class='ocrx_word' id='word_1_402' title='bbox 3471 4562 3878 4631; x_wconf 72' lang='grc' dir='ltr'>πρεσϐεύοντας</span> 
     </span>
    </p>
   </div>
   <div class='ocr_carea' id='block_1_67' title="bbox 2297 4648 3876 4721">
    <p class='ocr_par' dir='ltr' id='par_1_67' title="bbox 2297 4648 3876 4721">
     <span class='ocr_line' id='line_1_67' title="bbox 2297 4648 3876 4721; baseline 0.004 -20"><span class='ocrx_word' id='word_1_403' title='bbox 2297 4648 2550 4717; x_wconf 79' lang='grc' dir='ltr'>ὓπαρξιν.</span> <span class='ocrx_word' id='word_1_404' title='bbox 2591 4649 2846 4701; x_wconf 85' lang='grc' dir='ltr'>Ἔσονται</span> <span class='ocrx_word' id='word_1_405' title='bbox 2894 4649 2952 4701; x_wconf 78' lang='grc' dir='ltr'><strong>δὲ</strong></span> <span class='ocrx_word' id='word_1_406' title='bbox 2994 4651 3125 4718; x_wconf 75' lang='grc' dir='ltr'>ἡμῖν</span> <span class='ocrx_word' id='word_1_407' title='bbox 3151 4652 3207 4703; x_wconf 77' lang='grc' dir='ltr'>αἱ</span> <span class='ocrx_word' id='word_1_408' title='bbox 3239 4651 3299 4702; x_wconf 86' lang='grc' dir='ltr'><strong>τὸ</strong></span> <span class='ocrx_word' id='word_1_409' title='bbox 3329 4651 3425 4704; x_wconf 78' lang='grc' dir='ltr'>νῦν</span> <span class='ocrx_word' id='word_1_410' title='bbox 3466 4653 3604 4721; x_wconf 85' lang='grc' dir='ltr'>πρὸς</span> <span class='ocrx_word' id='word_1_411' title='bbox 3634 4654 3696 4706; x_wconf 81' lang='grc' dir='ltr'><strong>τὸ</strong></span> <span class='ocrx_word' id='word_1_412' title='bbox 3724 4656 3876 4708; x_wconf 88' lang='grc' dir='ltr'>ἀντι-</span> 
     </span>
    </p>
   </div>
   <div class='ocr_carea' id='block_1_68' title="bbox 2295 4739 3879 4817">
    <p class='ocr_par' dir='ltr' id='par_1_68' title="bbox 2295 4739 3879 4817">
     <span class='ocr_line' id='line_1_68' title="bbox 2295 4739 3879 4817; baseline 0.004 -25"><span class='ocrx_word' id='word_1_413' title='bbox 2295 4740 2479 4809; x_wconf 77' lang='grc' dir='ltr'>λέγειν</span> <span class='ocrx_word' id='word_1_414' title='bbox 2518 4739 2914 4811; x_wconf 71' lang='grc' dir='ltr'>παρεχομένων</span> <span class='ocrx_word' id='word_1_415' title='bbox 2945 4742 3122 4810; x_wconf 84' lang='grc' dir='ltr'>λὸγων</span> <span class='ocrx_word' id='word_1_416' title='bbox 3154 4759 3237 4794; x_wconf 74' lang='grc' dir='ltr'><strong>σοι</strong></span> <span class='ocrx_word' id='word_1_417' title='bbox 3262 4742 3511 4811; x_wconf 78' lang='grc' dir='ltr'>ἀφορμαὶ</span> <span class='ocrx_word' id='word_1_418' title='bbox 3532 4748 3879 4817; x_wconf 72' lang='grc' dir='ltr'>προηγουμέ-</span> 
     </span>
    </p>
   </div>
   <div class='ocr_carea' id='block_1_69' title="bbox 2297 4832 3877 4905">
    <p class='ocr_par' dir='ltr' id='par_1_69' title="bbox 2297 4832 3877 4905">
     <span class='ocr_line' id='line_1_69' title="bbox 2297 4832 3877 4905; baseline 0.005 -21"><span class='ocrx_word' id='word_1_419' title='bbox 2297 4848 2401 4895; x_wconf 84' lang='grc' dir='ltr'><strong>νως</strong></span> <span class='ocrx_word' id='word_1_420' title='bbox 2437 4832 2539 4901; x_wconf 68' lang='grc' dir='ltr'>μὲν</span> <span class='ocrx_word' id='word_1_421' title='bbox 2583 4833 2691 4886; x_wconf 76' lang='grc' dir='ltr'><strong>ἀπὸ</strong></span> <span class='ocrx_word' id='word_1_422' title='bbox 2726 4834 2989 4905; x_wconf 80' lang='grc' dir='ltr'>ἱστορίας,</span> <span class='ocrx_word' id='word_1_423' title='bbox 3035 4835 3302 4905; x_wconf 75' lang='grc' dir='ltr'>δευτέρως</span> <span class='ocrx_word' id='word_1_424' title='bbox 3352 4835 3409 4888; x_wconf 72' lang='grc' dir='ltr'><strong>δὲ</strong></span> <span class='ocrx_word' id='word_1_425' title='bbox 3451 4834 3637 4896; x_wconf 81' lang='grc' dir='ltr'>καθὼς</span> <span class='ocrx_word' id='word_1_426' title='bbox 3684 4843 3783 4891; x_wconf 76' lang='grc' dir='ltr'>καὶ</span> <span class='ocrx_word' id='word_1_427' title='bbox 3817 4841 3877 4891; x_wconf 74' lang='grc' dir='ltr'>ὲν</span> 
     </span>
    </p>
   </div>
   <div class='ocr_carea' id='block_1_70' title="bbox 2295 4909 3878 4995">
    <p class='ocr_par' dir='ltr' id='par_1_70' title="bbox 2295 4909 3878 4995">
     <span class='ocr_line' id='line_1_70' title="bbox 2295 4909 3878 4995; baseline 0.004 -19"><span class='ocrx_word' id='word_1_428' title='bbox 2295 4922 2495 4986; x_wconf 79' lang='grc' dir='ltr'>ἄλλοις,</span> <span class='ocrx_word' id='word_1_429' title='bbox 2524 4923 2654 4981; x_wconf 59' lang='grc' dir='ltr'>Ᾰπὸ</span> <span class='ocrx_word' id='word_1_430' title='bbox 2686 4924 2941 4994; x_wconf 81' lang='grc' dir='ltr'>Γραφῶν.</span> <span class='ocrx_word' id='word_1_431' title='bbox 2982 4924 3190 4979; x_wconf 82' lang='grc' dir='ltr'>Μαθὼν</span> <span class='ocrx_word' id='word_1_432' title='bbox 3235 4909 3339 4994; x_wconf 78' lang='grc' dir='ltr'>γὰρ</span> <span class='ocrx_word' id='word_1_433' title='bbox 3379 4925 3595 4995; x_wconf 85' lang='grc' dir='ltr'>πρῶτον</span> <span class='ocrx_word' id='word_1_434' title='bbox 3635 4927 3695 4991; x_wconf 72' lang='grc' dir='ltr'><strong>ἐξ</strong></span> <span class='ocrx_word' id='word_1_435' title='bbox 3734 4930 3878 4982; x_wconf 72' lang='grc' dir='ltr'>ἱστο-</span> 
     </span>
    </p>
   </div>
   <div class='ocr_carea' id='block_1_71' title="bbox 2297 5012 3879 5088">
    <p class='ocr_par' dir='ltr' id='par_1_71' title="bbox 2297 5012 3879 5088">
     <span class='ocr_line' id='line_1_71' title="bbox 2297 5012 3879 5088; baseline 0.004 -23"><span class='ocrx_word' id='word_1_436' title='bbox 2297 5012 2420 5084; x_wconf 85' lang='grc' dir='ltr'>ρίας</span> <span class='ocrx_word' id='word_1_437' title='bbox 2448 5012 2525 5073; x_wconf 87' lang='grc' dir='ltr'>ὠς</span> <span class='ocrx_word' id='word_1_438' title='bbox 2551 5014 2661 5065; x_wconf 80' lang='grc' dir='ltr'>πᾶν</span> <span class='ocrx_word' id='word_1_439' title='bbox 2689 5013 2741 5067; x_wconf 85' lang='grc' dir='ltr'><strong>εῐ</strong></span> <span class='ocrx_word' id='word_1_440' title='bbox 2761 5032 2814 5067; x_wconf 87' lang='grc' dir='ltr'><strong>τι</strong></span> <span class='ocrx_word' id='word_1_441' title='bbox 2842 5016 3046 5078; x_wconf 82' lang='grc' dir='ltr'>Φώτιος</span> <span class='ocrx_word' id='word_1_442' title='bbox 3071 5015 3313 5084; x_wconf 79' lang='grc' dir='ltr'>ἄθεσμον</span> <span class='ocrx_word' id='word_1_443' title='bbox 3345 5016 3486 5068; x_wconf 87' lang='grc' dir='ltr'><strong>κατά</strong></span> <span class='ocrx_word' id='word_1_444' title='bbox 3509 5019 3610 5087; x_wconf 81' lang='grc' dir='ltr'><strong>τῆς</strong></span> <span class='ocrx_word' id='word_1_445' title='bbox 3642 5017 3879 5088; x_wconf 80' lang='grc' dir='ltr'>Ῥωμαῖ-</span> 
     </span>
    </p>
   </div>
   <div class='ocr_carea' id='block_1_72' title="bbox 2297 5104 3880 5179">
    <p class='ocr_par' dir='ltr' id='par_1_72' title="bbox 2297 5104 3880 5179">
     <span class='ocr_line' id='line_1_72' title="bbox 2297 5104 3880 5179; baseline 0.003 -22"><span class='ocrx_word' id='word_1_446' title='bbox 2297 5105 2399 5175; x_wconf 82' lang='grc' dir='ltr'><strong>κῆς</strong></span> <span class='ocrx_word' id='word_1_447' title='bbox 2457 5104 2871 5176; x_wconf 75' lang='grc' dir='ltr'>ὲξεκορύφωσεν</span> <span class='ocrx_word' id='word_1_448' title='bbox 2920 5106 3272 5175; x_wconf 80' lang='grc' dir='ltr'>Ἐκκλησίας,</span> <span class='ocrx_word' id='word_1_449' title='bbox 3325 5107 3482 5177; x_wconf 87' lang='grc' dir='ltr'>θυμῷ</span> <span class='ocrx_word' id='word_1_450' title='bbox 3540 5109 3880 5179; x_wconf 76' lang='grc' dir='ltr'>στρατηγοῦ·</span> 
     </span>
    </p>
   </div>
   <div class='ocr_carea' id='block_1_73' title="bbox 2302 5195 3878 5269">
    <p class='ocr_par' dir='ltr' id='par_1_73' title="bbox 2302 5195 3878 5269">
     <span class='ocr_line' id='line_1_73' title="bbox 2302 5195 3878 5269; baseline 0.003 -22"><span class='ocrx_word' id='word_1_451' title='bbox 2302 5212 2459 5264; x_wconf 88' lang='grc' dir='ltr'>μενος</span> <span class='ocrx_word' id='word_1_452' title='bbox 2510 5195 2908 5264; x_wconf 82' lang='grc' dir='ltr'>ἀπειργάσατο,</span> <span class='ocrx_word' id='word_1_453' title='bbox 2957 5196 3019 5249; x_wconf 83' lang='grc' dir='ltr'>οὐ</span> <span class='ocrx_word' id='word_1_454' title='bbox 3071 5198 3172 5266; x_wconf 80' lang='grc' dir='ltr'><strong>τὴν</strong></span> <span class='ocrx_word' id='word_1_455' title='bbox 3220 5197 3493 5268; x_wconf 83' lang='grc' dir='ltr'>τυχοῦσαν</span> <span class='ocrx_word' id='word_1_456' title='bbox 3549 5197 3704 5266; x_wconf 72' lang='grc' dir='ltr'>ἰσχὺν</span> <span class='ocrx_word' id='word_1_457' title='bbox 3740 5203 3878 5269; x_wconf 78' lang='grc' dir='ltr'>πρὸς</span> 
     </span>
    </p>
   </div>
   <div class='ocr_carea' id='block_1_74' title="bbox 2296 5285 3879 5360">
    <p class='ocr_par' dir='ltr' id='par_1_74' title="bbox 2296 5285 3879 5360">
     <span class='ocr_line' id='line_1_74' title="bbox 2296 5285 3879 5360; baseline 0.003 -23"><span class='ocrx_word' id='word_1_458' title='bbox 2296 5286 2695 5356; x_wconf 80' lang='grc' dir='ltr'>ὲπιστομισμὸν</span> <span class='ocrx_word' id='word_1_459' title='bbox 2725 5285 2822 5339; x_wconf 78' lang='grc' dir='ltr'>καὶ</span> <span class='ocrx_word' id='word_1_460' title='bbox 2863 5287 3184 5359; x_wconf 71' lang='grc' dir='ltr'>ἀντίρρησιν</span> <span class='ocrx_word' id='word_1_461' title='bbox 3221 5288 3331 5340; x_wconf 87' lang='grc' dir='ltr'><strong>τῶν</strong></span> <span class='ocrx_word' id='word_1_462' title='bbox 3377 5289 3470 5343; x_wconf 71' lang='grc' dir='ltr'>ἐπὶ</span> <span class='ocrx_word' id='word_1_463' title='bbox 3502 5288 3581 5359; x_wconf 82' lang='grc' dir='ltr'>τῷ</span> <span class='ocrx_word' id='word_1_464' title='bbox 3615 5290 3879 5360; x_wconf 81' lang='grc' dir='ltr'>σχίσματι</span> 
     </span>
    </p>
   </div>
   <div class='ocr_carea' id='block_1_75' title="bbox 613 5365 2193 5449">
    <p class='ocr_par' dir='ltr' id='par_1_75' title="bbox 613 5367 2193 5440">
     <span class='ocr_line' id='line_1_75' title="bbox 613 5367 2193 5440; baseline -0.006 -7"><span class='ocrx_word' id='word_1_465' title='bbox 613 5378 786 5440; x_wconf 88' lang='lat' dir='ltr'><strong>rabis,</strong></span> <span class='ocrx_word' id='word_1_466' title='bbox 815 5375 883 5430; x_wconf 89' lang='lat' dir='ltr'><strong>ad</strong></span> <span class='ocrx_word' id='word_1_467' title='bbox 933 5388 1124 5430; x_wconf 89' lang='lat' dir='ltr'><strong>eorum</strong></span> <span class='ocrx_word' id='word_1_468' title='bbox 1183 5387 1280 5426; x_wconf 87' lang='lat' dir='ltr'><strong>ora</strong></span> <span class='ocrx_word' id='word_1_469' title='bbox 1336 5369 1718 5440; x_wconf 88' lang='lat' dir='ltr'><strong>respondendo</strong></span> <span class='ocrx_word' id='word_1_470' title='bbox 1762 5367 2049 5435; x_wconf 80' lang='lat' dir='ltr'><strong>frenanda,</strong></span> <span class='ocrx_word' id='word_1_471' title='bbox 2100 5371 2193 5440; x_wconf 93' lang='lat' dir='ltr'><strong>qui</strong></span> 
     </span>
    </p>
   </div>
   <div class='ocr_carea' id='block_1_76' title="bbox 2297 5365 3880 5449">
    <p class='ocr_par' dir='ltr' id='par_1_76' title="bbox 2298 5374 3880 5449">
     <span class='ocr_line' id='line_1_76' title="bbox 2298 5374 3880 5449; baseline 0.003 -21"><span class='ocrx_word' id='word_1_472' title='bbox 2298 5374 2670 5440; x_wconf 77' lang='grc' dir='ltr'>ἀνεξετάστως</span> <span class='ocrx_word' id='word_1_473' title='bbox 2716 5376 3153 5430; x_wconf 82' lang='grc' dir='ltr'>ἀκολουθούντων</span> <span class='ocrx_word' id='word_1_474' title='bbox 3183 5377 3324 5442; x_wconf 75' lang='grc' dir='ltr'>ἕξεις</span> <span class='ocrx_word' id='word_1_475' title='bbox 3354 5377 3546 5449; x_wconf 77' lang='grc' dir='ltr'>Φωτίῳ</span> <span class='ocrx_word' id='word_1_476' title='bbox 3566 5395 3580 5408; x_wconf 91' lang='grc'><strong>·</strong></span> <span class='ocrx_word' id='word_1_477' title='bbox 3608 5377 3880 5449; x_wconf 68' lang='grc' dir='ltr'>δευτέρως</span> 
     </span>
    </p>
   </div>
   <div class='ocr_carea' id='block_1_77' title="bbox 612 5461 2193 5541">
    <p class='ocr_par' dir='ltr' id='par_1_77' title="bbox 612 5461 2186 5539">
     <span class='ocr_line' id='line_1_77' title="bbox 612 5461 2186 5539; baseline -0.006 -16"><span class='ocrx_word' id='word_1_478' title='bbox 612 5470 820 5539; x_wconf 89' lang='lat' dir='ltr'><strong>absque</strong></span> <span class='ocrx_word' id='word_1_479' title='bbox 838 5468 948 5521; x_wconf 89' lang='lat' dir='ltr'><strong>ullo</strong></span> <span class='ocrx_word' id='word_1_480' title='bbox 970 5464 1221 5520; x_wconf 78' lang='lat' dir='ltr'><strong>examine</strong></span> <span class='ocrx_word' id='word_1_481' title='bbox 1244 5463 1499 5517; x_wconf 83' lang='lat' dir='ltr'><strong>Photium</strong></span> <span class='ocrx_word' id='word_1_482' title='bbox 1525 5469 1864 5532; x_wconf 88' lang='lat' dir='ltr'><strong>sequuntur;</strong></span> <span class='ocrx_word' id='word_1_483' title='bbox 1885 5461 2186 5516; x_wconf 88' lang='lat' dir='ltr'><strong>secundum</strong></span> 
     </span>
    </p>
   </div>
   <div class='ocr_carea' id='block_1_78' title="bbox 2297 5461 3882 5541">
    <p class='ocr_par' dir='ltr' id='par_1_78' title="bbox 2297 5468 3882 5541">
     <span class='ocr_line' id='line_1_78' title="bbox 2297 5468 3882 5541; baseline 0.002 -19"><span class='ocrx_word' id='word_1_484' title='bbox 2297 5469 2351 5522; x_wconf 72' lang='grc' dir='ltr'><strong>δὲ</strong></span> <span class='ocrx_word' id='word_1_485' title='bbox 2377 5468 2553 5522; x_wconf 77' lang='grc' dir='ltr'>καὶτὸ</span> <span class='ocrx_word' id='word_1_486' title='bbox 2599 5469 2709 5534; x_wconf 77' lang='grc' dir='ltr'><strong>ἀπὸ</strong></span> <span class='ocrx_word' id='word_1_487' title='bbox 2740 5470 2974 5540; x_wconf 83' lang='grc' dir='ltr'>Γραφῶν</span> <span class='ocrx_word' id='word_1_488' title='bbox 3003 5468 3389 5541; x_wconf 84' lang='grc' dir='ltr'>προσειληφὼς</span> <span class='ocrx_word' id='word_1_489' title='bbox 3420 5469 3456 5524; x_wconf 68' lang='grc' dir='ltr'>ἃ</span> <span class='ocrx_word' id='word_1_490' title='bbox 3502 5469 3755 5541; x_wconf 72' lang='grc' dir='ltr'>σύνηθες,</span> <span class='ocrx_word' id='word_1_491' title='bbox 3786 5473 3882 5525; x_wconf 66' lang='grc' dir='ltr'><strong>ἐπὶ</strong></span> 
     </span>
    </p>
   </div>
   <div class='ocr_carea' id='block_1_79' title="bbox 613 5553 2193 5634">
    <p class='ocr_par' dir='ltr' id='par_1_79' title="bbox 613 5553 2193 5631">
     <span class='ocr_line' id='line_1_79' title="bbox 613 5553 2193 5631; baseline -0.007 -15"><span class='ocrx_word' id='word_1_492' title='bbox 613 5576 648 5616; x_wconf 84' lang='lat' dir='ltr'><strong>a</strong></span> <span class='ocrx_word' id='word_1_493' title='bbox 675 5560 896 5631; x_wconf 85' lang='lat' dir='ltr'><strong>scriptis</strong></span> <span class='ocrx_word' id='word_1_494' title='bbox 921 5556 1346 5613; x_wconf 87' lang='lat' dir='ltr'><strong>auctoritatibus</strong></span> <span class='ocrx_word' id='word_1_495' title='bbox 1370 5570 1636 5619; x_wconf 86' lang='lat' dir='ltr'><strong>assumes,</strong></span> <span class='ocrx_word' id='word_1_496' title='bbox 1673 5569 1796 5624; x_wconf 85' lang='lat' dir='ltr'><strong>quae</strong></span> <span class='ocrx_word' id='word_1_497' title='bbox 1823 5553 1875 5606; x_wconf 93' lang='lat' dir='ltr'><strong>in</strong></span> <span class='ocrx_word' id='word_1_498' title='bbox 1910 5569 2009 5608; x_wconf 90' lang='lat' dir='ltr'><strong>usu</strong></span> <span class='ocrx_word' id='word_1_499' title='bbox 2044 5560 2193 5615; x_wconf 84' lang='lat' dir='ltr'><strong>sunt,</strong></span> 
     </span>
    </p>
   </div>
   <div class='ocr_carea' id='block_1_80' title="bbox 2297 5553 3883 5634">
    <p class='ocr_par' dir='ltr' id='par_1_80' title="bbox 2300 5560 3883 5634">
     <span class='ocr_line' id='line_1_80' title="bbox 2300 5560 3883 5634; baseline 0.001 -22"><span class='ocrx_word' id='word_1_500' title='bbox 2300 5560 2381 5633; x_wconf 81' lang='grc' dir='ltr'><strong>τῷ</strong></span> <span class='ocrx_word' id='word_1_501' title='bbox 2423 5561 2513 5613; x_wconf 76' lang='grc' dir='ltr'><strong>ἐπ’</strong></span> <span class='ocrx_word' id='word_1_502' title='bbox 2556 5561 2875 5633; x_wconf 78' lang='grc' dir='ltr'>ἀντιῤῥήσει</span> <span class='ocrx_word' id='word_1_503' title='bbox 2919 5561 3032 5616; x_wconf 85' lang='grc' dir='ltr'><strong>τῶν</strong></span> <span class='ocrx_word' id='word_1_504' title='bbox 3061 5561 3351 5616; x_wconf 84' lang='grc' dir='ltr'>ἀντιδίκων</span> <span class='ocrx_word' id='word_1_505' title='bbox 3393 5561 3597 5634; x_wconf 75' lang='grc' dir='ltr'>πορίσῃ</span> <span class='ocrx_word' id='word_1_506' title='bbox 3638 5562 3778 5633; x_wconf 79' lang='grc' dir='ltr'>πρὸς</span> <span class='ocrx_word' id='word_1_507' title='bbox 3818 5564 3883 5615; x_wconf 73' lang='grc' dir='ltr'><strong>τὸ</strong></span> 
     </span>
    </p>
   </div>
   <div class='ocr_carea' id='block_1_81' title="bbox 616 5647 2193 5725">
    <p class='ocr_par' dir='ltr' id='par_1_81' title="bbox 616 5647 2193 5714">
     <span class='ocr_line' id='line_1_81' title="bbox 616 5647 2193 5714; baseline -0.005 -8"><span class='ocrx_word' id='word_1_508' title='bbox 616 5651 1061 5708; x_wconf 85' lang='lat' dir='ltr'><strong>adversariorum</strong></span> <span class='ocrx_word' id='word_1_509' title='bbox 1143 5647 1679 5705; x_wconf 81' lang='lat' dir='ltr'><strong>contradictionibus</strong></span> <span class='ocrx_word' id='word_1_510' title='bbox 1750 5660 2071 5714; x_wconf 86' lang='lat' dir='ltr'><strong>opponens,</strong></span> <span class='ocrx_word' id='word_1_511' title='bbox 2131 5660 2193 5698; x_wconf 83' lang='lat' dir='ltr'><strong>ca</strong></span> 
     </span>
    </p>
   </div>
   <div class='ocr_carea' id='block_1_82' title="bbox 2297 5647 2981 5725">
    <p class='ocr_par' dir='ltr' id='par_1_82' title="bbox 2304 5652 2981 5725">
     <span class='ocr_line' id='line_1_82' title="bbox 2304 5652 2981 5725; baseline 0.009 -21"><span class='ocrx_word' id='word_1_512' title='bbox 2304 5652 2707 5725; x_wconf 79' lang='grc' dir='ltr'>ἀναμφίλεκτον</span> <span class='ocrx_word' id='word_1_513' title='bbox 2739 5655 2981 5725; x_wconf 77' lang='grc' dir='ltr'>ἰσχυρόν.</span> 
     </span>
    </p>
   </div>
   <div class='ocr_carea' id='block_1_83' title="bbox 616 5736 1959 5813">
    <p class='ocr_par' dir='ltr' id='par_1_83' title="bbox 616 5736 1959 5813">
     <span class='ocr_line' id='line_1_83' title="bbox 616 5736 1959 5813; baseline -0.003 -19"><span class='ocrx_word' id='word_1_514' title='bbox 616 5738 893 5807; x_wconf 70' lang='lat' dir='ltr'><strong>ﬁrmitate,</strong></span> <span class='ocrx_word' id='word_1_515' title='bbox 926 5757 1046 5813; x_wconf 71' lang='lat' dir='ltr'><strong>quae</strong></span> <span class='ocrx_word' id='word_1_516' title='bbox 1077 5743 1129 5796; x_wconf 88' lang='lat' dir='ltr'><strong>in</strong></span> <span class='ocrx_word' id='word_1_517' title='bbox 1162 5741 1383 5796; x_wconf 70' lang='lat' dir='ltr'><strong>dubiun‘</strong></span> <span class='ocrx_word' id='word_1_518' title='bbox 1427 5740 1563 5797; x_wconf 79' lang='lat' dir='ltr'><strong>verti</strong></span> <span class='ocrx_word' id='word_1_519' title='bbox 1591 5754 1701 5792; x_wconf 89' lang='lat' dir='ltr'><strong>non</strong></span> <span class='ocrx_word' id='word_1_520' title='bbox 1743 5736 1959 5808; x_wconf 88' lang='lat' dir='ltr'><strong>poterit.</strong></span> 
     </span>
    </p>
   </div>
  </div>
