4054 6412
279 331 395 393 325

359 446 424 516 β’.
466 448 623 500 Ἔστι
674 447 773 516 μὲν
803 447 894 501 οὖν
934 449 995 499 τὸ
1038 447 1097 510 ἐξ
1141 447 1382 517 ἱστορίας
1438 445 1580 499 οὕτω
1623 463 1702 498 σοι
1746 461 1876 512 προε
1908 448 1949 503 Α

278 540 477 593 ϐαῖνον
501 541 597 590 καὶ
640 539 733 589 ἐπὶ
772 538 1056 601 τοιούτοις.
1098 539 1186 601 Ὦς
1214 538 1325 609 γὰρ
1365 538 1444 605 τῷ
1492 537 1865 607 ὀρχιερατικῷ

276 631 388 695 τῆς
417 628 831 681 Κωνσταντίνου
863 627 1279 697 ὲποφθαλμίσας
1304 628 1509 689 Φὼτιος
1553 626 1749 697 θρόνῳ,
1774 628 1866 677 τὸν

216 705 229 721 ’
283 719 395 789 μὲν
440 719 529 771 ἐπ’
566 702 742 770 ἀὑτοῦ
778 717 931 785 ἇγιον
981 717 1198 787 ἀληθῶς
1245 716 1413 786 ἄνδρα
1450 717 1540 769 τὸν
1608 717 1866 783 Ἱγνάτιον

279 811 499 862 ἐκεῖνον
531 807 813 867 ἀπώσατο.
860 807 1036 876 ἑαυτῷ
1079 808 1137 859 δὲ
1179 807 1369 860 τοῦτον
1414 806 1862 879 περιεποιήσατο.

289 901 357 952 ⁸0
373 886 449 952 te
478 900 547 951 τὰ
591 898 689 967 τῆς
722 898 1041 960 δυναστείας
1076 897 1155 967 τῷ
1204 897 1297 949 τὸν
1343 895 1702 949 ἀποστολικδν
1743 894 1866 947 τότε

280 992 588 1059 κοσμοῦντι
637 987 848 1058 θρόνον,
895 988 973 1057 τῷ
1020 987 1223 1058 πάππα
1275 987 1530 1056 Νικολάῳ
1581 987 1867 1053 ἀνέφερεν,

285 1081 495 1134 αὐτίκα
541 1083 601 1133 ὲν
638 1084 705 1150 τῇ
752 1079 944 1151 πρώτῃ
984 1080 1093 1134 τῶν
1126 1082 1267 1135 κατά
1310 1079 1517 1159 Φωτίου
1558 1078 1695 1149 πρὸς
1744 1078 1872 1140 τοὺς

287 1172 690 1242 ὑποκειμένους
715 1171 794 1241 τῷ
822 1174 1208 1245 πατριαρχικῷ
1234 1174 1335 1241 τῆς
1356 1172 1874 1226 Κωνσταντινουπόο

285 1265 433 1326 λεως
495 1262 672 1333 θρόνῳ
732 1263 1032 1317 ἐπιστολῶν
1080 1267 1109 1317 ό
1164 1265 1391 1328 πάπποις
1426 1266 1694 1326 Νικόλαος
1744 1264 1870 1317 τάδε

288 1358 438 1410 κατὰ
467 1358 625 1425 ῥῆμα
662 1356 933 1420 διέξεισινσ
980 1375 1001 1409 t
1050 1357 1412 1422 ’Δκούσαντες
1440 1359 1552 1428 γὰρ
1597 1360 1758 1428 ἡμεῖς
1788 1358 1873 1410 ὅτι

288 1448 442 1511 τινὲς
475 1448 653 1517 ὑμῶν,
679 1446 859 1517 φθόνῳ
889 1449 985 1501 καὶ
1011 1449 1358 1521 ὑπερηφανίᾳ
1388 1449 1702 1518 ὁρμώμενοι
1732 1449 1874 1502 κατά

289 1540 390 1594 τοῦ
427 1540 685 1607 ποιμένος
717 1540 811 1591 καὶ
838 1540 1159 1594 διδασκάλου
1185 1542 1385 1606 αὐτῶν,
1410 1541 1505 1594 τοῦ
1538 1541 1876 1611 συλλειτουρ-

292 1630 395 1699 γιιῦ
428 1630 584 1699 ὑμῶν
629 1629 906 1698 Ἰγνατίου,
948 1631 1354 1702 ἐπανέστησαν,
1396 1632 1491 1685 καὶ
1535 1631 1745 1697 ἐξῶσαν
1775 1631 1874 1700 τῆς

308 1721 637 1790 Ἐκκλησίας
686 1720 870 1786 αὐτὴν,
902 1725 960 1775 ἐν
994 1722 1234 1795 μερίμνῃ
1276 1723 1602 1791 γεγόναμεν,
1645 1721 1740 1776 καὶ
1766 1721 1874 1790 μά-

301 1814 463 1866 λιστα
491 1815 567 1865 ὅτι
591 1812 798 1882 σχίσμα
823 1814 880 1865 ὲν
908 1812 1058 1883 πάσῃ
1088 1816 1154 1884 τῇ
1201 1813 1467 1883 εἰρημένη
1511 1812 1749 1883 ἐπαρχίᾳ
1780 1811 1875 1865 καὶ

302 1908 425 1965 ταῖς
457 1905 843 1973 ὑποκειμέναις
879 1904 1016 1974 αὐτῇ
1054 1905 1243 1957 πόλεσι
1271 1904 1359 1957 διά
1387 1920 1508 1957 τινα
1533 1903 1738 1956 Φώτιον
1767 1902 1876 1958 ἀπὸ

297 1996 397 2063 τῆς
425 1996 626 2062 ἀγορᾶς
661 1996 757 2047 καὶ
799 1995 1075 2065 κοσμικῆς
1114 1996 1398 2065 στρατιᾶς,
1445 1994 1539 2048 καὶ
1574 1995 1870 2065 σχήματος,

292 2088 393 2141 καὶ
424 2087 534 2139 τῶν
563 2087 942 2157 ἀνακτορικῶν
973 2087 1139 2140 οτκων
1169 2088 1525 2157 τυγχάνοντα,
1553 2086 1648 2140 καὶ
1691 2087 1876 2156 αἰφνί-

288 2178 405 2230 διον
438 2177 696 2247 κσρέντα,
741 2178 837 2230 καὶ
882 2178 940 2230 ὲν
982 2179 1050 2247 τῇ
1094 2179 1231 2248 αὐτῇ
1283 2178 1580 2248 Ἐκκλησία
1619 2179 1876 2242 ἐναντίως

286 2273 402 2324 τῶν
430 2272 594 2341 ιερῶν
632 2270 874 2324 κανόνων
906 2271 1304 2343 προϐληθέντα,
1335 2272 1395 2324 οὐ
1444 2273 1640 2342 μικρὸν
1671 2272 1875 2343 ἀκηκό·

285 2381 439 2431 αμεν
490 2363 768 2432 ἀναφυέν·
825 2381 846 2414 ι
882 2363 979 2416 καὶ
1029 2365 1149 2436 μετ’
1202 2364 1358 2433 ὀλίγα
1410 2365 1511 2435 τῆς
1554 2365 1870 2434 ἐπιπολῆς·

293 2475 313 2507 ι
352 2455 420 2507 Οἱ
456 2452 956 2528 δξάποκρισιάριοι
980 2455 1139 2525 ἡμῶν
1163 2454 1562 2517 καταλαϐόντες
1589 2455 1687 2526 τὴν
1717 2456 1876 2508 Κων-

284 2543 764 2608 σταντινούπολιν,
793 2545 889 2602 καὶ
919 2545 1020 2614 τὴν
1052 2544 1342 2615 βασιλικὴν
1363 2544 1611 2612 ἐξουσίαν
1646 2545 1877 2615 πτήξανς

284 2651 402 2698 τες,
446 2635 522 2698 ὡς
548 2636 703 2689 αὐτοὶ
729 2635 1000 2706 λέγουσιν,
1030 2637 1304 2708 ἠθέτησαν
1326 2639 1426 2700 τὰς
1455 2638 1675 2701 ἐντολὰς
1694 2639 1872 2708 ἡμῶν,

288 2727 389 2777 καὶ
423 2727 568 2794 μετὰ
589 2726 795 2781 Φωτίου
819 2727 915 2781 τοῦ
941 2729 1132 2798 μοιχοῦ
1157 2730 1270 2782 τῶν
1296 2731 1467 2799 ἁγίων
1489 2731 1714 2784 ἐκείνων
1741 2732 1877 2784 ὲκοι-

290 2817 549 2884 νώνησαν
588 2818 927 2888 μυστηρίων,
966 2820 1060 2872 καὶ
1097 2818 1358 2888 Ἰγνάτιον
1388 2819 1479 2872 τὸν
1524 2821 1753 2890 γηραιὸν
1782 2821 1878 2875 ἀν-

287 2908 396 2976 δρα
429 2910 525 2960 καὶ
557 2907 715 2976 ἆγιον
747 2910 1100 2980 κατέκριναν,
1151 2910 1246 2964 καὶ
1279 2912 1378 2980 τῆς
1409 2912 1687 2982 ἱερατικῆς
1720 2911 1877 2977 ἀξίας

291 2999 604 3067 ἐξήλασαν·
642 3018 665 3050 θ
724 3001 820 3053 καὶ
852 3001 971 3071 μετ’
1005 2999 1162 3069 ὀλίγα
1213 2999 1375 3055 πάλιν
1406 3003 1505 3071 τῆς
1541 3002 1711 3071 αὐτῆς
1757 3005 1877 3055 ὲπι-

1175 331 1278 390 ΑΙ)
1315 327 1796 391 TIIEODORUM
1839 325 2183 385 SUCO-EE
2222 280 2639 386 EPISC..I.lB.
2686 327 2796 385 ill.

3440 327 3549 389 326

2052 442 2106 494 ἓ.
2150 442 2385 497 Historia
2439 442 2544 497 hoc
2602 444 2763 495 modo
2809 443 3093 506 successit,
3145 453 3198 495 ct
3252 459 3337 497 res
3389 444 3458 497 ita
3492 458 3552 498 se

1971 530 2184 595 habuit,
2226 531 2301 583 uti
2331 545 2513 583 narro.
2551 530 2686 584 Cum
2722 532 2776 584 in
2811 532 2998 585 sedem
3054 531 3556 601 Constantinopoli-

1970 629 2151 673 tauam
2209 622 2525 689 cupiditatis
2577 622 2764 675 oculos
2828 621 3051 676 Photius
3098 623 3424 690 adjecisset,
3458 623 3553 691 qui

1969 723 2071 761 suo
2100 725 2213 763 aevo
2258 710 2405 763 illam
2459 712 2697 775 tenebat,
2752 711 3026 765 hominem
3069 713 3226 779 plane
3275 723 3550 773 sanctum,

1971 796 2240 868 lgnatium
2271 800 2451 869 ejecit,
2486 809 2542 855 et
2562 802 2745 855 sedem
2789 806 3099 871 occupavit.
3145 802 3393 868 lgnatius
3432 817 3554 872 qua:

1970 891 2240 944 Violenter
2298 900 2515 960 peracta
2592 891 2851 956 fuerant,
2930 895 3113 948 sedem
3175 894 3552 961 Apostolicam

1971 984 2257 1038 exornanti
2290 999 2443 1053 papae
2466 983 2693 1039 Nicolao
2730 984 3078 1055 significavit,
3137 986 3230 1054 qui
3281 986 3466 1040 statim
3493 986 3548 1039 in

1973 1072 2089 1142 ipsa
2122 1074 2299 1141 prima
2337 1073 2566 1141 cpistola
2597 1075 2738 1128 inter
2768 1090 2884 1139 eas,
2911 1091 3051 1145 quas
3099 1077 3359 1130 adversus
3406 1075 3553 1129 Pho-

1977 1163 2106 1215 tium
2142 1163 2362 1217 sedibus
2398 1165 2761 1232 patriarchico
2784 1164 3335 1235 Constantinopoleos
3354 1170 3551 1220 throno

1974 1253 2238 1324 subjectis
2288 1256 2534 1322 dederat,
2589 1257 2704 1310 haec
2748 1257 2929 1311 verbis
2986 1257 3176 1311 iisdem
3228 1258 3495 1326 expressit
3536 1273 3552 1310 :

1981 1363 2000 1396 ι
2036 1347 2328 1415 Postquam
2355 1347 2500 1402 enim
2536 1348 2847 1416 accepimus
2873 1347 3138 1418 quosdam
3170 1348 3439 1415 superbia:
3468 1347 3553 1400 fa-

1975 1448 2061 1491 stu
2092 1437 2325 1499 inﬂatos,
2362 1445 2417 1491 et
2456 1439 2675 1492 invidia:
2707 1438 2921 1493 facibus
2964 1437 3332 1493 inflammatos
3363 1447 3554 1493 contra

1974 1538 2247 1598 pastorem
2274 1543 2433 1583 suum
2461 1539 2515 1582 ct
2537 1529 2815 1583 doctorem
2840 1529 3282 1583 comministrum
3309 1538 3555 1583 nostrum

1974 1619 2240 1691 Ignatium
2271 1619 2661 1685 insurrexisse,
2697 1629 2858 1690 atque
2892 1635 2957 1674 ex
2991 1621 3230 1676 Ecclesia
3259 1622 3556 1691 pepulisse,

1979 1727 2176 1781 magna
2202 1725 2335 1766 sane
2360 1726 2492 1766 cura
2524 1711 2701 1765 all‘ecti
2719 1726 2931 1776 sumus,
2958 1713 3029 1766 ob
3057 1729 3176 1768 eam
3202 1716 3550 1785 potissimum

1977 1817 2219 1865 causam,
2249 1802 2395 1872 quod
2436 1802 2674 1857 sebisma
2724 1802 2780 1857 in
2824 1802 2917 1857 illa
2967 1803 3103 1859 urbe
3143 1814 3195 1859 ct
3243 1807 3554 1875 provincia,

1975 1902 2029 1948 et
2056 1893 2313 1948 omnibus
2343 1894 2604 1962 subjectis
2652 1894 2727 1948 illi
2788 1896 3106 1951 civitatibus
3146 1907 3365 1967 propter
3402 1897 3551 1952 Pho-

1975 1983 2112 2036 tinm
2151 1984 2443 2053 quemdam
2473 1997 2503 2036 a
2542 1983 2663 2037 foro
2697 1984 3023 2052 profectum,
3063 1995 3118 2040 et
3166 1988 3411 2042 saeculari
3447 1989 3554 2043 mi-

1976 2075 2093 2127 litia
2124 2084 2178 2129 et
2208 2074 2421 2138 habitu,
2452 2083 2506 2129 et
2542 2090 2610 2128 ex
2640 2073 2903 2131 Palatinis
2927 2077 3138 2131 mdihus
3159 2079 3342 2133 subito
3369 2088 3552 2133 atton-

1974 2183 2120 2232 sum,
2171 2179 2334 2236 atque
2391 2166 2445 2220 in
2503 2167 2842 2233 Ecclesiam,
2882 2168 3306 2224 reclamantibus
3378 2171 3551 2225 sacris

1974 2258 2315 2323 canonihns,
2358 2258 2668 2315 traductum
2715 2259 3151 2330 collocatumque
3216 2276 3322 2314 non
3372 2260 3551 2316 modi-

1975 2365 2100 2406 cum
2136 2351 2453 2404 audiremus
2482 2349 2758 2404 obortum.
2809 2369 2829 2401 ι
2889 2350 2955 2405 Ει
3004 2351 3196 2420 paucis
3249 2354 3304 2406 in
3363 2354 3552 2408 eadem

1974 2443 2201 2513 epistola
2255 2441 2524 2510 adjectis:
2563 2457 2582 2491 ‹
2623 2439 2806 2510 Legati
2849 2457 2974 2495 vero
3017 2443 3212 2506 nostri,
3263 2454 3552 2513 postquam

1974 2534 2514 2604 Constantinopolim
2570 2548 2885 2604 pervenere,
2936 2534 3138 2602 regiam
3197 2533 3554 2589 formidantes

1977 2627 2298 2700 potentiam,
2327 2635 2385 2680 ut
2416 2624 2638 2695 ipsimet
2666 2625 2843 2690 aiunt,
2898 2626 3155 2680 mandata
3214 2634 3401 2681 nostra
3454 2640 3553 2679 ne-

1977 2720 2286 2790 glexerunt,
2309 2727 2363 2772 ct
2398 2732 2524 2771 cum
2548 2714 2744 2770 Photio
2773 2718 2992 2770 mmebo
3020 2716 3073 2769 in
3096 2718 3270 2772 sacris
3307 2732 3558 2771 commu-

1975 2812 2247 2873 nicarunt,
2322 2808 2699 2878 lgnatiumque
2757 2806 2935 2861 virum
2994 2816 3198 2871 relate,
3250 2808 3404 2878 juma
3488 2826 3554 2863 ac

1976 2900 2266 2954 sanctitate
2323 2899 2690 2951 venerandum
2749 2898 3193 2962 damnaverunt,
3269 2909 3432 2969 atque
3482 2902 3550 2953 de

1977 2991 2263 3060 dignitatis
2299 2987 2471 3058 gradu
2508 2987 2891 3042 deturbarunt.
2926 3007 2946 3040 ι
2983 2989 3051 3043 Ει
3080 2998 3200 3059 post
3241 3006 3348 3044 non
3380 2991 3550 3044 inulta

292 3092 527 3160 στολῆς·
568 3111 587 3143 ι
621 3091 828 3155 Φὼτιος
860 3094 890 3145 ό
909 3091 1019 3147 ἀπὸ
1046 3092 1424 3162 σχισματικῶν
1448 3094 1875 3164 γινωσκόμενος,

1979 3080 2223 3152 ejusdem
2287 3078 2576 3149 epistolae:
2621 3096 2639 3128 ι
2697 3076 2924 3134 Pbotius
2969 3093 3000 3132 ιι
3061 3080 3451 3145 schismaticis,
3499 3095 3556 3135 et

290 3185 396 3237 καὶ
426 3183 537 3235 ἀπὸ
590 3183 862 3253 κοσμικῆς
911 3183 1235 3254 ὑπηρεσίας,
1284 3186 1378 3235 καὶ
1417 3185 1724 3253 στρατείας,
1776 3186 1873 3240 καὶ

291 3272 529 3343 ἀγορᾶς,
581 3272 847 3340 αἰφνίδιον
888 3275 1101 3342 καρεὶς,
1137 3273 1232 3325 καὶ
1282 3273 1387 3325 ὑπὸ
1435 3274 1736 3344 Γρηγορίου
1778 3276 1871 3330 τοῦ

293 3362 666 3433 Συρακουσῶν
699 3361 1022 3427 ἐπισκόπου,
1061 3362 1154 3416 τοῦ
1184 3363 1592 3433 καθῃρημένον,
1635 3383 1876 3437 χειροτο-

294 3452 508 3522 νηθεὶς,
551 3451 753 3515 ζῶντος
784 3451 880 3504 τοῦ
920 3452 1337 3525 συλλειτουργοῦ
1384 3457 1541 3526 ἡμῶν
1586 3457 1871 3523 Ἰγνατίου,

294 3541 399 3596 τοῦ
430 3543 620 3613 βιαίως
658 3542 1037 3613 ἐκϐληθέντος,
1065 3545 1159 3598 καί
1196 3550 1336 3617 μετά
1355 3550 1465 3603 τῶν
1497 3549 1870 3622 κατακρίτων,

296 3636 401 3688 καὶ
458 3633 1060 3704 ἀνατεθεματισμένων,
1101 3638 1205 3690 καὶ
1259 3640 1397 3709 μετά
1434 3641 1544 3695 τῶν
1575 3643 1730 3711 παρά
1775 3642 1872 3696 τοῦ

297 3726 648 3796 προκατόχου
676 3726 853 3796 ἡμῶν,
877 3726 972 3779 τοῦ
1006 3728 1161 3796 ἁγίου
1194 3722 1524 3799 Βενεδίκτου,
1550 3733 1875 3805 δεσμευθέν-

293 3834 409 3868 των
453 3814 754 3880 κοινωνῶν,
804 3817 898 3869 καὶ
950 3817 1443 3889 ἀναστρεφόμενος,
1501 3822 1622 3893 μεθ’
1650 3817 1726 3879 ὧν
1777 3825 1874 3877 καὶ

296 3906 575 3976 συνύφανε
619 3905 688 3959 τά
731 3909 874 3961 κατά
924 3908 1018 3962 τοῦ
1049 3915 1389 3984 πατριάρχου
1431 3913 1725 3982 Ίγνατίου·
1781 3916 1873 3970 καὶ

292 3995 635 4065 διαστρέψας
676 3999 802 4060 τοὺς
832 3998 965 4068 παρ’
1007 4000 1165 4070 ἡμῶν
1197 4005 1602 4067 ἀποσταλέντας
1648 4005 1872 4060 ἐπισκό-

296 4102 459 4150 πους,
498 4085 640 4139 ὥστε
690 4086 1080 4159 συνευδοκῆσαι
1119 4091 1290 4158 αὐτῷ,
1327 4093 1609 4164 καὶμέχρι
1648 4095 1742 4148 νῦν
1773 4097 1872 4166 τὴν

306 4175 644 4248 Ἐκκλησίαν
681 4176 775 4230 τοῦ
808 4177 944 4231 Θεοῦ
992 4181 1330 4255 συστρέφων,
1365 4185 1458 4237 καὶ
1491 4184 1733 4249 κολάζων
1774 4187 1871 4238 αὐ-

292 4268 390 4319 τόν
416 4283 474 4318 τε
503 4266 596 4318 τὸν
626 4270 971 4341 πατριάρχην
1018 4271 1276 4339 Ίγνάτιον
1308 4275 1556 4345 καὶτοὺς
1589 4278 1688 4330 σὺν
1720 4280 1871 4350 αὐτῷ

294 4356 591 4409 κολάσεσιν
629 4360 959 4430 ἀφορήτοις,
1013 4361 1154 4414 ἔστω
1201 4366 1266 4435 τῇ
1317 4365 1410 4418 τοῦ
1462 4368 1868 4440 παντοδυνάμον

1981 3172 2232 3228 saeculari
2297 3170 2641 3234 ministerio,
2702 3184 2732 3223 a
2786 3173 2984 3235 (ιιι-εἰσ,
3043 3171 3396 3242 militarique,
3457 3189 3551 3226 seu

1981 3259 2187 3315 forensi
2221 3257 2501 3313 functione
2557 3268 2779 3328 repente
2828 3267 3080 3313 attonsus
3103 3298 3117 3323 ,
3163 3269 3328 3330 atque
3359 3276 3387 3313 a
3419 3261 3557 3316 Cre-

1980 3350 2134 3420 gorio
2183 3347 2534 3419 Syracusano
2589 3347 2847 3416 episcopo
2884 3348 3165 3412 damnato,
3216 3349 3341 3404 vivo
3374 3351 3555 3403 adhuc

1979 3440 2359 3496 comministro
2389 3449 2579 3494 nostro
2636 3437 2840 3508 lgnatio
2894 3452 2989 3507 per
3020 3438 3129 3492 vim
3167 3441 3325 3508 pulso
3357 3456 3555 3495 ροηδε-

1979 3543 2164 3589 cratus
2188 3551 2202 3586 :
2232 3540 2287 3586 et
2315 3546 2442 3587 cum
2466 3531 2741 3586 damnatis
2793 3531 3264 3599 anathemalisque
3292 3532 3550 3598 vinculis,

1980 3641 2012 3682 a
2052 3637 2245 3682 sancto
2277 3623 2593 3687 Benedicto,
2625 3622 2719 3691 qui
2748 3637 2848 3677 nos
2883 3624 3199 3689 praecessit,
3240 3625 3555 3678 constrictis

1979 3714 2413 3776 communicans,
2450 3722 2502 3766 et
2528 3725 2884 3775 conversans,
2919 3727 3043 3765 cum
3085 3711 3283 3780 quibus
3326 3713 3553 3767 insidias

1982 3804 2191 3875 lgnatio
2213 3805 2537 3873 patriarcha:
2579 3802 2950 3865 concinnavit,
2991 3813 3316 3871 nostrosque
3344 3803 3553 3872 legatos

1979 3899 2268 3966 episcopos
2330 3894 2397 3949 ad
2447 3908 2603 3948 suam
2659 3891 3032 3961 protrahenda
3066 3892 3388 3946 sententiam
3432 3908 3553 3960 per-

1978 3990 2140 4044 vertit
2173 4003 2187 4040 :
2221 3985 2315 4055 qui
2348 3984 2515 4039 etiam
2551 3982 2711 4036 hodie
2771 3980 3070 4036 Ecclesiam
3100 3980 3195 4035 Dei
3242 3985 3547 4049 perturbat,

1977 4090 2032 4135 et
2064 4077 2436 4149 patriarcham
2464 4075 2756 4147 lgnatium,
2810 4073 2997 4144 illique
3041 4074 3381 4129 adhaerentes
3411 4074 3552 4128 into-

1979 4170 2217 4225 lerandis
2270 4167 2658 4222 cruciamentis
2731 4163 2958 4235 aﬂligit,
3020 4163 3111 4219 Dei
3162 4164 3550 4235 omnipotentis

1977 4260 2321 4323 auctoritate,
2349 4266 2403 4313 et
2436 4259 2720 4312 beatorum
2753 4257 2896 4312 Petri
2926 4266 2980 4310 ct
3038 4254 3190 4311 Pauli
3236 4254 3547 4326 principum

1977 4350 2370 4422 apostolorum,
2398 4349 2754 4416 omniumque
2790 4356 3139 4414 sanctorum,
3186 4356 3241 4401 et
3284 4361 3551 4401 veneran-

294 4449 522 4517 ἐξουσίᾳ
561 4447 720 4515 θεοῦ,
761 4452 856 4504 καὶ
913 4452 1022 4504 τῶν
1076 4457 1364 4525 μακαρίων
1410 4458 1723 4514 ἀποστόλων
1778 4462 1874 4515 καὶ

1977 4446 2171 4499 darum
2200 4458 2297 4498 sex
2329 4444 2795 4497 meumenicarum
2818 4442 3173 4512 synodorum,
3195 4441 3343 4494 omni
3367 4455 3551 4493 sacer-

295 4541 619 4608 κορυφαίων
670 4542 880 4612 Πέτρου
933 4545 1028 4597 κα)⁸
1067 4545 1305 4611 Παύλου,
1348 4548 1445 4600 καὶ
1481 4549 1698 4603 πάντων
1732 4549 1870 4620 όμοῦ

293 4645 406 4681 τς.ν
452 4629 647 4696 ἁγίων,
701 4633 796 4685 καὶ
838 4632 947 4686 τῶν
992 4635 1188 4701 τιμίων
1243 4635 1338 4689 καὶ¹
1389 4638 1784 4708 οίκουμενικῶν
1813 4641 1875 4707 ἒξ

295 4720 538 4773 συνόδων
569 4721 828 4793 αὑθεντίᾳ
856 4724 1035 4791 πάσης
1064 4725 1344 4795 ἱερατικῆς
1366 4729 1531 4797 τιμῆς
1553 4729 1648 4781 καὶ
1676 4729 1874 4800 ὀνόμα-

290 4828 388 4875 τος
423 4811 724 4882 ἀλλότριος,
765 4816 858 4867 καὶ
889 4815 1087 4879 παντὸς
1132 4814 1407 4884 τάγματος
1445 4820 1702 4891 κληρικοῦ
1732 4824 1872 4876 άπό-

294 4901 519 4970 ϐλητος.
550 4920 569 4953 ι
605 4904 714 4955 Καὶ
741 4903 911 4956 ταῦτα
939 4906 1044 4975 μὲν
1074 4908 1131 4959 ἐν
1159 4910 1221 4978 τῇ
1254 4909 1347 4960 τοῦ
1379 4910 1578 4963 πάππα
1600 4911 1871 4967 Νικολάου

294 4991 580 5062 ἐπιστολῇ,
612 4993 679 5062 ἢν
703 4994 762 5045 ἐν
784 4995 923 5065 αὐτῇ
943 4998 1010 5067 τῇ
1039 4996 1230 5068 πρώτη
1258 5000 1398 5051 κατά
1422 5001 1627 5054 Φωτίου
1652 5003 1870 5075 εἰσϐολῇ

292 5083 508 5144 ἐκεῖνος
560 5083 853 5137 ἀπέλυσεν.
912 5085 1002 5139 Ἐν
1057 5082 1139 5150 οἷς
1190 5088 1247 5140 δὲ
1296 5090 1325 5142 ό
1386 5090 1578 5144 τούτου
1629 5092 1872 5165 διάδοχος

305 5173 587 5243 Ἀδριανὸς
612 5176 750 5228 κατά
780 5175 874 5229 τοῦ
896 5177 1065 5231 αὐτοῦ
1094 5180 1296 5250 γράφει
1314 5183 1520 5235 Φωτίου
1538 5183 1706 5237 ταῦτα
1728 5185 1872 5238 κατά

293 5264 448 5331 λέξιν
485 5265 837 5335 εῷρίσιιεται⁹
880 5285 901 5318 ι
939 5269 1014 5321 Ἰδ
1045 5272 1326 5342 συνέδριον
1368 5274 1464 5340 τῆς
1512 5276 1872 5346 ματαιότητος

291 5357 356 5410 τὸ
388 5356 497 5411 ὑπὸ
541 5357 748 5411 Φωτίου
785 5361 878 5412 καὶ
909 5360 1002 5414 τοῦ
1052 5362 1393 5416 ὑπασπιστοῦ
1436 5365 1601 5418 αὑτοῦ
1648 5366 1870 5438 Μιχαὴλ

289 5448 389 5502 τοῦ
436 5449 706 5519 βασιλέως
736 5451 906 5503 πάλαι
949 5455 1008 5505 ἐν
1048 5454 1615 5509 Κωνσταντινουπόλει
1669 5475 1870 5530 τυραν-

289 5539 462 5601 νικῶς
506 5541 652 5595 κατὰ
690 5540 792 5610 τῆς
831 5543 1110 5613 αίδεσίμου
1153 5544 1264 5597 τῶν
1308 5545 1592 5615 Ῥωμαίων
1640 5549 1871 5620 Ἐκκλη-

292 5633 418 5697 σίας
450 5632 548 5686 καὶ
587 5631 700 5686 τῶν
736 5632 941 5702 ταύτης
992 5637 1306 5705 προνομίων
1340 5637 1745 5707 συναθροισθὲν,
1792 5641 1868 5705 ὼς

290 5723 393 5794 τῆς
433 5722 698 5795 ἀληθείας
750 5723 945 5794 ἐχθρὸν
976 5728 1070 5779 καὶ
1101 5727 1281 5797 πάσης
1328 5727 1694 5799 ψευδηγορίας
1737 5733 1866 5785 ἀνά-

1974 4535 2139 4591 dotali
2189 4535 2416 4599 honore,
2467 4542 2523 4587 et
2592 4533 2812 4586 nomine
2856 4532 2928 4588 sit
2988 4532 3233 4597 alienus,
3291 4540 3346 4585 et
3395 4532 3547 4585 onmi

1975 4627 2263 4683 clericatus
2291 4625 2468 4680 ollicio
2500 4639 2726 4694 prorsus
2749 4635 2969 4680 exutus.
2995 4642 3015 4675 ι
3050 4625 3115 4679 Et
3158 4625 3274 4679 haec
3325 4625 3545 4694 quidem

1975 4716 2324 4771 continentur
2372 4715 2426 4768 in
2471 4713 2676 4768 Nicolai
2727 4728 2881 4783 papa;
2933 4714 3200 4783 epistola,,
3232 4730 3396 4784 quam
3432 4715 3545 4781 ille,

1975 4822 2097 4863 cum
2128 4794 2368 4876 primum
2396 4806 2644 4859 intrusus
2665 4815 2811 4859 esset
2831 4803 3080 4867 Photius,
3113 4807 3413 4875 scripserat
3442 4820 3458 4857 :
3490 4816 3548 4859 at

1976 4900 2030 4952 in
2065 4899 2152 4963 iis,
2174 4912 2314 4967 quas
2367 4897 2607 4966 scripsit,
2664 4896 2756 4966 qui
2801 4911 2926 4951 eum
2983 4899 3199 4966 excepit
3246 4897 3543 4962 Adrianus,

1974 4990 2235 5045 adversus
2274 4991 2522 5043 eumdem
2554 4987 2807 5043 Photimn
2831 5027 2847 5052 ,
2881 4988 3044 5043 verba
3075 4990 3190 5043 haec
3228 4989 3543 5044 habentur:

1978 5098 1998 5132 ι
2038 5079 2309 5133 Vanitatis
2335 5078 2760 5133 conciliabulum
2802 5094 2834 5132 a
2870 5079 3085 5144 Photio,
3114 5088 3169 5134 et
3187 5079 3308 5148 ejus
3329 5079 3545 5134 fauture

1975 5169 2237 5224 Michaele
2270 5169 2594 5236 imperatore
2619 5183 2713 5236 per
2738 5169 2869 5233 vim,
2900 5179 2955 5222 et
2987 5169 3327 5239 tyrannidem
3351 5178 3544 5223 contra

1973 5259 2334 5313 venerandam
2362 5256 2663 5312 Romanam
2698 5256 3021 5322 Ecciesiam,
3053 5265 3108 5313 et
3142 5259 3260 5329 ejus
3299 5260 3541 5313 auctori-

1975 5357 2141 5403 tatem
2175 5358 2348 5415 nuper
2375 5348 2844 5418 Constantinopoli
2883 5359 3160 5414 coactum,
3187 5351 3263 5405 uti
3296 5350 3540 5405 veritatis

1973 5437 2280 5499 inimicum,
2341 5446 2395 5492 et
2455 5438 2604 5492 omni
2655 5437 2895 5495 falsitate
2942 5438 3231 5504 refertum,
3266 5438 3541 5509 Ephesino

1975 5528 2050 5582 illi
2079 5527 2370 5582 latrocinio
2402 5542 2789 5598 comparamus
2838 5546 2853 5583 :
2905 5530 3180 5599 impiaque
3213 5537 3334 5582 acta
3368 5528 3537 5593 illius,
3594 5526 3603 5565 ί

1974 5619 2285 5687 ubicunque
2312 5619 2636 5683 habeantur,
2654 5619 2871 5689 penitus
2899 5619 3160 5674 abolenda
3188 5618 3538 5675 decernimus

1975 5710 2198 5781 ignique
2233 5709 2515 5780 pabulum,
2545 5719 2602 5765 et
2626 5710 2761 5766 diris
2805 5709 3277 5767 exsecrationibus
3301 5710 3537 5768 devove-
