4054 6406
586 298 685 358 327

1572 262 1814 351 'JoAN.
1861 290 2075 349 VECCI
2117 291 2227 351 cr.
2271 291 2779 351 eammeam

3737 286 3845 348 328

584 431 725 470 mus.
778 432 796 464 ι
839 414 898 466 l-Zt
939 412 1124 481 paucis
1154 411 1416 464 annexis:
1456 427 1474 459 ι
1524 408 1780 462 Photium
1817 410 1885 461 ab
1918 421 2154 462 anteces-

2275 426 2490 476 μεστον,
2535 410 2612 480 τῷ
2654 411 2885 478 Ἐφεσίῳ
2925 409 3202 481 λῃστρικῴ
3255 407 3714 480 παραϐάλλομεν·
3753 407 3851 460 καὶ

582 522 705 560 sure
756 516 980 569 nostro,
1038 502 1300 565 nobisque
1351 500 1418 553 de
1479 500 1803 553 criminibus
1864 500 2158 569 prapositis

585 600 903 654 damnatum
953 608 1004 650 et
1042 597 1584 661 auathematizatum,
1637 604 1932 665 posteaque
1978 597 2159 665 priora

586 693 792 745 scelera
829 688 980 741 novis
1037 694 1384 754 superantem
1433 696 1487 739 et
1532 696 1725 739 contra
1786 685 2155 739 venerandam

581 794 964 848 summamque
1018 776 1333 847 apostolicae
1384 777 1543 832 Sedis
1600 778 1980 832 auctoritatem
2037 790 2160 831 sese

577 877 933 939 ingerentem,
998 884 1254 938 novaque
1300 869 1714 924 mendaciorum
1763 878 1819 923 et
1865 884 2154 938 pravorum

577 962 894 1027 dOgiuamm
947 958 1204 1029 ﬁgmenta
1236 958 1661 1013 concinnantem
1689 998 1705 1024 ,
1754 967 1921 1029 atque
1958 959 2156 1014 adver-

577 1068 673 1107 sus
707 1064 1113 1107 antecessoer
1139 1061 1388 1106 nostrum
1420 1052 1830 1107 sanctissimum
1860 1066 2075 1120 papam,
2104 1059 2158 1105 et

577 1153 763 1195 contra
796 1158 893 1196 nos
922 1142 1069 1210 ipsos
1098 1141 1299 1195 latrare
1324 1155 1543 1206 ausum,
1574 1147 1629 1194 et
1668 1155 1886 1194 rursum
1927 1141 2154 1194 damna-

580 1251 722 1298 mus,
757 1243 809 1286 et
843 1235 943 1287 hac
966 1234 1033 1288 de
1066 1248 1233 1288 causa
1257 1232 1541 1302 speciatim
1579 1232 1925 1287 anathemate
1950 1232 2157 1300 percel-

577 1329 764 1380 ιιιιιυε.
804 1344 823 1376 ι
882 1325 1014 1380 Post
1062 1325 1197 1380 alias
1244 1324 1528 1395 pericopas
1567 1327 1829 1377 adversus
1875 1322 2150 1388 Photinm,

580 1422 693 1472 haec
722 1434 939 1487 quoque
969 1419 1228 1471 verbatim
1256 1419 1456 1485 scripta
1474 1415 1885 1484 comperiuntur
1913 1432 1925 1467 :
1955 1432 1973 1465 ι
2015 1416 2157 1468 l’ho-

577 1511 652 1561 tio
679 1511 894 1574 curiali,
923 1521 971 1562 et
999 1509 1265 1562 invasuri.
1296 1507 1497 1561 Photio
1526 1506 1772 1561 saeculari
1822 1513 1876 1559 et.
1927 1506 2149 1560 forensi.

575 1602 766 1655 Photio
803 1602 1091 1671 ncolihyto,
1134 1609 1188 1654 et
1232 1607 1487 1670 tyranno.
1518 1598 1727 1662 lPhotio
1773 1598 2150 1659 schismatico,

576 1702 630 1744 et
666 1693 947 1745 damnato.
979 1691 1173 1745 l’hotio
1223 1690 1459 1752 inmcho,
1505 1700 1559 1744 et
1597 1688 1900 1759 parricidae.
1958 1687 2154 1742 Photio

2265 504 2363 562 τὰς
2390 502 2554 554 αὐτοῦ
2587 503 2790 571 μιαρὰς
2818 501 3068 571 πράξεις,
3096 503 3155 554 ὲν
3191 495 3270 564 οἷς
3296 500 3362 554 ἂν
3391 495 3516 562 ὦσι,
3554 498 3855 552 παντάπα-

2267 608 2351 644 σιν
2393 594 2754 662 ἀφανισθῆναι
2807 592 3089 660 ὁρίζομεν,
3131 594 3227 647 καὶ
3256 592 3637 662 παρανάλωμα
3671 589 3852 658 πυρὸς

2263 685 2544 752 γενέσθαι,
2584 686 2675 736 καὶ
2723 682 3258 753 ἀναθεματισθῆναισ
3293 701 3312 733 ι
3351 682 3447 735 καὶ
3486 678 3610 751 ’μετ’
3648 682 3851 749 ὀλίγα·

2269 795 2287 827 ι
2319 776 2523 829 Φώτιον
2573 776 2662 829 τὸν
2706 776 2810 828 ὑπὸ
2858 776 2953 828 τοῦ
3002 774 3345 845 προκατόχου
3394 774 3573 844 ἡμῶν,
3624 777 3717 827 καὶ
3757 775 3854 842 ὑφ’

2262 866 2419 934 ἡμῶν
2457 866 2597 935 ὑπὲρ
2627 865 2735 918 τῶν
2785 865 3164 935 προκειμένων
3212 864 3574 932 ἐγκλημάτων
3619 865 3855 918 καταδι-

2261 958 2554 1017 κασθέντα,
2587 959 2679 1009 καὶ
2706 956 3239 1025 ἁναθεματισθέντα,
3276 951 3395 1008 εἷτα
3437 957 3535 1017 τας
3568 959 3854 1023 προτέρας

2261 1047 2492 1115 ἀνομίας
2542 1047 2882 1117 ὑπερϐάντα,
2914 1049 3010 1100 καὶ
3062 1047 3206 1099 κατὰ
3250 1046 3359 1098 τῶν
3409 1045 3704 1111 οίδεσίμων
3748 1046 3852 1097 τοῦ

2257 1137 2615 1189 ἀποστολικοῦ
2684 1137 2874 1207 θρόνου
2908 1138 3222 1207 ¹ιιρονομίων
3264 1138 3698 1205 είσιρορήσαντα.
3753 1135 3854 1186 καὶ

2259 1225 2579 1295 ἐφευρέσεις
2618 1226 2971 1297 ψευσμάτων,
3007 1227 3103 1280 καὶ
3153 1226 3602 1296 διεστραμμένων
3638 1226 3857 1292 δογμά-

2255 1333 2365 1369 των
2388 1318 2655 1378 adimam
2688 1319 2779 1371 τοῦ
2822 1320 2928 1388 πρὸ
2965 1322 2997 1388 ἡ
3008 1320 3124 1388 μῶν
3154 1320 3460 1385 ἁγιωτάτου
3498 1320 3720 1382 πάππα,
3750 1320 3853 1371 καὶ

2261 1408 2381 1460 καθ’
2411 1409 2572 1475 ἡμῶν
2614 1409 2919 1479 ὑλακτῆσαι
2951 1410 3323 1479 τολμήσαντα,
3353 1411 3448 1462 καὶ
3492 1408 3647 1471 αὖθις
3674 1427 3854 1462 κατα-

2258 1498 2521 1569 κρίνομεν
2554 1501 2646 1552 καὶ
2680 1502 2822 1571 ὑπὲρ
2865 1501 2972 1554 τῶν
3002 1502 3262 1573 τοιούτων
3299 1502 3484 1565 ίδικῶς
3514 1501 3853 1571 ἀναθεματί-

2258 1590 2444 1660 ζομεν.
2486 1610 2504 1642 ι
2541 1591 2698 1645 Μετά
2742 1592 2797 1645 δὲ
2833 1592 3138 1661 περικοπὰς
3191 1592 3356 1655 ἄλλας
3407 1594 3516 1645 τῶν
3560 1595 3701 1646 κατὰ
3730 1594 3853 1644 Φω-

2255 1683 2371 1736 τίου
2425 1685 2935 1755 συγγεγραμμένων
2976 1687 3071 1738 καὶ
3110 1686 3239 1739 τάδε
3279 1684 3557 1750 αὐτολεξεὶ
3591 1702 3847 1755 γεγραμ-

572 1784 872 1836 arcliitecto
931 1782 1370 1836 mendaciorum.
1435 1781 1628 1835 Pholio
1681 1796 1822 1834 novo
1874 1780 2154 1835 Dioscoro.

2264 1773 2399 1842 μένα
2434 1774 2761 1843 εὑρίσκοντα
2783 1789 2797 1803 ο
2843 1792 2861 1825 ι
2897 1774 3089 1844 Φωτίῳ
3118 1774 3197 1844 τῷ
3227 1774 3559 1846 βουλευτικῴ
3595 1776 3692 1826 καὶ
3719 1776 3852 1825 ἑπι-

570 1872 768 1927 Pliotio
802 1889 944 1926 nmo
974 1871 1151 1935 Juda‘,
1184 1873 1497 1926 anathema.
1534 1890 1553 1923 ι
1594 1870 1661 1924 Ει
1689 1872 1804 1925 lucc
1821 1873 2041 1940 quidem
2072 1882 2153 1928 tot

571 1977 634 2016 ac
669 1973 816 2016 tanta
858 1961 1115 2015 Photium
1176 1961 1604 2023 inflammarunt,
1657 1962 1724 2013 ad
1770 1961 2151 2027 publicandqu

569 2070 690 2120 qua:
722 2054 812 2106 ille
837 2055 1102 2105 adversus
1143 2050 1446 2103 Romanam
1480 2049 1779 2104 Ecclesiam
1820 2054 2153 2120 propudiosa

575 2143 734 2195 nimis
794 2154 847 2196 ct
900 2142 1193 2197 criminosa
1241 2138 1525 2193 oblatravit
1561 2177 1575 2197 ,
1619 2140 1934 2207 scriptoque
1988 2140 2153 2193 etiam

571 2235 899 2286 condemnat
914 2232 975 2286 it.

2259 1863 2473 1932 ϐήτορι.
2500 1866 2690 1935 Φωτίῳ
2718 1865 2797 1934 τῷ
2828 1866 3077 1936 κοσμικῴ
3112 1868 3207 1918 καὶ
3248 1865 3517 1935 ἀγοραίῳ.
3542 1864 3734 1933 Φωτίῳ
3766 1863 3852 1933 τῷ

2259 1958 2506 2027 νεοφὺτῳ
2540 1962 2637 2010 καὶ
2666 1960 2935 2028 τυράννῳ.
2968 1959 3159 2027 the“:le
3202 1956 3280 2026 τῷ
3336 1956 3689 2026 σχισματικῴ
3738 1957 3843 2008 καὶ

2261 2050 2738 2120 κατακεκριμένῳ.
2772 2050 2964 2120 Φωτίῳ
3003 2049 3080 2119 τῷ
3111 2047 3285 2120 μοιχῷ
3328 2050 3424 2102 καὶ
3466 2048 3845 2118 πατροκτόνῳ.

2263 2141 2454 2211 Φωτίῳ
2478 2144 2559 2211 τῷ
2610 2144 2827 2196 τέκτονι
2854 2143 2962 2195 τῶν
3005 2143 3361 2213 ψευσμάτων.
3405 2142 3595 2211 Ψωτίῳ
3632 2140 3711 2209 τῷ
3734 2141 3839 2209 νέῳ

2267 2235 2566 2305 Διοσκόρῳ.
2610 2235 2801 2304 Φωτίῳ
2829 2235 2907 2306 τῷ
2929 2236 3033 2302 νέῳ
3066 2235 3259 2305 Ἰούδᾳ,
3296 2233 3568 2303 ἀνάθεμα.
3602 2251 3621 2283 ι
3658 2231 3849 2284 Ταῦτα

573 2330 671 2380 καὶ
693 2326 935 2379 τοσαῦτα
964 2320 1104 2394 ἦσαν
1148 2325 1357 2389 ἐκεῖνα,
1387 2315 1477 2374 οἷα
1541 2321 1637 2374 καὶ
1672 2321 1773 2373 ὅσα
1808 2321 2012 2374 Φώτιον
2077 2323 2440 2395 ἀνερρίπισαν
2497 2328 2634 2396 πρὸς
2672 2329 2740 2380 τὰ
2776 2329 2908 2396 παρ’
2956 2328 3122 2380 αὐτοῦ
3172 2326 3409 2398 ρηθέντα
3447 2343 3507 2380 τε
3574 2327 3671 2380 καὶ
3699 2345 3850 2399 γρα-

573 2429 740 2495 φέντα
784 2424 928 2477 κατὰ
976 2425 1075 2491 τῆς
1119 2420 1438 2490 Ῥωμαῖκῆς
1479 2418 1806 2487 Ἐκκλησίας
1844 2418 2151 2488 δάπόφημα.

651 2520 706 2573 5.
742 2519 844 2571 Sed
879 2525 1166 2586 postquam
1199 2531 1267 2568 ex
1312 2514 1594 2567 hominum
1625 2513 1733 2567 vita
1764 2511 2018 2567 Nicolans
2047 2515 2152 2567 nii-

572 2620 807 2681 gi-asset,
862 2608 1149 2676 migrasset
1194 2618 1411 2674 quoque
1441 2612 1565 2673 post
1606 2618 1730 2658 cum
1767 2604 2066 2664 Adrianus,
2099 2614 2154 2659 et

572 2699 815 2753 Joannes
857 2698 1124 2767 pontifex,
1154 2697 1248 2765 qui
1282 2696 1467 2750 sedem
1500 2706 1622 2762 post
1674 2710 1770 2748 eos
1800 2688 2159 2762 apostolicam

575 2801 884 2860 exceperat,
916 2790 1172 2843 Photium
1207 2787 1405 2841 throno
1439 2786 1733 2850 redditum,
1766 2802 1923 2855 a‘quo
1968 2787 2153 2841 animo

573 2884 905 2945 admisnsset,
933 2881 1078 2950 cogit
1104 2880 1369 2950 synodum
1403 2878 1457 2931 in
1483 2876 1747 2947 Byzantio
1787 2876 2011 2933 Photius
2047 2892 2154 2933 tre-

577 2973 749 3027 centis
779 2982 833 3026 et
861 2972 1094 3040 amplius
1123 2969 1447 3041 praesulibus
1476 2969 1801 3023 celebratam
1832 2980 1884 3023 et
1911 2984 2152 3024 canones

2322 2525 2393 2587 γ’.
2463 2519 2615 2573 Ἐπεὶ
2656 2519 2714 2572 δὲ
2752 2492 3027 2591 ’παρῆλθε
3094 2520 3195 2590 μὲν
3242 2520 3352 2574 τῶν
3394 2511 3497 2574 ὧδε
3530 2492 3845 2586 «Νικόλαος.

2252 2610 2465 2681 ἀπῆλθε
2497 2611 2541 2664 δ’
2569 2613 2656 2665 ἐπ’
2683 2614 2832 2684 αὐτῴ
2879 2613 3179 2684 Ἀδριανὸς,
3238 2614 3333 2667 καὶ
3396 2614 3630 2679 πάππας
3655 2615 3845 2670 Ἰωάν-

2252 2721 2349 2772 νης
2377 2704 2472 2757 τὸν
2521 2707 2882 2761 ἀποστολικὺν
2934 2706 3318 2779 διαδεξάμενος
3379 2708 3588 2779 θρόνον,
3621 2710 3684 2762 οὐ
3714 2726 3843 2762 συν-

2252 2796 2526 2862 διεδέξατο
2555 2801 2651 2853 καὶ
2677 2801 2780 2871 τὴν
2819 2803 2960 2855 κατὰ
2993 2803 3204 2855 Φωτίου
3233 2801 3580 2872 δυσμένειαν,
3613 2802 3728 2856 ἀλλ’
3751 2804 3848 2857 ἐπὶ

2260 2890 2327 2958 τῇ
2362 2892 2440 2953 είς
2472 2890 2563 2943 τὸν
2590 2893 2990 2963 πατριαρχικὸν
3029 2893 3220 2963 θρόνον
3262 2895 3512 2965 ὲπανόδῳ
3545 2894 3712 2948 αὐτοῦ
3747 2896 3843 2948 δεο

2262 2981 2391 3047 ξιῶς
2429 2984 2591 3038 αὐτὸν
2621 2985 2942 3049 ἀπεδέξατο,
2973 2986 3188 3040 σύνοδόν
3218 3005 3278 3039 τε
3323 2988 3526 3043 (Inbue;
3581 2992 3639 3042 ὲν
3684 2991 3847 3042 Κων-

572 3065 705 3126 edit,
739 3074 793 3118 et
845 3063 1109 3132 quidquid
1160 3062 1422 3116 adversus
1484 3060 1782 3115 Romanam
1843 3061 2148 3116 Ecclesiam

2261 3078 2696 3131 σταντινουπόλει
2728 3078 2972 3148 ἁθροίζει
3015 3082 3117 3132 ὑπὸ
3149 3080 3406 3135 πλειόνων
3447 3082 3478 3154 ἢ
3505 3086 3843 3153 τριακοσίων

575 3156 788 3209 dissidii
836 3164 1081 3223 tempore
1120 3163 1303 3208 actum
1350 3153 1554 3216 fuerat,
1592 3155 2138 3223 pronuntiatumqae,

576 3250 924 3301 anathemate
966 3244 1454 3316 [ιιι-ἰ1.ίορυι“ιεὺυι
1498 3245 1686 3314 igitur,
1719 3255 1988 3314 quotquot
2028 3255 2156 3299 ante

578 3349 820 3391 nostram
872 3339 1013 3391 hanc
1053 3346 1293 3400 aetatem,
1332 3343 1387 3389 et
1432 3336 1534 3389 hac
1564 3344 1748 3389 nostra
1784 3337 1956 3390 secuti
2003 3348 2154 3401 sunt,

575 3439 631 3483 et
690 3439 1032 3498 sequuntur,
1081 3444 1204 3497 qua:
1248 3427 1477 3482 Photius
1511 3427 1799 3482 adversum
1831 3431 2153 3496 gliomanaiu

579 3521 874 3574 Ecclesium
921 3521 1253 3589 composuit,
1312 3534 1419 3573 non
1463 3530 1669 3575 tantum
1729 3522 1796 3575 ad
1833 3522 2153 3576 scandalum

578 3612 784 3681 absque
813 3613 920 3665 ulla
955 3613 1166 3666 ratione
1191 3624 1538 3682 conceptum,
1568 3614 1659 3667 sed
1685 3614 1752 3667 ad
1785 3613 1896 3668 Deo
1922 3622 2154 3683 gratam,

576 3705 923 3771 postmodum
971 3705 1321 3758 subsecutam
1360 3704 1462 3758 viri
1507 3704 1653 3758 illius
1690 3719 1879 3774 pacem
1920 3714 1975 3758 et
2021 3721 2155 3758 con-

577 3796 842 3862 cordiam,
878 3803 1113 3849 mentem
1144 3797 1329 3866 figere,
1362 3794 1552 3863 illique
1576 3794 1743 3849 veluti
1774 3794 1979 3848 Christi
2012 3797 2159 3862 paci-

577 3884 665 3938 lici
697 3889 952 3940 alumnos
980 3888 1224 3955 potiores
1257 3894 1439 3954 partes
1472 3886 1737 3939 tribuere.
1766 3885 2153 3939 Verumtaun-n

578 3982 655 4039 hi,
715 3993 748 4031 ο
788 3979 1051 4045 pessimas
1109 3977 1358 4046 cujusris
1418 3977 1543 4029 mali
1593 3976 1833 4030 auctoris
1888 3976 2153 4031 insidias!

577 4072 774 4139 magis,
799 4086 962 4138 quam
990 4070 1248 4138 antiquus
1278 4068 1443 4122 lsrael
1485 4068 1684 4121 tabulis
1714 4068 1962 4137 lapideis,
1991 4071 2060 4123 ab
2092 4085 2157 4123 eo

577 4165 723 4216 datis
755 4171 919 4232 atque
974 4162 1216 4223 dictatis,
1264 4160 1330 4214 ad
1383 4159 1737 4214 convellenda
1796 4168 1914 4214 tum
1971 4162 2153 4231 magni

578 4256 784 4320 Basilii,
815 4264 928 4308 tum
953 4253 1186 4307 aliorum
1214 4261 1526 4306 sanctorum
1552 4251 1775 4307 Patrum
1807 4252 2156 4319 pronuntiata

578 4351 824 4403 animum
851 4349 1161 4413 attendunt,
1197 4362 1295 4401 nec
1325 4346 1616 4400 advertunt
1655 4347 1905 4401 eumdem
1938 4360 2002 4400 ex
2028 4362 2156 4416 pro-

2259 3172 2566 3242 ἀρχιερέων
2606 3173 3110 3244 συγκροτουμένην,
3148 3177 3242 3228 καὶ
3287 3176 3515 3237 κανόνας
3566 3176 3842 3247 ἐκτίθησι,

2258 3264 2351 3313 καὶ
2383 3264 2492 3316 πᾶν
2535 3263 2590 3316 ετ
2639 3281 2696 3316 τι
2751 3264 2892 3316 κατὰ
2924 3266 3024 3334 τῆς
3063 3265 3379 3335 Ῥωμαῖκῆς
3422 3266 3754 3337 Ἐκκλησίας
3776 3273 3841 3324 ὲν

2257 3350 2338 3419 τῷ
2359 3351 2457 3419 τῆς
2487 3352 2753 3423 διαφορᾶς
2778 3354 2956 3426 χρόνῳ
2978 3355 3225 3428 ἐπράχθη
3254 3358 3347 3411 καὶ
3381 3358 3615 3430 ἐλαλήθη
3660 3377 3847 3432 παρα-

2256 3441 2492 3500 δίδωσιν.
2523 3443 2671 3496 Ἔδει
2701 3444 2832 3512 γοῦν
2858 3448 2972 3508 τοῖς
3001 3446 3119 3498 ὅσοι
3145 3459 3207 3499 τε
3245 3448 3351 3517 πρὸ
3383 3448 3569 3517 ἡμῶν,
3601 3449 3716 3502 δσοι
3777 3469 3839 3504 τε

2260 3530 2319 3580 ἐν
2349 3532 2415 3600 τῇ
2450 3531 2570 3583 καθ’
2597 3534 2744 3601 ἡμᾶς
2796 3536 2980 3604 γενεᾷ,
3036 3536 3132 3589 καὶ
3193 3538 3707 3609 παρηκολούθησαν,
3742 3543 3839 3593 καὶ

2263 3622 2794 3689 παρακολουθοῦσιν,
2828 3621 2907 3687 οἷς
2942 3623 3148 3690 Φώτιος
3193 3628 3335 3680 κατὰ
3379 3633 3479 3699 τῆς
3520 3631 3839 3702 Ῥωμαῖκῆς

2260 3712 2646 3782 συνεγράψατο
2719 3715 3071 3787 Ἐκκλησιας,
3116 3718 3191 3789 μὴ
3250 3720 3386 3788 πρὸς
3421 3722 3582 3791 μόνον
3613 3724 3748 3794 ὁρᾷν
3773 3725 3837 3777 τὸ

2258 3802 2354 3854 τοῦ
2386 3806 2684 3859 σκανδάλου
2709 3807 3020 3877 ἀλόγιστον,
3047 3811 3184 3865 ἀλλὰ
3241 3818 3335 3867 καὶ
3364 3816 3500 3887 πρὸς
3558 3816 3657 3885 τὴν
3718 3820 3836 3871 εἰσ-

2260 3898 2453 3951 ἔπειτα
2491 3898 2716 3971 θεοφιλῆ
2767 3902 2864 3955 τοῦ
2915 3904 3112 3975 ἀνδρὸς
3164 3907 3378 3960 ἐκείνου
3429 3910 3675 3985 εἰρήνην,
3740 3917 3836 3965 καὶ

2258 3989 2430 4060 ταύτῃ
2471 3991 2712 4059 μάλιστα
2738 3992 2800 4045 τὸ
2852 3993 3056 4063 κράτος
3088 3996 3165 4060 ὡς
3212 3999 3307 4051 τοῦ
3370 4003 3650 4071 εἰρηνικοῦ
3693 4002 3836 4073 Χρι-

2266 4077 2395 4131 στοῦ
2458 4081 2705 4151 μαθητὰς
2749 4086 3071 4154 ἀπονέμειν.
3112 4090 3176 4140 Ol
3212 4089 3288 4156 δὲ,
3325 4090 3371 4143 ὢ
3426 4094 3525 4162 τῆς
3563 4098 3834 4166 κακίστης

2257 4169 2351 4221 τοῦ
2379 4170 2689 4239 ἀρχεκάκου
2733 4174 3044 4244 ἐπιϐουλῆς.
3086 4179 3250 4231 Πλέον
3293 4181 3326 4251 ἡ
3359 4185 3480 4246 ταῖς
3510 4186 3804 4239 Μωσαίκαῖ

2261 4258 2456 4324 πλαξὶν
2485 4261 2514 4312 6
2538 4261 2768 4327 παλαιὸς
2822 4265 3042 4338 Ἰσραὴλ
3090 4272 3201 4331 τοῖς
3242 4272 3370 4340 παρ’
3398 4276 3563 4326 αὐτοῦ
3600 4278 3833 4345 ῥηθεῖσι,

2262 4352 2555 4436 καὶταῦτα
2587 4354 2869 4424 προδήλως
2904 4358 2989 4410 ἐπ’
3020 4359 3295 4413 ἀντιθέσει
3318 4363 3424 4417 τῶν
3462 4366 3557 4418 τοῦ
3592 4370 3833 4436 μεγάλου

577 4441 714 4510 priis
767 4439 1171 4510 pr0positiones
1228 4453 1330 4507 pro
1368 4438 1623 4507 dogmate
1672 4454 1773 4492 suo
1828 4438 2154 4492 stabiliendo

2261 4429 2567 4508 Βασιλείου,
2601 4446 2829 4506 καὶτῶν
2892 4449 3067 4503 ἄλλων
3128 4451 3297 4519 ἁγίων
3347 4429 3606 4525 Πατέρων
3649 4429 3837 4514 θεολο-

580 4541 951 4585 comuieutum
990 4529 1160 4584 fuisse
1195 4545 1427 4598 quarum
1467 4528 1817 4585 manifestam
1884 4531 1938 4584 in
2009 4531 2155 4585 San-

581 4633 794 4675 ctorum
822 4620 887 4672 de
920 4619 1120 4672 divinis
1153 4620 1448 4673 sententias
1503 4619 1892 4675 contrarietate
1947 4620 2156 4673 exami-

581 4726 715 4765 nare
776 4724 885 4762 non
920 4708 1209 4763 sustinent.

656 4888 712 4940 4.
744 4886 805 4940 Et
839 4902 961 4941 cum
995 4904 1092 4943 nos
1129 4888 1248 4943 illos
1283 4888 1660 4950 adhortamur,
1697 4898 1755 4939 ut
1794 4890 2010 4942 tandem
2056 4889 2159 4942 ali-

581 4980 800 5045 quando
847 4980 1194 5046 rcsipiscant,
1243 4988 1447 5046 etquae
1494 4978 1584 5032 ille
1630 4993 1730 5047 pro
1760 4994 1892 5047 pace
1920 4979 2158 5034 ineunda

583 5071 740 5134 dixit,
799 5072 1149 5138 scripsitque,
1203 5079 1409 5123 attente
1440 5069 1810 5136 considerent,
1863 5072 1955 5140 qui
1987 5074 2155 5126 semel

581 5159 872 5212 lii>SldlUl|l
919 5162 1106 5213 unioui
1149 5174 1516 5229 praaposuere,
1568 5163 1742 5230 magis
1794 5174 2160 5231 repugnanter

582 5265 705 5303 sese
734 5258 1038 5319 opp’ununl,
1074 5256 1203 5303 dum
1233 5251 1287 5304 in
1328 5252 1543 5305 dictatis
1589 5252 1656 5304 ad
1707 5254 1997 5307 Eusebium
2042 5256 2157 5310 haec

586 5339 846 5393 verbatim
880 5342 1029 5394 illum
1065 5349 1412 5394 enarrantem
1437 5341 1893 5411 deprehendunt:
1928 5362 1948 5395 ι
1989 5343 2158 5400 Porro

564 5430 736 5487 'mcns
796 5430 1036 5487 Joannes
1066 5449 1080 5484 :
1112 5447 1267 5486 meus
1311 5433 1512 5486 etenim
1545 5443 1630 5489 est
1659 5443 1714 5489 et
1745 5436 1907 5492 rebus
1933 5438 2075 5506 aliis,
2103 5448 2160 5494 et

582 5525 727 5592 quod
774 5528 988 5594 negotia
1036 5533 1222 5576 nostra
1270 5525 1444 5593 magis
1481 5539 1642 5594 quam
1685 5527 1774 5580 alii
1815 5527 1992 5583 amice
2039 5547 2158 5584 am-

590 5616 780 5681 plexus
807 5627 923 5681 est;
978 5615 1067 5667 hic
1116 5616 1298 5685 itaque
1322 5613 1561 5671 Joannes
1609 5629 1815 5687 noster,
1871 5623 2157 5690 prudentia

586 5705 735 5770 iuxta
782 5724 845 5761 ac
876 5707 1078 5776 pie.ate
1113 5719 1389 5773 strenuus,
1445 5725 1655 5765 necnon
1712 5714 1775 5767 ad
1810 5714 2154 5784 injustitiam,

2259 4533 2395 4600 γιῶν
2421 4534 2841 4605 προσανέχουσι,
2863 4541 2957 4591 καὶ
2984 4541 3046 4592 οὐ
3075 4542 3395 4610 συνορῶσιν,
3441 4546 3587 4607 ὅπως
3621 4549 3836 4617 δογμα-

2260 4627 2419 4688 τικάς
2442 4643 2595 4689 τινας
2630 4629 2925 4696 προτάσεις
2949 4632 3168 4685 οἴκοθεν
3207 4634 3441 4704 ἐφεῦρεν
3492 4637 3680 4701 αὐτὸς,
3714 4659 3839 4692 (ηδε

2259 4717 2360 4784 τὴν
2391 4717 2659 4788 πρόδηλον
2683 4722 2864 4773 αὐτῶν
2912 4724 3056 4775 κατὰ
3106 4725 3215 4777 τῶν
3269 4727 3554 4796 πατρικῶν
3585 4731 3829 4783 ἐναντιόη

2258 4824 2399 4877 τητα
2424 4809 2767 4879 διερευνῆσαι
2799 4814 3107 4883 ἀνέχονται.

2331 4900 2398 4954 δ’.
2446 4900 2895 4973 Ὑποτιθεμένοις
2926 4907 2983 4958 δὲ
3033 4909 3167 4976 ἡμῖν
3212 4911 3617 4983 ἐπιστραφῆναί
3679 4932 3840 4983 ποτε,

2260 4992 2356 5043 καὶ
2380 4987 2458 5044 ὦν
2487 4996 2695 5057 ἐκεῖνος
2738 4996 2872 5065 πρὸς
2894 4997 3115 5068 εἰρήνην
3149 5003 3244 5053 καὶ
3269 4998 3391 5054 εἷπε
3424 5006 3518 5056 καὶ
3570 5006 3839 5076 ἔγραψεν,

2261 5087 2311 5136 οἱ
2346 5085 2494 5150 ἅπαξ
2524 5088 2585 5139 τὸ
2606 5089 2814 5158 σχίσμα
2843 5091 2940 5161 τῆς
2972 5092 3218 5159 ὲνώσεως
3240 5096 3611 5166 ἀνθελόμενοι,
3642 5103 3839 5152 ἔνατα·-

2260 5178 2556 5247 τικώτερον
2596 5181 3035 5250 ἀντιϐαίνουσιν,
3091 5187 3150 5239 ἐν
3194 5190 3307 5250 τοῖς
3369 5189 3507 5258 πρὸς
3569 5191 3836 5246 Εὑσεὸιον

2262 5269 2444 5338 λόγοις
2469 5271 2597 5323 τάδε
2633 5275 2776 5327 κατὰ
2824 5276 2974 5346 ῥῆμα
3007 5277 3273 5342 διεξιόντα
3303 5281 3514 5334 ἐκεῖνον
3548 5284 3840 5354 εὑρίσκον-

2261 5377 2378 5423 τες.
2416 5380 2434 5413 ι
2485 5362 2545 5415 '0
2574 5363 2631 5415 δὲ
2658 5365 2793 5433 ἐμὸς
2824 5367 3080 5439 Ἰωάννης
3109 5385 3122 5401 ·
3180 5372 3314 5439 ἐμὸς
3340 5376 3449 5444 γὰρ
3470 5375 3539 5427 τά
3571 5392 3630 5428 τε
3677 5377 3837 5442 ἄλλα,

2262 5453 2357 5539 καὶ
2394 5453 2474 5507 ὅτι
2524 5455 2687 5509 πλέον
2729 5457 2838 5509 τῶν
2892 5458 3070 5512 ἄλλων
3101 5459 3412 5532 ὲξῳκείωτο
3456 5465 3525 5517 τὰ
3560 5467 3832 5539 ἡμέτεραο

2263 5538 2418 5607 οὗτος
2433 5546 2613 5599 τοίνυν
2627 5548 2655 5599 6
2685 5549 2937 5619 Ἰωάννης
2956 5554 2983 5604 ό
3004 5554 3291 5625 ἡμέτερος,
3309 5557 3338 5609 6
3353 5558 3445 5610 τὸν
3472 5557 3598 5610 νοῦν
3623 5560 3724 5626 μὲν
3748 5564 3844 5613 ἀν·

2261 5634 2461 5703 δρεῖος,
2480 5637 2729 5706 ἀνδρεῖος
2752 5640 2809 5691 δὲ
2834 5642 2933 5707 τὴν
2957 5643 3264 5709 εὐσέϐειαν,
3289 5646 3426 5714 πρὸς
3442 5648 3498 5701 δὲ
3523 5651 3724 5719 μισεῖν,
3741 5654 3840 5704 καὶ

2263 5728 2624 5779 καταϐάλλειν
2655 5730 2868 5785 ἀδικίαν
2900 5736 2991 5787 καὶ
3026 5736 3203 5788 πᾶσαν
3235 5732 3571 5806 δυσσέϐειαν,
3620 5744 3712 5793 καὶ
3739 5744 3841 5811 οὐχ
