4054 6424
559 347 660 409 331

1596 349 1812 413 JOAN.
1857 351 2074 413 VECCl
2111 351 2222 413 cr.
2262 351 2780 416 PATRIAIiCH/E
3711 375 3801 437 τωρ

562 480 690 519 νει-ο
721 464 864 532 Filii,
913 465 1140 522 subdola
1169 474 1251 521 est
1280 465 1416 532 ha3c,
1461 479 1737 536 praveque
1763 476 2012 522 contorta
2045 483 2110 522 ex

2250 468 2499 540 Πνεῦμα,
2567 471 2756 542 ἕτερον
2811 471 2868 526 δὲ
2912 472 3007 527 τοῦ
3073 474 3227 540 Υἱοῦ,
3293 484 3644 558 σεσοφισμένη
3694 492 3788 545 ἐστι

561 558 818 626 positio:
859 559 1058 613 etenim
1114 558 1160 611 si
1215 556 1565 612 solummodo
1617 573 1680 613 ea
1741 561 1973 623 ratione,
2033 573 2141 628 qua

556 649 811 704 Christus
840 649 1049 714 carnis,
1088 657 1142 702 et
1179 648 1468 717 sanguinis
1504 650 1779 720 particeps
1817 649 1996 705 factus
2030 660 2139 718 est,

554 748 610 794 et
661 739 938 792 hominem
983 738 1314 807 assumpsit;
1343 739 1566 809 proprio
1615 741 1873 795 inunctus
1920 743 2139 810 spiritu,

553 831 759 886 dictum
815 844 1092 896 asserens,
1131 847 1150 880 ι
1187 827 1392 885 Christi
1436 830 1743 901 Spiritum,
1790 851 1808 883 ι
1847 848 2136 900 assumen-

553 923 682 975 dum
716 931 823 984 est,
857 934 966 990 qua
994 934 1125 974 vero
1151 934 1216 973 ex
1245 929 1452 974 aeterno
1477 931 1562 976 est
1592 921 1754 988 Deus,
1788 923 2133 988 nullatenus;

551 1011 952 1076 retributionis,
985 1018 1040 1065 et
1073 1021 1274 1065 muttire
1305 1012 1538 1066 duarum
1575 1013 1779 1068 Christi
1811 1023 2135 1069 naturarum

549 1102 1065 1158 communicationis
1125 1105 1348 1158 modum
1401 1105 1617 1161 inﬁcias
1667 1108 1850 1164 iverit.
1903 1107 2134 1163 Pravam

547 1196 692 1250 hanc
733 1195 1242 1266 interpretationem
1290 1195 1574 1268 Nyssenus
1605 1216 1825 1270 quoque
1883 1199 2116 1264 refellet,

546 1289 756 1354 dicens,
826 1307 844 1341 t
894 1289 1158 1359 Spiritum
1207 1305 1272 1344 ex
1333 1290 1470 1346 Filio
1518 1307 1642 1347 esse
1673 1292 1963 1362 astipulatu
1996 1309 2130 1348 con-

549 1382 819 1436 ﬁrmatur.
864 1399 882 1433 ι
924 1381 1235 1452 Probatque
1281 1383 1384 1438 hoc
1436 1385 1683 1454 Apostoli
1713 1386 1894 1439 dicto:
1939 1386 2132 1452 «Quis-

548 1475 672 1544 quis
725 1473 991 1543 Spiritum
1049 1473 1254 1530 Christi
1309 1491 1415 1530 uon
1474 1479 1658 1543 habet,
1713 1478 1798 1532 hic
1841 1479 1962 1546 ejus
2020 1495 2128 1535 non

549 1579 631 1623 est
659 1567 761 1638 li).
803 1585 822 1618 ›

615 1755 666 1810 6.
697 1753 1050 1824 Rursumque
1079 1753 1244 1821 idem,
1278 1751 1546 1824 Spiritum
1567 1753 1772 1809 Christi
1803 1764 1958 1810 vocat
1997 1753 2125 1825 Spi-

2245 560 2405 614 τοῦτο
2438 563 2532 614 καὶ
2571 562 2896 634 διάστροφος
2947 567 3342 640 παρεξὴγησις.
3400 573 3463 628 Ei
3513 576 3618 648 γὰρ
3649 581 3792 649 μόνον

2244 651 2367 704 καθ’
2387 652 2447 706 ὃν
2473 653 2636 719 λόγον
2673 655 2876 725 σαρκὸς
2905 659 2933 710 ὁ
2955 658 3161 729 Κύριος
3222 664 3480 733 μετέσχε,
3504 671 3594 722 καὶ
3639 672 3787 742 αἵμα-

2241 759 2356 806 τος,
2389 745 2483 797 καὶ
2515 745 2739 812 γέγονεν
2767 747 3054 819 ἄνθρωπος
3082 751 3160 822 τῷ
3187 753 3308 824 [δίῳ
3367 758 3605 826 χρισθεὶς
3646 765 3794 818 πνεύ-

2245 837 2518 908 ματι,τὴν
2553 856 2573 890 ι
2616 839 2843 911 Πνεῦμα
2872 843 3110 911 Χριστοῦ
3152 863 3172 896 ι
3207 845 3470 914 λέγουσαν
3502 851 3561 904 τὸ
3593 853 3795 924 Πνεῦμα

2240 930 2428 1000 φωνὴν
2479 932 2890 1002 ἐκλαμϐάνεται
2919 950 2938 969 ο
2973 935 3096 989 καθ’
3137 937 3198 990 ὃν
3248 938 3305 992 δὲ
3338 939 3494 1008 λόγον
3539 943 3598 1007 ἐξ
3642 946 3794 999 ἀϊδίου

2240 1024 2477 1098 ὑπάρχει
2518 1027 2654 1088 Θεὸς
2689 1025 2962 1098 οὐδαμῶς,
2992 1029 3088 1082 τὸν
3114 1031 3216 1101 τῆς
3249 1032 3572 1096 ἀντιδόσεως
3593 1037 3795 1106 τρόπον,

2237 1119 2332 1172 καὶ
2361 1119 2460 1190 τὴν
2491 1121 2574 1184 εἰς
2619 1119 2828 1192 ἄλληλα
2871 1121 3258 1193 περιχώρησιν
3305 1125 3415 1178 τῶν
3453 1127 3550 1179 τοῦ
3579 1128 3799 1198 Χριστοῦ

2236 1208 2332 1263 δύο
2361 1211 2582 1280 φύσεων
2638 1212 3045 1282 ἀπαρνήσεται.
3092 1213 3333 1283 Ἑλέγεει
3397 1216 3458 1270 δὲ
3503 1217 3799 1271 κάῒόΝύσ-

2239 1318 2338 1372 σης
2359 1303 2462 1371 τὴν
2497 1301 2910 1374 παρεξήγησιν,
2934 1304 2992 1356 ὲν
3027 1299 3108 1368 οἷς
3131 1305 3193 1358 τὸ
3213 1305 3448 1378 Πνεῦμα
3487 1309 3550 1361 ὲκ
3574 1307 3666 1362 τοῦ
3684 1309 3798 1364 Υἱοῦ

2238 1386 2388 1446 εἶναι
2468 1392 2648 1461 λέγων
2732 1395 3330 1464 προσμαρτυρεϊσθαι,
3409 1399 3799 1462 κατασκευάζει

2231 1485 2366 1537 αὐτὸ
2420 1485 2531 1539 ἀπὸ
2586 1483 2681 1538 τοῦ
2754 1486 2846 1540 τὸν
2909 1486 3232 1542 ’Δπόστολον
3311 1490 3626 1562 εἰρηκέναι,
3675 1507 3695 1542 ι
3735 1490 3793 1544 Εἰ

2229 1594 2317 1640 τις
2375 1576 2606 1648 Πνεῦμα
2660 1577 2900 1648 Χριστοῦ
2957 1579 3059 1633 οὐκ
3113 1579 3252 1652 ἔχει,
3302 1574 3463 1646 οὗτος
3514 1581 3614 1636 οὐκ
3655 1581 3788 1636 ἐστιν

2229 1685 2421 1736 αυτουν.
2481 1687 2501 1722 ι

2304 1763 2382 1825 ς·’.
2412 1761 2523 1815 Καὶ
2553 1761 2717 1816 πάλιν
2764 1755 2922 1826 οὗτος
2959 1775 3058 1831 μεν
3112 1762 3344 1834 Πνεῦμα
3394 1765 3523 1819 flori
3571 1765 3712 1835 λέγει
3747 1770 3799 1819 τὸ

546 1861 682 1914 tum,
740 1848 886 1916 quod
941 1830 1188 1915 ejusdem
1248 1861 1375 1900 cum
1425 1844 1566 1900 Filio
1604 1847 1861 1902 essentia!
1910 1857 2040 1900 est:
2073 1856 2118 1902 et

2236 1853 2488 1925 Πνεῦμα,
2512 1854 2596 1907 ὅτι
2617 1854 2908 1924 όμοούσιον
3099 1856 3196 1909 καὶ
3229 1825 3314 1909 ὅτι
3337 1857 3429 1910 ἐπ’
3449 1856 3610 1911 αὐτὸν
3639 1825 3797 1926 μένει,

545 1941 685 2011 quod
729 1954 894 2008 super
939 1939 1121 2007 ipsum
1167 1946 1373 2002 manet,
1408 1946 1462 1991 et
1491 1938 1545 1990 in
1575 1937 1714 2006 ipso.
1757 1939 1828 1991 At
1856 1936 2018 1992 rebus
2042 1937 2129 1991 di-

544 2034 697 2086 vinis
733 2029 1140 2100 pertractandis
1169 2045 1401 2099 magnus
1454 2028 1714 2093 Basilius,
1768 2045 1916 2084 nunc
1970 2029 2125 2095 dicit,

547 2145 566 2176 ε
607 2123 872 2195 Spiritum
906 2122 1027 2176 Filii
1063 2121 1144 2192 (2)
1176 2137 1300 2177 esse
1337 2121 1626 2192 Spiritum,
1648 2120 1794 2191 quod
1813 2136 1907 2188 per
1931 2121 2127 2176 Filium

542 2228 631 2272 cst
655 2232 721 2271 ex
749 2217 912 2270 Patre
939 2232 957 2282 ;
995 2234 1012 2267 ι
1053 2229 1202 2268 nunc
1235 2205 1598 2268 uullumiesse
1626 2214 1924 2268 disrrimen
1952 2215 2006 2269 in
2040 2231 2126 2270 re-

543 2311 648 2363 hus
688 2307 1007 2377 theologicis
1030 2307 1171 2360 inter
1192 2306 1608 2375 praepositiones
1630 2320 1716 2370 ex,
1745 2315 1798 2360 et
1809 2321 1922 2375 per,
1948 2317 2002 2362 et
2035 2321 2128 2377 pa-

540 2411 714 2457 tenter
749 2399 1046 2454 admodum
1075 2399 1257 2452 docet.

610 2491 664 2546 7.
707 2491 910 2545 lterum
942 2489 1194 2552 Photius,
1227 2487 1376 2542 aliud
1409 2495 1602 2542 notare
1631 2487 1766 2542 dicit
1798 2486 2010 2543 dictum
2038 2489 2126 2544 af-

539 2584 785 2646 lirmans,
831 2599 850 2633 t
900 2580 1166 2650 Spiritum
1203 2579 1300 2650 Dei
1320 2579 1404 2634 vel
1423 2579 1626 2645 Patris,
1661 2597 1680 2631 ι
1712 2580 1850 2644 sive,
1887 2597 1906 2631 ι
1947 2579 2126 2650 Spiri-

537 2688 651 2730 tum
687 2672 812 2728 Filii
861 2673 1157 2742 Spiritum,
1186 2689 1206 2724 ι
1239 2679 1292 2725 et
1323 2672 1466 2724 aliud
1493 2686 1768 2738 asserens,
1805 2691 1824 2723 ι
1856 2671 2128 2746 Spiritum

534 2783 601 2819 ex
627 2762 788 2819 Patre
816 2765 1134 2834 procedere.
1181 2779 1200 2812 ι
1227 2761 1297 2816 Αι
1337 2777 1570 2831 magnus
1602 2760 1876 2816 Basilius:
1919 2781 1938 2814 t
1983 2762 2122 2834 Erga

535 2859 776 2919 Patrem,
801 2877 819 2907 ι
860 2854 1054 2925 ait(3),
1085 2853 1473 2925 prOprietatem
1512 2854 1775 2923 intelligo,
1797 2855 2019 2924 quando
2056 2872 2123 2910 ex

512 2951 704 3006 'l’atre
759 2951 1028 3018 procedit,
1077 2963 1203 3016 erga
1233 2956 1416 3000 autem
1459 2945 1680 3011 Filium,
1736 2951 1963 3018 quando
2019 2962 2125 3002 au-

535 3044 626 3096 dio
659 3059 674 3095 :
707 3041 969 3111 Quisquis
1010 3038 1273 3109 Spiritum
1323 3039 1528 3093 Christi
1570 3056 1678 3093 non
1721 3040 1906 3108 habet,
1941 3041 2030 3095 hic
2056 3041 2122 3094 il-

533 3135 643 3188 lius
695 3142 940 3188 nonest.
985 3148 1004 3182 ι
1070 3131 1126 3184 Si
1177 3131 1362 3200 itaque
1420 3131 1678 3200 proprius
1737 3143 1821 3187 est
1875 3131 2120 3202 Spiritus

531 3225 700 3287 Patri,
737 3237 863 3292 quia
899 3236 965 3275 ex
998 3217 1161 3274 Patre
1198 3219 1489 3288 procedit:
1527 3232 1584 3274 et
1614 3222 1871 3290 proprius
1905 3231 1989 3276 cst
2024 3222 2117 3276 Fi-

534 3317 803 3386 l.o,_quia
838 3323 924 3369 cst
958 3312 1200 3382 Spiritus
1228 3310 1458 3377 Christi,
1489 3312 1712 3366 ubinam
1741 3323 1826 3368 est
1872 3313 2062 3368 edicta:
2085 3331 2116 3369 a

534 3409 731 3460 Photio
777 3405 1079 3459 dictionum
1127 3401 1446 3456 dilIerentiae
1485 3403 1610 3457 vis?
1639 3406 1773 3458 Cum
1825 3419 1954 3460 vero
1991 3423 2115 3459 rur-

533 3514 630 3552 sus
681 3497 822 3551 idettt
860 3511 1096 3566 magnus
1130 3495 1413 3550 Basilius:
1455 3512 1472 3546 t
1520 3494 1706 3564 Neque
1733 3495 1883 3549 enim
1933 3499 2116 3551 minus

485 3585 493 3598 “
534 3588 842 3658 quidpiam,
880 3606 898 3638 ι
929 3587 1077 3641 dicat
1107 3588 1208 3655 (4),
1257 3603 1275 3636 ι
1307 3586 1546 3646 habituri
1589 3600 1778 3639 sumus
1817 3585 1884 3639 ad
1913 3601 2118 3655 Cogno-

529 3683 792 3738 sceudum
828 3679 1094 3749 Spiritum
1127 3694 1252 3734 esse
1281 3692 1346 3733 ex
1368 3679 1502 3745 Deo,
1537 3693 1659 3732 cum
1691 3679 2112 3732 audimusillum

529 3776 781 3845 spiritum
817 3788 942 3828 esse
995 3773 1110 3827 oris
1156 3771 1325 3826 illius.
1364 3789 1383 3824 ι
1425 3770 1530 3825 Sed
1581 3785 1777 3823 nomen
1831 3772 1934 3829 hoc
1976 3775 2111 3826 satis

529 3880 802 3936 superque
823 3864 1006 3930 fuerit,
1049 3862 1195 3918 illius
1223 3877 1288 3916 ex
1312 3860 1424 3917 Deo
1451 3863 1824 3917 exsistentiam
1846 3863 2108 3920 indicare.

525 3955 664 4024 Quis
721 3958 880 4012 iidem
907 3957 1195 4011 adhibebit
1221 3954 1564 4019 Photio,nisi
1589 3959 1876 4008 cerebrum
1917 3956 1970 4008 in
1997 3957 2109 4010 cai-

525 4047 715 4101 caueis
773 4051 934 4111 lerat,
971 4046 1174 4100 dicenti
1209 4046 1413 4101 :Aliud
1454 4055 1538 4099 est
1588 4044 1878 4102 manifesto
1918 4062 2111 4116 proce-

455 4173 466 4180 -
525 4141 655 4194 dere
682 4155 747 4192 ex
789 4138 951 4192 Patre
984 4139 1272 4206 Spiritum,
1324 4147 1381 4192 et
1414 4137 1561 4191 aliud
1594 4137 1772 4206 innui,
1803 4155 1926 4195 cum
1960 4141 2108 4210 quis-

528 4231 674 4301 piam
707 4231 909 4284 dixerit
944 4245 958 4284 :
994 4229 1255 4299 Spiritum
1282 4271 1297 4297 ,
1338 4233 1433 4302 qui
1465 4248 1532 4286 ex
1566 4233 1676 4288 Deo
1714 4242 1795 4289 est
1825 4250 1839 4289 :
1876 4253 1894 4288 t
1931 4235 2109 4304 Spiri-

527 4333 642 4377 tum
673 4323 793 4388 Dei,
828 4323 906 4377 ait
947 4338 1181 4394 magnus
1205 4321 1462 4390 Basilius,
1503 4343 1523 4377 ι
1561 4325 1870 4393 audientes,
1905 4341 1972 4382 ex
1997 4330 2106 4381 Deo

522 4430 649 4472 esse
681 4414 947 4486 Spiritutn
985 4415 1373 4484 cognoscimus
1406 4434 1422 4472 :
1459 4435 1480 4469 ι
1506 4418 1746 4488 indeque
1776 4418 2102 4482 diotiouem,

2231 1950 2328 2002 καὶ
2348 1953 2405 2001 ὲν
2431 1949 2602 2018 αὐτῷ.
2661 1951 2723 2004 '0
2763 1951 2822 2005 δὲ
2886 1952 3055 2016 πολὺς
3088 1953 3158 2006 τὰ
3215 1952 3341 2007 θεῖα
3393 1953 3674 2018 Βασίλειος
3716 1953 3798 2007 νῦν

2233 2042 2334 2112 μὲν
2370 2043 2521 2110 λέγει
2551 2061 2569 2095 ι
2602 2044 2832 2114 Πνεῦμα
2866 2045 3002 2099 Υῑοῦ
3057 2042 3199 2100 εἶναι
3232 2048 3293 2100 τὸ
3335 2046 3584 2118 Πνεῦμα,
3625 2046 3798 2101 ὅτιδιᾶ

2229 2134 2325 2190 τοῦ
2356 2135 2488 2190 Υἱοῦ
2523 2138 2674 2190 ἐστιν
2699 2139 2765 2191 ὲκ
2805 2138 3044 2208 Πατρός·
3082 2157 3102 2192 ι
3132 2138 3230 2194 νῦν
3250 2139 3306 2193 δὲ
3339 2140 3514 2212 μηδέν
3547 2156 3601 2193 τι
3630 2137 3796 2206 διαφέ·

2231 2243 2351 2297 ρειν
2390 2229 2490 2300 τῆς
2521 2228 2807 2298 θεολογίας
2833 2229 2932 2303 τὴν
2961 2231 3053 2297 ἐκ,
3081 2231 3178 2287 καὶ
3197 2230 3319 2298 διὰ,
3354 2232 3536 2305 πάντη
3568 2232 3793 2288 διδάσκει

2229 2336 2444 2388 σαφως.

2295 2507 2362 2573 ζ’.
2393 2507 2568 2563 Πάλιν
2615 2508 2825 2573 Φὼτιος
2875 2509 2974 2581 μὲν
3021 2509 3152 2566 ἄλλο
3209 2510 3506 2582 σημαίνειν
3535 2508 3676 2582 λέγει
3715 2525 3797 2580 την

2232 2619 2252 2654 ι
2309 2602 2542 2672 Πνεῦμα
2589 2601 2751 2668 Θεοῦ,
2782 2602 2816 2672 ἢ
2847 2603 3083 2675 Πατρὺς,
3117 2621 3137 2656 ι
3203 2603 3237 2675 ἢ
3268 2622 3289 2657 ι
3322 2604 3461 2659 Υίοῦ
3501 2623 3522 2658 ο
3555 2604 3797 2674 λέγουσαν

2233 2713 2252 2747 ι
2295 2695 2357 2749 τὸ
2401 2693 2633 2764 Πνεῦμα
2676 2714 2696 2748 ι
2729 2696 2936 2767 φωνὴν,
2964 2696 3062 2750 καὶ
3085 2695 3277 2769 ἕτερον
3313 2700 3447 2768 τὴν,
3477 2717 3498 2752 ι
3525 2695 3796 2769 ὲκπορεύε·

2227 2783 2352 2838 σθαι
2415 2785 2510 2839 τοῦ
2561 2786 2781 2857 Πατρὺς
2827 2785 2964 2839 αὐτὸ
3015 2803 3034 2838 ι
3071 2785 3374 2856 λέγουσαν,
3422 2787 3482 2841 '0
3530 2786 3589 2840 δὲ
3641 2784 3796 2853 μέγας

2224 2876 2528 2940 Βασίλειος,
2557 2877 2656 2946 τὴν
2715 2879 2814 2947 μὲν
2884 2895 2904 2928 ι
2945 2877 3087 2948 Πρὸς
3119 2878 3344 2948 Πατέρα
3379 2879 3507 2944 νοῶ,
3547 2895 3568 2932 ι
3626 2877 3794 2946 φησιν,

2233 2989 2251 3020 ι
2283 2969 2615 3037 οἰκειότητα,
2675 2967 2869 3032 ἐπειδὴ
2924 2969 3077 3039 παρὰ
3131 2968 3227 3023 τοῦ
3261 2969 3491 3040 Πατρὸς
3517 2967 3796 3040 έκπορεύε·

2223 3077 2336 3125 ται,
2368 3063 2472 3130 τὴν
2531 3061 2673 3130 πρὸς
2701 3060 2830 3114 Υιδν
2858 3062 2938 3127 δὲ,
2976 3063 3188 3134 ἐπειδὴ,
3222 3063 3277 3116 ετ
3303 3080 3399 3128 τις
3429 3063 3649 3133 Πνεῦμα
3674 3061 3796 3130 Χρι-

2226 3152 2354 3205 στοῦ
2385 3153 2486 3205 οὐκ
2541 3153 2678 3223 ἔχει,
2740 3146 2897 3219 οὗτος
2927 3153 3030 3207 οὐκ
3085 3153 3236 3207 εστιν
3283 3153 3492 3209 αὑτοῦ.
3535 3175 3554 3207 ι
3587 3153 3647 3207 Εἰ
3677 3148 3796 3219 γοῦν

2219 3245 2418 3298 οἰκεῖον
2482 3244 2582 3314 μὲν
2660 3245 2837 3316 Πατρὶ
2905 3245 2969 3297 τὸ
3031 3245 3283 3316 Πνεῦμα,
3367 3247 3454 3302 δτι
3509 3248 3572 3299 ὲκ
3606 3240 3796 3311 Πατρδς

2219 3335 2603 3406 ἐκπορεύεται,
2662 3339 2861 3390 οἰκεῖον
2920 3336 2980 3390 δὲ
3067 3337 3212 3410 Υιῷ,
3259 3337 3350 3392 ὅτι
3428 3339 3546 3394 ἐστὶ
3601 3332 3796 3402 πνεῦμα

2228 3426 2500 3496 Χριστοῦ,
2540 3427 2644 3480 ποῦ
2715 3427 2902 3481 λοιπὸν
2937 3428 3098 3500 ήτῆς
3157 3429 3554 3502 πλαττομένης
3611 3424 3797 3480 Φωτίου

2217 3518 2488 3589 διαφορᾶς
2514 3521 2622 3573 τῶν
2652 3521 2849 3588 φωνῶν
2905 3521 3171 3592 δύναμιςς
3209 3520 3336 3577 Ὀτι
3383 3524 3441 3577 δὲ
3485 3519 3797 3577 πάλινόαὸ·

2215 3611 2306 3672 τὸς
2336 3608 2508 3679 μέγας
2540 3611 2843 3676 Βασίλειος,
2876 3632 2895 3666 ι
2925 3613 3072 3666 Οὐδὲ
3099 3614 3208 3683 γὰρ
3237 3614 3476 3670 ἔλαττόν
3503 3633 3576 3680 τι,
3605 3633 3625 3666 ι
3657 3609 3796 3680 φησὶ.

2223 3719 2242 3751 t
2284 3701 2554 3770 μέλλομεν
2585 3702 2730 3765 ἕξειν
2767 3705 2845 3766 εἰς
2869 3705 2931 3756 τὸ
2961 3703 3262 3771 γινώσκειν
3293 3703 3363 3758 τὸ
3391 3703 3610 3774 Πνεῦμα
3633 3699 3792 3769 ύπάρυ

2214 3807 2333 3859 χειν
2368 3792 2432 3843 ἐκ
2457 3790 2616 3854 ωεοῦ,
2657 3790 3009 3860 πνεῦμα“τοῦ
3042 3792 3317 3862 στόματος
3373 3791 3544 3849 αὐτοῦ
3581 3788 3791 3846 ἀκούον-

2212 3899 2305 3945 τες
2362 3884 2516 3946 αὐτὸ,
2561 3902 2579 3934 ο
2619 3884 2736 3935 ἀλλ’
2783 3883 2968 3937 ἱκανὸν
3030 3884 3126 3936 καὶ
3187 3883 3350 3938 τοῦτο
3409 3885 3473 3938 τὸ
3503 3883 3672 3951 ὄνομα
3701 3879 3791 3963 τῂν

2213 3972 2446 4042 ὓπαρξιν
2483 3973 2650 4026 αὐτοῦ
2680 3972 2916 4042 ἰηλῶςαι
2961 3974 3060 4042 τὴν
3100 3975 3165 4024 ὲκ
3191 3973 3356 4026 Θεοῦ·
3383 3973 3470 4037 τίς
3506 3973 3578 4026 ἂν
3619 3966 3792 4032 Φωτίῳ

2211 4064 2582 4129 πιστεύσειεν,
2615 4067 2664 4116 εἰ
2696 4066 2770 4133 μὴ
2803 4063 2956 4134 παρὰ
2977 4067 3098 4127 ταῖς
3145 4066 3412 4134 πτέρναις
3436 4065 3528 4118 τὸν
3566 4063 3791 4130 ὲγκέφαυ

2213 4161 2302 4209 λον
2358 4158 2539 4226 φέρει,
2589 4156 2830 4225 λέγοντι,
2869 4178 2888 4207 ι
2933 4156 3167 4227 Ἕτερόν
3217 4159 3340 4210 ἐστι
3397 4153 3712 4229 περιφανῶς
3736 4151 3792 4203 τὸ

2208 4247 2611 4316 ἐκπορεύεσθαι
2669 4249 2735 4301 ὲκ
2796 4247 3015 4318 Πατρὸς
3074 4249 3136 4299 τὸ
3192 4247 3468 4317 Πνεῦμα,
3527 4249 3621 4301 καὶ
3673 4241 3791 4298 ἄλλο

2207 4337 2486 4407 δηλοῦται,
2514 4338 2644 4391 ὅταν
2671 4353 2754 4400 τις
2777 4336 2914 4407 λέγῃ
2969 4333 3030 4388 τὸ
3076 4335 3304 4404 Πνεῦμα
3330 4336 3395 4388 τὸ
3430 4339 3496 4389 ὲκ
3518 4331 3614 4388 τοῦ
3642 4329 3790 4391 Θεοῦ.

2215 4445 2234 4479 ι
2277 4427 2506 4498 Πνεῦμα
2561 4427 2722 4493 Θεοῦ,
2794 4445 2813 4478 ι
2875 4427 3064 4497 φησιν,
3131 4444 3150 4478 ι
3213 4426 3594 4492 ἁκούοντες,ό
3629 4423 3792 4493 μέγας

529 4527 550 4560 ο
586 4523 651 4562 ex
672 4507 801 4572 Deo,
844 4525 862 4559 ι
887 4522 950 4560 ex
983 4507 1094 4561 Deo
1120 4505 1500 4562 exsistentiam
1521 4509 1759 4578 Spiritus
1791 4511 2103 4580 signiﬁcare

2226 4520 2512 4586 δασίλειος,
2541 4537 2560 4570 ι
2599 4520 2665 4572 εκ
2690 4519 2827 4572 Θεοῦ
2861 4519 3136 4588 ὑπάρχειν
3167 4515 3230 4570 τὸ
3275 4516 3508 4589 Πνεῦμα
3537 4513 3792 4586 γινώσκοο

519 4599 860 4661 constabilit,
897 4597 1047 4666 quod
1078 4607 1136 4651 et
1175 4598 1345 4652 dictio
1379 4615 1653 4667 asserens,
1696 4601 1851 4655 illum
1881 4617 1949 4656 ex
1986 4602 2098 4658 Deo

521 4691 815 4758 procedere
843 4698 1016 4752 notat,
1060 4697 1120 4742 ut
1141 4699 1226 4744 est
1253 4690 1396 4759 apud
1431 4705 1627 4746 omnes
1648 4691 2038 4750 indubitatum.

2209 4628 2333 4682 μεν,
2370 4629 2390 4663 ι
2422 4610 2721 4664 κάντεῦθεν
2752 4609 2853 4681 τὴν
2903 4611 2968 4663 ικ
3021 4609 3160 4664 Θεοῦ
3214 4611 3403 4681 φωνὴν
3459 4602 3792 4679 σημαντικὴ»

2213 4702 2314 4772 τῆς
2345 4705 2411 4756 ὲκ
2442 4701 2580 4756 Θεοῦ
2636 4700 2931 4773 ὑπάρξεως
2964 4701 3060 4755 τοῦ
3115 4701 3440 4772 Πνεύματος
3475 4699 3620 4757 εἶναι
3655 4694 3792 4752 συν(⁶

519 4801 736 4856 στησιν,
791 4786 926 4856 ὅπερ
951 4785 1102 4858 καὶὴ
1143 4805 1163 4838 ι
1203 4787 1268 4839 εκ
1309 4784 1492 4840 Θεοῦ»
1533 4788 1670 4840 αὐτὸ
1732 4788 1970 4857 λέγουσα
2035 4792 2475 4868 ἐκπορεύεσθαι,
2533 4797 2760 4852 κατὰτὸ
2813 4798 2965 4869 παρὰ
2997 4799 3163 4853 πᾶσιν
3207 4797 3621 4870 ἀναμφίλεκτον
3647 4794 3768 4860 λέγε

513 4894 626 4932 ται.

585 4971 640 5025 8.
679 4969 741 5025 Et
775 4968 1005 5025 Photius
1052 4971 1208 5038 dicit,
1241 4990 1260 5023 ι
1301 4971 1462 5025 Aliud
1514 4981 1700 5041 aperte
1740 4986 1883 5038 esse,
1921 4973 2100 5043 Spiri—

515 5075 633 5118 tum
670 5078 736 5117 ex
765 5063 928 5118 Patre
965 5065 1285 5132 procedere,
1319 5072 1374 5116 et
1406 5063 1552 5116 aliud
1587 5063 1792 5118 dictum
1826 5065 2097 5132 indicans,

514 5159 668 5210 illum
728 5173 795 5210 ex
849 5155 1013 5211 Patre
1050 5173 1198 5214 csse.
1238 5174 1259 5209 ι
1293 5155 1491 5209 Annon
1525 5155 1730 5210 similia
1755 5171 2106 5225 asseverans,

585 5315 628 5346 ⁸⁸
657 5316 814 5369 ltout.
849 5327 966 5380 rm,
1000 5315 1063 5369 9.·

583 5502 658 5572 (l)
702 5499 935 5572 Homilia
972 5499 1025 5572 ip
1055 5498 1212 5572 Pater
1245 5505 1437 5572 noster.

696 5571 940 5642 Spiritus
987 5568 1130 5633 Filii,
1192 5570 1338 5642 quod
1399 5584 1493 5636 per
1543 5567 1763 5634 Filium,
1795 5572 1995 5642 inuno
2021 5587 2088 5626 ex

511 5639 800 5709 capitibus.
855 5639 1013 5709 Cujus
1067 5641 1388 5707 inscriptio:
1423 5642 1599 5702 Quare
1644 5657 1744 5694 non
1777 5653 1823 5694 et
1854 5641 2088 5710 Spiritus

511 5711 684 5766 Filius
711 5710 871 5764 Filii?
922 5712 1169 5764 eumdem
1219 5721 1397 5783 autem
1453 5713 1557 5763 vim
1594 5717 1791 5767 habere
1827 5718 2089 5783 praeposi-

514 5798 688 5838 tumes
720 5799 768 5834 tn
801 5785 989 5851 quinto
1016 5783 1082 5834 nil
1113 5782 1550 5851 Amphilochium
1590 5796 1765 5851 rapite
1786 5797 1850 5837 ut-
1887 5782 2089 5853 Spiritu

2275 4976 2353 5047 η’.
2374 4976 2486 5032 Καὶ
2513 4976 2720 5041 Φώτιος
2748 4977 2922 5046 λεγει,
2946 4996 2967 5030 ι
2994 4976 3224 5048 Ἐτερόν
3249 4977 3368 5031 εστι
3391 4974 3712 5047 περιφανῶς
3735 4967 3793 5027 τὸ

2212 5066 2614 5140 ἐκπορεύεσθαι
2639 5070 2705 5122 ὲκ
2729 5068 2947 5140 Πατρδς
2971 5069 3034 5121 τὸ
3065 5066 3322 5137 Πνεῦμα,
3349 5069 3452 5122 καὶ
3504 5067 3637 5121 ἄλλο
3667 5067 3702 5135 η
3731 5067 3791 5117 ὲκ

2218 5157 2358 5212 Θεοῦ
2402 5159 2642 5229 λέγουσα
2681 5159 2745 5214 τὸ
2789 5159 3037 5232 Πνεῦμα,
3081 5177 3100 5212 ι
3139 5159 3398 5230 σημαίνει
3443 5160 3624 5231 φωνή.
3673 5156 3793 5218 Πῶς

2195 5508 2407 5555 εδηοιο.

2270 5570 2344 5640 (5)
2387 5569 2502 5624 lloc
2548 5569 2930 5640 inquirendum
2974 5583 3057 5627 est
3103 5573 3156 5627 in
3205 5572 3560 5629 orationibus
3605 5581 3790 5627 contra

2200 5640 2556 5704 Eunomium,
2595 5654 2645 5694 ct
2677 5647 2889 5697 Arium.

2203 5713 2350 5837 “(4)
2390 5713 2500 5766 lloc
2551 5715 2784 5769 habetur
2835 5719 2888 5768 itt
2956 5728 3151 5786 quarto
3205 5728 3398 5772 contra
3463 5715 3790 5772 Eunomium

2224 5800 2360 5838 l)l'U.
2521 5825 2527 5832 .
