  <div class='ocr_page' id='page_1' title='image "/cluster/home/n/w/nwhite01/storage/ocr_20150623/141/coo.31924054870468/170.png"; bbox 0 0 4054 6428; ppageno 0'>
   <div class='ocr_carea' id='block_1_1' title="bbox 367 373 479 442">
    <p class='ocr_par' dir='ltr' id='par_1_1' title="bbox 367 373 479 442">
     <span class='ocr_line' id='line_1_1' title="bbox 367 373 479 442; baseline 0 -1"><span class='ocrx_word' id='word_1_1' title='bbox 367 373 479 442; x_wconf 75' lang='lat'><strong>333</strong></span> 
     </span>
    </p>
   </div>
   <div class='ocr_carea' id='block_1_2' title="bbox 1227 363 2872 439">
    <p class='ocr_par' dir='ltr' id='par_1_2' title="bbox 1227 363 2872 439">
     <span class='ocr_line' id='line_1_2' title="bbox 1227 363 2872 439; baseline -0.001 -2"><span class='ocrx_word' id='word_1_2' title='bbox 1227 378 1329 438; x_wconf 86' lang='lat' dir='ltr'><strong>AD</strong></span> <span class='ocrx_word' id='word_1_3' title='bbox 1367 363 1852 439; x_wconf 74' lang='lat' dir='ltr'><strong>TIIEODORUM</strong></span> <span class='ocrx_word' id='word_1_4' title='bbox 1895 365 2239 435; x_wconf 43' lang='lat' dir='ltr'><strong>sucu/Ea</strong></span> <span class='ocrx_word' id='word_1_5' title='bbox 2281 367 2518 435; x_wconf 88' lang='lat' dir='ltr'><strong>EPISC.</strong></span> <span class='ocrx_word' id='word_1_6' title='bbox 2562 373 2714 436; x_wconf 85' lang='lat' dir='ltr'><strong>LIB.</strong></span> <span class='ocrx_word' id='word_1_7' title='bbox 2756 375 2872 436; x_wconf 82' lang='lat' dir='ltr'><strong>III.</strong></span> 
     </span>
    </p>
   </div>
   <div class='ocr_carea' id='block_1_3' title="bbox 3535 366 3638 430">
    <p class='ocr_par' dir='ltr' id='par_1_3' title="bbox 3535 366 3638 430">
     <span class='ocr_line' id='line_1_3' title="bbox 3535 366 3638 430; baseline -0.01 0"><span class='ocrx_word' id='word_1_8' title='bbox 3535 366 3638 430; x_wconf 65' lang='grc'><strong>334</strong></span> 
     </span>
    </p>
   </div>
   <div class='ocr_carea' id='block_1_4' title="bbox 331 477 1980 558">
    <p class='ocr_par' dir='ltr' id='par_1_4' title="bbox 331 477 1956 558">
     <span class='ocr_line' id='line_1_4' title="bbox 331 477 1956 558; baseline -0.002 -16"><span class='ocrx_word' id='word_1_9' title='bbox 331 477 340 484; x_wconf 46' lang='grc'><em>’</em></span> <span class='ocrx_word' id='word_1_10' title='bbox 367 488 542 542; x_wconf 80' lang='grc' dir='ltr'>ταῦτα</span> <span class='ocrx_word' id='word_1_11' title='bbox 572 487 750 554; x_wconf 85' lang='grc' dir='ltr'>λέγων</span> <span class='ocrx_word' id='word_1_12' title='bbox 781 487 844 539; x_wconf 80' lang='grc' dir='ltr'><strong>ού</strong></span> <span class='ocrx_word' id='word_1_13' title='bbox 873 481 1153 558; x_wconf 64' lang='grc' dir='ltr'>προδήλως</span> <span class='ocrx_word' id='word_1_14' title='bbox 1182 487 1332 552; x_wconf 86' lang='grc' dir='ltr'><strong>αύτῷ</strong></span> <span class='ocrx_word' id='word_1_15' title='bbox 1357 489 1434 558; x_wconf 83' lang='grc' dir='ltr'>τῷ</span> <span class='ocrx_word' id='word_1_16' title='bbox 1469 489 1558 542; x_wconf 80' lang='grc' dir='ltr'><strong>διὰ</strong></span> <span class='ocrx_word' id='word_1_17' title='bbox 1593 489 1688 541; x_wconf 83' lang='grc' dir='ltr'><strong>τοῦ</strong></span> <span class='ocrx_word' id='word_1_18' title='bbox 1715 487 1956 557; x_wconf 79' lang='grc' dir='ltr'><strong>μεγάλου</strong></span> 
     </span>
    </p>
   </div>
   <div class='ocr_carea' id='block_1_5' title="bbox 2063 477 3675 558">
    <p class='ocr_par' dir='ltr' id='par_1_5' title="bbox 2063 481 3675 554">
     <span class='ocr_line' id='line_1_5' title="bbox 2063 481 3675 554; baseline -0.002 -20"><span class='ocrx_word' id='word_1_19' title='bbox 2063 485 2240 553; x_wconf 73' lang='lat' dir='ltr'><strong>palam</strong></span> <span class='ocrx_word' id='word_1_20' title='bbox 2285 485 2378 538; x_wconf 86' lang='lat' dir='ltr'><strong>Dei</strong></span> <span class='ocrx_word' id='word_1_21' title='bbox 2427 486 2666 552; x_wconf 84' lang='lat' dir='ltr'><strong>spiritui.</strong></span> <span class='ocrx_word' id='word_1_22' title='bbox 2709 485 2802 554; x_wconf 86' lang='lat' dir='ltr'><strong>qui</strong></span> <span class='ocrx_word' id='word_1_23' title='bbox 2840 499 2936 554; x_wconf 90' lang='lat' dir='ltr'><strong>per</strong></span> <span class='ocrx_word' id='word_1_24' title='bbox 2975 497 3230 552; x_wconf 77' lang='lat' dir='ltr'><strong>magnum</strong></span> <span class='ocrx_word' id='word_1_25' title='bbox 3267 481 3523 536; x_wconf 82' lang='lat' dir='ltr'><strong>Basilium</strong></span> <span class='ocrx_word' id='word_1_26' title='bbox 3556 483 3638 532; x_wconf 77' lang='lat' dir='ltr'><strong>In-</strong></span> <span class='ocrx_word' id='word_1_27' title='bbox 3672 507 3675 509; x_wconf 62' lang='grc'><strong>»</strong></span> 
     </span>
    </p>
   </div>
   <div class='ocr_carea' id='block_1_6' title="bbox 370 580 1956 651">
    <p class='ocr_par' dir='ltr' id='par_1_6' title="bbox 370 580 1956 651">
     <span class='ocr_line' id='line_1_6' title="bbox 370 580 1956 651; baseline -0.001 -17"><span class='ocrx_word' id='word_1_28' title='bbox 370 581 653 634; x_wconf 85' lang='grc' dir='ltr'>Βασιλειου</span> <span class='ocrx_word' id='word_1_29' title='bbox 709 580 960 634; x_wconf 77' lang='grc' dir='ltr'><strong>λαλοῦντι</strong></span> <span class='ocrx_word' id='word_1_30' title='bbox 1015 581 1291 651; x_wconf 84' lang='grc' dir='ltr'>πνεύματι</span> <span class='ocrx_word' id='word_1_31' title='bbox 1325 583 1420 634; x_wconf 85' lang='grc' dir='ltr'><strong>τοῦ</strong></span> <span class='ocrx_word' id='word_1_32' title='bbox 1454 581 1592 635; x_wconf 86' lang='grc' dir='ltr'><strong>Θεοῦ</strong></span> <span class='ocrx_word' id='word_1_33' title='bbox 1640 581 1956 649; x_wconf 83' lang='grc' dir='ltr'>ἀντιλέγει;</span> 
     </span>
    </p>
   </div>
   <div class='ocr_carea' id='block_1_7' title="bbox 370 672 1960 744">
    <p class='ocr_par' dir='ltr' id='par_1_7' title="bbox 370 672 1960 744">
     <span class='ocr_line' id='line_1_7' title="bbox 370 672 1960 744; baseline -0.004 -15"><span class='ocrx_word' id='word_1_34' title='bbox 370 675 570 739; x_wconf 83' lang='grc' dir='ltr'>Πάλιν,</span> <span class='ocrx_word' id='word_1_35' title='bbox 602 675 652 726; x_wconf 83' lang='grc' dir='ltr'><strong>εί</strong></span> <span class='ocrx_word' id='word_1_36' title='bbox 708 673 784 742; x_wconf 78' lang='grc' dir='ltr'>μὴ</span> <span class='ocrx_word' id='word_1_37' title='bbox 815 676 909 726; x_wconf 76' lang='grc' dir='ltr'>καὶ</span> <span class='ocrx_word' id='word_1_38' title='bbox 963 674 1056 726; x_wconf 85' lang='lat' dir='ltr'><strong>16v</strong></span> <span class='ocrx_word' id='word_1_39' title='bbox 1115 673 1291 744; x_wconf 78' lang='grc' dir='ltr'>μέγαν</span> <span class='ocrx_word' id='word_1_40' title='bbox 1325 675 1609 727; x_wconf 75' lang='grc' dir='ltr'><strong>Βασίλειον</strong></span> <span class='ocrx_word' id='word_1_41' title='bbox 1632 675 1814 726; x_wconf 82' lang='grc' dir='ltr'>ὀπίσω</span> <span class='ocrx_word' id='word_1_42' title='bbox 1849 672 1960 724; x_wconf 84' lang='grc' dir='ltr'><strong>τῶν</strong></span> 
     </span>
    </p>
   </div>
   <div class='ocr_carea' id='block_1_8' title="bbox 366 765 1958 838">
    <p class='ocr_par' dir='ltr' id='par_1_8' title="bbox 366 765 1958 838">
     <span class='ocr_line' id='line_1_8' title="bbox 366 765 1958 838; baseline -0.001 -18"><span class='ocrx_word' id='word_1_43' title='bbox 366 767 599 820; x_wconf 78' lang='grc' dir='ltr'><strong>οἰκείων</strong></span> <span class='ocrx_word' id='word_1_44' title='bbox 655 765 971 837; x_wconf 78' lang='grc' dir='ltr'>ἐξηγήσεων</span> <span class='ocrx_word' id='word_1_45' title='bbox 1031 768 1205 821; x_wconf 84' lang='grc' dir='ltr'>θεῖναι</span> <span class='ocrx_word' id='word_1_46' title='bbox 1251 767 1503 838; x_wconf 78' lang='grc' dir='ltr'>βούλεται</span> <span class='ocrx_word' id='word_1_47' title='bbox 1545 766 1770 830; x_wconf 83' lang='grc' dir='ltr'>Φὼτιος,</span> <span class='ocrx_word' id='word_1_48' title='bbox 1819 765 1958 820; x_wconf 85' lang='grc' dir='ltr'>πολύ</span> 
     </span>
    </p>
   </div>
   <div class='ocr_carea' id='block_1_9' title="bbox 366 856 1960 928">
    <p class='ocr_par' dir='ltr' id='par_1_9' title="bbox 366 856 1960 928">
     <span class='ocr_line' id='line_1_9' title="bbox 366 856 1960 928; baseline -0.001 -17"><span class='ocrx_word' id='word_1_49' title='bbox 366 859 528 912; x_wconf 75' lang='grc' dir='ltr'>ἐστιν</span> <span class='ocrx_word' id='word_1_50' title='bbox 611 856 980 928; x_wconf 70' lang='grc' dir='ltr'>ἀληθέστερον</span> <span class='ocrx_word' id='word_1_51' title='bbox 1057 859 1343 928; x_wconf 86' lang='grc' dir='ltr'>όμοούσιον</span> <span class='ocrx_word' id='word_1_52' title='bbox 1425 859 1603 928; x_wconf 69' lang='grc' dir='ltr'>Πατρὶ</span> <span class='ocrx_word' id='word_1_53' title='bbox 1668 858 1853 926; x_wconf 87' lang='grc' dir='ltr'>λέγειν</span> <span class='ocrx_word' id='word_1_54' title='bbox 1899 858 1960 910; x_wconf 81' lang='lat'><strong>16</strong></span> 
     </span>
    </p>
   </div>
   <div class='ocr_carea' id='block_1_10' title="bbox 370 949 1952 1021">
    <p class='ocr_par' dir='ltr' id='par_1_10' title="bbox 370 949 1952 1021">
     <span class='ocr_line' id='line_1_10' title="bbox 370 949 1952 1021; baseline -0.001 -18"><span class='ocrx_word' id='word_1_55' title='bbox 370 951 631 1020; x_wconf 79' lang='grc' dir='ltr'><strong>Πνεῦμα,</strong></span> <span class='ocrx_word' id='word_1_56' title='bbox 669 952 752 1002; x_wconf 84' lang='grc' dir='ltr'>ὅτι</span> <span class='ocrx_word' id='word_1_57' title='bbox 806 951 954 1002; x_wconf 73' lang='grc' dir='ltr'>ἐστὶν</span> <span class='ocrx_word' id='word_1_58' title='bbox 1005 952 1068 1004; x_wconf 80' lang='grc' dir='ltr'>ὲκ</span> <span class='ocrx_word' id='word_1_59' title='bbox 1100 951 1338 1021; x_wconf 74' lang='grc' dir='ltr'>Πατρὸς,</span> <span class='ocrx_word' id='word_1_60' title='bbox 1369 953 1465 1018; x_wconf 72' lang='grc' dir='ltr'>καὶ</span> <span class='ocrx_word' id='word_1_61' title='bbox 1496 949 1782 1018; x_wconf 81' lang='grc' dir='ltr'>όμοούσιον</span> <span class='ocrx_word' id='word_1_62' title='bbox 1815 949 1952 1020; x_wconf 85' lang='grc' dir='ltr'>Υἰῷ,</span> 
     </span>
    </p>
   </div>
   <div class='ocr_carea' id='block_1_11' title="bbox 373 1041 1958 1112">
    <p class='ocr_par' dir='ltr' id='par_1_11' title="bbox 373 1041 1958 1112">
     <span class='ocr_line' id='line_1_11' title="bbox 373 1041 1958 1112; baseline -0.001 -17"><span class='ocrx_word' id='word_1_63' title='bbox 373 1043 463 1095; x_wconf 87' lang='grc' dir='ltr'>ὃτι</span> <span class='ocrx_word' id='word_1_64' title='bbox 488 1042 579 1095; x_wconf 80' lang='grc' dir='ltr'>διὰ</span> <span class='ocrx_word' id='word_1_65' title='bbox 605 1043 702 1094; x_wconf 90' lang='grc' dir='ltr'><strong>τοῦ</strong></span> <span class='ocrx_word' id='word_1_66' title='bbox 733 1041 886 1105; x_wconf 82' lang='grc' dir='ltr'>Υίοῦ,</span> <span class='ocrx_word' id='word_1_67' title='bbox 920 1043 953 1112; x_wconf 81' lang='grc' dir='ltr'>ἢ</span> <span class='ocrx_word' id='word_1_68' title='bbox 981 1042 1206 1112; x_wconf 75' lang='grc' dir='ltr'>Πνεῦμα</span> <span class='ocrx_word' id='word_1_69' title='bbox 1267 1059 1328 1094; x_wconf 90' lang='grc' dir='ltr'><strong>τε</strong></span> <span class='ocrx_word' id='word_1_70' title='bbox 1370 1042 1524 1106; x_wconf 87' lang='grc' dir='ltr'>Υίοῦ,</span> <span class='ocrx_word' id='word_1_71' title='bbox 1587 1044 1683 1094; x_wconf 72' lang='grc' dir='ltr'>καὶ</span> <span class='ocrx_word' id='word_1_72' title='bbox 1703 1043 1792 1095; x_wconf 75' lang='grc' dir='ltr'><strong>διὰ</strong></span> <span class='ocrx_word' id='word_1_73' title='bbox 1865 1041 1958 1095; x_wconf 91' lang='grc' dir='ltr'><strong>τοῦ</strong></span> 
     </span>
    </p>
   </div>
   <div class='ocr_carea' id='block_1_12' title="bbox 367 1133 1959 1204">
    <p class='ocr_par' dir='ltr' id='par_1_12' title="bbox 367 1133 1959 1204">
     <span class='ocr_line' id='line_1_12' title="bbox 367 1133 1959 1204; baseline 0.001 -18"><span class='ocrx_word' id='word_1_74' title='bbox 367 1134 508 1186; x_wconf 85' lang='grc' dir='ltr'><strong>Υἱοῦ</strong></span> <span class='ocrx_word' id='word_1_75' title='bbox 555 1134 739 1201; x_wconf 83' lang='grc' dir='ltr'>λέγειν</span> <span class='ocrx_word' id='word_1_76' title='bbox 769 1135 828 1185; x_wconf 84' lang='lat'><strong>16</strong></span> <span class='ocrx_word' id='word_1_77' title='bbox 856 1133 1107 1202; x_wconf 81' lang='grc' dir='ltr'><strong>Πνεῦμα,</strong></span> <span class='ocrx_word' id='word_1_78' title='bbox 1139 1135 1222 1188; x_wconf 85' lang='grc' dir='ltr'>ὅτι</span> <span class='ocrx_word' id='word_1_79' title='bbox 1262 1135 1552 1202; x_wconf 80' lang='grc' dir='ltr'>ὁμοούσιον</span> <span class='ocrx_word' id='word_1_80' title='bbox 1582 1133 1714 1204; x_wconf 75' lang='grc' dir='ltr'>Υξῲ,</span> <span class='ocrx_word' id='word_1_81' title='bbox 1741 1135 1815 1187; x_wconf 86' lang='grc' dir='ltr'>Ού</span> <span class='ocrx_word' id='word_1_82' title='bbox 1847 1135 1959 1204; x_wconf 83' lang='grc' dir='ltr'>γὰρ</span> 
     </span>
    </p>
   </div>
   <div class='ocr_carea' id='block_1_13' title="bbox 365 1223 1961 1294">
    <p class='ocr_par' dir='ltr' id='par_1_13' title="bbox 365 1223 1961 1294">
     <span class='ocr_line' id='line_1_13' title="bbox 365 1223 1961 1294; baseline 0.001 -17"><span class='ocrx_word' id='word_1_83' title='bbox 365 1226 454 1278; x_wconf 86' lang='grc' dir='ltr'>ὅτι</span> <span class='ocrx_word' id='word_1_84' title='bbox 487 1223 776 1294; x_wconf 81' lang='grc' dir='ltr'>ὁμοούσιον</span> <span class='ocrx_word' id='word_1_85' title='bbox 811 1225 949 1294; x_wconf 81' lang='grc' dir='ltr'>Υίῷ,</span> <span class='ocrx_word' id='word_1_86' title='bbox 979 1225 1067 1278; x_wconf 80' lang='grc' dir='ltr'>διὰ</span> <span class='ocrx_word' id='word_1_87' title='bbox 1101 1226 1266 1279; x_wconf 86' lang='grc' dir='ltr'>τοῦτο</span> <span class='ocrx_word' id='word_1_88' title='bbox 1294 1229 1388 1280; x_wconf 73' lang='grc' dir='ltr'>καὶ</span> <span class='ocrx_word' id='word_1_89' title='bbox 1411 1223 1642 1294; x_wconf 81' lang='grc' dir='ltr'>Πνεῦμα</span> <span class='ocrx_word' id='word_1_90' title='bbox 1688 1225 1842 1285; x_wconf 86' lang='grc' dir='ltr'>Υίοῦ,</span> <span class='ocrx_word' id='word_1_91' title='bbox 1865 1228 1961 1278; x_wconf 78' lang='grc' dir='ltr'>καὶ</span> 
     </span>
    </p>
   </div>
   <div class='ocr_carea' id='block_1_14' title="bbox 364 1312 1960 1386">
    <p class='ocr_par' dir='ltr' id='par_1_14' title="bbox 364 1312 1960 1386">
     <span class='ocr_line' id='line_1_14' title="bbox 364 1312 1960 1386; baseline 0.001 -19"><span class='ocrx_word' id='word_1_92' title='bbox 364 1315 460 1367; x_wconf 76' lang='grc' dir='ltr'>διὰ</span> <span class='ocrx_word' id='word_1_93' title='bbox 478 1316 573 1366; x_wconf 88' lang='grc' dir='ltr'><strong>τοῦ</strong></span> <span class='ocrx_word' id='word_1_94' title='bbox 593 1312 748 1375; x_wconf 85' lang='grc' dir='ltr'>Υἱοῦ,</span> <span class='ocrx_word' id='word_1_95' title='bbox 769 1313 842 1374; x_wconf 76' lang='grc' dir='ltr'><strong>ὡς</strong></span> <span class='ocrx_word' id='word_1_96' title='bbox 859 1315 909 1364; x_wconf 81' lang='lat' dir='ltr'><strong>0i</strong></span> <span class='ocrx_word' id='word_1_97' title='bbox 934 1315 1084 1384; x_wconf 69' lang='grc' dir='ltr'>παρὰ</span> <span class='ocrx_word' id='word_1_98' title='bbox 1097 1315 1301 1367; x_wconf 81' lang='grc' dir='ltr'>Φωτίου</span> <span class='ocrx_word' id='word_1_99' title='bbox 1327 1313 1579 1376; x_wconf 75' lang='grc' dir='ltr'>λαϐόντες</span> <span class='ocrx_word' id='word_1_100' title='bbox 1591 1317 1689 1378; x_wconf 80' lang='grc' dir='ltr'>τὰς</span> <span class='ocrx_word' id='word_1_101' title='bbox 1705 1316 1960 1386; x_wconf 82' lang='grc' dir='ltr'>ἀφορμὰς</span> 
     </span>
    </p>
   </div>
   <div class='ocr_carea' id='block_1_15' title="bbox 361 1406 1958 1477">
    <p class='ocr_par' dir='ltr' id='par_1_15' title="bbox 361 1406 1958 1477">
     <span class='ocr_line' id='line_1_15' title="bbox 361 1406 1958 1477; baseline 0.003 -21"><span class='ocrx_word' id='word_1_102' title='bbox 361 1407 724 1477; x_wconf 78' lang='grc' dir='ltr'>ἐρεσχελοῦσι</span> <span class='ocrx_word' id='word_1_103' title='bbox 772 1406 840 1460; x_wconf 84' lang='grc' dir='ltr'>τὰ</span> <span class='ocrx_word' id='word_1_104' title='bbox 873 1407 991 1470; x_wconf 86' lang='grc' dir='ltr'>νῦν,</span> <span class='ocrx_word' id='word_1_105' title='bbox 1055 1408 1294 1477; x_wconf 80' lang='grc' dir='ltr'>λέγεται.</span> <span class='ocrx_word' id='word_1_106' title='bbox 1368 1409 1509 1462; x_wconf 80' lang='grc' dir='ltr'>Ἀλλ’</span> <span class='ocrx_word' id='word_1_107' title='bbox 1569 1411 1650 1462; x_wconf 83' lang='grc' dir='ltr'>ὃτι</span> <span class='ocrx_word' id='word_1_108' title='bbox 1720 1409 1811 1463; x_wconf 84' lang='grc' dir='ltr'><strong>διὰ</strong></span> <span class='ocrx_word' id='word_1_109' title='bbox 1865 1409 1958 1462; x_wconf 86' lang='grc' dir='ltr'><strong>τοῦ</strong></span> 
     </span>
    </p>
   </div>
   <div class='ocr_carea' id='block_1_16' title="bbox 362 1497 1960 1570">
    <p class='ocr_par' dir='ltr' id='par_1_16' title="bbox 362 1497 1960 1570">
     <span class='ocr_line' id='line_1_16' title="bbox 362 1497 1960 1570; baseline 0.001 -20"><span class='ocrx_word' id='word_1_110' title='bbox 362 1497 506 1550; x_wconf 87' lang='grc' dir='ltr'>Υίοῦ</span> <span class='ocrx_word' id='word_1_111' title='bbox 559 1498 661 1567; x_wconf 82' lang='grc' dir='ltr'>τὴν</span> <span class='ocrx_word' id='word_1_112' title='bbox 698 1499 762 1550; x_wconf 85' lang='grc' dir='ltr'>ὲκ</span> <span class='ocrx_word' id='word_1_113' title='bbox 807 1497 1023 1569; x_wconf 83' lang='grc' dir='ltr'>[Ιατρὸς</span> <span class='ocrx_word' id='word_1_114' title='bbox 1086 1497 1325 1570; x_wconf 80' lang='grc' dir='ltr'>ὕπαρξιν</span> <span class='ocrx_word' id='word_1_115' title='bbox 1374 1499 1512 1570; x_wconf 73' lang='grc' dir='ltr'>ἔχει,</span> <span class='ocrx_word' id='word_1_116' title='bbox 1560 1499 1649 1554; x_wconf 81' lang='grc' dir='ltr'><strong>διὰ</strong></span> <span class='ocrx_word' id='word_1_117' title='bbox 1673 1499 1834 1553; x_wconf 85' lang='grc' dir='ltr'>τοῦτο</span> <span class='ocrx_word' id='word_1_118' title='bbox 1866 1500 1960 1553; x_wconf 71' lang='grc' dir='ltr'>καὶ</span> 
     </span>
    </p>
   </div>
   <div class='ocr_carea' id='block_1_17' title="bbox 365 1589 1387 1664">
    <p class='ocr_par' dir='ltr' id='par_1_17' title="bbox 365 1589 1387 1664">
     <span class='ocr_line' id='line_1_17' title="bbox 365 1589 1387 1664; baseline 0.006 -22"><span class='ocrx_word' id='word_1_119' title='bbox 365 1590 598 1660; x_wconf 84' lang='grc' dir='ltr'>Πνεῦμα</span> <span class='ocrx_word' id='word_1_120' title='bbox 625 1589 779 1658; x_wconf 82' lang='grc' dir='ltr'>Υἰοῦ,</span> <span class='ocrx_word' id='word_1_121' title='bbox 813 1591 906 1644; x_wconf 80' lang='grc' dir='ltr'>καὶ</span> <span class='ocrx_word' id='word_1_122' title='bbox 931 1590 1219 1661; x_wconf 83' lang='grc' dir='ltr'>ὁμοούσιον</span> <span class='ocrx_word' id='word_1_123' title='bbox 1249 1591 1387 1664; x_wconf 85' lang='grc' dir='ltr'><strong>Υίῷ.</strong></span> 
     </span>
    </p>
   </div>
   <div class='ocr_carea' id='block_1_18' title="bbox 442 1774 1958 1850">
    <p class='ocr_par' dir='ltr' id='par_1_18' title="bbox 442 1774 1958 1850">
     <span class='ocr_line' id='line_1_18' title="bbox 442 1774 1958 1850; baseline 0.002 -21"><span class='ocrx_word' id='word_1_124' title='bbox 442 1774 508 1829; x_wconf 86' lang='grc' dir='ltr'><strong>θ’.</strong></span> <span class='ocrx_word' id='word_1_125' title='bbox 543 1774 712 1828; x_wconf 81' lang='grc' dir='ltr'>Πάλιν</span> <span class='ocrx_word' id='word_1_126' title='bbox 739 1775 838 1845; x_wconf 81' lang='grc' dir='ltr'>τῆς</span> <span class='ocrx_word' id='word_1_127' title='bbox 867 1774 1051 1844; x_wconf 76' lang='grc' dir='ltr'>φωνῆς</span> <span class='ocrx_word' id='word_1_128' title='bbox 1105 1774 1569 1845; x_wconf 79' lang='grc' dir='ltr'>ὲπιδραττόμενος</span> <span class='ocrx_word' id='word_1_129' title='bbox 1613 1776 1841 1845; x_wconf 80' lang='grc' dir='ltr'>Φώτιος,</span> <span class='ocrx_word' id='word_1_130' title='bbox 1889 1780 1958 1850; x_wconf 77' lang='grc' dir='ltr'>ἦν</span> 
     </span>
    </p>
   </div>
   <div class='ocr_carea' id='block_1_19' title="bbox 373 1865 1956 1939">
    <p class='ocr_par' dir='ltr' id='par_1_19' title="bbox 373 1865 1956 1939">
     <span class='ocr_line' id='line_1_19' title="bbox 373 1865 1956 1939; baseline 0.003 -21"><span class='ocrx_word' id='word_1_131' title='bbox 373 1866 436 1918; x_wconf 80' lang='grc' dir='ltr'>ἐν</span> <span class='ocrx_word' id='word_1_132' title='bbox 457 1865 534 1935; x_wconf 83' lang='grc' dir='ltr'>τῷ</span> <span class='ocrx_word' id='word_1_133' title='bbox 577 1865 674 1919; x_wconf 85' lang='grc' dir='ltr'><strong>τοῦ</strong></span> <span class='ocrx_word' id='word_1_134' title='bbox 698 1865 954 1934; x_wconf 76' lang='grc' dir='ltr'><strong>Σωτῆρος</strong></span> <span class='ocrx_word' id='word_1_135' title='bbox 971 1867 1000 1918; x_wconf 93' lang='lat'><strong>6</strong></span> <span class='ocrx_word' id='word_1_136' title='bbox 1024 1866 1338 1937; x_wconf 82' lang='grc' dir='ltr'>Πρόδρομος</span> <span class='ocrx_word' id='word_1_137' title='bbox 1359 1867 1542 1938; x_wconf 81' lang='grc' dir='ltr'>ἀφῆκε</span> <span class='ocrx_word' id='word_1_138' title='bbox 1594 1867 1956 1939; x_wconf 77' lang='grc' dir='ltr'><strong>βαπτίσματι,</strong></span> 
     </span>
    </p>
   </div>
   <div class='ocr_carea' id='block_1_20' title="bbox 376 1954 1961 2028">
    <p class='ocr_par' dir='ltr' id='par_1_20' title="bbox 376 1954 1961 2028">
     <span class='ocr_line' id='line_1_20' title="bbox 376 1954 1961 2028; baseline 0.004 -18"><span class='ocrx_word' id='word_1_139' title='bbox 376 1976 397 2010; x_wconf 76' lang='grc' dir='ltr'><strong>ι</strong></span> <span class='ocrx_word' id='word_1_140' title='bbox 436 1954 609 2025; x_wconf 80' lang='grc' dir='ltr'>Εἷόεν,</span> <span class='ocrx_word' id='word_1_141' title='bbox 654 1977 673 2010; x_wconf 77' lang='grc' dir='ltr'><strong>ι</strong></span> <span class='ocrx_word' id='word_1_142' title='bbox 703 1956 899 2023; x_wconf 73' lang='grc' dir='ltr'>εἰπὼν,</span> <span class='ocrx_word' id='word_1_143' title='bbox 960 1975 980 2010; x_wconf 84' lang='grc' dir='ltr'><strong>ι</strong></span> <span class='ocrx_word' id='word_1_144' title='bbox 1040 1958 1102 2011; x_wconf 84' lang='grc' dir='ltr'>τὸ</span> <span class='ocrx_word' id='word_1_145' title='bbox 1152 1958 1380 2028; x_wconf 84' lang='grc' dir='ltr'>Πνεῦμα</span> <span class='ocrx_word' id='word_1_146' title='bbox 1439 1961 1769 2016; x_wconf 76' lang='grc' dir='ltr'>καταϐαῖνον</span> <span class='ocrx_word' id='word_1_147' title='bbox 1825 1963 1961 2017; x_wconf 64' lang='grc' dir='ltr'><strong>ὡσεὶ⁵</strong></span> 
     </span>
    </p>
   </div>
   <div class='ocr_carea' id='block_1_21' title="bbox 372 2051 1955 2126">
    <p class='ocr_par' dir='ltr' id='par_1_21' title="bbox 372 2051 1955 2126">
     <span class='ocr_line' id='line_1_21' title="bbox 372 2051 1955 2126; baseline 0.003 -21"><span class='ocrx_word' id='word_1_148' title='bbox 372 2051 736 2124; x_wconf 73' lang='grc' dir='ltr'>περιστερὰν,</span> <span class='ocrx_word' id='word_1_149' title='bbox 788 2055 886 2106; x_wconf 74' lang='grc' dir='ltr'>καὶ</span> <span class='ocrx_word' id='word_1_150' title='bbox 947 2051 1110 2122; x_wconf 87' lang='grc' dir='ltr'>μένον</span> <span class='ocrx_word' id='word_1_151' title='bbox 1153 2053 1244 2105; x_wconf 75' lang='grc' dir='ltr'><strong>ἐπ’</strong></span> <span class='ocrx_word' id='word_1_152' title='bbox 1297 2053 1482 2117; x_wconf 74' lang='grc' dir='ltr'>αὐτὸν,</span> <span class='ocrx_word' id='word_1_153' title='bbox 1515 2072 1534 2105; x_wconf 79' lang='grc' dir='ltr'><strong>ι</strong></span> <span class='ocrx_word' id='word_1_154' title='bbox 1571 2053 1670 2126; x_wconf 81' lang='grc' dir='ltr'>τὴν</span> <span class='ocrx_word' id='word_1_155' title='bbox 1720 2055 1830 2110; x_wconf 82' lang='grc' dir='ltr'><strong>ἀπὸ</strong></span> <span class='ocrx_word' id='word_1_156' title='bbox 1857 2057 1955 2111; x_wconf 90' lang='grc' dir='ltr'><strong>τοῦ</strong></span> 
     </span>
    </p>
   </div>
   <div class='ocr_carea' id='block_1_22' title="bbox 367 2144 1958 2217">
    <p class='ocr_par' dir='ltr' id='par_1_22' title="bbox 367 2144 1958 2217">
     <span class='ocr_line' id='line_1_22' title="bbox 367 2144 1958 2217; baseline 0.001 -17"><span class='ocrx_word' id='word_1_157' title='bbox 367 2145 589 2216; x_wconf 71' lang='grc' dir='ltr'>Πατρός</span> <span class='ocrx_word' id='word_1_158' title='bbox 641 2147 737 2199; x_wconf 77' lang='grc' dir='ltr'><strong>ἐπὶ</strong></span> <span class='ocrx_word' id='word_1_159' title='bbox 773 2145 866 2199; x_wconf 73' lang='grc' dir='ltr'><strong>τὸν</strong></span> <span class='ocrx_word' id='word_1_160' title='bbox 919 2144 1126 2215; x_wconf 84' lang='grc' dir='ltr'>Κύριον</span> <span class='ocrx_word' id='word_1_161' title='bbox 1190 2145 1285 2199; x_wconf 89' lang='grc' dir='ltr'><strong>τοῦ</strong></span> <span class='ocrx_word' id='word_1_162' title='bbox 1341 2145 1664 2216; x_wconf 84' lang='grc' dir='ltr'>Πνεύματος</span> <span class='ocrx_word' id='word_1_163' title='bbox 1709 2148 1958 2217; x_wconf 86' lang='grc' dir='ltr'>κάθοδον,</span> 
     </span>
    </p>
   </div>
   <div class='ocr_carea' id='block_1_23' title="bbox 358 2233 1959 2306">
    <p class='ocr_par' dir='ltr' id='par_1_23' title="bbox 358 2233 1959 2306">
     <span class='ocr_line' id='line_1_23' title="bbox 358 2233 1959 2306; baseline 0 -15"><span class='ocrx_word' id='word_1_164' title='bbox 358 2236 648 2302; x_wconf 78' lang='grc' dir='ltr'>ἀπόδειξιν</span> <span class='ocrx_word' id='word_1_165' title='bbox 705 2235 869 2306; x_wconf 82' lang='grc' dir='ltr'>δῆθεν</span> <span class='ocrx_word' id='word_1_166' title='bbox 924 2235 1022 2288; x_wconf 89' lang='grc' dir='ltr'><strong>τοῦ</strong></span> <span class='ocrx_word' id='word_1_167' title='bbox 1071 2236 1224 2306; x_wconf 74' lang='grc' dir='ltr'>παρὰ</span> <span class='ocrx_word' id='word_1_168' title='bbox 1257 2235 1355 2288; x_wconf 89' lang='grc' dir='ltr'><strong>τοῦ</strong></span> <span class='ocrx_word' id='word_1_169' title='bbox 1403 2235 1616 2306; x_wconf 84' lang='grc' dir='ltr'>Πατρδς</span> <span class='ocrx_word' id='word_1_170' title='bbox 1646 2236 1779 2290; x_wconf 81' lang='grc' dir='ltr'>αὐτὸ</span> <span class='ocrx_word' id='word_1_171' title='bbox 1819 2233 1959 2292; x_wconf 71' lang='grc' dir='ltr'>εἶναι</span> 
     </span>
    </p>
   </div>
   <div class='ocr_carea' id='block_1_24' title="bbox 365 2325 1958 2399">
    <p class='ocr_par' dir='ltr' id='par_1_24' title="bbox 365 2325 1958 2399">
     <span class='ocr_line' id='line_1_24' title="bbox 365 2325 1958 2399; baseline 0 -17"><span class='ocrx_word' id='word_1_172' title='bbox 365 2330 538 2399; x_wconf 84' lang='grc' dir='ltr'>μόνου</span> <span class='ocrx_word' id='word_1_173' title='bbox 601 2329 862 2382; x_wconf 85' lang='grc' dir='ltr'>ποιεῖται.</span> <span class='ocrx_word' id='word_1_174' title='bbox 921 2326 984 2381; x_wconf 84' lang='grc'><strong>’0</strong></span> <span class='ocrx_word' id='word_1_175' title='bbox 1047 2327 1104 2382; x_wconf 66' lang='grc' dir='ltr'><strong>δὲ</strong></span> <span class='ocrx_word' id='word_1_176' title='bbox 1160 2329 1334 2398; x_wconf 80' lang='grc' dir='ltr'>μέγας</span> <span class='ocrx_word' id='word_1_177' title='bbox 1400 2325 1720 2392; x_wconf 79' lang='grc' dir='ltr'>’Δθανάσιος</span> <span class='ocrx_word' id='word_1_178' title='bbox 1762 2327 1958 2397; x_wconf 86' lang='grc' dir='ltr'>λέγων,</span> 
     </span>
    </p>
   </div>
   <div class='ocr_carea' id='block_1_25' title="bbox 373 2405 1962 2490">
    <p class='ocr_par' dir='ltr' id='par_1_25' title="bbox 373 2405 1962 2490">
     <span class='ocr_line' id='line_1_25' title="bbox 373 2405 1962 2490; baseline 0.001 -18"><span class='ocrx_word' id='word_1_179' title='bbox 373 2436 396 2472; x_wconf 79' lang='grc' dir='ltr'><strong>ε</strong></span> <span class='ocrx_word' id='word_1_180' title='bbox 456 2416 550 2482; x_wconf 82' lang='grc' dir='ltr'><strong>Ἐξ</strong></span> <span class='ocrx_word' id='word_1_181' title='bbox 576 2405 745 2472; x_wconf 87' lang='grc' dir='ltr'>αύτοῦ</span> <span class='ocrx_word' id='word_1_182' title='bbox 769 2414 866 2470; x_wconf 84' lang='grc' dir='ltr'>οὖν</span> <span class='ocrx_word' id='word_1_183' title='bbox 892 2418 973 2480; x_wconf 85' lang='grc' dir='ltr'><strong>είς</strong></span> <span class='ocrx_word' id='word_1_184' title='bbox 1007 2417 1170 2471; x_wconf 76' lang='grc' dir='ltr'>αὐτὸν</span> <span class='ocrx_word' id='word_1_185' title='bbox 1195 2417 1413 2489; x_wconf 80' lang='grc' dir='ltr'><strong>κατῄει,</strong></span> <span class='ocrx_word' id='word_1_186' title='bbox 1449 2418 1512 2470; x_wconf 70' lang='grc' dir='ltr'>ἐκ</span> <span class='ocrx_word' id='word_1_187' title='bbox 1563 2417 1664 2486; x_wconf 74' lang='grc' dir='ltr'>τῆς</span> <span class='ocrx_word' id='word_1_188' title='bbox 1710 2418 1962 2490; x_wconf 81' lang='grc' dir='ltr'>θεότητος</span> 
     </span>
    </p>
   </div>
   <div class='ocr_carea' id='block_1_26' title="bbox 362 2509 1960 2582">
    <p class='ocr_par' dir='ltr' id='par_1_26' title="bbox 362 2509 1960 2582">
     <span class='ocr_line' id='line_1_26' title="bbox 362 2509 1960 2582; baseline 0.001 -18"><span class='ocrx_word' id='word_1_189' title='bbox 362 2511 541 2565; x_wconf 80' lang='grc' dir='ltr'>αὐτοῦ</span> <span class='ocrx_word' id='word_1_190' title='bbox 589 2512 669 2573; x_wconf 83' lang='grc' dir='ltr'><strong>εἰς</strong></span> <span class='ocrx_word' id='word_1_191' title='bbox 695 2510 813 2582; x_wconf 63' lang='grc' dir='ltr'>λιτὴν</span> <span class='ocrx_word' id='word_1_192' title='bbox 854 2509 1256 2581; x_wconf 81' lang='grc' dir='ltr'>ἀνθρωπότητα</span> <span class='ocrx_word' id='word_1_193' title='bbox 1327 2509 1520 2572; x_wconf 80' lang='grc' dir='ltr'>αὑτοῦ,</span> <span class='ocrx_word' id='word_1_194' title='bbox 1562 2528 1582 2559; x_wconf 75' lang='grc' dir='ltr'><strong>ι</strong></span> <span class='ocrx_word' id='word_1_195' title='bbox 1622 2511 1714 2564; x_wconf 84' lang='grc' dir='ltr'>τὸν</span> <span class='ocrx_word' id='word_1_196' title='bbox 1760 2513 1960 2567; x_wconf 74' lang='grc' dir='ltr'>οἰκεῖον</span> 
     </span>
    </p>
   </div>
   <div class='ocr_carea' id='block_1_27' title="bbox 360 2601 1961 2674">
    <p class='ocr_par' dir='ltr' id='par_1_27' title="bbox 360 2601 1961 2674">
     <span class='ocr_line' id='line_1_27' title="bbox 360 2601 1961 2674; baseline -0.002 -16"><span class='ocrx_word' id='word_1_197' title='bbox 360 2603 560 2658; x_wconf 87' lang='grc' dir='ltr'>τοῦτον</span> <span class='ocrx_word' id='word_1_198' title='bbox 585 2603 747 2672; x_wconf 87' lang='grc' dir='ltr'>λόγον</span> <span class='ocrx_word' id='word_1_199' title='bbox 776 2604 859 2666; x_wconf 79' lang='grc' dir='ltr'><strong>εἰς</strong></span> <span class='ocrx_word' id='word_1_200' title='bbox 893 2602 1154 2674; x_wconf 79' lang='grc' dir='ltr'>προφανῆ</span> <span class='ocrx_word' id='word_1_201' title='bbox 1180 2602 1418 2673; x_wconf 75' lang='grc' dir='ltr'>παρέχει</span> <span class='ocrx_word' id='word_1_202' title='bbox 1443 2601 1722 2666; x_wconf 76' lang='grc' dir='ltr'>ἀπόδειξιν</span> <span class='ocrx_word' id='word_1_203' title='bbox 1750 2602 1846 2656; x_wconf 88' lang='grc' dir='ltr'><strong>τοῦ</strong></span> <span class='ocrx_word' id='word_1_204' title='bbox 1865 2603 1961 2656; x_wconf 76' lang='grc' dir='ltr'>καὶ</span> 
     </span>
    </p>
   </div>
   <div class='ocr_carea' id='block_1_28' title="bbox 362 2694 1076 2752">
    <p class='ocr_par' dir='ltr' id='par_1_28' title="bbox 362 2694 1076 2752">
     <span class='ocr_line' id='line_1_28' title="bbox 362 2694 1076 2752; baseline 0 -1"><span class='ocrx_word' id='word_1_205' title='bbox 362 2699 431 2751; x_wconf 81' lang='grc' dir='ltr'>ὲκ</span> <span class='ocrx_word' id='word_1_206' title='bbox 461 2695 560 2751; x_wconf 91' lang='grc' dir='ltr'><strong>τοῦ</strong></span> <span class='ocrx_word' id='word_1_207' title='bbox 593 2696 728 2751; x_wconf 84' lang='grc' dir='ltr'>Υἱοῦ</span> <span class='ocrx_word' id='word_1_208' title='bbox 749 2694 892 2752; x_wconf 78' lang='grc' dir='ltr'>εῖναι</span> <span class='ocrx_word' id='word_1_209' title='bbox 921 2696 1076 2751; x_wconf 88' lang='grc' dir='ltr'>αύτό.</span> 
     </span>
    </p>
   </div>
   <div class='ocr_carea' id='block_1_29' title="bbox 2066 573 3634 647">
    <p class='ocr_par' dir='ltr' id='par_1_29' title="bbox 2066 573 3634 647">
     <span class='ocr_line' id='line_1_29' title="bbox 2066 573 3634 647; baseline -0.004 -17"><span class='ocrx_word' id='word_1_210' title='bbox 2066 578 2272 647; x_wconf 93' lang='lat' dir='ltr'><strong>quitur,</strong></span> <span class='ocrx_word' id='word_1_211' title='bbox 2309 577 2672 632; x_wconf 75' lang='lat' dir='ltr'><strong>contradicit?</strong></span> <span class='ocrx_word' id='word_1_212' title='bbox 2717 577 2872 640; x_wconf 88' lang='lat' dir='ltr'><strong>item,</strong></span> <span class='ocrx_word' id='word_1_213' title='bbox 2903 576 2958 630; x_wconf 89' lang='lat' dir='ltr'><strong>ni</strong></span> <span class='ocrx_word' id='word_1_214' title='bbox 2994 587 3048 630; x_wconf 90' lang='lat' dir='ltr'><strong>et</strong></span> <span class='ocrx_word' id='word_1_215' title='bbox 3075 590 3333 645; x_wconf 78' lang='lat' dir='ltr'><strong>magnum</strong></span> <span class='ocrx_word' id='word_1_216' title='bbox 3374 573 3634 628; x_wconf 81' lang='lat' dir='ltr'><strong>Basilittm</strong></span> 
     </span>
    </p>
   </div>
   <div class='ocr_carea' id='block_1_30' title="bbox 2063 668 3640 740">
    <p class='ocr_par' dir='ltr' id='par_1_30' title="bbox 2063 668 3640 740">
     <span class='ocr_line' id='line_1_30' title="bbox 2063 668 3640 740; baseline -0.003 -18"><span class='ocrx_word' id='word_1_217' title='bbox 2063 671 2298 738; x_wconf 87' lang='lat' dir='ltr'><strong>propriis</strong></span> <span class='ocrx_word' id='word_1_218' title='bbox 2345 670 2896 740; x_wconf 76' lang='lat' dir='ltr'><strong>interpretationibus</strong></span> <span class='ocrx_word' id='word_1_219' title='bbox 2920 669 3147 724; x_wconf 88' lang='lat' dir='ltr'><strong>Photius</strong></span> <span class='ocrx_word' id='word_1_220' title='bbox 3184 668 3511 739; x_wconf 88' lang='lat' dir='ltr'><strong>posthabere</strong></span> <span class='ocrx_word' id='word_1_221' title='bbox 3546 684 3640 718; x_wconf 76' lang='lat' dir='ltr'><strong>vo-</strong></span> 
     </span>
    </p>
   </div>
   <div class='ocr_carea' id='block_1_31' title="bbox 2062 761 3637 831">
    <p class='ocr_par' dir='ltr' id='par_1_31' title="bbox 2062 761 3637 831">
     <span class='ocr_line' id='line_1_31' title="bbox 2062 761 3637 831; baseline -0.002 -17"><span class='ocrx_word' id='word_1_222' title='bbox 2062 761 2243 823; x_wconf 70' lang='lat' dir='ltr'><strong>luerit,</strong></span> <span class='ocrx_word' id='word_1_223' title='bbox 2279 763 2451 816; x_wconf 90' lang='lat' dir='ltr'><strong>tnulto</strong></span> <span class='ocrx_word' id='word_1_224' title='bbox 2475 761 2646 831; x_wconf 78' lang='lat' dir='ltr'><strong>magis</strong></span> <span class='ocrx_word' id='word_1_225' title='bbox 2675 762 2888 817; x_wconf 82' lang='lat' dir='ltr'><strong>veritati</strong></span> <span class='ocrx_word' id='word_1_226' title='bbox 2912 778 3214 816; x_wconf 85' lang='lat' dir='ltr'><strong>consonum</strong></span> <span class='ocrx_word' id='word_1_227' title='bbox 3250 770 3356 826; x_wconf 88' lang='lat' dir='ltr'><strong>est,</strong></span> <span class='ocrx_word' id='word_1_228' title='bbox 3390 761 3637 828; x_wconf 75' lang='lat' dir='ltr'><strong>ejusdem</strong></span> 
     </span>
    </p>
   </div>
   <div class='ocr_carea' id='block_1_32' title="bbox 2062 852 3640 924">
    <p class='ocr_par' dir='ltr' id='par_1_32' title="bbox 2062 852 3640 924">
     <span class='ocr_line' id='line_1_32' title="bbox 2062 852 3640 924; baseline 0.001 -18"><span class='ocrx_word' id='word_1_229' title='bbox 2062 868 2186 906; x_wconf 82' lang='lat' dir='ltr'><strong>cum</strong></span> <span class='ocrx_word' id='word_1_230' title='bbox 2220 852 2383 907; x_wconf 83' lang='lat' dir='ltr'><strong>Patre</strong></span> <span class='ocrx_word' id='word_1_231' title='bbox 2407 854 2656 908; x_wconf 77' lang='lat' dir='ltr'><strong>essentia:</strong></span> <span class='ocrx_word' id='word_1_232' title='bbox 2685 853 2872 909; x_wconf 85' lang='lat' dir='ltr'><strong>dicere</strong></span> <span class='ocrx_word' id='word_1_233' title='bbox 2903 854 3189 924; x_wconf 86' lang='lat' dir='ltr'><strong>Spiritum,</strong></span> <span class='ocrx_word' id='word_1_234' title='bbox 3223 855 3352 920; x_wconf 82' lang='lat' dir='ltr'><strong>quia</strong></span> <span class='ocrx_word' id='word_1_235' title='bbox 3384 870 3448 906; x_wconf 77' lang='lat' dir='ltr'><strong>ex</strong></span> <span class='ocrx_word' id='word_1_236' title='bbox 3481 853 3640 908; x_wconf 81' lang='lat' dir='ltr'><strong>Patre</strong></span> 
     </span>
    </p>
   </div>
   <div class='ocr_carea' id='block_1_33' title="bbox 2063 945 3644 1017">
    <p class='ocr_par' dir='ltr' id='par_1_33' title="bbox 2063 945 3644 1017">
     <span class='ocr_line' id='line_1_33' title="bbox 2063 945 3644 1017; baseline 0.002 -20"><span class='ocrx_word' id='word_1_237' title='bbox 2063 953 2168 1009; x_wconf 91' lang='lat' dir='ltr'><strong>est,</strong></span> <span class='ocrx_word' id='word_1_238' title='bbox 2205 953 2258 998; x_wconf 87' lang='lat' dir='ltr'><strong>et</strong></span> <span class='ocrx_word' id='word_1_239' title='bbox 2296 945 2542 1013; x_wconf 84' lang='lat' dir='ltr'><strong>ejusdem</strong></span> <span class='ocrx_word' id='word_1_240' title='bbox 2592 947 2848 1000; x_wconf 63' lang='lat' dir='ltr'><strong>essentia:</strong></span> <span class='ocrx_word' id='word_1_241' title='bbox 2895 962 3016 1000; x_wconf 89' lang='lat' dir='ltr'><strong>cum</strong></span> <span class='ocrx_word' id='word_1_242' title='bbox 3052 945 3212 1008; x_wconf 85' lang='lat' dir='ltr'><strong>Filio,</strong></span> <span class='ocrx_word' id='word_1_243' title='bbox 3266 948 3392 1017; x_wconf 82' lang='lat' dir='ltr'><strong>quia</strong></span> <span class='ocrx_word' id='word_1_244' title='bbox 3427 963 3523 1016; x_wconf 87' lang='lat' dir='ltr'><strong>per</strong></span> <span class='ocrx_word' id='word_1_245' title='bbox 3549 945 3644 1000; x_wconf 83' lang='lat' dir='ltr'><strong>Fi-</strong></span> 
     </span>
    </p>
   </div>
   <div class='ocr_carea' id='block_1_34' title="bbox 2064 1034 3642 1107">
    <p class='ocr_par' dir='ltr' id='par_1_34' title="bbox 2064 1034 3642 1107">
     <span class='ocr_line' id='line_1_34' title="bbox 2064 1034 3642 1107; baseline 0.001 -19"><span class='ocrx_word' id='word_1_246' title='bbox 2064 1035 2219 1099; x_wconf 90' lang='lat' dir='ltr'><strong>lium,</strong></span> <span class='ocrx_word' id='word_1_247' title='bbox 2261 1051 2426 1106; x_wconf 91' lang='lat' dir='ltr'><strong>quam</strong></span> <span class='ocrx_word' id='word_1_248' title='bbox 2481 1034 2745 1105; x_wconf 85' lang='lat' dir='ltr'><strong>Spiritum</strong></span> <span class='ocrx_word' id='word_1_249' title='bbox 2787 1036 2932 1104; x_wconf 86' lang='lat' dir='ltr'><strong>Filii,</strong></span> <span class='ocrx_word' id='word_1_250' title='bbox 2988 1047 3040 1090; x_wconf 83' lang='lat' dir='ltr'><strong>et</strong></span> <span class='ocrx_word' id='word_1_251' title='bbox 3077 1053 3172 1107; x_wconf 89' lang='lat' dir='ltr'><strong>per</strong></span> <span class='ocrx_word' id='word_1_252' title='bbox 3217 1037 3415 1091; x_wconf 84' lang='lat' dir='ltr'><strong>Filium</strong></span> <span class='ocrx_word' id='word_1_253' title='bbox 3465 1035 3642 1107; x_wconf 88' lang='lat' dir='ltr'><strong>Spiri-</strong></span> 
     </span>
    </p>
   </div>
   <div class='ocr_carea' id='block_1_35' title="bbox 2063 1128 3642 1198">
    <p class='ocr_par' dir='ltr' id='par_1_35' title="bbox 2063 1128 3642 1198">
     <span class='ocr_line' id='line_1_35' title="bbox 2063 1128 3642 1198; baseline 0 -17"><span class='ocrx_word' id='word_1_254' title='bbox 2063 1137 2202 1194; x_wconf 88' lang='lat' dir='ltr'><strong>tum,</strong></span> <span class='ocrx_word' id='word_1_255' title='bbox 2235 1129 2382 1198; x_wconf 91' lang='lat' dir='ltr'><strong>quod</strong></span> <span class='ocrx_word' id='word_1_256' title='bbox 2410 1128 2657 1197; x_wconf 90' lang='lat' dir='ltr'><strong>ejusdem</strong></span> <span class='ocrx_word' id='word_1_257' title='bbox 2698 1130 2768 1184; x_wconf 89' lang='lat' dir='ltr'><strong>sit</strong></span> <span class='ocrx_word' id='word_1_258' title='bbox 2815 1146 2937 1184; x_wconf 91' lang='lat' dir='ltr'><strong>cum</strong></span> <span class='ocrx_word' id='word_1_259' title='bbox 2973 1130 3113 1184; x_wconf 90' lang='lat' dir='ltr'><strong>Filio</strong></span> <span class='ocrx_word' id='word_1_260' title='bbox 3139 1133 3408 1186; x_wconf 70' lang='lat' dir='ltr'><strong>essentias.</strong></span> <span class='ocrx_word' id='word_1_261' title='bbox 3453 1129 3642 1198; x_wconf 82' lang='lat' dir='ltr'><strong>Neque</strong></span> 
     </span>
    </p>
   </div>
   <div class='ocr_carea' id='block_1_36' title="bbox 2062 1221 3644 1290">
    <p class='ocr_par' dir='ltr' id='par_1_36' title="bbox 2062 1221 3644 1290">
     <span class='ocr_line' id='line_1_36' title="bbox 2062 1221 3644 1290; baseline 0.002 -18"><span class='ocrx_word' id='word_1_262' title='bbox 2062 1221 2233 1282; x_wconf 87' lang='lat' dir='ltr'><strong>enim,</strong></span> <span class='ocrx_word' id='word_1_263' title='bbox 2259 1221 2384 1290; x_wconf 77' lang='lat' dir='ltr'><strong>quia</strong></span> <span class='ocrx_word' id='word_1_264' title='bbox 2414 1222 2660 1289; x_wconf 81' lang='lat' dir='ltr'><strong>ejusdem</strong></span> <span class='ocrx_word' id='word_1_265' title='bbox 2698 1234 2822 1276; x_wconf 89' lang='lat' dir='ltr'><strong>cum</strong></span> <span class='ocrx_word' id='word_1_266' title='bbox 2856 1221 2998 1278; x_wconf 84' lang='lat' dir='ltr'><strong>Filio</strong></span> <span class='ocrx_word' id='word_1_267' title='bbox 3023 1226 3274 1277; x_wconf 70' lang='lat' dir='ltr'><strong>essentia:</strong></span> <span class='ocrx_word' id='word_1_268' title='bbox 3300 1233 3405 1289; x_wconf 87' lang='lat' dir='ltr'><strong>est,</strong></span> <span class='ocrx_word' id='word_1_269' title='bbox 3441 1224 3564 1276; x_wconf 87' lang='lat' dir='ltr'><strong>ideo</strong></span> <span class='ocrx_word' id='word_1_270' title='bbox 3587 1233 3644 1275; x_wconf 87' lang='lat' dir='ltr'><strong>et</strong></span> 
     </span>
    </p>
   </div>
   <div class='ocr_carea' id='block_1_37' title="bbox 2065 1310 3641 1385">
    <p class='ocr_par' dir='ltr' id='par_1_37' title="bbox 2065 1310 3641 1385">
     <span class='ocr_line' id='line_1_37' title="bbox 2065 1310 3641 1385; baseline 0.003 -20"><span class='ocrx_word' id='word_1_271' title='bbox 2065 1310 2306 1381; x_wconf 84' lang='lat' dir='ltr'><strong>Spiritus</strong></span> <span class='ocrx_word' id='word_1_272' title='bbox 2345 1311 2492 1379; x_wconf 86' lang='lat' dir='ltr'><strong>Filii,</strong></span> <span class='ocrx_word' id='word_1_273' title='bbox 2534 1323 2588 1368; x_wconf 92' lang='lat' dir='ltr'><strong>et</strong></span> <span class='ocrx_word' id='word_1_274' title='bbox 2631 1329 2726 1383; x_wconf 90' lang='lat' dir='ltr'><strong>per</strong></span> <span class='ocrx_word' id='word_1_275' title='bbox 2748 1313 2970 1380; x_wconf 87' lang='lat' dir='ltr'><strong>Filiunt,</strong></span> <span class='ocrx_word' id='word_1_276' title='bbox 3013 1317 3236 1378; x_wconf 80' lang='lat' dir='ltr'><strong>dicitur,</strong></span> <span class='ocrx_word' id='word_1_277' title='bbox 3286 1319 3641 1385; x_wconf 88' lang='lat' dir='ltr'><strong>quemadmo-</strong></span> 
     </span>
    </p>
   </div>
   <div class='ocr_carea' id='block_1_38' title="bbox 2064 1403 3641 1476">
    <p class='ocr_par' dir='ltr' id='par_1_38' title="bbox 2064 1403 3641 1476">
     <span class='ocr_line' id='line_1_38' title="bbox 2064 1403 3641 1476; baseline 0.001 -19"><span class='ocrx_word' id='word_1_278' title='bbox 2064 1404 2216 1470; x_wconf 90' lang='lat' dir='ltr'><strong>dutn,</strong></span> <span class='ocrx_word' id='word_1_279' title='bbox 2259 1405 2352 1472; x_wconf 88' lang='lat' dir='ltr'><strong>qui</strong></span> <span class='ocrx_word' id='word_1_280' title='bbox 2385 1403 2549 1474; x_wconf 89' lang='lat' dir='ltr'><strong>hujus</strong></span> <span class='ocrx_word' id='word_1_281' title='bbox 2580 1407 2658 1459; x_wconf 89' lang='lat' dir='ltr'><strong>rei</strong></span> <span class='ocrx_word' id='word_1_282' title='bbox 2694 1417 3014 1476; x_wconf 83' lang='lat' dir='ltr'><strong>argumenta</strong></span> <span class='ocrx_word' id='word_1_283' title='bbox 3069 1407 3370 1462; x_wconf 81' lang='lat' dir='ltr'><strong>hauserunt</strong></span> <span class='ocrx_word' id='word_1_284' title='bbox 3395 1423 3460 1460; x_wconf 82' lang='lat' dir='ltr'><strong>ex</strong></span> <span class='ocrx_word' id='word_1_285' title='bbox 3492 1405 3641 1460; x_wconf 82' lang='lat' dir='ltr'><strong>Plio-</strong></span> 
     </span>
    </p>
   </div>
   <div class='ocr_carea' id='block_1_39' title="bbox 2065 1498 3648 1570">
    <p class='ocr_par' dir='ltr' id='par_1_39' title="bbox 2065 1498 3648 1570">
     <span class='ocr_line' id='line_1_39' title="bbox 2065 1498 3648 1570; baseline 0 -19"><span class='ocrx_word' id='word_1_286' title='bbox 2065 1499 2160 1559; x_wconf 88' lang='lat' dir='ltr'><strong>tio,</strong></span> <span class='ocrx_word' id='word_1_287' title='bbox 2188 1508 2465 1569; x_wconf 78' lang='lat' dir='ltr'><strong>nugantur</strong></span> <span class='ocrx_word' id='word_1_288' title='bbox 2500 1498 2605 1553; x_wconf 92' lang='lat' dir='ltr'><strong>hoc</strong></span> <span class='ocrx_word' id='word_1_289' title='bbox 2636 1508 2882 1568; x_wconf 88' lang='lat' dir='ltr'><strong>tempore</strong></span> <span class='ocrx_word' id='word_1_290' title='bbox 2912 1517 2924 1554; x_wconf 88' lang='lat'><strong>:</strong></span> <span class='ocrx_word' id='word_1_291' title='bbox 2957 1501 3053 1554; x_wconf 87' lang='lat' dir='ltr'><strong>sed</strong></span> <span class='ocrx_word' id='word_1_292' title='bbox 3093 1501 3220 1570; x_wconf 88' lang='lat' dir='ltr'><strong>quia</strong></span> <span class='ocrx_word' id='word_1_293' title='bbox 3255 1516 3320 1555; x_wconf 77' lang='lat' dir='ltr'><strong>ex</strong></span> <span class='ocrx_word' id='word_1_294' title='bbox 3356 1501 3514 1554; x_wconf 90' lang='lat' dir='ltr'><strong>Patre</strong></span> <span class='ocrx_word' id='word_1_295' title='bbox 3545 1515 3648 1569; x_wconf 91' lang='lat' dir='ltr'><strong>per</strong></span> 
     </span>
    </p>
   </div>
   <div class='ocr_carea' id='block_1_40' title="bbox 2064 1588 3641 1662">
    <p class='ocr_par' dir='ltr' id='par_1_40' title="bbox 2064 1588 3641 1662">
     <span class='ocr_line' id='line_1_40' title="bbox 2064 1588 3641 1662; baseline 0.002 -19"><span class='ocrx_word' id='word_1_296' title='bbox 2064 1588 2263 1644; x_wconf 87' lang='lat' dir='ltr'><strong>Filium</strong></span> <span class='ocrx_word' id='word_1_297' title='bbox 2287 1592 2663 1646; x_wconf 83' lang='lat' dir='ltr'><strong>exsistentiam</strong></span> <span class='ocrx_word' id='word_1_298' title='bbox 2718 1594 2899 1655; x_wconf 86' lang='lat' dir='ltr'><strong>habet,</strong></span> <span class='ocrx_word' id='word_1_299' title='bbox 2933 1601 3217 1662; x_wconf 87' lang='lat' dir='ltr'><strong>propterea</strong></span> <span class='ocrx_word' id='word_1_300' title='bbox 3270 1605 3324 1647; x_wconf 90' lang='lat' dir='ltr'><strong>et</strong></span> <span class='ocrx_word' id='word_1_301' title='bbox 3375 1591 3641 1662; x_wconf 87' lang='lat' dir='ltr'><strong>Spiritum</strong></span> 
     </span>
    </p>
   </div>
   <div class='ocr_carea' id='block_1_41' title="bbox 2062 1681 3317 1753">
    <p class='ocr_par' dir='ltr' id='par_1_41' title="bbox 2062 1681 3317 1753">
     <span class='ocr_line' id='line_1_41' title="bbox 2062 1681 3317 1753; baseline 0.004 -18"><span class='ocrx_word' id='word_1_302' title='bbox 2062 1681 2207 1748; x_wconf 91' lang='lat' dir='ltr'><strong>Filii,</strong></span> <span class='ocrx_word' id='word_1_303' title='bbox 2239 1691 2292 1737; x_wconf 89' lang='lat' dir='ltr'><strong>et</strong></span> <span class='ocrx_word' id='word_1_304' title='bbox 2321 1683 2564 1753; x_wconf 84' lang='lat' dir='ltr'><strong>ejusdem</strong></span> <span class='ocrx_word' id='word_1_305' title='bbox 2593 1699 2716 1739; x_wconf 91' lang='lat' dir='ltr'><strong>cum</strong></span> <span class='ocrx_word' id='word_1_306' title='bbox 2750 1683 2888 1739; x_wconf 87' lang='lat' dir='ltr'><strong>Filio</strong></span> <span class='ocrx_word' id='word_1_307' title='bbox 2918 1685 3172 1740; x_wconf 70' lang='lat' dir='ltr'><strong>essentia!</strong></span> <span class='ocrx_word' id='word_1_308' title='bbox 3200 1691 3317 1740; x_wconf 72' lang='lat' dir='ltr'><strong>est.‘</strong></span> 
     </span>
    </p>
   </div>
   <div class='ocr_carea' id='block_1_42' title="bbox 2133 1774 3641 1863">
    <p class='ocr_par' dir='ltr' id='par_1_42' title="bbox 2133 1774 3641 1863">
     <span class='ocr_line' id='line_1_42' title="bbox 2133 1774 3641 1863; baseline 0.003 -33"><span class='ocrx_word' id='word_1_309' title='bbox 2133 1775 2186 1830; x_wconf 86' lang='lat'><strong>9.</strong></span> <span class='ocrx_word' id='word_1_310' title='bbox 2215 1774 2374 1840; x_wconf 84' lang='lat' dir='ltr'><strong>item,</strong></span> <span class='ocrx_word' id='word_1_311' title='bbox 2436 1791 2600 1846; x_wconf 86' lang='lat' dir='ltr'><strong>quam</strong></span> <span class='ocrx_word' id='word_1_312' title='bbox 2647 1776 2701 1830; x_wconf 88' lang='lat' dir='ltr'><strong>in</strong></span> <span class='ocrx_word' id='word_1_313' title='bbox 2765 1778 3067 1863; x_wconf 70' lang='lat' dir='ltr'><strong>Salvatoris</strong></span> <span class='ocrx_word' id='word_1_314' title='bbox 3111 1779 3381 1848; x_wconf 89' lang='lat' dir='ltr'><strong>baptismo</strong></span> <span class='ocrx_word' id='word_1_315' title='bbox 3451 1795 3641 1834; x_wconf 73' lang='lat' dir='ltr'><strong>vocent</strong></span> 
     </span>
    </p>
   </div>
   <div class='ocr_carea' id='block_1_43' title="bbox 2063 1865 3644 1942">
    <p class='ocr_par' dir='ltr' id='par_1_43' title="bbox 2063 1865 3644 1942">
     <span class='ocr_line' id='line_1_43' title="bbox 2063 1865 3644 1942; baseline 0.004 -22"><span class='ocrx_word' id='word_1_316' title='bbox 2063 1865 2379 1921; x_wconf 66' lang='lat' dir='ltr'><strong>Prascursor</strong></span> <span class='ocrx_word' id='word_1_317' title='bbox 2403 1867 2635 1924; x_wconf 88' lang='lat' dir='ltr'><strong>emisit:</strong></span> <span class='ocrx_word' id='word_1_318' title='bbox 2673 1868 2873 1934; x_wconf 68' lang='lat' dir='ltr'><strong>«Vidit,</strong></span> <span class='ocrx_word' id='word_1_319' title='bbox 2910 1889 2929 1921; x_wconf 74' lang='grc' dir='ltr'><strong>ι</strong></span> <span class='ocrx_word' id='word_1_320' title='bbox 2974 1870 3230 1941; x_wconf 86' lang='lat' dir='ltr'><strong>inquiens</strong></span> <span class='ocrx_word' id='word_1_321' title='bbox 3256 1912 3271 1936; x_wconf 95' lang='lat'><strong>,</strong></span> <span class='ocrx_word' id='word_1_322' title='bbox 3315 1890 3333 1922; x_wconf 76' lang='grc' dir='ltr'><strong>ι</strong></span> <span class='ocrx_word' id='word_1_323' title='bbox 3375 1869 3644 1942; x_wconf 86' lang='lat' dir='ltr'><strong>Spiritum</strong></span> 
     </span>
    </p>
   </div>
   <div class='ocr_carea' id='block_1_44' title="bbox 2066 1955 3706 2032">
    <p class='ocr_par' dir='ltr' id='par_1_44' title="bbox 2066 1955 3706 2032">
     <span class='ocr_line' id='line_1_44' title="bbox 2066 1955 3706 2032; baseline 0.003 -22"><span class='ocrx_word' id='word_1_324' title='bbox 2066 1955 2488 2013; x_wconf 86' lang='lat' dir='ltr'><strong>descendentem</strong></span> <span class='ocrx_word' id='word_1_325' title='bbox 2523 1959 2689 2013; x_wconf 85' lang='lat' dir='ltr'><strong>veluti</strong></span> <span class='ocrx_word' id='word_1_326' title='bbox 2725 1961 3062 2024; x_wconf 87' lang='lat' dir='ltr'><strong>columbam,</strong></span> <span class='ocrx_word' id='word_1_327' title='bbox 3089 1972 3143 2017; x_wconf 89' lang='lat' dir='ltr'><strong>et</strong></span> <span class='ocrx_word' id='word_1_328' title='bbox 3167 1962 3222 2017; x_wconf 93' lang='lat' dir='ltr'><strong>in</strong></span> <span class='ocrx_word' id='word_1_329' title='bbox 3255 1962 3376 2032; x_wconf 90' lang='lat' dir='ltr'><strong>ipso</strong></span> <span class='ocrx_word' id='word_1_330' title='bbox 3416 1979 3646 2018; x_wconf 84' lang='lat' dir='ltr'><strong>manen-</strong></span> <span class='ocrx_word' id='word_1_331' title='bbox 3701 1979 3706 1988; x_wconf 64' lang='grc' dir='ltr'><strong>ί</strong></span> 
     </span>
    </p>
   </div>
   <div class='ocr_carea' id='block_1_45' title="bbox 2067 2048 3648 2124">
    <p class='ocr_par' dir='ltr' id='par_1_45' title="bbox 2067 2048 3648 2124">
     <span class='ocr_line' id='line_1_45' title="bbox 2067 2048 3648 2124; baseline 0.004 -25"><span class='ocrx_word' id='word_1_332' title='bbox 2067 2056 2175 2100; x_wconf 90' lang='lat' dir='ltr'><strong>tem</strong></span> <span class='ocrx_word' id='word_1_333' title='bbox 2221 2048 2288 2114; x_wconf 83' lang='grc'><strong>¹⁸,</strong></span> <span class='ocrx_word' id='word_1_334' title='bbox 2335 2067 2354 2100; x_wconf 78' lang='grc' dir='ltr'><strong>ι</strong></span> <span class='ocrx_word' id='word_1_335' title='bbox 2391 2049 2662 2119; x_wconf 86' lang='lat' dir='ltr'><strong>arripiens</strong></span> <span class='ocrx_word' id='word_1_336' title='bbox 2693 2049 2942 2117; x_wconf 90' lang='lat' dir='ltr'><strong>Photius,</strong></span> <span class='ocrx_word' id='word_1_337' title='bbox 2977 2068 3042 2106; x_wconf 81' lang='lat' dir='ltr'><strong>ex</strong></span> <span class='ocrx_word' id='word_1_338' title='bbox 3069 2049 3231 2108; x_wconf 84' lang='lat' dir='ltr'><strong>Patre</strong></span> <span class='ocrx_word' id='word_1_339' title='bbox 3260 2069 3426 2124; x_wconf 83' lang='lat' dir='ltr'><strong>supra</strong></span> <span class='ocrx_word' id='word_1_340' title='bbox 3462 2054 3648 2108; x_wconf 74' lang='lat' dir='ltr'><strong>Domi-</strong></span> 
     </span>
    </p>
   </div>
   <div class='ocr_carea' id='block_1_46' title="bbox 2066 2139 3646 2210">
    <p class='ocr_par' dir='ltr' id='par_1_46' title="bbox 2066 2139 3646 2210">
     <span class='ocr_line' id='line_1_46' title="bbox 2066 2139 3646 2210; baseline 0.004 -19"><span class='ocrx_word' id='word_1_341' title='bbox 2066 2154 2200 2192; x_wconf 87' lang='lat' dir='ltr'><strong>nutu</strong></span> <span class='ocrx_word' id='word_1_342' title='bbox 2265 2139 2509 2210; x_wconf 86' lang='lat' dir='ltr'><strong>Spiritus</strong></span> <span class='ocrx_word' id='word_1_343' title='bbox 2555 2139 2910 2208; x_wconf 85' lang='lat' dir='ltr'><strong>descensum,</strong></span> <span class='ocrx_word' id='word_1_344' title='bbox 2963 2144 3037 2197; x_wconf 90' lang='lat' dir='ltr'><strong>uti</strong></span> <span class='ocrx_word' id='word_1_345' title='bbox 3093 2145 3646 2210; x_wconf 87' lang='lat' dir='ltr'><strong>demonstrationem,</strong></span> 
     </span>
    </p>
   </div>
   <div class='ocr_carea' id='block_1_47' title="bbox 2062 2234 3644 2308">
    <p class='ocr_par' dir='ltr' id='par_1_47' title="bbox 2062 2234 3644 2308">
     <span class='ocr_line' id='line_1_47' title="bbox 2062 2234 3644 2308; baseline 0.003 -20"><span class='ocrx_word' id='word_1_346' title='bbox 2062 2248 2187 2288; x_wconf 90' lang='lat' dir='ltr'><strong>eum</strong></span> <span class='ocrx_word' id='word_1_347' title='bbox 2226 2248 2422 2302; x_wconf 87' lang='lat' dir='ltr'><strong>nempe</strong></span> <span class='ocrx_word' id='word_1_348' title='bbox 2462 2249 2527 2288; x_wconf 80' lang='lat' dir='ltr'><strong>ex</strong></span> <span class='ocrx_word' id='word_1_349' title='bbox 2565 2234 2684 2289; x_wconf 88' lang='lat' dir='ltr'><strong>solo</strong></span> <span class='ocrx_word' id='word_1_350' title='bbox 2724 2235 2886 2290; x_wconf 89' lang='lat' dir='ltr'><strong>Patre</strong></span> <span class='ocrx_word' id='word_1_351' title='bbox 2913 2251 3054 2300; x_wconf 87' lang='lat' dir='ltr'><strong>esse,</strong></span> <span class='ocrx_word' id='word_1_352' title='bbox 3093 2238 3351 2308; x_wconf 89' lang='lat' dir='ltr'><strong>proponit</strong></span> <span class='ocrx_word' id='word_1_353' title='bbox 3387 2256 3401 2292; x_wconf 91' lang='lat'><strong>:</strong></span> <span class='ocrx_word' id='word_1_354' title='bbox 3432 2247 3488 2293; x_wconf 89' lang='lat' dir='ltr'><strong>at</strong></span> <span class='ocrx_word' id='word_1_355' title='bbox 3529 2253 3644 2293; x_wconf 88' lang='lat' dir='ltr'><strong>ma-</strong></span> 
     </span>
    </p>
   </div>
   <div class='ocr_carea' id='block_1_48' title="bbox 2063 2325 3646 2400">
    <p class='ocr_par' dir='ltr' id='par_1_48' title="bbox 2063 2325 3646 2400">
     <span class='ocr_line' id='line_1_48' title="bbox 2063 2325 3646 2400; baseline 0.002 -20"><span class='ocrx_word' id='word_1_356' title='bbox 2063 2341 2206 2396; x_wconf 80' lang='lat' dir='ltr'><strong>gnus</strong></span> <span class='ocrx_word' id='word_1_357' title='bbox 2245 2325 2607 2391; x_wconf 82' lang='lat' dir='ltr'><strong>Athanasius,</strong></span> <span class='ocrx_word' id='word_1_358' title='bbox 2657 2328 2907 2383; x_wconf 85' lang='lat' dir='ltr'><strong>scribens</strong></span> <span class='ocrx_word' id='word_1_359' title='bbox 2943 2328 3020 2398; x_wconf 82' lang='lat'><strong>(5)</strong></span> <span class='ocrx_word' id='word_1_360' title='bbox 3057 2347 3071 2384; x_wconf 90' lang='lat'><strong>:</strong></span> <span class='ocrx_word' id='word_1_361' title='bbox 3113 2347 3132 2382; x_wconf 82' lang='grc' dir='ltr'><strong>ι</strong></span> <span class='ocrx_word' id='word_1_362' title='bbox 3169 2329 3249 2385; x_wconf 84' lang='lat' dir='ltr'><strong>Ex</strong></span> <span class='ocrx_word' id='word_1_363' title='bbox 3295 2331 3417 2400; x_wconf 89' lang='lat' dir='ltr'><strong>ipso</strong></span> <span class='ocrx_word' id='word_1_364' title='bbox 3459 2341 3646 2400; x_wconf 81' lang='lat' dir='ltr'><strong>Itaque</strong></span> 
     </span>
    </p>
   </div>
   <div class='ocr_carea' id='block_1_49' title="bbox 2063 2415 3646 2489">
    <p class='ocr_par' dir='ltr' id='par_1_49' title="bbox 2063 2415 3646 2489">
     <span class='ocr_line' id='line_1_49' title="bbox 2063 2415 3646 2489; baseline 0.003 -19"><span class='ocrx_word' id='word_1_365' title='bbox 2063 2415 2118 2470; x_wconf 92' lang='lat' dir='ltr'><strong>in</strong></span> <span class='ocrx_word' id='word_1_366' title='bbox 2161 2417 2339 2485; x_wconf 89' lang='lat' dir='ltr'><strong>ipsum</strong></span> <span class='ocrx_word' id='word_1_367' title='bbox 2369 2416 2744 2471; x_wconf 78' lang='lat' dir='ltr'><strong>descendebat</strong></span> <span class='ocrx_word' id='word_1_368' title='bbox 2781 2433 2795 2470; x_wconf 90' lang='lat'><strong>:</strong></span> <span class='ocrx_word' id='word_1_369' title='bbox 2833 2433 2897 2471; x_wconf 79' lang='lat' dir='ltr'><strong>ex</strong></span> <span class='ocrx_word' id='word_1_370' title='bbox 2932 2418 3226 2475; x_wconf 86' lang='lat' dir='ltr'><strong>divinitate</strong></span> <span class='ocrx_word' id='word_1_371' title='bbox 3253 2419 3426 2489; x_wconf 78' lang='lat' dir='ltr'><strong>ipsius</strong></span> <span class='ocrx_word' id='word_1_372' title='bbox 3458 2419 3511 2474; x_wconf 91' lang='lat' dir='ltr'><strong>in</strong></span> <span class='ocrx_word' id='word_1_373' title='bbox 3544 2421 3646 2474; x_wconf 84' lang='lat' dir='ltr'><strong>liu-</strong></span> 
     </span>
    </p>
   </div>
   <div class='ocr_carea' id='block_1_50' title="bbox 2064 2507 3646 2582">
    <p class='ocr_par' dir='ltr' id='par_1_50' title="bbox 2064 2507 3646 2582">
     <span class='ocr_line' id='line_1_50' title="bbox 2064 2507 3646 2582; baseline 0.004 -22"><span class='ocrx_word' id='word_1_374' title='bbox 2064 2508 2380 2561; x_wconf 83' lang='lat' dir='ltr'><strong>manitatem</strong></span> <span class='ocrx_word' id='word_1_375' title='bbox 2427 2507 2624 2577; x_wconf 86' lang='lat' dir='ltr'><strong>ipsius,</strong></span> <span class='ocrx_word' id='word_1_376' title='bbox 2671 2526 2690 2560; x_wconf 71' lang='grc' dir='ltr'><strong>ι</strong></span> <span class='ocrx_word' id='word_1_377' title='bbox 2739 2509 2844 2564; x_wconf 88' lang='lat' dir='ltr'><strong>hoc</strong></span> <span class='ocrx_word' id='word_1_378' title='bbox 2883 2524 2985 2564; x_wconf 91' lang='lat' dir='ltr'><strong>suo</strong></span> <span class='ocrx_word' id='word_1_379' title='bbox 3017 2509 3168 2566; x_wconf 89' lang='lat' dir='ltr'><strong>dicto</strong></span> <span class='ocrx_word' id='word_1_380' title='bbox 3188 2523 3379 2582; x_wconf 88' lang='lat' dir='ltr'><strong>aperte</strong></span> <span class='ocrx_word' id='word_1_381' title='bbox 3409 2511 3646 2568; x_wconf 76' lang='lat' dir='ltr'><strong>demun-</strong></span> 
     </span>
    </p>
   </div>
   <div class='ocr_carea' id='block_1_51' title="bbox 2074 2598 3155 2672">
    <p class='ocr_par' dir='ltr' id='par_1_51' title="bbox 2074 2598 3155 2672">
     <span class='ocr_line' id='line_1_51' title="bbox 2074 2598 3155 2672; baseline 0.004 -16"><span class='ocrx_word' id='word_1_382' title='bbox 2074 2607 2236 2668; x_wconf 88' lang='lat' dir='ltr'><strong>strat,</strong></span> <span class='ocrx_word' id='word_1_383' title='bbox 2267 2601 2431 2656; x_wconf 85' lang='lat' dir='ltr'><strong>etiam</strong></span> <span class='ocrx_word' id='word_1_384' title='bbox 2463 2616 2528 2656; x_wconf 85' lang='lat' dir='ltr'><strong>ex</strong></span> <span class='ocrx_word' id='word_1_385' title='bbox 2553 2598 2691 2657; x_wconf 86' lang='lat' dir='ltr'><strong>Filio</strong></span> <span class='ocrx_word' id='word_1_386' title='bbox 2721 2599 2988 2672; x_wconf 86' lang='lat' dir='ltr'><strong>Spiritum</strong></span> <span class='ocrx_word' id='word_1_387' title='bbox 3009 2617 3155 2660; x_wconf 79' lang='lat' dir='ltr'><strong>esse.</strong></span> 
     </span>
    </p>
   </div>
   <div class='ocr_carea' id='block_1_52' title="bbox 440 2784 1980 2863">
    <p class='ocr_par' dir='ltr' id='par_1_52' title="bbox 440 2788 1963 2861">
     <span class='ocr_line' id='line_1_52' title="bbox 440 2788 1963 2861; baseline 0 -17"><span class='ocrx_word' id='word_1_388' title='bbox 440 2797 496 2844; x_wconf 85' lang='grc' dir='ltr'><strong>ι’.</strong></span> <span class='ocrx_word' id='word_1_389' title='bbox 534 2789 707 2845; x_wconf 83' lang='grc' dir='ltr'>Πάλιν</span> <span class='ocrx_word' id='word_1_390' title='bbox 732 2788 940 2855; x_wconf 78' lang='grc' dir='ltr'>Φὼτιος</span> <span class='ocrx_word' id='word_1_391' title='bbox 994 2791 1094 2860; x_wconf 75' lang='grc' dir='ltr'>μὶν</span> <span class='ocrx_word' id='word_1_392' title='bbox 1121 2790 1248 2861; x_wconf 77' lang='grc' dir='ltr'>τὴν,</span> <span class='ocrx_word' id='word_1_393' title='bbox 1288 2809 1308 2844; x_wconf 83' lang='grc' dir='ltr'><strong>ι</strong></span> <span class='ocrx_word' id='word_1_394' title='bbox 1359 2791 1456 2846; x_wconf 86' lang='grc' dir='ltr'>Ἐκ</span> <span class='ocrx_word' id='word_1_395' title='bbox 1490 2789 1585 2845; x_wconf 84' lang='grc' dir='ltr'><strong>τοῦ</strong></span> <span class='ocrx_word' id='word_1_396' title='bbox 1627 2790 1762 2860; x_wconf 77' lang='grc' dir='ltr'>ἐμοῦ</span> <span class='ocrx_word' id='word_1_397' title='bbox 1791 2789 1963 2860; x_wconf 76' lang='grc' dir='ltr'>λήψε-</span> 
     </span>
    </p>
   </div>
   <div class='ocr_carea' id='block_1_53' title="bbox 2063 2784 3648 2863">
    <p class='ocr_par' dir='ltr' id='par_1_53' title="bbox 2140 2784 3648 2849">
     <span class='ocr_line' id='line_1_53' title="bbox 2140 2784 3648 2849; baseline 0.007 -10"><span class='ocrx_word' id='word_1_398' title='bbox 2140 2785 2228 2841; x_wconf 75' lang='lat'><strong>10.</strong></span> <span class='ocrx_word' id='word_1_399' title='bbox 2260 2784 2393 2840; x_wconf 90' lang='lat' dir='ltr'><strong>item</strong></span> <span class='ocrx_word' id='word_1_400' title='bbox 2434 2784 2666 2842; x_wconf 83' lang='lat' dir='ltr'><strong>Pltotius</strong></span> <span class='ocrx_word' id='word_1_401' title='bbox 2708 2787 2913 2843; x_wconf 89' lang='lat' dir='ltr'><strong>dictum</strong></span> <span class='ocrx_word' id='word_1_402' title='bbox 2949 2789 3080 2844; x_wconf 86' lang='lat' dir='ltr'><strong>illud</strong></span> <span class='ocrx_word' id='word_1_403' title='bbox 3123 2789 3344 2848; x_wconf 91' lang='lat' dir='ltr'><strong>Domini</strong></span> <span class='ocrx_word' id='word_1_404' title='bbox 3376 2794 3432 2848; x_wconf 89' lang='lat' dir='ltr'><strong>in</strong></span> <span class='ocrx_word' id='word_1_405' title='bbox 3467 2795 3648 2849; x_wconf 79' lang='lat' dir='ltr'><strong>Evan-</strong></span> 
     </span>
    </p>
   </div>
   <div class='ocr_carea' id='block_1_54' title="bbox 361 2876 1980 2957">
    <p class='ocr_par' dir='ltr' id='par_1_54' title="bbox 361 2881 1958 2957">
     <span class='ocr_line' id='line_1_54' title="bbox 361 2881 1958 2957; baseline 0 -21"><span class='ocrx_word' id='word_1_406' title='bbox 361 2902 462 2938; x_wconf 85' lang='grc' dir='ltr'><strong>ται</strong></span> <span class='ocrx_word' id='word_1_407' title='bbox 491 2903 510 2937; x_wconf 74' lang='grc' dir='ltr'><strong>ι</strong></span> <span class='ocrx_word' id='word_1_408' title='bbox 552 2883 920 2955; x_wconf 78' lang='grc' dir='ltr'>εὑαγγελικὴν</span> <span class='ocrx_word' id='word_1_409' title='bbox 984 2882 1081 2938; x_wconf 86' lang='grc' dir='ltr'><strong>τοῦ</strong></span> <span class='ocrx_word' id='word_1_410' title='bbox 1141 2884 1349 2957; x_wconf 85' lang='grc' dir='ltr'>Κυρίου</span> <span class='ocrx_word' id='word_1_411' title='bbox 1405 2884 1588 2956; x_wconf 80' lang='grc' dir='ltr'>φωνὴν</span> <span class='ocrx_word' id='word_1_412' title='bbox 1644 2885 1724 2946; x_wconf 85' lang='grc' dir='ltr'><strong>είς</strong></span> <span class='ocrx_word' id='word_1_413' title='bbox 1771 2883 1833 2937; x_wconf 86' lang='grc' dir='ltr'>τὸ</span> <span class='ocrx_word' id='word_1_414' title='bbox 1863 2881 1958 2936; x_wconf 90' lang='grc' dir='ltr'><strong>τοῦ</strong></span> 
     </span>
    </p>
   </div>
   <div class='ocr_carea' id='block_1_55' title="bbox 2063 2876 3646 2957">
    <p class='ocr_par' dir='ltr' id='par_1_55' title="bbox 2063 2876 3646 2956">
     <span class='ocr_line' id='line_1_55' title="bbox 2063 2876 3646 2956; baseline 0.006 -24"><span class='ocrx_word' id='word_1_415' title='bbox 2063 2877 2204 2944; x_wconf 73' lang='lat' dir='ltr'><strong>gelio</strong></span> <span class='ocrx_word' id='word_1_416' title='bbox 2236 2895 2251 2933; x_wconf 93' lang='lat'><strong>:</strong></span> <span class='ocrx_word' id='word_1_417' title='bbox 2285 2897 2304 2930; x_wconf 79' lang='grc' dir='ltr'><strong>ι</strong></span> <span class='ocrx_word' id='word_1_418' title='bbox 2331 2876 2406 2933; x_wconf 91' lang='lat' dir='ltr'><strong>De</strong></span> <span class='ocrx_word' id='word_1_419' title='bbox 2454 2893 2576 2955; x_wconf 84' lang='lat' dir='ltr'><strong>meo</strong></span> <span class='ocrx_word' id='word_1_420' title='bbox 2620 2879 2851 2949; x_wconf 84' lang='lat' dir='ltr'><strong>accipiet</strong></span> <span class='ocrx_word' id='word_1_421' title='bbox 2877 2877 2942 2947; x_wconf 74' lang='lat'><strong>”,</strong></span> <span class='ocrx_word' id='word_1_422' title='bbox 2978 2900 2998 2935; x_wconf 75' lang='grc' dir='ltr'><strong>ι</strong></span> <span class='ocrx_word' id='word_1_423' title='bbox 3028 2881 3083 2937; x_wconf 85' lang='lat' dir='ltr'><strong>in</strong></span> <span class='ocrx_word' id='word_1_424' title='bbox 3124 2882 3304 2941; x_wconf 80' lang='lat' dir='ltr'><strong>Patris</strong></span> <span class='ocrx_word' id='word_1_425' title='bbox 3355 2896 3646 2956; x_wconf 81' lang='lat' dir='ltr'><strong>personam</strong></span> 
     </span>
    </p>
   </div>
   <div class='ocr_carea' id='block_1_56' title="bbox 364 2970 1980 3049">
    <p class='ocr_par' dir='ltr' id='par_1_56' title="bbox 364 2976 1962 3049">
     <span class='ocr_line' id='line_1_56' title="bbox 364 2976 1962 3049; baseline -0.002 -17"><span class='ocrx_word' id='word_1_426' title='bbox 364 2977 589 3049; x_wconf 67' lang='grc' dir='ltr'>Πατρός</span> <span class='ocrx_word' id='word_1_427' title='bbox 616 2976 1024 3048; x_wconf 74' lang='grc' dir='ltr'>ὲκλαμϐἀνεται</span> <span class='ocrx_word' id='word_1_428' title='bbox 1059 2977 1378 3048; x_wconf 77' lang='grc' dir='ltr'>πρόσωπον.</span> <span class='ocrx_word' id='word_1_429' title='bbox 1418 2996 1438 3029; x_wconf 82' lang='grc' dir='ltr'><strong>ι</strong></span> <span class='ocrx_word' id='word_1_430' title='bbox 1483 2977 1594 3032; x_wconf 74' lang='grc' dir='ltr'>Καὶ</span> <span class='ocrx_word' id='word_1_431' title='bbox 1621 2977 1765 3041; x_wconf 76' lang='grc' dir='ltr'>ἐπεὶ,</span> <span class='ocrx_word' id='word_1_432' title='bbox 1803 2995 1824 3030; x_wconf 74' lang='grc' dir='ltr'><strong>ι</strong></span> <span class='ocrx_word' id='word_1_433' title='bbox 1855 2992 1962 3048; x_wconf 82' lang='grc' dir='ltr'><strong>φη-</strong></span> 
     </span>
    </p>
   </div>
   <div class='ocr_carea' id='block_1_57' title="bbox 2063 2970 3646 3049">
    <p class='ocr_par' dir='ltr' id='par_1_57' title="bbox 2063 2970 3646 3043">
     <span class='ocr_line' id='line_1_57' title="bbox 2063 2970 3646 3043; baseline 0.006 -18"><span class='ocrx_word' id='word_1_434' title='bbox 2063 2971 2254 3026; x_wconf 80' lang='lat' dir='ltr'><strong>refert.</strong></span> <span class='ocrx_word' id='word_1_435' title='bbox 2297 2989 2316 3023; x_wconf 74' lang='grc' dir='ltr'><strong>ι</strong></span> <span class='ocrx_word' id='word_1_436' title='bbox 2356 2970 2422 3026; x_wconf 81' lang='lat' dir='ltr'><strong>Et</strong></span> <span class='ocrx_word' id='word_1_437' title='bbox 2469 2987 2618 3036; x_wconf 91' lang='lat' dir='ltr'><strong>cum,</strong></span> <span class='ocrx_word' id='word_1_438' title='bbox 2659 2989 2679 3024; x_wconf 71' lang='grc' dir='ltr'><strong>ι</strong></span> <span class='ocrx_word' id='word_1_439' title='bbox 2715 2973 2914 3042; x_wconf 90' lang='lat' dir='ltr'><strong>inquit,</strong></span> <span class='ocrx_word' id='word_1_440' title='bbox 2959 2993 2978 3025; x_wconf 80' lang='grc' dir='ltr'><strong>ι</strong></span> <span class='ocrx_word' id='word_1_441' title='bbox 3025 2989 3137 3030; x_wconf 90' lang='lat' dir='ltr'><strong>non</strong></span> <span class='ocrx_word' id='word_1_442' title='bbox 3185 2991 3252 3030; x_wconf 80' lang='lat' dir='ltr'><strong>ex</strong></span> <span class='ocrx_word' id='word_1_443' title='bbox 3307 2993 3414 3043; x_wconf 88' lang='lat' dir='ltr'><strong>me,</strong></span> <span class='ocrx_word' id='word_1_444' title='bbox 3452 2979 3548 3034; x_wconf 85' lang='lat' dir='ltr'><strong>sed</strong></span> <span class='ocrx_word' id='word_1_445' title='bbox 3577 2996 3646 3034; x_wconf 77' lang='lat' dir='ltr'><strong>ex</strong></span> 
     </span>
    </p>
   </div>
   <div class='ocr_carea' id='block_1_58' title="bbox 363 3057 1980 3152">
    <p class='ocr_par' dir='ltr' id='par_1_58' title="bbox 363 3057 1960 3144">
     <span class='ocr_line' id='line_1_58' title="bbox 363 3057 1960 3144; baseline 0.002 -22"><span class='ocrx_word' id='word_1_446' title='bbox 363 3070 479 3134; x_wconf 80' lang='grc' dir='ltr'>σὶν,</span> <span class='ocrx_word' id='word_1_447' title='bbox 510 3088 529 3120; x_wconf 80' lang='grc' dir='ltr'><strong>ι</strong></span> <span class='ocrx_word' id='word_1_448' title='bbox 565 3071 670 3122; x_wconf 84' lang='grc' dir='ltr'>οὐκ</span> <span class='ocrx_word' id='word_1_449' title='bbox 716 3069 777 3135; x_wconf 72' lang='grc' dir='ltr'><strong>ἐξ</strong></span> <span class='ocrx_word' id='word_1_450' title='bbox 840 3057 998 3140; x_wconf 73' lang='grc' dir='ltr'>ἐμοῦ,</span> <span class='ocrx_word' id='word_1_451' title='bbox 1026 3069 1142 3123; x_wconf 82' lang='grc' dir='ltr'>ἀλλ’</span> <span class='ocrx_word' id='word_1_452' title='bbox 1195 3072 1260 3124; x_wconf 81' lang='grc' dir='ltr'>ὲκ</span> <span class='ocrx_word' id='word_1_453' title='bbox 1305 3071 1402 3124; x_wconf 89' lang='grc' dir='ltr'><strong>τοῦ</strong></span> <span class='ocrx_word' id='word_1_454' title='bbox 1460 3071 1597 3139; x_wconf 74' lang='grc' dir='ltr'>ἐμοῦ</span> <span class='ocrx_word' id='word_1_455' title='bbox 1626 3070 1880 3144; x_wconf 72' lang='grc' dir='ltr'>λήψεται,</span> <span class='ocrx_word' id='word_1_456' title='bbox 1930 3073 1960 3125; x_wconf 90' lang='lat'><strong>6</strong></span> 
     </span>
    </p>
   </div>
   <div class='ocr_carea' id='block_1_59' title="bbox 2063 3057 3647 3152">
    <p class='ocr_par' dir='ltr' id='par_1_59' title="bbox 2063 3064 3647 3152">
     <span class='ocr_line' id='line_1_59' title="bbox 2063 3064 3647 3152; baseline 0.005 -33"><span class='ocrx_word' id='word_1_457' title='bbox 2063 3079 2149 3128; x_wconf 91' lang='lat' dir='ltr'><strong>eo,</strong></span> <span class='ocrx_word' id='word_1_458' title='bbox 2193 3067 2339 3134; x_wconf 86' lang='lat' dir='ltr'><strong>quod</strong></span> <span class='ocrx_word' id='word_1_459' title='bbox 2374 3080 2554 3119; x_wconf 91' lang='lat' dir='ltr'><strong>meum</strong></span> <span class='ocrx_word' id='word_1_460' title='bbox 2582 3073 2685 3130; x_wconf 89' lang='lat' dir='ltr'><strong>est,</strong></span> <span class='ocrx_word' id='word_1_461' title='bbox 2719 3064 2984 3152; x_wconf 64' lang='lat' dir='ltr'><strong>Dominus</strong></span> <span class='ocrx_word' id='word_1_462' title='bbox 3019 3067 3178 3134; x_wconf 79' lang='lat' dir='ltr'><strong>dixit,</strong></span> <span class='ocrx_word' id='word_1_463' title='bbox 3215 3079 3340 3140; x_wconf 72' lang='lat' dir='ltr'><strong>quae</strong></span> <span class='ocrx_word' id='word_1_464' title='bbox 3368 3071 3476 3126; x_wconf 87' lang='lat' dir='ltr'><strong>alia</strong></span> <span class='ocrx_word' id='word_1_465' title='bbox 3519 3086 3647 3142; x_wconf 91' lang='lat' dir='ltr'><strong>per-</strong></span> 
     </span>
    </p>
   </div>
   <div class='ocr_carea' id='block_1_60' title="bbox 363 3155 1980 3235">
    <p class='ocr_par' dir='ltr' id='par_1_60' title="bbox 363 3155 1953 3231">
     <span class='ocr_line' id='line_1_60' title="bbox 363 3155 1953 3231; baseline 0.001 -18"><span class='ocrx_word' id='word_1_466' title='bbox 363 3159 578 3230; x_wconf 82' lang='grc' dir='ltr'>Κύριος</span> <span class='ocrx_word' id='word_1_467' title='bbox 606 3159 711 3230; x_wconf 75' lang='grc' dir='ltr'><strong>ἔφη</strong></span> <span class='ocrx_word' id='word_1_468' title='bbox 738 3161 894 3212; x_wconf 84' lang='grc' dir='ltr'>ποῖον</span> <span class='ocrx_word' id='word_1_469' title='bbox 937 3157 1002 3212; x_wconf 72' lang='grc' dir='ltr'>ἂν</span> <span class='ocrx_word' id='word_1_470' title='bbox 1046 3159 1236 3230; x_wconf 69' lang='grc' dir='ltr'>ἔτερον</span> <span class='ocrx_word' id='word_1_471' title='bbox 1292 3160 1587 3230; x_wconf 88' lang='grc' dir='ltr'>πρόσωπον</span> <span class='ocrx_word' id='word_1_472' title='bbox 1635 3162 1745 3231; x_wconf 78' lang='grc' dir='ltr'>εἴη,</span> <span class='ocrx_word' id='word_1_473' title='bbox 1800 3161 1860 3226; x_wconf 77' lang='grc' dir='ltr'>ἐξ</span> <span class='ocrx_word' id='word_1_474' title='bbox 1891 3155 1953 3215; x_wconf 77' lang='lat'><strong>06</strong></span> 
     </span>
    </p>
   </div>
   <div class='ocr_carea' id='block_1_61' title="bbox 2063 3155 3646 3235">
    <p class='ocr_par' dir='ltr' id='par_1_61' title="bbox 2065 3155 3646 3232">
     <span class='ocr_line' id='line_1_61' title="bbox 2065 3155 3646 3232; baseline 0.003 -20"><span class='ocrx_word' id='word_1_475' title='bbox 2065 3171 2200 3212; x_wconf 90' lang='lat' dir='ltr'><strong>sona</strong></span> <span class='ocrx_word' id='word_1_476' title='bbox 2236 3155 2420 3219; x_wconf 84' lang='lat' dir='ltr'><strong>fuerit,</strong></span> <span class='ocrx_word' id='word_1_477' title='bbox 2451 3172 2516 3211; x_wconf 84' lang='lat' dir='ltr'><strong>ex</strong></span> <span class='ocrx_word' id='word_1_478' title='bbox 2543 3169 2650 3226; x_wconf 91' lang='lat' dir='ltr'><strong>qua</strong></span> <span class='ocrx_word' id='word_1_479' title='bbox 2708 3156 2923 3212; x_wconf 87' lang='lat' dir='ltr'><strong>Domini</strong></span> <span class='ocrx_word' id='word_1_480' title='bbox 2961 3155 3200 3228; x_wconf 87' lang='lat' dir='ltr'><strong>Spiritus</strong></span> <span class='ocrx_word' id='word_1_481' title='bbox 3231 3161 3450 3231; x_wconf 86' lang='lat' dir='ltr'><strong>accipit,</strong></span> <span class='ocrx_word' id='word_1_482' title='bbox 3483 3159 3646 3232; x_wconf 61' lang='lat' dir='ltr'><strong>quam</strong></span> 
     </span>
    </p>
   </div>
   <div class='ocr_carea' id='block_1_62' title="bbox 363 3251 1957 3326">
    <p class='ocr_par' dir='ltr' id='par_1_62' title="bbox 363 3251 1957 3326">
     <span class='ocr_line' id='line_1_62' title="bbox 363 3251 1957 3326; baseline 0.004 -22"><span class='ocrx_word' id='word_1_483' title='bbox 363 3252 426 3304; x_wconf 81' lang='grc' dir='ltr'>τὸ</span> <span class='ocrx_word' id='word_1_484' title='bbox 465 3251 563 3304; x_wconf 88' lang='grc' dir='ltr'><strong>τοῦ</strong></span> <span class='ocrx_word' id='word_1_485' title='bbox 604 3251 816 3323; x_wconf 80' lang='grc' dir='ltr'>Κυρίου</span> <span class='ocrx_word' id='word_1_486' title='bbox 870 3251 1101 3323; x_wconf 87' lang='grc' dir='ltr'>Πνεῦμα</span> <span class='ocrx_word' id='word_1_487' title='bbox 1141 3252 1436 3321; x_wconf 73' lang='grc' dir='ltr'>λαμϐάνει,</span> <span class='ocrx_word' id='word_1_488' title='bbox 1482 3253 1534 3307; x_wconf 82' lang='grc' dir='ltr'><strong>εί</strong></span> <span class='ocrx_word' id='word_1_489' title='bbox 1561 3252 1638 3323; x_wconf 86' lang='grc' dir='ltr'>μὴ</span> <span class='ocrx_word' id='word_1_490' title='bbox 1673 3255 1700 3308; x_wconf 90' lang='lat'><strong>6</strong></span> <span class='ocrx_word' id='word_1_491' title='bbox 1735 3255 1957 3326; x_wconf 74' lang='grc' dir='ltr'>Πατήρ;</span> 
     </span>
    </p>
   </div>
   <div class='ocr_carea' id='block_1_63' title="bbox 373 3341 1959 3420">
    <p class='ocr_par' dir='ltr' id='par_1_63' title="bbox 373 3341 1959 3420">
     <span class='ocr_line' id='line_1_63' title="bbox 373 3341 1959 3420; baseline 0.004 -23"><span class='ocrx_word' id='word_1_492' title='bbox 373 3341 439 3398; x_wconf 87' lang='lat'><strong>&#39;0</strong></span> <span class='ocrx_word' id='word_1_493' title='bbox 470 3344 528 3397; x_wconf 79' lang='grc' dir='ltr'><strong>δὲ</strong></span> <span class='ocrx_word' id='word_1_494' title='bbox 558 3343 734 3415; x_wconf 84' lang='grc' dir='ltr'>μέγας</span> <span class='ocrx_word' id='word_1_495' title='bbox 780 3343 1104 3409; x_wconf 79' lang='grc' dir='ltr'>’Δθανάσιος</span> <span class='ocrx_word' id='word_1_496' title='bbox 1147 3345 1248 3417; x_wconf 79' lang='grc' dir='ltr'>τὴν</span> <span class='ocrx_word' id='word_1_497' title='bbox 1275 3346 1541 3416; x_wconf 84' lang='grc' dir='ltr'>τοιαύτην</span> <span class='ocrx_word' id='word_1_498' title='bbox 1577 3346 1959 3420; x_wconf 79' lang='grc' dir='ltr'>παρεξήγησιν</span> 
     </span>
    </p>
   </div>
   <div class='ocr_carea' id='block_1_64' title="bbox 367 3431 1960 3509">
    <p class='ocr_par' dir='ltr' id='par_1_64' title="bbox 367 3431 1960 3509">
     <span class='ocr_line' id='line_1_64' title="bbox 367 3431 1960 3509; baseline 0.003 -20"><span class='ocrx_word' id='word_1_499' title='bbox 367 3436 694 3509; x_wconf 79' lang='grc' dir='ltr'>ἀπελέγχει,</span> <span class='ocrx_word' id='word_1_500' title='bbox 723 3437 781 3488; x_wconf 79' lang='grc' dir='ltr'>ὲν</span> <span class='ocrx_word' id='word_1_501' title='bbox 795 3431 878 3499; x_wconf 79' lang='grc' dir='ltr'>οἷς</span> <span class='ocrx_word' id='word_1_502' title='bbox 900 3435 1075 3499; x_wconf 80' lang='grc' dir='ltr'>οὕτως</span> <span class='ocrx_word' id='word_1_503' title='bbox 1114 3437 1210 3490; x_wconf 65' lang='grc' dir='ltr'><strong>ἐπὶ</strong></span> <span class='ocrx_word' id='word_1_504' title='bbox 1259 3435 1458 3501; x_wconf 79' lang='grc' dir='ltr'>λέξεως</span> <span class='ocrx_word' id='word_1_505' title='bbox 1481 3437 1651 3507; x_wconf 84' lang='grc' dir='ltr'>λέγει,</span> <span class='ocrx_word' id='word_1_506' title='bbox 1693 3458 1712 3491; x_wconf 81' lang='grc' dir='ltr'><strong>ι</strong></span> <span class='ocrx_word' id='word_1_507' title='bbox 1765 3439 1823 3492; x_wconf 88' lang='lat'><strong>&#39;0</strong></span> <span class='ocrx_word' id='word_1_508' title='bbox 1859 3439 1960 3509; x_wconf 77' lang='grc' dir='ltr'>μὲν</span> 
     </span>
    </p>
   </div>
   <div class='ocr_carea' id='block_1_65' title="bbox 368 3508 1959 3602">
    <p class='ocr_par' dir='ltr' id='par_1_65' title="bbox 368 3508 1959 3602">
     <span class='ocr_line' id='line_1_65' title="bbox 368 3508 1959 3602; baseline 0.004 -22"><span class='ocrx_word' id='word_1_509' title='bbox 368 3527 525 3592; x_wconf 73' lang='grc' dir='ltr'>Υἱὸς,</span> <span class='ocrx_word' id='word_1_510' title='bbox 563 3545 584 3578; x_wconf 71' lang='grc' dir='ltr'><strong>ι</strong></span> <span class='ocrx_word' id='word_1_511' title='bbox 631 3508 820 3597; x_wconf 71' lang='grc' dir='ltr'>ᾦησὶν,</span> <span class='ocrx_word' id='word_1_512' title='bbox 874 3545 892 3580; x_wconf 83' lang='grc' dir='ltr'><strong>ι</strong></span> <span class='ocrx_word' id='word_1_513' title='bbox 927 3527 963 3583; x_wconf 76' lang='grc' dir='ltr'>ἃ</span> <span class='ocrx_word' id='word_1_514' title='bbox 985 3529 1197 3599; x_wconf 78' lang='grc' dir='ltr'>ἥκουσα</span> <span class='ocrx_word' id='word_1_515' title='bbox 1223 3530 1376 3598; x_wconf 77' lang='grc' dir='ltr'>παρὰ</span> <span class='ocrx_word' id='word_1_516' title='bbox 1399 3529 1494 3584; x_wconf 89' lang='grc' dir='ltr'><strong>τοῦ</strong></span> <span class='ocrx_word' id='word_1_517' title='bbox 1521 3532 1759 3602; x_wconf 73' lang='grc' dir='ltr'>Πατρὺς,</span> <span class='ocrx_word' id='word_1_518' title='bbox 1783 3508 1959 3587; x_wconf 88' lang='grc' dir='ltr'>ταῦτα</span> 
     </span>
    </p>
   </div>
   <div class='ocr_carea' id='block_1_66' title="bbox 364 3620 1958 3695">
    <p class='ocr_par' dir='ltr' id='par_1_66' title="bbox 364 3620 1958 3695">
     <span class='ocr_line' id='line_1_66' title="bbox 364 3620 1958 3695; baseline 0.002 -19"><span class='ocrx_word' id='word_1_519' title='bbox 364 3623 469 3676; x_wconf 75' lang='grc' dir='ltr'>καὶ</span> <span class='ocrx_word' id='word_1_520' title='bbox 510 3622 661 3675; x_wconf 79' lang='grc' dir='ltr'>λαλῶ</span> <span class='ocrx_word' id='word_1_521' title='bbox 696 3624 778 3686; x_wconf 79' lang='grc' dir='ltr'>εἰς</span> <span class='ocrx_word' id='word_1_522' title='bbox 806 3622 900 3676; x_wconf 82' lang='grc' dir='ltr'>τὸν</span> <span class='ocrx_word' id='word_1_523' title='bbox 925 3620 1130 3692; x_wconf 84' lang='grc' dir='ltr'>κόσμον</span> <span class='ocrx_word' id='word_1_524' title='bbox 1150 3635 1166 3653; x_wconf 79' lang='grc' dir='ltr'><strong><em>ο</em></strong></span> <span class='ocrx_word' id='word_1_525' title='bbox 1198 3621 1258 3674; x_wconf 83' lang='lat'><strong>16</strong></span> <span class='ocrx_word' id='word_1_526' title='bbox 1283 3621 1342 3676; x_wconf 72' lang='grc' dir='ltr'><strong>δὲ</strong></span> <span class='ocrx_word' id='word_1_527' title='bbox 1366 3621 1595 3694; x_wconf 87' lang='grc' dir='ltr'>Πνεῦμα</span> <span class='ocrx_word' id='word_1_528' title='bbox 1617 3625 1682 3678; x_wconf 80' lang='grc' dir='ltr'>ὲκ</span> <span class='ocrx_word' id='word_1_529' title='bbox 1706 3624 1801 3678; x_wconf 89' lang='grc' dir='ltr'><strong>τοῦ</strong></span> <span class='ocrx_word' id='word_1_530' title='bbox 1821 3624 1958 3695; x_wconf 79' lang='grc' dir='ltr'>ἐμοῦ</span> 
     </span>
    </p>
   </div>
   <div class='ocr_carea' id='block_1_67' title="bbox 362 3711 1960 3787">
    <p class='ocr_par' dir='ltr' id='par_1_67' title="bbox 362 3711 1960 3787">
     <span class='ocr_line' id='line_1_67' title="bbox 362 3711 1960 3787; baseline 0.003 -21"><span class='ocrx_word' id='word_1_531' title='bbox 362 3713 478 3783; x_wconf 85' lang='grc' dir='ltr'>γὰρ</span> <span class='ocrx_word' id='word_1_532' title='bbox 507 3711 770 3784; x_wconf 79' lang='grc' dir='ltr'>λήψεται,</span> <span class='ocrx_word' id='word_1_533' title='bbox 803 3713 901 3766; x_wconf 70' lang='grc' dir='ltr'><strong>καὶ</strong></span> <span class='ocrx_word' id='word_1_534' title='bbox 950 3712 1245 3782; x_wconf 84' lang='grc' dir='ltr'>ἀναγγελεῖ</span> <span class='ocrx_word' id='word_1_535' title='bbox 1288 3715 1446 3785; x_wconf 77' lang='grc' dir='ltr'>ἡμῖν,</span> <span class='ocrx_word' id='word_1_536' title='bbox 1500 3715 1689 3787; x_wconf 85' lang='grc' dir='ltr'>φησίν.</span> <span class='ocrx_word' id='word_1_537' title='bbox 1753 3717 1960 3770; x_wconf 76' lang='grc' dir='ltr'>Ἐπεὶό</span> 
     </span>
    </p>
   </div>
   <div class='ocr_carea' id='block_1_68' title="bbox 362 3805 1960 3878">
    <p class='ocr_par' dir='ltr' id='par_1_68' title="bbox 362 3805 1960 3878">
     <span class='ocr_line' id='line_1_68' title="bbox 362 3805 1960 3878; baseline 0 -16"><span class='ocrx_word' id='word_1_538' title='bbox 362 3807 528 3872; x_wconf 80' lang='grc' dir='ltr'>ἆγιος</span> <span class='ocrx_word' id='word_1_539' title='bbox 579 3807 646 3859; x_wconf 79' lang='grc' dir='ltr'>ἐκ</span> <span class='ocrx_word' id='word_1_540' title='bbox 691 3805 786 3858; x_wconf 86' lang='grc' dir='ltr'><strong>τοῦ</strong></span> <span class='ocrx_word' id='word_1_541' title='bbox 815 3805 951 3859; x_wconf 83' lang='grc' dir='ltr'>Υίοῦ</span> <span class='ocrx_word' id='word_1_542' title='bbox 994 3805 1299 3876; x_wconf 75' lang='grc' dir='ltr'>λαμϐάνειν</span> <span class='ocrx_word' id='word_1_543' title='bbox 1346 3807 1498 3875; x_wconf 84' lang='grc' dir='ltr'>λέγει</span> <span class='ocrx_word' id='word_1_544' title='bbox 1522 3808 1584 3861; x_wconf 86' lang='grc' dir='ltr'>τὸ</span> <span class='ocrx_word' id='word_1_545' title='bbox 1615 3806 1844 3878; x_wconf 79' lang='grc' dir='ltr'>Πνεῦμα</span> <span class='ocrx_word' id='word_1_546' title='bbox 1871 3807 1960 3862; x_wconf 86' lang='grc' dir='ltr'><strong>διὰ</strong></span> 
     </span>
    </p>
   </div>
   <div class='ocr_carea' id='block_1_69' title="bbox 363 3895 1958 3967">
    <p class='ocr_par' dir='ltr' id='par_1_69' title="bbox 363 3895 1958 3967">
     <span class='ocr_line' id='line_1_69' title="bbox 363 3895 1958 3967; baseline 0 -19"><span class='ocrx_word' id='word_1_547' title='bbox 363 3897 433 3949; x_wconf 85' lang='lat'><strong>16</strong></span> <span class='ocrx_word' id='word_1_548' title='bbox 453 3897 641 3950; x_wconf 75' lang='grc' dir='ltr'>εἰπεῖν</span> <span class='ocrx_word' id='word_1_549' title='bbox 666 3896 725 3950; x_wconf 79' lang='grc' dir='ltr'>ὲν</span> <span class='ocrx_word' id='word_1_550' title='bbox 772 3896 1134 3965; x_wconf 84' lang='grc' dir='ltr'>Εὑαγγελίοις</span> <span class='ocrx_word' id='word_1_551' title='bbox 1153 3897 1343 3962; x_wconf 84' lang='grc' dir='ltr'>αὐτὸν,</span> <span class='ocrx_word' id='word_1_552' title='bbox 1375 3914 1395 3948; x_wconf 81' lang='grc' dir='ltr'><strong>ι</strong></span> <span class='ocrx_word' id='word_1_553' title='bbox 1441 3897 1539 3950; x_wconf 85' lang='grc' dir='ltr'>Ἐκ</span> <span class='ocrx_word' id='word_1_554' title='bbox 1561 3897 1656 3951; x_wconf 86' lang='grc' dir='ltr'><strong>τοῦ</strong></span> <span class='ocrx_word' id='word_1_555' title='bbox 1689 3897 1828 3967; x_wconf 67' lang='grc' dir='ltr'>ἐμοῦ</span> <span class='ocrx_word' id='word_1_556' title='bbox 1857 3895 1958 3966; x_wconf 84' lang='grc' dir='ltr'><strong>λή-</strong></span> 
     </span>
    </p>
   </div>
   <div class='ocr_carea' id='block_1_70' title="bbox 361 3989 1959 4062">
    <p class='ocr_par' dir='ltr' id='par_1_70' title="bbox 361 3989 1959 4062">
     <span class='ocr_line' id='line_1_70' title="bbox 361 3989 1959 4062; baseline 0 -18"><span class='ocrx_word' id='word_1_557' title='bbox 361 3989 533 4060; x_wconf 79' lang='grc' dir='ltr'>ψεται</span> <span class='ocrx_word' id='word_1_558' title='bbox 593 4009 614 4043; x_wconf 72' lang='grc' dir='ltr'><strong>ι</strong></span> <span class='ocrx_word' id='word_1_559' title='bbox 668 3991 791 4054; x_wconf 84' lang='grc' dir='ltr'><strong>πῶς</strong></span> <span class='ocrx_word' id='word_1_560' title='bbox 820 3989 940 4044; x_wconf 77' lang='grc' dir='ltr'>ἔστι</span> <span class='ocrx_word' id='word_1_561' title='bbox 981 3992 1164 4059; x_wconf 83' lang='grc' dir='ltr'>λέγειν</span> <span class='ocrx_word' id='word_1_562' title='bbox 1192 3991 1275 4056; x_wconf 86' lang='lat'><strong>16,</strong></span> <span class='ocrx_word' id='word_1_563' title='bbox 1341 3989 1435 4045; x_wconf 87' lang='grc' dir='ltr'>Ἐκ</span> <span class='ocrx_word' id='word_1_564' title='bbox 1484 3990 1580 4045; x_wconf 81' lang='grc' dir='ltr'><strong>τοῦ</strong></span> <span class='ocrx_word' id='word_1_565' title='bbox 1633 3991 1794 4062; x_wconf 77' lang='grc' dir='ltr'>ἐμοῦ,</span> <span class='ocrx_word' id='word_1_566' title='bbox 1819 3989 1959 4060; x_wconf 80' lang='grc' dir='ltr'>πρὸς</span> 
     </span>
    </p>
   </div>
   <div class='ocr_carea' id='block_1_71' title="bbox 361 4082 1959 4156">
    <p class='ocr_par' dir='ltr' id='par_1_71' title="bbox 361 4082 1959 4156">
     <span class='ocr_line' id='line_1_71' title="bbox 361 4082 1959 4156; baseline 0.001 -19"><span class='ocrx_word' id='word_1_567' title='bbox 361 4084 431 4138; x_wconf 78' lang='grc' dir='ltr'>τὸ</span> <span class='ocrx_word' id='word_1_568' title='bbox 460 4083 732 4154; x_wconf 80' lang='grc' dir='ltr'>πατρικὸν</span> <span class='ocrx_word' id='word_1_569' title='bbox 767 4082 914 4153; x_wconf 73' lang='grc' dir='ltr'>ἔχειν</span> <span class='ocrx_word' id='word_1_570' title='bbox 955 4084 1252 4154; x_wconf 87' lang='grc' dir='ltr'>πρόσωπον</span> <span class='ocrx_word' id='word_1_571' title='bbox 1297 4084 1400 4156; x_wconf 79' lang='grc' dir='ltr'>τὴν</span> <span class='ocrx_word' id='word_1_572' title='bbox 1449 4084 1777 4155; x_wconf 81' lang='grc' dir='ltr'>ἁναφοράν;</span> <span class='ocrx_word' id='word_1_573' title='bbox 1831 4085 1959 4139; x_wconf 72' lang='grc' dir='ltr'><strong>Ὀτι</strong></span> 
     </span>
    </p>
   </div>
   <div class='ocr_carea' id='block_1_72' title="bbox 362 4173 1960 4246">
    <p class='ocr_par' dir='ltr' id='par_1_72' title="bbox 362 4173 1960 4246">
     <span class='ocr_line' id='line_1_72' title="bbox 362 4173 1960 4246; baseline 0.001 -18"><span class='ocrx_word' id='word_1_574' title='bbox 362 4175 426 4228; x_wconf 78' lang='grc' dir='ltr'><strong>δὲ</strong></span> <span class='ocrx_word' id='word_1_575' title='bbox 447 4174 544 4228; x_wconf 81' lang='grc' dir='ltr'><strong>διὰ</strong></span> <span class='ocrx_word' id='word_1_576' title='bbox 567 4174 629 4228; x_wconf 88' lang='lat'><strong>16</strong></span> <span class='ocrx_word' id='word_1_577' title='bbox 657 4173 759 4244; x_wconf 78' lang='grc' dir='ltr'><strong>τὴν</strong></span> <span class='ocrx_word' id='word_1_578' title='bbox 781 4173 1154 4244; x_wconf 78' lang='grc' dir='ltr'>εὐαγγελικὴν</span> <span class='ocrx_word' id='word_1_579' title='bbox 1183 4174 1393 4246; x_wconf 83' lang='grc' dir='ltr'>ταύτην</span> <span class='ocrx_word' id='word_1_580' title='bbox 1421 4176 1620 4246; x_wconf 83' lang='grc' dir='ltr'>χρῆσιν</span> <span class='ocrx_word' id='word_1_581' title='bbox 1645 4175 1739 4229; x_wconf 78' lang='grc' dir='ltr'><strong>τὸν</strong></span> <span class='ocrx_word' id='word_1_582' title='bbox 1757 4175 1960 4230; x_wconf 82' lang='grc' dir='ltr'>Ἰταλὸν</span> 
     </span>
    </p>
   </div>
   <div class='ocr_carea' id='block_1_73' title="bbox 361 4267 1962 4342">
    <p class='ocr_par' dir='ltr' id='par_1_73' title="bbox 361 4267 1962 4342">
     <span class='ocr_line' id='line_1_73' title="bbox 361 4267 1962 4342; baseline 0 -18"><span class='ocrx_word' id='word_1_583' title='bbox 361 4271 452 4333; x_wconf 78' lang='grc' dir='ltr'><strong>είς</strong></span> <span class='ocrx_word' id='word_1_584' title='bbox 483 4268 840 4340; x_wconf 81' lang='grc' dir='ltr'>παράστασιν</span> <span class='ocrx_word' id='word_1_585' title='bbox 869 4267 971 4338; x_wconf 80' lang='grc' dir='ltr'>τῆς</span> <span class='ocrx_word' id='word_1_586' title='bbox 1001 4269 1066 4322; x_wconf 77' lang='grc' dir='ltr'>ἐκ</span> <span class='ocrx_word' id='word_1_587' title='bbox 1115 4267 1214 4322; x_wconf 90' lang='grc' dir='ltr'><strong>τοῦ</strong></span> <span class='ocrx_word' id='word_1_588' title='bbox 1265 4267 1398 4322; x_wconf 84' lang='grc' dir='ltr'>Υίοῦ</span> <span class='ocrx_word' id='word_1_589' title='bbox 1449 4269 1750 4340; x_wconf 75' lang='grc' dir='ltr'>λαμϐάνειν</span> <span class='ocrx_word' id='word_1_590' title='bbox 1784 4269 1962 4342; x_wconf 80' lang='grc' dir='ltr'>ὑπάρ-</span> 
     </span>
    </p>
   </div>
   <div class='ocr_carea' id='block_1_74' title="bbox 366 4358 1961 4432">
    <p class='ocr_par' dir='ltr' id='par_1_74' title="bbox 366 4358 1961 4432">
     <span class='ocr_line' id='line_1_74' title="bbox 366 4358 1961 4432; baseline 0.001 -18"><span class='ocrx_word' id='word_1_591' title='bbox 366 4359 510 4427; x_wconf 84' lang='grc' dir='ltr'>ξεως</span> <span class='ocrx_word' id='word_1_592' title='bbox 547 4358 646 4414; x_wconf 86' lang='grc' dir='ltr'><strong>τοῦ</strong></span> <span class='ocrx_word' id='word_1_593' title='bbox 670 4358 944 4424; x_wconf 83' lang='grc' dir='ltr'>ζωοποιοῦ</span> <span class='ocrx_word' id='word_1_594' title='bbox 973 4358 1319 4431; x_wconf 84' lang='grc' dir='ltr'>Πνεύματος,</span> <span class='ocrx_word' id='word_1_595' title='bbox 1350 4361 1541 4415; x_wconf 80' lang='grc' dir='ltr'>ἄνοιαν</span> <span class='ocrx_word' id='word_1_596' title='bbox 1581 4359 1736 4432; x_wconf 84' lang='grc' dir='ltr'>αύτῷ</span> <span class='ocrx_word' id='word_1_597' title='bbox 1755 4359 1961 4427; x_wconf 76' lang='grc' dir='ltr'>Φώτιος</span> 
     </span>
    </p>
   </div>
   <div class='ocr_carea' id='block_1_75' title="bbox 370 4451 1959 4526">
    <p class='ocr_par' dir='ltr' id='par_1_75' title="bbox 370 4451 1959 4526">
     <span class='ocr_line' id='line_1_75' title="bbox 370 4451 1959 4526; baseline 0.001 -18"><span class='ocrx_word' id='word_1_598' title='bbox 370 4453 656 4519; x_wconf 77' lang='grc' dir='ltr'>ὀνειδίζει,</span> <span class='ocrx_word' id='word_1_599' title='bbox 714 4451 811 4506; x_wconf 81' lang='grc' dir='ltr'>καὶ</span> <span class='ocrx_word' id='word_1_600' title='bbox 852 4452 990 4526; x_wconf 71' lang='grc' dir='ltr'><strong>μηδὲ</strong></span> <span class='ocrx_word' id='word_1_601' title='bbox 1033 4455 1104 4507; x_wconf 85' lang='grc' dir='ltr'>τὰ</span> <span class='ocrx_word' id='word_1_602' title='bbox 1155 4453 1266 4506; x_wconf 85' lang='grc' dir='ltr'><strong>τῶν</strong></span> <span class='ocrx_word' id='word_1_603' title='bbox 1325 4454 1536 4509; x_wconf 82' lang='grc' dir='ltr'>παίδων</span> <span class='ocrx_word' id='word_1_604' title='bbox 1577 4453 1778 4510; x_wconf 79' lang='grc' dir='ltr'>ειδέναι</span> <span class='ocrx_word' id='word_1_605' title='bbox 1806 4455 1959 4526; x_wconf 84' lang='grc' dir='ltr'>λέγει</span> 
     </span>
    </p>
   </div>
   <div class='ocr_carea' id='block_1_76' title="bbox 2063 3247 3649 3318">
    <p class='ocr_par' dir='ltr' id='par_1_76' title="bbox 2063 3247 3649 3318">
     <span class='ocr_line' id='line_1_76' title="bbox 2063 3247 3649 3318; baseline 0.003 -14"><span class='ocrx_word' id='word_1_606' title='bbox 2063 3249 2270 3305; x_wconf 73' lang='lat' dir='ltr'><strong>Pater?</strong></span> <span class='ocrx_word' id='word_1_607' title='bbox 2315 3267 2334 3302; x_wconf 74' lang='grc' dir='ltr'><strong>ι</strong></span> <span class='ocrx_word' id='word_1_608' title='bbox 2399 3247 2628 3318; x_wconf 76' lang='lat' dir='ltr'><strong>Magnus</strong></span> <span class='ocrx_word' id='word_1_609' title='bbox 2685 3248 3046 3304; x_wconf 88' lang='lat' dir='ltr'><strong>nihilominus</strong></span> <span class='ocrx_word' id='word_1_610' title='bbox 3105 3251 3442 3309; x_wconf 79' lang='lat' dir='ltr'><strong>Athanasius</strong></span> <span class='ocrx_word' id='word_1_611' title='bbox 3505 3255 3649 3309; x_wconf 90' lang='lat' dir='ltr'><strong>banc</strong></span> 
     </span>
    </p>
   </div>
   <div class='ocr_carea' id='block_1_77' title="bbox 2065 3342 3649 3412">
    <p class='ocr_par' dir='ltr' id='par_1_77' title="bbox 2065 3342 3649 3412">
     <span class='ocr_line' id='line_1_77' title="bbox 2065 3342 3649 3412; baseline 0.004 -16"><span class='ocrx_word' id='word_1_612' title='bbox 2065 3355 2288 3412; x_wconf 82' lang='lat' dir='ltr'><strong>pravam</strong></span> <span class='ocrx_word' id='word_1_613' title='bbox 2319 3342 2828 3411; x_wconf 85' lang='lat' dir='ltr'><strong>interpretationem</strong></span> <span class='ocrx_word' id='word_1_614' title='bbox 2868 3342 3090 3409; x_wconf 80' lang='lat' dir='ltr'><strong>refellit,</strong></span> <span class='ocrx_word' id='word_1_615' title='bbox 3132 3359 3255 3400; x_wconf 90' lang='lat' dir='ltr'><strong>eum</strong></span> <span class='ocrx_word' id='word_1_616' title='bbox 3299 3345 3416 3402; x_wconf 65' lang='lat' dir='ltr'><strong>haec</strong></span> <span class='ocrx_word' id='word_1_617' title='bbox 3454 3350 3649 3403; x_wconf 84' lang='lat' dir='ltr'><strong>verba-</strong></span> 
     </span>
    </p>
   </div>
   <div class='ocr_carea' id='block_1_78' title="bbox 2065 3426 3647 3508">
    <p class='ocr_par' dir='ltr' id='par_1_78' title="bbox 2065 3426 3647 3508">
     <span class='ocr_line' id='line_1_78' title="bbox 2065 3426 3647 3508; baseline 0.005 -22"><span class='ocrx_word' id='word_1_618' title='bbox 2065 3432 2161 3486; x_wconf 90' lang='lat' dir='ltr'><strong>tim</strong></span> <span class='ocrx_word' id='word_1_619' title='bbox 2208 3435 2528 3502; x_wconf 87' lang='lat' dir='ltr'><strong>pronuntiat</strong></span> <span class='ocrx_word' id='word_1_620' title='bbox 2565 3432 2680 3506; x_wconf 84' lang='lat'><strong>(6):</strong></span> <span class='ocrx_word' id='word_1_621' title='bbox 2735 3453 2754 3487; x_wconf 79' lang='grc' dir='ltr'><strong>ι</strong></span> <span class='ocrx_word' id='word_1_622' title='bbox 2791 3426 2989 3502; x_wconf 79' lang='lat' dir='ltr'><strong>Filius,</strong></span> <span class='ocrx_word' id='word_1_623' title='bbox 3029 3453 3048 3488; x_wconf 75' lang='grc' dir='ltr'><strong>ι</strong></span> <span class='ocrx_word' id='word_1_624' title='bbox 3090 3436 3293 3508; x_wconf 85' lang='lat' dir='ltr'><strong>inquit,</strong></span> <span class='ocrx_word' id='word_1_625' title='bbox 3332 3457 3351 3490; x_wconf 84' lang='grc' dir='ltr'><strong>ι</strong></span> <span class='ocrx_word' id='word_1_626' title='bbox 3389 3453 3512 3508; x_wconf 69' lang='lat' dir='ltr'><strong>quae</strong></span> <span class='ocrx_word' id='word_1_627' title='bbox 3547 3453 3647 3494; x_wconf 87' lang='lat' dir='ltr'><strong>au-</strong></span> 
     </span>
    </p>
   </div>
   <div class='ocr_carea' id='block_1_79' title="bbox 2063 3523 3650 3604">
    <p class='ocr_par' dir='ltr' id='par_1_79' title="bbox 2063 3523 3650 3604">
     <span class='ocr_line' id='line_1_79' title="bbox 2063 3523 3650 3604; baseline 0.008 -27"><span class='ocrx_word' id='word_1_628' title='bbox 2063 3523 2174 3579; x_wconf 84' lang='lat' dir='ltr'><strong>divi</strong></span> <span class='ocrx_word' id='word_1_629' title='bbox 2203 3541 2232 3578; x_wconf 90' lang='lat' dir='ltr'><strong>a</strong></span> <span class='ocrx_word' id='word_1_630' title='bbox 2265 3523 2451 3592; x_wconf 86' lang='lat' dir='ltr'><strong>Patre,</strong></span> <span class='ocrx_word' id='word_1_631' title='bbox 2491 3526 2608 3582; x_wconf 64' lang='lat' dir='ltr'><strong>haec</strong></span> <span class='ocrx_word' id='word_1_632' title='bbox 2639 3536 2695 3582; x_wconf 91' lang='lat' dir='ltr'><strong>et</strong></span> <span class='ocrx_word' id='word_1_633' title='bbox 2742 3527 2938 3598; x_wconf 89' lang='lat' dir='ltr'><strong>loquor</strong></span> <span class='ocrx_word' id='word_1_634' title='bbox 2983 3529 3038 3583; x_wconf 87' lang='lat' dir='ltr'><strong>in</strong></span> <span class='ocrx_word' id='word_1_635' title='bbox 3080 3533 3347 3585; x_wconf 90' lang='lat' dir='ltr'><strong>mundum</strong></span> <span class='ocrx_word' id='word_1_636' title='bbox 3379 3530 3426 3564; x_wconf 78' lang='lat'><strong>&#39;°</strong></span> <span class='ocrx_word' id='word_1_637' title='bbox 3463 3548 3479 3588; x_wconf 90' lang='lat'><strong>:</strong></span> <span class='ocrx_word' id='word_1_638' title='bbox 3523 3532 3650 3604; x_wconf 79' lang='lat' dir='ltr'><strong>Spi-</strong></span> 
     </span>
    </p>
   </div>
   <div class='ocr_carea' id='block_1_80' title="bbox 2065 3617 3645 3699">
    <p class='ocr_par' dir='ltr' id='par_1_80' title="bbox 2065 3617 3645 3699">
     <span class='ocr_line' id='line_1_80' title="bbox 2065 3617 3645 3699; baseline 0.008 -28"><span class='ocrx_word' id='word_1_639' title='bbox 2065 3617 2206 3674; x_wconf 86' lang='lat' dir='ltr'><strong>ritus</strong></span> <span class='ocrx_word' id='word_1_640' title='bbox 2239 3632 2369 3674; x_wconf 88' lang='lat' dir='ltr'><strong>vcro</strong></span> <span class='ocrx_word' id='word_1_641' title='bbox 2395 3635 2462 3674; x_wconf 81' lang='lat' dir='ltr'><strong>ex</strong></span> <span class='ocrx_word' id='word_1_642' title='bbox 2493 3618 2635 3676; x_wconf 82' lang='lat' dir='ltr'><strong>Filio</strong></span> <span class='ocrx_word' id='word_1_643' title='bbox 2690 3621 2911 3691; x_wconf 86' lang='lat' dir='ltr'><strong>accipit,</strong></span> <span class='ocrx_word' id='word_1_644' title='bbox 2954 3637 3022 3678; x_wconf 80' lang='lat' dir='ltr'><strong>ex</strong></span> <span class='ocrx_word' id='word_1_645' title='bbox 3060 3635 3184 3679; x_wconf 86' lang='lat' dir='ltr'><strong>meo</strong></span> <span class='ocrx_word' id='word_1_646' title='bbox 3214 3626 3362 3681; x_wconf 88' lang='lat' dir='ltr'><strong>enim</strong></span> <span class='ocrx_word' id='word_1_647' title='bbox 3393 3627 3645 3699; x_wconf 89' lang='lat' dir='ltr'><strong>accipiet.</strong></span> 
     </span>
    </p>
   </div>
   <div class='ocr_carea' id='block_1_81' title="bbox 2069 3713 3649 3784">
    <p class='ocr_par' dir='ltr' id='par_1_81' title="bbox 2069 3713 3649 3784">
     <span class='ocr_line' id='line_1_81' title="bbox 2069 3713 3649 3784; baseline 0.008 -19"><span class='ocrx_word' id='word_1_648' title='bbox 2069 3718 2128 3766; x_wconf 88' lang='lat' dir='ltr'><strong>et</strong></span> <span class='ocrx_word' id='word_1_649' title='bbox 2161 3713 2513 3768; x_wconf 88' lang='lat' dir='ltr'><strong>annuntiabit</strong></span> <span class='ocrx_word' id='word_1_650' title='bbox 2543 3713 2726 3780; x_wconf 79' lang='lat' dir='ltr'><strong>vobis,</strong></span> <span class='ocrx_word' id='word_1_651' title='bbox 2775 3713 2976 3784; x_wconf 90' lang='lat' dir='ltr'><strong>inquit.</strong></span> <span class='ocrx_word' id='word_1_652' title='bbox 3007 3732 3026 3766; x_wconf 75' lang='grc' dir='ltr'><strong>ι</strong></span> <span class='ocrx_word' id='word_1_653' title='bbox 3060 3714 3200 3771; x_wconf 89' lang='lat' dir='ltr'><strong>Cum</strong></span> <span class='ocrx_word' id='word_1_654' title='bbox 3235 3727 3481 3784; x_wconf 89' lang='lat' dir='ltr'><strong>sanctus,</strong></span> <span class='ocrx_word' id='word_1_655' title='bbox 3523 3737 3543 3773; x_wconf 83' lang='grc' dir='ltr'><strong>ι</strong></span> <span class='ocrx_word' id='word_1_656' title='bbox 3579 3737 3649 3777; x_wconf 78' lang='lat' dir='ltr'><strong>ex</strong></span> 
     </span>
    </p>
   </div>
   <div class='ocr_carea' id='block_1_82' title="bbox 2063 3803 3646 3881">
    <p class='ocr_par' dir='ltr' id='par_1_82' title="bbox 2063 3803 3646 3881">
     <span class='ocr_line' id='line_1_82' title="bbox 2063 3803 3646 3881; baseline 0.006 -23"><span class='ocrx_word' id='word_1_657' title='bbox 2063 3803 2206 3861; x_wconf 86' lang='lat' dir='ltr'><strong>Filio</strong></span> <span class='ocrx_word' id='word_1_658' title='bbox 2235 3803 2500 3875; x_wconf 89' lang='lat' dir='ltr'><strong>Spiritum</strong></span> <span class='ocrx_word' id='word_1_659' title='bbox 2529 3807 2801 3877; x_wconf 81' lang='lat' dir='ltr'><strong>accipere,</strong></span> <span class='ocrx_word' id='word_1_660' title='bbox 2835 3826 2854 3860; x_wconf 70' lang='grc' dir='ltr'><strong>ι</strong></span> <span class='ocrx_word' id='word_1_661' title='bbox 2888 3808 3088 3874; x_wconf 88' lang='lat' dir='ltr'><strong>tradat,</strong></span> <span class='ocrx_word' id='word_1_662' title='bbox 3122 3825 3233 3881; x_wconf 90' lang='lat' dir='ltr'><strong>quo</strong></span> <span class='ocrx_word' id='word_1_663' title='bbox 3263 3811 3356 3867; x_wconf 86' lang='lat' dir='ltr'><strong>ille</strong></span> <span class='ocrx_word' id='word_1_664' title='bbox 3378 3812 3430 3867; x_wconf 92' lang='lat' dir='ltr'><strong>in</strong></span> <span class='ocrx_word' id='word_1_665' title='bbox 3463 3811 3646 3868; x_wconf 86' lang='lat' dir='ltr'><strong>Evan-</strong></span> 
     </span>
    </p>
   </div>
   <div class='ocr_carea' id='block_1_83' title="bbox 2063 3895 3648 3970">
    <p class='ocr_par' dir='ltr' id='par_1_83' title="bbox 2063 3895 3648 3970">
     <span class='ocr_line' id='line_1_83' title="bbox 2063 3895 3648 3970; baseline 0.007 -23"><span class='ocrx_word' id='word_1_666' title='bbox 2063 3896 2205 3963; x_wconf 74' lang='lat' dir='ltr'><strong>gelio</strong></span> <span class='ocrx_word' id='word_1_667' title='bbox 2235 3895 2498 3951; x_wconf 82' lang='lat' dir='ltr'><strong>dixerat:</strong></span> <span class='ocrx_word' id='word_1_668' title='bbox 2533 3914 2552 3948; x_wconf 84' lang='grc' dir='ltr'><strong>ι</strong></span> <span class='ocrx_word' id='word_1_669' title='bbox 2586 3895 2669 3951; x_wconf 77' lang='lat' dir='ltr'><strong>Ex</strong></span> <span class='ocrx_word' id='word_1_670' title='bbox 2715 3911 2840 3952; x_wconf 90' lang='lat' dir='ltr'><strong>meo</strong></span> <span class='ocrx_word' id='word_1_671' title='bbox 2893 3898 3146 3969; x_wconf 86' lang='lat' dir='ltr'><strong>accipiet,</strong></span> <span class='ocrx_word' id='word_1_672' title='bbox 3194 3917 3213 3951; x_wconf 74' lang='grc' dir='ltr'><strong>ι</strong></span> <span class='ocrx_word' id='word_1_673' title='bbox 3265 3915 3372 3970; x_wconf 89' lang='lat' dir='ltr'><strong>qua</strong></span> <span class='ocrx_word' id='word_1_674' title='bbox 3432 3903 3648 3960; x_wconf 87' lang='lat' dir='ltr'><strong>ratione</strong></span> 
     </span>
    </p>
   </div>
   <div class='ocr_carea' id='block_1_84' title="bbox 2064 3983 3648 4063">
    <p class='ocr_par' dir='ltr' id='par_1_84' title="bbox 2064 3983 3648 4063">
     <span class='ocr_line' id='line_1_84' title="bbox 2064 3983 3648 4063; baseline 0.006 -23"><span class='ocrx_word' id='word_1_675' title='bbox 2064 3983 2353 4042; x_wconf 86' lang='lat' dir='ltr'><strong>commode</strong></span> <span class='ocrx_word' id='word_1_676' title='bbox 2387 3986 2494 4042; x_wconf 91' lang='lat' dir='ltr'><strong>dici</strong></span> <span class='ocrx_word' id='word_1_677' title='bbox 2539 3994 2727 4056; x_wconf 89' lang='lat' dir='ltr'><strong>potest</strong></span> <span class='ocrx_word' id='word_1_678' title='bbox 2769 3987 2927 4054; x_wconf 88' lang='lat' dir='ltr'><strong>illud,</strong></span> <span class='ocrx_word' id='word_1_679' title='bbox 2961 4002 3026 4043; x_wconf 76' lang='lat' dir='ltr'><strong>ex</strong></span> <span class='ocrx_word' id='word_1_680' title='bbox 3057 4002 3181 4045; x_wconf 87' lang='lat' dir='ltr'><strong>meo</strong></span> <span class='ocrx_word' id='word_1_681' title='bbox 3211 3991 3278 4046; x_wconf 87' lang='lat' dir='ltr'><strong>ad</strong></span> <span class='ocrx_word' id='word_1_682' title='bbox 3311 3989 3492 4048; x_wconf 84' lang='lat' dir='ltr'><strong>Patris</strong></span> <span class='ocrx_word' id='word_1_683' title='bbox 3521 4008 3648 4063; x_wconf 83' lang='lat' dir='ltr'><strong>per-</strong></span> 
     </span>
    </p>
   </div>
   <div class='ocr_carea' id='block_1_85' title="bbox 2062 4077 3646 4155">
    <p class='ocr_par' dir='ltr' id='par_1_85' title="bbox 2062 4077 3646 4155">
     <span class='ocr_line' id='line_1_85' title="bbox 2062 4077 3646 4155; baseline 0.007 -23"><span class='ocrx_word' id='word_1_684' title='bbox 2062 4093 2258 4134; x_wconf 87' lang='lat' dir='ltr'><strong>sonam</strong></span> <span class='ocrx_word' id='word_1_685' title='bbox 2295 4077 2528 4137; x_wconf 75' lang='lat' dir='ltr'><strong>rei‘erri?</strong></span> <span class='ocrx_word' id='word_1_686' title='bbox 2553 4078 2622 4135; x_wconf 88' lang='lat' dir='ltr'><strong>Et</strong></span> <span class='ocrx_word' id='word_1_687' title='bbox 2649 4095 2776 4136; x_wconf 89' lang='lat' dir='ltr'><strong>cum</strong></span> <span class='ocrx_word' id='word_1_688' title='bbox 2811 4081 2952 4138; x_wconf 89' lang='lat' dir='ltr'><strong>hanc</strong></span> <span class='ocrx_word' id='word_1_689' title='bbox 2987 4084 3364 4155; x_wconf 72' lang='lat' dir='ltr'><strong>evangelicum</strong></span> <span class='ocrx_word' id='word_1_690' title='bbox 3422 4096 3646 4142; x_wconf 85' lang='lat' dir='ltr'><strong>senten-</strong></span> 
     </span>
    </p>
   </div>
   <div class='ocr_carea' id='block_1_86' title="bbox 2062 4171 3644 4250">
    <p class='ocr_par' dir='ltr' id='par_1_86' title="bbox 2062 4171 3644 4250">
     <span class='ocr_line' id='line_1_86' title="bbox 2062 4171 3644 4250; baseline 0.007 -24"><span class='ocrx_word' id='word_1_691' title='bbox 2062 4172 2193 4227; x_wconf 89' lang='lat' dir='ltr'><strong>tiam</strong></span> <span class='ocrx_word' id='word_1_692' title='bbox 2228 4171 2394 4229; x_wconf 88' lang='lat' dir='ltr'><strong>italus</strong></span> <span class='ocrx_word' id='word_1_693' title='bbox 2426 4175 2492 4228; x_wconf 88' lang='lat' dir='ltr'><strong>ad</strong></span> <span class='ocrx_word' id='word_1_694' title='bbox 2537 4176 3004 4244; x_wconf 80' lang='lat' dir='ltr'><strong>comproiiandam</strong></span> <span class='ocrx_word' id='word_1_695' title='bbox 3035 4177 3236 4234; x_wconf 82' lang='lat' dir='ltr'><strong>viviliei</strong></span> <span class='ocrx_word' id='word_1_696' title='bbox 3275 4178 3518 4250; x_wconf 86' lang='lat' dir='ltr'><strong>Spiritus</strong></span> <span class='ocrx_word' id='word_1_697' title='bbox 3547 4197 3644 4236; x_wconf 81' lang='lat' dir='ltr'><strong>ex-</strong></span> 
     </span>
    </p>
   </div>
   <div class='ocr_carea' id='block_1_87' title="bbox 2061 4265 3640 4346">
    <p class='ocr_par' dir='ltr' id='par_1_87' title="bbox 2061 4265 3640 4346">
     <span class='ocr_line' id='line_1_87' title="bbox 2061 4265 3640 4346; baseline 0.003 -23"><span class='ocrx_word' id='word_1_698' title='bbox 2061 4266 2369 4346; x_wconf 84' lang='lat' dir='ltr'><strong>sistentiam</strong></span> <span class='ocrx_word' id='word_1_699' title='bbox 2403 4280 2471 4320; x_wconf 83' lang='lat' dir='ltr'><strong>ex</strong></span> <span class='ocrx_word' id='word_1_700' title='bbox 2508 4265 2650 4322; x_wconf 85' lang='lat' dir='ltr'><strong>Filio</strong></span> <span class='ocrx_word' id='word_1_701' title='bbox 2683 4277 2918 4337; x_wconf 87' lang='lat' dir='ltr'><strong>promat,</strong></span> <span class='ocrx_word' id='word_1_702' title='bbox 2966 4269 3042 4324; x_wconf 87' lang='lat' dir='ltr'><strong>illi</strong></span> <span class='ocrx_word' id='word_1_703' title='bbox 3087 4271 3385 4326; x_wconf 88' lang='lat' dir='ltr'><strong>stultitiam</strong></span> <span class='ocrx_word' id='word_1_704' title='bbox 3434 4284 3640 4344; x_wconf 74' lang='lat' dir='ltr'><strong>expro-</strong></span> 
     </span>
    </p>
   </div>
   <div class='ocr_carea' id='block_1_88' title="bbox 2062 4359 3640 4432">
    <p class='ocr_par' dir='ltr' id='par_1_88' title="bbox 2062 4359 3640 4432">
     <span class='ocr_line' id='line_1_88' title="bbox 2062 4359 3640 4432; baseline 0.003 -17"><span class='ocrx_word' id='word_1_705' title='bbox 2062 4359 2208 4425; x_wconf 87' lang='lat' dir='ltr'><strong>brat,</strong></span> <span class='ocrx_word' id='word_1_706' title='bbox 2251 4367 2308 4414; x_wconf 90' lang='lat' dir='ltr'><strong>et</strong></span> <span class='ocrx_word' id='word_1_707' title='bbox 2355 4370 2537 4429; x_wconf 88' lang='lat' dir='ltr'><strong>neque</strong></span> <span class='ocrx_word' id='word_1_708' title='bbox 2574 4359 2756 4430; x_wconf 89' lang='lat' dir='ltr'><strong>ipsum</strong></span> <span class='ocrx_word' id='word_1_709' title='bbox 2788 4361 2933 4414; x_wconf 90' lang='lat' dir='ltr'><strong>scire</strong></span> <span class='ocrx_word' id='word_1_710' title='bbox 2981 4361 3205 4427; x_wconf 85' lang='lat' dir='ltr'><strong>asserit,</strong></span> <span class='ocrx_word' id='word_1_711' title='bbox 3231 4375 3354 4432; x_wconf 70' lang='lat' dir='ltr'><strong>quae</strong></span> <span class='ocrx_word' id='word_1_712' title='bbox 3385 4362 3640 4419; x_wconf 86' lang='lat' dir='ltr'><strong>itti‘antuli</strong></span> 
     </span>
    </p>
   </div>
   <div class='ocr_carea' id='block_1_89' title="bbox 2061 4451 3641 4523">
    <p class='ocr_par' dir='ltr' id='par_1_89' title="bbox 2061 4451 3641 4523">
     <span class='ocr_line' id='line_1_89' title="bbox 2061 4451 3641 4523; baseline 0.003 -16"><span class='ocrx_word' id='word_1_713' title='bbox 2061 4459 2181 4508; x_wconf 89' lang='lat' dir='ltr'><strong>tum</strong></span> <span class='ocrx_word' id='word_1_714' title='bbox 2212 4451 2452 4523; x_wconf 88' lang='lat' dir='ltr'><strong>primum</strong></span> <span class='ocrx_word' id='word_1_715' title='bbox 2478 4451 2545 4507; x_wconf 89' lang='lat' dir='ltr'><strong>ad</strong></span> <span class='ocrx_word' id='word_1_716' title='bbox 2573 4451 2904 4508; x_wconf 84' lang='lat' dir='ltr'><strong>litteratores</strong></span> <span class='ocrx_word' id='word_1_717' title='bbox 2935 4453 3258 4510; x_wconf 80' lang='lat' dir='ltr'><strong>accedentes</strong></span> <span class='ocrx_word' id='word_1_718' title='bbox 3285 4455 3504 4510; x_wconf 90' lang='lat' dir='ltr'><strong>sciunt:</strong></span> <span class='ocrx_word' id='word_1_719' title='bbox 3535 4457 3641 4512; x_wconf 71' lang='lat' dir='ltr'><strong>cEx</strong></span> 
     </span>
    </p>
   </div>
   <div class='ocr_carea' id='block_1_90' title="bbox 364 4535 1980 4620">
    <p class='ocr_par' dir='ltr' id='par_1_90' title="bbox 364 4542 1956 4617">
     <span class='ocr_line' id='line_1_90' title="bbox 364 4542 1956 4617; baseline 0.001 -19"><span class='ocrx_word' id='word_1_720' title='bbox 364 4545 561 4609; x_wconf 79' lang='grc' dir='ltr'>αὐτὸν,</span> <span class='ocrx_word' id='word_1_721' title='bbox 605 4544 768 4615; x_wconf 76' lang='grc' dir='ltr'>οἷπερ</span> <span class='ocrx_word' id='word_1_722' title='bbox 797 4542 895 4599; x_wconf 84' lang='grc' dir='ltr'>καὶ</span> <span class='ocrx_word' id='word_1_723' title='bbox 933 4545 991 4608; x_wconf 69' lang='grc' dir='ltr'><strong>ις</strong></span> <span class='ocrx_word' id='word_1_724' title='bbox 1023 4543 1446 4615; x_wconf 85' lang='grc' dir='ltr'>γραμματιστοῦ</span> <span class='ocrx_word' id='word_1_725' title='bbox 1474 4543 1602 4617; x_wconf 77' lang='grc' dir='ltr'>ἄρτι</span> <span class='ocrx_word' id='word_1_726' title='bbox 1659 4545 1956 4614; x_wconf 80' lang='grc' dir='ltr'>φοιτῶντες</span> 
     </span>
    </p>
   </div>
   <div class='ocr_carea' id='block_1_91' title="bbox 2063 4535 3647 4620">
    <p class='ocr_par' dir='ltr' id='par_1_91' title="bbox 2065 4543 3647 4620">
     <span class='ocr_line' id='line_1_91' title="bbox 2065 4543 3647 4620; baseline 0.003 -20"><span class='ocrx_word' id='word_1_727' title='bbox 2065 4555 2171 4610; x_wconf 88' lang='lat' dir='ltr'><strong>me,</strong></span> <span class='ocrx_word' id='word_1_728' title='bbox 2209 4562 2230 4596; x_wconf 73' lang='grc' dir='ltr'><strong>ι</strong></span> <span class='ocrx_word' id='word_1_729' title='bbox 2261 4548 2317 4600; x_wconf 85' lang='lat' dir='ltr'><strong>et</strong></span> <span class='ocrx_word' id='word_1_730' title='bbox 2348 4561 2369 4596; x_wconf 82' lang='grc' dir='ltr'><strong>ι</strong></span> <span class='ocrx_word' id='word_1_731' title='bbox 2406 4556 2474 4598; x_wconf 76' lang='lat' dir='ltr'><strong>ex</strong></span> <span class='ocrx_word' id='word_1_732' title='bbox 2506 4555 2630 4600; x_wconf 88' lang='lat' dir='ltr'><strong>meo</strong></span> <span class='ocrx_word' id='word_1_733' title='bbox 2665 4561 2686 4597; x_wconf 73' lang='grc' dir='ltr'><strong>ι</strong></span> <span class='ocrx_word' id='word_1_734' title='bbox 2719 4554 2916 4614; x_wconf 88' lang='lat' dir='ltr'><strong>nempe</strong></span> <span class='ocrx_word' id='word_1_735' title='bbox 2948 4543 3190 4610; x_wconf 83' lang='lat' dir='ltr'><strong>dili‘erre,</strong></span> <span class='ocrx_word' id='word_1_736' title='bbox 3221 4561 3322 4619; x_wconf 77' lang='lat' dir='ltr'><strong>ego</strong></span> <span class='ocrx_word' id='word_1_737' title='bbox 3351 4558 3462 4602; x_wconf 84' lang='lat' dir='ltr'><strong>non</strong></span> <span class='ocrx_word' id='word_1_738' title='bbox 3486 4550 3647 4620; x_wconf 88' lang='lat' dir='ltr'><strong>plane</strong></span> 
     </span>
    </p>
   </div>
   <div class='ocr_carea' id='block_1_92' title="bbox 361 4634 1967 4708">
    <p class='ocr_par' dir='ltr' id='par_1_92' title="bbox 361 4634 1967 4708">
     <span class='ocr_line' id='line_1_92' title="bbox 361 4634 1967 4708; baseline 0 -17"><span class='ocrx_word' id='word_1_739' title='bbox 361 4636 652 4708; x_wconf 72' lang='grc' dir='ltr'>διαφέρειν</span> <span class='ocrx_word' id='word_1_740' title='bbox 676 4635 855 4690; x_wconf 73' lang='grc' dir='ltr'>οἴδασι</span> <span class='ocrx_word' id='word_1_741' title='bbox 883 4637 967 4702; x_wconf 86' lang='grc' dir='ltr'>τὸ,</span> <span class='ocrx_word' id='word_1_742' title='bbox 999 4653 1019 4687; x_wconf 79' lang='grc' dir='ltr'><strong>ι</strong></span> <span class='ocrx_word' id='word_1_743' title='bbox 1045 4635 1109 4701; x_wconf 75' lang='grc' dir='ltr'><strong>ἐξ</strong></span> <span class='ocrx_word' id='word_1_744' title='bbox 1129 4634 1288 4705; x_wconf 68' lang='grc' dir='ltr'>ἐμοῦ,</span> <span class='ocrx_word' id='word_1_745' title='bbox 1321 4653 1342 4690; x_wconf 73' lang='grc' dir='ltr'><strong>ι</strong></span> <span class='ocrx_word' id='word_1_746' title='bbox 1378 4637 1514 4704; x_wconf 81' lang='grc' dir='ltr'>πρὸς</span> <span class='ocrx_word' id='word_1_747' title='bbox 1529 4636 1614 4704; x_wconf 87' lang='lat'><strong>16,</strong></span> <span class='ocrx_word' id='word_1_748' title='bbox 1645 4653 1666 4689; x_wconf 83' lang='grc' dir='ltr'><strong>ι</strong></span> <span class='ocrx_word' id='word_1_749' title='bbox 1700 4638 1766 4691; x_wconf 75' lang='grc' dir='ltr'>ὲκ</span> <span class='ocrx_word' id='word_1_750' title='bbox 1789 4636 1885 4691; x_wconf 89' lang='grc' dir='ltr'><strong>τοῦ</strong></span> <span class='ocrx_word' id='word_1_751' title='bbox 1911 4637 1967 4692; x_wconf 78' lang='grc' dir='ltr'><strong>ὲ-</strong></span> 
     </span>
    </p>
   </div>
   <div class='ocr_carea' id='block_1_93' title="bbox 2067 4634 3648 4712">
    <p class='ocr_par' dir='ltr' id='par_1_93' title="bbox 2067 4634 3648 4712">
     <span class='ocr_line' id='line_1_93' title="bbox 2067 4634 3648 4712; baseline 0.003 -20"><span class='ocrx_word' id='word_1_752' title='bbox 2067 4635 2336 4707; x_wconf 73' lang='lat' dir='ltr'><strong>inteiiigo,</strong></span> <span class='ocrx_word' id='word_1_753' title='bbox 2368 4634 2573 4706; x_wconf 87' lang='lat' dir='ltr'><strong>quibus</strong></span> <span class='ocrx_word' id='word_1_754' title='bbox 2603 4634 2780 4692; x_wconf 85' lang='lat' dir='ltr'><strong>oculis</strong></span> <span class='ocrx_word' id='word_1_755' title='bbox 2817 4636 3139 4693; x_wconf 87' lang='lat' dir='ltr'><strong>obtuebitur</strong></span> <span class='ocrx_word' id='word_1_756' title='bbox 3178 4636 3367 4694; x_wconf 83' lang='lat' dir='ltr'><strong>divum</strong></span> <span class='ocrx_word' id='word_1_757' title='bbox 3405 4637 3648 4712; x_wconf 82' lang='lat' dir='ltr'><strong>Epipha-</strong></span> 
     </span>
    </p>
   </div>
   <div class='ocr_carea' id='block_1_94' title="bbox 375 4726 1980 4804">
    <p class='ocr_par' dir='ltr' id='par_1_94' title="bbox 375 4729 1968 4804">
     <span class='ocr_line' id='line_1_94' title="bbox 375 4729 1968 4804; baseline 0 -18"><span class='ocrx_word' id='word_1_758' title='bbox 375 4733 509 4804; x_wconf 89' lang='grc' dir='ltr'>μοῦ,</span> <span class='ocrx_word' id='word_1_759' title='bbox 534 4750 555 4785; x_wconf 86' lang='grc'><strong>›</strong></span> <span class='ocrx_word' id='word_1_760' title='bbox 583 4732 685 4785; x_wconf 90' lang='grc' dir='ltr'><strong>ούκ</strong></span> <span class='ocrx_word' id='word_1_761' title='bbox 702 4731 820 4785; x_wconf 80' lang='grc' dir='ltr'>οἶδα</span> <span class='ocrx_word' id='word_1_762' title='bbox 834 4731 1010 4794; x_wconf 86' lang='grc' dir='ltr'>ποίοις</span> <span class='ocrx_word' id='word_1_763' title='bbox 1024 4729 1337 4800; x_wconf 75' lang='grc' dir='ltr'>ἀντιϐλέψει</span> <span class='ocrx_word' id='word_1_764' title='bbox 1352 4734 1465 4795; x_wconf 88' lang='grc' dir='ltr'>τοῖς</span> <span class='ocrx_word' id='word_1_765' title='bbox 1489 4731 1789 4802; x_wconf 81' lang='grc' dir='ltr'>ὀφθαλμοῖς</span> <span class='ocrx_word' id='word_1_766' title='bbox 1817 4731 1968 4786; x_wconf 82' lang='grc' dir='ltr'>Ἐπι-</span> 
     </span>
    </p>
   </div>
   <div class='ocr_carea' id='block_1_95' title="bbox 2063 4726 3648 4804">
    <p class='ocr_par' dir='ltr' id='par_1_95' title="bbox 2067 4726 3648 4802">
     <span class='ocr_line' id='line_1_95' title="bbox 2067 4726 3648 4802; baseline 0.005 -20"><span class='ocrx_word' id='word_1_767' title='bbox 2067 4727 2244 4794; x_wconf 91' lang='lat' dir='ltr'><strong>nium,</strong></span> <span class='ocrx_word' id='word_1_768' title='bbox 2277 4739 2410 4783; x_wconf 79' lang='lat' dir='ltr'><strong>vere</strong></span> <span class='ocrx_word' id='word_1_769' title='bbox 2458 4728 2705 4798; x_wconf 86' lang='lat' dir='ltr'><strong>satisque</strong></span> <span class='ocrx_word' id='word_1_770' title='bbox 2744 4727 2798 4781; x_wconf 89' lang='lat' dir='ltr'><strong>in</strong></span> <span class='ocrx_word' id='word_1_771' title='bbox 2847 4726 3012 4795; x_wconf 69' lang='lat' dir='ltr'><strong>rebus</strong></span> <span class='ocrx_word' id='word_1_772' title='bbox 3057 4729 3259 4785; x_wconf 79' lang='lat' dir='ltr'><strong>divinis</strong></span> <span class='ocrx_word' id='word_1_773' title='bbox 3304 4731 3648 4802; x_wconf 75' lang='lat' dir='ltr'><strong>explicandis</strong></span> 
     </span>
    </p>
   </div>
   <div class='ocr_carea' id='block_1_96' title="bbox 365 4822 1964 4897">
    <p class='ocr_par' dir='ltr' id='par_1_96' title="bbox 365 4822 1964 4897">
     <span class='ocr_line' id='line_1_96' title="bbox 365 4822 1964 4897; baseline 0.001 -20"><span class='ocrx_word' id='word_1_774' title='bbox 365 4825 548 4897; x_wconf 82' lang='grc' dir='ltr'>φανιῳ</span> <span class='ocrx_word' id='word_1_775' title='bbox 581 4823 661 4894; x_wconf 84' lang='grc' dir='ltr'><strong>τῷ</strong></span> <span class='ocrx_word' id='word_1_776' title='bbox 690 4824 842 4894; x_wconf 81' lang='grc' dir='ltr'>θείῳ,</span> <span class='ocrx_word' id='word_1_777' title='bbox 861 4823 942 4893; x_wconf 84' lang='grc' dir='ltr'>τῷ</span> <span class='ocrx_word' id='word_1_778' title='bbox 985 4823 1056 4876; x_wconf 83' lang='grc' dir='ltr'><strong>τὰ</strong></span> <span class='ocrx_word' id='word_1_779' title='bbox 1093 4822 1216 4877; x_wconf 82' lang='grc' dir='ltr'>θεῖα</span> <span class='ocrx_word' id='word_1_780' title='bbox 1254 4823 1427 4888; x_wconf 75' lang='grc' dir='ltr'>ὅντως</span> <span class='ocrx_word' id='word_1_781' title='bbox 1454 4825 1736 4893; x_wconf 69' lang='grc' dir='ltr'>ιπιφανετ,</span> <span class='ocrx_word' id='word_1_782' title='bbox 1764 4823 1866 4896; x_wconf 80' lang='grc' dir='ltr'>τὴν</span> <span class='ocrx_word' id='word_1_783' title='bbox 1897 4824 1964 4878; x_wconf 71' lang='grc' dir='ltr'>ὲκ</span> 
     </span>
    </p>
   </div>
   <div class='ocr_carea' id='block_1_97' title="bbox 367 4913 1960 4986">
    <p class='ocr_par' dir='ltr' id='par_1_97' title="bbox 367 4913 1960 4986">
     <span class='ocr_line' id='line_1_97' title="bbox 367 4913 1960 4986; baseline -0.001 -14"><span class='ocrx_word' id='word_1_784' title='bbox 367 4917 464 4972; x_wconf 84' lang='grc' dir='ltr'><strong>τοῦ</strong></span> <span class='ocrx_word' id='word_1_785' title='bbox 509 4915 642 4972; x_wconf 85' lang='grc' dir='ltr'>Υίοῦ</span> <span class='ocrx_word' id='word_1_786' title='bbox 671 4931 771 4970; x_wconf 87' lang='grc' dir='ltr'><strong>του</strong></span> <span class='ocrx_word' id='word_1_787' title='bbox 802 4915 1124 4986; x_wconf 86' lang='grc' dir='ltr'>Πνεύματος</span> <span class='ocrx_word' id='word_1_788' title='bbox 1185 4914 1422 4984; x_wconf 80' lang='grc' dir='ltr'>ὓπαρξιν</span> <span class='ocrx_word' id='word_1_789' title='bbox 1476 4913 1734 4969; x_wconf 64' lang='grc' dir='ltr'>ἐντεῦθεν</span> <span class='ocrx_word' id='word_1_790' title='bbox 1793 4915 1960 4970; x_wconf 81' lang='grc' dir='ltr'>συνά-</span> 
     </span>
    </p>
   </div>
   <div class='ocr_carea' id='block_1_98' title="bbox 367 5004 1956 5081">
    <p class='ocr_par' dir='ltr' id='par_1_98' title="bbox 367 5004 1956 5081">
     <span class='ocr_line' id='line_1_98' title="bbox 367 5004 1956 5081; baseline -0.002 -17"><span class='ocrx_word' id='word_1_791' title='bbox 367 5025 545 5079; x_wconf 82' lang='grc' dir='ltr'>γοντι,</span> <span class='ocrx_word' id='word_1_792' title='bbox 578 5012 636 5064; x_wconf 68' lang='grc' dir='ltr'>ὲν</span> <span class='ocrx_word' id='word_1_793' title='bbox 656 5004 741 5074; x_wconf 77' lang='grc' dir='ltr'><strong>οἷς</strong></span> <span class='ocrx_word' id='word_1_794' title='bbox 777 5026 965 5081; x_wconf 81' lang='grc' dir='ltr'>φησιν·</span> <span class='ocrx_word' id='word_1_795' title='bbox 1020 5025 1044 5064; x_wconf 79' lang='grc' dir='ltr'><strong>ε</strong></span> <span class='ocrx_word' id='word_1_796' title='bbox 1075 5009 1139 5063; x_wconf 80' lang='lat' dir='ltr'><strong>Ei</strong></span> <span class='ocrx_word' id='word_1_797' title='bbox 1162 5008 1221 5063; x_wconf 78' lang='grc' dir='ltr'><strong>δὲ</strong></span> <span class='ocrx_word' id='word_1_798' title='bbox 1243 5007 1484 5081; x_wconf 80' lang='grc' dir='ltr'>Χριστὸς</span> <span class='ocrx_word' id='word_1_799' title='bbox 1518 5010 1584 5061; x_wconf 72' lang='grc' dir='ltr'>ἐκ</span> <span class='ocrx_word' id='word_1_800' title='bbox 1613 5006 1710 5062; x_wconf 87' lang='grc' dir='ltr'><strong>τοῦ</strong></span> <span class='ocrx_word' id='word_1_801' title='bbox 1742 5007 1956 5079; x_wconf 82' lang='grc' dir='ltr'>Πατρὸς</span> 
     </span>
    </p>
   </div>
   <div class='ocr_carea' id='block_1_99' title="bbox 371 5100 1950 5171">
    <p class='ocr_par' dir='ltr' id='par_1_99' title="bbox 371 5100 1950 5171">
     <span class='ocr_line' id='line_1_99' title="bbox 371 5100 1950 5171; baseline -0.001 -16"><span class='ocrx_word' id='word_1_802' title='bbox 371 5103 715 5164; x_wconf 85' lang='grc' dir='ltr'>πιστεύεται,</span> <span class='ocrx_word' id='word_1_803' title='bbox 760 5101 894 5163; x_wconf 84' lang='grc' dir='ltr'>Θεὸς</span> <span class='ocrx_word' id='word_1_804' title='bbox 937 5101 1004 5155; x_wconf 81' lang='grc' dir='ltr'>ὲκ</span> <span class='ocrx_word' id='word_1_805' title='bbox 1050 5100 1209 5165; x_wconf 85' lang='grc' dir='ltr'>Θεοῦ,</span> <span class='ocrx_word' id='word_1_806' title='bbox 1240 5102 1338 5155; x_wconf 79' lang='grc' dir='ltr'><strong>καὶ</strong></span> <span class='ocrx_word' id='word_1_807' title='bbox 1385 5101 1446 5154; x_wconf 83' lang='grc' dir='ltr'>τὸ</span> <span class='ocrx_word' id='word_1_808' title='bbox 1495 5100 1722 5171; x_wconf 85' lang='grc' dir='ltr'>Πνεῦμα</span> <span class='ocrx_word' id='word_1_809' title='bbox 1751 5101 1817 5154; x_wconf 69' lang='grc' dir='ltr'>ἐκ</span> <span class='ocrx_word' id='word_1_810' title='bbox 1854 5100 1950 5153; x_wconf 88' lang='grc' dir='ltr'><strong>τοῦ</strong></span> 
     </span>
    </p>
   </div>
   <div class='ocr_carea' id='block_1_100' title="bbox 371 5192 1952 5266">
    <p class='ocr_par' dir='ltr' id='par_1_100' title="bbox 371 5192 1952 5266">
     <span class='ocr_line' id='line_1_100' title="bbox 371 5192 1952 5266; baseline -0.001 -18"><span class='ocrx_word' id='word_1_811' title='bbox 371 5193 635 5266; x_wconf 82' lang='grc' dir='ltr'>Χριστοῦ,</span> <span class='ocrx_word' id='word_1_812' title='bbox 666 5193 700 5264; x_wconf 76' lang='grc' dir='ltr'><strong>ἢ</strong></span> <span class='ocrx_word' id='word_1_813' title='bbox 748 5193 882 5264; x_wconf 75' lang='grc' dir='ltr'>παρ’</span> <span class='ocrx_word' id='word_1_814' title='bbox 913 5194 1268 5264; x_wconf 77' lang='grc' dir='ltr'>ἀμφοτέρων,</span> <span class='ocrx_word' id='word_1_815' title='bbox 1307 5192 1381 5258; x_wconf 81' lang='grc' dir='ltr'>ὥς</span> <span class='ocrx_word' id='word_1_816' title='bbox 1444 5210 1610 5262; x_wconf 76' lang='grc' dir='ltr'>φησιν</span> <span class='ocrx_word' id='word_1_817' title='bbox 1644 5193 1673 5246; x_wconf 93' lang='lat'><strong>6</strong></span> <span class='ocrx_word' id='word_1_818' title='bbox 1697 5193 1952 5264; x_wconf 85' lang='grc' dir='ltr'>Χριστὸς,</span> 
     </span>
    </p>
   </div>
   <div class='ocr_carea' id='block_1_101' title="bbox 372 5281 1955 5357">
    <p class='ocr_par' dir='ltr' id='par_1_101' title="bbox 372 5281 1955 5357">
     <span class='ocr_line' id='line_1_101' title="bbox 372 5281 1955 5357; baseline 0 -18"><span class='ocrx_word' id='word_1_819' title='bbox 372 5305 393 5339; x_wconf 79' lang='grc' dir='ltr'><strong>ι</strong></span> <span class='ocrx_word' id='word_1_820' title='bbox 438 5287 506 5339; x_wconf 77' lang='grc' dir='ltr'><strong>’Ὀ</strong></span> <span class='ocrx_word' id='word_1_821' title='bbox 535 5285 688 5356; x_wconf 84' lang='grc' dir='ltr'>παρὰ</span> <span class='ocrx_word' id='word_1_822' title='bbox 737 5284 830 5338; x_wconf 87' lang='grc' dir='ltr'><strong>τοῦ</strong></span> <span class='ocrx_word' id='word_1_823' title='bbox 882 5286 1102 5357; x_wconf 83' lang='grc' dir='ltr'>Πατρὸς</span> <span class='ocrx_word' id='word_1_824' title='bbox 1127 5285 1514 5355; x_wconf 77' lang='grc' dir='ltr'>ἐκπορεύεται,</span> <span class='ocrx_word' id='word_1_825' title='bbox 1558 5285 1654 5338; x_wconf 74' lang='grc' dir='ltr'>καὶ</span> <span class='ocrx_word' id='word_1_826' title='bbox 1703 5281 1858 5349; x_wconf 72' lang='grc' dir='ltr'>οὗτος</span> <span class='ocrx_word' id='word_1_827' title='bbox 1888 5287 1955 5339; x_wconf 76' lang='grc' dir='ltr'>ὲκ</span> 
     </span>
    </p>
   </div>
   <div class='ocr_carea' id='block_1_102' title="bbox 371 5378 1010 5452">
    <p class='ocr_par' dir='ltr' id='par_1_102' title="bbox 371 5378 1010 5452">
     <span class='ocr_line' id='line_1_102' title="bbox 371 5378 1010 5452; baseline 0 -18"><span class='ocrx_word' id='word_1_828' title='bbox 371 5379 463 5434; x_wconf 89' lang='grc' dir='ltr'><strong>ιοῦ</strong></span> <span class='ocrx_word' id='word_1_829' title='bbox 511 5378 648 5450; x_wconf 72' lang='grc' dir='ltr'>ἐμοῦ</span> <span class='ocrx_word' id='word_1_830' title='bbox 694 5379 946 5452; x_wconf 78' lang='grc' dir='ltr'>λήψεται.</span> <span class='ocrx_word' id='word_1_831' title='bbox 988 5397 1010 5434; x_wconf 83' lang='grc'><strong>›</strong></span> 
     </span>
    </p>
   </div>
   <div class='ocr_carea' id='block_1_103' title="bbox 443 5533 1989 5603">
    <p class='ocr_par' dir='ltr' id='par_1_103' title="bbox 443 5533 1989 5603">
     <span class='ocr_line' id='line_1_103' title="bbox 443 5533 1989 5603; baseline 0 -13"><span class='ocrx_word' id='word_1_832' title='bbox 443 5535 489 5570; x_wconf 87' lang='grc'><strong>¹⁸</strong></span> <span class='ocrx_word' id='word_1_833' title='bbox 515 5533 677 5591; x_wconf 84' lang='lat' dir='ltr'><strong>Joan.</strong></span> <span class='ocrx_word' id='word_1_834' title='bbox 708 5551 747 5600; x_wconf 84' lang='grc' dir='ltr'><strong>ι,</strong></span> <span class='ocrx_word' id='word_1_835' title='bbox 784 5536 878 5590; x_wconf 77' lang='grc'><strong>⁵52.</strong></span> <span class='ocrx_word' id='word_1_836' title='bbox 961 5536 1186 5601; x_wconf 69' lang='grc' dir='ltr'><strong>ξ’]οεη.</strong></span> <span class='ocrx_word' id='word_1_837' title='bbox 1226 5551 1335 5602; x_wconf 74' lang='lat' dir='ltr'><strong>xw,</strong></span> <span class='ocrx_word' id='word_1_838' title='bbox 1368 5537 1456 5590; x_wconf 73' lang='grc'><strong>14.</strong></span> <span class='ocrx_word' id='word_1_839' title='bbox 1533 5536 1578 5567; x_wconf 84' lang='grc'><strong>²⁰</strong></span> <span class='ocrx_word' id='word_1_840' title='bbox 1603 5535 1736 5590; x_wconf 90' lang='lat' dir='ltr'><strong>ibid.</strong></span> <span class='ocrx_word' id='word_1_841' title='bbox 1773 5552 1862 5603; x_wconf 76' lang='grc' dir='ltr'><strong>ιν,</strong></span> <span class='ocrx_word' id='word_1_842' title='bbox 1900 5536 1989 5590; x_wconf 81' lang='lat' dir='ltr'><strong>l5.</strong></span> 
     </span>
    </p>
   </div>
   <div class='ocr_carea' id='block_1_104' title="bbox 447 5695 1956 5767">
    <p class='ocr_par' dir='ltr' id='par_1_104' title="bbox 447 5695 1956 5767">
     <span class='ocr_line' id='line_1_104' title="bbox 447 5695 1956 5767; baseline 0.003 -19"><span class='ocrx_word' id='word_1_843' title='bbox 447 5699 526 5762; x_wconf 72' lang='grc' dir='ltr'><strong>(ὅ)</strong></span> <span class='ocrx_word' id='word_1_844' title='bbox 570 5697 830 5751; x_wconf 84' lang='lat' dir='ltr'><strong>Oratione</strong></span> <span class='ocrx_word' id='word_1_845' title='bbox 881 5697 948 5749; x_wconf 87' lang='lat' dir='ltr'><strong>de</strong></span> <span class='ocrx_word' id='word_1_846' title='bbox 1005 5696 1372 5767; x_wconf 76' lang='lat' dir='ltr'><strong>Apparatione</strong></span> <span class='ocrx_word' id='word_1_847' title='bbox 1425 5696 1477 5750; x_wconf 93' lang='lat' dir='ltr'><strong>in</strong></span> <span class='ocrx_word' id='word_1_848' title='bbox 1551 5711 1739 5767; x_wconf 78' lang='lat' dir='ltr'><strong>carne,</strong></span> <span class='ocrx_word' id='word_1_849' title='bbox 1798 5695 1956 5765; x_wconf 82' lang='lat' dir='ltr'><strong>cujus</strong></span> 
     </span>
    </p>
   </div>
   <div class='ocr_carea' id='block_1_105' title="bbox 379 5765 1955 5836">
    <p class='ocr_par' dir='ltr' id='par_1_105' title="bbox 379 5765 1955 5836">
     <span class='ocr_line' id='line_1_105' title="bbox 379 5765 1955 5836; baseline 0.001 -15"><span class='ocrx_word' id='word_1_850' title='bbox 379 5769 704 5836; x_wconf 65' lang='lat' dir='ltr'><strong>principium</strong></span> <span class='ocrx_word' id='word_1_851' title='bbox 738 5787 751 5821; x_wconf 92' lang='lat'>:</span> <span class='ocrx_word' id='word_1_852' title='bbox 798 5769 900 5829; x_wconf 77' lang='lat' dir='ltr'><strong>Qui</strong></span> <span class='ocrx_word' id='word_1_853' title='bbox 955 5765 1110 5822; x_wconf 64' lang='lat' dir='ltr'><strong>mulis</strong></span> <span class='ocrx_word' id='word_1_854' title='bbox 1147 5771 1352 5822; x_wconf 81' lang='lat' dir='ltr'><strong>artibus</strong></span> <span class='ocrx_word' id='word_1_855' title='bbox 1401 5767 1612 5821; x_wconf 80' lang='lat' dir='ltr'><strong>diriims</strong></span> <span class='ocrx_word' id='word_1_856' title='bbox 1644 5765 1955 5835; x_wconf 73' lang='lat' dir='ltr'><strong>Scriptura:</strong></span> 
     </span>
    </p>
   </div>
   <div class='ocr_carea' id='block_1_106' title="bbox 376 5838 888 5906">
    <p class='ocr_par' dir='ltr' id='par_1_106' title="bbox 376 5838 888 5906">
     <span class='ocr_line' id='line_1_106' title="bbox 376 5838 888 5906; baseline 0.008 -18"><span class='ocrx_word' id='word_1_857' title='bbox 376 5838 658 5906; x_wconf 71' lang='lat' dir='ltr'><strong>.ntelligcrr</strong></span> <span class='ocrx_word' id='word_1_858' title='bbox 687 5839 888 5894; x_wconf 78' lang='lat' dir='ltr'><strong>roluul.</strong></span> 
     </span>
    </p>
   </div>
   <div class='ocr_carea' id='block_1_107' title="bbox 2063 4815 3648 4892">
    <p class='ocr_par' dir='ltr' id='par_1_107' title="bbox 2063 4815 3648 4892">
     <span class='ocr_line' id='line_1_107' title="bbox 2063 4815 3648 4892; baseline 0.004 -16"><span class='ocrx_word' id='word_1_859' title='bbox 2063 4819 2363 4884; x_wconf 89' lang='lat' dir='ltr'><strong>celebrem,</strong></span> <span class='ocrx_word' id='word_1_860' title='bbox 2415 4819 2514 4892; x_wconf 89' lang='lat' dir='ltr'><strong>qui</strong></span> <span class='ocrx_word' id='word_1_861' title='bbox 2563 4833 2630 4874; x_wconf 80' lang='lat' dir='ltr'><strong>ex</strong></span> <span class='ocrx_word' id='word_1_862' title='bbox 2684 4815 2828 4876; x_wconf 79' lang='lat' dir='ltr'><strong>Filio</strong></span> <span class='ocrx_word' id='word_1_863' title='bbox 2862 4820 3102 4890; x_wconf 84' lang='lat' dir='ltr'><strong>Spiritus</strong></span> <span class='ocrx_word' id='word_1_864' title='bbox 3156 4825 3538 4880; x_wconf 63' lang='lat' dir='ltr'><strong>exsistentiam</strong></span> <span class='ocrx_word' id='word_1_865' title='bbox 3581 4843 3648 4882; x_wconf 71' lang='lat' dir='ltr'><strong>ex</strong></span> 
     </span>
    </p>
   </div>
   <div class='ocr_carea' id='block_1_108' title="bbox 2062 4900 3761 4984">
    <p class='ocr_par' dir='ltr' id='par_1_108' title="bbox 2062 4900 3761 4984">
     <span class='ocr_line' id='line_1_108' title="bbox 2062 4900 3761 4984; baseline 0.005 -18"><span class='ocrx_word' id='word_1_866' title='bbox 2062 4911 2166 4966; x_wconf 91' lang='lat' dir='ltr'><strong>hoc</strong></span> <span class='ocrx_word' id='word_1_867' title='bbox 2192 4912 2338 4966; x_wconf 92' lang='lat' dir='ltr'><strong>dicto</strong></span> <span class='ocrx_word' id='word_1_868' title='bbox 2367 4911 2596 4980; x_wconf 80' lang='lat' dir='ltr'><strong>colligit,</strong></span> <span class='ocrx_word' id='word_1_869' title='bbox 2624 4925 2750 4968; x_wconf 88' lang='lat' dir='ltr'><strong>cum</strong></span> <span class='ocrx_word' id='word_1_870' title='bbox 2785 4913 3049 4984; x_wconf 87' lang='lat' dir='ltr'><strong>dicit(7);</strong></span> <span class='ocrx_word' id='word_1_871' title='bbox 3084 4932 3104 4966; x_wconf 83' lang='grc' dir='ltr'><strong>ι</strong></span> <span class='ocrx_word' id='word_1_872' title='bbox 3138 4913 3295 4982; x_wconf 84' lang='lat' dir='ltr'><strong>Quod</strong></span> <span class='ocrx_word' id='word_1_873' title='bbox 3315 4918 3361 4972; x_wconf 89' lang='lat' dir='ltr'><strong>si</strong></span> <span class='ocrx_word' id='word_1_874' title='bbox 3390 4917 3646 4973; x_wconf 82' lang='lat' dir='ltr'><strong>Chrisuis</strong></span> <span class='ocrx_word' id='word_1_875' title='bbox 3757 4900 3761 4904; x_wconf 47' lang='grc'><em>’</em></span> 
     </span>
    </p>
   </div>
   <div class='ocr_carea' id='block_1_109' title="bbox 2063 5002 3647 5081">
    <p class='ocr_par' dir='ltr' id='par_1_109' title="bbox 2063 5002 3647 5081">
     <span class='ocr_line' id='line_1_109' title="bbox 2063 5002 3647 5081; baseline 0.004 -23"><span class='ocrx_word' id='word_1_876' title='bbox 2063 5021 2126 5059; x_wconf 80' lang='lat' dir='ltr'><strong>ex</strong></span> <span class='ocrx_word' id='word_1_877' title='bbox 2167 5002 2334 5059; x_wconf 85' lang='lat' dir='ltr'><strong>Patre</strong></span> <span class='ocrx_word' id='word_1_878' title='bbox 2381 5005 2648 5069; x_wconf 90' lang='lat' dir='ltr'><strong>creditur,</strong></span> <span class='ocrx_word' id='word_1_879' title='bbox 2701 5004 2846 5061; x_wconf 88' lang='lat' dir='ltr'><strong>Deus</strong></span> <span class='ocrx_word' id='word_1_880' title='bbox 2890 5023 2956 5063; x_wconf 83' lang='lat' dir='ltr'><strong>ex</strong></span> <span class='ocrx_word' id='word_1_881' title='bbox 3021 5007 3150 5075; x_wconf 86' lang='lat' dir='ltr'><strong>Deo,</strong></span> <span class='ocrx_word' id='word_1_882' title='bbox 3183 5017 3238 5063; x_wconf 90' lang='lat' dir='ltr'><strong>et</strong></span> <span class='ocrx_word' id='word_1_883' title='bbox 3282 5009 3524 5081; x_wconf 79' lang='lat' dir='ltr'><strong>Spiritus</strong></span> <span class='ocrx_word' id='word_1_884' title='bbox 3578 5025 3647 5065; x_wconf 76' lang='lat' dir='ltr'><strong>ex</strong></span> 
     </span>
    </p>
   </div>
   <div class='ocr_carea' id='block_1_110' title="bbox 2063 5095 3643 5169">
    <p class='ocr_par' dir='ltr' id='par_1_110' title="bbox 2063 5095 3643 5169">
     <span class='ocr_line' id='line_1_110' title="bbox 2063 5095 3643 5169; baseline 0.008 -23"><span class='ocrx_word' id='word_1_885' title='bbox 2063 5095 2305 5158; x_wconf 77' lang='lat' dir='ltr'><strong>Christo,</strong></span> <span class='ocrx_word' id='word_1_886' title='bbox 2367 5102 2460 5150; x_wconf 89' lang='lat' dir='ltr'><strong>aut</strong></span> <span class='ocrx_word' id='word_1_887' title='bbox 2515 5099 2588 5154; x_wconf 79' lang='lat' dir='ltr'><strong>ab</strong></span> <span class='ocrx_word' id='word_1_888' title='bbox 2630 5097 2899 5168; x_wconf 80' lang='lat' dir='ltr'><strong>utri5que,</strong></span> <span class='ocrx_word' id='word_1_889' title='bbox 2953 5109 3014 5155; x_wconf 91' lang='lat' dir='ltr'><strong>ut</strong></span> <span class='ocrx_word' id='word_1_890' title='bbox 3045 5101 3122 5156; x_wconf 89' lang='lat' dir='ltr'><strong>ait</strong></span> <span class='ocrx_word' id='word_1_891' title='bbox 3148 5103 3400 5160; x_wconf 75' lang='lat' dir='ltr'><strong>Christus</strong></span> <span class='ocrx_word' id='word_1_892' title='bbox 3430 5121 3444 5158; x_wconf 90' lang='lat'><strong>:</strong></span> <span class='ocrx_word' id='word_1_893' title='bbox 3476 5103 3581 5169; x_wconf 82' lang='lat' dir='ltr'><strong>Qui</strong></span> <span class='ocrx_word' id='word_1_894' title='bbox 3611 5119 3643 5158; x_wconf 85' lang='lat' dir='ltr'><strong>a</strong></span> 
     </span>
    </p>
   </div>
   <div class='ocr_carea' id='block_1_111' title="bbox 2062 5187 3324 5265">
    <p class='ocr_par' dir='ltr' id='par_1_111' title="bbox 2062 5187 3324 5265">
     <span class='ocr_line' id='line_1_111' title="bbox 2062 5187 3324 5265; baseline 0.008 -26"><span class='ocrx_word' id='word_1_895' title='bbox 2062 5187 2224 5241; x_wconf 89' lang='lat' dir='ltr'><strong>Patre</strong></span> <span class='ocrx_word' id='word_1_896' title='bbox 2253 5189 2521 5256; x_wconf 80' lang='lat' dir='ltr'><strong>procedit.</strong></span> <span class='ocrx_word' id='word_1_897' title='bbox 2563 5199 2618 5245; x_wconf 87' lang='lat' dir='ltr'><strong>et</strong></span> <span class='ocrx_word' id='word_1_898' title='bbox 2657 5189 2747 5246; x_wconf 90' lang='lat' dir='ltr'><strong>hic</strong></span> <span class='ocrx_word' id='word_1_899' title='bbox 2767 5207 2832 5248; x_wconf 83' lang='lat' dir='ltr'><strong>ex</strong></span> <span class='ocrx_word' id='word_1_900' title='bbox 2866 5208 2984 5250; x_wconf 89' lang='lat' dir='ltr'><strong>meo</strong></span> <span class='ocrx_word' id='word_1_901' title='bbox 3015 5195 3264 5265; x_wconf 87' lang='lat' dir='ltr'><strong>accipiet.</strong></span> <span class='ocrx_word' id='word_1_902' title='bbox 3303 5213 3324 5249; x_wconf 73' lang='grc' dir='ltr'><strong>ι</strong></span> 
     </span>
    </p>
   </div>
   <div class='ocr_carea' id='block_1_112' title="bbox 2135 5697 2998 5773">
    <p class='ocr_par' dir='ltr' id='par_1_112' title="bbox 2135 5697 2998 5773">
     <span class='ocr_line' id='line_1_112' title="bbox 2135 5697 2998 5773; baseline 0.012 -22"><span class='ocrx_word' id='word_1_903' title='bbox 2135 5697 2210 5773; x_wconf 69' lang='grc' dir='ltr'>(θ)</span> <span class='ocrx_word' id='word_1_904' title='bbox 2246 5697 2482 5773; x_wconf 81' lang='lat' dir='ltr'><strong>Epistola</strong></span> <span class='ocrx_word' id='word_1_905' title='bbox 2525 5701 2590 5754; x_wconf 85' lang='lat' dir='ltr'><strong>ad</strong></span> <span class='ocrx_word' id='word_1_906' title='bbox 2623 5703 2998 5773; x_wconf 86' lang='lat' dir='ltr'><strong>Serapionem.</strong></span> 
     </span>
    </p>
   </div>
   <div class='ocr_carea' id='block_1_113' title="bbox 2139 5771 2648 5841">
    <p class='ocr_par' dir='ltr' id='par_1_113' title="bbox 2139 5771 2648 5841">
     <span class='ocr_line' id='line_1_113' title="bbox 2139 5771 2648 5841; baseline 0.01 -19"><span class='ocrx_word' id='word_1_907' title='bbox 2139 5771 2216 5841; x_wconf 73' lang='lat'><strong>(7)</strong></span> <span class='ocrx_word' id='word_1_908' title='bbox 2258 5772 2314 5825; x_wconf 86' lang='lat' dir='ltr'><strong>lit</strong></span> <span class='ocrx_word' id='word_1_909' title='bbox 2349 5776 2648 5827; x_wconf 77' lang='lat' dir='ltr'><strong>Ancvroto.</strong></span> 
     </span>
    </p>
   </div>
   <div class='ocr_carea' id='block_1_114' title="bbox 2829 5962 2876 5970">
    <p class='ocr_par' dir='ltr' id='par_1_114' title="bbox 2829 5962 2876 5970">
     <span class='ocr_line' id='line_1_114' title="bbox 2829 5962 2876 5970; baseline 0.021 -1"><span class='ocrx_word' id='word_1_910' title='bbox 2829 5962 2876 5970; x_wconf 60' lang='grc' dir='ltr'><strong>..-Α</strong></span> 
     </span>
    </p>
   </div>
  </div>
