4054 6432
431 359 536 421 335

1468 349 1683 411 JOAN.
1725 346 1943 412 VECCI
1981 347 2094 410 CP.
2135 345 2653 410 ΡΑΤΒΙΛΒΕΗΑΞ

3606 343 3715 410 336

506 474 590 526 Il.
634 471 866 536 Quando
911 482 1038 522 vero
1096 464 1328 520 Photius
1382 463 1756 533 evangelicum
1811 465 2019 518 dictum

2202 461 2292 518 ια’.
2325 465 2453 517 Ὅτε
2502 465 2560 517 δὲ
2615 465 2820 525 quinto;
2867 462 2942 525 ὡς
2983 462 3125 517 πάνυ
3173 479 3224 516 τι
3254 459 3722 517 δυσαντίϐλεπτον

436 564 794 628 adversariis,
854 561 1016 620 veluti
1061 570 1281 626 aspectu
1336 556 1574 610 terribile
1627 563 1918 625 proponat,
1971 555 2026 609 in

435 671 568 726 quo,
607 669 729 708 cum
763 668 793 706 a
838 650 999 705 Patre
1029 650 1322 719 procedere
1364 648 1628 716 Spiritum
1657 647 1921 702 Dominus
1948 647 2028 701 di'

435 751 624 811 sisset,
680 761 840 798 suum
898 743 971 796 ibi
1031 756 1230 794 nomen
1289 739 1542 805 obticuit,
1574 739 1733 808 plane
1761 738 2027 792 adversus

437 841 613 908 ipsum
677 837 838 890 Italos
899 833 1196 888 defendent
1242 833 1407 886 variat
1452 831 1518 886 ad
1547 832 1662 900 jam
1691 831 1852 884 allata
1881 830 2025 884 dicta

432 932 743 1000 evangelica
805 927 987 995 magni
1045 925 1228 980 Basilii
1287 924 1793 993 interpretationes.
1837 921 2025 977 Hicin

437 1037 542 1074 una
593 1036 656 1074 ex
697 1021 949 1088 iis,quas
986 1018 1054 1072 ad
1099 1015 1546 1084 Amphilochium
1575 1014 1794 1084 scripsit
1823 1015 2028 1083 cpisto-

433 1112 510 1163 las
539 1125 554 1162 :
589 1107 726 1163 Illud
755 1125 772 1157 ι
793 1107 960 1160 Nemo
987 1124 1006 1156 ι
1049 1105 1225 1174 inquit
1255 1104 1354 1172 (8),
1401 1120 1420 1154 ι
1455 1101 1779 1156 universalis
1809 1102 2023 1170 quidem

433 1203 642 1256 videtur
667 1201 858 1264 dictio,
893 1199 1030 1252 adeo
1062 1205 1124 1250 ut
1156 1197 1302 1248 nulla
1352 1209 1583 1262 persona
1632 1194 1807 1262 excipi
1843 1195 2024 1245 videa-

430 1307 539 1350 tttr.
562 1297 631 1348 At
658 1309 763 1348 non
793 1309 947 1362 teque
971 1293 1024 1344 in
1050 1290 1247 1345 divinis
1273 1286 1802 1356 Litterislaecipitur,
1829 1303 2024 1355 quein-

429 1382 722 1441 admodutn
785 1383 1274 1438 animadvertimus
1337 1385 1389 1433 in
1428 1381 1520 1434 illo
1569 1397 1582 1434 :
1625 1381 1792 1432 l\'em0
1824 1382 2019 1440 bonus,

435 1481 538 1534 nisi
581 1479 799 1542 Deus“,
833 1476 1021 1546 Neque
1055 1477 1199 1530 enim
1233 1475 1304 1528 ibi
1337 1491 1395 1528 se
1423 1491 1452 1526 a
1490 1475 1614 1528 boni
1646 1483 1837 1526 natura
1869 1483 2022 1526 extra

432 1589 639 1640 ponens
663 1571 858 1634 Filius,
885 1570 1001 1623 haec
1031 1567 1252 1622 astruit.
1286 1564 1391 1620 Sed
1417 1582 1539 1620 cum
1567 1566 1800 1634 primum
1822 1567 2021 1620 bonum

431 1665 590 1718 Pater
628 1671 722 1729 sit,
767 1677 874 1717 una
913 1661 1079 1716 simul
1110 1675 1236 1713 cum
1273 1659 1366 1712 illo
1397 1658 1590 1723 Nemo,
1624 1674 1746 1712 cum
1784 1659 2017 1729 primum

428 1758 812 1821 subaudialur,
892 1755 1196 1809 secundum
1266 1752 1374 1805 dici
1449 1753 1745 1808 credimus.
1787 1772 1806 1803 ι
1843 1753 1906 1806 Et
1965 1755 2015 1805 in

2128 559 2230 628 τὴν
2282 557 2648 628 εὐαγγελικὴν
2679 559 2792 620 τοῖς
2826 555 3173 625 ἀντιλέγουσι
3206 557 3464 628 προτείνῃ
3501 557 3721 626 φωνὴν,

2129 651 2188 702 ἐν
2319 651 2469 721 παρὰ
2504 651 2599 704 τοῦ
2633 649 2849 721 Πατρὸς
2883 649 3281 718 ἐκπορεύεσθαι
3325 649 3388 701 τὸ
3435 648 3662 719 Πνεῦμα
3689 651 3724 702 6

2129 743 2338 811 Κύριος
2369 741 2630 812 εἰρηκὼς,
2663 743 2722 795 τὸ
2757 743 2960 795 οἰκεῖον
2991 741 3383 811 ἀπεσιώπησεν
3414 741 3608 810 ὄνομα,
3632 743 3721 805 εἰς

2127 834 2435 898 ἀντιδίκους
2465 835 2618 907 αὑτῷ
2650 833 2791 904 ὑπὲρ
2838 835 3058 888 Ἰταλῶν
3106 835 3324 887 ἔσονται
3369 835 3424 886 αἱ
3463 835 3718 905 διάφοροι

2129 926 2268 996 πρὸς
2300 929 2367 980 τὰ
2401 926 2754 999 ῥηθησόμενα
2787 925 3125 995 εὐαγγελικὰ
3154 927 3294 997 ῥητὰ
3323 926 3418 979 τοῦ
3469 927 3721 997 μεγάλου
3764 936 3768 939 ’

2130 1021 2414 1074 Βασιλείου
2471 1021 2783 1092 ἐξηγήσεις.
2822 1015 2994 1083 Οὗτος
3045 1020 3139 1072 καὶ
3183 1023 3240 1072 ἐν
3288 1020 3390 1090 μιᾷ
3419 1019 3531 1073 τῶν
3574 1015 3717 1090 πρὸς

2139 1114 2490 1183 ’Λμφιλόχιον
2521 1114 2821 1167 ἐπιστολῶν
2855 1113 2916 1166 τὸ
2969 1131 2988 1164 t
3029 1113 3240 1176 Οὐδεὶς,
3276 1131 3295 1164 ι
3338 1113 3504 1180 φησι,
3549 1131 3568 1164 ι
3614 1131 3714 1166 κα-

2128 1203 2340 1258 θολικὸν
2377 1201 2642 1274 μὲνεῖναι
2669 1207 2820 1260 δοκεῖ
2848 1206 2998 1276 ῥῆμα
3027 1204 3104 1264 ὡς
3149 1205 3284 1274 μηδὲ
3327 1203 3386 1256 ἓν
3415 1205 3716 1274 πρόσωπον

2125 1297 2223 1365 τῆς
2273 1297 2457 1366 φωνῆς
2489 1297 2925 1366 ὑπεξαιρείσθαι.
2969 1296 3127 1348 Ἐστι
3159 1295 3215 1347 δὲ
3247 1295 3346 1364 οὐχ
3384 1294 3529 1348 οὕτω
3561 1295 3715 1364 παρὰ

2125 1390 2191 1458 τῇ
2227 1388 2415 1458 Γραφῇ
2447 1389 2855 1457 ἀναφερόμενον
2880 1428 2895 1452 ,
2929 1386 3004 1449 ὡς
3040 1387 3430 1456 τετηρήκαμεν
3460 1387 3556 1438 ἐπὶ
3592 1384 3714 1453 τοῦ,

2131 1498 2149 1530 ι
2187 1481 2376 1543 Οὐδεὶς
2403 1481 2607 1548 ἀγαθὸς
2637 1484 2686 1532 εἰ
2719 1482 2796 1550 μὴ
2847 1473 2928 1542 εἷς
2961 1480 2990 1531 6
3025 1478 3178 1540 Θεὸς.
3218 1496 3238 1529 ›
3278 1478 3413 1531 Οὐδὲ
3451 1477 3561 1549 γὰρ
3595 1481 3714 1531 ἐκεῖ

2126 1573 2318 1625 ἑαυτὸν
2355 1573 2462 1636 ἔξω
2491 1572 2663 1634 τιθεὶς
2713 1572 2815 1642 τῆς
2863 1570 2959 1624 τοῦ
3010 1569 3218 1640 ἀγαθοῦ
3253 1570 3470 1639 φύσεως
3499 1572 3528 1623 6
3562 1571 3714 1633 Υἱὸς,

2125 1665 2296 1718 τλῦτα
2329 1665 2508 1733 λέγει·
2531 1663 2651 1717 ἀλλ’
2669 1664 2858 1732 ἐπειδὴ
2888 1663 2946 1715 τὸ
2973 1662 3187 1732 πρῶτον
3216 1662 3421 1729 ἀγαθὸν
3446 1663 3474 1714 6
3498 1663 3712 1733 Πατὴρ,

2124 1757 2204 1826 τῷ
2233 1758 2422 1820 Οὐδεὶς
2454 1755 2973 1825 συνυπακουομένου
2998 1756 3092 1806 τοῦ
3117 1755 3338 1825 πρώτου
3362 1753 3423 1806 τὸ
3455 1753 3715 1824 δεύτερον

428 1849 615 1903 eadem
650 1861 839 1900 rursus
870 1843 1125 1912 epiStola,
1187 1857 1295 1895 non
1346 1842 1613 1897 dissimile
1644 1859 1766 1896 esse
1804 1844 2016 1905 scribit,

2127 1819 2384 1920 εἰρῆσθαι
2420 1850 2776 1919 πιστεύομεν.
2811 1819 2840 1900 ἰ
2880 1849 2989 1903 Kal.
3020 1850 3078 1900 ὲν
3107 1819 3176 1918 τῇ
3218 1849 3357 1916 αὐτῇ
3391 1846 3554 1900 πάλιν
3588 1819 3715 1898 ἐπι-

429 1951 482 1996 et
513 1940 682 1994 illud:
723 1937 925 1990 «Nemo
957 1936 1104 1988 novit
1131 1933 1350 1998 Filium,
1389 1935 1491 1987 nisi
1528 1933 1684 1987 Pater
1705 1935 1772 1988 ".
1794 1953 1812 1986 ι
1842 1933 2022 2001 Neque

2126 1944 2286 2011 στολῇ
2318 1959 2333 1974 ·
2371 1960 2390 1993 t
2433 1942 2686 1994 Τοιοῦτον
2723 1939 2885 2005 εἶναι,
2924 1958 2944 1992 ι
3002 1941 3157 2008 φησὶ,
3193 1941 3288 1991 καὶ
3325 1938 3408 2001 τὸ,
3457 1957 3475 1986 ι
3517 1936 3715 1998 Οὐδεὶς

429 2037 573 2088 enim
599 2031 672 2086 ibi
707 2031 984 2084 inscitiam
1015 2027 1254 2096 Spiritus
1284 2036 1432 2079 notat
1475 2025 1664 2080 Filius.
1704 2027 1808 2079 Sed
1843 2027 2021 2093 primo

2126 2031 2229 2088 εἶδε
2261 2035 2351 2086 τὸν
2384 2035 2511 2086 Υἰὸν
2546 2036 2593 2085 εἰ
2622 2034 2695 2102 μὴ
2725 2035 2751 2085 ο
2781 2034 2993 2101 Πατήρ.
3023 2031 3158 2084 Οὐδὲ
3187 2031 3296 2098 γὰρ
3327 2030 3446 2082 ἐκεῖ
3484 2029 3715 2094 ἄγνοιαν

432 2128 578 2182 Patri
635 2127 814 2178 inesse
875 2137 990 2176 sure
1041 2129 1252 2172 naturae
1307 2119 1676 2187 cognitionem
1712 2126 1958 2171 testatur.
1995 2135 2014 2169 ι

433 2219 500 2272 Et
534 2232 726 2270 rursus
763 2216 926 2279 illud;
964 2231 981 2263 ι
1022 2213 1187 2265 δοίης)
1237 2211 1388 2264 novit
1439 2224 1658 2273 eorum,
1702 2224 1823 2276 qua:
1869 2220 2016 2272 sunt,

432 2324 664 2378 qtueqtte
688 2305 872 2360 l‘utura
914 2313 1062 2368 sunt,
1103 2303 1475 2368 cognitionem
1524 2303 1784 2370 primunt,
1825 2305 1891 2354 ad
1928 2298 2022 2354 Pa.

435 2411 569 2453 trem
595 2397 781 2452 referri
807 2405 861 2450 et
883 2410 977 2464 per
991 2395 1176 2447 omnia
1201 2393 1434 2462 primaut
1454 2406 1677 2446 causam
1702 2391 2020 2448 hominibus

433 2491 724 2553 insinuari,
767 2489 924 2543 dictis
965 2487 1232 2558 ejusmodi
1274 2495 1554 2554 putamus.
1595 2502 1612 2533 ι
1658 2482 1725 2537 Ει
1758 2502 1865 2539 non
1901 2497 2020 2554 post

432 2587 599 2639 multa
657 2582 802 2637 illius
846 2581 1152 2650 pericopes,
1215 2597 1232 2628 ι
1265 2577 1493 2631 Silentio
1523 2579 1706 2645 itaque
1759 2586 2018 2646 tanquam

433 2691 555 2744 quae
593 2673 646 2726 in
700 2671 950 2726 confesso
1006 2671 1181 2739 posita
1238 2677 1376 2731 erat,
1409 2669 1683 2735 propriam
1729 2682 2016 2736 personam

433 2766 744 2836 praeteriens
780 2764 1080 2824 Dominus,
1136 2761 1315 2816 solum
1360 2758 1575 2812 Patrem
1607 2757 1780 2820 scire,
1829 2757 2017 2820 refert,

431 2860 610 2912 Patris
651 2857 936 2913 scientiam
987 2854 1218 2922 tigurate
1247 2865 1341 2918 per
1371 2849 1737 2911 reticentiam,
1777 2857 1830 2901 et
1862 2861 2018 2900 suam

431 2966 555 3004 esse
579 2957 852 3001 astruens.
888 2963 905 2996 ι
935 2941 1154 3018 Similes
1181 2941 1451 2993 dlt'ltll'lllll
1478 2937 1912 3005 evangelicorutn
1937 2936 2020 2987 in-

432 3047 850 3110 terpretationes
872 3035 1010 3090 satis
1034 3043 1182 3094 sunt,
1218 3032 1282 3083 ad
1318 3046 1382 3082 os
1406 3045 1597 3082 eorum
1629 3028 2017 3089 obturandum,

430 3135 523 3204 qui
583 3131 748 3187 veluti
799 3136 1055 3197 magnum
1101 3123 1320 3191 aliquod
1375 3121 1599 3172 dubium
1657 3126 1968 3189 proponunt
2001 3133 2014 3169 :
2047 3154 2091 3212 α

435 3244 453 3276 ι
500 3225 557 3278 Si
589 3223 755 3276 etiam
794 3237 859 3276 ex
899 3216 1039 3272 Filio
1078 3215 1314 3284 Spiritus
1345 3219 1450 3275 est,
1499 3225 1662 3281 quam
1696 3212 1766 3264 ob
1795 3224 2018 3263 causam

434 3321 486 3370 in
520 3315 830 3384 Evangeliis
866 3308 1152 3371 Dominus,
1188 3307 1280 3373 qui
1316 3302 1558 3374 procedit
1595 3318 1624 3355 a
1665 3301 1858 3367 Patre”
1881 3300 2022 3356 dixit

434 3424 543 3463 non
574 3407 780 3461 addens
819 3421 831 3457 :
863 3404 930 3456 Et
953 3417 1018 3453 ex
1061 3397 1188 3452 me?
1215 3417 1232 3448 ι
1268 3395 1402 3449 Nam
1437 3411 1480 3449 SI
1510 3409 1738 3464 tnaguus
1771 3392 2020 3459 Basilius,

432 3503 579 3572 quod
624 3515 822 3554 nOmen
858 3495 978 3550 Filii
1011 3484 1237 3547 sileatur
1275 3491 1328 3543 in
1365 3489 1492 3552 illis,
1528 3489 1579 3540 in
1613 3487 1816 3554 quibus
1855 3486 2019 3540 dicit:

437 3617 456 3647 ε
485 3597 696 3648 Patrem
729 3592 905 3646 solum
944 3589 1105 3654 scire,
1136 3605 1153 3638 ι
1184 3599 1406 3639 causam
1441 3582 1580 3636 hanc
1604 3582 1790 3644 refert,
1817 3580 2025 3648 palam-

433 3707 541 3760 que
567 3687 754 3751 edicit,
781 3705 796 3735 ι
829 3684 1006 3738 Patris
1045 3679 1411 3749 cognitionem
1463 3675 1690 3743 ﬁgurate
1741 3687 1836 3742 per
1897 3672 2026 3726 reti-

433 3781 706 3841 centiam,
755 3776 1117 3845 cognitionem
1176 3786 1298 3824 esse
1345 3776 1398 3822 et
1453 3765 1613 3830 Filii,
1655 3782 1674 3816 ι
1733 3766 1855 3833 quis
1903 3762 2026 3832 jure

433 3875 533 3928 sibi
603 3867 996 3931 vindieaVerit,
1029 3867 1183 3935 quasi
1222 3863 1294 3917 sit
1336 3859 1572 3928 Spiritus
1624 3857 2023 3926 receptaculum

443 3963 647 4017 Basilio
697 3960 910 4031 purius,
953 3957 1173 4010 diverso
1200 3952 1364 4006 modo
1405 3963 1566 4020 atque
1591 3950 1826 4004 Basilius
1852 3949 2025 4002 addu-

437 4061 608 4110 bitarc
644 4070 658 4106 :
693 4066 864 4121 quare
918 4063 1024 4100 non
1071 4057 1124 4099 et
1202 4059 1399 4097 nomen
1469 4040 1613 4105 Filii,
1642 4049 1700 4095 ut
1770 4041 2026 4093 omnibus

438 4146 786 4202 ittattiiestutn
832 4149 951 4205 est,
1017 4153 1142 4193 eum
1224 4138 1404 4190 Patrts
1484 4149 1704 4190 nomine
1772 4132 2027 4187 enuntia-

438 4251 562 4305 tur,
627 4245 681 4290 et
743 4250 868 4290 cum
951 4232 1174 4286 insimul
1259 4247 1367 4296 non
1437 4230 1786 4292 enuntiatur,
1855 4239 2026 4296 quare

438 4329 662 4385 insimul
742 4343 854 4381 non
934 4321 1305 4393 intelligitur?
1379 4320 1536 4387 Quod
1615 4322 1836 4386 etenim.
1905 4331 2029 4370 ma-

437 4439 579 4495 gnus
617 4421 704 4476 hic
735 4417 894 4473 Pater
920 4419 988 4471 de
1016 4403 1243 4470 scientia
1270 4411 1750 4468 asset-itilliusdiei
1775 4418 1828 4462 et
1855 4407 2022 4471 horae,

2123 2129 2216 2182 τοῦ
2254 2129 2572 2197 Πνεύματος
2609 2127 2913 2194 κατηγορεί
2945 2125 2974 2175 6
3008 2123 3134 2184 Υἱός
3171 2138 3184 2153 '
3217 2121 3354 2174 ἀλλὰ
3400 2119 3600 2190 πρώτῳ
3630 2118 3711 2187 τῷ

2124 2221 2300 2286 Πατρὶ
2344 2219 2673 2286 ἐνυπάρχειν
2720 2217 2818 2287 τὴν
2865 2216 3074 2284 γνῶσιν
3123 2217 3223 2283 τῆς
3261 2213 3457 2266 ἑαυτοῦ
3490 2212 3710 2280 φύσεως

2126 2317 2414 2386 μαρτυρεῖ.
2461 2332 2480 2364 ι
2520 2313 2632 2366 Καὶ
2695 2312 2858 2364 πάλιν
2907 2310 2986 2374 τὸ,
3027 2329 3045 2361 ι
3083 2309 3276 2370 Οὐδεὶς
3306 2301 3439 2367 οἶδε,
3474 2325 3493 2358 t
3539 2323 3559 2356 t
3609 2305 3709 2376 τὴν

2123 2407 2350 2477 πρώτην
2377 2406 2584 2474 εἴδησιν
2613 2404 2725 2457 τῶν
2755 2420 2815 2456 τε
2847 2403 3016 2455 ὀντων
3045 2401 3139 2454 καὶ
3170 2389 3279 2453 τῶν
3314 2401 3590 2467 ἐσομένων
3615 2399 3707 2449 ἐπὶ

2120 2502 2211 2552 τὸν
2239 2500 2460 2567 Πατέρα
2500 2498 2816 2563 ἀνάγοντος,
2863 2496 2958 2548 καὶ
2991 2494 3080 2548 διὰ
3109 2496 3330 2546 πάντων
3356 2493 3455 2560 τὴν
3485 2490 3709 2561 πρώτην

2120 2592 2302 2645 αἰτίαν
2352 2591 2472 2652 τοῖς
2503 2586 2814 2658 ἀνθρώποις
2857 2584 3304 2644 ὑποδεικνύοντπ
3340 2580 3592 2652 εἰρῆσθαι
3623 2597 3708 2632 νο-

2125 2682 2377 2751 μὶζομεν.
2417 2698 2437 2731 ι
2472 2679 2583 2733 Καὶ
2611 2679 2729 2748 μετ’
2759 2679 2918 2746 ὀλίγα
2947 2678 3046 2746 τῆς
3080 2673 3392 2744 περικοπῆς
3415 2689 3430 2704 ο
3470 2692 3488 2724 ι
3526 2673 3709 2741 Παρα-

2123 2775 2413 2842 σιωπὴσας
2446 2773 2630 2824 τοίνυν
2653 2771 2729 2834 ὠς
2761 2769 3194 2840 ὁμολογούμενον
3223 2768 3284 2820 τὸ
3308 2766 3502 2820 ἑαυτοῦ
3531 2765 3708 2837 πρόσ-

2119 2883 2270 2920 ωπον
2303 2868 2330 2918 ὁ
2406 2866 2634 2936 Κύριος,
2677 2862 2880 2915 εἰδέναι
2924 2861 3018 2914 τὸν
3069 2861 3292 2931 Πατέρα
3340 2858 3505 2928 μόνον
3547 2858 3712 2926 φησι,

2121 2957 2218 3027 τὴν
2252 2955 2347 3009 τοῦ
2397 2957 2611 3025 Ila-cpe;
2658 2955 2862 3022 γνῶσιν
2905 2953 3048 3006 κατὰ
3093 2951 3156 3004 τὸ
3202 2951 3563 3014 σιωπώμενον
3609 2952 3710 3002 καὶ

2125 3049 2321 3104 ἑαυτοῦ
2353 3045 2493 3102 εἶναι
2517 3049 2714 3116 λέγων.
2752 3067 2770 3098 t
2807 3047 2874 3100 Ai
2911 3045 3163 3098 τοιαῦται
3197 3045 3305 3096 τῶν
3329 3041 3710 3110 εὐαγγελικῶν

2127 3141 2308 3214 ῥητῶν
2344 3140 2659 3210 ἐξηγήσεις,
2705 3139 3063 3206 ἐπιστομίσαι
3099 3136 3276 3190 ἱκανὰ,
3304 3136 3543 3206 ἔχουσιν,
3581 3135 3709 3196 τοὺς

2125 3231 2315 3302 ὥσπερ
2339 3247 2392 3282 τι
2419 3229 2562 3299 μέγα
2591 3230 2974 3298 προτείνοντας
2999 3226 3323 3295 διαπόρημα
3341 3241 3353 3255 ·
3388 3243 3408 3276 ι
3442 3227 3490 3277 εἰ
3521 3226 3614 3278 καὶ
3642 3227 3710 3277 ὲκ

2123 3322 2218 3376 τοῦ
2248 3323 2379 3375 Υἱοῦ
2411 3321 2470 3374 τὸ
2496 3321 2724 3391 Πνεῦμα
2748 3319 3011 3390 ὑπάρχει,
3039 3310 3184 3376 ﬁuit
3211 3320 3268 3370 ἐν
3300 3317 3657 3384 Εὑαγγελίοις
3680 3317 3710 3368 6

2124 3416 2351 3486 Κύριος,
2391 3433 2410 3465 ι
2463 3415 2528 3466 Ὃ
2556 3412 2709 3481 παρὰ
2741 3409 2837 3464 τοῦ
2865 3412 3080 3476 Πατρος
3097 3409 3482 3478 ἐκπορεύεται,
3522 3426 3540 3458 ι
3579 3407 3708 3477 ἔφη,

2127 3509 2204 3579 μὴ
2241 3507 2504 3577 προσθεὶς
2537 3507 2634 3560 καὶ
2678 3505 2761 3567 τὸ,
2813 3501 2872 3568 ἐξ
2923 3501 3104 3570 ἐμοῦ;
3149 3519 3170 3552 ι
3209 3503 3270 3554 Εἰ
3304 3501 3414 3570 γὰρ
3461 3505 3488 3554 ό
3533 3501 3708 3569 μέγας

2125 3599 2409 3659 Βασίλειος
2445 3598 2629 3651 αἰτίαν
2667 3594 2764 3648 τοῦ
2793 3593 3302 3662 παρασιωπηθῆναι
3326 3591 3386 3643 τὸ
3415 3591 3586 3660 ὄνομα
3609 3591 3708 3646 τοῦ

2126 3688 2284 3756 Υἱοῦ,
2350 3689 2438 3758 ἐφ’
2497 3683 2579 3750 οἷς
2619 3686 2792 3754 λέγει,
2840 3683 2934 3735 τὸν
2976 3682 3196 3753 Πατέρα
3251 3687 3413 3752 μόνον
3449 3683 3648 3735 εἰδέναι
3682 3700 3702 3733 ρ

2126 3782 2288 3835 τοῦτο
2331 3781 2484 3850 λέγει
2541 3779 2754 3848 σαφῶς,
2784 3776 2847 3830 τὸ
2901 3794 2920 3827 t
2957 3776 3056 3846 τὴν
3111 3775 3206 3828 τοῦ
3258 3775 3472 3844 Πατρὸς
3505 3778 3708 3841 γνῶσιν

2127 3874 2273 3928 κατὰ
2316 3873 2380 3926 τὸ
2411 3870 2766 3940 σιωπώμενον
2798 3869 3002 3938 γνῶσιν
3031 3861 3172 3920 εἶναι
3213 3867 3307 3918 καὶ
3335 3866 3431 3918 τοῦ
3488 3866 3640 3930 Υἱοῦ,
3683 3883 3703 3916 ι

2124 3968 2210 4029 τίς
2258 3967 2324 4020 ἂν
2355 3964 2446 4035 εἴη
2480 3965 2686 4026 δίκαιος
2717 3963 2904 4014 ἔκτοτε
2931 3961 3006 4023 ὡς
3037 3959 3133 4012 τοῦ
3177 3957 3494 4027 Πνεύματος
3539 3974 3739 4019 καταο,

2127 4059 2334 4127 γώγιον
2373 4056 2766 4126 καθαρώτερον
2792 4054 2992 4124 τάχαῆ
3029 4052 3171 4106 κατὰ
3210 4051 3301 4103 τὸν
3338 4049 3514 4121 μέγαν
3546 4051 3712 4104 Βασί-

2127 4154 2272 4206 λειον
2302 4153 2612 4222 διαπορεῖν,
2647 4147 2794 4202 διατί
2825 4148 2902 4217 μὴ
2932 4149 3026 4200 καὶ
3049 4145 3112 4198 τὸ
3139 4145 3311 4213 ὄνομα
3332 4143 3426 4195 τοῦ
3459 4142 3590 4195 Υἱοῦ
3623 4161 3713 4196 κα·

2126 4246 2196 4299 τὰ
2226 4244 2288 4297 τὸ
2317 4243 2496 4311 πάντη
2523 4240 2795 4312 πρόδηλον
2815 4239 2895 4309 τῷ
2921 4237 3015 4291 τοῦ
3039 4237 3257 4305 Πατρὸς
3283 4239 3713 4304 συνεκφωνεῖται

2125 4337 2394 4405 ὀνόματι;
2427 4336 2526 4388 καὶ
2579 4335 2629 4386 εἰ
2671 4333 2748 4403 μὴ
2806 4331 3262 4398 συνεκφωνεῖται,
3304 4328 3449 4382 διατι
3495 4346 3715 4382 συνεπι-

2129 4432 2334 4483 νοεῖται
2363 4445 2378 4494 ;
2414 4429 2594 4497 Ὅπερ
2620 4426 2728 4496 γὰρ
2761 4425 2790 4476 6
2824 4425 2998 4494 μέγας
3038 4416 3196 4485 οὗτος
3235 4421 3420 4492 Πατὴρ
3458 4423 3588 4492 περὶ
3617 4424 3715 4489 τῆς

441 4518 603 4584 plane
642 4514 809 4568 veluti
841 4495 1046 4580 dogma
1068 4507 1326 4572 all'etens,
1363 4524 1382 4557 ι
1423 4501 1609 4574 Neque
1637 4500 1812 4555 Filius
1842 4500 2017 4570 ipsam

2128 4487 2384 4590 γνώσεως
2426 4487 2596 4586 λέγει,
2634 4487 2917 4589 ⁷τῗίςμπιερι
2947 4515 3051 4584 τῆς
3104 4515 3318 4584 ἡμέρας
3347 4487 3587 4582 {iam},
3623 4487 3715 4565 καὶ

439 4615 786 4678 agnosceret,
819 4602 936 4657 nisi
999 4599 1160 4654 Pater
1204 4608 1543 4670 agnosceret,
1578 4615 1598 4646 ι
1632 4595 1776 4648 illius
1843 4591 2024 4646 verbis
2064 4592 2069 4597 ’

442 4706 640 4763 trctus,
674 4703 777 4752 hoc
809 4698 950 4750 idem
981 4702 1041 4768 _et
1077 4694 1192 4768 ipse
1221 4693 1286 4747 de
1315 4692 1554 4761 Spiritus
1583 4700 1872 4758 progressu
1897 4700 2024 4755 pro-

442 4710 640 4763 lt'clus,
674 4710 777 4752 hoc
809 4710 950 4750 metu
981 4710 1041 4768 et
1077 4710 1089 4746 t
1134 4710 1192 4748 se
1221 4710 1286 4747 ue
1315 4710 1554 4761 aptrttus
1583 4710 1872 4758 progressu
1898 4710 2024 4755 pru-

441 4794 706 4846 nuntiabo
733 4807 746 4843 :
777 4803 1056 4858 nunquam
1084 4710 1346 4856 gpiritus
1370 4795 1692 4853 progressus
1726 4777 1922 4831 fuisset
1957 4791 2024 4831 ex

442 4883 605 4950 Filio,
649 4882 752 4936 nisi
802 4895 1129 4950 progressus
1168 4879 1363 4932 fuisset
1392 4891 1459 4929 ex
1498 4872 1663 4926 Patre
1702 4889 1715 4924 :
1751 4870 2023 4923 undenatn

441 4977 590 5031 enim
623 4975 850 5030 haberet
894 4971 1160 5046 Spiritum
1218 4969 1411 5034 Filius,
1436 4967 1528 5036 qui
1569 4963 1708 5017 nihil
1743 4970 1894 5016 extra
1931 4959 2034 5014 Pa-

445 5081 582 5124 trem
652 5066 932 5138 prOpriutn
1008 5065 1191 5126 habet,
1245 5061 1353 5116 nisi
1410 5075 1442 5113 a
1486 5058 1654 5112 Patre
1711 5052 2032 5109 naturaliter

443 5164 622 5230 ipsum
652 5159 897 5213 haberet.

483 5367 492 5372 “
519 5369 605 5423 t2.
647 5367 712 5421 Et
737 5381 836 5422 nos
855 5364 1075 5437 quidem
1111 5365 1224 5416 haec
1256 5358 1439 5414 omnia
1471 5368 1853 5427 respondimus
1879 5353 2028 5408 circa

445 5479 532 5524 ea,
563 5476 682 5530 qua:
731 5460 798 5513 ad
854 5473 954 5512 nos
1017 5464 1106 5509 tua
1165 5453 1374 5508 reddita
1422 5449 1651 5520 epistola
1692 5447 2028 5503 continebat.

453 5551 839 5609 Verumtamen
868 5559 924 5603 tu
968 5547 1145 5602 modis
1198 5545 1455 5598 omnibus
1505 5556 1726 5608 accura,
1759 5538 2034 5594 curiosius

524 5687 565 5717 "
591 5684 728 5740 Luc.
763 5699 919 5750 xvnt,
955 5682 1044 5738 l9.
1139 5679 1400 5735 "Matth.
1431 5691 1507 5744 τι,
1545 5675 1636 5732 27.

526 5826 604 5896 (8)
651 5825 890 5896 llujusce
942 5824 1186 5896 cpistola:

2128 4614 2230 4683 τῆς
2279 4611 2428 4682 ὥρας
2481 4610 2670 4678 σαφῶς
2700 4607 3090 4677 δδογματίζων,
3142 4626 3162 4658 t
3207 4604 3331 4658 Οὐδ’
3389 4605 3456 4658 ἂν
3503 4609 3534 4658 6
3586 4605 3716 4666 Υἱὸς

2097 4758 2100 4760 ,
2130 4706 2274 4774 ἔγνω
2307 4705 2524 4774 ἐκείνην
2553 4705 2608 4754 εἰ
2643 4700 2719 4771 μὴ
2760 4705 2789 4753 ὁ
2834 4700 3025 4770 Πατὴρ
3054 4700 3221 4767 έγνω,
3261 4715 3280 4748 ι
3334 4699 3451 4758 τοῖς
3502 4697 3715 4749 ἐκείνου

2131 4797 2314 4865 λόγοις
2346 4796 2748 4866 ἀποθαρῤήσας
2782 4793 2941 4846 τοῦτο
2979 4793 3074 4845 καὶ
3119 4791 3284 4853 αὐτὸς
3313 4789 3442 4859 περὶ
3491 4789 3593 4859 τῆς
3621 4790 3715 4842 τοῦ

2134 4890 2454 4959 Πνεύματος
2506 4887 2740 4957 προόδου
2785 4885 2898 4957 ὲρῶ
2924 4901 2939 4916 ο
2971 4884 3090 4940 Οὐκ
3133 4885 3200 4938 ἄν
3229 4899 3362 4936 ποτε
3387 4882 3448 4934 τὸ
3491 4883 3717 4954 Πνεῦμα

2133 4978 2411 5051 προῆλθεν
2439 4978 2505 5028 ἐκ
2535 4975 2632 5028 τοῦ
2676 4976 2831 5039 Υἱοῦ,
2867 4976 2919 5029 εἰ
2970 4975 3046 5046 μὴ
3076 4972 3350 5045 προῆλθεν
3384 4973 3450 5024 ἐκ
3479 4971 3574 5022 τοῦ
3607 4975 3718 5025 lla-

2129 5074 2257 5142 τρός
2282 5088 2298 5103 °
2336 5069 2501 5124 πόθεν
2521 5072 2632 5140 γὰρ
2666 5068 2735 5122 ἂν
2765 5068 2861 5122 καὶ
2893 5067 3020 5137 ἔσχε
3050 5065 3279 5134 Πνεῦμα
3302 5063 3453 5129 Υἱὸς,
3478 5063 3508 5114 6
3549 5065 3720 5132 μηδὲν

2131 5166 2272 5236 ἔχων
2315 5165 2447 5217 ἴδιον
2494 5163 2648 5231 παρὰ
2671 5161 2765 5214 τὸν
2803 5160 3048 5228 Πατέρα,
3084 5159 3134 5210 εἰ
3185 5155 3264 5226 μὴ
3292 5156 3443 5226 παρὰ
3470 5159 3564 5211 τοῦ
3602 5158 3717 5209 lla—

2129 5257 2254 5328 τρὸς
2286 5255 2532 5326 φυσικῶς
2557 5250 2705 5324 εἶχεν
2733 5254 2906 5318 αὑτό;

2209 5349 2296 5419 ιβ’.
2349 5346 2487 5400 Ἀλλ’
2510 5348 2672 5416 ἡμεῖς
2700 5345 2801 5414 μὲν
2827 5344 2920 5397 καὶ
2953 5343 3041 5412 ἐφ’
3070 5336 3151 5406 οἷς
3174 5344 3208 5414 ἡ
3229 5342 3323 5397 νῦν
3345 5341 3720 5413 διακομισθεῖ-

2141 5459 2212 5496 σα
2246 5443 2383 5512 ἡμῖν
2414 5438 2676 5506 ἐπιστολὴ
2705 5437 2773 5507 σὴ
2803 5437 3134 5507 διελάμϐανε
3164 5437 3236 5489 τὰ
3261 5435 3499 5507 ῥηθέντα
3542 5437 3719 5489 πάντα

2143 5550 2226 5588 σοι
2255 5529 2720 5602 ἀπελογησάμεθα
2755 5545 2768 5561 ·
2804 5531 2869 5582 σὺ
2909 5529 2966 5582 δὲ
2998 5529 3076 5600 μὴ
3107 5527 3369 5598 άποθείης
3401 5527 3607 5582 σκοποῦ
3663 5528 3721 5580 τὸ

1267 5821 1484 5874 initium
1556 5827 1641 5874 est
1674 5833 1688 5872 ς
1718 5815 1846 5870 lam
1901 5814 2040 5870 inter
2080 5812 2274 5867 multos
2311 5815 2365 5866 in
2400 5813 2746 5881 quwstionem
2805 5809 3024 5864 vertitur
3057 5805 3424 5876 Evangelium.
