4054 6406
303 409 413 472 3:37

1415 408 1519 470 AD
1554 404 2153 471 CONSTANTINUM
2191 406 2342 471 LIB.
2377 408 2432 474 Ι.
2528 408 2541 421 “

3457 407 3561 470 338

302 513 846 586 πολυπραγμονῆσαι
873 511 970 568 καὶ
1008 514 1322 587 ἱπιστῆσαι,
1355 517 1474 580 πῶς
1500 516 1571 571 δι’
1602 508 1679 571 ὧν
1718 513 1894 571 ἀπάν-

2002 515 2256 586 indagare
2287 525 2345 572 et
2364 515 2823 583 animadvertere,
2877 516 3134 574 Pbotium
3187 516 3330 572 inter
3367 530 3431 570 ea
3458 530 3580 571 om.

303 623 420 658 των
448 605 592 659 κατά
622 604 1056 675 τῆςῬωμαῖκῆς
1090 606 1420 679 Ἐκκλησίας
1451 608 1641 680 εἴρηκε
1662 605 1891 675 Φώτιος,

306 696 421 751 οὐδ’
451 698 589 762 ὅλως
621 700 905 769 γραφικῆς
938 717 1083 762 τινος
1130 700 1346 771 ρήσεως
1378 701 1754 771 ἐμνημόνευσε
1782 701 1893 756 τῶν

306 789 438 843 ὅσαι
469 789 543 842 δι’
567 789 724 855 Υἱοῦ,
757 800 852 847 καὶ
882 791 941 858 ἐξ
970 791 1102 846 Υίοῦ
1138 791 1413 863 προϊέναι,
1444 792 1539 847 καὶ
1568 794 1895 866 προχεῖσθαι

304 882 372 933 τὸ
398 880 561 949 ἀγιον
587 880 831 951 Πνεῦμα,
869 881 1235 953 προέρχεσθαί
1260 898 1317 936 τε
1351 882 1447 936 καὶ
1475 882 1891 952 ἐκπέμπεσθαι,

309 973 405 1025 καὶ
436 970 507 1023 τὰ
543 972 820 1043 παρόμοια
874 972 1116 1040 λέγουσι,
1168 974 1388 1038 πάντως
1437 974 1468 1027 ὁ
1516 973 1752 1045 μὴξπρδς
1794 975 1896 1046 τὴν

312 1063 585 1132 ἀλήθειαν
649 1064 966 1133 μυωπάζων
1014 1065 1357 1130 ὲθελοκάκως
1398 1066 1671 1140 διακρινεῖ
1712 1067 1790 1130 ὡς
1831 1068 1893 1122 οὐ

312 1156 438 1208 κατ’
485 1156 716 1222 ἄγνοιαν
764 1157 957 1228 Φωτίῳ
992 1159 1151 1213 τοῦτο
1192 1160 1565 1230 συμϐέϐηκεν,
1610 1160 1729 1216 ἀλλ’
1773 1163 1897 1216 ἐπεὶ

315 1250 397 1318 μὴ
428 1248 654 1318 ἐθάρσει
704 1252 887 1322 γυμνῇ
936 1254 1003 1320 τῇ
1063 1253 1272 1323 κεφαλῇ
1329 1254 1467 1322 πρὸς
1495 1254 1565 1308 τά
1605 1255 1699 1308 καὶ
1744 1256 1895 1323 ἡλίου

310 1338 703 1410 λαμπρότερον
754 1341 854 1412 τὴν
903 1342 1168 1413 ἀλήθειαν
1209 1346 1474 1413 φαίνοντα
1512 1346 1761 1415 γραφικά
1789 1348 1896 1402 τῶν

308 1432 490 1498 ἁγίων
519 1433 659 1503 ῥητά
699 1434 1169 1504 παρατάττεσθαι,
1205 1435 1304 1507 τὴν
1336 1438 1437 1506 μὲν
1467 1438 1525 1504 ἐξ
1558 1439 1775 1509 ἀμύνης
1800 1457 1898 1493 κα-

311 1524 441 1576 κίαν
483 1524 651 1578 αὐτοῦ
694 1525 782 1579 διὰ
810 1526 1264 1601 παρεξηγήσεων,
1305 1525 1395 1595 αἷς
1422 1530 1571 1601 αὐτῷ
1603 1531 1777 1587 ἐδόκει
1800 1532 1899 1602 τὴν

313 1616 526 1667 οίκείαν
573 1612 832 1685 κουφίσαι
865 1621 1115 1689 πικρίαν,
1158 1621 1438 1674 ἐτέλεσενο
1467 1621 1505 1676 ἀ
1533 1621 1591 1676 δὲ
1631 1622 1746 1693 ᾔδει
1784 1625 1899 1688 τοῖς

318 1706 610 1769 ἀντιδίκοις
652 1710 757 1776 τὴν
801 1710 959 1780 ίσχὺν
1006 1712 1363 1783 παρεχόμενα
1402 1713 1787 1784 παρέδραμεν,
1819 1713 1897 1777 ὡς

332 1796 466 1865 μηδι
499 1798 669 1862 είδὼς.
709 1800 810 1853 Διά
839 1800 951 1873 γὰρ
984 1802 1078 1856 τὸν
1126 1803 1235 1857 ἀπὸ
1265 1803 1368 1874 τῆς
1414 1805 1623 1867 οίκείας
1654 1804 1899 1870 συνειδῆ-

326 1904 462 1952 σεως
492 1889 711 1961 ἔλεγχον
734 1894 830 1946 καὶ
864 1894 1132 1962 μεγάλαις
1164 1898 1285 1959 τατς
1317 1896 1575 1960 σπουδαῖς
1604 1890 1764 1955 οὗτος
1796 1895 1897 1965 τὴν

320 1979 460 2049 ὑπὲρ
487 1981 587 2051 τῆς
629 1983 859 2053 εἰρήνης
897 1986 1313 2058 συγκεκρότηκε
1363 1987 1602 2041 σύνῡδον.
1646 1988 1709 2040 Οί
1754 1987 1799 2040 δ’
1835 1988 1895 2054 ἐξ

315 2069 529 2123 ἐκείνου
566 2072 662 2125 καὶ
688 2072 887 2143 ἐφεξῆς
919 2074 1019 2146 τὴν
1057 2075 1152 2129 ἐπὶ
1196 2077 1390 2129 ἑκατὸν
1431 2076 1567 2145 πρὸς
1597 2080 1710 2141 τοῖς
1741 2078 1892 2132 ἐϐδο-

315 2163 566 2231 μήκοντα
604 2164 751 2218 ἔτεσι
781 2166 949 2237 μέχρι
991 2167 1088 2220 τοῦ
1129 2168 1511 2238 Κηρου).αρίου
1546 2168 1751 2240 μεταξὺ
1783 2169 1894 2223 τῶν

326 2253 671 2323 Ἐκκλησιῶν
701 2259 1012 2329 κρατοῦσαν
1051 2262 1277 2333 είρήνην
1317 2262 1594 2330 τιθέμενοι
1644 2260 1773 2332 παρ’
1798 2262 1891 2314 οὖς

308 2346 425 2410 δὲν,
464 2347 644 2416 μόνων
676 2342 754 2403 ὧν
778 2351 918 2423 πρὸς
961 2351 1292 2424 ἔχθρανκαὶ
1338 2354 1541 2408 κακίαν
1578 2355 1783 2418 ἐκεῖνος
1817 2358 1893 2407 εἰ-

311 2440 497 2507 ρήκει,
537 2441 878 2512 ἀντέχονται,
912 2445 1009 2499 καὶ
1035 2446 1136 2509 τὰς
1164 2445 1419 2516 ἀφορμὰς
1449 2444 1658 2499 ἐκεῖθεν
1707 2445 1898 2499 λαϐόν-

308 2546 432 2593 τες,
477 2533 602 2583 κατ’
635 2531 816 2601 ὀλίγον
856 2536 1328 2608 προκεχωρήκασι
1384 2535 1522 2611 πρὸς
1552 2536 1614 2589 τὸ
1647 2538 1742 2591 καὶ
1772 2540 1891 2600 ταῖς

310 2625 565 2691 γραφαῖς
602 2624 793 2687 αὑταῖς
821 2626 1152 2695 ἀντιλέγειν,
1184 2620 1259 2683 ὧν
1289 2631 1411 2692 ταῖς
1446 2627 1707 2700 ἀληθέσιν
1736 2627 1896 2681 ἀντο-

312 2714 591 2785 φθαλμεῖν
612 2718 715 2770 οὐκ
738 2718 848 2771 ἔδει
870 2719 1069 2784 αὐτοὺς
1093 2719 1443 2790 περιλήψεσι.
1471 2721 1545 2772 Σὺ
1575 2718 1620 2773 δ’
1642 2718 1777 2774 ἀλλά
1802 2717 1899 2773 καὶ

313 2806 429 2857 τῶν
483 2807 745 2862 τοιούτων
777 2810 925 2880 ἔχεις
957 2811 1049 2867 τὸν
1080 2812 1322 2882 ἔλεγχον,
1354 2810 1414 2879 ἐξ
1450 2805 1526 2866 ὧν
1572 2814 1632 2866 ὲν
1658 2810 1737 2882 τῷ
1764 2811 1900 2882 πρὸς

316 2897 380 2949 σὲ
417 2896 622 2969 πρώτῳ
656 2902 750 2954 καὶ
776 2901 1017 2974 δευτέρῳ
1049 2902 1199 2974 τόμῳ
1271 2904 1373 2974 τῆς
1408 2902 1698 2974 ἐπιστολῆς
1743 2902 1900 2973 ἡμῶν

312 2981 703 3057 διειλήφαμεν.

1996 607 2112 674 nia,
2143 622 2264 678 quae
2293 607 2558 663 adversus
2587 606 2894 661 Romanam
2933 606 3229 662 Ecclesiam
3280 605 3578 676 aggeravit,

1990 696 2196 755 nullius
2233 698 2436 767 scripto
2466 697 2681 752 traditae.
2694 696 2978 753 sententiae
2999 696 3332 753 mentionem
3363 696 3579 760 fecisse,

1991 804 2182 847 earum
2203 830 2220 855 ,
2269 789 2491 860 inquam
2515 830 2533 856 ,
2572 789 2626 843 in
2657 789 2857 860 quibus
2907 788 3145 857 Spiritus
3171 798 3398 846 sanctus
3426 804 3579 843 asse-

1992 890 2234 945 veratur,
2271 897 2370 952 per
2397 877 2620 947 Filium,
2640 889 2697 937 et
2724 895 2793 937 ex
2823 880 2961 937 Filio
2984 882 3237 952 progredi
3266 891 3318 937 et
3344 882 3577 947 ciiundi,

1993 973 2283 1045 provenire
2318 982 2373 1028 et
2412 974 2608 1041 emitti,
2637 982 2693 1028 et
2720 974 2767 1029 si
2800 990 2923 1043 quae
2941 983 3074 1029 sunt
3102 975 3206 1029 alia
3239 974 3325 1029 his
3357 976 3580 1029 similia.

1993 1067 2098 1134 Qui
2130 1068 2276 1123 circa
2308 1068 2590 1122 veritatem
2622 1068 2859 1137 maligne
2887 1082 2996 1122 non
3028 1068 3581 1133 caecutit,discernet,

1996 1177 2105 1217 non
2142 1161 2195 1216 id
2225 1176 2292 1216 ex
2315 1176 2499 1214 rerum
2539 1176 2729 1216 earum
2779 1161 3118 1231 ignoratione
3167 1160 3361 1215 Pltotio
3402 1163 3581 1214 couti-

1996 1255 2145 1324 gisse
2169 1292 2185 1317 .
2228 1254 2322 1311 sed
2351 1269 2476 1311 cum
2513 1254 2779 1310 adversus
2809 1262 3130 1309 sanctorum
3181 1252 3400 1307 Patrum
3463 1268 3580 1306 seti-

1995 1343 2219 1406 tentias,
2287 1343 2405 1413 ipso
2467 1344 2585 1398 sole
2630 1343 2833 1398 clarius
2882 1344 3167 1397 veritatem
3204 1342 3582 1404 ostendentes,

1997 1452 2116 1491 sese
2149 1451 2422 1506 opponere
2448 1451 2558 1492 non
2593 1436 2840 1500 auderet,
2874 1451 3029 1490 suam
3057 1451 3121 1489 ex
3154 1435 3407 1489 vindictae
3443 1435 3583 1489 desio

1997 1526 2149 1581 derio
2164 1536 2340 1581 ortam
2355 1527 2782 1595 improbitatem,
2804 1528 2987 1595 pravis
3002 1523 3570 1592 interpretationibus.

1999 1619 2203 1689 quibus
2235 1618 2511 1687 propriam
2562 1617 2986 1672 amaritudinem
3033 1615 3282 1670 emollire
3310 1615 3584 1669 exisrima-

1998 1708 2112 1773 bat,
2169 1708 2462 1778 complevit
2499 1723 2663 1777 :qnae
2721 1716 2904 1761 autem
2988 1705 3199 1761 sciebat
3254 1703 3584 1759 adversariis

1999 1801 2173 1855 robur
2229 1799 2452 1865 addere,
2498 1799 2651 1869 quasi
2716 1813 2781 1852 ea
2839 1798 3098 1860 nesciret,
3131 1797 3413 1865 prmteriit.
3449 1795 3585 1849 Nam

2002 1908 2128 1949 cum
2173 1908 2204 1948 a
2259 1892 2476 1962 propria
2524 1890 2865 1948 conscientia
2920 1898 3301 1953 accusaretur,
3361 1889 3577 1957 magnis

2002 1983 2292 2039 conatibus
2339 1998 2440 2053 pro
2492 1997 2626 2053 pace
2688 1981 2923 2036 ineunda
2966 1981 3236 2052 synodum
3271 1980 3584 2035 celebravit.

2001 2077 2106 2144 Qui
2139 2092 2304 2149 porro
2334 2091 2401 2130 ex
2430 2090 2497 2131 eo
2521 2086 2573 2130 et
2600 2074 2910 2131 subsecutis
2935 2073 3271 2143 temporibus
3300 2088 3398 2142 per
3416 2088 3585 2128 annos

1998 2179 2218 2226 centum
2278 2178 2333 2225 et
2386 2172 2729 2240 septuaginta
2770 2168 2838 2223 ad
2868 2167 3140 2222 Cerularii
3185 2175 3399 2221 aetatem
3437 2166 3580 2220 inter

2002 2262 2272 2317 Ecclesias
2316 2275 2504 2340 pacem
2560 2260 2958 2325 continuatam,
2996 2258 3149 2314 nihili
3187 2256 3414 2321 faciunt,
3444 2257 3587 2312 illius

1999 2351 2221 2411 ‘antum
2251 2355 2321 2410 ad
2371 2353 2760 2425 concipiendas
2811 2352 3132 2419 inimicitias
3183 2366 3249 2405 ac
3283 2350 3588 2406 simultates

2005 2448 2233 2518 scripta,
2283 2446 2708 2515 amplectuntur,
2774 2444 3010 2511 indeque
3060 2451 3383 2512 argumenta
3444 2441 3586 2495 arri-
3694 2436 3701 2449 ’

2011 2538 2243 2608 pientes,
2292 2536 2553 2606 paulatim
2603 2549 2671 2591 eo
2730 2548 3071 2605 processere,
3119 2541 3253 2587 utet
3293 2530 3588 2599 Scripturis

2007 2629 2406 2694 contradicant,
2438 2643 2671 2699 quarum
2700 2641 2860 2681 veras
2890 2625 3271 2696 perceptiones
3300 2624 3589 2679 adversum

2005 2720 2206 2775 intueri
2230 2735 2447 2789 aequum
2474 2734 2584 2775 non
2609 2730 2746 2774 erat.
2791 2717 2872 2772 Tu
2905 2732 3035 2771 vero
3062 2716 3128 2770 ad
3172 2718 3288 2771 haec
3336 2715 3428 2777 iis,
3470 2728 3587 2781 qme

2005 2815 2205 2882 primo,
2227 2820 2283 2868 et
2304 2814 2546 2867 secundo
2570 2818 2715 2866 tomo
2747 2809 2993 2880 epistola:
3044 2816 3247 2863 nostrae
3281 2807 3349 2861 ad
3398 2815 3452 2860 te
3476 2804 3588 2874 jam

2007 2912 2169 2958 antea
2224 2904 2443 2974 scripta
2505 2901 2991 2975 pertractavimus,
3061 2907 3370 2970 promptam
3420 2897 3589 2953 habes

2008 2995 2445 3065 responsionem.

1449 3221 1799 3359 ΤΟΥ
1876 3217 2459 3354 ΑΥΤΟΥ

1900 3458 2043 3515 ΤΩΝ

1085 3608 1502 3733 ΠΡΟΣ
1584 3603 2811 3727 ΚΩΝΣΤΑΝΤΙΝΟΝ

1604 3834 1755 3918 ΤΟ
1830 3828 2327 3917 ΠΡΩΤΟΝ.
2630 3830 2635 3833 ’

1599 4155 2321 4288 EJUSDEM

1110 4408 1328 4527 ἈΒ
1445 4412 2803 4535 CONSTANTINUM

1488 4644 1845 4744 LIBER
1918 4653 2412 4746 PRIMUS.

396 5012 469 5070 α’.
489 5011 685 5066 Φθάνω
714 5010 816 5080 μὶν
845 5008 1037 5076 τάξας,
1064 5009 1158 5064 καὶ
1183 5003 1298 5063 οἷον
1328 5008 1710 5080 διορισάμενος
1743 5009 1898 5079 ἐμαυε

2087 5013 2136 5067 l.
2177 5011 2296 5067 Jam
2330 5015 2502 5069 multo
2550 5023 2676 5071 ante
2703 5016 3114 5080 constitueram,
3149 5022 3207 5069 ct
3232 5023 3442 5072 tantum
3474 5030 3586 5074 nan

321 5108 405 5181 τῷ
435 5107 535 5178 τὴν
575 5103 720 5161 κατά
755 5102 866 5157 τῶν
893 5103 1289 5172 ἀντιλεγόντων
1315 5104 1382 5172 τῇ
1413 5101 1642 5173 ἀληθείᾳ
1666 5099 1760 5155 τοῦ
1785 5100 1909 5168 δόγ-

327 5214 505 5268 ματος
532 5195 646 5250 τῶν
668 5193 821 5266 ὲμῶν
842 5193 1076 5263 γραφῶν
1107 5194 1303 5263 στῆσαι
1325 5193 1519 5263 φορὰν,
1557 5193 1651 5245 ἅτε
1702 5190 1907 5253 ἱκανῶς

323 5288 573 5363 Χριστοῦ
627 5288 823 5359 χάριτι
874 5286 972 5339 καὶ
1021 5284 1199 5355 ίσχύει
1234 5285 1333 5354 τῆς
1364 5283 1621 5353 ἀληθείας
1657 5282 1905 5352 ἐλέγξας,

319 5384 452 5448 τούς
477 5401 542 5437 τε
579 5382 678 5437 νῦν
710 5378 1038 5440 ἀλλοκότους
1067 5377 1253 5439 ἀνοίας
1276 5379 1392 5439 τοῖς
1413 5378 1645 5447 δόγμασι
1672 5395 1907 5447 παρεισ-

321 5478 677 5549 φθείροντας,
710 5472 837 5535 τούς
881 5489 943 5524 τε
998 5470 1106 5541 πρὸ
1145 5469 1327 5525 αὐτῶν
1360 5470 1501 5524 κατά
1537 5469 1907 5539 ἀναποδισμδν

327 5570 525 5641 μέχρις
556 5565 728 5622 αὑτοῦ
768 5565 976 5618 Φωτίου
1008 5563 1418 5633 συγγράμματα
1448 5560 1906 5624 καταλελειπὸτας

321 5662 417 5715 ἐπ’
449 5660 716 5727 ἀθετήσει
743 5657 846 5724 τῆς
873 5657 937 5708 ὲκ
964 5654 1180 5724 Πατρδς
1208 5654 1303 5707 καὶ
1339 5653 1496 5716 Υίοῦ,
1531 5653 1812 5706 τουτέστιν
1844 5656 1910 5705 ἐκ

323 5751 544 5822 Harpe;
582 5747 653 5803 δι’
679 5743 811 5801 Υίοῦ
835 5745 1124 5817 ὑπάρξεως
1152 5747 1245 5798 τοῦ
1269 5745 1585 5815 Πνεῦματος
1608 5744 1703 5796 τοῦ
1727 5744 1907 5811 ἁγίου.

338 5844 495 5898 Ἐπει
529 5844 587 5895 δέ
618 5858 725 5902 σοι,
755 5826 912 5905 δᾶξαν
941 5837 1082 5894 οὕτω
1110 5857 1210 5904 σοι,
1250 5840 1367 5905 φξλε
1396 5857 1483 5906 μοι
1513 5839 1907 5901 Κωνσταντῖνε,

2016 5102 2150 5156 mihi
2210 5105 2688 5174 praescripseram,
2725 5106 2992 5162 adversus
3062 5120 3192 5172 eos,
3231 5107 3326 5176 qui
3381 5108 3587 5161 verita-

2017 5202 2123 5247 tem
2182 5192 2456 5264 dogmatis
2519 5205 2873 5264 oppugnant,
2928 5211 3175 5252 mearum
3226 5198 3588 5267 scriptionum

2014 5286 2272 5355 impetum
2323 5299 2655 5355 cursumque
2702 5286 2985 5351 cohibere,
3039 5296 3297 5357 tanquam
3346 5288 3438 5358 qui
3495 5303 3588 5340 επις

2015 5380 2084 5431 tis
2129 5378 2346 5432 abunde
2398 5378 2601 5433 Christi
2661 5379 2951 5449 adiuvante
2990 5383 3206 5449 gratia,
3253 5390 3308 5435 et
3360 5380 3590 5434 veritate

2015 5472 2181 5524 robur
2238 5470 2511 5533 addente.
2578 5481 2691 5527 tum
2769 5488 2865 5527 eos
2936 5474 3031 5541 qui
3103 5487 3249 5526 nunc
3318 5471 3589 5528 absurdas

2014 5562 2070 5615 in
2140 5562 2484 5632 dogmatibus
2551 5564 2853 5619 sententias
2904 5562 3207 5633 perniciose
3271 5562 3585 5620 invehunt;

2013 5662 2127 5708 tum
2187 5670 2282 5707 eos
2317 5656 2409 5725 qui
2466 5662 2592 5709 ante
2645 5655 2790 5718 illos,
2841 5654 2887 5709 si
2923 5659 3193 5708 retroacta
3230 5661 3473 5722 tempora
3505 5656 3572 5709 ad

2012 5744 2190 5813 ipsum
2229 5742 2482 5800 Photium
2523 5745 2859 5809 consideras,
2889 5743 3314 5800 commentarios
3331 5745 3396 5797 ad
3420 5745 3586 5799 refel-

2013 5836 2252 5903 lendum,
2310 5853 2375 5891 ex
2423 5835 2580 5891 Patre
2635 5848 2689 5894 et
2744 5835 2903 5900 Filio.
2969 5836 3070 5892 hoc
3100 5844 3267 5892 este!
3302 5835 3457 5895 Patre
3491 5853 3585 5909 per
