4002 6408
313 399 422 464 311

1440 403 1541 462 AD
1583 398 2180 462 CUNSTANTINUM
2223 400 2369 462 LIB.
2414 401 2463 466 Ι.

314 513 656 578 συνάγεσθαι
683 515 743 568 τὸ
779 516 876 568 καὶ
921 515 1055 570 αὐτὸ
1096 518 1342 586 Πνεῦμα,
1395 518 1483 573 διὰ
1527 518 1588 572 τὸ
1632 517 1768 586 πρὸς
1809 516 1902 568 τὸν

2007 514 2208 584 colligi,
2268 516 2518 570 eumdem
2581 531 2774 586 nempe
2821 517 3110 588 Spiritum,
3144 519 3291 588 quod
3343 518 3484 574 Patri
3529 533 3582 573 et

314 607 546 675 Πατέρα
593 604 690 659 καὶ
733 606 828 660 τὸν
858 607 988 660 Υίὸν
1033 609 1322 678 ὀμοούσιον
1353 609 1722 680 προσλητικδν
1762 606 1900 662 εἶναι

313 698 419 751 καὶ
477 699 877 767 ὲκπορευτικόν
909 717 924 731 ο
961 701 1080 766 πῶς
1139 703 1241 756 οὐκ
1297 702 1472 770 ἔγνως
1522 705 1616 758 τὸν
1668 702 1898 759 σεαυτοῦ

313 788 590 842 συνιστῶν
620 789 864 860 ἔλεγχον,
893 791 985 845 καὶ
1015 791 1252 864 ἀγχόνην
1274 794 1534 865 ἄντικρυς
1567 795 1745 864 ἑαυτῷ
1775 795 1904 848 πλέ-

309 897 454 942 κων,
478 881 610 934 ὅταν
633 880 735 951 τὴν
761 883 1020 950 τοιαύτην
1051 884 1212 954 ῥῆσιν
1229 884 1598 954 ἐξηγούμενος
1626 887 1713 951 σὺ,
1743 904 1761 938 ι
1787 887 1902 940 Κα-

309 971 430 1036 λῶς
461 970 532 1026 ἂν
564 969 680 1041 ἔχοι
715 973 812 1026 καὶ
849 974 1112 1040 εὐσεϐῶς,
1145 995 1166 1029 ι
1203 977 1414 1046 ἔλεγες,
1452 978 1516 1032 τὸ
1557 980 1622 1033 ὲκ
1666 979 1764 1048 τῆς
1805 977 1900 1032 τοῦ

311 1063 536 1135 Πατρὸς
563 1063 760 1126 οὐσίας
789 1063 1087 1136 λεγόμενον
1111 1067 1206 1122 καί⁸
1241 1068 1306 1122 ὲκ
1333 1070 1432 1140 τῆς
1457 1069 1552 1124 τοῦ
1585 1070 1713 1124 Υἱοῦ
1744 1070 1902 1139 λέγει

311 1155 493 1220 σθαις
536 1155 634 1226 μία
664 1157 798 1228 γάρ.
840 1175 860 1210 ι
915 1158 1138 1226 Ἔξεστι
1173 1161 1284 1233 γὰρ
1327 1161 1550 1226 πάντως
1581 1163 1676 1218 τὸν
1708 1163 1900 1232 βουλό-

312 1247 486 1316 μενόν
512 1262 596 1301 σοι
647 1246 962 1318 ἀντιλέγειν
1010 1251 1188 1305 εἰπεῖν
1217 1251 1294 1315 ὡς
1329 1252 1391 1307 δν
1422 1254 1650 1323 τρόπον,
1687 1247 1733 1308 ὧ
1764 1255 1902 1310 πάν-

306 1337 486 1407 τολμε
523 1337 742 1407 Κύπριε
780 1341 867 1401 σὺ,
903 1341 933 1392 ό
971 1341 1072 1410 τῆς
1115 1342 1212 1396 αὖ
1255 1343 1574 1414 Πνεῦματος
1621 1349 1760 1416 πρὸς
1807 1345 1900 1402 τὸν

309 1431 543 1500 Πατέρα
591 1433 684 1486 καὶ
711 1431 805 1487 τὸν
847 1433 980 1488 Υίδν
1007 1437 1427 1508 όμοουσιότητος
1461 1437 1620 1507 λόγος
1653 1440 1898 1504 ἀπαιτεῖ,

310 1518 505 1582 καθώς
535 1537 622 1574 σοι
649 1521 818 1583 δοκεῖ,
861 1522 1231 1595 προσλητικδν
1264 1523 1405 1584 εῖναι
1439 1529 1501 1581 τὸ
1535 1527 1760 1598 Πνεῦμα
1804 1530 1900 1583 καὶ

311 1612 735 1679 ἑκπορευτικὸν,
785 1613 883 1669 ἐάν
924 1633 1012 1679 τις
1064 1617 1166 1688 τὴν
1203 1620 1268 1672 ἐκ
1316 1622 1417 1690 τῆς
1460 1620 1652 1686 οὐσίας
1681 1622 1898 1694 Πατρός

316 1707 418 1754 καὶ
440 1702 570 1755 Tia-3
597 1698 740 1757 εἶναι
769 1704 830 1758 τὸ
864 1707 1092 1778 Πνεῦμα
1131 1712 1450 1778 φάσκουσαν
1484 1714 1644 1784 ῥῆσιν
1690 1715 1772 1777 είς
1806 1715 1899 1768 τὸν

323 1791 428 1860 τῆς
479 1793 654 1856 αἰτίας
691 1793 854 1864 λόγον
901 1797 1182 1868 ὲκδέχοιτο
1218 1817 1235 1833 ο
1273 1800 1452 1865 οὓτως
1496 1803 1526 1856 ὁ
1573 1803 1677 1872 τῆς
1727 1804 1898 1873 αὐτῆς

322 1885 738 1957 ὀμοουσιότητος
796 1888 956 1958 λόγος
1013 1893 1158 1947 κατά
1213 1894 1314 1963 τὴν
1377 1894 1550 1964 αὐτὴν
1601 1897 1901 1966 ἀπαιτήσει

317 1977 585 2046 ἀνάγκην,
617 1982 711 2034 καὶ
748 1984 812 2035 ὲκ
841 1983 942 2052 τῆς
967 1984 1162 2038 ἑαυτοῦ
1195 1981 1413 2041 εῖναιτὸ
1445 1988 1669 2056 Πνεῦμα
1695 1988 1900 2055 οὐσίας,

315 2070 435 2131 ἐὰν,
465 2070 543 2134 ὡς
570 2071 635 2124 σὺ
660 2075 962 2146 τερατεὺῃ,
1001 2094 1019 2128 ι
1054 2077 1237 2141 καλῶς
1262 2076 1376 2147 ἔχει
1409 2078 1501 2132 καὶ
1536 2079 1778 2142 εὐσεόῶς
1808 2081 1904 2134 καὶ

311 2162 380 2212 ἐκ
425 2163 525 2232 τῆς
552 2163 648 2216 τοῦ
691 2165 822 2218 Υίοῦ
873 2166 1134 2234 λέγεσθαι
1178 2168 1239 2222 τὸ
1296 2173 1361 2222 ἐκ
1418 2171 1518 2239 τῆς
1551 2172 1647 2224 τοῦ
1689 2173 1903 2242 Πατρὺς

310 2253 506 2317 οὐσίας
553 2255 850 2325 λεγόμενον
895 2258 1051 2327 ἆγιον
1097 2261 1342 2331 Πνεῦμα,
1395 2262 1485 2317 διὰ
1531 2263 1593 2316 τὸ
1630 2265 1763 2334 μίαν
1804 2265 1901 2318 τοῦ

312 2347 451 2401 Υίοῦ
487 2351 584 2402 καὶ
613 2351 827 2419 Ιῐατρὸς
855 2347 997 2405 εἶναι
1035 2353 1246 2410 οὐσίαν.
1283 2373 1301 2406 ι
1359 2355 1485 2418 Πὼς
1511 2356 1686 2410 ταῦτά
1717 2374 1777 2411 σε
1809 2359 1902 2412 τὸν

312 2444 637 2512 σοφώτατον
672 2444 834 2498 ἔλαθε
869 2462 884 2510 ;
920 2447 1046 2509 Πῶς
1081 2447 1173 2499 τὸν
1216 2447 1647 2517 Ἀριστοτελικὸν
1683 2466 1764 2514 σε,
1805 2453 1902 2504 καὶ

313 2535 575 2605 μεγάλως
611 2535 864 2591 Πλάτωνι
902 2522 1346 2608 ἑγκαυχώμενον,
1382 2541 1614 2596 συνιδεῖν
1641 2543 1742 2596 οὐκ
1776 2546 1900 2612 ὲγέ-

308 2646 461 2700 νετο,
491 2630 643 2691 ὅπως
677 2629 919 2700 ἀγχόνην
948 2630 1123 2684 ταῦτα
1151 2630 1327 2700 λέγων
1355 2634 1569 2704 σεαυτῷ
1591 2635 1835 2700 πλέκεις,
1864 2637 1898 2708 ἢ

314 2721 474 2794 ξίφος
499 2722 641 2792 πρὸς
683 2722 783 2793 τὴν
809 2723 919 2776 τῶν
957 2723 1175 2777 οίκείων
1217 2724 1471 2791 ἑγκάτων
1512 2725 1741 2796 ἔκχυσιν
1771 2731 1902 2799 χαλ-

311 2818 611 2886 κουργετςς
655 2815 850 2868 ’Δτινα
883 2814 948 2886 δὴ
979 2815 1047 2869 τὰ
1081 2815 1288 2883 ἔγκατα
1315 2814 1487 2873 ταῦτα
1515 2815 1898 2889 ὑποληπτέον;

312 2902 475 2962 Εἶναι
500 2906 559 2961 δὲ
588 2905 763 2960 ταῦτα
801 2902 954 2976 οἶμαι
985 2909 1086 2977 τῆς
1133 2907 1236 2978 σῆς
1273 2910 1472 2978 φρενὸς
1509 2911 1578 2965 τὰ
1612 2911 1902 2966 δυσέλικτα

313 2998 416 3054 καὶ
448 3000 630 3072 πλήρη
662 3001 907 3070 κόπρου,
969 3002 1068 3069 τῆς
1115 3003 1404 3072 αίρετικῆς
1443 3001 1709 3067 δυσωδίας
1754 3003 1900 3074 λέγω

309 3092 679 3163 διανοήματα.
713 3095 786 3148 Ἦ
822 3097 933 3164 γὰρ
961 3094 1114 3148 οὐδὲν
1155 3091 1296 3149 εἶναι
1333 3096 1539 3150 ἄτοπον
1567 3096 1894 3164 ἀποδείξεις,

2004 602 2143 656 Filio
2178 605 2662 660 consubstantialis
2679 615 2782 670 est,
2824 617 3106 678 propterea
3141 618 3195 662 et
3222 609 3580 677 producendi,

2002 703 2055 748 et
2082 697 2374 763 procedere
2405 697 2640 751 faciendi
2676 708 3002 768 potestatem
3048 699 3270 767 habere,
3309 702 3584 770 quomodo

2002 799 2112 838 non
2139 787 2414 854 agnoscis,
2448 797 2596 842 tuam
2629 797 2879 845 astruere
2900 791 3305 856 refutationem,
3326 803 3378 845 et
3403 793 3582 870 palam

2003 885 2057 930 te
2112 877 2309 948 laqueo
2351 880 2650 948 involvere,
2695 898 2820 937 cum
2851 884 3030 939 simile
3069 883 3278 938 dictem
3311 885 3583 953 interpre-

2003 975 2125 1023 tans
2171 978 2249 1034 tu,
2287 987 2306 1022 ι
2335 970 2474 1028 bene
2524 972 2720 1043 pieque
2783 975 3079 1040 enuntiari,
3127 992 3147 1028 ι
3208 977 3584 1040 asseverabas,

2009 1077 2029 1113 ι
2063 1061 2205 1131 quod
2239 1077 2306 1116 ex
2340 1061 2516 1118 Patris
2545 1065 2783 1120 essentia
2831 1067 3056 1134 dicitur,
3079 1084 3146 1124 ex
3177 1070 3415 1124 essentia
3447 1086 3586 1138 quo-

2001 1168 2112 1223 que
2148 1151 2270 1208 Filii
2295 1154 2425 1219 dici,
2453 1169 2562 1210 una
2586 1157 2858 1226 siquidem
2889 1168 2994 1214 est.
3035 1177 3054 1212 ι
3093 1158 3278 1216 Potest
3311 1160 3584 1231 siquidem

2002 1245 2314 1316 quicunque
2330 1246 2425 1302 tibi
2441 1248 2814 1304 contradicere
2834 1259 3088 1316 conatur,
3109 1267 3374 1316 asserere,
3393 1268 3587 1322 quern-

2000 1338 2328 1404 admodum,
2372 1355 2406 1395 ο
2434 1341 2668 1412 Cyprie,
2702 1343 2796 1412 qui
2825 1343 3010 1399 omnia
3037 1344 3240 1410 audes,
3275 1346 3410 1399 ratio
3453 1361 3590 1399 con-

2001 1430 2476 1486 substantialitatis
2515 1417 2765 1503 Spiritus.
2809 1450 2937 1504 erga
2995 1434 3213 1489 Patrem
3279 1447 3333 1491 et
3387 1436 3586 1490 Filium

2001 1531 2261 1596 postulat,
2295 1527 2376 1582 sic
2398 1527 2543 1581 enim
2585 1526 2860 1594 decernis,
2913 1536 2973 1584 ut
3024 1526 3263 1600 Spiritus
3299 1529 3588 1600 producat.

1999 1627 2054 1672 et
2077 1619 2370 1687 procedere
2402 1619 2584 1681 faciat,
2612 1619 2656 1674 si
2690 1621 2812 1688 quis
2858 1621 3066 1676 dictum
3103 1637 3212 1691 quo
3237 1624 3487 1681 traditur.
3523 1639 3589 1676 ex

1999 1709 2235 1764 essentia
2258 1707 2436 1764 Patris
2455 1719 2511 1764 et
2542 1709 2663 1764 Filii
2700 1709 2964 1780 Spiritum
2989 1727 3131 1770 esse.
3164 1726 3388 1766 causam
3417 1713 3592 1766 deno-

2003 1810 2118 1854 tare
2177 1801 2496 1866 contendat,
2550 1802 2665 1870 pari
2728 1802 2888 1856 modo
2941 1803 3188 1868 ejusdem
3221 1804 3591 1858 consubstan-

2006 1891 2249 1946 tialitatis
2315 1892 2479 1956 ratio,
2533 1893 2846 1947 necessario
2901 1893 3165 1963 requiret,
3221 1910 3284 1948 ex
3336 1910 3433 1948 sua
3466 1911 3590 1948 esse

2003 1985 2240 2038 essentia
2276 1984 2564 2054 Spiritum,
2598 1984 2644 2039 si
2675 1994 2730 2040 ut
2773 1995 2828 2038 tu
2864 1985 3174 2055 prodigiose
3210 1988 3387 2055 fingis,
3416 2008 3431 2037 ι
3454 1987 3591 2041 bene

2003 2075 2217 2145 pieque,
2243 2091 2307 2130 ex
2333 2078 2570 2132 essentia
2603 2076 2726 2130 Filii
2758 2077 2886 2140 dici,
2920 2078 3011 2147 qui
3044 2095 3106 2131 ex
3147 2077 3326 2133 Patris
3352 2081 3589 2133 rsst'nlizt

2002 2168 2268 2222 astruitur
2329 2168 2563 2237 Spiritus
2625 2177 2872 2231 sanctus,
2933 2171 3078 2237 quod
3134 2187 3238 2224 una
3307 2171 3480 2225 Patris
3537 2182 3592 2226 c-t

2003 2261 2123 2315 Filii
2155 2261 2392 2317 essentia
2419 2273 2526 2318 est.
2567 2279 2585 2312 ι
2613 2261 2902 2328 Quomodo
2944 2273 3017 2326 te,
3055 2265 3148 2332 qui
3183 2264 3341 2332 pleno
3373 2276 3591 2334 pectore

2001 2352 2170 2421 sapis,
2204 2353 2318 2408 haec
2343 2355 2592 2408 latuere?
2621 2356 2934 2421 Quomodo,
2965 2360 3058 2427 qui
3088 2360 3438 2414 Aristotelem
3478 2362 3590 2426 spi~

2004 2459 2114 2506 ras,
2167 2454 2224 2498 et
2273 2461 2530 2514 magnum
2593 2447 2668 2500 tui
2740 2448 2942 2502 fastum
2981 2449 3033 2503 in
3071 2449 3293 2502 Platone
3326 2450 3588 2509 collocas.

1999 2551 2336 2608 cognoscere
2386 2553 2494 2592 non
2557 2540 2802 2608 potuisti,
2857 2541 3110 2610 laqueum
3161 2541 3254 2594 tibi
3297 2541 3584 2609 adoptare,

1999 2639 2055 2682 et
2082 2645 2294 2694 ensem,
2329 2630 2394 2685 ad
2427 2639 2647 2684 tuorum
2695 2632 2968 2686 viscerum
3019 2631 3343 2687 eﬂ'usionem
3380 2649 3592 2703 pra'pa-

2001 2722 2160 2776 rare?
2183 2721 2316 2788 Quae
2354 2723 2563 2778 viscera
2601 2739 2707 2776 non
2735 2723 2839 2777 alia
2871 2739 2991 2778 esse
3020 2724 3449 2779 existimandum
3485 2733 3590 2787 est,

1998 2829 2161 2883 quam
2225 2822 2333 2868 tute
2388 2813 2586 2869 mentis
2641 2814 2978 2870 circumactu
3025 2815 3308 2878 diﬂiciles,
3353 2826 3408 2871 ct
3463 2818 3592 2872 timo

1999 2905 2250 2972 refertas,
2283 2906 2520 2961 haeretici
2552 2907 2765 2962 scilicet
2793 2909 3006 2976 putoris
3030 2925 3193 2980 grave
3217 2911 3429 2966 olentes
3460 2927 3592 2964 sen-

2003 2998 2223 3054 tentias.
2276 2997 2523 3068 Namque
2574 3000 2619 3054 si
2663 3000 2873 3055 nullum
2903 3017 3026 3056 esse
3054 3001 3354 3056 absurdum
3399 3011 3592 3056 osten-

1998 3091 2172 3152 deris,
2216 3098 2276 3144 ut
2325 3091 2516 3144 eadem
2557 3101 2820 3159 repetam.
2871 3091 2965 3158 qui
3009 3107 3073 3145 ex
3127 3085 3306 3146 Patris
3350 3099 3404 3145 rt
3469 3090 3590 3145 Filii

311 3185 395 3250 ὡς
437 3186 505 3240 ἂν
549 3187 762 3256 είποιμι
798 3185 870 3240 τὰ
912 3187 1073 3253 αὐτὰ,
1102 3187 1163 3241 τὸ
1192 3188 1257 3241 ἐκ
1287 3187 1385 3260 si};
1414 3188 1509 3242 τοῦ
1551 3191 1766 3262 Πατρός
1803 3193 1900 3245 καὶ

2006 3183 2242 3239 essentia
2269 3181 2474 3238 dicitur
2520 3183 2775 3252 Spiritus,
2808 3184 2972 3239 etiam
3009 3201 3072 3238 ex
3107 3184 3192 3239 sui
3232 3183 3404 3254 ipsius
3427 3183 3534 3238 dici
3576 3199 3589 3236 :

313 3277 454 3332 Υἱοῦ
498 3277 797 3348 λεγόμενον
843 3278 1072 3347 Πνεῦμα
1097 3279 1310 3348 οὐσίας,
1339 3283 1437 3336 καὶ
1475 3283 1540 3335 ὲκ
1571 3285 1670 3352 τῆς
1701 3284 1899 3340 ἑαυτοῦ

312 3367 578 3435 λέγεσθαι
603 3383 618 3399 ⁸
668 3368 864 3439 φθάνει
922 3369 1032 3439 γὰρ
1086 3369 1156 3424 ἂν
1179 3370 1354 3435 οὕτως
1387 3374 1781 3443 ἀναμφιϐόλως
1813 3375 1904 3428 διά

313 3459 381 3513 τὸ
409 3461 614 3528 ἀμφοῖν
643 3460 954 3531 ὁμοούσιον,
981 3461 1058 3524 ὡς
1073 3462 1236 3526 αὐτὸς
1265 3461 1434 3534 ἐξηγῇ
1463 3464 1561 3535 τὴν
1596 3465 1757 3537 ῥῆσιν
1790 3468 1905 3530 τοῖς

313 3554 502 3621 ἀγίοις
529 3553 788 3625 είρῆσθαι
820 3571 839 3593 ο
869 3557 964 3609 καὶ
989 3557 1054 3609 σὺ
1087 3555 1268 3618 καλῶς
1297 3557 1540 3626 ἐλέγχων
1564 3559 1867 3630 ἀποδειχθή
1887 3587 1904 3601 -

318 3663 394 3718 σῃ
431 3648 560 3712 τοὺς
613 3651 694 3711 είς
721 3649 810 3701 τὸν
850 3651 949 3719 τῆς
981 3649 1163 3712 αἰτίας
1198 3651 1358 3717 λόγον
1409 3651 1584 3718 αὐτὴν
1628 3635 1906 3721 ἐκλαμϐα-

314 3755 516 3802 νοντας
548 3754 563 3768 ·
597 3739 631 3810 ἢ
669 3739 767 3792 ὲάν
793 3741 827 3810 ἡ
855 3739 990 3809 παρ’
1018 3741 1178 3810 ἡμῶν
1216 3742 1597 3812 ἀπαιτουμένη
1627 3743 1907 3810 ἀπόδειξις

315 3833 431 3884 ἀπὸ
477 3831 573 3883 σ.ῦ
622 3830 884 3893 ἀδύνατος
922 3830 1258 3902 ὁμολογηθῇ,
1310 3831 1684 3901 ἀναμφίόολον
1741 3833 1905 3895 αὐτὸς

317 3923 504 3992 ἑαυτῷ
529 3924 753 3994 ἀρτῦεις
786 3924 878 3977 τὸν
909 3923 1157 3994 ἔλεγχον,
1199 3923 1294 3975 νῦν
1334 3923 1434 3991 μὲν
1460 3923 1536 3986 ὡς
1569 3924 1657 3976 ἐπ’
1693 3924 1906 3994 ἐλέγχῳ

315 4015 484 4086 δῆθεν
516 4018 627 4068 τῶν
660 4019 743 4079 είς
767 4017 860 4090 τὸν
883 4016 981 4084 τῆς
1027 4015 1207 4078 αἰτίας
1255 4016 1416 4082 λόγον
1446 4015 1907 4084 ἐκλαμὸανόντων

315 4109 421 4177 τὴν
449 4107 630 4178 ῥῆσιν,
665 4106 984 4161 ἀκολουθεῖν
1017 4105 1078 4170 ἐξ
1112 4109 1360 4176 ἀνάγκης
1397 4108 1798 4177 διατειιόμενος
1819 4109 1908 4162 διὰ

318 4197 423 4267 τὴν
457 4197 592 4268 πρὸς
621 4197 838 4269 Πατέρα
867 4197 1104 4250 καὶιίδν
1134 4197 1228 4250 τοῦ
1263 4197 1584 4268 Πνεῦματος
1619 4201 1908 4269 ὁμοουσιό·

316 4305 485 4358 τητα,
517 4289 613 4341 καὶ
645 4287 779 4342 αὐτὸ
805 4288 870 4359 δὴ
892 4289 953 4341 τὸ
983 4287 1210 4358 Πνεῦμα
1245 4291 1608 4361 προϐλητικὸν
1636 4288 1782 4348 εἶναι
1813 4294 1910 4348 καὶ

317 4380 725 4450 ὲκπυρευτικόν
759 4397 773 4413 ο
811 4379 906 4434 νῦν
935 4380 990 4434 δὲ
1021 4381 1111 4435 διὰ
1145 4384 1206 4434 τὸ
1235 4382 1370 4452 πρὸς
1401 4385 1495 4436 τὸν
1542 4385 1766 4455 Πατέρα
1810 4386 1907 4440 τοῦ

317 4468 456 4522 Υίοῦ
487 4470 780 4540 ὁμοούσιον
817 4470 920 4542 τὴν
947 4471 1212 4542 τοιαύτην
1245 4473 1405 4543 ῥῆσιν
1440 4474 1540 4543 τῆς
1569 4475 1748 4540 ἀγίοις
1779 4477 1904 4546 δογ-

2005 3276 2258 3341 sequitur
2311 3276 2457 3331 enim
2528 3277 2738 3347 absque
2801 3277 2907 3330 ulla
2971 3276 3311 3331 ltmsitatione
3370 3287 3594 3345 propter

2006 3367 2296 3435 utriusque
2343 3367 2591 3422 eamdem
2652 3383 2931 3437 unamque
2967 3375 3334 3430 .esseutiam,
3399 3368 3482 3420 sic
3535 3381 3590 3420 tu

2003 3459 2289 3513 contendis
2352 3468 2574 3514 sanctos
2603 3459 2987 3529 intelligendos
3034 3475 3191 3522 esse,
3251 3469 3306 3514 et
3344 3468 3398 3512 tu
3449 3468 3560 3512 rect

2006 3549 2256 3605 refellere
2284 3555 2618 3621 reputareris
2643 3568 2763 3629 eos,
2800 3555 2895 3629 qui
2928 3555 3137 3608 ratione
3163 3571 3343 3608 ratisa-
3366 3554 3417 3607 id
3447 3554 3558 3607 aeci

2007 3649 2188 3714 piunt,
2220 3658 2314 3700 aut
2350 3649 2393 3700 si
2440 3665 2564 3716 qua:
2607 3667 2633 3701 ιι
2672 3625 2831 3701 nobis
2860 3625 3177 3718 exposcitur
3209 3665 3236 3702 a
3277 3659 3326 3700 te
3362 3648 3580 3702 deruun-

2007 3736 2203 3790 stratio
2235 3738 2596 3806 impossibilis
2644 3739 2923 3804 efferatur,
2963 3749 3168 3794 certam
3223 3741 3558 3809 tuimetipsin

2010 3835 2065 3880 tu
2101 3827 2483 3883 refutationem
2512 3830 2747 3894 ordiris;
2797 3846 2944 3884 nunc
3005 3832 3226 3900 quidem
3283 3843 3337 3884 ut
3375 3849 3466 3882 eos
3507 3847 3578 3883 re-

2010 3919 2188 3984 fellas,
2245 3921 2341 3991 qui
2399 3921 2601 3976 dictam
2661 3939 2882 3978 causam
2937 3934 3236 3977 conuolare
3289 3924 3587 3980 aflirmant.

2010 4011 2138 4064 dum
2171 4013 2477 4067 necessario
2507 4016 2766 4085 consequi
2805 4016 3112 4078 condendis,
3158 4027 3379 4086 prepter
3426 4031 3591 4066 unam

2009 4104 2369 4172 eamdemque
2426 4121 2552 4174 erga
2619 4105 2833 4160 Patrem
2894 4119 2948 4160 et
2999 4107 3198 4161 Filium
3269 4106 3588 4166 essentiam,

2008 4195 2258 4247 eumdeni
2313 4195 2475 4249 etiam
2507 4197 2772 4264 Spiritum
2823 4199 3180 4267 producendi,
3213 4208 3265 4252 et
3299 4204 3589 4264 procedere

2011 4284 2239 4340 faciendi
2283 4285 2600 4342 facultatem
2637 4289 2926 4343 obtinere:
2956 4305 3102 4342 nunc
3133 4305 3257 4341 vero
3293 4288 3422 4341 dum
3469 4303 3592 4354 pro—

2011 4389 2129 4446 pter
2184 4379 2430 4432 eamdem
2482 4377 2602 4433 Filii
2643 4395 2769 4448 erga
2823 4381 3040 4434 Patrem
3093 4379 3452 4436 substantiam
3487 4378 3554 4430 tal

2011 4471 2217 4527 dictum
2281 4489 2310 4525 a
2367 4471 2620 4526 Patribus
2676 4473 2938 4527 traditum
2995 4471 3318 4534 decernens,
3358 4480 3552 4539 etquo

320 4561 573 4630 ματίζων
609 4563 888 4635 εἰρῆσθαι,
941 4564 1038 4617 καὶ
1081 4563 1144 4617 τὸ
1181 4566 1324 4618 κοιτά
1365 4564 1467 4636 τὴν
1511 4568 1613 4638 σὴν
1641 4567 1802 4632 δόξαν
1824 4571 1902 4622 ὲν-

2012 4565 2160 4628 inde,
2191 4575 2247 4617 ut
2275 4564 2628 4634 tu.opinaris,
2653 4563 2963 4618 necessario
3005 4563 3440 4619 concludendum
3475 4579 3563 4616 era

319 4652 516 4707 τεῦθεν
544 4654 758 4722 ὀφεῖλον
789 4657 1118 4724 συνάγεσθαι
1152 4659 1410 4726 συνάγειν
1434 4659 1734 4714 ἀδυνατῶν.
1785 4661 1908 4715 Ἀλ-

219 4804 229 4814 ,
317 4747 390 4801 λὰ
445 4747 511 4800 σὺ
562 4747 684 4818 μὲν,
713 4747 790 4809 ὡς
839 4747 1254 4819 ἀπαρνούμενος
1284 4750 1378 4804 τὸν
1408 4750 1552 4803 κατὰ
1599 4752 1698 4821 τῆς
1726 4751 1909 4816 αἰτίας

317 4841 481 4909 λόγον
507 4843 620 4904 τοῖς
649 4840 926 4910 θεολόγοις
956 4841 1116 4913 ἡμῶν
1151 4842 1435 4912 Πατράσιν
1478 4844 1540 4897 ὲκ
1583 4844 1684 4914 τῆς
1715 4844 1909 4908 οὐσίας

321 4934 540 5003 ungo;
580 4935 677 4986 καὶ
718 4933 848 4987 Υίοῦ
896 4933 957 4987 τὸ
1003 4933 1229 5004 Πνεῦμα
1271 4934 1665 5004 θεολογεῖσθαι,
1715 4935 1906 5000 ἔλαθες

319 5027 467 5080 οῦτω
503 5027 591 5079 διὰ
641 5026 741 5093 τῆς
774 5026 1214 5097 παρεξηγήσεως
1264 5027 1421 5096 ξίφος
1479 5027 1559 5096 τῷ
1594 5029 1907 5099 βουλομένῳ

320 5135 407 5171 σοι
459 5117 769 5189 ἀντιλέγειν
818 5116 1144 5189 ἐγχειρίζων
1195 5118 1319 5171 καθ’
1353 5115 1588 5171 ἑαυτοῦ’
1634 5117 1700 5168 Ἠ
1729 5116 1836 5182 αἲξ,
1879 5119 1908 5171 ὃ

320 5225 490 5278 φησιν
522 5209 555 5279 ή
586 5208 879 5279 παροιμία,
899 5209 1000 5280 τὴν
1027 5209 1330 5280 μάχαιραν.

384 5301 432 5353 δ’
481 5301 673 5371 Ἡμεῖς
703 5300 759 5353 δὲ
788 5302 1016 5372 πρώτην
1053 5302 1163 5355 ιδοὺ
1193 5301 1404 5373 ταύτην
1455 5303 1735 5370 ἀπόδειξιν
1801 5304 1901 5361 τοῦ

321 5390 685 5460 περιπίπτειν
716 5391 945 5444 σεαυτὸν
988 5391 1172 5462 ἐαυτῷ
1229 5393 1356 5448 καθ’
1384 5392 1446 5451 ἓν
1465 5393 1628 5448 τοῦτο
1659 5397 1906 5461 διανοίας

323 5483 494 5552 μέρος
525 5482 730 5534 οὑτωσί⁸
760 5483 967 5536 ἀτόπου
999 5484 1125 5546 ταῖς
1180 5482 1717 5554 προαναταχθείσαις
1769 5486 1906 5556 ἡμῖν

320 5573 418 5627 τοῦ
451 5571 547 5626 σοῦ
580 5572 752 5643 τόμου
781 5574 1116 5642 περικοπατς
1158 5573 1514 5643 ἐγκειμένης,
1574 5574 1776 5640 καλῶς,
1829 5576 1906 5640 ὡς

325 5661 504 5735 οἶμαι,
529 5669 628 5718 καὶ
653 5668 797 5719 πάνυ
841 5667 1202 5738 ποιησάμενοι
1232 5667 1502 5738 ἀκριϐῶς,
1540 5668 1810 5737 γινόμεθα
1838 5669 1904 5739 δὴ

328 5757 468 5812 κατά
502 5757 602 5826 τὴν
628 5757 968 5824 ἐπαγγελίαν
995 5758 1086 5810 καὶ
1130 5758 1266 5828 πρὸς
1325 5758 1406 5829 τῷ
1442 5759 1614 5825 δεῖξαι
1663 5759 1813 5822 ὅπως
1869 5760 1902 5830 η

326 5867 392 5904 εκ
425 5847 520 5914 τῆς
552 5850 744 5911 οὐσίας
787 5849 880 5905 τοῦ
916 5851 1130 5912 ﬂauo;
1163 5853 1256 5908 mi
1289 5850 1419 5910 Υίοῦ
1456 5845 1594 5911 εἶναι
1640 5851 1699 5906 τὸ
1733 5851 1901 5906 Πνεῦ-

2011 4657 2339 4710 concludere
2402 4671 2507 4710 non
2553 4658 2722 4710 vales.
2775 4659 2845 4709 At
2891 4666 2947 4710 tu
3019 4671 3243 4726 negans,
3285 4655 3568 4708 secundm:

2009 4763 2190 4805 causa:
2233 4749 2502 4824 rationem
2563 4763 2594 4801 a
2653 4748 2918 4816 theologis
2960 4749 3166 4802 nostris
3200 4745 3458 4800 Patribus
3525 4763 3584 4800 ex

2009 4839 2243 4900 essentia
2274 4839 2446 4897 Patris
2473 4848 2525 4895 et
2559 4839 2680 4893 Filii
2701 4839 2963 4908 Spiritum
2991 4839 3234 4903 decerni,
3269 4855 3376 4892 non
3408 4838 3588 4892 vidisti

2010 4947 2106 5001 per
2140 4933 2278 4986 banc
2305 4944 2454 4991 tuam
2493 4933 2796 5004 improbam
2847 4933 3353 5002 interpretationem
3405 4948 3589 4985 ensem

2010 5033 2198 5080 contra
2222 5033 2272 5079 te
2304 5024 2481 5095 ipsum
2512 5025 2770 5080 exhibere
2795 5025 3118 5094 cuicumque
3145 5025 3240 5078 tibi
3264 5022 3590 5078 adversandi

2012 5120 2062 5173 in
2095 5119 2280 5173 animo
2304 5128 2408 5174 est.
2436 5118 2633 5188 Capra,
2669 5129 2727 5174 ut
2749 5121 3038 5190 proverbio
3066 5119 3280 5185 teritur,
3324 5117 3605 5186 gladium,

2082 5304 2133 5357 4.
2188 5302 2299 5357 Nos
2324 5317 2485 5370 porro
2522 5305 2698 5372 prima
2756 5303 2857 5356 bac
2885 5302 3371 5364 demonstratione,
3412 5311 3460 5353 te
3491 5297 3586 5354 tibi

2011 5395 2112 5466 ipsi
2158 5395 2430 5448 contraria
2471 5410 2740 5457 asserere,
2777 5395 2830 5448 in
2867 5395 2968 5448 bac
3009 5393 3275 5448 sententia
3316 5391 3452 5447 adeo
3493 5393 3589 5444 ab-

2009 5487 2198 5553 Surda,
2223 5502 2341 5556 quae
2391 5486 2442 5539 in
2476 5501 2641 5555 supra
2667 5501 2762 5555 per
2788 5501 2888 5539 nos
2919 5485 3096 5539 allatis
3145 5469 3224 5536 tui
3259 5481 3389 5536 torni
3448 5481 3588 5550 peri-

2007 5577 2161 5644 copis
2192 5576 2525 5640 continetur,
2557 5577 2722 5643 probe
2762 5585 2814 5629 et
2837 5585 3042 5638 exacte,
3085 5571 3379 5642 utOpinor,
3429 5573 3588 5626 abso-

2009 5668 2142 5730 luta,
2184 5669 2544 5732 arcedamus,
2575 5676 2634 5722 ut
2661 5668 3034 5737 promisimus,
3087 5664 3154 5716 ad
3187 5664 3586 5723 ostendendum

2008 5761 2234 5824 dictum,
2286 5759 2432 5827 quod
2482 5774 2548 5812 ex
2604 5757 2843 5812 essentia
2867 5754 3046 5808 Patris
3075 5761 3129 5806 et
3171 5751 3289 5807 Filii
3322 5754 3585 5824 Spiritum

2009 5849 2387 5932 esse/fatetur.
2437 5847 2736 5904 secundum
2770 5859 2947 5900 causa:
2980 5843 3246 5902 rationem
3281 5858 3310 5904 ει
3331 5841 3587 5900 Patribus

3478 405 3589 466 3.2
3695 486 3703 492 Ι
