4002 6482
276 425 402 487 3i!)

1442 447 1544 508 AD
1579 449 2184 519 CONSTANTINUM
2214 418 2373 520 ‘LIB.
2424 461 2474 523 I.

3484 472 3593 534 350

274 548 742 650 τρισὶιπδστατον
777 551 892 617 ἀεὶ,
917 554 1013 609 καλ⁵
1037 553 1298 613 οὐδέποτε
1356 561 1741 620 ἀνυπόστατον
1797 568 1872 639 τὴε

2001 587 2224 642 quoque
2252 575 2433 629 colere
2468 581 2782 634 convincat.
2817 577 2930 650 Ego
2954 593 3107 647 vero,
3139 595 3259 650 quae
3286 588 3597 638 communi-

275 636 502 727 κοινῶς
524 639 616 692 ἐπὶ
652 641 789 695 Θεοῦ
829 642 1134 720 λεγομένην
1176 652 1506 723 πρεσϐεὕων
1563 658 1781 727 οὐσίαν,
1829 636 1894 715 ἐι

277 725 399 821 pf»:
429 730 697 799 οἰμώζειν
718 733 814 801 ὲῶ,
837 738 919 800 εἰς
965 741 1325 816 καταδρομήν
1373 764 1469 802 σου
1521 725 1890 821 ἀρκούμενος,

270 812 372 916 οἷς
404 821 584 916 αὐτὸς
633 825 832 882 ἑαυτὸν
863 812 1330 907 ἐξελέγχειςξνῦν
1356 841 1458 909 μὲν
1480 812 1583 914 τὴν
1610 812 1892 916 πατρικην

271 910 492 1008 οὐσίαν
517 916 582 1008 τδ
613 916 793 972 αἴτιον
820 920 1101 992 ἀφαιρῶν,
1125 925 1229 982 νῦν
1257 928 1314 984 δὲ
1339 931 1441 1003 τὴν
1475 910 1622 1004 ’μετ’
1660 910 1893 1008 ἰδίωμα-

276 1020 404 1057 των
435 1006 635 1061 οὐσίαν
664 1010 839 1083 αὐτὴν
865 1014 1067 1085 δηλοῦν
1097 1020 1386 1092 ὁμολογῶν
1417 1023 1517 1097 τὴν
1565 1006 1887 1095 ὑπόστασιν,

285 1099 393 1151 καὶ
410 1098 476 1152 τὺ
496 1099 680 1156 αἴτιον
704 1105 845 1177 αὐτῇ
884 1112 1332 1183 προσομολογῶν.
1372 1118 1494 1172 Ἔτι
1517 1117 1576 1173 δὲ
1607 1120 1704 1175 καὶ
1725 1138 1891 1189 (pust-

280 1190 398 1261 κὴν
430 1192 615 1264 ἀρχὴν
653 1196 751 1250 καὶ
779 1199 966 1255 αἰτίαν
993 1203 1123 1258 Υἰοῦ
1154 1207 1253 1262 καὶ
1273 1209 1602 1278 Πνεῦματος
1631 1213 1722 1268 τὸν
1775 1215 1890 1270 ﬂa-

276 1286 430 1358 τέρα
454 1288 554 1341 καὶ
583 1286 744 1357 αὖθις
768 1293 949 1349 αἰτιον
991 1297 1124 1353 Υίοῦ
1171 1302 1267 1356 καὶ
1311 1304 1642 1374 Πνεῦματος
1698 1308 1890 1362 οὑσιωο

276 1376 398 1471 δῶς
436 1379 638 1435 τοῦτον
667 1384 987 1444 ἀποκαλῶν.
1019 1393 1079 1445 Εἰ
1110 1393 1221 1465 γὰρ
1252 1397 1315 1450 οὐ
1340 1399 1482 1453 κατά
1526 1400 1627 1471 τὴν
1693 1401 1886 1455 οὐσίαν

279 1469 472 1565 αἴτιος
532 1472 808 1548 ὁΠατήρ,
842 1479 918 1546 ὡς
944 1484 1002 1536 αἰ
1059 1485 1355 1557 εἰρημέναι
1408 1491 1505 1545 τοῦ
1563 1469 1658 1547 σοῦ
1713 1492 1883 1565 τόμον

284 1563 528 1634 δηλοῦσι
554 1572 882 1640 περικοπαὶ,
911 1577 1012 1629 καὶ
1046 1578 1219 1652 ψεύδη
1258 1582 1522 1649 οὐσιῶδες
1574 1585 1750 1639 αἴτιον
1783 1563 1885 1639 καὶ

284 1661 536 1731 φυσικὴν
562 1663 736 1736 ἀρχὴν
769 1668 864 1719 καὶ
899 1669 1088 1724 αἰτίαν
1118 1672 1248 1727 Υἰοῦ
1281 1677 1377 1728 καὶ
1412 1676 1731 1744 Πνεῦματος
1753 1676 1882 1731 τοῦ·

293 1769 397 1805 τον
435 1754 741 1820 ἀποκαλῶν,
781 1757 813 1827 ἢ
847 1761 990 1814 κατὰ
1020 1762 1088 1814 τὰ
1109 1761 1516 1833 ὡμολογημένα
1543 1770 1637 1820 καὶ
1672 1768 1758 1821 σοὶ
1787 1768 1884 1821 καὶ

297 1843 458 1912 ἐμοὶ,
495 1848 587 1900 καὶ
610 1848 715 1919 πρό
748 1866 813 1918 γε
841 1850 998 1921 ἡμῶν
1020 1856 1134 1917 τοῖς
1170 1853 1445 1923 θεολόγοις
1474 1859 1610 1912 πᾶσι
1652 1860 1875 1930 Πατρά-

292 1952 410 1990 σιν·
431 1938 692 2005 οὐσιῶδες
713 1941 934 2013 ἀληθῶς
957 1946 1154 2010 αἴτιον,
1188 1948 1284 2000 καὶ
1317 1950 1522 2020 φυσικὴ
1562 1952 1715 2005 αἰτία
1785 1954 1879 2007 καὶ

284 2028 439 2101 ἀρχὴ
464 2030 575 2085 τῶν
606 2031 667 2098 ἐξ
689 2033 859 2088 αὐτοῦ
889 2036 918 2088 ὁ
950 2037 1168 2110 Πατὴρ,
1191 2039 1286 2092 καὶ
1311 2041 1374 2093 τὸ
1423 2040 1623 2111 ψεῦδος
1680 2044 1737 2097 αἰ
1803 2044 1879 2114 μὴ

281 2122 436 2175 κατὰ
459 2124 561 2193 τὴν
576 2125 768 2180 οὐσίαν
791 2127 966 2182 αἰτιον
993 2125 1136 2183 εἶναι
1167 2131 1260 2184 τὸν
1319 2133 1539 2203 πατέρα
1558 2133 1872 2206 διοριζόμε-

280 2210 376 2264 ναί
409 2228 498 2265 σοι
529 2216 745 2284 γραφαὶ
764 2215 977 2289 ἔχουσι,
1022 2221 1116 2273 καὶ.
1136 2221 1165 2273 ὀ
1193 2223 1251 2288 ἐξ
1278 2223 1444 2304 αὐτοῦ
1477 2241 1559 2278 σοι
1591 2226 1877 2297 προσγινό-

283 2320 458 2373 μενος
491 2306 719 2379 ἔλεγχος
751 2311 1009 2366 ἐντεῦθεν
1038 2317 1372 2388 περιφανής.

354 2587 429 2644 θ’.
476 2590 642 2660 Ἰῐμίν
674 2591 752 2655 δὲ,
782 2584 828 2647 ὧ
857 2592 976 2660 φίλε
1013 2612 1104 2665 μοι
1136 2596 1247 2651 τῶν
1273 2597 1585 2669 λεγομένων
1606 2598 1872 2667 ἀκροατὰ.

287 2684 433 2751 μετὰ
459 2682 524 2736 τὸ
558 2685 672 2747 τοῖς
699 2682 1020 2753 λεγομένοις
1048 2686 1148 2759 τὴν
1182 2687 1366 2742 αἰτίαν
1409 2688 1757 2760 προσθεῖναι,
1808 2689 1878 2742 δι’

285 2777 354 2847 ἢν
400 2775 654 2847 Κύπριος
714 2777 814 2849 τὴν
853 2778 1132 2851 πατρικὴν
1180 2781 1371 2834 οὐσίαν
1444 2783 1765 2853 ἀφαιρεῖται
1815 2783 1876 2837 τὸ

283 2866 491 2927 αἴτιον,
525 2867 883 2922 ὑποδεικτέον
909 2868 1053 2923 κατὰ
1081 2868 1182 2938 τὴν
1216 2871 1555 2941 ἐπαγγελίαν
1603 2873 1699 2927 καὶ
1747 2876 1877 2929 ὀπό-

284 2957 385 3010 θεν
419 2956 577 3027 αὐτῷ
611 2956 709 3010 ἐπὶ
741 2958 811 3030 τῇ
840 2958 1138 3029 ἀφαιρέσει
1166 2958 1343 3030 ταύτῃ
1389 2961 1870 3032 παραλογίζεσθαι

283 3050 654 3121 προσγίνεται
680 3052 810 3115 τοὺς
851 3051 1108 3116 πολλούς.
1144 3053 1210 3107 Ἦ
1257 3055 1360 3123 μὲν
1388 3053 1482 3108 οῦν
1508 3055 1609 3124 τῆς
1641 3055 1871 3127 ἀφαιρὲ-

282 3159 431 3206 σεως
468 3142 623 3195 αἰτία
645 3143 766 3196 ἐστί
807 3143 871 3198 τδ
908 3143 1158 3215 ἀκριϐῶς
1204 3145 1412 3199 εἰδέναι
1458 3146 1623 3200 αὐτὸν
1670 3147 1771 3213 ὡς,
1820 3147 1872 3201 εἰ

1965 687 1975 699 -
2000 672 2082 718 ter
2107 665 2185 720 de-
2210 664 2320 719 Deo
2338 665 2561 730 dicitur,
2590 669 2899 729 essentiam.
2928 685 3146 742 semper
3184 672 3236 726 in
3268 672 3443 729 tribus
3471 689 3597 742 per-

1997 756 2175 823 sonis,
2229 774 2408 829 neque
2439 762 2925 833 unquam'absque
2956 762 3233 836 hypostasi
3270 779 3592 835 agnoscens,

1996 849 2092 905 tibi
2117 850 2387 922 lacrymas
2419 853 2637 918 mando,
2671 855 2807 909 satis
2840 855 2907 911 ad
2932 865 3080 911 tuam
3109 859 3591 926 reprehensionem
3622 838 3625 843 l

1995 949 2282 1011 reputans,
2313 943 2514 1013 quibus
2558 953 2614 999 tu
2645 944 2877 1015 teipsum
2916 947 3221 1017 redarguis.
3265 948 3396 1002 dum
3443 963 3593 1004 nunc

1994 1041 2276 1100 paternam
2326 1032 2626 1088 essentiam
2656 1050 2821 1093 causa
2861 1036 3086 1106 spolias,
3117 1053 3264 1093 nunc
3290 1038 3588 1093 essentiam

1992 1138 2117 1178 cum
2154 1123 2587 1194 proprietatibus
2623 1125 2798 1195 ipsam
2839 1136 3029 1181 notare
3062 1128 3397 1198 hypostasim
3445 1126 3591 1181 aﬂir-

1990 1228 2135 1278 mas,
2175 1224 2231 1268 et
2256 1230 2481 1270 causam
2521 1215 2621 1282 ipsi
2658 1217 2917 1271 attribuis
2953 1233 2967 1270 :
3005 1231 3217 1270 necnon
3260 1217 3389 1273 dum
3425 1226 3590 1272 natu-

1992 1307 2102 1360 rale
2130 1306 2465 1378 principium
2500 1318 2556 1364 et
2582 1324 2805 1364 causam
2835 1307 2982 1368 Filii.
3002 1318 3055 1361 et
3085 1307 3319 1378 Spiritus
3341 1308 3586 1364 Patrem.

1993 1413 2324 1469 rursumque
2359 1400 2612 1455 eumdem
2669 1400 2792 1455 Filii
2844 1410 2898 1455 et
2924 1398 3164 1471 Spiritus
3217 1403 3586 1462 essentialiter

1987 1507 2212 1547 Causam
2239 1509 2552 1565 nuncupas.
2578 1494 2793 1551 Etenim
2826 1499 2872 1550 si
2926 1512 3033 1551 non
3069 1495 3366 1570 secundum
3393 1510 3585 1551 esseu-

1990 1583 2118 1637 tiam
2156 1580 2321 1639 Pater
2358 1599 2525 1640 causa
2557 1596 2662 1648 est,
2705 1595 2762 1641 ut
2795 1588 2973 1643 allata:
3016 1587 3148 1642 tomi
3184 1585 3263 1640 tui
3304 1586 3582 1656 perieOpae

1986 1673 2252 1736 indicant,
2285 1682 2340 1728 et
2362 1676 2540 1744 palam
2575 1678 2825 1732 mentiris
2860 1693 2985 1732 cum
3041 1676 3396 1732 essentialem
3447 1692 3582 1732 cau-

1986 1778 2128 1827 sam,
2169 1771 2225 1817 et
2251 1764 2502 1818 naturale
2526 1764 2857 1836 principium
2891 1776 2942 1821 et
2968 1781 3192 1822 causam
3222 1766 3344 1822 Filii
3371 1775 3427 1821 et
3458 1767 3583 1838 Spi-

1989 1857 2129 1910 iitns
2160 1855 2314 1910 illum
2348 1872 2538 1918 vocas,
2564 1865 2659 1911 aut
2686 1857 2986 1912 secundum
3011 1874 3097 1924 ea,
3156 1874 3280 1929 quae
3312 1859 3469 1926 mihi,
3526 1868 3583 1913 et

1989 1948 2085 2001 tibi
2120 1960 2173 2003 et
2206 1959 2334 2004 ante
2364 1963 2466 2002 nos
2503 1948 2774 2019 theologis
2807 1949 3070 2005 omnibus
3100 1950 3428 2006 Patribusin
3452 1967 3585 2006 con-

1983 2040 2126 2095 f--ssn
2186 2050 2337 2106 sunt,
2372 2039 2683 2096 essentialis
2725 2056 2851 2095 vere
2885 2056 3048 2096 causa
3086 2050 3140 2096 et
3177 2044 3470 2109 naturalis,
3527 2052 3584 2099 et

1972 2131 2306 2202 principium
2358 2147 2549 2187 eorum
2576 2149 2697 2202 quae
2730 2149 2796 2186 ex
2829 2134 2949 2203 ipso
2993 2142 3146 2198 sunt,
3182 2134 3342 2189 Pater
3367 2146 3471 2200 est,
3527 2143 3582 2189 et

1983 2224 2354 2289 mendacium,
2391 2240 2500 2280 non
2532 2225 2843 2282 secundum
2870 2227 3169 2281 essentiam
3203 2242 3427 2283 causam
3454 2243 3577 2282 esse

1934 2316 1935 2319 “
1983 2317 2220 2384 Patrem,
2260 2318 2619 2375 decernentes
2650 2327 2757 2373 tua:
2820 2319 3148 2388 scriptiones
3188 2322 3495 2382 continent,
3524 2330 3582 2376 et

1977 2423 2098 2476 quae
2172 2407 2298 2463 inde
2348 2407 2426 2463 tui
2488 2408 2809 2485 redzu'gutio
2859 2409 3054 2474 oritur,
3095 2410 3246 2465 hisce
3289 2412 3580 2469 manili-sta

1979 2509 2089 2556 est.

2045 2594 2100 2650 9.
2143 2591 2258 2649 Nos
2286 2609 2437 2659 vero,
2468 2609 2503 2649 ο
2528 2593 2706 2648 amice
2737 2592 3010 2649 dictorum
3047 2608 3292 2648 meorum
3328 2591 3572 2657 auditor,

1976 2696 2265 2756 postquam
2295 2686 2408 2757 jam
2459 2686 2640 2741 allatis
2670 2702 2893 2742 causam
2922 2685 3276 2753 tradidimus,
3309 2685 3380 2741 ob
3410 2700 3575 2755 quam

1974 2777 2207 2848 Cyprius
2242 2787 2523 2847 paternam
2552 2778 2853 2835 essentiam
2892 2792 3067 2832 causa
3092 2778 3295 2846 privat,
3326 2776 3405 2833 uti
3447 2791 3578 2846 pro-

1973 2868 2247 2936 misimus,
2276 2868 2632 2924 ostendemus
2667 2868 2810 2924 unde
2870 2869 2972 2939 ipsi
3008 2869 3062 2923 in
3121 2869 3225 2923 hac
3255 2867 3566 2937 privatione

1973 2961 2175 3016 accidit
2240 2971 2299 3017 ut
2358 2961 2563 3017 multos
2609 2962 2867 3032 decipiat.
2951 2961 3304 3019 Privationis
3386 2961 3575 3031 itaque

1974 3069 2141 3110 causa
2177 3055 2561 3126 estquodipse
2598 3055 2744 3111 bene
2804 3057 2969 3123 sciat,
3021 3058 3065 3113 si
3124 3072 3247 3128 quae
3278 3057 3346 3112 de
3409 3056 3572 3112 Patre

1973 3146 2305 3214 praedicatur
2339 3149 2606 3207 essentia.
2636 3163 2860 3226 causam
2890 3147 3013 3202 Filii
3046 3148 3155 3203 dici
3197 3146 3479 3212 concedat,
3511 3155 3568 3202 et

280 3234 388 3305 τὴν
420 3232 914 3304 κατηγορουμένην
940 3233 1033 3288 τοῦ
1061 3233 1279 3306 Πατρὸς
1305 3235 1495 3290 οὒσίαν
1527 3234 1709 3291 αἰτίαν
1739 3253 1872 3306 συγ-

1975 3248 2095 3302 qua:
2125 3234 2193 3288 de
2242 3231 2380 3289 Filio
2418 3235 2768 3304 praedicatur,
2805 3232 3102 3294 essentiam
3151 3253 3219 3294 ex
3276 3236 3435 3292 Patre
3480 3237 3567 3293 sui

281 3324 533 3395 χωρήσει
560 3323 822 3394 λέγεσθαι
849 3322 945 3378 τοῦ
968 3323 1124 3399 ζ’ἰοῦ,
1155 3326 1253 3379 καὶ
1281 3325 1380 3398 τὴν
1403 3326 1497 3380 τοῦ
1530 3327 1662 3382 Υἰοῦ
1689 3345 1868 3401 κατη-

1975 3341 2197 3380 causam
2223 3341 2543 3394 agnoscere,
2586 3343 2693 3382 non
2722 3343 2884 3398 posse
2920 3344 2981 3385 se
3011 3330 3291 3386 contraire
3330 3329 3419 3396 iis,
3473 3329 3571 3400 qui

280 3419 633 3487 τορουμὲνην
658 3416 853 3472 οὐσίαν
902 3418 1156 3484 αἰτιατὴν
1201 3420 1266 3472 tu
1297 3418 1538 3489 Πατρδς,
1572 3422 1672 3474 οὐκ
1710 3421 1779 3476 ἄν
1815 3438 1868 3476 τι

283 3511 383 3564 καὶ
416 3507 840 3578 ἁντιφθέγξαιτο
871 3511 986 3574 τοίς
1014 3511 1097 3573 εἰς
1129 3508 1230 3581 τὴν
1261 3511 1443 3565 αἰτίαν
1484 3511 1580 3566 τοῦ
1603 3512 1869 3584 Πνεῦμα-

280 3621 375 3667 τος
406 3602 912 3674 παραλαμωνουσι
942 3602 1035 3657 τὸν
1071 3603 1203 3657 Υἰδν
1232 3604 1340 3657 ἀπὸ
1372 3603 1485 3658 τῶν
1528 3604 1593 3658 τὺ
1638 3605 1866 3676 Πνεῦμα

279 3694 343 3749 τὸ
369 3695 530 3763 ἅγιον
558 3698 624 3750 ἐκ
651 3694 752 3765 τῆς
781 3695 974 3759 οὐσίας
1031 3695 1127 3751 τοῦ
1178 3696 1312 3750 Υἰοῦ
1361 3697 1635 3769 ὑπάρχειν
1685 3697 1867 3752 θεολο-

279 3790 496 3860 γουσῶν
523 3791 760 3861 ῥήσεων.
808 3790 869 3844 Ὀ
892 3789 937 3843 δ’
965 3789 1059 3843 ἐπὶ
1088 3792 1155 3861 τῇ
1187 3787 1418 3863 τοιαύτῃ
1448 3789 1867 3861 παραλογισμδς

280 3881 601 3952 ἀφαιρέσει,
636 3882 734 3935 καὶ
762 3882 791 3934 ὁ
824 3881 903 3951 τῷ
942 3879 1353 3952 παραλογισμῷ
1404 3880 1674 3952 ἑπόμενος
1713 3880 1869 3949 ἐλεγ-

285 3990 403 4044 χος,
435 3972 532 4027 καὶ
557 3972 738 4029 ταῦτα
758 3971 1014 4027 ἐντεῦθέν
1051 3990 1135 4026 σοι
1163 3971 1321 4026 ἔσται
1364 3969 1525 4040 δῆλα.
1572 3970 1721 4026 Μίαν
1770 3973 1865 4041 οὐιτ

285 4068 408 4123 σίαν
434 4068 533 4121 καὶ
561 4068 713 4134 τρεῖς
747 4065 1079 4129 ὑποστάσεις
1110 4065 1255 4119 κατά
1295 4064 1484 4136 κοινὴν
1532 4064 1741 4118 ἔννοιαν
1772 4065 1866 4117 ἐπὶ

282 4162 379 4231 τῆς
446 4160 615 4229 ἁγίας
664 4159 898 4231 Τριάδος
940 4159 1124 4212 πᾶσαν
1163 4157 1350 4220 ἐἰδὼς
1384 4157 1487 4227 τὴν
1533 4155 1867 4225 Ἐκκλησίαν

283 4253 700 4325 πρεσϐεύουσαν
735 4252 1010 4322 Κύπριος,
1045 4249 1180 4305 αὐτὸ
1206 4250 1269 4303 τὸ
1297 4251 1429 4319 μίαν
1459 4247 1602 4303 εἶναι
1633 4251 1734 4320 τὴν
1762 4248 1864 4320 τῆς

281 4346 519 4417 Τριάδος
577 4344 770 4415 οὐσίαν
832 4343 966 4412 ὕλην
1026 4342 1352 4414 ποιούμενος
1401 4341 1862 4413 παραλογισμοῦ,

281 4440 411 4502 τοὺς
474 4440 574 4507 μὲν
628 4437 848 4505 λόγους,
906 4435 1032 4490 καθ’
1077 4434 1171 4496 οὓς
1209 4434 1308 4504 μία
1348 4435 1569 4503 λέγεται
1617 4435 1649 4502 ἡ
1706 4433 1865 4485 οὐσία

1973 3436 2193 3476 causam
2253 3419 2490 3490 Spiritus
2535 3417 2736 3474 Filium
2780 3420 3087 3488 stabiliunt,
3142 3429 3370 3492 propter
3424 3420 3570 3476 dicta

1975 3528 2097 3582 qua:
2132 3522 2386 3568 astruuul
2409 3554 2425 3578 ,
2456 3513 2718 3579 Spiritum
2756 3527 3006 3575 sanetum
3046 3529 3113 3569 ex
3151 3515 3390 3570 essentia
3434 3513 3559 3571 Filii

1969 3607 2256 3660 exsistere.
2290 3606 2358 3660 Et
2389 3622 2511 3674 qua:
2534 3622 2599 3660 ex
2633 3605 2738 3660 bac
2772 3606 3081 3675 privatione
3115 3606 3367 3676 sequitur
3399 3606 3564 3662 dece-

1971 3698 2102 3768 ptio.
2131 3707 2182 3750 et
2217 3697 2591 3765 ιιι-θεριῑοηειη
2632 3697 2947 3767 redargutio
2981 3697 3133 3752 hisce
3179 3708 3329 3753 certe
3357 3713 3421 3753 ac
3449 3713 3572 3754 ma-

1972 3787 2171 3842 nifeste
2198 3787 2480 3858 patebunt.
2518 3783 2694 3841 Unam
2730 3787 3028 3842 essentiam
3053 3773 3107 3841 et
3143 3795 3256 3842 tres
3294 3790 3566 3859 Ityposta-

1971 3895 2064 3935 ses
2099 3880 2152 3932 in
2187 3887 2381 3933 sancta
2413 3876 2615 3932 Triade
2648 3893 2760 3931 uno
2804 3892 3073 3933 consensu
3111 3875 3408 3933 Ecclesiam
3445 3879 3574 3933 uni-

1970 3972 2233 4025 vei-saleni
2260 3984 2516 4025 asserere
2572 3979 2658 4023 sat
2688 3984 2919 4024 noscens
2955 3966 3205 4043 Cyprius,
3236 3969 3373 4033 hoc,
3403 3983 3569 4022 unam

1967 4068 2259 4120 eSsentiam
2287 4063 2500 4118 Triadis
2528 4077 2651 4118 esse
2678 4064 2964 4117 materiam
2992 4077 3107 4117 sua:
3127 4061 3461 4131 deceptionis
3483 4076 3573 4116 as-

1968 4172 2212 4221 sumens,
2233 4160 2488 4222 rationcs,
2514 4161 2583 4214 ob
2609 4174 2748 4229 quas
2766 4173 2870 4212 una
2891 4157 3105 4213 dicatur
3125 4157 3387 4216 essentia.
3422 4156 3567 4211 silet.

1966 4260 2016 4304 et
2032 4251 2083 4302 in
2100 4250 2254 4301 aliam
2272 4251 2595 4304 sententiam
2616 4251 2744 4304 illud
2767 4265 2931 4304 unam
2950 4258 3289 4317 retorquens.
3310 4263 3418 4303 non
3438 4249 3572 4302 mul-

1970 4350 2073 4401 lus,
2092 4349 2145 4393 et
2164 4340 2346 4395 minus
2359 4352 2552 4397 cautos
2567 4350 2803 4410 tantum,
2821 4343 2911 4395 sed
2933 4342 3096 4395 etiam
3114 4357 3218 4395 non
3236 4355 3440 4411 paucos
3453 4354 3575 4395 cor‘

1967 4433 2125 4487 datos
2142 4443 2302 4501 atque
2320 4434 2552 4488 eximios
2572 4435 2717 4488 viros
2735 4433 2786 4487 in
2813 4433 3057 4487 fraudem
3078 4435 3253 4487 duxit.
3274 4431 3387 4487 Una
3406 4431 3573 4500 siqni-

282 4532 643 4605 παρασιωπᾷ,
693 4531 775 4593 εἰς
814 4528 985 4600 ἄλλην
1022 4526 1080 4582 δὲ
1124 4526 1222 4599 τὴν
1263 4527 1365 4579 οὐκ
1422 4525 1587 4579 οὖσαν
1650 4524 1863 4577 ἔννοιαν

1975 4525 2087 4579 dem
2113 4525 2312 4580 dicitur
2332 4526 2590 4589 essentia,
2613 4543 2719 4580 non
2738 4527 2883 4596 quod
2912 4524 3236 4580 divisionem
3263 4525 3314 4578 in
3343 4539 3566 4579 causam

282 4626 647 4695 ἐκλαμϐάνων
681 4624 763 4687 τὸ,
798 4621 917 4694 μία.
954 4622 1016 4676 οὐ
1043 4623 1168 4685 τοὺς
1213 4620 1465 4683 πολλοὺς,
1514 4619 1611 4672 καὶ
1659 4620 1862 4673 ἁπλου-

1975 4626 2023 4670 et
2045 4626 2330 4671 causatum
2361 4634 2465 4671 non
2500 4618 2749 4672 admittat
2779 4633 2793 4670 :
2828 4632 3004 4685 neque
3032 4616 3177 4686 quod
3213 4615 3450 4685 perfecta
3481 4631 3571 4668 es-

285 4718 510 4786 στέρους
568 4716 750 4783 μόνον,
814 4713 930 4766 ἀλλ’
964 4713 1066 4784 ἤδη
1103 4713 1199 4766 καὶ
1255 4711 1448 4786 αὐτῶν,
1501 4712 1602 4766 οὐκ
1648 4711 1861 4779 ὀλίγους

280 4811 390 4863 τῶν
474 4808 779 4876 ἐλλογίμων
855 4805 1311 4880 παραλογίζεται.
1401 4806 1519 4860 Μία
1595 4807 1695 4876 μὲν
1752 4806 1863 4876 γὰρ

281 4902 504 4968 λέγεται
528 4900 561 4970 η
600 4898 783 4964 οὐσία,
807 4898 907 4969 οὐχ
937 4900 1021 4953 ὃτι
1053 4898 1153 4964 τὴν
1183 4899 1262 4963 εἰς
1289 4898 1464 4952 αἴτιον
1493 4900 1584 4952 καὶ
1612 4900 1862 4952 αἰτιατδν

282 4993 549 5065 διαίρεσιν
575 4993 678 5047 οὐκ
714 4992 1052 5061 ἐπιδέχεται,
1086 4991 1196 5043 οὐδ’
1221 4992 1305 5045 ὅτι
1341 4991 1462 5060 οὐχὶ
1493 4989 1675 5044 τελεία
1702 4993 1862 5045 οὐσία

283 5090 310 5141 ὁ
342 5086 556 5155 Πατὴρ,
583 5084 772 5138 τελεία
795 5083 958 5144 οὐσία
992 5082 1090 5137 καὶ
1113 5085 1142 5139 ὁ
1169 5082 1319 5148 Υἰδς,
1351 5083 1538 5143 τελεία
1575 5084 1734 5137 οὐσία
1765 5085 1863 5137 καὶ

281 5181 341 5231 τὸ
386 5177 616 5246 Πνεῦμα
647 5175 706 5229 τὸ
732 5174 888 5243 ἅγιον
914 5174 1023 5227 εἰσί
1049 5190 1110 5227 τε
1158 5174 1255 5226 καὶ
1284 5173 1561 5243 λέγονται,
1613 5173 1730 5227 ἀλλ’
1777 5174 1860 5227 ὅτι

282 5272 348 5321 τὰ
379 5267 510 5337 τρία
555 5264 828 5337 πρόσωπα
856 5263 1059 5329 ταῦταλ
1096 5265 1126 5318 ὁ
1159 5263 1372 5333 Πατὴρ,
1401 5266 1429 5316 ὁ
1461 5262 1616 5327 Υἱὸς,
1661 5264 1759 5316 καὶ
1798 5264 1861 5317 τὸ

285 5357 512 5427 Πνεῦμα
550 5355 733 5420 οὐσία,
766 5355 860 5407 καὶ
891 5353 1075 5419 οὐσία,
1119 5353 1217 5406 καὶ
1262 5352 1422 5406 οὐσία
1477 5352 1608 5406 ὄντα
1655 5370 1714 5405 τε
1765 5353 1861 5406 καὶ

282 5451 574 5519 λεγόμενα,
590 5447 770 5517 πάσης
794 5447 1057 5518 διαφορᾶς
1084 5445 1206 5500 καθ’
1236 5444 1304 5516 ῆν
1326 5444 1512 5508 οὐσίας
1534 5446 1693 5499 οὐσία
1719 5445 1858 5499 διαι-

287 5547 480 5615 ρεῖται,
510 5540 842 5594 ἀνεπίδεκτά
862 5542 972 5594 εἰσι
989 5537 1290 5601 παντελῶς.
1324 5532 1448 5590 Εἶεν
1475 5535 1521 5589 δ’
1574 5537 1643 5591 ἂν
1666 5538 1723 5591 αἰ
1758 5537 1859 5603 τὰς

285 5637 472 5698 οὐσίας
501 5632 756 5703 ἀλλήλων
786 5631 1102 5703 διαιροῦσαι
1130 5629 1394 5701 διαφοραὶ
1442 5631 1505 5682 τὸ
1539 5628 1733 5699 θνητὸν
1765 5631 1861 5683 καὶ

283 5725 566 5789 ἀθάνατον,
611 5721 676 5774 τὸ
733 5719 950 5788 λογικὸν
1000 5719 1098 5773 καὶ
1158 5718 1374 5786 ἄλογον,
1437 5718 1531 5770 καὶ
1587 5715 1687 5769 σὺν
1728 5715 1856 5769 πολ-

285 5816 388 5877 λοῖς
421 5814 607 5876 ἄλλης
637 5811 700 5864 τὸ
727 5810 946 5865 κτιστδν
982 5812 1082 5864 καὶ
1116 5808 1398 5876 ἄκτιστον,
1432 5808 1498 5879 ἦν
1548 5807 1615 5878 δὴ
1660 5806 1858 5878 διαφοε

290 5909 379 5976 pinv
416 5906 505 5959 καί
530 5904 750 5976 Ἄρειος
782 5900 878 5968 ἐπὶ
918 5904 1019 5979 τῆς
1053 5901 1215 5973 ἁγίας
1257 5901 1486 5981 Τριᾶιδος
1532 5900 1856 5978 πρεσϐεύων

1971 4709 2149 4763 sentia
2196 4706 2379 4772 Pater,
2412 4708 2651 4778 perfecta
2683 4708 2922 4763 essentia
2975 4717 3028 4761 et
3087 4705 3278 4768 Filius,
3332 4706 3613 4776 perfecta.

1968 4801 2209 4857 essentia
2251 4811 2304 4855 ct
2340 4801 2578 4871 Spiritus
2612 4811 2836 4859 sanctus
2869 4818 2979 4855 non
3021 4802 3154 4865 sint,
3194 4809 3251 4854 et
3294 4801 3568 4864 dicantur,

1966 4892 2060 4946 sed
2080 4894 2227 4961 quod
2249 4903 2361 4948 tres
2380 4893 2496 4949 ista:
2537 4909 2808 4960 personae,
2831 4894 3009 4958 Pater,
3031 4890 3230 4957 Filius,
3251 4901 3304 4946 et
3325 4892 3568 4961 Spiritus

1963 4984 2223 5047 essentia,
2238 4994 2292 5038 et
2307 4987 2572 5049 essentia,
2587 4993 2642 5040 et
2657 4985 2895 5040 essentia
2911 5000 3036 5040 cum
3060 4985 3193 5052 sint,
3211 4994 3265 5040 et
3290 4985 3567 5040 dicantur.

1965 5075 2332 5130 differentiam
2361 5092 2603 5137 omnem,
2630 5078 2700 5131 ob
2739 5092 2905 5147 quam
2945 5078 3185 5131 essentia
3212 5076 3282 5132 ab
3314 5075 3556 5132 essentia

1964 5172 2161 5233 dill'ert,
2186 5170 2360 5224 modis
2390 5171 2647 5226 omnibus
2670 5180 2947 5240 respuant.
3001 5168 3332 5224 Dillerentia:
3361 5176 3564 5226 autem.

1967 5277 2090 5329 qum
2123 5261 2419 5316 essentiam
2447 5261 2518 5315 ab
2546 5262 2784 5317 essentia
2821 5260 3040 5316 dilierre
3078 5262 3304 5321 faciunt,
3334 5258 3567 5314 mortale

1964 5365 2018 5406 et
2052 5354 2389 5415 immortale,
2423 5353 2650 5408 ratiunis
2684 5369 2911 5423 compos
2971 5363 3025 5407 et
3057 5367 3279 5422 expers,
3340 5359 3393 5405 et
3450 5356 3583 5418 przn'

1962 5447 2147 5500 multis
2169 5447 2291 5501 aliis
2329 5458 2571 5502 creatum
2599 5457 2653 5501 et
2690 5446 3001 5502 increatum
3041 5455 3191 5508 sunt,
3215 5459 3377 5515 quam
3401 5440 3561 5497 dill‘e-
3592 5491 3597 5495 .

1963 5536 2195 5591 rentiam
2235 5537 2291 5591 in
2315 5538 2499 5593 divina
2528 5537 2728 5592 Triade
2766 5537 2930 5592 Arius
2956 5552 3161 5608 ponere
3186 5534 3559 5604 deprehensus

1958 5638 2064 5691 est,
2100 5629 2172 5684 ob
2202 5646 2363 5700 quam
2410 5631 2612 5685 Nicmni
2675 5629 2865 5684 Patres
2920 5628 3089 5685 coacti
3144 5633 3295 5690 sunt,
3347 5634 3400 5680 et
3461 5627 3531 5682 ad

1969 5735 2136 5791 quam
2162 5721 2551 5776 eliminandam
2577 5736 2674 5775 sua
2711 5734 2941 5788 posuere
2970 5717 3171 5779 studia,
3208 5730 3371 5771 voces
3424 5716 3549 5772 has-

1927 5829 2041 5875 .ce,
2081 5832 2101 5864 ι
2134 5829 2469 5879 una,unum,
2500 5824 2554 5867 et
2579 5827 2674 5882 per
2700 5809 2884 5866 omnia
2916 5807 3099 5864 simile
3139 5827 3157 5859 ι
3191 5808 3552 5882 prmdicantcs

1962 5906 2025 5968 dc
2051 5908 2318 5972 essentia,
2346 5921 2466 5983 quae
2499 5905 2676 5959 tzibus
2726 5902 2975 5979 personis
3002 5913 3240 5966 constat.
3289 5901 3356 5965 Et
3416 5914 3548 5961 vera
