4002 6476
427 387 522 469 3.51

1444 393 1658 456 JOAN'.
1702 392 1913 451 \‘ECCI
1961 390 2065 447 CP.
2118 390 2633 450 PATRIARCHIE

3584 393 3705 454 352

426 503 645 571 quidem
671 502 828 567 ratio,
854 512 1079 572 propter
1097 517 1261 574 quam
1297 505 1458 559 trium
1485 518 1866 573 personarum.
1897 501 2012 555 sive

2130 499 2285 564 ἑάλω,
2316 499 2386 553 δι’
2417 503 2484 568 ἣν
2511 504 2605 556 καὶ
2628 505 2678 556 ot
2704 505 2762 556 ἐν
2787 503 2999 577 Νικαίᾳ
3023 504 3267 576 Πατέρες
3296 503 3699 575 ἡθροίσθησαν,

423 592 589 645 trium
616 592 977 663 bypostaseon
1000 593 1235 651 essentia
1271 596 1473 651 dicitur
1490 610 1619 660 una,
1642 596 1754 648 haec
1774 603 1877 648 est.
1906 592 2008 645 Sed

425 684 662 755 Cyprius
693 685 745 737 in
777 700 997 739 causam
1027 697 1080 738 et
1112 694 1397 741 causalum
1424 684 1746 739 divisionem
1771 682 2002 739 etdlll‘e-

428 775 687 836 rentiam,
723 783 981 841 tanquam
1023 789 1186 827 unam
1217 789 1281 826 ex
1326 772 1646 827 differentiis
1694 789 2005 835 assumens.

427 877 645 935 prepter
678 882 813 933 quas
855 881 960 917 una
986 866 1216 918 essentia
1243 864 1310 919 ab
1333 865 1435 918 alia
1461 865 1662 927 dilI'ert,
1692 881 1853 918 unam
1882 882 2006 919 esse

426 960 587 1010 trium
612 972 967 1024 personarum
996 957 1287 1010 essentiam
1323 956 1535 1016 deﬁnit,
1564 957 1633 1009 ita
1672 966 1730 1009 ut
1755 972 1928 1026 neque
1958 959 2009 1010 in

424 1064 645 1102 catISum
668 1059 721 1103 et
740 1058 1020 1101 ransatum
1041 1048 1395 1101 dilTerentiam
1416 1048 1683 1109 admittat,
1702 1064 1822 1118 quae
1843 1050 2014 1102 mani-

426 1140 558 1193 festa
580 1141 828 1208 deceptio
842 1149 946 1194 est.
972 1138 1155 1209 Neque
1177 1140 1317 1193 enim
1347 1141 1397 1194 in
1419 1154 1639 1193 causam
1662 1150 1713 1193 et
1734 1149 2010 1193 rausatum

425 1231 728 1285 dilTert-ntia
751 1232 1004 1285 essentia!
1024 1231 1379 1285 dim-rentiam
1404 1231 1628 1293 inducit,
1651 1232 1741 1286 sed
1763 1247 2018 1298 persona-

429 1338 574 1386 rum,
613 1324 916 1378 secundum
943 1324 1086 1393 quod
1119 1339 1282 1378 causa
1328 1334 1382 1377 et
1412 1333 1693 1377 causatum
1733 1324 2012 1386 dili'erunt.

427 1433 553 1469 enm
580 1431 757 1469 :amen
785 1432 945 1470 unam
966 1419 1319 1485 eannlemque
1346 1426 1595 1469 naturam
1628 1431 1690 1469 ac
1719 1417 2011 1470 essentiam

429 1518 783 1562 conservent.
816 1508 970 1573 Quod
1004 1510 1048 1561 si
1084 1508 1392 1561 testimonia
1441 1506 1566 1561 item
1607 1506 2011 1576 Scripturarum

432 1616 491 1655 re
508 1601 683 1666 miris.
710 1600 1003 1669 Gregorius
1024 1598 1430 1671 Nysseensium,
1466 1615 1527 1653 ac
1546 1598 1715 1654 totius
1743 1607 2011 1653 terrarum

407 1689 582 1745 .orbis
612 1690 815 1754 lumen,
848 1691 901 1744 in
952 1690 1230 1745 tradendis
1261 1688 1611 1758 dogmatibus
1661 1690 2018 1761 praeclarissi-

433 1798 592 1845 mns,
651 1783 1139 1838 consubstantialis
1184 1782 1609 1851 coniunctiones
1661 1781 2014 1851 expresserit,

440 1891 560 1941 quat:
586 1875 853 1929 divisione
886 1876 938 1928 in
964 1889 1186 1930 causam
1215 1883 1269 1928 et
1317 1883 1603 1927 causatum
1642 1872 1794 1926 nullo
1855 1872 2018 1925 modo

434 1967 723 2029 ltelnntur.
752 1983 877 2022 cum
908 1967 1078 2024 dicit:
1115 1967 1199 2020 «In
1233 1966 1433 2034 quibus
1460 1980 1555 2035 per
1583 1963 1770 2018 omnia
1805 1971 2018 2018 natura:

434 2073 462 2111 ε
488 2058 615 2113 mile
663 2063 1006 2120 contuentes.
1036 2057 1419 2122 dill‘erentiam,
1447 2072 1569 2127 qum
1597 2063 1679 2111 est
1719 2055 2013 2110 secundum

432 2164 654 2202 rausain
685 2158 740 2202 ct
773 2158 1079 2211 causatum,
1102 2165 1208 2201 non
1236 2148 1564 2202 inliciamur.
1604 2166 1622 2199 ι

2115 587 2182 656 ἦν
2226 590 2320 642 καὶ
2370 590 2729 662 ἀναιροῦντες
2775 592 2979 664 πολλὴν
3008 593 3343 657 ἐνεδείξαντο
3371 591 3471 663 τὴν
3524 608 3702 644 σπου-

2114 680 2235 749 δὴν,
2275 686 2375 744 τὰς
2407 682 2592 748 φωνὰς
2619 683 2848 749 ταύτας,
2879 685 2940 737 τὸ
2967 685 3099 755 μία,
3133 684 3195 738 τὸ
3222 683 3315 746 ἐν,
3341 683 3402 736 τὸ
3421 682 3703 750 ἀπαράλ-

2115 775 2348 824 λακτον
2396 772 2497 841 τῆς
2556 776 2994 843 τρ.συποστάτου
3054 778 3439 846 κατηγορῆσαι
3477 776 3698 837 οὐσίας.

2129 863 2187 914 Ὀ
2224 862 2322 932 μὲν
2355 863 2418 933 δὴ
2450 863 2655 935 ἀληθὴς
2681 865 2840 929 λόγος
2871 866 2996 919 καθ’
3045 866 3105 920 ὃν
3153 868 3251 937 μία
3292 868 3325 937 ἡ
3368 866 3481 918 τῶν
3528 865 3709 934 τριῶν

2116 956 2422 1022 προσώπων
2447 958 2883 1027 τρισυπόστατος
2918 957 3249 1027 θεοὶιογείται
3279 957 3459 1012 οὐσία.
3522 950 3700 1021 Οὗτος

2115 1046 2365 1117 Κύπριος
2407 1046 2486 1113 δὲ,
2542 1049 2641 1120 τὴν
2701 1051 2781 1113 εἰς
2836 1049 3011 1103 αἴτιον
3046 1051 3139 1104 καὶ
3184 1050 3432 1103 αίτιατδν
3488 1050 3700 1117 διαίρε-

2118 1154 2204 1190 σιν
2264 1138 2445 1190 αὐτῶν
2501 1140 2597 1193 καὶ
2648 1140 2913 1209 διαφοράν
2953 1141 3029 1203 ὡς
3075 1142 3206 1211 μίαν
3265 1141 3377 1195 τῶν
3416 1140 3705 1210 διαφορῶν

2117 1222 2511 1295 ἐκλαμϐάνων,
2544 1229 2669 1282 καθ’
2699 1231 2765 1296 ἃς
2791 1232 2945 1284 οὐσία
2981 1250 3065 1295 τις
3098 1232 3286 1294 οὐσίας
3317 1230 3466 1294 τινὸς
3509 1231 3710 1296 διαφέ-

2120 1335 2223 1388 ρει,
2254 1317 2401 1371 οὕτω
2432 1321 2562 1387 μίαν
2583 1319 2720 1376 εἶναι
2744 1326 2843 1393 τὴν
2863 1325 2971 1377 τῶν
2989 1324 3156 1394 τριῶν
3176 1322 3486 1393 προσώπων
3511 1322 3710 1375 οὐσίαν

2115 1411 2437 1482 διορίζεται,
2486 1417 2562 1479 ὡς
2621 1417 2757 1487 μηδὲ
2811 1418 2912 1485 τὴν
2959 1417 3040 1479 είς
3094 1416 3271 1470 αἴτιον
3317 1416 3411 1469 καὶ
3455 1391 3738 1469 αίτιατὸί

2116 1503 2382 1572 διαίρεσιν
2410 1508 2786 1577 ἐπιδέχεσθαι,
2839 1510 2977 1579 ὅπερ
3018 1508 3304 1578 προφανής
3351 1510 3469 1560 ἐστι
3518 1523 3710 1576 παρα-

2116 1595 2394 1665 λογισμός.
2429 1599 2505 1651 Οὐ
2537 1599 2645 1667 γὰρ
2676 1602 2759 1662 είς
2786 1602 2960 1655 αίτιον
2983 1600 3077 1654 καὶ
3125 1599 3373 1653 αἰτιατὺν
3432 1599 3712 1668 διαίρεσις

2121 1686 2313 1751 οὐσίας
2340 1689 2637 1760 διαφόρους
2670 1695 2833 1756 ποιεῖ,
2871 1691 3009 1745 ἀλλὰ
3057 1693 3374 1758 προσώπων
3405 1689 3707 1758 διαφοράν,

2121 1780 2242 1831 κατ’
2277 1780 2411 1833 αὐτὸ
2440 1782 2539 1851 μὲν
2572 1782 2733 1836 τοῦτο
2757 1784 2818 1837 τὸ
2852 1783 3029 1836 αἴτιον
3087 1784 3184 1837 καὶ
3218 1781 3467 1837 αἰτιατδν
3512 1782 3714 1849 διαφε-

2127 1869 2350 1940 ρόντων,
2398 1875 2708 1943 ὁμοουσίων
2746 1874 2805 1928 δὲ
2846 1874 3196 1946 τηρουμένων
3249 1875 3346 1927 καὶ
3417 1871 3710 1940 ὁμοφυῶν.

2126 1963 2189 2015 Εἰ
2224 1961 2281 2015 δὲ
2308 1965 2403 2017 καὶ
2431 1967 2739 2039 μαρτυρίας
2767 1967 2848 2019 δεῖ
2871 1967 2953 2020 σοί
2978 1985 3125 2030 τινος
3152 1966 3261 2020 ἀπὸ
3290 1965 3399 2018 τῶν
3440 1963 3712 2034 Γραφῶν,

2126 2056 2166 2108 Γ
2172 2061 2429 2128 ρηγόριος
2464 2061 2491 2112 ὁ
2528 2060 2639 2112 τῶν
2670 2062 2992 2125 Νυσσαέων,
3031 2063 3129 2115 καὶ
3165 2063 3347 2130 πάσης
3381 2059 3481 2128 τῆς
3526 2059 3714 2112 οἰκου-

2128 2151 2297 2220 μένης
2324 2152 2550 2222 φωστὴρ
2578 2153 2808 2225 διαυγὴς
2838 2156 2934 2206 ἐπὶ
2969 2154 3228 2223 δόγμασι,
3260 2154 3362 2215 τὰς
3388 2149 3483 2204 τοῦ
3511 2151 3716 2219 ὁμοου-

435 2244 550 2312 σίου
580 2245 929 2314 παραστήσει
999 2244 1281 2315 συνάψεις,
1332 2245 1502 2317 μηδέν
1538 2262 1593 2297 τι
1664 2218 1815 2314 παρᾶ
1844 2242 1945 2314 τὴν
1996 2243 2079 2308 εἰς
2117 2218 2299 2299 αίτίαν
2332 2218 2428 2301 παὶ
2488 2218 2734 2301 α’ίτιατδν
2765 2218 2776 2225 υ
2813 2218 3195 2318 βλαπτομένας
3234 2243 3523 2314 διαίρεσιν,
3554 2218 3624 2292 τὸ
3654 2241 3717 2292 ἐν

432 2332 514 2399 οἷς
575 2339 634 2389 τὸ
663 2337 1106 2405 ἀπαράλλακτον,
1142 2356 1161 2390 ι
1188 2337 1360 2404 λέγει,
1397 2356 1414 2387 ι
1449 2336 1844 2407 ὁμολογοῦντες
1879 2335 1978 2406 τῆς
2015 2333 2257 2404 φύσεως,
2283 2338 2380 2409 τὴν
2431 2341 2574 2394 κατὰ
2601 2341 2664 2393 τὸ
2695 2338 2873 2393 αἴτιον
2907 2338 3004 2394 καὶ
3034 2338 3282 2392 αίτιατὸν
3310 2332 3579 2405 διαφορὰν
3605 2332 3716 2385 οὐκ

433 2428 773 2500 ἀρνούμεθα.
810 2448 829 2480 ι

508 2519 593 2573 lt).
628 2518 805 2573 llabes
841 2519 952 2588 jam
1010 2520 1276 2576 rationem
1312 2521 1559 2578 absolute
1595 2522 1691 2577 tibi
1740 2521 2019 2588 traditam,

437 2612 585 2662 ttndc
636 2608 717 2669 lit,
749 2621 807 2664 ut
836 2609 1072 2680 Cyprius
1113 2613 1416 2682 permultos
1458 2613 1510 2665 in
1544 2610 1790 2666 fraudem
1832 2611 2016 2682 depel-

437 2703 535 2766 lat,
563 2717 685 2755 cum
746 2711 1024 2770 paternam
1070 2705 1366 2759 essentiam
1414 2719 1580 2760 causa
1639 2705 1858 2773 spoliat.
1893 2703 2008 2771 Age

436 2808 584 2847 nunc
611 2809 739 2847 vero
801 2804 855 2849 et
894 2794 1119 2864 reliquis
1175 2795 1421 2864 ejusdem
1468 2795 1735 2850 adversus
1775 2794 2014 2864 seipsum

432 2885 960 2940 contradictionibus
1011 2886 1258 2940 animum
1319 2887 1559 2940 attende.
1594 2886 1657 2939 iln
1696 2886 1803 2939 alia
1857 2885 2018 2954 primi

435 2975 573 3029 tnini
613 2987 782 3041 parte,
818 2993 941 3030 cum
985 2977 1062 3032 illi
1094 2978 1271 3032 visum
1318 2978 1512 3034 fuisset
1546 2977 1841 3032 dictionem
1890 2992 2021 3046 pro-

434 3068 702 3122 crssionis
735 3071 1049 3140 nescio'qua
1076 3072 1285 3125 ratione
1336 3071 1390 3125 in
1449 3086 1672 3125 sensum
1724 3086 1912 3125 verum
1957 3085 2022 3124 ac

2225 2523 2276 2571 ι’.
2320 2518 2505 2589 Ἔχεις
2535 2519 2626 2571 τὸν
2650 2518 2809 2589 λόγον
2842 2520 3072 2582 ἐντελῶς
3121 2519 3222 2590 ἤδη
3251 2517 3585 2571 άποδοθέντα
3618 2534 3711 2570 σοι

2125 2609 2328 2662 ὁπόθεν
2358 2611 2485 2674 τοὺς
2515 2611 2748 2675 πολλοὺς
2779 2610 3246 2681 παραλογίζεσθαι
3276 2610 3514 2678 Κυπρίῳ
3534 2625 3718 2679 προσ-

2125 2702 2363 2768 γίνεται,
2395 2702 2480 2770 se‘
2510 2698 2595 2764 οἷς
2620 2703 2719 2773 τὴν
2755 2703 3031 2773 πατρικὴν
3062 2701 3254 2754 οὐσίαν
3286 2702 3606 2770 ἀφαιρεῖται
3650 2701 3717 2752 τὸ

2125 2793 2323 2846 αἴτιον.
2358 2793 2533 2864 Δεῦρο
2562 2794 2625 2863 δὴ
2661 2790 2756 2848 οὖν
2788 2798 2884 2848 καὶ
2916 2796 3038 2858 ταῖς
3074 2794 3157 2846 ἔτι
3191 2793 3552 2863 λειπομέναις
3606 2791 3717 2843 αὑ-

2124 2881 2222 2935 τοῦ
2257 2884 2381 2936 καθ’
2418 2884 2615 2937 ἑαυτοῦ
2668 2884 3022 2939 ὲναντιώσεσι
3069 2884 3329 2953 πρόσεχε.
3387 2883 3476 2934 Ἐν
3535 2881 3719 2951 ἑτέρῳ

2127 2973 2221 3028 οὖν
2251 2973 2347 3027 τοῦ
2390 2975 2610 3045 πρώτου
2653 2977 2822 3046 τόμου
2864 2974 3032 3028 αὐτοῦ
3067 2974 3222 3045 μέρει
3250 2973 3410 3040 δόξαν
3463 2973 3564 3027 οὐκ
3610 2970 3720 3026 οἷδ’

2127 3066 2275 3127 ὅπως
2307 3064 2457 3134 αὐτῷ
2487 3067 2588 3136 τὴν
2640 3067 2742 3136 τῆς
2774 3065 3157 3136 ἐκπορεύσεως
3189 3063 3336 3130 λέξιν
3367 3063 3449 3127 είς
3495 3064 3719 3116 ἔννοιαν

438 3171 647 3216 rectum
693 3164 962 3232 accipere,
1019 3163 1107 3218 illa
1167 3163 1234 3217 de
1284 3162 1525 3218 dictione
1574 3163 1873 3230 discernit,
1906 3177 2022 3231 quae

2131 3157 2459 3211 ἑκλαδέσθαι
2503 3160 2604 3227 τὴν
2661 3157 2860 3226 ἀληθῆ,
2918 3159 3102 3210 ἐκεῖνα
3153 3156 3284 3223 περὶ
3345 3154 3447 3224 τῆς
3496 3154 3714 3220 λέξεως

436 3255 742 3323 propalam,
794 3264 848 3308 ct
879 3270 1042 3324 quam
1081 3254 1531 3312 manifestissime
1586 3251 1808 3307 modum
1844 3254 2018 3323 ipsam

434 3347 773 3402 exsistcntiae
821 3362 965 3410 esse,
1022 3356 1076 3402 et
1129 3347 1515 3417 proprietatem
1562 3344 1826 3416 Spiritum
1879 3345 2023 3399 desi-

442 3453 697 3508 gnantcm
752 3441 1133 3508 comprobant.
1182 3438 1384 3493 Scribit
1437 3438 1707 3507 siquidem
1765 3436 1818 3490 in
1888 3436 2022 3490 tomi

439 3531 715 3603 prricOpis
744 3531 944 3586 alicubi
972 3550 983 3583 :
1017 3548 1034 3581 ι
1066 3529 1223 3597 Quod
1257 3545 1387 3585 vero
1436 3544 1613 3599 neque
1672 3529 1799 3583 inde
1830 3544 2025 3599 proce—

445 3623 571 3688 dyre
603 3622 783 3683 habet.
829 3638 1003 3691 neque
1032 3622 1302 3690 generari,
1326 3636 1505 3692 neque
1533 3622 1695 3676 etiam
1721 3620 1935 3677 dicetur
1957 3635 2021 3674 ex

444 3710 604 3764 Patre
634 3713 1012 3766 exsistentiam
1052 3713 1273 3778 habere,
1311 3726 1488 3784 neque
1522 3711 1739 3766 Patrem
1781 3711 1865 3764 sui
1905 3726 2027 3777 pos-

447 3801 645 3856 sidebit
698 3803 942 3856 naturale
974 3802 1300 3872 principium
1333 3812 1386 3857 et
1435 3816 1682 3865 causam,
1720 3815 1845 3855 cum
1902 3801 2028 3854 inde

448 3910 623 3961 neque
646 3905 953 3963 generetur,
986 3912 1161 3964 neque
1188 3895 1465 3965 procedat.
1493 3910 1615 3964 qua:
1636 3902 1765 3950 sunt
1794 3893 2028 3963 prOpria:

447 4002 514 4040 ex
541 3987 631 4040 illo
652 3986 1163 4042 EXSiSlettliiBIIOIIB.
1198 4006 1216 4039 ι
1254 3985 1317 4039 Ει
1350 3987 1537 4053 paucis
1576 3985 1844 4038 annexis:
1878 4001 1895 4033 ι
1933 3979 2028 4032 Vi-

448 4077 674 4131 deamus
730 4076 913 4143 itaque
967 4079 1210 4131 divinum
1272 4075 1558 4146 Cyrillum,
1593 4089 1887 4143 quamnant
1943 4074 2030 4126 ille

448 4153 658 4227 notam,
687 4167 826 4232 quod
849 4164 1017 4219 Filius
1046 4180 1109 4217 ex
1148 4164 1305 4218 Patre
1329 4165 1417 4229 sit,
1449 4164 1726 4235 assignet?
1758 4178 1861 4216 non
1897 4163 2030 4217 locis

445 4253 505 4306 in
560 4255 815 4308 omnibus
870 4255 1295 4324 generationem.
1380 4253 1518 4321 Quid
1569 4270 1698 4308 vero
1757 4251 2033 4322 Spiritus?

404 4394 419 4415 χ
449 4340 568 4395 Non
601 4344 803 4412 ubique
836 4343 1242 4413 proccssinnem
1285 4351 1337 4395 et
1387 4344 1702 4411 procedere.
1742 4363 1761 4394 ι
1802 4341 1867 4395 Et
1915 4342 2030 4396 haec

448 4434 518 4487 de
536 4436 880 4503 processiOne
914 4435 1086 4504 primo
1120 4443 1266 4489 tomo
1296 4436 1510 4504 digerit,
1565 4434 1694 4504 quid
1749 4449 1913 4502 porro
1945 4447 2032 4487 se-

2130 3250 2385 3316 διέξεισιν
2423 3252 2458 3306 ἃ
2492 3250 2806 3323 προφανῶς,
2858 3252 2955 3306 καὶ
2990 3252 3132 3307 πάνυ
3169 3268 3234 3320 γε
3266 3251 3543 3323 ἁριδήλως
3579 3252 3720 3320 τρι.

2131 3358 2234 3395 πον
2263 3341 2437 3413 αὐτὴν
2468 3342 2761 3412 ὑπάρξεως
2807 3344 2902 3395 καὶ
2956 3340 3463 3415 χαρακτηριστικὸν
3511 3338 3724 3409 ἰδίωμα

2132 3425 2448 3502 παριστῶσι
2480 3433 2578 3487 τοῦ
2614 3433 2955 3504 Πνεῦματος.
2998 3435 3165 3502 Λέγει
3197 3434 3303 3505 γάρ
3335 3449 3439 3485 που
3472 3432 3581 3485 τῶν
3612 3432 3720 3484 τοῦ
3752 3438 3757 3441 ’

2130 3527 2302 3595 τόμου
2332 3526 2646 3597 περικοπῶν
2670 3524 2871 3590 οὕτως·
2913 3546 2932 3578 ι
2966 3528 3034 3580 Ὃ
3067 3527 3127 3580 δὲ
3163 3528 3288 3596 μήτ’
3310 3523 3722 3594 ἐκπορεύεσθαι

2134 3619 2344 3673 ικεϊθεν
2373 3618 2509 3687 ἔχοι,
2553 3620 2691 3687 μήτε
2741 3617 3060 3687 γεννᾶσθαι,
3094 3615 3204 3670 οὐδ’
3247 3616 3314 3671 ἂν
3362 3616 3461 3669 καὶ
3500 3617 3566 3668 ὲκ
3615 3614 3721 3666 τοῦ

2137 3709 2352 3779 [ἰατρὸς
2403 3707 2619 3778 λέγοιτο
2670 3710 2816 3780 ἔχειν
2871 3710 2972 3780 τὴν
3020 3708 3282 3777 ὓπαρξιν,
3328 3706 3452 3762 οὐδέ
3500 3724 3565 3775 γε
3620 3707 3753 3759 τὸν·

2135 3801 2358 3871 Πατέρα
2384 3802 2645 3873 πλουτείη
2679 3802 2919 3871 φυσικὴν
2946 3799 3123 3871 ἀρχὴν
3147 3801 3243 3854 καὶ
3273 3800 3476 3864 αἰτίαν,
3499 3799 3721 3853 ἐκεῖθεν

2138 3896 2213 3963 μὴ
2236 3894 2598 3962 γεννώμενον,
2626 3891 2753 3963 μηδ’
2776 3893 3217 3963 ἐκπορευόμενον
3247 3893 3316 3946 τά
3347 3885 3721 3964 γνωρίσματα

2134 3985 2234 4052 τῆς
2271 3983 2479 4035 ἐκεῖθεν
2511 3983 2801 4052 ὑπάρξεως
2836 3998 2851 4014 ο
2889 4002 2909 4036 ι
2952 3984 3050 4039 καὶ
3102 3984 3220 4052 μετ’
3250 3984 3412 4051 ὀλίγα
3454 4000 3471 4015 °
3510 4002 3528 4034 ι
3571 3980 3747 4038 Οιὶοτιι-¹

2136 4071 2229 4125 οῦν
2269 4071 2471 4141 ἴδωμεν
2520 4072 2615 4124 καὶ
2669 4069 2943 4140 Κύριλλον
2971 4073 3064 4125 τὸν
3096 4070 3241 4125 θεῖον
3266 4071 3423 4124 ποῖόν
3470 4088 3525 4126 τι
3571 4073 3722 4138 γνὼ-

2141 4178 2312 4229 ρισμα
2341 4161 2435 4213 τοῦ
2472 4157 2616 4215 εἶναι
2655 4160 2747 4215 τὸν
2774 4160 2905 4215 Υἱδν
2948 4161 3014 4216 ὲκ
3057 4160 3153 4215 τοῦ
3200 4160 3417 4232 Πατρὸς
3473 4162 3716 4233 τίθησιν.

2137 4251 2214 4307 Οὐ
2241 4253 2519 4322 πάνταχοῦ
2560 4252 2657 4322 τὴν
2680 4252 2978 4323 γέννησινς
3007 4253 3063 4307 τί
3110 4253 3169 4307 δὲ
3216 4253 3308 4306 τοῦ
3355 4253 3716 4323 Πνεῦματοςς

2138 4347 2213 4400 Οὐ
2264 4345 2543 4416 πανταχοῦ
2589 4348 2688 4418 τὴν
2738 4349 3092 4415 ὲκπόρευσιν,
3143 4347 3241 4401 καὶ
3297 4349 3360 4400 τὸ
3409 4348 3721 4418 ἐκπορεύε-

2140 4436 2302 4503 σθαι;
2344 4457 2363 4489 ι
2396 4437 2583 4491 Ταῦτα
2617 4437 2747 4508 περὶ
2773 4437 2874 4507 τῆς
2903 4436 3286 4507 ἔκπορεύσεως
3316 4439 3375 4489 ὲν
3404 4436 3482 4505 τῷ
3507 4436 3716 4508 πρώτῳ

446 4525 666 4579 ωηιιοῖ
695 4544 714 4576 ι
747 4524 897 4580 Licet
924 4527 1091 4591 enim‘,
1123 4545 1141 4578 ι
1175 4527 1272 4587 ait.
1298 4544 1315 4576 ι
1345 4534 1398 4579 et
1422 4540 1516 4594 per
1546 4526 1742 4579 Filium
1770 4523 2022 4593 Spiritum

2138 4527 2355 4593 διεξιὼν
2384 4525 2553 4580 αὐτοῦ
2586 4527 2760 4597 τόμῳ,
2789 4528 2847 4579 ὲν
2881 4526 2940 4580 δὲ
2980 4528 3059 4596 τῷ
3083 4527 3326 4596 δευτέρῳ
3359 4540 3375 4555 ’
3439 4543 3458 4576 ι
3497 4525 3559 4577 Εί
3606 4528 3720 4596 γὰρ

450 4621 746 4687 procedere
771 4628 1043 4682 sanctum,
1074 4632 1103 4671 a
1133 4618 1408 4672 nonnullis
1427 4619 1635 4671 sanctis
1672 4618 1878 4683 scripto
1913 4623 2034 4669 tra-

452 4708 626 4762 ditum
662 4711 756 4773 sit,
787 4710 957 4763 dictio
983 4710 1033 4763 in
1066 4710 1451 4779 sempiternam
1476 4708 1894 4769 exhibitionem,
1924 4720 2032 4760 non

453 4800 508 4854 in
542 4800 916 4855 exsistentiam
972 4801 1186 4869 prOprie
1247 4802 1472 4855 denotat
1532 4798 1968 4868 processionem.
2007 4815 2026 4847 ι

458 4886 628 4944 Plane
684 4893 769 4944 hic
816 4892 1012 4944 similia
1076 4893 1349 4955 scribens,
1405 4892 1734 4958 homonyma
1794 4888 2037 4943 dictione

454 4984 780 5040 sententiam
824 4985 1061 5051 invertit,
1116 4995 1171 5039 et
1217 5002 1245 5037 a
1297 4984 1522 5054 proprio
1573 4995 1674 5036 suo
1724 4981 2034 5050 signiﬁcatu

454 5078 703 5132 retrahit.
735 5075 801 5131 Et
843 5076 1074 5148 Cyprius
1139 5076 1361 5146 quidem
1409 5078 1543 5134 hate,
1580 5084 1636 5129 tu
1685 5087 1817 5127 vero
1865 5075 2037 5143 quid?

442 5168 594 5239 ‘Nnm
627 5169 787 5223 etiam
814 5169 868 5223 in
901 5169 1003 5225 hoc
1033 5170 1389 5237 semetipsum
1440 5165 1768 5235 redarguere
1802 5179 1830 5217 a
1866 5175 1917 5219 te
1938 5165 2036 5219 de-

458 5262 831 5330 prehenditur,
861 5263 955 5331 qui
983 5277 1129 5315 nunc
1152 5260 1530 5315 exsistentiain
1570 5268 1623 5313 et
1650 5258 2036 5328 proprietatem

459 5353 696 5423 Spiritus
755 5357 1097 5421 comprobat,
1166 5369 1311 5406 nunc
1359 5352 1624 5405 multilida
1690 5350 2036 5418 ltomonymia

458 5448 741 5518 deturpat;
778 5463 844 5501 an
865 5446 1009 5500 aliud
1035 5446 1310 5514 quidpiam
1338 5445 1431 5498 tibi
1463 5443 1711 5497 videtur?
1743 5441 1859 5496 Non
1892 5441 2038 5496 aliud

463 5538 610 5592 dices
641 5538 760 5592 haec
790 5553 911 5592 esse
938 5538 1155 5606 opinor,
1187 5552 1349 5604 quam
1384 5551 1414 5589 ιι
1445 5536 1738 5603 semetipso
1787 5532 2038 5603 redargui

461 5627 742 5700 Cyprium,
763 5631 806 5685 si
838 5631 997 5682 modo
1020 5628 1183 5682 dictio
1197 5629 1384 5681 eadem
1408 5636 1460 5681 et
1486 5626 1658 5692 deiis,
1682 5640 1803 5695 quae
1823 5625 2041 5678 diversa

468 5733 590 5771 cum
625 5721 760 5783 sint,
785 5733 895 5772 uno
921 5720 1142 5772 nomine
1182 5718 1594 5786 exprimuntur,
1623 5725 1677 5770 et
1706 5716 1774 5769 de
1811 5716 1875 5769 iis
1916 5730 2038 5783 qua:

470 5809 851 5888 proprietatem
889 5822 1099 5876 notant,
1132 5811 1240 5865 diri
1274 5825 1513 5881 unquam
1547 5820 1746 5880 potest.

2141 4622 2234 4673 καὶ
2264 4621 2352 4674 διὰ
2376 4619 2472 4673 τοῦ
2512 4620 2666 4683 Υίοῦ,
2706 4638 2726 4672 ι
2763 4620 2921 4690 φησὶ,
2965 4637 2985 4671 ι
3020 4619 3173 4688 παρά
3224 4635 3338 4671 τισι
3380 4617 3491 4671 τῶν
3542 4619 3720 4683 ἁγίων

2138 4710 2544 4783 ἐκπορεύεσθαι
2569 4712 2631 4764 τὸ
2663 4710 2892 4780 Πνεῦμα
2920 4711 2984 4763 τὸ
3016 4710 3173 4779 ἅγιον
3198 4709 3443 4782 εἴρηται,
3488 4710 3589 4777 τὴν
3632 4709 3719 4761 είς

2139 4804 2312 4859 ἀΐδιον
2365 4801 2631 4870 έκφανσιν
2681 4804 2713 4872 ἡ
2775 4801 2921 4866 λέξις
2958 4801 3217 4865 ἐνταῦθα,
3269 4801 3331 4854 οὐ
3374 4800 3476 4870 τὴν
3521 4802 3607 4862 είς
3649 4801 3714 4852 τὸ

2139 4891 2281 4947 εῖναι
2308 4895 2573 4964 καθαρῶς
2613 4894 2903 4963 σημαίνειν
2956 4893 3211 4964 βούλεται
3245 4893 3498 4964 πρόοδον.
3537 4911 3557 4944 ›
3598 4895 3715 4946 Καὶ

2141 4982 2329 5051 σαφῶς
2362 4983 2584 5047 πάντως
2618 4986 2678 5036 ὲν
2710 4984 2789 5053 τῷ
2834 4981 3007 5037 ταῦτα
3052 4982 3236 5050 λέγειν
3285 4983 3386 5053 τὴν
3435 4982 3585 5047 λέξιν
3632 4986 3716 5043 είς

2139 5074 2458 5144 ὁμωνυμίαν
2491 5077 2834 5146 περιίστησι,
2882 5075 2978 5129 καὶ
3027 5075 3148 5143 τῆς,
3202 5076 3270 5147 ἥν
3323 5073 3545 5144 ἀληθῶς
3600 5075 3718 5145 ἔχει

2139 5166 2448 5233 δυνάμεως,
2481 5168 2688 5236 ταύτην
2720 5168 3012 5237 ἀφίστησι.
3050 5164 3214 5221 Καΐὸ
3262 5167 3366 5237 μὲν
3398 5166 3596 5221 ταῦτα.
3642 5167 3715 5219 Σὺ

2140 5257 2198 5310 δὲ
2220 5258 2274 5309 τί
2296 5257 2438 5327 φῄς;
2471 5253 2622 5328 *Αρά
2654 5274 2737 5310 σοι
2766 5258 3052 5327 ἐλέγχεται
3079 5260 3182 5310 κάν
3218 5257 3429 5320 τούτοις
3478 5259 3719 5327 ἐλέγχων

2143 5349 2337 5402 ἑαυτὸν
2364 5344 2539 5413 οὗτος,
2574 5349 2650 5410 ὡς
2680 5349 2776 5402 νῦν
2808 5350 2906 5418 μὲν
2938 5350 3018 5412 είς
3057 5347 3292 5418 ὓπαρξιν
3326 5350 3424 5402 καὶ
3472 5348 3717 5419 ἰδιότητα

2143 5437 2238 5490 τοῦ
2270 5438 2590 5507 Πνεύματος
2626 5439 2931 5509 περιιστῶν
2971 5439 3072 5509 τὴν
3119 5439 3472 5510 ὲκπόρευσιν,
3515 5438 3614 5491 νῦν
3661 5439 3718 5491 δὲ

2146 5530 2225 5592 εἰς
2253 5530 2350 5600 τὴν
2382 5530 2677 5599 πολυσχιδῆ
2728 5529 2936 5600 ταύτην
2992 5531 3226 5598 ἀπάγων
3269 5533 3633 5601 ὀμωνυμίανς
3684 5531 3717 5603 ἦ

2145 5641 2197 5676 τι
2226 5622 2412 5692 ἔτερόν
2443 5641 2525 5676 σοι
2563 5624 2741 5689 δοκεῖς
2776 5622 2948 5676 Οὐδὲν
2972 5624 3190 5694 ἕτερον,
3222 5620 3399 5694 οἶμαι,
3432 5626 3464 5696 ἢ
3497 5625 3719 5694 ἔλεγχον

2147 5712 2313 5765 αὐτοῦ
2352 5713 2475 5764 καθ’
2518 5712 2714 5765 ἑαυτοῦ
2777 5712 2953 5765 ταῦτα
3007 5714 3175 5783 ἐρεῖς,
3220 5714 3382 5787 εἴπερ
3420 5714 3566 5780 λέξις
3619 5715 3718 5767 οὐκ

2148 5805 2214 5857 ἄν
2240 5821 2369 5856 ποτε
2403 5805 2434 5871 ἡ
2460 5802 2598 5871 αὑτὴ
2631 5803 2726 5855 ἐπὶ
2752 5803 2863 5856 τῶν
2899 5804 3081 5856 αὐτῶν
3113 5805 3211 5855 καὶ
3239 5804 3575 5874 ὁμωνύμως,
3632 5804 3716 5856 οιαὶ

2152 5898 2231 5955 εἰς
2269 5896 2542 5949 mentm
2584 5893 2848 5958 ίδιὸῑητος
2874 5892 3198 5964 ὲκληφθείη.
