4002 6436
293 375 410 444 353

1438 372 1540 431 Al)
1576 369 2178 431 CONSTANTINUM
2219 370 2369 432 LIB.
2409 367 2464 432 Ι.

3474 369 3580 433 351

378 489 478 546 ια’.
514 490 611 543 Ἕν
641 485 723 540 ἔτι
755 482 1018 558 προσθεὶς
1048 483 1149 555 τῆς
1182 482 1294 536 τῶν
1343 482 1625 554 ῥηθέντων
1677 483 1881 553 ἐχόμε.

2066 484 2154 538 Η.
2187 481 2365 538 Unum
2413 489 2678 554 praeterea
2728 496 2853 538 cum
2901 483 3164 541 addidero
3211 500 3242 538 a
3309 485 3573 554 pra'dictis

292 601 396 637 νυν
427 580 751 650 ὁμοιότητος
789 577 879 630 τὸν
925 574 1086 644 λόγον
1141 572 1346 644 πέρατι
1388 571 1568 627 δώσω.
1630 572 1719 624 Ἐν
1750 574 1887 635 σταῖς

290 675 400 730 τοῦ
447 670 670 745 πρώτου
725 669 897 738 τόμου
952 667 1119 720 πάλιν
1163 667 1497 735 περικοπαῖς
1532 665 1710 732 λέγων
1744 662 1890 716 οὕτω

258 758 269 764 ’
295 760 742 835 διαπορητικῶς,
777 779 794 811 ι
825 758 950 823 Πῶς
972 757 1144 828 ἀνείη
1166 758 1311 812 κατά
1333 758 1433 828 τὴν
1462 757 1655 810 οὐσίαν
1677 755 1886 826 Πατὴρ,

299 860 332 930 ἦ
366 856 700 929 προσολεὺς,
733 852 768 924 ἢ
797 852 927 915 Υἱὸς
955 852 1049 905 καὶ
1083 847 1331 921 Πνεῦμα,
1376 849 1411 920 ἢ
1455 851 1630 902 αἴτιον
1672 848 1769 902 καὶ
1802 849 1890 901 ai-

299 950 535 1014 τιατόν;
580 966 600 998 ι
647 945 823 1007 Αὐτὸς
880 942 980 1013 μὲν
1011 941 1261 1012 φαίνεται
1302 942 1402 1011 τὴν
1445 939 1747 1011 προϐολεὺς
1799 941 1891 993 επὶ

304 1041 403 1095 τοῦ
438 1038 659 1109 [ἰατρὸς
687 1035 901 1107 φρονῶν
946 1033 1117 1100 λέξιν,
1154 1034 1217 1088 οὐ
1254 1035 1416 1104 μόνον
1439 1034 1522 1086 ὅτι
1569 1034 1659 1086 τὸν
1716 1031 1891 1085 αἴτιον

309 1133 447 1201 αὕτη
484 1129 748 1199 σημαίνει
775 1126 871 1181 τοῦ
904 1127 1244 1198 Πνεύματος,
1270 1126 1384 1181 ἀλλ’
1412 1127 1495 1180 ὅτι
1521 1128 1618 1178 καὶ
1652 1127 1732 1189 ei;
1756 1126 1892 1178 ὐπο-

308 1225 584 1292 στατικὴν
637 1216 1107 1289 ἀποκεκλήρωται
1159 1220 1402 1289 ἰδιότητα
1448 1218 1527 1288 τῷ
1568 1216 1745 1287 Πατρί
1777 1232 1792 1246 ·
1825 1215 1890 1268 σὺ

306 1317 386 1381 δὲ,
419 1316 569 1379 ﬁmo;
596 1313 656 1365 ὲν
684 1310 868 1374 ἄλλοις
891 1311 988 1364 καὶ
1019 1312 1141 1363 κατ’
1195 1310 1515 1380 ἀμφοτέρας
1573 1308 1781 1371 ταύτας
1827 1306 1893 1360 ἂν

308 1409 580 1476 ἀπονέμει
609 1403 888 1474 σημασίας
921 1405 988 1474 τῇ
1019 1402 1166 1468 λέξει
1194 1401 1376 1472 ἑαυτῷ
1400 1401 1746 1454 ἐναντιοῦται
1795 1398 1893 1452 καὶ

312 1496 667 1566 διαμάχεται,
703 1493 921 1545 σκόπει.
964 1493 1051 1545 Ἐν
1081 1493 1191 1563 γὰρ
1218 1492 1378 1563 μέρει
1412 1491 1507 1546 τοῦ
1534 1492 1701 1562 τόμου
1724 1488 1892 1544 αὑτοῦ

319 1584 455 1654 πρὸς
490 1583 618 1644 τοὺς
653 1583 747 1633 τὸν
793 1579 1022 1651 Πατέρα
1074 1581 1170 1635 τοῦ
1226 1580 1545 1651 Πνεὺματος
1583 1582 1757 1634 αἴτιον
1806 1580 1896 1635 διὰ

318 1673 411 1727 τοῦ
437 1672 569 1725 Υἱοῦ
602 1671 889 1738 λέγοντας,
920 1672 1012 1723 καὶ
1046 1670 1209 1726 τοῦτο
1237 1672 1347 1725 ἀπὸ
1393 1673 1492 1742 τῆς
1541 1691 1558 1724 ι
1594 1671 1898 1741 προϐολεὺς

327 1766 417 1819 διὰ
465 1766 634 1833 Λόγου
668 1783 688 1815 ι
761 1762 1190 1827 ἀποδεικνύντας
1237 1767 1483 1834 ρήσεως,
1540 1764 1634 1818 τὸν
1705 1767 1896 1833 ἀγῶνα

1992 573 2219 630 minime
2246 575 2547 638 diversum,
2586 576 2747 630 ﬁnem
2784 577 3023 630 orationi
3079 593 3298 646 ponam.
3330 580 3383 631 In
3416 581 3573 645 primi

1992 669 2123 722 tomi
2156 682 2351 722 rursus
2372 667 2645 738 pericopis
2674 666 2837 721 veluti
2860 667 3117 723 haesitans
3145 670 3337 726 scribit
3359 686 3403 723 ει
3437 669 3574 735 Quo-

1993 761 2156 813 modo
2175 762 2278 814 erit
2300 760 2598 815 secundum
2618 760 2911 815 essentiam
2938 763 3119 833 Pater,
3139 771 3234 814 aut
3262 765 3575 831 productor,

1992 862 2087 905 attt
2122 850 2293 905 Filius
2327 863 2382 906 et
2441 851 2699 920 Spiritus,
2735 862 2829 905 aut
2879 867 3047 905 causa
3089 859 3146 905 et
3198 856 3574 907 causatum?»

1992 943 2223 998 Videtur
2257 943 2747 1012 ipse'productoris
2781 957 2965 996 vocem
2992 945 3056 995 de
3090 944 3270 1007 Patre,
3312 959 3419 997 non
3456 953 3575 997 tan-

1992 1045 2107 1088 tum
2139 1036 2282 1104 quod
2313 1048 2538 1088 causam
2573 1036 2800 1088 denmat
2834 1033 3098 1103 Spiritus,
3126 1035 3216 1088 sed
3236 1037 3400 1088 etiam
3424 1039 3581 1103 quas“

1991 1128 2085 1182 illa
2123 1129 2190 1181 ad
2220 1126 2635 1195 signiﬁcandam
2673 1125 2856 1182 Patris
2889 1128 3272 1196 proprietatem
3324 1129 3575 1198 ltyposta-

1992 1220 2159 1274 ticam
2195 1220 2377 1288 posita
2407 1220 2497 1285 sit,
2528 1212 2914 1273 assumere.Tu
2949 1235 3132 1287 porro,
3156 1223 3574 1289 quomodointet

1993 1306 2098 1361 alia
2121 1309 2286 1362 etiam
2347 1310 2647 1362 secundum
2703 1309 2805 1363 ltos
2837 1308 2980 1363 duos
3027 1310 3390 1378 signiﬁcatus;
3444 1328 3584 1380 quos

1995 1397 2224 1452 dictioni
2265 1400 2530 1469 assignat,
2579 1400 2682 1454 sibi
2730 1400 3006 1455 contraria
3025 1401 3196 1474 _dicit,
3275 1412 3329 1456 et
3396 1420 3582 1458 secum

1996 1500 2226 1560 pugnat,
2255 1492 2562 1546 considera.
2606 1492 2852 1558 Quodam
2883 1492 3030 1547 enim
3086 1495 3137 1546 in
3175 1495 3295 1548 loco
3321 1495 3405 1548 sui
3452 1498 3583 1548 tomi

1998 1583 2262 1637 adversus
2283 1598 2399 1645 eos,
2423 1585 2516 1652 qui
2539 1582 2752 1637 Patren:
2779 1582 3016 1652 Spiritus
3031 1600 3252 1639 causam
3275 1600 3370 1652 per
3394 1585 3587 1639 Filaun

1999 1683 2291 1737 asserunt;
2318 1673 2535 1741 idquea
2568 1675 2713 1728 dicto
2756 1693 2774 1724 ι
2812 1678 3109 1743 productor
3141 1691 3237 1744 per
3277 1674 3518 1730 Verbum
3561 1695 3579 1726 υ

2000 1764 2414 1829 demonstrant,
2477 1775 2752 1819 certamen
2819 1768 3030 1829 iniens,
3073 1776 3361 1836 postquam
3415 1768 3587 1820 multa

330 1857 662 1927 ποιούμενος,
705 1857 845 1927 μετά
867 1858 937 1911 τὰ
974 1856 1148 1910 πολλὰ
1174 1855 1277 1927 τῆς
1316 1857 1453 1926 πρὸς
1479 1859 1678 1921 αὐτοὺς
1714 1858 1898 1928 ἀντιρ-

2003 1857 2264 1912 adversus
2293 1872 2390 1912 eos
2450 1865 2855 1927 exagitet-asset,
2907 1857 3105 1911 addit:
3150 1874 3170 1908 ι
3208 1860 3287 1911 Ad
3355 1859 3585 1927 hujusce

324 1951 536 2020 ρἡεως
570 1949 668 2003 καὶ
691 1947 868 2001 ταῦτα
900 1948 1099 2016 ἐπάγει
1124 1964 1139 1978 ·
1180 1964 1201 1998 ι
1233 1948 1427 2002 Πίστιν
1478 1947 1535 2000 δὲ
1592 1947 1688 1999 τοῦ
1735 1946 1896 2013 λόγου

314 2042 511 2093 τούτου
546 2039 834 2111 κομίζουσι
863 2040 964 2112 τὴν
994 2039 1087 2093 τοῦ
1121 2039 1267 2094 θείου
1295 2038 1663 2110 Δαμασκηνοῦ
1714 2038 1897 2109 ῥῆσιν,

309 2134 414 2203 τὴν
449 2133 534 2185 ὅτι
564 2131 869 2203 Προῦολεύς
899 2133 1019 2184 ἐστι
1044 2130 1139 2184 τοῦ
1181 2131 1580 2201 ὲκφαντορικού
1618 2131 1901 2209 ,Πνειέμα-

308 2242 406 2288 τος
442 2225 471 2276 ό
503 2226 696 2296 Πατὴρ
724 2226 812 2279 διά
844 2224 939 2277 τοῦ
966 2224 1098 2277 Υίοῦ
1126 2241 1141 2256 ·
1174 2225 1299 2294 ἥτις
1345 2225 1440 2278 καὶ
1508 2225 1764 2293 οὐδαμῶς
1817 2226 1897 2287 εἰς

307 2317 508 2372 τοῦτον
542 2319 698 2389 φέρει
727 2319 821 2372 τὸν
854 2319 1001 2374 νοῦν.
1038 2318 1201 2371 Ἀλλά
1231 2318 1483 2388 βούλεται
1527 2319 1742 2389 τρανῶς
1795 2319 1897 2389 τὴν

306 2410 385 2462 δι’
438 2410 566 2463 Υίοῦ
608 2411 674 2463 ὲκ
733 2409 953 2479 Πατρός·
995 2410 1092 2462 τοῦ
1144 2409 1466 2480 Πνεύματος
1538 2411 1898 2479 παριστάνειν

308 2501 655 2569 φανέρωσιν.
701 2518 722 2551 ι
785 2498 973 2552 Ταῦτα
1021 2501 1080 2551 ὲν
1116 2499 1195 2569 τῷ
1242 2498 1486 2570 δευτέρῳ
1522 2498 1691 2551 αὐτοῦ
1739 2498 1895 2567 τόμῳ

309 2591 600 2657 αὑτολεξεὶ
628 2588 773 2644 οὕτω
810 2588 1062 2661 Κύπριος
1089 2591 1287 2659 λέγων,
1326 2591 1427 2661 ὅρα
1455 2592 1504 2643 si
1533 2593 1611 2660 μὴ
1640 2592 1737 2643 καὶ
1766 2589 1895 2644 κατ’

310 2684 662 2753 ἀμφοτέρας,
689 2683 756 2747 ἃς
790 2685 849 2736 ὲν
891 2683 971 2754 τῷ
1006 2686 1209 2755 πρώτῳ
1254 2683 1408 2754 τόμῳ
1450 2686 1519 2752 τῇ
1560 2683 1898 2750 1190601821);-

310 2774 590 2845 ἀπονέμει
622 2773 768 2839 λέξει
792 2774 1094 2844 σημασίας,
1129 2774 1311 2844 ἐαυτῷ
1339 2776 1690 2844 διαμάχεται,
1727 2776 1777 2827 εί
1805 2774 1898 2827 τὸν

307 2866 416 2921 τοῦ
474 2865 795 2936 Πνεῦματος
852 2867 1029 2919 αίτιον
1079 2868 1219 2931 ἐκεῖ,
1277 2865 1353 2928 ὡς
1422 2873 1516 2919 καὶ
1548 2868 1615 2937 τῇ
1663 2865 1897 2936 ἀληθείᾳ

310 2961 498 3027 δοκεῖ,
531 2959 626 3013 τὸν
667 2958 937 3029 προϐολέα
968 2958 1280 3026 ἐκδέχεται,
1309 2957 1409 3029 τὴν
1444 2960 1510 3012 ἐκ
1542 2959 1758 3030 Πατρδς
1799 2959 1895 3013 τοῦ

310 3052 646 3122 Πνεύματος
685 3051 1003 3122 φανέρωσιν
1034 3049 1234 3120 δηλοῦν
1260 3048 1358 3120 τὴν
1380 3046 1547 3117 λέξιν,
1599 3051 1741 3121 ὅπερ
1772 3051 1896 3121 οὐχ).

308 3148 387 3216 τῇ
420 3144 658 3214 ἀληθείᾳ
707 3145 876 3209 δοκεῖ,
910 3141 1147 3197 ἐνταῦθα
1171 3143 1472 3212 νομοθετεῖ,
1524 3145 1603 3207 εἰς
1649 3143 1894 3195 ὑποσταο

309 3236 482 3307 τικὴν
517 3235 786 3305 ίδιότητα.
823 3235 976 3288 Ἐκεῖ
1025 3233 1163 3304 ὅπερ
1208 3234 1321 3286 οὐδ’
1369 3234 1507 3306 αὐτὰ
1546 3236 1623 3309 τῇ,
1656 3233 1899 3309 ἀληθείᾳ

309 3329 472 3382 δοκεῖ
498 3327 598 3394 τὴν
617 3327 765 3391 λέξιν
788 3326 1098 3397 ἀποκληροί
1116 3325 1195 3396 τῷ
1220 3326 1396 3396 Πατρί
1430 3342 1445 3356 ·
1483 3328 1760 3396 προϐολέα
1806 3330 1897 3379 ὲν-

310 3417 500 3474 ταῦθα
530 3416 628 3471 τοῦ
663 3418 984 3489 Πνεύματος
1040 3418 1131 3471 διά
1176 3417 1272 3471 τοῦ
1304 3420 1485 3486 Λόγου
1527 3419 1618 3473 τὸν
1678 3420 1903 3489 Πατέρα

311 3510 467 3567 εἶναι
487 3512 779 3583 δεχόμενος
806 3511 1144 3582 σημαντικὸν
1172 3515 1272 3582 τῆς
1306 3515 1509 3583 ἀμφοῖν
1543 3513 1639 3566 ἐπὶ
1667 3517 1734 3583 τῇ
1763 3528 1901 3582 προ-

311 3608 459 3679 ϐολῇ
491 3605 797 3671 κοινωνίας,
835 3605 866 3657 δ
899 3603 995 3657 καὶ
1029 3604 1160 3657 αὐτὸ
1195 3608 1261 3674 τῇ
1298 3604 1529 3676 ἀληθείᾳ
1573 3602 1741 3669 δοκεῖ,
1800 3602 1900 3673 τὴν

314 3699 488 3773 ῥῆσιν
515 3692 657 3751 εἶναι
688 3698 968 3766 ὲπικυροῖ.
999 3696 1066 3748 Τί
1091 3694 1184 3749 οὖν
1210 3697 1304 3748 ἐπὶ
1338 3699 1472 3749 πᾶσι
1506 3694 1903 3757 τούτοιςδοκεῖ

310 3807 408 3843 σοι
438 3787 909 3858 διαπραττόμενος
940 3786 1224 3864 Κύπριοςλ
1248 3787 1313 3838 Τί
1338 3804 1353 3851 ;
1386 3786 1610 3850 Πάντως
1636 3787 1771 3841 ἀλλο
1802 3789 1899 3840 οὐ-

307 3882 407 3936 δὲν
423 3881 457 3950 ἢ
485 3880 679 3933 ἑαυτὸν
702 3876 884 3948 ἑαυτῷ
904 3860 1225 3946 ἀποφαίνων
1242 3880 1684 3948 ἐναντιούμενον.
1712 3879 1755 3931 Τ
1758 3876 1824 3948 ὴν
1842 3873 1901 3933 δέ

309 3990 385 4043 γε
421 3971 684 4040 τοιαύτην
708 3954 1059 4040 ἐναντιότητα
1087 3954 1142 4022 ἐι
1162 3988 1244 4033 τις
1284 3952 1535 4040 δίστομον
1568 3958 1901 4024 ἀποκαλέσέί

325 4066 611 4136 μάχαιραν
642 4063 776 4132 παρ’
802 4060 968 4115 αὐτοῦ
1002 4061 1248 4132 Κυπρίου
1275 4062 1401 4116 καθ’
1427 4063 1624 4116 ἑαυτοῦ
1648 4062 1724 4133 τῷ
1751 4064 1903 4117 ἀντι-

315 4159 459 4228 δίκῳ
489 4154 942 4225 δγχειριζομένην
971 4152 1160 4218 αὐτοῦ,
1181 4153 1281 4223 τῆς
1305 4153 1566 4224 ἀληθείας
1588 4156 1902 4225 ἁμαρτήσει

313 4249 496 4302 οὐδέν.
526 4246 635 4300 Δύο
660 4247 770 4315 γὰρ
811 4244 1097 4314 σημασιῶν
1123 4245 1333 4308 ἐννοίας
1365 4245 1642 4305 ίσοπόσοις
1677 4246 1899 4301 ἐννοιῶν

316 4339 650 4409 ἀνατρέπων
674 4336 1034 4404 ὲναντιότησι,
1063 4333 1247 4404 δίστο;;
1259 4354 1319 4389 ον
1341 4335 1416 4398 ὡς
1449 4337 1666 4406 ἀληθῶς
1700 4339 1901 4407 μάχαι.

317 4450 453 4506 ραν,
482 4429 609 4484 καθ’
639 4426 839 4483 ἑαυτοῦ
864 4426 1223 4498 χαλκουργεῖ.
1260 4428 1389 4481 Καὶ.
1413 4428 1609 4482 σκόπει
1640 4429 1706 4500 δὴ
1735 4431 1900 4511 πάινιν

2002 1965 2133 2004 vero
2205 1950 2478 2004 sermonis
2549 1950 3023 2007 conﬁrmationem
3098 1951 3373 2018 arripiunt
3411 1952 3501 2004 div
3531 1948 3609 2004 ni"

2004 2036 2323 2092 Datuasceni
2355 2038 2560 2093 dictum
2590 2035 2927 2091 :Produetor
2966 2055 3159 2108 nempc
3189 2048 3273 2094 est
3297 2040 3591 2094 t-evelantis

2003 2129 2236 2196 Spiritus
2261 2128 2421 2182 Pater
2452 2143 2548 2197 per
2578 2122 2802 2190 Filium,
2832 2128 2976 2196 quod
3005 2129 3072 2182 ad
3107 2144 3219 2181 rem
3262 2130 3397 2181 nihil
3432 2126 3586 2191 facit,

1999 2236 2124 2274 cum
2159 2220 2287 2274 velit
2310 2229 2498 2285 aperte
2524 2225 2838 2283 ostendere,
2887 2212 3153 2289 Spiritum
3197 2238 3262 2274 cx
3295 2223 3459 2276 Patre
3491 2238 3586 2292 per

1998 2311 2195 2367 Filium
2245 2313 2611 2367 manifestari.
2657 2331 2676 2364 ι
2745 2311 2871 2367 llaec
2927 2316 3170 2368 secundo
3217 2302 3584 2370 tomoiisdcm

1998 2405 2180 2458 verbis
2211 2419 2554 2474 prosequens
2603 2401 2860 2473 Cyprius,
2917 2404 3223 2468 considera,
3260 2421 3440 2458 annon
3498 2421 3587 2471 se-

1998 2502 2238 2550 cundum
2278 2497 2490 2559 ambas,
2526 2511 2665 2563 quas
2695 2495 2869 2562 pritno
2905 2503 3052 2549 tomo
3080 2496 3197 2550 voci
3251 2499 3586 2565 produclort’s

1999 2589 2432 2657 signiﬁcationes
2478 2586 2748 2649 attribuit,
2784 2601 2975 2641 secum
3035 2588 3152 2656 ipse
3225 2604 3452 2657 pugnet.
3507 2590 3581 2642 Ibi

1996 2682 2379 2754 productorem
2429 2682 2497 2736 ad
2550 2683 2850 2737 nOtaudutn
2909 2698 3133 2737 causam
3194 2684 3454 2754 Spiritus,
3507 2689 3586 2740 uti

1999 2777 2200 2831 veritas
2231 2766 2459 2844 poscere
2489 2773 2724 2836 videtur,
2749 2776 2973 2844 accipit,
3007 2785 3062 2830 et
3088 2777 3445 2831 nihilominus
3479 2779 3569 2833 hic

1996 2883 2063 2923 ex
2091 2866 2252 2921 Patre
2287 2864 2524 2935 Spiritus
2554 2864 3054 2920 manifestationem
3089 2883 3275 2921 vocem
3307 2871 3575 2933 indicare,

1997 2961 2144 3032 quod
2177 2960 2415 3014 alienum
2448 2973 2479 3011 a
2504 2973 2631 3031 vero
2663 2967 2766 3022 est,
2798 2959 2852 3010 in
2895 2959 3296 3028 ltypostaticam
3332 2976 3584 3030 proprie-

1998 3063 2165 3109 tatem
2193 3051 2456 3123 asseruit.
2492 3049 2603 3127 rlbi,
2639 3049 2788 3123 quod
2824 3065 2922 3104 nec
2958 3052 3132 3119 ipsum
3165 3067 3289 3106 cum
3338 3056 3573 3109 veritate

1999 3155 2288 3209 consonat,
2318 3144 2464 3200 Patri
2510 3143 2614 3199 soli
2651 3157 2837 3197 vocem
2887 3145 3125 3198 vindicat
3157 3161 3171 3197 :
3197 3145 3591 3213 productoretn

2009 3240 2098 3297 liic
2153 3237 2392 3312 Spiritus
2425 3253 2520 3307 per
2551 3234 2786 3290 Verbum
2834 3233 3054 3288 Patrem
3105 3250 3227 3289 esse
3271 3246 3586 3305 acceptans,

2007 3332 2295 3400 utriusque
2333 3329 2387 3382 in
2426 3326 2785 3397 productione
2833 3326 3298 3391 communionem,
3339 3329 3484 3397 quod
3516 3329 3585 3383 ad

2007 3436 2194 3477 verum
2225 3436 2389 3491 quam
2420 3418 2666 3488 proxime
2690 3417 2918 3482 accedit,
2955 3417 3251 3471 dictionem
3278 3419 3587 3487 signiﬁcare

2007 3511 2352 3567 determinat.
2386 3509 2539 3575 Quid
2570 3509 2732 3579 igitur
2759 3509 2814 3561 in
2848 3508 2934 3562 his
2954 3509 3214 3563 omnibus
3243 3508 3458 3563 videtur
3490 3510 3584 3564 tibi

2007 3600 2595 3676 Cypriustpcragere?
2659 3599 2834 3665 Quid?
2888 3597 2977 3653 Nil
3039 3600 3187 3653 aliud
3258 3615 3422 3670 quam
3482 3602 3586 3655 sibi

2007 3692 2286 3762 settretipsi
2318 3690 2595 3745 contraria
2626 3690 2880 3754 blaterat,
2918 3701 2973 3743 et
2997 3690 3230 3743 similem
3267 3693 3585 3746 contrarie-

2008 3792 2172 3838 tatem
2200 3785 2246 3838 si
2273 3784 2397 3852 quis
2418 3782 2657 3852 gladium
2680 3781 2959 3848 bicipitem
2987 3781 3057 3834 ab
3091 3782 3209 3848 ipso
3243 3782 3444 3851 Cyprio
3469 3785 3586 3838 suis

2005 3877 2337 3932 adversariis
2368 3882 2558 3930 contra
2604 3887 2665 3927 se
2718 3880 3030 3940 porrectum
3062 3875 3477 3939 nuncupaverit,
3521 3886 3586 3929 ne

2009 3958 2099 4022 ille
2119 3970 2159 4020 a'
2176 3981 2307 4020 vero
2331 3976 2440 4018 non
2471 3962 2826 4018 aberrarerit.
2852 3959 3092 4014 Duarum
3116 3959 3386 4029 siquidem
3420 3961 3580 4030 signi-

2007 4060 2323 4113 ﬁcationum
2359 4055 2678 4117 sententias,
2708 4051 3009 4121 aequalibus
3037 4053 3432 4105 sententiarum
3457 4068 3585 4105 cou-
3631 4078 3639 4097 -η

2011 4151 2384 4205 trarietatibus
2430 4157 2715 4209 evertens,
2750 4144 3026 4213 bicipitem
3078 4157 3243 4212 quam
3295 4145 3587 4199 verissime

2008 4243 2246 4314 gladium
2280 4242 2542 4295 adversus
2569 4254 2630 4293 se
2659 4238 2985 4292 fabricatur.
3006 4234 3072 4288 Et
3096 4252 3287 4292 rursus
3317 4246 3589 4293 altendtto

2009 4351 2077 4389 an
2108 4350 2234 4388 num
2263 4335 2314 4386 itt
2347 4333 2538 4386 iisdem
2565 4330 2832 4383 dictiones
2851 4343 2982 4382 suas
2999 4344 3094 4396 per
3111 4329 3587 4397 scipsedt-struat?
3638 4384 3646 4393 ,

2009 4426 2253 4493 Namque
2283 4438 2406 4477 cum
2456 4420 2523 4474 iis
2580 4420 2887 4481 decertans,
2923 4422 3016 4486 qui
3073 4417 3585 4486 l’atrem,Spiritus

315 4520 704 4586 κάνταῦθα,εί
752 4518 912 4591 μὴδι’
930 4518 1179 4589 ἀλλήλων
1226 4521 1418 4591 ῥήσεις
1460 4524 1758 4590 ἀνατρέπει
1807 4506 1898 4586 τάς

2011 4532 2231 4575 causam
2275 4529 2369 4584 per
2428 4509 2626 4565 Filium
2679 4524 2745 4563 ex
2800 4508 3146 4578 productoris
3228 4523 3324 4576 per
3376 4506 3584 4591 Filium

315 4614 549 4671 ἑαυτοῦ.
596 4613 725 4675 Τοῖς
773 4611 883 4680 γὰρ
935 4610 1028 4664 τὸν
1076 4612 1526 4681 Πατέρα·αῖτιον
1577 4614 1673 4666 τοῦ
1725 4616 1899 4685 Πνεύ-

318 4722 499 4779 ματος
522 4705 613 4758 διὰ
635 4701 771 4756 Υἱοῦ
806 4701 1051 4770 ἀπδτῆς
1089 4701 1399 4772 προϐολεὺς
1435 4704 1526 4757 διὰ
1565 4704 1724 4772 λόγου
1767 4708 1905 4761 ἀπο-

315 4802 571 4854 δείκνυσι
630 4798 870 4868 ρήσεως
930 4794 1368 4865 διαμαχόμενος,

315 4898 399 4960 ὡς
429 4894 509 4956 εἰς
541 4888 857 4961 ἀνασκευὴν
898 4888 1084 4958 δῆθεν,
1122 4891 1189 4958 ἣν
1234 4890 1401 4951 αὐτὸς
1453 4892 1612 4952 ἀξίαν
1673 4893 1901 4956 σκότους

319 4989 554 5039 πλάττει
605 4979 944 5051 φανέρωσιν,
1011 4978 1220 5047 ταύτην
1276 4979 1380 5032 ὑπὸ
1458 4980 1555 5051 τῆς
1600 4982 1903 5052 προθολεὺς

321 5074 696 5147 σημαίνεσθαι
760 5071 964 5137 λέξεως
1040 5070 1441 5140 διατεινόμενος
1468 5110 1483 5136 ,
1549 5073 1686 5142 παρέ
1761 5074 1902 5126 αὐτὰ

318 5172 380 5224 δὲ
439 5169 504 5222 τὸ
560 5167 739 5236 στόμα
802 5162 1197 5234 ὲμφράγνυται
1254 5164 1354 5231 τὴν
1416 5162 1585 5217 αὐτοῦ
1636 5167 1902 5233 ἀντιπρο-

318 5262 619 5317 τεινόντων
650 5254 951 5327 ὁμολογίαν
982 5256 1190 5321 αὐτῶν,
1224 5255 1345 5308 καθ’
1370 5257 1436 5326 ἣν
1461 5259 1563 5325 τὴν
1604 5256 1905 5326 προϐολεὺς

320 5353 490 5416 αὐτὸς
516 5351 664 5417 λέξιν
688 5351 770 5411 εἰς
799 5347 890 5401 τὸν
919 5346 1013 5400 τοῦ
1041 5346 1362 5416 Πνεύματος
1389 5346 1567 5402 αίτιον
1593 5349 1903 5414 ὲξελάἦετο,

321 5444 441 5505 τοῖς
466 5440 655 5502 αὐτοῖς
687 5436 853 5490 πάλιν
886 5436 995 5490 ἀπὸ
1027 5436 1128 5507 τῆς
1160 5437 1332 5506 αὐτῆς
1359 5438 1571 5508 ρήσεως
1623 5439 1722 5509 τὴν
1770 5438 1902 5494 Υξοῦ

323 5534 427 5591 καὶ
455 5532 672 5601 Πατρός
704 5530 801 5584 ἐπὶ
835 5533 902 5602 τῇ
930 5530 1086 5602 αἰτίᾳ
1115 5531 1210 5583 τοῦ
1238 5531 1559 5601 Πνεύματος
1584 5532 1906 5586 ἀποδείκνυ-

323 5641 414 5681 σιν
457 5622 822 5693 ἐναντιότητα
872 5622 1312 5692 ἐναντιούμενος,
1357 5624 1632 5690 προτείνει
1682 5625 1784 5694 μὲν
1829 5624 1905 5689 ὡς

322 5715 645 5787 ἀνασκευὴν
699 5712 885 5781 δῆθεν,
917 5714 986 5784 ἦν
1010 5714 1174 5777 αὐτὸς
1217 5713 1494 5768 ἐπλάσατο
1533 5716 1905 5786 ὑποστατικῆς

332 5807 617 5879 σημασίαν
642 5805 937 5875 ἰδιότητος,
969 5806 1105 5858 ὅπου
1140 5805 1236 5875 τὴν
1269 5806 1543 5878 πατρικὴν
1571 5805 1762 5861 οὐσίαν
1804 5806 1904 5875 τὴν

1455 4800 1730 4868 προτείνει
1802 4800 1913 4870 μὲν,

2009 4608 2248 4669 dit-tione
2275 4611 2687 4664 demonstrant,
2724 4604 2981 4671 proponit
3029 4601 3246 4669 quidem
3279 4604 3434 4670 quasi
3501 4619 3589 4657 rc-

2012 4701 2226 4765 fellens,
2254 4712 2441 4768 quam,
2472 4686 2690 4765 dignam
2721 4708 2842 4763 quae
2869 4694 3105 4747 tenebris
3151 4695 3435 4757 obruatur,
3467 4712 3585 4750 ma-

2010 4794 2413 4847 nil'estattouem
2432 4785 2884 4847 comminiscitur,
2903 4786 3031 4837 dmn
3050 4785 3194 4837 illam
3215 4786 3442 4840 indicari
3465 4790 3587 4857 pro-

2012 4884 2260 4940 ductoris
2291 4896 2425 4934 voce
2461 4877 2762 4932 contendit.
2788 4873 2988 4930 Verum
3038 4878 3220 4929 statim
3268 4893 3330 4930 os
3377 4879 3451 4931 illi
3485 4883 3585 4932 ob-

2011 4984 2272 5037 Sll'Ut'lill‘,
2294 4972 2339 5027 si
2364 4971 2765 5025 confessionem
2806 4972 2872 5023 ab
2927 4969 3045 5037 ipso
3094 4967 3290 5022 factam
3326 4986 3583 5038 reponas,

2012 5083 2118 5137 qua
2148 5063 2495 5135 productoris
2537 5076 2725 5116 vocem
2771 5064 2837 5114 ad
2894 5060 3131 5128 Spiritus
3162 5078 3383 5114 causam
3414 5069 3586 5116 deno-

2014 5160 2233 5213 ttmdant
2293 5154 2614 5223 assumpsit,
2662 5170 2727 5206 ex
2789 5152 2978 5206 iisdem
3035 5169 3225 5205 rursus
3285 5164 3339 5207 et
3396 5156 3584 5207 eadem

2011 5254 2249 5305 dictione
2277 5246 2397 5300 Filii
2445 5256 2499 5299 et
2528 5245 2700 5299 Patris
2734 5245 2786 5297 in
2823 5260 2989 5298 eausa
3023 5242 3263 5314 Spiritus
3291 5256 3481 5299 contra
3527 5260 3594 5299 se

2012 5345 2262 5415 opponit,
2292 5342 2739 5397 contrarietatem
2802 5340 3059 5408 importat
3091 5356 3106 5393 :
3136 5354 3258 5394 cum
3309 5338 3583 5407 proponit,

2012 5438 2169 5509 quasi
2202 5434 2491 5495 refelleret,
2523 5448 2686 5501 quam
2715 5447 2828 5500 :pse
2856 5443 3204 5485 commentus
3218 5442 3297 5485 est
3333 5431 3585 5500 itypoSta-

2015 5534 2135 5586 ticae
2164 5524 2515 5598 proprietatis
2544 5522 3024 5593 signiﬁcationem,
3068 5530 3122 5575 et
3181 5533 3463 5589 paternam
3493 5536 3585 5575 es-

2013 5619 2245 5676 sentiam
2280 5616 2641 5687 productione
2663 5612 2906 5682 Spiritus
2950 5612 3167 5681 Spoliat,
3202 5619 3257 5664 et
3303 5626 3367 5664 so
3392 5626 3421 5662 a
3460 5620 3584 5666 tan-

2013 5727 2177 5784 quam
2205 5712 2390 5776 alicui,
2418 5724 2540 5780 qua:
2570 5706 2806 5762 essentia
2837 5704 3249 5764 destitueretur,
3281 5703 3458 5759 Patris
3489 5706 3586 5775 hy-

2012 5804 2221 5875 postasi
2257 5817 2376 5859 eam
2408 5800 2607 5875 tribuit
2658 5817 2673 5853 :
2736 5796 2927 5852 eodem
2973 5807 3249 5850 momento
3297 5811 3358 5853 os
3410 5796 3589 5871 ipsius
