4002 6408
522 344 633 408 355

1563 341 1776 403 JOAN.
1823 339 2040 401 VElICl
2080 341 2188 401 (IP.
2230 340 2744 400 PATRIARCHAE

3692 342 3798 403 356

527 452 1498 521 obturabis,siilliuscoulessionem
1535 452 1637 522 ipsi
1688 462 1878 505 contra
1933 466 2103 520 oppu-

2218 450 2304 502 τοῦ
2335 448 2663 518 Πνεύματος
2700 445 2978 516 προϐολὴν
3021 447 3312 518 ἀφῃρεῖτο,
3340 447 3435 500 καὶ
3457 446 3594 518 μόνῃ
3612 445 3798 518 ὥσπερ

526 563 794 617 nas,qua
854 549 992 616 ipse,
1058 545 1441 615 productorem
1481 558 1578 609 per
1630 541 1827 596 Filium
1895 544 2109 597 Patrem

527 654 780 694 asserens
815 640 1043 700 dictum,
1073 635 1514 690 communionem
1545 635 1809 688 denotare
1839 636 2112 704 interpre-

528 735 717 791 tatur,
774 735 828 782 et
869 740 1010 795 quas
1067 725 1182 795 ipse
1247 723 1654 794 excogitaverat
1713 722 2110 778 tnanil‘estatioo

531 833 649 872 nes.

1665 908 1694 927 υ

598 1113 686 1168 12.
723 1113 814 1170 Sic
841 1130 930 1170 res
966 1116 1182 1173 divinas
1221 1129 1578 1189 pertractare,
1612 1137 1705 1190 qm
1735 1123 1800 1176 ad
1830 1138 2106 1178 summum

523 1208 807 1277 sapientia:
876 1223 934 1263 se
981 1211 1207 1274 exaltat,
1261 1212 1615 1281 semetipsum
1670 1212 1967 1278 instruxit;
2027 1215 2110 1268 sic

525 1297 839 1370 Scripturas
863 1316 1158 1371 exponere,
1191 1303 1285 1373 qui
1345 1306 1660 1374 cognitione
1700 1322 1796 1376 per
1827 1321 2008 1360 aerem
2054 1315 2111 1362 et

529 1391 584 1443 in
615 1391 832 1445 sublimi
867 1407 1171 1462 suspensus
1195 1404 1422 1463 vagatur
1449 1409 1464 1448 :
1500 1396 1579 1450 sic
1605 1398 2004 1465 opponentibus
2021 1412 2107 1451 re-

523 1483 816 1550 spondere,
847 1485 941 1554 qui
1001 1487 1215 1550 magnis
1272 1487 1701 1555 c0gitationibus
1744 1490 1988 1545 inﬂatur.
2025 1491 2106 1545 Tu

522 1588 688 1642 porro
721 1562 787 1629 e'x
829 1575 914 1629 his
945 1592 1067 1645 qua:
1097 1577 1337 1633 diximus
1369 1580 1646 1646 omnibus,
1703 1583 1965 1651 quidquid
2015 1599 2109 1652 pe-

524 1665 659 1718 tiisti
688 1664 904 1720 abunde
938 1683 967 1720 a
1007 1669 1167 1722 nobis
1203 1679 1598 1738 pertractatmn
1628 1710 1643 1734 ,
1681 1675 1966 1742 possidens
1992 1676 2103 1743 (ubi

519 1759 769 1824 enim,et
821 1761 1024 1830 quibus
1054 1765 1107 1814 in
1144 1761 1332 1828 rebus,
1360 1771 1415 1817 et
1461 1780 1568 1834 qua
1607 1768 1817 1820 ratione
1869 1765 2103 1836 Cyprius

520 1849 626 1904 Sibi
663 1853 1020 1917 contradicit,
1075 1863 1266 1908 exacte
1303 1855 1690 1926 indicavimus)
1723 1857 1964 1925 reliquas
2006 1873 2105 1909 no-

519 1953 662 1996 stras
690 1944 1023 2012 scriptimies
1051 1944 1228 2015 legere
1261 1961 1331 2000 ne
1369 1951 1660 2012 detrectes,
1698 1947 1808 2002 illic
1835 1948 2103 2018 siquidem

518 2033 728 2102 reliqua
770 2034 919 2090 illius
957 2035 1273 2105 blaspheme
1299 2038 1465 2106 dicta,
1494 2041 1697 2109 quibus
1727 2056 1835 2095 non
1863 2042 2101 2111 seipsum

518 2123 616 2177 sed
644 2125 929 2180 veritatem
1005 2130 1389 2184 tantummodo
1444 2141 1748 2202 oppugnat,
1795 2130 2104 2202 deprehen-

515 2213 748 2270 duntur.

2213 543 2323 594 τινὶ
2379 542 2618 611 ἁνουσίῳ
2663 543 2728 608 τῇ
2775 539 2869 592 τοῦ
2933 538 3148 607 Πατρὸς
3219 537 3532 591 ὑποστάσει
3592 537 3800 607 ταύτην

2212 634 2456 703 ἀπένεμε
2484 649 2498 665 ο
2531 632 2664 702 παρ’
2692 632 2833 684 αὐτὰ
2875 630 2933 684 δὲ
2968 630 3028 682 τὸ
3057 629 3235 698 στόμα
3267 630 3660 699 ὲμφράγνυται
3700 630 3801 700 τὴν

2212 726 2380 780 αὑτοῦ
2413 724 2943 795 ἁντιπροτεινόντων
2974 721 3274 790 ὁμολογίαν
3308 719 3515 785 αὐτῶν,
3549 720 3676 773 καθ’
3730 720 3801 791 ἢν

2211 820 2377 882 αὐτὸς
2405 819 2506 888 τὴν
2531 817 2807 888 προϐολέα
2829 816 2916 869 διὰ
2951 815 3128 882 Λόγου
3155 814 3248 866 τὸν
3276 813 3500 882 Πατέρα
3525 811 3801 880 λέγουσαν

2213 912 2375 981 ῥῆσιν
2401 909 2500 980 τὴν
2531 906 2818 961 κοινωνίαν
2843 905 3039 976 δηλοῦν
3067 903 3316 974 ἐξηγεῖτο
3365 901 3498 965 τῶν,
3533 901 3606 963 ὡς
3635 901 3802 964 αὐτὸς

2209 1004 2369 1075 ᾤετο,
2391 1001 2769 1074 φανερώσεων.

2281 1099 2372 1168 ιβ’.
2431 1096 2587 1151 Οὕτω
2643 1093 2939 1160 θεολογεϊν,
2981 1090 3009 1142 δ
3057 1088 3137 1151 είς
3179 1085 3314 1139 αὐτὸ
3355 1086 3416 1138 τὸ
3447 1085 3549 1156 τῆς
3595 1087 3798 1155 σοφίας

2210 1191 2519 1262 ἐπηρμένος
2547 1188 2844 1256 ἀκρότατον
2878 1183 3200 1236 ἐπαίδευσεν
3248 1177 3444 1231 ἑαυτόν
3473 1194 3486 1208 ο
3525 1175 3669 1230 οὕτω
3699 1178 3799 1242 τὰς

2211 1283 2432 1352 Γραῳὰς
2471 1278 2808 1348 ἐξηγεῖσθαι,
2838 1278 2867 1330 ὁ
2899 1275 2998 1346 τὴν
3036 1271 3238 1340 γνῶσιν
3263 1267 3565 1341 ἀεροπόρος
3585 1285 3599 1300 ·
3621 1267 3802 1330 οὕτως

2209 1380 2320 1440 τοῖς
2373 1371 2888 1442 ἁντιδιατιθεμένοις
2951 1367 3254 1434 ἀντιλογεῖν
3309 1367 3338 1418 ὁ
3408 1362 3471 1416 τὸ
3541 1355 3805 1432 φρόνημα

2210 1472 2434 1542 ὑψηλός.
2480 1471 2552 1522 Σὺ
2591 1467 2648 1520 δὲ
2679 1468 2744 1519 ὲκ
2766 1464 2877 1518 τῶν
2935 1460 3248 1532 είρημένων
3271 1459 3491 1513 πάντων
3524 1457 3635 1509 πᾶν
3664 1455 3804 1525 ὅπερ

2210 1569 2404 1639 ᾐτήσω
2447 1563 2648 1624 ἱκανῶς
2693 1557 3001 1629 ἀφοσιωοέν
3049 1571 3132 1608 σοι
3181 1551 3315 1623 παρ’
3363 1549 3520 1621 ἡμῶν
3551 1547 3806 1619 ἐσχηκὼς

2219 1664 2365 1733 (ὅποι
2411 1658 2523 1728 γὰρ
2562 1657 2656 1709 καὶ
2700 1655 2757 1706 ἐν
2789 1651 2940 1716 τίσι,
2986 1649 3082 1703 καὶ
3114 1647 3263 1710 ὅπως
3329 1641 3508 1712 ἐαυτῷ
3553 1641 3804 1733 Κύπριος

2210 1732 2586 1814 ἐναντιοῦται,
2646 1742 2894 1817 ἀκριϐῶς
2950 1742 3114 1812 ἡμεῖς
3167 1734 3608 1808 δεδηλώκαμεν),
3666 1732 3804 1803 μηδὲ

2137 1820 2178 1874 Β
2207 1846 2317 1899 τῶν
2338 1843 2512 1898 ἄλλων
2543 1841 2830 1912 ἡμετέρων
2849 1835 3044 1908 ἀμέλει
3065 1831 3316 1904 γραφῶν,
3341 1828 3408 1883 δι’
3429 1824 3506 1883 ὦν
3537 1830 3594 1882 αί
3615 1825 3806 1879 λοιπαὶ

2206 1940 2315 1993 τῶν
2347 1934 2708 2009 βλασφημιῶν
2733 1931 2924 1998 αὐτοῦ,
2949 1933 3008 1985 ὲν
3041 1924 3130 1994 αἷς
3164 1929 3240 1999 μὴ
3274 1925 3480 1996 ἑαυτῷ,
3511 1927 3578 1996 τῇ
3603 1925 3649 1978 δ’
3671 1922 3804 1994 ἀλη-

2206 2029 2330 2099 Θείᾳ.
2379 2028 2518 2100 μόνῃ
2565 2021 2940 2080 ἐναντιοῦσθαι
3001 2017 3293 2091 συμϐαίνει
3328 2016 3520 2085 αὐτὸν,
3577 2014 3802 2083 ἐξελέγ-

2209 2139 2424 2194 χονται.

529 2405 3771 2441 WM

1644 2579 1998 2713 ΤΟΥ
2070 2574 2654 2712 ΑΥΤΟΥ

2080 2807 2224 2865 ΤΩΝ

1282 2979 1700 3099 ΠΡΟΣ
1810 2978 3031 3098 ΚΩΝΣΤΑΝΤΙΝΟΝ

1740 3206 1892 3293 ΤΟ
1969 3202 2587 3295 ΔΕΥΤΕΡΟΝ.

1792 3568 2518 3703 EJUSDEM

1316 3834 1524 3957 AD
1635 3829 3026 3953 CONSTANTINUM

1610 4073 1970 4168 LIBER
2043 4075 2704 4169 SECUNDUS.

601 4421 660 4484 Ι.
705 4422 900 4498 Neque
933 4428 1236 4484 secundam
1267 4435 1418 4483 tuam
1455 4425 1774 4498 petitionem
1811 4425 2108 4498 rejicimns,

2293 4429 2364 4481 α’.
2389 4420 2528 4478 Οὐδὲ
2548 4420 2651 4492 τὴν
2681 4416 2948 4489 δευτέραν
2997 4415 3098 4490 σὴν
3131 4415 3536 4490 ἀποπέμπομιν
3561 4417 3823 4489 αἰτησιν,’

519 4517 616 4572 sed
656 4533 777 4573 eam
810 4517 1174 4590 excipientes,
1206 4534 1362 4591 aeque
1399 4527 1562 4590 atque
1613 4521 1844 4590 primam
1892 4527 2106 4589 pertra-

519 4607 819 4676 ctabimus,
845 4620 902 4666 et
930 4612 1301 4679 absolvemus,
1322 4614 1520 4668 stultas
1545 4610 1812 4682 siquidem
1835 4624 1900 4665 ac
1927 4608 2109 4664 futiles

531 4703 724 4776 Cyprii
766 4719 960 4771 nugas,
985 4704 1185 4774 quibus
1211 4703 1301 4759 ille
1331 4704 1572 4774 seipsum
1601 4703 1869 4772 implicat,
1904 4699 1959 4754 in
1997 4699 2106 4765 his,

521 4811 646 4865 quae
681 4795 965 4850 veritatem
1012 4808 1342 4866 oppugnatis
1371 4792 1756 4854 concinnavit.
1788 4791 2108 4860 scriptoque

523 4886 769 4952 tradidit,
792 4897 977 4942 nostra
995 4888 1315 4954 scriptione,
1335 4889 1414 4942 uti
1435 4889 1691 4958 petieras,
1715 4882 2106 4956 patefecimus:

520 4987 578 5032 et
599 4993 764 5047 quam
798 4995 943 5033 nunc
993 4996 1187 5034 rursus
1250 4981 1530 5049 θιροεοίε,
1587 4979 1799 5047 scripto
1835 4977 1932 5032 tibi
1974 4993 2109 5032 con-

522 5069 727 5140 signari
760 5071 1086 5127 solutionem
1117 5087 1332 5137 eorum,
1361 5083 1484 5141 qua:
1512 5072 1812 5127 novissime
1837 5081 1891 5128 et
1917 5081 2113 5142 przeter

522 5177 874 5216 communem
910 5177 1071 5217 usum
1105 5162 1451 5233 pronuntiata
1490 5162 1542 5216 iu
1587 5163 1858 5231 dogmate,
1881 5163 1948 5216 de
1990 5176 2114 5231 pro-

525 5253 788 5309 cessione
839 5268 903 5307 ex
938 5251 1094 5309 Patre
1145 5255 1235 5323 per
1281 5253 1478 5307 Filium
1536 5251 1774 5322 Spiritus
1829 5254 2112 5321 inaudisti,

526 5345 938 5415 promptissime
983 5346 1171 5400 labore
1202 5333 1458 5414 suscepto
1499 5349 1868 5401 exsolvemus.
1903 5344 1966 5400 Et
1999 5352 2111 5416 jam

525 5438 677 5500 audi,
736 5447 790 5490 et
841 5437 1026 5491 animo
1060 5438 1298 5499 volvito,
1373 5452 1552 5492 annon
1646 5439 1938 5506 prudenter
2015 5441 2114 5495 ista

524 5529 950 5599 dic.mtur,quae
1003 5546 1101 5584 nec
1163 5533 1450 5585 minimqu
1513 5533 1734 5599 quidem
1795 5543 1825 5586 a
1885 5534 2116 5588 \‘Cl‘ilult‘

525 5622 800 5677 deerrant.

599 5713 634 5764 ἓ
681 5713 784 5778 Qui
812 5713 1085 5769 dictiones
1134 5731 1302 5771 novas
1345 5729 1588 5789 usurpat,
1642 5719 1806 5773 veluti
1849 5721 2117 5789 sumptio-

2213 4515 2354 4570 ἀλλὰ
2389 4511 2750 4587 προσιέμενοι
2795 4510 2894 4564 καὶ
2933 4508 3127 4580 αὐτὴν,
3173 4509 3329 4564 οὐδὲν
3371 4510 3471 4580 τῆς
3523 4510 3809 4584 προτέρας

2211 4609 2432 4664 ἔλαττον
2471 4604 2896 4678 ὲκπεραίνομεν.
2933 4601 3016 4657 Τά
3064 4615 3126 4656 τε
3173 4604 3286 4676 γὰρ
3339 4600 3594 4674 Κυπρίου
3640 4603 3807 4674 μωρὰ

2210 4701 2605 4774 ληρωδήματα,
2647 4695 2736 4766 ἐφ’
2767 4691 2853 4759 οἷς
2894 4693 3058 4750 αὐτὸς
3089 4694 3272 4764 ἑαυτῷ
3299 4696 3358 4748 ἐν
3377 4697 3490 4759 τοῖς
3522 4695 3668 4749 κατὰ
3702 4699 3807 4768 τῆς

2211 4788 2470 4862 ἀληθείας
2486 4787 2654 4842 αὐτοῦ
2677 4783 3003 4855 περιπίπτει
3025 4783 3481 4856 συγγράμμασιν,
3507 4786 3809 4858 δγγράφως

2214 4903 2298 4941 σοι
2319 4882 2662 4954 δπερῖῂτήσω
2680 4879 2813 4950 πρὶν
2833 4877 3199 4952 ὑπεδείξαμεν
3217 4895 3231 4909 ο
3252 4879 3348 4932 καὶ
3363 4877 3400 4932 ἃ
3419 4879 3585 4933 πάλιν
3599 4881 3810 4950 ἀρτίως

2214 4979 2384 5041 αἰτεῖς
2423 4975 2700 5047 ἔγγραφον
2728 4971 2829 5043 τὴν
2845 4970 3002 5025 λύσιν
3037 4972 3184 5044 ἡμᾶς
3215 4971 3489 5037 ἀπαιτῶν,
3519 4965 3595 5027 ὧν
3615 4990 3809 5028 statvo-

2213 5070 2392 5142 τέρως
2417 5067 2514 5121 ἐπὶ
2558 5066 2637 5137 τῷ
2674 5065 2910 5134 δόγματι
2949 5062 3052 5146 τῆς
3082 5066 3147 5116 ὲκ
3195 5065 3410 5136 Πατρὸς
3445 5065 3516 5118 δι’
3545 5065 3681 5120 Υίοῦ
3710 5066 3806 5120 τοῦ

2216 5161 2536 5229 Πνεῦματος
2586 5159 2836 5228 ἀκήκοας
2893 5154 3281 5225 ὲκπορεύσεως
3320 5156 3556 5227 ἑτοίμως
3591 5159 3808 5226 ἐκπλη-

2221 5254 2348 5326 ροῦν
2377 5251 2746 5322 ὑφιστάμεθα.
2785 5248 2896 5302 Καὶ
2919 5248 2985 5319 δὴ
3016 5247 3206 5312 ἄκουε,
3244 5250 3340 5302 καὶ
3369 5249 3612 5319 λογίζου,
3641 5253 3691 5304 εί
3729 5251 3808 5324 μὴ

2220 5344 2455 5407 συνετῶς
2498 5341 2697 5406 ταῦτα,
2730 5340 2824 5394 καὶ
2854 5339 2956 5408 τῆς
3005 5338 3272 5405 ἀληθείας
3300 5341 3471 5414 μηδὲν
3503 5343 3808 5415 λειπόμενα

2218 5436 2490 5507 οὐδαμῶς.

2297 5719 2362 5794 β’.
2412 5721 2470 5776 ’0
2503 5724 2600 5794 μὲν
2633 5724 2698 5777 τὰ
2731 5723 2895 5777 καινὰ
2938 5724 3047 5778 τῶν
3083 5725 3352 5796 ῥημάτων
3390 5725 3584 5791 εἰπὼν,
3617 5726 3806 5792 ὥσπερ

529 5817 648 5856 nem
683 5819 1040 5875 praeponens,
1076 5825 1180 5862 non
1236 5825 1356 5864 esse
1405 5810 1544 5866 idem
1589 5811 1998 5876 exsistsntiam,
2060 5821 2108 5866 et

2221 5833 2268 5867 τι
2297 5814 2489 5884 λῆμμα
2515 5815 2799 5884 τιθέμενος
2827 5817 3114 5884 πρότερον,
3145 5817 3220 5886 μὴ
3248 5818 3444 5871 ταυτὸν
3471 5813 3608 5871 εἶναι
3629 5817 3804 5884 ὓπαρ-
