4002 6412
256 378 365 447 3ῖ⁴ί

1400 360 1499 417 AD
1540 349 2135 415 CONSTANTlNUM
2175 347 2327 407 LlB.
2371 345 2454 405 II.

3439 337 3547 397 853

256 490 348 554 ξιν
395 483 492 538 καὶ
531 479 732 554 τρόπον
779 477 962 546 λέγειν
1008 470 1336 543 οῠπάρξεως.
1385 487 1402 519 ι
1449 466 1622 536 Εἴπερ
1666 465 1698 534 ἡ
1751 464 1906 532 μὲνΛ

2013 459 2290 513 μείειιξιιιὶεε
2321 448 2542 511 modum
2575 470 2588 508 :
2628 451 2719 506 «Si
2748 449 3038 508 existezitia
3069 464 3206 515 rem,
3231 447 3552 502 essentiam-

253 537 595 650 ⁴πράγματός
622 576 739 626 ἐστι
765 537 867 625 καί
893 565 1078 630 οὐσίας
1113 537 1433 634 σημαντικὴ
1469 562 1502 630 η
1530 557 1793 627 ὒπαρξις,
1825 558 1854 608 ό

2018 568 2067 606 te
2098 550 2392 618 signiﬁcat,
2425 546 2761 603 exsisteutiaa
2817 552 3000 599 autem
3043 545 3237 597 melus
3292 537 3552 592 dili'eren-

251 673 323 727 δὲ
383 672 485 740 τῆς
541 665 835 736 ὑπάρξεως
887 661 1092 731 τρόπος
1148 657 1421 726 διαφορᾶς
1472 652 1570 720 τῆς
1619 652 1758 720 πρός
1804 666 1858 700 τι

251 737 458 832 ἕτερον
486 755 767 826 ὑπαρκτὸν
805 750 1194 821 Θεωρουμένης
1223 743 1523 816 δηλωτικὸς
1547 783 1561 804 ,
1590 742 1648 794 οὐ
1680 737 1860 800 καλῶς

255 826 428 922 ἔλεγε
461 851 564 918 τὴν
618 845 752 900 Υίοῦ
803 845 899 898 καὶ
955 841 1172 911 Πατρδς
1233 838 1466 906 ἑνότητα
1517 835 1611 886 ἐπὶ
1649 834 1716 902 τῇ
1763 826 1860 882 τοῦ

256 945 590 1013 Πνεύματος
617 938 768 1010 αἰτίᾳ
802 938 1060 1005 συνάγειν
1089 934 1219 995 τοὺς
1249 930 1460 999 ταύτην
1498 925 1864 993 συνάγοντας,

263 1039 381 1094 ἀπὸ
412 1034 510 1089 τοῦ
557 1033 684 1094 τοὺς
734 1029 985 1098 Πατέρας
1027 1025 1188 1096 ἡμῶν
1226 1023 1327 1094 τὴν
1391 1022 1456 1072 ἐκ
1526 1016 1742 1086 Harpe;
1795 1013 1863 1066 δι’

269 1125 407 1181 Υἰοῦ
431 1121 767 1192 ὲκπόρευσιν
789 1117 1118 1186 θεολογῆσαι
1154 1113 1249 1168 τοῦ
1291 1109 1638 1180 Πνεύματος.
1670 1107 1731 1159 Εἰ
1756 1105 1865 1175 γὰρ

235 1220 378 1274 ὀὐκ
435 1217 635 1277 αὐταῖς
701 1212 911 1283 φωναῖς
958 1209 1230 1280 ὓπαρξιν,
1269 1205 1384 1258 ἀλλ’
1419 1203 1753 1272 ὲκπόρευσιν
1797 1197 1867 1251 δι’

271 1310 412 1366 Υἰοῦ
447 1311 499 1363 οἱ
544 1305 795 1375 Πατέρες
833 1303 1152 1372 εἰρήκασιν,
1182 1301 1310 1370 ἔφη,
1343 1299 1546 1368 τρόπος
1584 1295 1640 1348 δὲ
1689 1294 1869 1362 ὑπάρ-

1965 643 2116 706 tintn,
2143 657 2250 712 qua
2289 651 2536 709 respectu
2560 637 2784 692 alterius
2806 635 3129 690 exsistentia
3148 630 3552 691 consideratur,

1964 737 2215 800 denotat,
2260 735 2400 788 male
2457 731 2676 799 quidem
2741 728 3041 792 asserebat,
3111 723 3232 778 Filii
3286 732 3339 777 et
3375 723 3556 774 Patris

1968 828 2234 882 unitatem
2273 828 2324 880 in
2364 825 2606 894 Spiritus
2634 838 2800 877 causa
2832 821 3108 889 colligere,
3149 817 3242 887 qui
3269 831 3388 870 eam
3441 813 3552 869 col-
3619 859 3637 894 ι,

1966 912 2207 991 ligebant
2237 933 2304 972 ex
2334 885 2428 982 eu,
2453 916 2602 985 quod
2667 913 2858 967 Patres
2915 885 3090 966 nostri
3119 885 3181 964 es
3249 907 3408 961 Patre
3462 918 3560 974 per
3619 885 3634 924 ⁷

1968 987 2165 1068 Filium
2199 1009 2437 1080 Spiritus
2465 1007 2875 1078 processionem
2899 1012 3162 1059 statuere.
3185 1000 3400 1054 Etenim
3430 987 3562 1052 iieet

1970 1121 2078 1160 non
2098 1104 2291 1158 iisdem
2315 1101 2494 1158 verbis
2518 1099 2898 1155 exsistentiam
2919 1096 3012 1152 sed
3035 1093 3440 1165 processionem
3465 1101 3564 1158 per

1970 1196 2170 1251 Filium
2200 1193 2693 1261 Patreslvocavere,
2717 1188 2913 1242 modus
2926 1183 3282 1249 exsistentire,
3304 1196 3412 1235 non
3431 1180 3561 1234 item

1971 1287 2296 1344 exsistentia
2311 1283 2592 1356 processio
2619 1291 2725 1343 est,
2746 1279 2892 1350 quod
2931 1287 3079 1332 certe
3107 1290 3171 1330 ac
3203 1272 3564 1330 determinate

276 1403 442 1469 ξεως,
477 1366 748 1468 οὓμενούν
782 1366 1023 1461 bna-ph;
1063 1391 1098 1461 ἡ
1131 1366 1490 1462 ἐκπόρευσις,
1532 1386 1632 1439 οὐκ
1674 1386 1740 1438 ἂν
1784 1383 1870 1454 εῐη

2013 1393 2068 1432 er
2104 1376 2303 1432 Filium
2350 1373 2735 1430 exsisteutiam
2806 1371 3010 1424 habere
3055 1366 3279 1430 dicitur,
3335 1376 3561 1418 causam

276 1457 342 1546 τὸ
496 1457 732 1560 βεϐαίως
776 1457 1404 1555 μηδ’νὼρισμένωςντὴν
1451 1477 1686 1562 ὓπαρξιν
1729 1475 1874 1545 ἔχειν

2016 1473 2125 1525 lum
2158 1469 2244 1524 sui
2271 1467 2455 1534 habet,
2491 1481 2589 1536 per
2638 1478 2804 1534 quem
2859 1460 3156 1532 procedere
3207 1457 3505 1512 asseritur.
3539 1471 3559 1505 ι

278 1547 578 1648 λεγόμῖενον
605 1575 674 1629 δι’
709 1547 876 1639 mod,
917 1547 1098 1626 αἴτιον
1121 1571 1288 1624 αὐτὸν
1315 1547 1462 1638 ἔχον,
1489 1547 1656 1620 δι’ίοῦ
1695 1564 1876 1616 θεολο-

2013 1563 2104 1618 laec
2139 1569 2267 1618 sunt
2301 1575 2456 1615 novae
2489 1561 2555 1612 de
2584 1554 2936 1628 processione
2966 1570 3032 1608 ex
3069 1551 3229 1606 Patre
3251 1565 3349 1620 per
3367 1547 3569 1602 Filium

285 1628 971 1738 ’ὲ-κπορευόμενον.
1007 1680 1028 1713 ι
1061 1659 1249 1713 Ταῦτα
1428 1628 1498 1708 τὰ
1535 1654 1637 1722 τῆς
1682 1651 1876 1720 καινῆς

2013 1653 2222 1724 ιρίτὶιυε
2255 1648 2724 1716 interpretationis
2755 1654 3089 1708 commenta,
3113 1659 3235 1713 quae
3253 1628 3570 1702 centerunt,

290 1731 470 1828 ἑπὶτῇ
503 1761 564 1811 ὲκ
589 1731 804 1825 Πατρδς
831 1753 898 1806 δι’
931 1751 1068 1806 Υἱοῦ
1101 1750 1436 1822 ὲκπορεύσει
1485 1745 1583 1799 τοῦ
1621 1743 1878 1812 Πνεύμα-

2013 1757 2044 1801 τι
2092 1745 2381 1816 interpreti
2444 1743 2692 1808 videtur,
2755 1739 3195 1809 eoadjuvantque
3244 1734 3406 1799 illos,
3475 1731 3572 1801 qui

439 1811 746 1918 {emam}
785 1811 1190 1905 ⁷συντείνοντα,
1245 1811 1326 1904 ib;
1379 1837 1458 1908 τῷ
1522 1837 1872 1907 ὲξηγουμένῳ

2013 1840 2245 1894 mionem
2307 1837 2486 1893 Patris
2551 1845 2606 1891 et
2639 1832 2759 1887 Filii
2815 1832 2870 1886 in
2915 1845 3084 1886 causa
3151 1828 3394 1898 Spiritus
3461 1839 3571 1880 non

289 1943 489 2006 ἐδόκει,
538 1941 652 2002 τοῖς
707 1939 810 2008 τὴν
869 1937 1098 2006 ἑνότητα
1132 1934 1343 2004 Πατρδς
1372 1933 1469 1986 καὶ
1511 1929 1644 1984 Υἰοῦ
1685 1929 1779 1983 ἐπὶ
1813 1929 1881 1998 τῇ

2013 1932 2246 1987 irobant.
2286 1928 2400 1984 Nos
2415 1943 2604 1998 porro,
2635 1928 2682 1982 si
2709 1941 2774 1981 ex
2807 1923 2972 1978 Patre
3001 1936 3096 1990 per
3124 1920 3318 1976 Filium
3356 1934 3576 1990 proces-

282 2035 444 2104 αἰτίᾳ
469 2033 546 2102 μὴ
567 2031 1032 2101 καταδεχομένοις
1058 2029 1156 2081 τοῦ
1183 2026 1536 2098 Πνεύματος.
1576 2025 1770 2094 Ἡμεῖς
1800 2023 1882 2087 δὲ,

2013 2031 2208 2083 ιίοηθιιι
2245 2025 2322 2080 nil
2380 2023 2531 2078 aliud
2574 2036 2740 2093 quam
2769 2035 2838 2074 ex
2873 2017 3036 2073 Patre
3070 2032 3168 2087 per
3196 2014 3394 2070 Filium
3425 2011 3575 2068 exsi-

282 2126 410 2196 εῖγε
439 2126 542 2194 τὴν
573 2126 638 2177 ὲκ
667 2122 881 2195 Πατρδς
918 2121 988 2175 δι’
1025 2119 1158 2174 Υίοῢ
1184 2119 1515 2189 ὲκπόρευσιν
1553 2115 1724 2186 μηδὲν
1757 2113 1888 2168 ἄλλο

2013 2121 2244 2176 .tentiam
2279 2115 2580 2190 signiﬁcari
2616 2112 3047 2177 ostenderimus,
3083 2125 3191 2165 non
3233 2109 3411 2164 solum
3438 2104 3574 2160 nihil

281 2221 320 2290 ἧ
349 2219 454 2291 τὴν
470 2219 536 2271 ὲκ
561 2216 778 2288 Πατρδς
800 2216 866 2268 δι’
890 2214 1026 2269 Υἰοῦ
1068 2212 1309 2284 ὕπαρξιν
1341 2209 1724 2280 σημαίνουσαν
1752 2208 1890 2260 ἀπο-

2013 2212 2252 2268 ttilitatis
2319 2211 2422 2264 hac
2477 2206 2932 2278 interpretatione
2993 2203 3256 2258 accedere
3311 2201 3574 2254 unionem

284 2283 567 2380 δείξομεν,
593 2309 655 2362 οὐ
684 2283 866 2378 *μόνον
899 2306 1054 2359 οὐδὲν
1087 2283 1212 2364 τοὺς
1241 2303 1344 2373 τὴν
1379 2301 1616 2370 ἑνότητα
1669 2296 1889 2368 Πατρδς

2013 2303 2172 2358 >atris
2203 2310 2258 2357 et
2311 2299 2438 2355 Filii
2506 2299 2561 2353 in
2615 2312 2786 2353 causa
2841 2295 3088 2366 Spiritus
3147 2283 3582 2364 pernegantibus

287 2408 390 2460 καὶ
414 2403 548 2457 Υἰοῦ
580 2404 673 2456 ἐπὶ
709 2404 776 2473 τῇ
810 2398 963 2470 αἰτίᾳ⁵
989 2397 1085 2452 τοῦ
1139 2395 1464 2465 Πνεύματος
1517 2389 1891 2462 ἀρνουμένους

2013 2395 2397 2458 iermittetnus,
2440 2390 2535 2447 sed
2570 2388 2867 2444 violentius
2907 2388 3055 2456 ipsos
3091 2399 3376 2455 cogemus,
3421 2381 3580 2435 nobis

291 2495 606 2551 ἀπόνασθαι
641 2494 743 2564 τῆς
775 2493 1097 2562 ἐξηγήσεως
1116 2489 1376 2560 ἐάσομεν,
1422 2485 1560 2539 ἀλλά
1589 2485 1686 2538 καὶ
1718 2483 1891 2554 βιαιο-

2013 2503 2143 2542 aanc
2176 2486 2436 2540 unionem
2473 2480 2848 2536 asserentibus
2894 2492 3092 2532 manus
3117 2477 3272 2540 dare,
3305 2481 3358 2529 et
3388 2473 3442 2526 in
3478 2486 3581 2526 no-

291 2589 470 2661 τέραν
502 2590 688 2651 αὐτοῖς
733 2588 816 2640 ὃτι
847 2584 996 2656 μάλα
1023 2585 1122 2654 τὴν
1167 2581 1415 2651 ἀνάγκην
1447 2576 1746 2647 ἐπάξομεν,
1779 2576 1891 2637 τοῖς

2013 2590 2169 2634 stram
2199 2577 2279 2631 ire
2297 2573 2652 2630 sententiam.
2689 2570 2903 2626 Etenim
2937 2569 2983 2626 si
3014 2568 3152 2623 nihil
3195 2567 3432 2623 validius
3472 2574 3580 2630 est,

446 2680 677 2749 ἑνότητα
710 2678 922 2745 ταύτην
975 2674 1300 2746 ὁμολογοῦσι
1360 2672 1686 2740 συντεθῆναι
1735 2669 1889 2738 ἡμῖν.

2013 2685 2159 2742 luam
2191 2668 2429 2740 propriis
2447 2666 2559 2721 alis
2589 2665 2735 2734 capi,
2775 2663 2894 2733 qui,
2919 2660 3065 2732 quod
3094 2659 3282 2714 Patres
3327 2673 3436 2712 non
3483 2657 3582 2710 iis-

297 2773 363 2826 Εἰ
394 2770 508 2841 γάρ
541 2771 694 2823 οὐδὲν
739 2767 835 2824 τοῦ
876 2767 1032 2829 ἰδίοις
1074 2767 1301 2836 πτεροῖς
1343 2761 1634 2816 ἁλίσκεθαι
1679 2757 1896 2827 ἰσχυρό-

2013 2765 2124 2819 iem
2168 2761 2398 2817 vocibus
2445 2757 2824 2814 exsistentiam
2874 2754 2970 2810 sed
3026 2752 3430 2825 processionem
3487 2764 3586 2819 per

295 2880 484 2932 τερον,
532 2863 560 2916 ό
597 2860 686 2915 διὰ
739 2859 802 2912 τὸ
862 2859 941 2928 μὴ
989 2857 1119 2921 τοὺς
1169 2854 1424 2924 Πατέρας
1453 2853 1651 2914 αὐταῖς
1681 2851 1892 2920 φωναῖς

2013 2854 2199 2910 Filium
2249 2866 2599 2923 expressere,
2628 2863 2854 2904 causam
2903 2845 3086 2902 aufert
3135 2861 3166 2900 a
3205 2843 3370 2907 Filio,
3405 2843 3588 2895 mani-

300 2955 584 3026 ὖπαρξιν,
641 2950 759 3006 ἀλλ’
811 2950 1146 3020 ὲκπόρευσιν
1200 2947 1270 3000 δι’
1318 2945 1452 2998 Υἰοῦ
1480 2945 1801 3016 εἰρηκέναι,
1833 2940 1895 2994 τὸ

2013 2948 2202 3002 Festum
2237 2951 2508 3004 remanet.
2543 2941 2590 2997 si
2645 2955 2747 2996 nos
2800 2937 3184 2995 exsistentiam
3237 2950 3335 3007 per
3386 2933 3586 2988 Filium

301 3045 484 3101 αἴτιον
523 3043 778 3116 ἀφαιρῶν
829 3043 925 3094 τὸν
975 3040 1129 3104 Υἱὸν,
1165 3039 1327 3110 δῆλον
1376 3037 1452 3100 ὼς
1505 3038 1606 3107 τὴν
1657 3033 1897 3106 ὕπαρξιν

2013 3037 2591 3098 lemonstraverimus,
2674 3032 2857 3089 valida
2908 3029 3238 3086 necessitate
3301 3035 3586 3087 coactum,

301 3132 746 3192 ἀποδεικνύντων
776 3130 938 3201 ἡμῶν
983 3129 1071 3184 διὰ
1096 3127 1252 3192 Υἰοῦ,
1285 3128 1536 3198 ἰσχυραῖς
1573 3127 1694 3188 ταῖς
1725 3125 1897 3192 ἀνάγ-

2013 3145 2231 3201 prorsus
2274 3129 2326 3183 id
2384 3140 2800 3182 eoncessurum.
2833 3123 2973 3179 Cum
3043 3121 3161 3176 ﬁeri
3217 3117 3371 3174 nullo
3425 3117 3592 3172 modo

303 3245 438 3292 aut;
477 3225 642 3280 δώσει
678 3225 838 3279 αὑτό.
887 3223 1044 3277 Ἐπεὶ
1067 3223 1191 3293 μηδ’
1226 3221 1347 3275 ἔστι
1386 3219 1612 3274 δυνατὸν
1641 3216 1896 3287 οὐδαμῶς

305 3319 406 3372 τὸν
433 3319 502 3389 τῇ
521 3316 801 3385 ἀποφάσει
826 3315 928 3385 τῆς
951 3314 1241 3385 ὑπάρξεως
1270 3312 1612 3384 ἀφαιροῦντα
1636 3310 1696 3364 τὸ
1718 3311 1899 3364 αἴτιον

314 3410 396 3480 μὴ
424 3408 583 3462 τοῦτο
629 3406 816 3463 δοῦναι
859 3409 930 3478 τῇ
981 3406 1326 3475 καταφάσει,
1375 3407 1472 3459 καὶ
1523 3403 1765 3474 μάλιστα
1810 3404 1901 3457 ὅτε

315 3501 485 3570 μέλον
505 3500 653 3554 ἐστὶν
677 3497 852 3569 αὐτῷ,
884 3499 1021 3568 ὅπερ
1052 3501 1145 3552 καὶ
1164 3500 1298 3552 πᾶσι
1324 3501 1437 3560 τοῖς
1468 3497 1904 3566 ἐναντιουμένοις

317 3593 456 3664 ᾐμίν
485 3586 646 3645 οῐσθα
675 3591 902 3661 προσδν,
933 3590 1116 3659 λόγοις
1143 3591 1238 3644 καὶ
1265 3590 1488 3644 κανόσιν
1512 3588 1900 3660 ἑμφιλοσόφοις

317 3681 843 3755 προσδιαλέγεσθαι.

397 3780 473 3841 γ’.
515 3774 659 3826 Ἀλλ’
712 3774 863 3836 ὅπως
915 3773 1015 3844 μὲν
1047 3773 1228 3839 λόγοις
1258 3773 1524 3836 τοιούτοις
1579 3773 1674 3827 καὶ
1717 3772 1907 3826 κανόσι

317 3866 555 3918 τοιοῖσδε
576 3865 626 3918 οἱ
646 3863 1019 3931 ἀντιλέγοντες
1047 3866 1180 3934 ἡμῖν
1193 3864 1640 3933 προσανέχουσιν,
1662 3862 1736 3924 ὡς
1758 3865 1910 3932 ἀκρι-

323 3956 420 4020 6ὲς
469 3955 652 4023 λέγειν
677 3956 739 4008 τὸ
785 3955 985 4025 παρὸν,
1021 3955 1210 4010 ἐατέον
1255 3953 1392 4008 ἐστί.
1429 3954 1612 4025 Βραχὺ
1645 3954 1704 4007 δὲ
1751 3953 1910 4006 τοῦτο

325 4047 496 4117 μόνον
548 4046 831 4117 εἰρηκότες
886 4047 1070 4117 ἡμεῖς,
1121 4047 1197 4110 ὡς
1257 4049 1408 4102 πᾶσα
1445 4048 1659 4109 τούτοις
1694 4047 1728 4117 ὴ
1781 4046 1913 4117 περὶ

318 4135 486 4190 τοῦτο
532 4135 760 4204 σπουδὴ,
797 4134 872 4200 ὡς
899 4133 967 4188 ἂν
1005 4135 1258 4190 ἐντεῦθεν
1299 4137 1484 4207 χώραν
1511 4137 1566 4190 οἰ
1613 4135 1914 4205 παραλογι-

325 4229 484 4300 apol,
516 4223 599 4293 οἷς
625 4227 695 4282 τά
729 4226 901 4282 πολλὰ
927 4228 1218 4298 τεθήπασι,
1255 4230 1457 4298 σχοῖεν,
1488 4228 1550 4281 τὸ
1575 4230 1683 4281 πᾶν
1709 4227 1804 4281 τοῦ
1829 4226 1918 4281 λό-

324 4339 433 4393 γου
472 4321 613 4392 πρὸς
643 4319 920 4384 ἀπόδειξιν
947 4319 1043 4373 τοῦ
1075 4319 1241 4390 μηδὲν
1265 4318 1396 4373 ἄλλο
1426 4321 1580 4394 ἢτὴν
1609 4321 1674 4374 ἐκ
1705 4319 1919 4391 Πατρὺς

325 4413 401 4470 δι’
435 4411 570 4468 Υἰοῦ
608 4411 843 4484 ὓπαρξιν
871 4413 973 4482 τὴν
1011 4413 1074 4464 ἐκ
1105 4411 1318 4482 Πατρδς
1354 4411 1422 4464 δι’
1452 4410 1584 4465 Υἰοῦ
1630 4411 1918 4482 σημαίνειν

222 4503 226 4505 ’
330 4505 670 4577 ἑκπόρευσιν
719 4479 815 4556 τοῦ
846 4479 1168 4573 Πνεῦματος
1211 4479 1509 4572 τρέψομεν,
1539 4479 1789 4564 ὃπως-’ἂν
1815 4501 1917 4554 αὐ-
1946 4479 1996 4539 Ῑ)

333 4601 453 4664 τοῖς
489 4597 658 4669 πολλῇ
687 4599 786 4667 τῆς
827 4593 984 4664 δίκης
1031 4593 1323 4665 περιουσία
1352 4597 1453 4662 τὴν
1492 4592 1794 4664 εἰρημένην
1825 4593 1922 4662 τῆς

330 4687 631 4765 ὁμολογίας
677 4687 926 4758 ἀνάγκην
976 4684 1289 4756 ἐπάξωμεν.
1341 4686 1538 4740 Ἔσται
1587 4684 1646 4737 δὲ
1702 4684 1835 4755 ἡμῖν
1887 4686 1923 4752 η

333 4779 722 4850 ἀναγκαστικὴ
751 4781 854 4850 τῆς
896 4777 1190 4850 ὁμολογίας
1230 4776 1434 4840 ταύτης
1467 4776 1745 4842 ἀπόδειξις
1796 4775 1927 4847 ῥᾷον

337 4874 741 4945 προϐαίνουσα,
772 4871 917 4926 οὕτω
941 4870 1006 4943 δὴ
1040 4870 1133 4924 τὸν
1166 4869 1326 4939 λόγον
1356 4869 1492 4939 πρὸς
1521 4869 1684 4922 αὐτὸν
1717 4869 1926 4921 ἐκεῖνον

332 4966 434 5021 τὸν
458 4962 830 5036 ἐξηγούμενον
857 4964 1260 5018 ἀποτείνουσιν.
1288 4957 1438 5033 Ἆρ’,
1463 4953 1508 5014 ὦ
1539 4961 1804 5032 βέλτιστε,
1837 4962 1926 5016 διὰ

339 5057 510 5113 τοῦτό
536 5074 620 5112 σοι
645 5055 777 5110 ἄλλο
809 5057 908 5127 μὲν
931 5054 1190 5126 ὕπαρξις,
1224 5053 1352 5107 άλλο
1375 5053 1432 5106 δὲ
1459 5055 1487 5107 ὁ
1511 5057 1613 5122 σῆς
1641 5053 1929 5124 ὑπάρξεως

337 5151 544 5222 τρόπος
581 5150 750 5217 δοκεῖ,
779 5151 860 5204 ὅτι
890 5146 1165 5210 οὗσιωδῶς
1203 5147 1302 5217 μὶν
1331 5148 1364 5215 ἡ
1403 5142 1658 5214 ὓπαρξις,
1707 5146 1785 5206 εἰς
1815 5145 1930 5196 δια-

341 5245 521 5315 φορᾶς
548 5243 605 5296 δὲ
631 5241 791 5310 λόγον
832 5243 859 5294 ὁ
889 5243 990 5310 τῆς
1033 5239 1322 5310 ὑπάρξεως
1354 5240 1557 5308 τρόπος
1595 5239 1922 5307 κατηγορεῖ-

339 5353 437 5390 ται
465 5334 562 5387 τοῦ
609 5332 990 5404 ὑπαρκτικοῦ;
1017 5332 1116 5385 Διὰ
1149 5331 1308 5384 τοῦτο
1342 5331 1558 5390 πάντως
1600 5329 1695 5380 καὶ
1727 5328 1827 5380 οὐκ
1862 5327 1927 5381 ἄν

342 5446 400 5482 τι
431 5427 562 5483 ἄλλο
595 5426 742 5496 ἔχεις
775 5426 970 5479 εἰπεῖν.
1005 5422 1170 5477 Ἀλλά
1204 5423 1263 5476 τὸ
1288 5420 1479 5475 δοκοῦν
1511 5437 1596 5472 σοι
1619 5418 1777 5471 τοῦτο
1809 5435 1926 5472 στι·-

342 5521 516 5590 6αρὸν
549 5519 649 5572 καὶ
685 5517 1041 5587 δυσάντητον,
1077 5514 1152 5578 ὡς
1189 5515 1336 5576 ἱστὸς
1377 5513 1643 5583 ἀράχνης,
1679 5509 1930 5580 διαλυθή-

347 5629 525 5675 σεται,
561 5611 733 5682 μηδὲν
766 5609 893 5664 ἄλλο
924 5611 1015 5662 τὸν
1049 5609 1150 5679 τῆς
1189 5606 1478 5677 ὑπάρξεως
1518 5604 1719 5672 τρόπον
1767 5603 1802 5674 ἦ
1831 5603 1959 5673 τῆν’

343 5704 557 5758 τοιάνδε
586 5701 783 5772 δηλοῦν
823 5699 1343 5769 ’ἀντιπροτεινόντων
1386 5695 1542 5766 ἡμῶν
1571 5691 1833 5765 ὓπαρξιν.
1867 5694 1930 5746 Εἰ

349 5797 458 5866 γὰρ
491 5795 704 5849 τοιάνδε
751 5791 984 5864 ὓπαρξιν
1015 5794 1041 5844 ὁ
1077 5791 1177 5861 τῆς
1211 5787 1494 5860 ὑπάρξεως
1525 5786 1722 5857 τρόπος
1751 5786 1926 5856 δηλοῖ,

2004 3225 2186 3295 possit
2222 3231 2283 3277 ut
2310 3220 2402 3291 qui
2449 3218 2739 3288 negatione
2771 3215 3107 3271 exsistemize
3133 3226 3356 3268 causam
3389 3210 3590 3273 aufert,

2004 3333 2111 3373 non
2142 3331 2262 3371 eam
2309 3315 2458 3369 illius
2491 3310 2854 3366 aliirmatione
2879 3297 3169 3370 concedat,
3218 3311 3272 3358 et
3324 3305 3596 3372 praecipue

2004 3425 2130 3464 eum
2159 3407 2240 3462 illi
2275 3420 2424 3460 cura:
2456 3414 2562 3468 est,
2596 3401 2746 3473 quod
2776 3409 2830 3454 et
2869 3400 3062 3463 nobis,
3099 3406 3155 3452 et
3195 3394 3455 3451 omnibus
3495 3386 3594 3462 qui

2007 3503 2166 3559 nobis
2193 3501 2558 3556 adversantur
2616 3494 2894 3565 peculiare
2941 3506 3064 3546 esse
3117 3489 3258 3544 bene
3286 3487 3592 3556 cognoscis,

2007 3593 2317 3651 rationibus
2350 3599 2404 3644 et
2430 3587 2632 3658 regulis
2673 3583 3072 3656 philosophieis
3115 3583 3282 3636 verba
3313 3579 3517 3634 facere.

2029 3771 2040 3779 ’
2079 3781 2134 3836 ’5.
2167 3778 2274 3836 Sed
2305 3773 2583 3848 quomodo
2615 3770 2887 3828 similibus
2937 3767 3249 3823 rationibus
3286 3774 3340 3820 et
3393 3765 3596 3834 regulis

2013 3875 2258 3930 animum
2309 3869 2622 3931 advertunt,
2663 3865 2758 3934 qui
2812 3878 2914 3918 nos
2957 3875 3277 3931 oppugnare
3324 3859 3598 3924 nituntur,

2014 3975 2265 4025 accurate
2295 3964 2497 4026 dicere,
2529 3961 2583 4014 in
2607 3960 2753 4014 aliud
2780 3968 2993 4027 tempus
3014 3955 3374 4011 ditIerenduni
3406 3954 3599 4009 viden-

2015 4072 2106 4118 tur
2142 4078 2156 4115 :
2189 4058 2283 4115 ubi
2315 4057 2479 4112 breve
2525 4055 2631 4108 hoc
2659 4052 2813 4122 prius
2862 4050 3350 4112 notiﬁeaverimus,
3403 4063 3597 4102 eorum

2017 4151 2270 4206 universa
2307 4145 2488 4202 studia
2541 4142 2789 4208 tendere,
2845 4151 2906 4196 ut
2961 4142 3087 4195 inde
3135 4141 3314 4196 locum
3365 4140 3604 4195 habeant

2018 4239 2371 4311 deceptiones
2426 4245 2480 4292 et
2527 4233 2790 4299 fraudes,
2841 4233 3044 4304 quibus
3089 4232 3166 4286 illi
3213 4232 3281 4286 ad
3324 4242 3602 4300 stuporem

2020 4332 2384 4394 delectantur,
2427 4326 2736 4382 orationem
2767 4326 3082 4380 universam
3116 4323 3182 4377 ad
3215 4323 3613 4378 demonstran--

2022 4423 2155 4477 dum
2194 4418 2332 4474 nihil
2354 4416 2503 4472 aliud
2537 4416 2804 4471 denotare
2829 4429 2895 4469 ex
2933 4413 3092 4468 Patre
3115 4428 3211 4482 per
3243 4410 3443 4466 Filium
3473 4427 3604 4481 pro-

2024 4514 2348 4576 eessionem,
2384 4523 2549 4580 quam
2579 4523 2645 4563 ex
2679 4506 2839 4562 Patre
2878 4521 2972 4576 per
3000 4504 3198 4560 Filium
3229 4503 3603 4560 exsistentiam

2029 4607 2286 4678 Spiritus,
2321 4608 2726 4662 convertemus,
2777 4607 2838 4652 ut
2883 4598 3040 4669 ipsis,
3096 4597 3268 4653 multo
3320 4595 3377 4652 in
3437 4595 3607 4653 simili

2027 4712 2193 4757 causa
2218 4695 2536 4765 superiores
2563 4692 2690 4748 laeti
2711 4692 2942 4755 dictum,
2961 4692 3042 4746 uti
3073 4705 3162 4747 res
3181 4698 3286 4756 est,
3314 4687 3608 4744 conﬁtendi

2028 4785 2408 4842 necessitatem
2439 4783 2810 4851 imponamus.
2840 4778 3244 4835 Demonstratio
3291 4792 3421 4832 vero
3469 4777 3608 4841 hac,

2027 4892 2152 4948 qua:
2181 4875 2496 4931 necessario
2537 4882 2721 4944 cogat,
2753 4870 2971 4927 facilius
3013 4869 3292 4941 procedet,
3323 4869 3369 4925 si
3399 4884 3611 4925 sermu-

2028 4983 2154 5022 nem
2179 4965 2446 5020 adversus
2476 4963 2675 5018 similis
2706 4960 3170 5031 interpretationis
3200 4971 3480 5017 auctorem
3511 4961 3612 5014 lmc

2030 5055 2192 5110 modo
2218 5055 2557 5124 digeremus.
2587 5051 2881 5121 Propterea
2905 5067 2998 5116 ne,
3031 5067 3066 5106 ο
3095 5051 3177 5106 vir
3209 5051 3432 5116 eximie,
3462 5049 3611 5105 aliud

2031 5146 2448 5208 cxsistentiam,
2512 5151 2564 5197 et
2620 5141 2769 5197 aliud
2825 5142 3164 5198 exsistentiaa
3216 5142 3441 5196 modum
3491 5155 3614 5195 esse

2031 5236 2319 5301 discernis,
2378 5235 2524 5304 quod
2582 5235 2793 5289 ratione
2848 5235 3100 5289 essentia:
3153 5233 3496 5295 exsistentia,
3544 5230 3612 5283 ad

2033 5331 2328 5388 notandam
2366 5345 2497 5384 vero
2542 5329 2906 5384 diﬂereutiam
2960 5330 3297 5384 exsistentize
3327 5327 3522 5382 modus
3547 5324 3616 5379 de

2034 5440 2121 5488 eo,
2163 5426 2306 5493 quod
2341 5423 2574 5486 exsistit,
2621 5422 2994 5491 praedicatur?
3032 5419 3326 5489 Propterea
3365 5431 3615 5486 prorsus,

2037 5528 2209 5581 neque
2234 5511 2380 5564 aliud
2415 5526 2656 5581 unquam
2707 5510 3054 5566 iudicaveris.
3089 5507 3194 5562 Sed
3253 5509 3356 5563 hoc
3388 5506 3476 5561 hic
3517 5508 3615 5562 tibi

2036 5607 2253 5661 videtur
2291 5605 2720 5670 validissimum,
2751 5614 2803 5660 et
2834 5607 2900 5658 ad
2933 5603 3078 5672 quod
3130 5617 3288 5657 nemo
3321 5609 3618 5672 responde-

2035 5701 2126 5762 rit,
2170 5700 2332 5752 veluti
2359 5714 2572 5752 aramae
2606 5699 2708 5752 tela
2747 5695 3096 5760 dissolvetur,
3134 5694 3264 5748 dum
3301 5711 3400 5751 nos
3429 5707 3616 5751 θυμω-ο

2042 5807 2406 5863 opponemus,
2449 5790 2579 5847 ῖ,’ζ·.ἰ
2617 5788 2761 5842 aliud
2807 5787 3137 5842 cxsisteutim
3177 5789 3418 5855 modum,
3457 5805 3618 5858 quam
