  <div class='ocr_page' id='page_1' title='image "/cluster/home/n/w/nwhite01/storage/ocr_20150623/141/coo.31924054870468/183.png"; bbox 0 0 4002 6408; ppageno 0'>
   <div class='ocr_carea' id='block_1_1' title="bbox 487 332 599 398">
    <p class='ocr_par' dir='ltr' id='par_1_1' title="bbox 487 332 599 398">
     <span class='ocr_line' id='line_1_1' title="bbox 487 332 599 398; baseline -0.018 0"><span class='ocrx_word' id='word_1_1' title='bbox 487 332 599 398; x_wconf 80' lang='grc'><strong>359</strong></span> 
     </span>
    </p>
   </div>
   <div class='ocr_carea' id='block_1_2' title="bbox 1533 331 2708 396">
    <p class='ocr_par' dir='ltr' id='par_1_2' title="bbox 1533 331 2708 396">
     <span class='ocr_line' id='line_1_2' title="bbox 1533 331 2708 396; baseline 0.003 -4"><span class='ocrx_word' id='word_1_2' title='bbox 1533 331 1745 392; x_wconf 80' lang='lat' dir='ltr'>JOAN.</span> <span class='ocrx_word' id='word_1_3' title='bbox 1789 331 2005 392; x_wconf 76' lang='lat' dir='ltr'><strong>VECCI</strong></span> <span class='ocrx_word' id='word_1_4' title='bbox 2045 334 2153 395; x_wconf 74' lang='grc' dir='ltr'><strong>(ΖΡ.</strong></span> <span class='ocrx_word' id='word_1_5' title='bbox 2201 334 2708 396; x_wconf 66' lang='grc' dir='ltr'><strong>ΡΑΤῖΠΛΠΟΙΙ.-Ε</strong></span> 
     </span>
    </p>
   </div>
   <div class='ocr_carea' id='block_1_3' title="bbox 3653 334 3754 394">
    <p class='ocr_par' dir='ltr' id='par_1_3' title="bbox 3653 334 3754 394">
     <span class='ocr_line' id='line_1_3' title="bbox 3653 334 3754 394; baseline -0.01 0"><span class='ocrx_word' id='word_1_6' title='bbox 3653 334 3754 394; x_wconf 76' lang='lat'><strong>350</strong></span> 
     </span>
    </p>
   </div>
   <div class='ocr_carea' id='block_1_4' title="bbox 487 447 2086 523">
    <p class='ocr_par' dir='ltr' id='par_1_4' title="bbox 487 447 2070 522">
     <span class='ocr_line' id='line_1_4' title="bbox 487 447 2070 522; baseline -0.004 -12"><span class='ocrx_word' id='word_1_7' title='bbox 487 455 653 510; x_wconf 82' lang='lat' dir='ltr'><strong>talem</strong></span> <span class='ocrx_word' id='word_1_8' title='bbox 687 452 1063 508; x_wconf 76' lang='lat' dir='ltr'><strong>exsistentiam</strong></span> <span class='ocrx_word' id='word_1_9' title='bbox 1098 449 1430 522; x_wconf 79' lang='lat' dir='ltr'><strong>signiﬁcare.</strong></span> <span class='ocrx_word' id='word_1_10' title='bbox 1477 447 1612 502; x_wconf 84' lang='lat' dir='ltr'><strong>Nam</strong></span> <span class='ocrx_word' id='word_1_11' title='bbox 1645 449 1690 503; x_wconf 90' lang='lat' dir='ltr'><strong>si</strong></span> <span class='ocrx_word' id='word_1_12' title='bbox 1724 449 1884 502; x_wconf 90' lang='lat' dir='ltr'><strong>talem</strong></span> <span class='ocrx_word' id='word_1_13' title='bbox 1921 449 2070 503; x_wconf 79' lang='lat' dir='ltr'><strong>exsi-</strong></span> 
     </span>
    </p>
   </div>
   <div class='ocr_carea' id='block_1_5' title="bbox 2191 447 3759 523">
    <p class='ocr_par' dir='ltr' id='par_1_5' title="bbox 2191 447 3759 523">
     <span class='ocr_line' id='line_1_5' title="bbox 2191 447 3759 523; baseline -0.004 -19"><span class='ocrx_word' id='word_1_14' title='bbox 2191 449 2296 514; x_wconf 76' lang='grc' dir='ltr'>πῶς</span> <span class='ocrx_word' id='word_1_15' title='bbox 2327 453 2354 504; x_wconf 86' lang='grc' dir='ltr'>ό</span> <span class='ocrx_word' id='word_1_16' title='bbox 2382 455 2479 523; x_wconf 79' lang='grc' dir='ltr'>τῆς</span> <span class='ocrx_word' id='word_1_17' title='bbox 2531 453 2819 518; x_wconf 74' lang='grc' dir='ltr'><strong>ὑπάρξεως</strong></span> <span class='ocrx_word' id='word_1_18' title='bbox 2867 451 3068 522; x_wconf 80' lang='grc' dir='ltr'><strong>τρόπος</strong></span> <span class='ocrx_word' id='word_1_19' title='bbox 3101 451 3198 520; x_wconf 75' lang='grc' dir='ltr'>οὐχ</span> <span class='ocrx_word' id='word_1_20' title='bbox 3234 450 3500 522; x_wconf 81' lang='grc' dir='ltr'>ὓπαρξις;</span> <span class='ocrx_word' id='word_1_21' title='bbox 3534 449 3658 502; x_wconf 87' lang='grc' dir='ltr'>Ὅτι</span> <span class='ocrx_word' id='word_1_22' title='bbox 3703 447 3759 501; x_wconf 72' lang='grc' dir='ltr'><strong>δὲ</strong></span> 
     </span>
    </p>
   </div>
   <div class='ocr_carea' id='block_1_6' title="bbox 492 541 2078 609">
    <p class='ocr_par' dir='ltr' id='par_1_6' title="bbox 492 541 2078 609">
     <span class='ocr_line' id='line_1_6' title="bbox 492 541 2078 609; baseline -0.004 -8"><span class='ocrx_word' id='word_1_23' title='bbox 492 545 749 602; x_wconf 84' lang='lat' dir='ltr'><strong>stentiam</strong></span> <span class='ocrx_word' id='word_1_24' title='bbox 810 543 1146 596; x_wconf 68' lang='lat' dir='ltr'><strong>exsistcntiae</strong></span> <span class='ocrx_word' id='word_1_25' title='bbox 1209 541 1403 596; x_wconf 87' lang='lat' dir='ltr'><strong>modus</strong></span> <span class='ocrx_word' id='word_1_26' title='bbox 1465 549 1654 601; x_wconf 89' lang='lat' dir='ltr'><strong>notat,</strong></span> <span class='ocrx_word' id='word_1_27' title='bbox 1693 555 1802 609; x_wconf 88' lang='lat' dir='ltr'><strong>qua</strong></span> <span class='ocrx_word' id='word_1_28' title='bbox 1865 542 2078 594; x_wconf 88' lang='lat' dir='ltr'><strong>ratione</strong></span> 
     </span>
    </p>
   </div>
   <div class='ocr_carea' id='block_1_7' title="bbox 493 631 2078 692">
    <p class='ocr_par' dir='ltr' id='par_1_7' title="bbox 493 631 2078 692">
     <span class='ocr_line' id='line_1_7' title="bbox 493 631 2078 692; baseline -0.003 0"><span class='ocrx_word' id='word_1_29' title='bbox 493 635 830 692; x_wconf 78' lang='lat' dir='ltr'><strong>exsistentiae</strong></span> <span class='ocrx_word' id='word_1_30' title='bbox 861 635 1054 687; x_wconf 91' lang='lat' dir='ltr'><strong>modus</strong></span> <span class='ocrx_word' id='word_1_31' title='bbox 1079 647 1184 686; x_wconf 92' lang='lat' dir='ltr'><strong>non</strong></span> <span class='ocrx_word' id='word_1_32' title='bbox 1221 632 1383 686; x_wconf 78' lang='lat' dir='ltr'><strong>fuerit</strong></span> <span class='ocrx_word' id='word_1_33' title='bbox 1416 631 1780 686; x_wconf 82' lang='lat' dir='ltr'><strong>exsistrntia?</strong></span> <span class='ocrx_word' id='word_1_34' title='bbox 1813 631 1924 685; x_wconf 82' lang='lat' dir='ltr'><strong>Huc</strong></span> <span class='ocrx_word' id='word_1_35' title='bbox 1948 648 2078 686; x_wconf 80' lang='lat' dir='ltr'><strong>vero</strong></span> 
     </span>
    </p>
   </div>
   <div class='ocr_carea' id='block_1_8' title="bbox 494 724 2114 794">
    <p class='ocr_par' dir='ltr' id='par_1_8' title="bbox 494 724 2114 794">
     <span class='ocr_line' id='line_1_8' title="bbox 494 724 2114 794; baseline -0.002 -14"><span class='ocrx_word' id='word_1_36' title='bbox 494 727 599 781; x_wconf 84' lang='lat' dir='ltr'><strong>sibi</strong></span> <span class='ocrx_word' id='word_1_37' title='bbox 626 727 763 780; x_wconf 78' lang='lat' dir='ltr'><strong>Velle</strong></span> <span class='ocrx_word' id='word_1_38' title='bbox 797 739 896 777; x_wconf 68' lang='lat' dir='ltr'><strong>nec</strong></span> <span class='ocrx_word' id='word_1_39' title='bbox 931 725 1076 777; x_wconf 87' lang='lat' dir='ltr'><strong>aliud</strong></span> <span class='ocrx_word' id='word_1_40' title='bbox 1106 724 1378 794; x_wconf 72' lang='lat' dir='ltr'><strong>dogmatis</strong></span> <span class='ocrx_word' id='word_1_41' title='bbox 1411 725 1716 785; x_wconf 86' lang='lat' dir='ltr'><strong>veritatem,</strong></span> <span class='ocrx_word' id='word_1_42' title='bbox 1738 724 1964 777; x_wconf 79' lang='lat' dir='ltr'><strong>dicenda</strong></span> <span class='ocrx_word' id='word_1_43' title='bbox 1986 740 2079 794; x_wconf 90' lang='lat' dir='ltr'><strong>per</strong></span> <span class='ocrx_word' id='word_1_44' title='bbox 2111 785 2114 790; x_wconf 33' lang='grc' dir='ltr'>ι</span> 
     </span>
    </p>
   </div>
   <div class='ocr_carea' id='block_1_9' title="bbox 495 814 2080 889">
    <p class='ocr_par' dir='ltr' id='par_1_9' title="bbox 495 814 2080 889">
     <span class='ocr_line' id='line_1_9' title="bbox 495 814 2080 889; baseline -0.001 -18"><span class='ocrx_word' id='word_1_45' title='bbox 495 832 675 889; x_wconf 86' lang='lat' dir='ltr'><strong>partes</strong></span> <span class='ocrx_word' id='word_1_46' title='bbox 715 818 1074 871; x_wconf 78' lang='lat' dir='ltr'><strong>considerans</strong></span> <span class='ocrx_word' id='word_1_47' title='bbox 1097 857 1110 880; x_wconf 93' lang='lat'><strong>,</strong></span> <span class='ocrx_word' id='word_1_48' title='bbox 1164 817 1324 884; x_wconf 86' lang='lat' dir='ltr'><strong>plane</strong></span> <span class='ocrx_word' id='word_1_49' title='bbox 1353 817 1668 884; x_wconf 80' lang='lat' dir='ltr'><strong>digttusces.</strong></span> <span class='ocrx_word' id='word_1_50' title='bbox 1724 814 1968 885; x_wconf 85' lang='lat' dir='ltr'><strong>Namque</strong></span> <span class='ocrx_word' id='word_1_51' title='bbox 1998 817 2080 869; x_wconf 91' lang='lat' dir='ltr'><strong>di-</strong></span> 
     </span>
    </p>
   </div>
   <div class='ocr_carea' id='block_1_10' title="bbox 492 908 2078 978">
    <p class='ocr_par' dir='ltr' id='par_1_10' title="bbox 492 908 2078 978">
     <span class='ocr_line' id='line_1_10' title="bbox 492 908 2078 978; baseline -0.003 -13"><span class='ocrx_word' id='word_1_52' title='bbox 492 915 621 965; x_wconf 84' lang='lat' dir='ltr'><strong>cito.</strong></span> <span class='ocrx_word' id='word_1_53' title='bbox 694 909 974 963; x_wconf 82' lang='lat' dir='ltr'><strong>Faterisne</strong></span> <span class='ocrx_word' id='word_1_54' title='bbox 1013 925 1136 963; x_wconf 84' lang='lat' dir='ltr'><strong>cum</strong></span> <span class='ocrx_word' id='word_1_55' title='bbox 1176 909 1316 961; x_wconf 84' lang='lat' dir='ltr'><strong>dicis</strong></span> <span class='ocrx_word' id='word_1_56' title='bbox 1363 908 1626 977; x_wconf 89' lang='lat' dir='ltr'><strong>Spiritum</strong></span> <span class='ocrx_word' id='word_1_57' title='bbox 1656 924 1721 962; x_wconf 76' lang='lat' dir='ltr'><strong>ex</strong></span> <span class='ocrx_word' id='word_1_58' title='bbox 1761 909 1916 962; x_wconf 84' lang='lat' dir='ltr'><strong>Patre</strong></span> <span class='ocrx_word' id='word_1_59' title='bbox 1954 926 2078 978; x_wconf 92' lang='lat' dir='ltr'><strong>pro-</strong></span> 
     </span>
    </p>
   </div>
   <div class='ocr_carea' id='block_1_11' title="bbox 491 1001 2081 1063">
    <p class='ocr_par' dir='ltr' id='par_1_11' title="bbox 491 1001 2081 1063">
     <span class='ocr_line' id='line_1_11' title="bbox 491 1001 2081 1063; baseline -0.003 -5"><span class='ocrx_word' id='word_1_60' title='bbox 491 1003 704 1063; x_wconf 76' lang='lat' dir='ltr'><strong>cedere.</strong></span> <span class='ocrx_word' id='word_1_61' title='bbox 745 1019 811 1055; x_wconf 78' lang='lat' dir='ltr'><strong>ex</strong></span> <span class='ocrx_word' id='word_1_62' title='bbox 870 1001 1030 1055; x_wconf 83' lang='lat' dir='ltr'><strong>Patre</strong></span> <span class='ocrx_word' id='word_1_63' title='bbox 1082 1001 1335 1053; x_wconf 78' lang='lat' dir='ltr'><strong>eumdem</strong></span> <span class='ocrx_word' id='word_1_64' title='bbox 1399 1001 1780 1054; x_wconf 78' lang='lat' dir='ltr'><strong>t-xsistentiam</strong></span> <span class='ocrx_word' id='word_1_65' title='bbox 1835 1001 2081 1054; x_wconf 76' lang='lat' dir='ltr'><strong>habere?</strong></span> 
     </span>
    </p>
   </div>
   <div class='ocr_carea' id='block_1_12' title="bbox 496 1091 2076 1160">
    <p class='ocr_par' dir='ltr' id='par_1_12' title="bbox 496 1091 2076 1160">
     <span class='ocr_line' id='line_1_12' title="bbox 496 1091 2076 1160; baseline -0.001 -12"><span class='ocrx_word' id='word_1_66' title='bbox 496 1093 728 1160; x_wconf 82' lang='lat' dir='ltr'><strong>Fateris,</strong></span> <span class='ocrx_word' id='word_1_67' title='bbox 783 1111 885 1149; x_wconf 89' lang='lat' dir='ltr'><strong>nec</strong></span> <span class='ocrx_word' id='word_1_68' title='bbox 941 1095 1125 1157; x_wconf 76' lang='lat' dir='ltr'><strong>fallor,</strong></span> <span class='ocrx_word' id='word_1_69' title='bbox 1176 1108 1362 1146; x_wconf 77' lang='lat' dir='ltr'><strong>rerum</strong></span> <span class='ocrx_word' id='word_1_70' title='bbox 1413 1108 1476 1146; x_wconf 77' lang='lat' dir='ltr'><strong>ex</strong></span> <span class='ocrx_word' id='word_1_71' title='bbox 1535 1091 1696 1146; x_wconf 80' lang='lat' dir='ltr'><strong>Patre</strong></span> <span class='ocrx_word' id='word_1_72' title='bbox 1751 1095 1852 1146; x_wconf 87' lang='lat' dir='ltr'><strong>hoc</strong></span> <span class='ocrx_word' id='word_1_73' title='bbox 1915 1093 2076 1146; x_wconf 89' lang='lat' dir='ltr'><strong>modo</strong></span> 
     </span>
    </p>
   </div>
   <div class='ocr_carea' id='block_1_13' title="bbox 492 1186 2073 1255">
    <p class='ocr_par' dir='ltr' id='par_1_13' title="bbox 492 1186 2073 1255">
     <span class='ocr_line' id='line_1_13' title="bbox 492 1186 2073 1255; baseline -0.002 -14"><span class='ocrx_word' id='word_1_74' title='bbox 492 1187 745 1241; x_wconf 86' lang='lat' dir='ltr'><strong>iudicans</strong></span> <span class='ocrx_word' id='word_1_75' title='bbox 802 1186 1042 1255; x_wconf 89' lang='lat' dir='ltr'><strong>Spirilns</strong></span> <span class='ocrx_word' id='word_1_76' title='bbox 1081 1202 1176 1255; x_wconf 88' lang='lat' dir='ltr'><strong>per</strong></span> <span class='ocrx_word' id='word_1_77' title='bbox 1213 1186 1627 1254; x_wconf 82' lang='lat' dir='ltr'><strong>processiouent</strong></span> <span class='ocrx_word' id='word_1_78' title='bbox 1673 1186 2073 1247; x_wconf 66' lang='lat' dir='ltr'><strong>exsistentiatn,</strong></span> 
     </span>
    </p>
   </div>
   <div class='ocr_carea' id='block_1_14' title="bbox 491 1278 2078 1344">
    <p class='ocr_par' dir='ltr' id='par_1_14' title="bbox 491 1278 2078 1344">
     <span class='ocr_line' id='line_1_14' title="bbox 491 1278 2078 1344; baseline -0.001 -12"><span class='ocrx_word' id='word_1_79' title='bbox 491 1282 680 1333; x_wconf 84' lang='lat' dir='ltr'><strong>eodem</strong></span> <span class='ocrx_word' id='word_1_80' title='bbox 715 1289 992 1332; x_wconf 72' lang='lat' dir='ltr'><strong>momento</strong></span> <span class='ocrx_word' id='word_1_81' title='bbox 1033 1289 1085 1331; x_wconf 86' lang='lat' dir='ltr'><strong>et</strong></span> <span class='ocrx_word' id='word_1_82' title='bbox 1123 1278 1484 1330; x_wconf 73' lang='lat' dir='ltr'><strong>dill‘ereutiam</strong></span> <span class='ocrx_word' id='word_1_83' title='bbox 1533 1293 1653 1329; x_wconf 76' lang='lat' dir='ltr'><strong>esse</strong></span> <span class='ocrx_word' id='word_1_84' title='bbox 1697 1286 1945 1344; x_wconf 58' lang='lat' dir='ltr'><strong>respectu</strong></span> <span class='ocrx_word' id='word_1_85' title='bbox 1984 1292 2078 1343; x_wconf 75' lang='lat' dir='ltr'><strong>ge-</strong></span> 
     </span>
    </p>
   </div>
   <div class='ocr_carea' id='block_1_15' title="bbox 492 1367 2076 1436">
    <p class='ocr_par' dir='ltr' id='par_1_15' title="bbox 492 1367 2076 1436">
     <span class='ocr_line' id='line_1_15' title="bbox 492 1367 2076 1436; baseline -0.003 -13"><span class='ocrx_word' id='word_1_86' title='bbox 492 1371 798 1424; x_wconf 85' lang='lat' dir='ltr'><strong>nerationis</strong></span> <span class='ocrx_word' id='word_1_87' title='bbox 851 1384 916 1423; x_wconf 84' lang='lat' dir='ltr'><strong>ex</strong></span> <span class='ocrx_word' id='word_1_88' title='bbox 954 1370 1112 1422; x_wconf 81' lang='lat' dir='ltr'><strong>Patre</strong></span> <span class='ocrx_word' id='word_1_89' title='bbox 1165 1367 1308 1424; x_wconf 81' lang='lat' dir='ltr'><strong>Filii.</strong></span> <span class='ocrx_word' id='word_1_90' title='bbox 1342 1369 1433 1436; x_wconf 84' lang='lat' dir='ltr'><strong>qui</strong></span> <span class='ocrx_word' id='word_1_91' title='bbox 1465 1383 1529 1420; x_wconf 79' lang='lat' dir='ltr'><strong>ex</strong></span> <span class='ocrx_word' id='word_1_92' title='bbox 1587 1367 1747 1419; x_wconf 76' lang='lat' dir='ltr'><strong>Patre</strong></span> <span class='ocrx_word' id='word_1_93' title='bbox 1780 1368 1913 1419; x_wconf 87' lang='lat' dir='ltr'><strong>&#39;cum</strong></span> <span class='ocrx_word' id='word_1_94' title='bbox 1957 1367 2076 1434; x_wconf 86' lang='lat' dir='ltr'><strong>ipso</strong></span> 
     </span>
    </p>
   </div>
   <div class='ocr_carea' id='block_1_16' title="bbox 494 1458 2080 1526">
    <p class='ocr_par' dir='ltr' id='par_1_16' title="bbox 494 1458 2080 1526">
     <span class='ocr_line' id='line_1_16' title="bbox 494 1458 2080 1526; baseline -0.003 -12"><span class='ocrx_word' id='word_1_95' title='bbox 494 1476 716 1514; x_wconf 80' lang='lat' dir='ltr'><strong>causam</strong></span> <span class='ocrx_word' id='word_1_96' title='bbox 747 1461 1016 1526; x_wconf 71' lang='lat' dir='ltr'><strong>agnoscit,</strong></span> <span class='ocrx_word' id='word_1_97' title='bbox 1051 1459 1213 1511; x_wconf 85' lang='lat' dir='ltr'><strong>simul</strong></span> <span class='ocrx_word' id='word_1_98' title='bbox 1246 1459 1432 1512; x_wconf 73' lang='lat' dir='ltr'><strong>fateris</strong></span> <span class='ocrx_word' id='word_1_99' title='bbox 1459 1459 1481 1511; x_wconf 89' lang='lat'><strong>?</strong></span> <span class='ocrx_word' id='word_1_100' title='bbox 1508 1458 1693 1526; x_wconf 79' lang='lat' dir='ltr'><strong>Neque</strong></span> <span class='ocrx_word' id='word_1_101' title='bbox 1723 1460 1825 1512; x_wconf 92' lang='lat' dir='ltr'><strong>hoc</strong></span> <span class='ocrx_word' id='word_1_102' title='bbox 1865 1468 1917 1510; x_wconf 90' lang='lat' dir='ltr'><strong>te</strong></span> <span class='ocrx_word' id='word_1_103' title='bbox 1950 1459 2080 1510; x_wconf 78' lang='lat' dir='ltr'><strong>inti-</strong></span> 
     </span>
    </p>
   </div>
   <div class='ocr_carea' id='block_1_17' title="bbox 494 1547 2076 1619">
    <p class='ocr_par' dir='ltr' id='par_1_17' title="bbox 494 1547 2076 1619">
     <span class='ocr_line' id='line_1_17' title="bbox 494 1547 2076 1619; baseline -0.001 -15"><span class='ocrx_word' id='word_1_104' title='bbox 494 1551 607 1604; x_wconf 89' lang='lat' dir='ltr'><strong>cias</strong></span> <span class='ocrx_word' id='word_1_105' title='bbox 637 1553 715 1606; x_wconf 90' lang='lat' dir='ltr'><strong>ire</strong></span> <span class='ocrx_word' id='word_1_106' title='bbox 745 1553 998 1604; x_wconf 84' lang='lat' dir='ltr'><strong>suadeor.</strong></span> <span class='ocrx_word' id='word_1_107' title='bbox 1030 1549 1169 1616; x_wconf 83' lang='lat' dir='ltr'><strong>Quid</strong></span> <span class='ocrx_word' id='word_1_108' title='bbox 1199 1568 1330 1619; x_wconf 79' lang='lat' dir='ltr'><strong>ergo</strong></span> <span class='ocrx_word' id='word_1_109' title='bbox 1369 1566 1582 1614; x_wconf 84' lang='lat' dir='ltr'><strong>rursus,</strong></span> <span class='ocrx_word' id='word_1_110' title='bbox 1618 1547 1734 1602; x_wconf 84' lang='lat' dir='ltr'><strong>Filii</strong></span> <span class='ocrx_word' id='word_1_111' title='bbox 1766 1551 2076 1618; x_wconf 79' lang='lat' dir='ltr'><strong>generatio-</strong></span> 
     </span>
    </p>
   </div>
   <div class='ocr_carea' id='block_1_18' title="bbox 493 1641 2074 1698">
    <p class='ocr_par' dir='ltr' id='par_1_18' title="bbox 493 1641 2074 1698">
     <span class='ocr_line' id='line_1_18' title="bbox 493 1641 2074 1698; baseline -0.003 0"><span class='ocrx_word' id='word_1_112' title='bbox 493 1661 616 1698; x_wconf 91' lang='lat' dir='ltr'><strong>nem</strong></span> <span class='ocrx_word' id='word_1_113' title='bbox 681 1643 943 1696; x_wconf 80' lang='lat' dir='ltr'><strong>faterisne</strong></span> <span class='ocrx_word' id='word_1_114' title='bbox 985 1644 1129 1696; x_wconf 77' lang='lat' dir='ltr'><strong>illitis</strong></span> <span class='ocrx_word' id='word_1_115' title='bbox 1165 1644 1539 1697; x_wconf 73' lang='lat' dir='ltr'><strong>exsistentiatn</strong></span> <span class='ocrx_word' id='word_1_116' title='bbox 1590 1641 1872 1695; x_wconf 76' lang='lat' dir='ltr'><strong>inditare?</strong></span> <span class='ocrx_word' id='word_1_117' title='bbox 1929 1643 1992 1695; x_wconf 86' lang='lat' dir='ltr'><strong>Et</strong></span> <span class='ocrx_word' id='word_1_118' title='bbox 2022 1642 2074 1694; x_wconf 90' lang='lat' dir='ltr'><strong>itt</strong></span> 
     </span>
    </p>
   </div>
   <div class='ocr_carea' id='block_1_19' title="bbox 493 1731 2074 1804">
    <p class='ocr_par' dir='ltr' id='par_1_19' title="bbox 493 1731 2074 1804">
     <span class='ocr_line' id='line_1_19' title="bbox 493 1731 2074 1804; baseline -0.003 -16"><span class='ocrx_word' id='word_1_119' title='bbox 493 1736 792 1804; x_wconf 84' lang='lat' dir='ltr'><strong>perniciem</strong></span> <span class='ocrx_word' id='word_1_120' title='bbox 833 1749 896 1787; x_wconf 89' lang='lat' dir='ltr'><strong>ac</strong></span> <span class='ocrx_word' id='word_1_121' title='bbox 926 1750 1119 1788; x_wconf 83' lang='lat' dir='ltr'><strong>corvos</strong></span> <span class='ocrx_word' id='word_1_122' title='bbox 1151 1737 1478 1787; x_wconf 68' lang='lat' dir='ltr'><strong>atnattrlahis</strong></span> <span class='ocrx_word' id='word_1_123' title='bbox 1521 1747 1668 1790; x_wconf 81' lang='lat' dir='ltr'><strong>enm,</strong></span> <span class='ocrx_word' id='word_1_124' title='bbox 1713 1732 1805 1800; x_wconf 90' lang='lat' dir='ltr'><strong>qui</strong></span> <span class='ocrx_word' id='word_1_125' title='bbox 1859 1731 1910 1784; x_wconf 91' lang='lat' dir='ltr'><strong>id</strong></span> <span class='ocrx_word' id='word_1_126' title='bbox 1967 1747 2074 1784; x_wconf 90' lang='lat' dir='ltr'><strong>non</strong></span> 
     </span>
    </p>
   </div>
   <div class='ocr_carea' id='block_1_20' title="bbox 2181 541 3754 612">
    <p class='ocr_par' dir='ltr' id='par_1_20' title="bbox 2181 541 3754 612">
     <span class='ocr_line' id='line_1_20' title="bbox 2181 541 3754 612; baseline 0 -19"><span class='ocrx_word' id='word_1_127' title='bbox 2181 542 2343 595; x_wconf 78' lang='grc' dir='ltr'>τοῦτο</span> <span class='ocrx_word' id='word_1_128' title='bbox 2393 545 2490 596; x_wconf 73' lang='grc' dir='ltr'><strong>καὶ</strong></span> <span class='ocrx_word' id='word_1_129' title='bbox 2523 544 2936 612; x_wconf 76' lang='grc' dir='ltr'>ἄλλο-βούλεταί</span> <span class='ocrx_word' id='word_1_130' title='bbox 2983 561 3036 597; x_wconf 86' lang='grc' dir='ltr'><strong>τι</strong></span> <span class='ocrx_word' id='word_1_131' title='bbox 3067 545 3222 597; x_wconf 75' lang='grc' dir='ltr'>οὐδὲν</span> <span class='ocrx_word' id='word_1_132' title='bbox 3263 542 3358 596; x_wconf 83' lang='grc' dir='ltr'><strong>τοῦ</strong></span> <span class='ocrx_word' id='word_1_133' title='bbox 3410 542 3681 610; x_wconf 79' lang='grc' dir='ltr'>δόγματος</span> <span class='ocrx_word' id='word_1_134' title='bbox 3721 541 3754 609; x_wconf 75' lang='grc' dir='ltr'>ἡ</span> 
     </span>
    </p>
   </div>
   <div class='ocr_carea' id='block_1_21' title="bbox 2184 632 3762 706">
    <p class='ocr_par' dir='ltr' id='par_1_21' title="bbox 2184 632 3762 706">
     <span class='ocr_line' id='line_1_21' title="bbox 2184 632 3762 706; baseline -0.001 -23"><span class='ocrx_word' id='word_1_135' title='bbox 2184 632 2444 703; x_wconf 79' lang='grc' dir='ltr'>ἀλήθεια,</span> <span class='ocrx_word' id='word_1_136' title='bbox 2503 636 2570 688; x_wconf 85' lang='grc' dir='ltr'>τὰ</span> <span class='ocrx_word' id='word_1_137' title='bbox 2628 635 2980 706; x_wconf 71' lang='grc' dir='ltr'><strong>ῥηθησόμενα</strong></span> <span class='ocrx_word' id='word_1_138' title='bbox 3027 636 3169 688; x_wconf 82' lang='grc' dir='ltr'>κατὰ</span> <span class='ocrx_word' id='word_1_139' title='bbox 3222 637 3389 705; x_wconf 77' lang='grc' dir='ltr'>μέρος</span> <span class='ocrx_word' id='word_1_140' title='bbox 3445 633 3762 687; x_wconf 74' lang='grc' dir='ltr'>ἐπισκοπῶν</span> 
     </span>
    </p>
   </div>
   <div class='ocr_carea' id='block_1_22' title="bbox 2185 724 3764 798">
    <p class='ocr_par' dir='ltr' id='par_1_22' title="bbox 2185 724 3764 798">
     <span class='ocr_line' id='line_1_22' title="bbox 2185 724 3764 798; baseline -0.002 -21"><span class='ocrx_word' id='word_1_141' title='bbox 2185 729 2455 794; x_wconf 81' lang='grc' dir='ltr'>γνωριεῖς.</span> <span class='ocrx_word' id='word_1_142' title='bbox 2521 728 2654 779; x_wconf 84' lang='grc' dir='ltr'>Εἰπὲ</span> <span class='ocrx_word' id='word_1_143' title='bbox 2713 728 2859 798; x_wconf 79' lang='grc' dir='ltr'>γάρ·</span> <span class='ocrx_word' id='word_1_144' title='bbox 2927 728 3242 797; x_wconf 81' lang='grc' dir='ltr'>Ὀμολογεῐς</span> <span class='ocrx_word' id='word_1_145' title='bbox 3300 729 3364 779; x_wconf 83' lang='grc' dir='ltr'><strong>ὲκ</strong></span> <span class='ocrx_word' id='word_1_146' title='bbox 3420 725 3634 792; x_wconf 61' lang='grc' dir='ltr'>Πατρός</span> <span class='ocrx_word' id='word_1_147' title='bbox 3701 724 3764 775; x_wconf 79' lang='grc' dir='ltr'>τὸ</span> 
     </span>
    </p>
   </div>
   <div class='ocr_carea' id='block_1_23' title="bbox 2185 816 3764 891">
    <p class='ocr_par' dir='ltr' id='par_1_23' title="bbox 2185 816 3764 891">
     <span class='ocr_line' id='line_1_23' title="bbox 2185 816 3764 891; baseline -0.002 -21"><span class='ocrx_word' id='word_1_148' title='bbox 2185 818 2410 889; x_wconf 81' lang='grc' dir='ltr'>Πνεῦμα</span> <span class='ocrx_word' id='word_1_149' title='bbox 2443 821 2616 887; x_wconf 84' lang='grc' dir='ltr'>λέγων</span> <span class='ocrx_word' id='word_1_150' title='bbox 2657 821 3114 891; x_wconf 78' lang='grc' dir='ltr'>ἐκπορευόμενον,</span> <span class='ocrx_word' id='word_1_151' title='bbox 3150 822 3214 872; x_wconf 79' lang='grc' dir='ltr'><strong>ὲκ</strong></span> <span class='ocrx_word' id='word_1_152' title='bbox 3254 819 3470 887; x_wconf 66' lang='grc' dir='ltr'>Πατρός</span> <span class='ocrx_word' id='word_1_153' title='bbox 3509 818 3642 870; x_wconf 71' lang='grc' dir='ltr'>αὐτὸ</span> <span class='ocrx_word' id='word_1_154' title='bbox 3673 816 3764 867; x_wconf 82' lang='grc' dir='ltr'><strong>λέ-</strong></span> 
     </span>
    </p>
   </div>
   <div class='ocr_carea' id='block_1_24' title="bbox 2182 908 3767 984">
    <p class='ocr_par' dir='ltr' id='par_1_24' title="bbox 2182 908 3767 984">
     <span class='ocr_line' id='line_1_24' title="bbox 2182 908 3767 984; baseline 0.01 -22"><span class='ocrx_word' id='word_1_155' title='bbox 2182 929 2300 979; x_wconf 77' lang='grc' dir='ltr'>γειν</span> <span class='ocrx_word' id='word_1_156' title='bbox 2335 912 2456 982; x_wconf 75' lang='grc' dir='ltr'>ἕχον</span> <span class='ocrx_word' id='word_1_157' title='bbox 2491 914 2591 983; x_wconf 80' lang='grc' dir='ltr'>τὴν</span> <span class='ocrx_word' id='word_1_158' title='bbox 2637 914 2909 984; x_wconf 74' lang='grc' dir='ltr'>ῦπαρξινς</span> <span class='ocrx_word' id='word_1_159' title='bbox 2957 911 3295 982; x_wconf 76' lang='grc' dir='ltr'>Ὀμολογεῖςι</span> <span class='ocrx_word' id='word_1_160' title='bbox 3353 909 3501 964; x_wconf 62' lang='grc' dir='ltr'>οἶδεν</span> <span class='ocrx_word' id='word_1_161' title='bbox 3537 908 3648 975; x_wconf 73' lang='grc' dir='ltr'><strong>Τὴν</strong></span> <span class='ocrx_word' id='word_1_162' title='bbox 3700 909 3767 958; x_wconf 56' lang='grc' dir='ltr'><strong>ὲκ</strong></span> 
     </span>
    </p>
   </div>
   <div class='ocr_carea' id='block_1_25' title="bbox 2185 999 3767 1074">
    <p class='ocr_par' dir='ltr' id='par_1_25' title="bbox 2185 999 3767 1074">
     <span class='ocr_line' id='line_1_25' title="bbox 2185 999 3767 1074; baseline 0.005 -20"><span class='ocrx_word' id='word_1_163' title='bbox 2185 1002 2398 1073; x_wconf 66' lang='grc' dir='ltr'>Πατρός</span> <span class='ocrx_word' id='word_1_164' title='bbox 2432 1003 2488 1056; x_wconf 74' lang='grc' dir='ltr'><strong>δὲ</strong></span> <span class='ocrx_word' id='word_1_165' title='bbox 2533 1003 2676 1056; x_wconf 80' lang='grc' dir='ltr'>οὕτω</span> <span class='ocrx_word' id='word_1_166' title='bbox 2719 1004 2896 1074; x_wconf 85' lang='grc' dir='ltr'>δηλῶν</span> <span class='ocrx_word' id='word_1_167' title='bbox 2922 1003 3014 1056; x_wconf 81' lang='grc' dir='ltr'><strong>τοῦ</strong></span> <span class='ocrx_word' id='word_1_168' title='bbox 3059 1005 3380 1073; x_wconf 81' lang='grc' dir='ltr'>Πνεύματος</span> <span class='ocrx_word' id='word_1_169' title='bbox 3417 1001 3508 1052; x_wconf 70' lang='grc' dir='ltr'><strong>διὰ</strong></span> <span class='ocrx_word' id='word_1_170' title='bbox 3542 999 3642 1066; x_wconf 75' lang='grc' dir='ltr'><strong>τῆς</strong></span> <span class='ocrx_word' id='word_1_171' title='bbox 3671 1002 3767 1049; x_wconf 63' lang='grc' dir='ltr'><strong>ἐκ·</strong></span> 
     </span>
    </p>
   </div>
   <div class='ocr_carea' id='block_1_26' title="bbox 2182 1087 3772 1165">
    <p class='ocr_par' dir='ltr' id='par_1_26' title="bbox 2182 1087 3772 1165">
     <span class='ocr_line' id='line_1_26' title="bbox 2182 1087 3772 1165; baseline -0.004 -19"><span class='ocrx_word' id='word_1_172' title='bbox 2182 1097 2496 1164; x_wconf 65' lang='grc' dir='ltr'>πορεύσεως</span> <span class='ocrx_word' id='word_1_173' title='bbox 2524 1095 2782 1165; x_wconf 79' lang='grc' dir='ltr'>ὓπαρξιν,</span> <span class='ocrx_word' id='word_1_174' title='bbox 2814 1096 2958 1148; x_wconf 82' lang='grc' dir='ltr'>κατὰ</span> <span class='ocrx_word' id='word_1_175' title='bbox 2986 1096 3191 1148; x_wconf 80' lang='grc' dir='ltr'>ταυτὸν</span> <span class='ocrx_word' id='word_1_176' title='bbox 3221 1096 3316 1148; x_wconf 78' lang='grc' dir='ltr'><strong>καὶ</strong></span> <span class='ocrx_word' id='word_1_177' title='bbox 3344 1091 3609 1159; x_wconf 73' lang='grc' dir='ltr'>διαφορὰν</span> <span class='ocrx_word' id='word_1_178' title='bbox 3639 1087 3772 1143; x_wconf 72' lang='grc' dir='ltr'>ταύ-</span> 
     </span>
    </p>
   </div>
   <div class='ocr_carea' id='block_1_27' title="bbox 2180 1181 3772 1258">
    <p class='ocr_par' dir='ltr' id='par_1_27' title="bbox 2180 1181 3772 1258">
     <span class='ocr_line' id='line_1_27' title="bbox 2180 1181 3772 1258; baseline -0.004 -20"><span class='ocrx_word' id='word_1_179' title='bbox 2180 1203 2279 1256; x_wconf 84' lang='grc' dir='ltr'><strong>την</strong></span> <span class='ocrx_word' id='word_1_180' title='bbox 2313 1182 2452 1239; x_wconf 77' lang='grc' dir='ltr'>εἶναι</span> <span class='ocrx_word' id='word_1_181' title='bbox 2514 1189 2652 1254; x_wconf 69' lang='grc' dir='ltr'>πρὸς</span> <span class='ocrx_word' id='word_1_182' title='bbox 2693 1190 2792 1258; x_wconf 75' lang='grc' dir='ltr'>τὴν</span> <span class='ocrx_word' id='word_1_183' title='bbox 2839 1191 2904 1240; x_wconf 80' lang='grc' dir='ltr'><strong>ὲκ</strong></span> <span class='ocrx_word' id='word_1_184' title='bbox 2954 1189 3166 1257; x_wconf 69' lang='grc' dir='ltr'>Πατρός</span> <span class='ocrx_word' id='word_1_185' title='bbox 3219 1187 3472 1254; x_wconf 82' lang='grc' dir='ltr'>γέννησιν</span> <span class='ocrx_word' id='word_1_186' title='bbox 3518 1181 3614 1233; x_wconf 81' lang='lat'><strong>106</strong></span> <span class='ocrx_word' id='word_1_187' title='bbox 3672 1181 3772 1234; x_wconf 68' lang='grc' dir='ltr'>σὺν</span> 
     </span>
    </p>
   </div>
   <div class='ocr_carea' id='block_1_28' title="bbox 2181 1272 3772 1349">
    <p class='ocr_par' dir='ltr' id='par_1_28' title="bbox 2181 1272 3772 1349">
     <span class='ocr_line' id='line_1_28' title="bbox 2181 1272 3772 1349; baseline -0.003 -19"><span class='ocrx_word' id='word_1_188' title='bbox 2181 1279 2329 1348; x_wconf 74' lang='grc' dir='ltr'>αὐτῷ</span> <span class='ocrx_word' id='word_1_189' title='bbox 2361 1280 2536 1331; x_wconf 78' lang='grc' dir='ltr'>αἰτίου</span> <span class='ocrx_word' id='word_1_190' title='bbox 2575 1281 2676 1331; x_wconf 79' lang='grc' dir='ltr'>τοῦ</span> <span class='ocrx_word' id='word_1_191' title='bbox 2723 1280 2854 1332; x_wconf 84' lang='grc' dir='ltr'><strong>Υἱοῦ</strong></span> <span class='ocrx_word' id='word_1_192' title='bbox 2893 1280 3300 1349; x_wconf 80' lang='grc' dir='ltr'>συνομολογεῖς,</span> <span class='ocrx_word' id='word_1_193' title='bbox 3338 1277 3432 1329; x_wconf 77' lang='grc' dir='ltr'><strong>καὶ</strong></span> <span class='ocrx_word' id='word_1_194' title='bbox 3469 1275 3632 1328; x_wconf 82' lang='grc' dir='ltr'>τοῦτο</span> <span class='ocrx_word' id='word_1_195' title='bbox 3679 1272 3772 1325; x_wconf 82' lang='grc' dir='ltr'><strong>λέ-</strong></span> 
     </span>
    </p>
   </div>
   <div class='ocr_carea' id='block_1_29' title="bbox 2179 1366 3772 1441">
    <p class='ocr_par' dir='ltr' id='par_1_29' title="bbox 2179 1366 3772 1441">
     <span class='ocr_line' id='line_1_29' title="bbox 2179 1366 3772 1441; baseline -0.004 -19"><span class='ocrx_word' id='word_1_196' title='bbox 2179 1388 2298 1438; x_wconf 87' lang='grc' dir='ltr'>γειν</span> <span class='ocrx_word' id='word_1_197' title='bbox 2342 1387 2398 1422; x_wconf 89' lang='grc' dir='ltr'><strong>σε</strong></span> <span class='ocrx_word' id='word_1_198' title='bbox 2437 1371 2761 1440; x_wconf 81' lang='grc' dir='ltr'><strong>πέπεισμαι.</strong></span> <span class='ocrx_word' id='word_1_199' title='bbox 2802 1371 2868 1424; x_wconf 91' lang='grc' dir='ltr'>Τί</span> <span class='ocrx_word' id='word_1_200' title='bbox 2895 1372 2950 1424; x_wconf 74' lang='grc' dir='ltr'>δὲ</span> <span class='ocrx_word' id='word_1_201' title='bbox 2991 1372 3162 1441; x_wconf 75' lang='grc' dir='ltr'>αὐτὴν</span> <span class='ocrx_word' id='word_1_202' title='bbox 3199 1367 3352 1432; x_wconf 80' lang='grc' dir='ltr'>αὖθις</span> <span class='ocrx_word' id='word_1_203' title='bbox 3393 1367 3488 1420; x_wconf 85' lang='grc' dir='ltr'><strong>τοῦ</strong></span> <span class='ocrx_word' id='word_1_204' title='bbox 3522 1366 3657 1419; x_wconf 81' lang='grc' dir='ltr'><strong>Υἰοῦ</strong></span> <span class='ocrx_word' id='word_1_205' title='bbox 3681 1367 3772 1417; x_wconf 79' lang='grc' dir='ltr'>λέ-</span> 
     </span>
    </p>
   </div>
   <div class='ocr_carea' id='block_1_30' title="bbox 2179 1459 3770 1535">
    <p class='ocr_par' dir='ltr' id='par_1_30' title="bbox 2179 1459 3770 1535">
     <span class='ocr_line' id='line_1_30' title="bbox 2179 1459 3770 1535; baseline 0.006 -21"><span class='ocrx_word' id='word_1_206' title='bbox 2179 1478 2298 1530; x_wconf 85' lang='grc' dir='ltr'>γεις</span> <span class='ocrx_word' id='word_1_207' title='bbox 2323 1460 2460 1515; x_wconf 74' lang='grc' dir='ltr'>εἶναι</span> <span class='ocrx_word' id='word_1_208' title='bbox 2495 1465 2594 1533; x_wconf 80' lang='grc' dir='ltr'>τὴν</span> <span class='ocrx_word' id='word_1_209' title='bbox 2619 1465 2872 1534; x_wconf 81' lang='grc' dir='ltr'><strong>γέννησιν</strong></span> <span class='ocrx_word' id='word_1_210' title='bbox 2903 1464 3004 1534; x_wconf 83' lang='grc' dir='ltr'>τῆς</span> <span class='ocrx_word' id='word_1_211' title='bbox 3035 1466 3326 1535; x_wconf 79' lang='grc' dir='ltr'><strong>ὑπάρξεως</strong></span> <span class='ocrx_word' id='word_1_212' title='bbox 3367 1462 3556 1514; x_wconf 81' lang='grc' dir='ltr'>τούτου</span> <span class='ocrx_word' id='word_1_213' title='bbox 3590 1459 3770 1522; x_wconf 74' lang='grc' dir='ltr'>δηλωο</span> 
     </span>
    </p>
   </div>
   <div class='ocr_carea' id='block_1_31' title="bbox 2179 1548 3773 1630">
    <p class='ocr_par' dir='ltr' id='par_1_31' title="bbox 2179 1548 3773 1630">
     <span class='ocr_line' id='line_1_31' title="bbox 2179 1548 3773 1630; baseline -0.003 -25"><span class='ocrx_word' id='word_1_214' title='bbox 2179 1554 2373 1622; x_wconf 84' lang='grc' dir='ltr'>τικήν;</span> <span class='ocrx_word' id='word_1_215' title='bbox 2412 1554 2523 1606; x_wconf 71' lang='grc' dir='ltr'><strong>Καὶ</strong></span> <span class='ocrx_word' id='word_1_216' title='bbox 2571 1555 2651 1630; x_wconf 79' lang='grc' dir='ltr'><strong>εἰς</strong></span> <span class='ocrx_word' id='word_1_217' title='bbox 2685 1554 2926 1623; x_wconf 77' lang='grc' dir='ltr'>κόρακας</span> <span class='ocrx_word' id='word_1_218' title='bbox 2958 1553 3264 1625; x_wconf 70' lang='grc' dir='ltr'>ἀποπέμψῃ</span> <span class='ocrx_word' id='word_1_219' title='bbox 3315 1552 3537 1611; x_wconf 84' lang='grc' dir='ltr'>πάντως</span> <span class='ocrx_word' id='word_1_220' title='bbox 3563 1551 3657 1602; x_wconf 73' lang='grc' dir='ltr'><strong>τὸν</strong></span> <span class='ocrx_word' id='word_1_221' title='bbox 3691 1548 3773 1619; x_wconf 77' lang='grc' dir='ltr'>μὴ</span> 
     </span>
    </p>
   </div>
   <div class='ocr_carea' id='block_1_32' title="bbox 2179 1643 3778 1716">
    <p class='ocr_par' dir='ltr' id='par_1_32' title="bbox 2179 1643 3778 1716">
     <span class='ocr_line' id='line_1_32' title="bbox 2179 1643 3778 1716; baseline -0.003 -18"><span class='ocrx_word' id='word_1_222' title='bbox 2179 1645 2581 1715; x_wconf 68' lang='grc' dir='ltr'>ὁμολογοῦντα·</span> <span class='ocrx_word' id='word_1_223' title='bbox 2629 1647 2725 1698; x_wconf 73' lang='grc' dir='ltr'><strong>καὶ</strong></span> <span class='ocrx_word' id='word_1_224' title='bbox 2770 1646 3036 1714; x_wconf 77' lang='grc' dir='ltr'>διαφορὰν</span> <span class='ocrx_word' id='word_1_225' title='bbox 3065 1647 3122 1698; x_wconf 81' lang='grc' dir='ltr'><strong>δὲ</strong></span> <span class='ocrx_word' id='word_1_226' title='bbox 3159 1646 3232 1708; x_wconf 83' lang='grc' dir='ltr'>ὼς</span> <span class='ocrx_word' id='word_1_227' title='bbox 3264 1645 3400 1716; x_wconf 77' lang='grc' dir='ltr'>πρὸς</span> <span class='ocrx_word' id='word_1_228' title='bbox 3455 1643 3556 1710; x_wconf 72' lang='grc' dir='ltr'>τὴν</span> <span class='ocrx_word' id='word_1_229' title='bbox 3599 1643 3778 1694; x_wconf 80' lang='grc' dir='ltr'><strong>ὲκπό-</strong></span> 
     </span>
    </p>
   </div>
   <div class='ocr_carea' id='block_1_33' title="bbox 2183 1734 3774 1808">
    <p class='ocr_par' dir='ltr' id='par_1_33' title="bbox 2183 1734 3774 1808">
     <span class='ocr_line' id='line_1_33' title="bbox 2183 1734 3774 1808; baseline 0.005 -20"><span class='ocrx_word' id='word_1_230' title='bbox 2183 1753 2370 1806; x_wconf 88' lang='grc' dir='ltr'>ρευσιν</span> <span class='ocrx_word' id='word_1_231' title='bbox 2401 1740 2493 1790; x_wconf 78' lang='grc' dir='ltr'><strong>καὶ</strong></span> <span class='ocrx_word' id='word_1_232' title='bbox 2516 1737 2748 1808; x_wconf 84' lang='grc' dir='ltr'>ὕπαρξιν</span> <span class='ocrx_word' id='word_1_233' title='bbox 2772 1738 2979 1806; x_wconf 74' lang='grc' dir='ltr'>ταύτην</span> <span class='ocrx_word' id='word_1_234' title='bbox 3008 1739 3185 1808; x_wconf 83' lang='grc' dir='ltr'>ὲρείς;</span> <span class='ocrx_word' id='word_1_235' title='bbox 3219 1738 3328 1789; x_wconf 72' lang='grc' dir='ltr'><strong>Καὶ</strong></span> <span class='ocrx_word' id='word_1_236' title='bbox 3359 1735 3505 1805; x_wconf 82' lang='grc' dir='ltr'>μέγα</span> <span class='ocrx_word' id='word_1_237' title='bbox 3529 1734 3774 1803; x_wconf 56' lang='lat' dir='ltr'><strong>pansus.</strong></span> 
     </span>
    </p>
   </div>
   <div class='ocr_carea' id='block_1_34' title="bbox 491 1817 2086 1899">
    <p class='ocr_par' dir='ltr' id='par_1_34' title="bbox 491 1823 2084 1892">
     <span class='ocr_line' id='line_1_34' title="bbox 491 1823 2084 1892; baseline -0.004 -10"><span class='ocrx_word' id='word_1_238' title='bbox 491 1829 708 1882; x_wconf 64' lang='lat' dir='ltr'><strong>asserit.</strong></span> <span class='ocrx_word' id='word_1_239' title='bbox 761 1828 825 1880; x_wconf 88' lang='lat' dir='ltr'><strong>Et</strong></span> <span class='ocrx_word' id='word_1_240' title='bbox 882 1827 1242 1881; x_wconf 72' lang='lat' dir='ltr'><strong>diﬂ‘erentiam</strong></span> <span class='ocrx_word' id='word_1_241' title='bbox 1302 1835 1551 1891; x_wconf 74' lang='lat' dir='ltr'><strong>respectu</strong></span> <span class='ocrx_word' id='word_1_242' title='bbox 1613 1823 1985 1892; x_wconf 88' lang='lat' dir='ltr'><strong>processionis</strong></span> <span class='ocrx_word' id='word_1_243' title='bbox 2031 1832 2084 1876; x_wconf 88' lang='lat' dir='ltr'><strong>et</strong></span> 
     </span>
    </p>
   </div>
   <div class='ocr_carea' id='block_1_35' title="bbox 2191 1817 3777 1899">
    <p class='ocr_par' dir='ltr' id='par_1_35' title="bbox 2191 1827 3777 1899">
     <span class='ocr_line' id='line_1_35' title="bbox 2191 1827 3777 1899; baseline -0.002 -20"><span class='ocrx_word' id='word_1_244' title='bbox 2191 1828 2444 1897; x_wconf 78' lang='grc' dir='ltr'><strong>οἰμώζειν</strong></span> <span class='ocrx_word' id='word_1_245' title='bbox 2501 1827 2617 1882; x_wconf 80' lang='grc' dir='ltr'><strong>οἶδα</strong></span> <span class='ocrx_word' id='word_1_246' title='bbox 2663 1830 2756 1885; x_wconf 77' lang='grc' dir='ltr'>τὸν</span> <span class='ocrx_word' id='word_1_247' title='bbox 2787 1829 3220 1899; x_wconf 78' lang='grc' dir='ltr'>ἀπαρνούμενον.</span> <span class='ocrx_word' id='word_1_248' title='bbox 3251 1828 3421 1896; x_wconf 85' lang='grc' dir='ltr'><strong>Κάγὼ</strong></span> <span class='ocrx_word' id='word_1_249' title='bbox 3456 1827 3777 1897; x_wconf 79' lang='grc' dir='ltr'><strong>περαιτέρω</strong></span> 
     </span>
    </p>
   </div>
   <div class='ocr_carea' id='block_1_36' title="bbox 490 1915 2082 1978">
    <p class='ocr_par' dir='ltr' id='par_1_36' title="bbox 490 1915 2082 1978">
     <span class='ocr_line' id='line_1_36' title="bbox 490 1915 2082 1978; baseline -0.003 -4"><span class='ocrx_word' id='word_1_250' title='bbox 490 1921 818 1974; x_wconf 72' lang='lat' dir='ltr'><strong>exsistentite</strong></span> <span class='ocrx_word' id='word_1_251' title='bbox 851 1919 994 1972; x_wconf 81' lang='lat' dir='ltr'><strong>illam</strong></span> <span class='ocrx_word' id='word_1_252' title='bbox 1029 1933 1095 1970; x_wconf 93' lang='lat' dir='ltr'><strong>ne</strong></span> <span class='ocrx_word' id='word_1_253' title='bbox 1130 1917 1325 1971; x_wconf 85' lang='lat' dir='ltr'><strong>dices?</strong></span> <span class='ocrx_word' id='word_1_254' title='bbox 1364 1917 1426 1970; x_wconf 85' lang='lat' dir='ltr'><strong>Et</strong></span> <span class='ocrx_word' id='word_1_255' title='bbox 1449 1917 1714 1969; x_wconf 87' lang='lat' dir='ltr'><strong>clamabis</strong></span> <span class='ocrx_word' id='word_1_256' title='bbox 1739 1923 1906 1978; x_wconf 65' lang='lat' dir='ltr'><strong>mare,</strong></span> <span class='ocrx_word' id='word_1_257' title='bbox 1939 1915 2082 1969; x_wconf 83' lang='lat' dir='ltr'><strong>inl‘e-</strong></span> 
     </span>
    </p>
   </div>
   <div class='ocr_carea' id='block_1_37' title="bbox 491 2007 2083 2080">
    <p class='ocr_par' dir='ltr' id='par_1_37' title="bbox 491 2007 2083 2080">
     <span class='ocr_line' id='line_1_37' title="bbox 491 2007 2083 2080; baseline -0.001 -16"><span class='ocrx_word' id='word_1_258' title='bbox 491 2011 649 2065; x_wconf 89' lang='lat' dir='ltr'><strong>licem</strong></span> <span class='ocrx_word' id='word_1_259' title='bbox 673 2027 793 2065; x_wconf 84' lang='lat' dir='ltr'><strong>esse</strong></span> <span class='ocrx_word' id='word_1_260' title='bbox 819 2013 909 2080; x_wconf 86' lang='lat' dir='ltr'><strong>qui</strong></span> <span class='ocrx_word' id='word_1_261' title='bbox 937 2012 988 2063; x_wconf 88' lang='lat' dir='ltr'><strong>id</strong></span> <span class='ocrx_word' id='word_1_262' title='bbox 1018 2023 1298 2080; x_wconf 68' lang='lat' dir='ltr'><strong>pernegat.</strong></span> <span class='ocrx_word' id='word_1_263' title='bbox 1333 2011 1396 2062; x_wconf 72' lang='lat' dir='ltr'><strong>lit</strong></span> <span class='ocrx_word' id='word_1_264' title='bbox 1425 2025 1525 2078; x_wconf 78' lang='lat' dir='ltr'><strong>ego</strong></span> <span class='ocrx_word' id='word_1_265' title='bbox 1563 2025 1672 2078; x_wconf 77' lang='lat' dir='ltr'><strong>prtc</strong></span> <span class='ocrx_word' id='word_1_266' title='bbox 1695 2009 1780 2062; x_wconf 79' lang='lat' dir='ltr'><strong>his</strong></span> <span class='ocrx_word' id='word_1_267' title='bbox 1811 2007 2083 2063; x_wconf 79' lang='lat' dir='ltr'><strong>confessis</strong></span> 
     </span>
    </p>
   </div>
   <div class='ocr_carea' id='block_1_38' title="bbox 497 2105 2084 2172">
    <p class='ocr_par' dir='ltr' id='par_1_38' title="bbox 497 2105 2084 2172">
     <span class='ocr_line' id='line_1_38' title="bbox 497 2105 2084 2172; baseline -0.001 -14"><span class='ocrx_word' id='word_1_268' title='bbox 497 2105 632 2158; x_wconf 80' lang='lat' dir='ltr'><strong>nihil</strong></span> <span class='ocrx_word' id='word_1_269' title='bbox 676 2108 813 2158; x_wconf 77' lang='lat' dir='ltr'><strong>ttllrzt</strong></span> <span class='ocrx_word' id='word_1_270' title='bbox 856 2106 1078 2172; x_wconf 79' lang='lat' dir='ltr'><strong>requiro</strong></span> <span class='ocrx_word' id='word_1_271' title='bbox 1111 2106 1176 2156; x_wconf 86' lang='lat' dir='ltr'><strong>ad</strong></span> <span class='ocrx_word' id='word_1_272' title='bbox 1223 2105 1750 2157; x_wconf 73' lang='lat' dir='ltr'><strong>detnunSIrstionetn</strong></span> <span class='ocrx_word' id='word_1_273' title='bbox 1796 2105 2084 2157; x_wconf 80' lang='lat' dir='ltr'><strong>absolven-</strong></span> 
     </span>
    </p>
   </div>
   <div class='ocr_carea' id='block_1_39' title="bbox 491 2188 2084 2264">
    <p class='ocr_par' dir='ltr' id='par_1_39' title="bbox 491 2188 2084 2264">
     <span class='ocr_line' id='line_1_39' title="bbox 491 2188 2084 2264; baseline 0.001 -16"><span class='ocrx_word' id='word_1_274' title='bbox 491 2198 637 2251; x_wconf 82' lang='lat' dir='ltr'><strong>dant.</strong></span> <span class='ocrx_word' id='word_1_275' title='bbox 672 2195 727 2249; x_wconf 90' lang='lat' dir='ltr'><strong>Si</strong></span> <span class='ocrx_word' id='word_1_276' title='bbox 759 2211 820 2248; x_wconf 84' lang='lat' dir='ltr'><strong>ex</strong></span> <span class='ocrx_word' id='word_1_277' title='bbox 860 2195 1015 2248; x_wconf 80' lang='lat' dir='ltr'><strong>Patre</strong></span> <span class='ocrx_word' id='word_1_278' title='bbox 1048 2197 1332 2262; x_wconf 62' lang='lat' dir='ltr'><strong>processio</strong></span> <span class='ocrx_word' id='word_1_279' title='bbox 1368 2188 1624 2257; x_wconf 58' lang='lat' dir='ltr'><strong>indivise,</strong></span> <span class='ocrx_word' id='word_1_280' title='bbox 1651 2211 1775 2264; x_wconf 76' lang='lat' dir='ltr'><strong>qua:</strong></span> <span class='ocrx_word' id='word_1_281' title='bbox 1799 2207 1853 2248; x_wconf 89' lang='grc' dir='ltr'><strong>ιιι</strong></span> <span class='ocrx_word' id='word_1_282' title='bbox 1884 2197 2084 2250; x_wconf 86' lang='lat' dir='ltr'><strong>dividis</strong></span> 
     </span>
    </p>
   </div>
   <div class='ocr_carea' id='block_1_40' title="bbox 493 2281 2084 2351">
    <p class='ocr_par' dir='ltr' id='par_1_40' title="bbox 493 2281 2084 2351">
     <span class='ocr_line' id='line_1_40' title="bbox 493 2281 2084 2351; baseline 0.003 -16"><span class='ocrx_word' id='word_1_283' title='bbox 493 2292 725 2351; x_wconf 86' lang='lat' dir='ltr'><strong>utraque</strong></span> <span class='ocrx_word' id='word_1_284' title='bbox 783 2283 970 2348; x_wconf 80' lang='lat' dir='ltr'><strong>infert,</strong></span> <span class='ocrx_word' id='word_1_285' title='bbox 1037 2281 1391 2336; x_wconf 81' lang='lat' dir='ltr'><strong>manifestum</strong></span> <span class='ocrx_word' id='word_1_286' title='bbox 1462 2291 1745 2346; x_wconf 82' lang='lat' dir='ltr'><strong>remanet,</strong></span> <span class='ocrx_word' id='word_1_287' title='bbox 1811 2301 1918 2339; x_wconf 90' lang='lat' dir='ltr'><strong>non</strong></span> <span class='ocrx_word' id='word_1_288' title='bbox 1975 2285 2084 2340; x_wconf 86' lang='lat' dir='ltr'><strong>alio</strong></span> 
     </span>
    </p>
   </div>
   <div class='ocr_carea' id='block_1_41' title="bbox 495 2375 2085 2444">
    <p class='ocr_par' dir='ltr' id='par_1_41' title="bbox 495 2375 2085 2444">
     <span class='ocr_line' id='line_1_41' title="bbox 495 2375 2085 2444; baseline 0.002 -17"><span class='ocrx_word' id='word_1_289' title='bbox 495 2377 658 2427; x_wconf 75' lang='lat' dir='ltr'><strong>modo</strong></span> <span class='ocrx_word' id='word_1_290' title='bbox 711 2389 768 2427; x_wconf 87' lang='lat' dir='ltr'><strong>se</strong></span> <span class='ocrx_word' id='word_1_291' title='bbox 805 2375 1004 2427; x_wconf 79' lang='lat' dir='ltr'><strong>habere</strong></span> <span class='ocrx_word' id='word_1_292' title='bbox 1038 2384 1091 2427; x_wconf 81' lang='lat' dir='ltr'><strong>et</strong></span> <span class='ocrx_word' id='word_1_293' title='bbox 1117 2391 1236 2442; x_wconf 70' lang='lat' dir='ltr'><strong>qua:</strong></span> <span class='ocrx_word' id='word_1_294' title='bbox 1279 2391 1372 2444; x_wconf 90' lang='lat' dir='ltr'><strong>per</strong></span> <span class='ocrx_word' id='word_1_295' title='bbox 1407 2375 1602 2428; x_wconf 84' lang='lat' dir='ltr'><strong>Filium</strong></span> <span class='ocrx_word' id='word_1_296' title='bbox 1632 2385 1735 2430; x_wconf 89' lang='lat' dir='ltr'><strong>est.</strong></span> <span class='ocrx_word' id='word_1_297' title='bbox 1782 2376 2085 2430; x_wconf 84' lang='lat' dir='ltr'><strong>Prucetlere</strong></span> 
     </span>
    </p>
   </div>
   <div class='ocr_carea' id='block_1_42' title="bbox 501 2465 2080 2537">
    <p class='ocr_par' dir='ltr' id='par_1_42' title="bbox 501 2465 2080 2537">
     <span class='ocr_line' id='line_1_42' title="bbox 501 2465 2080 2537; baseline 0.001 -17"><span class='ocrx_word' id='word_1_298' title='bbox 501 2469 644 2520; x_wconf 86' lang='lat' dir='ltr'><strong>enim</strong></span> <span class='ocrx_word' id='word_1_299' title='bbox 682 2483 710 2518; x_wconf 71' lang='grc' dir='ltr'><strong>ει</strong></span> <span class='ocrx_word' id='word_1_300' title='bbox 740 2465 995 2519; x_wconf 68' lang='lat' dir='ltr'><strong>Panibus</strong></span> <span class='ocrx_word' id='word_1_301' title='bbox 1026 2483 1123 2537; x_wconf 88' lang='lat' dir='ltr'><strong>per</strong></span> <span class='ocrx_word' id='word_1_302' title='bbox 1158 2468 1351 2520; x_wconf 71' lang='lat' dir='ltr'><strong>Filium</strong></span> <span class='ocrx_word' id='word_1_303' title='bbox 1384 2469 1604 2532; x_wconf 78' lang='lat' dir='ltr'><strong>dicitur,</strong></span> <span class='ocrx_word' id='word_1_304' title='bbox 1637 2469 1782 2536; x_wconf 91' lang='lat' dir='ltr'><strong>quod</strong></span> <span class='ocrx_word' id='word_1_305' title='bbox 1832 2478 2080 2536; x_wconf 84' lang='lat' dir='ltr'><strong>respet-tu</strong></span> 
     </span>
    </p>
   </div>
   <div class='ocr_carea' id='block_1_43' title="bbox 493 2557 2083 2631">
    <p class='ocr_par' dir='ltr' id='par_1_43' title="bbox 493 2557 2083 2631">
     <span class='ocr_line' id='line_1_43' title="bbox 493 2557 2083 2631; baseline 0.002 -20"><span class='ocrx_word' id='word_1_306' title='bbox 493 2559 864 2625; x_wconf 73' lang='lat' dir='ltr'><strong>generationis</strong></span> <span class='ocrx_word' id='word_1_307' title='bbox 902 2557 1024 2611; x_wconf 75' lang='lat' dir='ltr'><strong>Filii</strong></span> <span class='ocrx_word' id='word_1_308' title='bbox 1059 2559 1405 2615; x_wconf 73' lang='lat' dir='ltr'><strong>diaereutetn</strong></span> <span class='ocrx_word' id='word_1_309' title='bbox 1447 2575 1511 2612; x_wconf 74' lang='lat' dir='ltr'><strong>cx</strong></span> <span class='ocrx_word' id='word_1_310' title='bbox 1560 2559 1718 2614; x_wconf 81' lang='lat' dir='ltr'><strong>Patre</strong></span> <span class='ocrx_word' id='word_1_311' title='bbox 1758 2576 1854 2631; x_wconf 88' lang='lat' dir='ltr'><strong>per</strong></span> <span class='ocrx_word' id='word_1_312' title='bbox 1885 2560 2083 2614; x_wconf 86' lang='lat' dir='ltr'><strong>Filium</strong></span> 
     </span>
    </p>
   </div>
   <div class='ocr_carea' id='block_1_44' title="bbox 492 2652 2082 2722">
    <p class='ocr_par' dir='ltr' id='par_1_44' title="bbox 492 2652 2082 2722">
     <span class='ocr_line' id='line_1_44' title="bbox 492 2652 2082 2722; baseline 0.003 -18"><span class='ocrx_word' id='word_1_313' title='bbox 492 2652 866 2706; x_wconf 79' lang='lat' dir='ltr'><strong>exsistentiam</strong></span> <span class='ocrx_word' id='word_1_314' title='bbox 895 2653 1076 2710; x_wconf 78' lang='lat' dir='ltr'><strong>habet.</strong></span> <span class='ocrx_word' id='word_1_315' title='bbox 1112 2652 1337 2718; x_wconf 81' lang='lat' dir='ltr'><strong>Quodsi</strong></span> <span class='ocrx_word' id='word_1_316' title='bbox 1375 2655 1487 2706; x_wconf 64' lang='lat' dir='ltr'><strong>haec</strong></span> <span class='ocrx_word' id='word_1_317' title='bbox 1513 2668 1734 2722; x_wconf 87' lang='lat' dir='ltr'><strong>quoque</strong></span> <span class='ocrx_word' id='word_1_318' title='bbox 1769 2662 1826 2708; x_wconf 88' lang='lat' dir='ltr'><strong>ttt</strong></span> <span class='ocrx_word' id='word_1_319' title='bbox 1863 2655 2082 2722; x_wconf 85' lang='lat' dir='ltr'><strong>probas,</strong></span> 
     </span>
    </p>
   </div>
   <div class='ocr_carea' id='block_1_45' title="bbox 495 2745 2084 2813">
    <p class='ocr_par' dir='ltr' id='par_1_45' title="bbox 495 2745 2084 2813">
     <span class='ocr_line' id='line_1_45' title="bbox 495 2745 2084 2813; baseline 0.003 -17"><span class='ocrx_word' id='word_1_320' title='bbox 495 2759 595 2809; x_wconf 71' lang='lat' dir='ltr'><strong>age</strong></span> <span class='ocrx_word' id='word_1_321' title='bbox 628 2759 732 2796; x_wconf 86' lang='lat' dir='ltr'><strong>una</strong></span> <span class='ocrx_word' id='word_1_322' title='bbox 777 2745 1094 2807; x_wconf 88' lang='lat' dir='ltr'><strong>nobiscum,</strong></span> <span class='ocrx_word' id='word_1_323' title='bbox 1142 2756 1198 2798; x_wconf 90' lang='lat' dir='ltr'><strong>et</strong></span> <span class='ocrx_word' id='word_1_324' title='bbox 1252 2747 1306 2798; x_wconf 92' lang='lat' dir='ltr'><strong>in</strong></span> <span class='ocrx_word' id='word_1_325' title='bbox 1338 2760 1504 2798; x_wconf 77' lang='lat' dir='ltr'><strong>causa</strong></span> <span class='ocrx_word' id='word_1_326' title='bbox 1549 2745 1785 2813; x_wconf 88' lang='lat' dir='ltr'><strong>Spiritus</strong></span> <span class='ocrx_word' id='word_1_327' title='bbox 1821 2749 2084 2800; x_wconf 80' lang='lat' dir='ltr'><strong>unitatem</strong></span> 
     </span>
    </p>
   </div>
   <div class='ocr_carea' id='block_1_46' title="bbox 498 2833 2089 2903">
    <p class='ocr_par' dir='ltr' id='par_1_46' title="bbox 498 2833 2089 2903">
     <span class='ocr_line' id='line_1_46' title="bbox 498 2833 2089 2903; baseline 0.002 -15"><span class='ocrx_word' id='word_1_328' title='bbox 498 2836 674 2889; x_wconf 84' lang='lat' dir='ltr'><strong>Patris</strong></span> <span class='ocrx_word' id='word_1_329' title='bbox 705 2844 761 2889; x_wconf 88' lang='lat' dir='ltr'><strong>et</strong></span> <span class='ocrx_word' id='word_1_330' title='bbox 795 2833 915 2888; x_wconf 79' lang='lat' dir='ltr'><strong>Filii</strong></span> <span class='ocrx_word' id='word_1_331' title='bbox 952 2836 1238 2890; x_wconf 81' lang='lat' dir='ltr'><strong>eontitere.</strong></span> <span class='ocrx_word' id='word_1_332' title='bbox 1277 2834 1392 2891; x_wconf 87' lang='lat' dir='ltr'><strong>Hoc</strong></span> <span class='ocrx_word' id='word_1_333' title='bbox 1424 2851 1663 2903; x_wconf 78' lang='lat' dir='ltr'><strong>namque</strong></span> <span class='ocrx_word' id='word_1_334' title='bbox 1691 2838 1981 2892; x_wconf 83' lang='lat' dir='ltr'><strong>videbatur</strong></span> <span class='ocrx_word' id='word_1_335' title='bbox 2034 2848 2089 2893; x_wconf 91' lang='lat' dir='ltr'><strong>et</strong></span> 
     </span>
    </p>
   </div>
   <div class='ocr_carea' id='block_1_47' title="bbox 497 2925 2088 3000">
    <p class='ocr_par' dir='ltr' id='par_1_47' title="bbox 497 2925 2088 3000">
     <span class='ocr_line' id='line_1_47' title="bbox 497 2925 2088 3000; baseline 0.003 -21"><span class='ocrx_word' id='word_1_336' title='bbox 497 2927 617 2992; x_wconf 84' lang='lat' dir='ltr'><strong>tibi,</strong></span> <span class='ocrx_word' id='word_1_337' title='bbox 669 2928 713 2980; x_wconf 89' lang='lat' dir='ltr'><strong>si</strong></span> <span class='ocrx_word' id='word_1_338' title='bbox 746 2925 935 2982; x_wconf 83' lang='lat' dir='ltr'><strong>Patres</strong></span> <span class='ocrx_word' id='word_1_339' title='bbox 977 2928 1352 2982; x_wconf 79' lang='lat' dir='ltr'><strong>exsistcmiam</strong></span> <span class='ocrx_word' id='word_1_340' title='bbox 1395 2929 1851 2998; x_wconf 84' lang='lat' dir='ltr'><strong>pronuntiassent</strong></span> <span class='ocrx_word' id='word_1_341' title='bbox 1873 2944 1969 3000; x_wconf 86' lang='lat' dir='ltr'><strong>per</strong></span> <span class='ocrx_word' id='word_1_342' title='bbox 1999 2929 2088 2984; x_wconf 79' lang='lat' dir='ltr'><strong>Fi-</strong></span> 
     </span>
    </p>
   </div>
   <div class='ocr_carea' id='block_1_48' title="bbox 499 3018 2086 3089">
    <p class='ocr_par' dir='ltr' id='par_1_48' title="bbox 499 3018 2086 3089">
     <span class='ocr_line' id='line_1_48' title="bbox 499 3018 2086 3089; baseline 0.001 -19"><span class='ocrx_word' id='word_1_343' title='bbox 499 3018 656 3082; x_wconf 90' lang='lat' dir='ltr'><strong>litttn,</strong></span> <span class='ocrx_word' id='word_1_344' title='bbox 692 3033 791 3072; x_wconf 89' lang='lat' dir='ltr'><strong>nec</strong></span> <span class='ocrx_word' id='word_1_345' title='bbox 815 3019 920 3072; x_wconf 83' lang='lat' dir='ltr'><strong>erit</strong></span> <span class='ocrx_word' id='word_1_346' title='bbox 945 3019 1105 3073; x_wconf 87' lang='lat' dir='ltr'><strong>nobis</strong></span> <span class='ocrx_word' id='word_1_347' title='bbox 1133 3019 1236 3072; x_wconf 80' lang='lat' dir='ltr'><strong>alia</strong></span> <span class='ocrx_word' id='word_1_348' title='bbox 1268 3019 1483 3074; x_wconf 87' lang='lat' dir='ltr'><strong>ratione</strong></span> <span class='ocrx_word' id='word_1_349' title='bbox 1509 3035 1649 3089; x_wconf 90' lang='lat' dir='ltr'><strong>opus</strong></span> <span class='ocrx_word' id='word_1_350' title='bbox 1676 3019 1743 3074; x_wconf 85' lang='lat' dir='ltr'><strong>ad</strong></span> <span class='ocrx_word' id='word_1_351' title='bbox 1777 3029 1829 3074; x_wconf 90' lang='lat' dir='ltr'><strong>te</strong></span> <span class='ocrx_word' id='word_1_352' title='bbox 1859 3034 2086 3088; x_wconf 84' lang='lat' dir='ltr'><strong>persua-</strong></span> 
     </span>
    </p>
   </div>
   <div class='ocr_carea' id='block_1_49' title="bbox 499 3110 766 3164">
    <p class='ocr_par' dir='ltr' id='par_1_49' title="bbox 499 3110 766 3164">
     <span class='ocr_line' id='line_1_49' title="bbox 499 3110 766 3164; baseline 0 -2"><span class='ocrx_word' id='word_1_353' title='bbox 499 3110 766 3164; x_wconf 81' lang='lat' dir='ltr'><strong>dentium.</strong></span> 
     </span>
    </p>
   </div>
   <div class='ocr_carea' id='block_1_50' title="bbox 565 3221 2088 3295">
    <p class='ocr_par' dir='ltr' id='par_1_50' title="bbox 565 3221 2088 3295">
     <span class='ocr_line' id='line_1_50' title="bbox 565 3221 2088 3295; baseline 0.003 -19"><span class='ocrx_word' id='word_1_354' title='bbox 565 3224 622 3277; x_wconf 71' lang='grc'><strong>4.</strong></span> <span class='ocrx_word' id='word_1_355' title='bbox 652 3221 806 3290; x_wconf 85' lang='lat' dir='ltr'><strong>Quod</strong></span> <span class='ocrx_word' id='word_1_356' title='bbox 835 3225 880 3279; x_wconf 89' lang='lat' dir='ltr'><strong>si</strong></span> <span class='ocrx_word' id='word_1_357' title='bbox 920 3225 1158 3279; x_wconf 81' lang='lat' dir='ltr'><strong>nondum</strong></span> <span class='ocrx_word' id='word_1_358' title='bbox 1197 3241 1394 3280; x_wconf 82' lang='lat' dir='ltr'><strong>suastts</strong></span> <span class='ocrx_word' id='word_1_359' title='bbox 1422 3223 1758 3295; x_wconf 89' lang='lat' dir='ltr'><strong>pertinacius</strong></span> <span class='ocrx_word' id='word_1_360' title='bbox 1777 3225 2088 3288; x_wconf 88' lang='lat' dir='ltr'><strong>contendis.</strong></span> 
     </span>
    </p>
   </div>
   <div class='ocr_carea' id='block_1_51' title="bbox 496 3315 2094 3388">
    <p class='ocr_par' dir='ltr' id='par_1_51' title="bbox 496 3315 2094 3388">
     <span class='ocr_line' id='line_1_51' title="bbox 496 3315 2094 3388; baseline 0.003 -20"><span class='ocrx_word' id='word_1_361' title='bbox 496 3315 660 3368; x_wconf 85' lang='lat' dir='ltr'><strong>etiam</strong></span> <span class='ocrx_word' id='word_1_362' title='bbox 687 3333 751 3369; x_wconf 82' lang='lat' dir='ltr'><strong>ex</strong></span> <span class='ocrx_word' id='word_1_363' title='bbox 801 3317 866 3370; x_wconf 88' lang='lat' dir='ltr'><strong>iis</strong></span> <span class='ocrx_word' id='word_1_364' title='bbox 909 3317 1065 3386; x_wconf 79' lang='lat' dir='ltr'><strong>ipsis,</strong></span> <span class='ocrx_word' id='word_1_365' title='bbox 1103 3319 1303 3386; x_wconf 87' lang='lat' dir='ltr'><strong>quibus</strong></span> <span class='ocrx_word' id='word_1_366' title='bbox 1333 3327 1386 3370; x_wconf 84' lang='grc' dir='ltr'><strong>ιιι</strong></span> <span class='ocrx_word' id='word_1_367' title='bbox 1444 3317 1733 3371; x_wconf 76' lang='lat' dir='ltr'><strong>delecteris</strong></span> <span class='ocrx_word' id='word_1_368' title='bbox 1764 3317 2002 3388; x_wconf 85' lang='lat' dir='ltr'><strong>(regulas</strong></span> <span class='ocrx_word' id='word_1_369' title='bbox 2039 3326 2094 3372; x_wconf 82' lang='lat' dir='ltr'><strong>et</strong></span> 
     </span>
    </p>
   </div>
   <div class='ocr_carea' id='block_1_52' title="bbox 513 3406 2090 3478">
    <p class='ocr_par' dir='ltr' id='par_1_52' title="bbox 513 3406 2090 3478">
     <span class='ocr_line' id='line_1_52' title="bbox 513 3406 2090 3478; baseline 0.003 -20"><span class='ocrx_word' id='word_1_370' title='bbox 513 3406 757 3462; x_wconf 79' lang='lat' dir='ltr'><strong>rationes</strong></span> <span class='ocrx_word' id='word_1_371' title='bbox 807 3409 1214 3478; x_wconf 73' lang='lat' dir='ltr'><strong>philosophicas</strong></span> <span class='ocrx_word' id='word_1_372' title='bbox 1255 3411 1432 3464; x_wconf 90' lang='lat' dir='ltr'><strong>oratio</strong></span> <span class='ocrx_word' id='word_1_373' title='bbox 1479 3409 1676 3477; x_wconf 92' lang='lat' dir='ltr'><strong>innuit)</strong></span> <span class='ocrx_word' id='word_1_374' title='bbox 1717 3409 2090 3464; x_wconf 73' lang='lat' dir='ltr'><strong>exsistentiatn</strong></span> 
     </span>
    </p>
   </div>
   <div class='ocr_carea' id='block_1_53' title="bbox 502 3499 2088 3558">
    <p class='ocr_par' dir='ltr' id='par_1_53' title="bbox 502 3499 2088 3558">
     <span class='ocr_line' id='line_1_53' title="bbox 502 3499 2088 3558; baseline 0.004 -8"><span class='ocrx_word' id='word_1_375' title='bbox 502 3507 560 3550; x_wconf 89' lang='lat' dir='ltr'><strong>et</strong></span> <span class='ocrx_word' id='word_1_376' title='bbox 614 3499 947 3555; x_wconf 73' lang='lat' dir='ltr'><strong>exsistentia:</strong></span> <span class='ocrx_word' id='word_1_377' title='bbox 1008 3502 1232 3556; x_wconf 89' lang='lat' dir='ltr'><strong>modum</strong></span> <span class='ocrx_word' id='word_1_378' title='bbox 1272 3503 1506 3558; x_wconf 86' lang='lat' dir='ltr'><strong>indivisa</strong></span> <span class='ocrx_word' id='word_1_379' title='bbox 1552 3517 1675 3557; x_wconf 87' lang='lat' dir='ltr'><strong>esse</strong></span> <span class='ocrx_word' id='word_1_380' title='bbox 1720 3502 2088 3558; x_wconf 88' lang='lat' dir='ltr'><strong>demonstrari</strong></span> 
     </span>
    </p>
   </div>
   <div class='ocr_carea' id='block_1_54' title="bbox 499 3589 2092 3664">
    <p class='ocr_par' dir='ltr' id='par_1_54' title="bbox 499 3589 2092 3664">
     <span class='ocr_line' id='line_1_54' title="bbox 499 3589 2092 3664; baseline 0.003 -22"><span class='ocrx_word' id='word_1_381' title='bbox 499 3589 598 3643; x_wconf 89' lang='lat' dir='ltr'><strong>tibi</strong></span> <span class='ocrx_word' id='word_1_382' title='bbox 635 3591 793 3658; x_wconf 84' lang='lat' dir='ltr'><strong>petis,</strong></span> <span class='ocrx_word' id='word_1_383' title='bbox 831 3602 891 3645; x_wconf 94' lang='lat' dir='ltr'><strong>ut</strong></span> <span class='ocrx_word' id='word_1_384' title='bbox 919 3603 1065 3647; x_wconf 87' lang='lat' dir='ltr'><strong>certa</strong></span> <span class='ocrx_word' id='word_1_385' title='bbox 1103 3595 1401 3664; x_wconf 77' lang='lat' dir='ltr'><strong>exquisitio</strong></span> <span class='ocrx_word' id='word_1_386' title='bbox 1423 3594 1907 3663; x_wconf 55' lang='lat' dir='ltr'><strong>repraesentatione</strong></span> <span class='ocrx_word' id='word_1_387' title='bbox 1934 3610 2092 3650; x_wconf 86' lang='lat' dir='ltr'><strong>com-</strong></span> 
     </span>
    </p>
   </div>
   <div class='ocr_carea' id='block_1_55' title="bbox 501 3683 2094 3750">
    <p class='ocr_par' dir='ltr' id='par_1_55' title="bbox 501 3683 2094 3750">
     <span class='ocr_line' id='line_1_55' title="bbox 501 3683 2094 3750; baseline 0.004 -17"><span class='ocrx_word' id='word_1_388' title='bbox 501 3683 788 3749; x_wconf 87' lang='lat' dir='ltr'><strong>probetur,</strong></span> <span class='ocrx_word' id='word_1_389' title='bbox 824 3687 1032 3739; x_wconf 89' lang='lat' dir='ltr'><strong>uullutn</strong></span> <span class='ocrx_word' id='word_1_390' title='bbox 1067 3685 1404 3741; x_wconf 88' lang='lat' dir='ltr'><strong>intercedere</strong></span> <span class='ocrx_word' id='word_1_391' title='bbox 1435 3686 1754 3750; x_wconf 89' lang='lat' dir='ltr'><strong>discrimen,</strong></span> <span class='ocrx_word' id='word_1_392' title='bbox 1799 3687 1914 3740; x_wconf 88' lang='lat' dir='ltr'><strong>sive</strong></span> <span class='ocrx_word' id='word_1_393' title='bbox 1945 3686 2094 3740; x_wconf 78' lang='lat' dir='ltr'><strong>exsi-</strong></span> 
     </span>
    </p>
   </div>
   <div class='ocr_carea' id='block_1_56' title="bbox 500 3775 2094 3844">
    <p class='ocr_par' dir='ltr' id='par_1_56' title="bbox 500 3775 2094 3844">
     <span class='ocr_line' id='line_1_56' title="bbox 500 3775 2094 3844; baseline 0.004 -18"><span class='ocrx_word' id='word_1_394' title='bbox 500 3775 757 3828; x_wconf 72' lang='lat' dir='ltr'><strong>stentiam</strong></span> <span class='ocrx_word' id='word_1_395' title='bbox 785 3777 898 3831; x_wconf 83' lang='lat' dir='ltr'><strong>sive</strong></span> <span class='ocrx_word' id='word_1_396' title='bbox 921 3779 1256 3832; x_wconf 75' lang='lat' dir='ltr'><strong>exsistentia:</strong></span> <span class='ocrx_word' id='word_1_397' title='bbox 1287 3780 1508 3832; x_wconf 92' lang='lat' dir='ltr'><strong>modum</strong></span> <span class='ocrx_word' id='word_1_398' title='bbox 1539 3777 1713 3844; x_wconf 84' lang='lat' dir='ltr'><strong>dicas.</strong></span> <span class='ocrx_word' id='word_1_399' title='bbox 1748 3779 1912 3834; x_wconf 87' lang='lat' dir='ltr'><strong>etiam</strong></span> <span class='ocrx_word' id='word_1_400' title='bbox 1953 3779 2094 3834; x_wconf 89' lang='lat' dir='ltr'><strong>hanc</strong></span> 
     </span>
    </p>
   </div>
   <div class='ocr_carea' id='block_1_57' title="bbox 496 3867 2094 3938">
    <p class='ocr_par' dir='ltr' id='par_1_57' title="bbox 496 3867 2094 3938">
     <span class='ocr_line' id='line_1_57' title="bbox 496 3867 2094 3938; baseline 0.006 -20"><span class='ocrx_word' id='word_1_401' title='bbox 496 3867 1032 3922; x_wconf 89' lang='lat' dir='ltr'><strong>demonstrationem</strong></span> <span class='ocrx_word' id='word_1_402' title='bbox 1065 3879 1120 3923; x_wconf 91' lang='lat' dir='ltr'><strong>et</strong></span> <span class='ocrx_word' id='word_1_403' title='bbox 1155 3869 1693 3938; x_wconf 64' lang='lat' dir='ltr'><strong>repraesentatimtem</strong></span> <span class='ocrx_word' id='word_1_404' title='bbox 1724 3885 1790 3924; x_wconf 82' lang='lat' dir='ltr'><strong>ex</strong></span> <span class='ocrx_word' id='word_1_405' title='bbox 1839 3871 1949 3926; x_wconf 91' lang='lat' dir='ltr'><strong>illis</strong></span> <span class='ocrx_word' id='word_1_406' title='bbox 1995 3871 2094 3926; x_wconf 81' lang='lat' dir='ltr'><strong>ab-</strong></span> 
     </span>
    </p>
   </div>
   <div class='ocr_carea' id='block_1_58' title="bbox 495 3960 2094 4032">
    <p class='ocr_par' dir='ltr' id='par_1_58' title="bbox 495 3960 2094 4032">
     <span class='ocr_line' id='line_1_58' title="bbox 495 3960 2094 4032; baseline 0.004 -21"><span class='ocrx_word' id='word_1_407' title='bbox 495 3961 799 4024; x_wconf 88' lang='lat' dir='ltr'><strong>solvemus,</strong></span> <span class='ocrx_word' id='word_1_408' title='bbox 833 3975 956 4028; x_wconf 68' lang='lat' dir='ltr'><strong>quae</strong></span> <span class='ocrx_word' id='word_1_409' title='bbox 993 3976 1022 4012; x_wconf 90' lang='lat' dir='ltr'><strong>a</strong></span> <span class='ocrx_word' id='word_1_410' title='bbox 1072 3960 1415 4032; x_wconf 85' lang='lat' dir='ltr'><strong>philosophis</strong></span> <span class='ocrx_word' id='word_1_411' title='bbox 1438 3962 1514 4015; x_wconf 90' lang='lat' dir='ltr'><strong>uti</strong></span> <span class='ocrx_word' id='word_1_412' title='bbox 1546 3971 1697 4017; x_wconf 90' lang='lat' dir='ltr'><strong>certa</strong></span> <span class='ocrx_word' id='word_1_413' title='bbox 1727 3963 2094 4018; x_wconf 90' lang='lat' dir='ltr'><strong>communiter</strong></span> 
     </span>
    </p>
   </div>
   <div class='ocr_carea' id='block_1_59' title="bbox 497 4049 2093 4126">
    <p class='ocr_par' dir='ltr' id='par_1_59' title="bbox 497 4049 2093 4126">
     <span class='ocr_line' id='line_1_59' title="bbox 497 4049 2093 4126; baseline 0.006 -23"><span class='ocrx_word' id='word_1_414' title='bbox 497 4059 875 4119; x_wconf 86' lang='lat' dir='ltr'><strong>acccptautur.</strong></span> <span class='ocrx_word' id='word_1_415' title='bbox 921 4049 1126 4107; x_wconf 88' lang='lat' dir='ltr'><strong>Omnes</strong></span> <span class='ocrx_word' id='word_1_416' title='bbox 1177 4069 1424 4121; x_wconf 88' lang='lat' dir='ltr'><strong>prorsus,</strong></span> <span class='ocrx_word' id='word_1_417' title='bbox 1468 4055 1669 4123; x_wconf 89' lang='lat' dir='ltr'><strong>quibus</strong></span> <span class='ocrx_word' id='word_1_418' title='bbox 1715 4055 2093 4126; x_wconf 82' lang='lat' dir='ltr'><strong>philosophica</strong></span> 
     </span>
    </p>
   </div>
   <div class='ocr_carea' id='block_1_60' title="bbox 500 4142 2090 4211">
    <p class='ocr_par' dir='ltr' id='par_1_60' title="bbox 500 4142 2090 4211">
     <span class='ocr_line' id='line_1_60' title="bbox 500 4142 2090 4211; baseline 0.004 -16"><span class='ocrx_word' id='word_1_419' title='bbox 500 4142 698 4207; x_wconf 81' lang='lat' dir='ltr'><strong>placita</strong></span> <span class='ocrx_word' id='word_1_420' title='bbox 737 4156 882 4196; x_wconf 70' lang='lat' dir='ltr'><strong>curae</strong></span> <span class='ocrx_word' id='word_1_421' title='bbox 912 4151 1062 4208; x_wconf 83' lang='lat' dir='ltr'><strong>sunt,</strong></span> <span class='ocrx_word' id='word_1_422' title='bbox 1099 4159 1211 4198; x_wconf 89' lang='lat' dir='ltr'><strong>uno</strong></span> <span class='ocrx_word' id='word_1_423' title='bbox 1255 4160 1354 4200; x_wconf 90' lang='lat' dir='ltr'><strong>ore</strong></span> <span class='ocrx_word' id='word_1_424' title='bbox 1389 4145 1650 4211; x_wconf 73' lang='lat' dir='ltr'><strong>fatentur,</strong></span> <span class='ocrx_word' id='word_1_425' title='bbox 1693 4147 1900 4201; x_wconf 91' lang='lat' dir='ltr'><strong>nullum</strong></span> <span class='ocrx_word' id='word_1_426' title='bbox 1933 4148 2090 4203; x_wconf 73' lang='lat' dir='ltr'><strong>habi-</strong></span> 
     </span>
    </p>
   </div>
   <div class='ocr_carea' id='block_1_61' title="bbox 500 4234 2087 4310">
    <p class='ocr_par' dir='ltr' id='par_1_61' title="bbox 500 4234 2087 4310">
     <span class='ocr_line' id='line_1_61' title="bbox 500 4234 2087 4310; baseline 0.006 -24"><span class='ocrx_word' id='word_1_427' title='bbox 500 4244 614 4286; x_wconf 90' lang='lat' dir='ltr'><strong>tum</strong></span> <span class='ocrx_word' id='word_1_428' title='bbox 649 4235 716 4287; x_wconf 90' lang='lat' dir='ltr'><strong>ah</strong></span> <span class='ocrx_word' id='word_1_429' title='bbox 769 4234 863 4287; x_wconf 92' lang='lat' dir='ltr'><strong>illo</strong></span> <span class='ocrx_word' id='word_1_430' title='bbox 901 4236 1172 4303; x_wconf 85' lang='lat' dir='ltr'><strong>subjecto,</strong></span> <span class='ocrx_word' id='word_1_431' title='bbox 1227 4237 1387 4306; x_wconf 85' lang='lat' dir='ltr'><strong>cujus</strong></span> <span class='ocrx_word' id='word_1_432' title='bbox 1432 4237 1652 4294; x_wconf 90' lang='lat' dir='ltr'><strong>habitus</strong></span> <span class='ocrx_word' id='word_1_433' title='bbox 1684 4249 1789 4303; x_wconf 87' lang='lat' dir='ltr'><strong>est,</strong></span> <span class='ocrx_word' id='word_1_434' title='bbox 1845 4256 2087 4310; x_wconf 89' lang='lat' dir='ltr'><strong>unquam</strong></span> 
     </span>
    </p>
   </div>
   <div class='ocr_carea' id='block_1_62' title="bbox 497 4325 2089 4403">
    <p class='ocr_par' dir='ltr' id='par_1_62' title="bbox 497 4325 2089 4403">
     <span class='ocr_line' id='line_1_62' title="bbox 497 4325 2089 4403; baseline 0.008 -26"><span class='ocrx_word' id='word_1_435' title='bbox 497 4325 687 4392; x_wconf 84' lang='lat' dir='ltr'><strong>dividi,</strong></span> <span class='ocrx_word' id='word_1_436' title='bbox 719 4335 773 4380; x_wconf 90' lang='lat' dir='ltr'><strong>et</strong></span> <span class='ocrx_word' id='word_1_437' title='bbox 801 4326 1004 4381; x_wconf 86' lang='lat' dir='ltr'><strong>nullam</strong></span> <span class='ocrx_word' id='word_1_438' title='bbox 1035 4327 1398 4384; x_wconf 73' lang='lat' dir='ltr'><strong>diﬂ‘erentiam</strong></span> <span class='ocrx_word' id='word_1_439' title='bbox 1435 4331 1502 4385; x_wconf 85' lang='lat' dir='ltr'><strong>ab</strong></span> <span class='ocrx_word' id='word_1_440' title='bbox 1541 4345 1607 4386; x_wconf 85' lang='lat' dir='ltr'><strong>eo</strong></span> <span class='ocrx_word' id='word_1_441' title='bbox 1635 4330 1907 4400; x_wconf 86' lang='lat' dir='ltr'><strong>subjecto,</strong></span> <span class='ocrx_word' id='word_1_442' title='bbox 1929 4333 2089 4403; x_wconf 87' lang='lat' dir='ltr'><strong>cujus</strong></span> 
     </span>
    </p>
   </div>
   <div class='ocr_carea' id='block_1_63' title="bbox 2116 3089 2164 3152">
    <p class='ocr_par' dir='ltr' id='par_1_63' title="bbox 2116 3089 2164 3152">
     <span class='ocr_line' id='line_1_63' title="bbox 2116 3089 2164 3152; baseline 0 0"><span class='ocrx_word' id='word_1_443' title='bbox 2116 3089 2164 3152; x_wconf 88' lang='lat' dir='ltr'><strong><em>C</em></strong></span> 
     </span>
    </p>
   </div>
   <div class='ocr_carea' id='block_1_64' title="bbox 2181 1917 3776 1992">
    <p class='ocr_par' dir='ltr' id='par_1_64' title="bbox 2181 1917 3776 1992">
     <span class='ocr_line' id='line_1_64' title="bbox 2181 1917 3776 1992; baseline -0.001 -22"><span class='ocrx_word' id='word_1_444' title='bbox 2181 1921 2291 1973; x_wconf 85' lang='grc' dir='ltr'>τῶν</span> <span class='ocrx_word' id='word_1_445' title='bbox 2320 1922 2626 1990; x_wconf 65' lang='grc' dir='ltr'>ὁμολογιῶν</span> <span class='ocrx_word' id='word_1_446' title='bbox 2652 1923 2716 1992; x_wconf 80' lang='grc' dir='ltr'><strong>δὴ</strong></span> <span class='ocrx_word' id='word_1_447' title='bbox 2753 1924 2960 1975; x_wconf 77' lang='grc' dir='ltr'>τούτων</span> <span class='ocrx_word' id='word_1_448' title='bbox 2993 1922 3218 1991; x_wconf 81' lang='grc' dir='ltr'>μηδενὸς</span> <span class='ocrx_word' id='word_1_449' title='bbox 3267 1921 3347 1972; x_wconf 77' lang='grc' dir='ltr'>ἐτι</span> <span class='ocrx_word' id='word_1_450' title='bbox 3380 1919 3602 1989; x_wconf 75' lang='grc' dir='ltr'>χρῄζειν</span> <span class='ocrx_word' id='word_1_451' title='bbox 3628 1917 3776 1969; x_wconf 76' lang='grc' dir='ltr'><strong>δοκῶ</strong></span> 
     </span>
    </p>
   </div>
   <div class='ocr_carea' id='block_1_65' title="bbox 2182 2009 3776 2083">
    <p class='ocr_par' dir='ltr' id='par_1_65' title="bbox 2182 2009 3776 2083">
     <span class='ocr_line' id='line_1_65' title="bbox 2182 2009 3776 2083; baseline -0.003 -19"><span class='ocrx_word' id='word_1_452' title='bbox 2182 2014 2282 2083; x_wconf 81' lang='grc' dir='ltr'>τὴν</span> <span class='ocrx_word' id='word_1_453' title='bbox 2335 2012 2633 2080; x_wconf 81' lang='grc' dir='ltr'>ἀπόδειξιν.</span> <span class='ocrx_word' id='word_1_454' title='bbox 2690 2013 2751 2065; x_wconf 79' lang='grc' dir='ltr'><strong>Εἰ</strong></span> <span class='ocrx_word' id='word_1_455' title='bbox 2801 2013 2910 2082; x_wconf 82' lang='grc' dir='ltr'><strong>γὰρ</strong></span> <span class='ocrx_word' id='word_1_456' title='bbox 2960 2015 2993 2082; x_wconf 84' lang='grc' dir='ltr'>ἡ</span> <span class='ocrx_word' id='word_1_457' title='bbox 3052 2015 3117 2064; x_wconf 80' lang='grc' dir='ltr'><strong>ὲκ</strong></span> <span class='ocrx_word' id='word_1_458' title='bbox 3170 2011 3384 2082; x_wconf 80' lang='grc' dir='ltr'>Πατρδς</span> <span class='ocrx_word' id='word_1_459' title='bbox 3444 2009 3776 2078; x_wconf 72' lang='grc' dir='ltr'>ἐκπόρευσις</span> 
     </span>
    </p>
   </div>
   <div class='ocr_carea' id='block_1_66' title="bbox 2185 2099 3772 2177">
    <p class='ocr_par' dir='ltr' id='par_1_66' title="bbox 2185 2099 3772 2177">
     <span class='ocr_line' id='line_1_66' title="bbox 2185 2099 3772 2177; baseline -0.006 -17"><span class='ocrx_word' id='word_1_460' title='bbox 2185 2107 2532 2177; x_wconf 81' lang='grc' dir='ltr'>ἁδιαιρέτως,</span> <span class='ocrx_word' id='word_1_461' title='bbox 2583 2105 2618 2160; x_wconf 68' lang='grc' dir='ltr'>ἃ</span> <span class='ocrx_word' id='word_1_462' title='bbox 2654 2109 2718 2160; x_wconf 81' lang='grc' dir='ltr'>σὺ</span> <span class='ocrx_word' id='word_1_463' title='bbox 2752 2106 3006 2176; x_wconf 84' lang='grc' dir='ltr'>διαιρείς,</span> <span class='ocrx_word' id='word_1_464' title='bbox 3053 2107 3344 2175; x_wconf 86' lang='grc' dir='ltr'>ἀμφότερα</span> <span class='ocrx_word' id='word_1_465' title='bbox 3391 2103 3644 2159; x_wconf 82' lang='grc' dir='ltr'>δύναται.</span> <span class='ocrx_word' id='word_1_466' title='bbox 3685 2099 3772 2151; x_wconf 66' lang='grc' dir='ltr'><strong>εὖ-</strong></span> 
     </span>
    </p>
   </div>
   <div class='ocr_carea' id='block_1_67' title="bbox 2185 2191 3776 2268">
    <p class='ocr_par' dir='ltr' id='par_1_67' title="bbox 2185 2191 3776 2268">
     <span class='ocr_line' id='line_1_67' title="bbox 2185 2191 3776 2268; baseline -0.006 -16"><span class='ocrx_word' id='word_1_467' title='bbox 2185 2199 2344 2268; x_wconf 83' lang='grc' dir='ltr'>δηλον</span> <span class='ocrx_word' id='word_1_468' title='bbox 2378 2197 2452 2259; x_wconf 79' lang='grc' dir='ltr'><strong>ὡς</strong></span> <span class='ocrx_word' id='word_1_469' title='bbox 2479 2197 2623 2250; x_wconf 83' lang='grc' dir='ltr'>οὓτω</span> <span class='ocrx_word' id='word_1_470' title='bbox 2653 2196 2826 2249; x_wconf 78' lang='grc' dir='ltr'>ταῦτα</span> <span class='ocrx_word' id='word_1_471' title='bbox 2856 2197 2920 2266; x_wconf 81' lang='grc' dir='ltr'><strong>δὴ</strong></span> <span class='ocrx_word' id='word_1_472' title='bbox 2961 2199 3054 2249; x_wconf 76' lang='grc' dir='ltr'><strong>καὶ</strong></span> <span class='ocrx_word' id='word_1_473' title='bbox 3085 2199 3117 2266; x_wconf 84' lang='grc' dir='ltr'>ἡ</span> <span class='ocrx_word' id='word_1_474' title='bbox 3147 2194 3215 2248; x_wconf 77' lang='grc' dir='ltr'>δι’</span> <span class='ocrx_word' id='word_1_475' title='bbox 3249 2194 3405 2248; x_wconf 84' lang='grc' dir='ltr'><strong>Υἱοῦ.</strong></span> <span class='ocrx_word' id='word_1_476' title='bbox 3448 2191 3776 2260; x_wconf 80' lang='grc' dir='ltr'><strong>Ἐκπορεύε-</strong></span> 
     </span>
    </p>
   </div>
   <div class='ocr_carea' id='block_1_68' title="bbox 2189 2284 3778 2358">
    <p class='ocr_par' dir='ltr' id='par_1_68' title="bbox 2189 2284 3778 2358">
     <span class='ocr_line' id='line_1_68' title="bbox 2189 2284 3778 2358; baseline -0.004 -16"><span class='ocrx_word' id='word_1_477' title='bbox 2189 2291 2313 2342; x_wconf 89' lang='grc' dir='ltr'>σθαι</span> <span class='ocrx_word' id='word_1_478' title='bbox 2343 2293 2455 2358; x_wconf 80' lang='grc' dir='ltr'>γὰρ</span> <span class='ocrx_word' id='word_1_479' title='bbox 2479 2292 2592 2352; x_wconf 86' lang='grc' dir='ltr'>τοῖς</span> <span class='ocrx_word' id='word_1_480' title='bbox 2622 2287 2874 2358; x_wconf 83' lang='grc' dir='ltr'>Πατράσι</span> <span class='ocrx_word' id='word_1_481' title='bbox 2905 2289 2968 2341; x_wconf 85' lang='grc' dir='ltr'>τὸ</span> <span class='ocrx_word' id='word_1_482' title='bbox 3012 2288 3238 2358; x_wconf 79' lang='grc' dir='ltr'><strong>Πνεῦμα</strong></span> <span class='ocrx_word' id='word_1_483' title='bbox 3267 2287 3485 2355; x_wconf 83' lang='grc' dir='ltr'>λέγεται</span> <span class='ocrx_word' id='word_1_484' title='bbox 3521 2285 3590 2338; x_wconf 88' lang='grc' dir='ltr'><strong>δι’</strong></span> <span class='ocrx_word' id='word_1_485' title='bbox 3618 2284 3778 2349; x_wconf 79' lang='grc' dir='ltr'><strong>Υἱοῦ,</strong></span> 
     </span>
    </p>
   </div>
   <div class='ocr_carea' id='block_1_69' title="bbox 2186 2379 3781 2453">
    <p class='ocr_par' dir='ltr' id='par_1_69' title="bbox 2186 2379 3781 2453">
     <span class='ocr_line' id='line_1_69' title="bbox 2186 2379 3781 2453; baseline -0.003 -17"><span class='ocrx_word' id='word_1_486' title='bbox 2186 2385 2268 2436; x_wconf 82' lang='grc' dir='ltr'>ὅτι</span> <span class='ocrx_word' id='word_1_487' title='bbox 2298 2385 2398 2449; x_wconf 76' lang='grc' dir='ltr'>τὴν</span> <span class='ocrx_word' id='word_1_488' title='bbox 2425 2385 2558 2452; x_wconf 66' lang='grc' dir='ltr'>πρὸς</span> <span class='ocrx_word' id='word_1_489' title='bbox 2602 2384 2702 2453; x_wconf 80' lang='grc' dir='ltr'>τὴν</span> <span class='ocrx_word' id='word_1_490' title='bbox 2733 2383 2988 2452; x_wconf 82' lang='grc' dir='ltr'>γέννησιν</span> <span class='ocrx_word' id='word_1_491' title='bbox 3017 2381 3112 2434; x_wconf 82' lang='grc' dir='ltr'>τοῦ</span> <span class='ocrx_word' id='word_1_492' title='bbox 3153 2379 3284 2433; x_wconf 82' lang='grc' dir='ltr'><strong>Υίοῦ</strong></span> <span class='ocrx_word' id='word_1_493' title='bbox 3315 2380 3687 2449; x_wconf 81' lang='grc' dir='ltr'>διαφέρουσαν</span> <span class='ocrx_word' id='word_1_494' title='bbox 3713 2379 3781 2431; x_wconf 70' lang='grc' dir='ltr'><strong>ἐκ</strong></span> 
     </span>
    </p>
   </div>
   <div class='ocr_carea' id='block_1_70' title="bbox 2190 2468 3782 2546">
    <p class='ocr_par' dir='ltr' id='par_1_70' title="bbox 2190 2468 3782 2546">
     <span class='ocr_line' id='line_1_70' title="bbox 2190 2468 3782 2546; baseline -0.005 -18"><span class='ocrx_word' id='word_1_495' title='bbox 2190 2475 2401 2546; x_wconf 71' lang='grc' dir='ltr'>Πατρός</span> <span class='ocrx_word' id='word_1_496' title='bbox 2429 2473 2667 2546; x_wconf 77' lang='grc' dir='ltr'>ὓπαρξιν</span> <span class='ocrx_word' id='word_1_497' title='bbox 2702 2474 2817 2544; x_wconf 79' lang='grc' dir='ltr'>ἔχει</span> <span class='ocrx_word' id='word_1_498' title='bbox 2853 2474 2922 2526; x_wconf 85' lang='grc' dir='ltr'><strong>δι’</strong></span> <span class='ocrx_word' id='word_1_499' title='bbox 2951 2472 3102 2527; x_wconf 82' lang='grc' dir='ltr'><strong>Υίοῦ.</strong></span> <span class='ocrx_word' id='word_1_500' title='bbox 3131 2473 3192 2526; x_wconf 76' lang='lat' dir='ltr'><strong>Ei</strong></span> <span class='ocrx_word' id='word_1_501' title='bbox 3229 2473 3327 2542; x_wconf 78' lang='grc' dir='ltr'>μὲν</span> <span class='ocrx_word' id='word_1_502' title='bbox 3348 2468 3442 2524; x_wconf 72' lang='grc' dir='ltr'>οὖν</span> <span class='ocrx_word' id='word_1_503' title='bbox 3467 2468 3612 2522; x_wconf 74' lang='grc' dir='ltr'>οὕτω</span> <span class='ocrx_word' id='word_1_504' title='bbox 3654 2485 3782 2521; x_wconf 84' lang='grc' dir='ltr'>συν-</span> 
     </span>
    </p>
   </div>
   <div class='ocr_carea' id='block_1_71' title="bbox 2186 2561 3782 2637">
    <p class='ocr_par' dir='ltr' id='par_1_71' title="bbox 2186 2561 3782 2637">
     <span class='ocr_line' id='line_1_71' title="bbox 2186 2561 3782 2637; baseline -0.006 -15"><span class='ocrx_word' id='word_1_505' title='bbox 2186 2569 2334 2622; x_wconf 68' lang='grc' dir='ltr'>δικεί</span> <span class='ocrx_word' id='word_1_506' title='bbox 2364 2567 2541 2622; x_wconf 81' lang='grc' dir='ltr'>ταῦτα</span> <span class='ocrx_word' id='word_1_507' title='bbox 2577 2569 2672 2620; x_wconf 77' lang='grc' dir='ltr'><strong>καὶ</strong></span> <span class='ocrx_word' id='word_1_508' title='bbox 2717 2569 2821 2631; x_wconf 77' lang='grc' dir='ltr'>σοὶ,</span> <span class='ocrx_word' id='word_1_509' title='bbox 2856 2567 3016 2637; x_wconf 79' lang='grc' dir='ltr'>δεῦρο</span> <span class='ocrx_word' id='word_1_510' title='bbox 3055 2566 3120 2636; x_wconf 85' lang='grc' dir='ltr'>δὴ</span> <span class='ocrx_word' id='word_1_511' title='bbox 3152 2565 3310 2634; x_wconf 78' lang='grc' dir='ltr'>στῆθι</span> <span class='ocrx_word' id='word_1_512' title='bbox 3345 2564 3462 2634; x_wconf 80' lang='grc' dir='ltr'>μεθ’</span> <span class='ocrx_word' id='word_1_513' title='bbox 3491 2562 3648 2631; x_wconf 77' lang='grc' dir='ltr'>ἡμῶν</span> <span class='ocrx_word' id='word_1_514' title='bbox 3685 2561 3782 2616; x_wconf 80' lang='grc' dir='ltr'><strong>καὶ</strong></span> 
     </span>
    </p>
   </div>
   <div class='ocr_carea' id='block_1_72' title="bbox 2188 2650 3776 2729">
    <p class='ocr_par' dir='ltr' id='par_1_72' title="bbox 2188 2650 3776 2729">
     <span class='ocr_line' id='line_1_72' title="bbox 2188 2650 3776 2729; baseline -0.006 -16"><span class='ocrx_word' id='word_1_515' title='bbox 2188 2659 2350 2720; x_wconf 79' lang='grc' dir='ltr'>αὐτὸς</span> <span class='ocrx_word' id='word_1_516' title='bbox 2379 2661 2480 2729; x_wconf 82' lang='grc' dir='ltr'>τὴν</span> <span class='ocrx_word' id='word_1_517' title='bbox 2518 2662 2609 2712; x_wconf 71' lang='grc' dir='ltr'><strong>ἐπὶ</strong></span> <span class='ocrx_word' id='word_1_518' title='bbox 2637 2661 2704 2729; x_wconf 82' lang='grc' dir='ltr'><strong>τῇ</strong></span> <span class='ocrx_word' id='word_1_519' title='bbox 2745 2659 2898 2728; x_wconf 75' lang='grc' dir='ltr'>αἰτίᾳ</span> <span class='ocrx_word' id='word_1_520' title='bbox 2926 2655 3022 2709; x_wconf 83' lang='grc' dir='ltr'><strong>τοῦ</strong></span> <span class='ocrx_word' id='word_1_521' title='bbox 3064 2656 3383 2724; x_wconf 75' lang='grc' dir='ltr'>ιινεὺματος</span> <span class='ocrx_word' id='word_1_522' title='bbox 3415 2653 3645 2723; x_wconf 76' lang='grc' dir='ltr'>ἑνότητα</span> <span class='ocrx_word' id='word_1_523' title='bbox 3685 2650 3776 2704; x_wconf 81' lang='grc' dir='ltr'><strong>τοῦ</strong></span> 
     </span>
    </p>
   </div>
   <div class='ocr_carea' id='block_1_73' title="bbox 2189 2743 3783 2820">
    <p class='ocr_par' dir='ltr' id='par_1_73' title="bbox 2189 2743 3783 2820">
     <span class='ocr_line' id='line_1_73' title="bbox 2189 2743 3783 2820; baseline -0.005 -18"><span class='ocrx_word' id='word_1_524' title='bbox 2189 2750 2421 2820; x_wconf 74' lang='grc' dir='ltr'>Πατρὸςι</span> <span class='ocrx_word' id='word_1_525' title='bbox 2462 2750 2742 2820; x_wconf 74' lang='grc' dir='ltr'>ὁμολογῶν</span> <span class='ocrx_word' id='word_1_526' title='bbox 2780 2750 2876 2802; x_wconf 79' lang='grc' dir='ltr'><strong>καὶ</strong></span> <span class='ocrx_word' id='word_1_527' title='bbox 2927 2746 3080 2801; x_wconf 85' lang='grc' dir='ltr'><strong>Υἱοῦ.</strong></span> <span class='ocrx_word' id='word_1_528' title='bbox 3114 2746 3286 2799; x_wconf 76' lang='grc' dir='ltr'>Τοῦτο</span> <span class='ocrx_word' id='word_1_529' title='bbox 3335 2747 3446 2814; x_wconf 75' lang='grc' dir='ltr'>γὰρ</span> <span class='ocrx_word' id='word_1_530' title='bbox 3497 2745 3593 2798; x_wconf 81' lang='grc' dir='ltr'><strong>καὶ</strong></span> <span class='ocrx_word' id='word_1_531' title='bbox 3646 2743 3783 2795; x_wconf 75' lang='grc' dir='ltr'>αὐτὸ</span> 
     </span>
    </p>
   </div>
   <div class='ocr_carea' id='block_1_74' title="bbox 2191 2837 3784 2910">
    <p class='ocr_par' dir='ltr' id='par_1_74' title="bbox 2191 2837 3784 2910">
     <span class='ocr_line' id='line_1_74' title="bbox 2191 2837 3784 2910; baseline -0.003 -16"><span class='ocrx_word' id='word_1_532' title='bbox 2191 2843 2273 2894; x_wconf 77' lang='grc' dir='ltr'>σοὶ</span> <span class='ocrx_word' id='word_1_533' title='bbox 2331 2841 2530 2906; x_wconf 69' lang='grc' dir='ltr'>ἐδόκει,</span> <span class='ocrx_word' id='word_1_534' title='bbox 2581 2843 2679 2894; x_wconf 70' lang='grc' dir='ltr'><strong>ἐὰν</strong></span> <span class='ocrx_word' id='word_1_535' title='bbox 2720 2843 2771 2894; x_wconf 80' lang='lat' dir='ltr'><strong>0i</strong></span> <span class='ocrx_word' id='word_1_536' title='bbox 2823 2841 3067 2910; x_wconf 79' lang='grc' dir='ltr'>Πατέρες</span> <span class='ocrx_word' id='word_1_537' title='bbox 3113 2839 3352 2910; x_wconf 79' lang='grc' dir='ltr'>ὕπαρξιν</span> <span class='ocrx_word' id='word_1_538' title='bbox 3405 2840 3663 2909; x_wconf 79' lang='grc' dir='ltr'>εἰρήκασι</span> <span class='ocrx_word' id='word_1_539' title='bbox 3711 2837 3784 2890; x_wconf 78' lang='grc' dir='ltr'><strong>δι’</strong></span> 
     </span>
    </p>
   </div>
   <div class='ocr_carea' id='block_1_75' title="bbox 2191 2932 3780 3006">
    <p class='ocr_par' dir='ltr' id='par_1_75' title="bbox 2191 2932 3780 3006">
     <span class='ocr_line' id='line_1_75' title="bbox 2191 2932 3780 3006; baseline -0.001 -19"><span class='ocrx_word' id='word_1_540' title='bbox 2191 2934 2344 2999; x_wconf 84' lang='grc' dir='ltr'>Υίοῦ,</span> <span class='ocrx_word' id='word_1_541' title='bbox 2379 2936 2476 2989; x_wconf 71' lang='grc' dir='ltr'><strong>καὶ</strong></span> <span class='ocrx_word' id='word_1_542' title='bbox 2502 2936 2689 2989; x_wconf 80' lang='grc' dir='ltr'>οὐκέτι</span> <span class='ocrx_word' id='word_1_543' title='bbox 2729 2935 2917 2989; x_wconf 75' lang='grc' dir='ltr'>λοιπὸν</span> <span class='ocrx_word' id='word_1_544' title='bbox 2946 2935 3136 3006; x_wconf 77' lang='grc' dir='ltr'>ἑτέρου</span> <span class='ocrx_word' id='word_1_545' title='bbox 3163 2934 3324 3003; x_wconf 81' lang='grc' dir='ltr'>λόγου</span> <span class='ocrx_word' id='word_1_546' title='bbox 3352 2933 3449 2987; x_wconf 80' lang='grc' dir='ltr'><strong>τοῦ</strong></span> <span class='ocrx_word' id='word_1_547' title='bbox 3488 2932 3780 2995; x_wconf 81' lang='grc' dir='ltr'>πείσοντός</span> 
     </span>
    </p>
   </div>
   <div class='ocr_carea' id='block_1_76' title="bbox 2194 3027 2684 3099">
    <p class='ocr_par' dir='ltr' id='par_1_76' title="bbox 2194 3027 2684 3099">
     <span class='ocr_line' id='line_1_76' title="bbox 2194 3027 2684 3099; baseline 0.002 -19"><span class='ocrx_word' id='word_1_548' title='bbox 2194 3043 2254 3080; x_wconf 90' lang='grc' dir='ltr'><strong>σε</strong></span> <span class='ocrx_word' id='word_1_549' title='bbox 2283 3027 2684 3099; x_wconf 84' lang='grc' dir='ltr'>δεηθησόμεθα.</span> 
     </span>
    </p>
   </div>
   <div class='ocr_carea' id='block_1_77' title="bbox 2265 3217 3788 3292">
    <p class='ocr_par' dir='ltr' id='par_1_77' title="bbox 2265 3217 3788 3292">
     <span class='ocr_line' id='line_1_77' title="bbox 2265 3217 3788 3292; baseline -0.001 -20"><span class='ocrx_word' id='word_1_550' title='bbox 2265 3218 2328 3274; x_wconf 85' lang='grc' dir='ltr'><strong>δ’.</strong></span> <span class='ocrx_word' id='word_1_551' title='bbox 2359 3219 2420 3273; x_wconf 84' lang='lat' dir='ltr'><strong>El</strong></span> <span class='ocrx_word' id='word_1_552' title='bbox 2449 3219 2506 3274; x_wconf 77' lang='grc' dir='ltr'><strong>δὲ</strong></span> <span class='ocrx_word' id='word_1_553' title='bbox 2530 3220 2626 3274; x_wconf 76' lang='grc' dir='ltr'><strong>καὶ</strong></span> <span class='ocrx_word' id='word_1_554' title='bbox 2659 3219 2739 3273; x_wconf 78' lang='grc' dir='ltr'>ἔτι</span> <span class='ocrx_word' id='word_1_555' title='bbox 2767 3219 3070 3292; x_wconf 84' lang='grc' dir='ltr'>πεισμονῆς</span> <span class='ocrx_word' id='word_1_556' title='bbox 3100 3219 3421 3291; x_wconf 72' lang='grc' dir='ltr'>ἐξεχόμενος</span> <span class='ocrx_word' id='word_1_557' title='bbox 3445 3217 3653 3279; x_wconf 70' lang='grc' dir='ltr'>ἐθέλεις</span> <span class='ocrx_word' id='word_1_558' title='bbox 3687 3219 3788 3272; x_wconf 69' lang='grc' dir='ltr'><strong>καὶ</strong></span> 
     </span>
    </p>
   </div>
   <div class='ocr_carea' id='block_1_78' title="bbox 2195 3308 3790 3385">
    <p class='ocr_par' dir='ltr' id='par_1_78' title="bbox 2195 3308 3790 3385">
     <span class='ocr_line' id='line_1_78' title="bbox 2195 3308 3790 3385; baseline -0.001 -20"><span class='ocrx_word' id='word_1_559' title='bbox 2195 3310 2306 3365; x_wconf 82' lang='grc' dir='ltr'><strong>ἀπὸ</strong></span> <span class='ocrx_word' id='word_1_560' title='bbox 2335 3311 2442 3365; x_wconf 85' lang='grc' dir='ltr'><strong>τῶν</strong></span> <span class='ocrx_word' id='word_1_561' title='bbox 2472 3308 2554 3376; x_wconf 75' lang='grc' dir='ltr'><strong>οἷς</strong></span> <span class='ocrx_word' id='word_1_562' title='bbox 2585 3313 2748 3376; x_wconf 82' lang='grc' dir='ltr'>αὐτὸς</span> <span class='ocrx_word' id='word_1_563' title='bbox 2774 3314 2988 3385; x_wconf 78' lang='grc' dir='ltr'>χαίρεις</span> <span class='ocrx_word' id='word_1_564' title='bbox 3017 3312 3166 3382; x_wconf 81' lang='grc' dir='ltr'>(τοὺς</span> <span class='ocrx_word' id='word_1_565' title='bbox 3194 3311 3595 3382; x_wconf 82' lang='grc' dir='ltr'>ὲμφιλοσόφους</span> <span class='ocrx_word' id='word_1_566' title='bbox 3621 3313 3790 3364; x_wconf 85' lang='grc' dir='ltr'>κανό·</span> 
     </span>
    </p>
   </div>
   <div class='ocr_carea' id='block_1_79' title="bbox 2195 3403 3789 3477">
    <p class='ocr_par' dir='ltr' id='par_1_79' title="bbox 2195 3403 3789 3477">
     <span class='ocr_line' id='line_1_79' title="bbox 2195 3403 3789 3477; baseline -0.002 -19"><span class='ocrx_word' id='word_1_567' title='bbox 2195 3422 2294 3467; x_wconf 86' lang='grc' dir='ltr'><strong>νας</strong></span> <span class='ocrx_word' id='word_1_568' title='bbox 2324 3421 2382 3457; x_wconf 90' lang='grc' dir='ltr'><strong>τε</strong></span> <span class='ocrx_word' id='word_1_569' title='bbox 2411 3406 2506 3458; x_wconf 75' lang='grc' dir='ltr'><strong>καὶ</strong></span> <span class='ocrx_word' id='word_1_570' title='bbox 2543 3406 2736 3474; x_wconf 79' lang='grc' dir='ltr'><strong>λόγους</strong></span> <span class='ocrx_word' id='word_1_571' title='bbox 2761 3409 2790 3460; x_wconf 84' lang='grc' dir='ltr'><strong>ὁ</strong></span> <span class='ocrx_word' id='word_1_572' title='bbox 2833 3405 2991 3474; x_wconf 80' lang='grc' dir='ltr'>λόγος</span> <span class='ocrx_word' id='word_1_573' title='bbox 3021 3405 3341 3477; x_wconf 74' lang='grc' dir='ltr'>αἰνίττεται)</span> <span class='ocrx_word' id='word_1_574' title='bbox 3383 3405 3482 3474; x_wconf 78' lang='grc' dir='ltr'>τὴν</span> <span class='ocrx_word' id='word_1_575' title='bbox 3506 3403 3789 3469; x_wconf 78' lang='grc' dir='ltr'>ἀπόδειξιν</span> 
     </span>
    </p>
   </div>
   <div class='ocr_carea' id='block_1_80' title="bbox 2192 3494 3788 3570">
    <p class='ocr_par' dir='ltr' id='par_1_80' title="bbox 2192 3494 3788 3570">
     <span class='ocr_line' id='line_1_80' title="bbox 2192 3494 3788 3570; baseline -0.002 -20"><span class='ocrx_word' id='word_1_576' title='bbox 2192 3497 2287 3551; x_wconf 82' lang='grc' dir='ltr'>τοῦ</span> <span class='ocrx_word' id='word_1_577' title='bbox 2316 3497 2625 3570; x_wconf 80' lang='grc' dir='ltr'>ἀδιαιρέτου</span> <span class='ocrx_word' id='word_1_578' title='bbox 2647 3499 2746 3568; x_wconf 85' lang='grc' dir='ltr'>τῆς</span> <span class='ocrx_word' id='word_1_579' title='bbox 2769 3498 3079 3569; x_wconf 75' lang='grc' dir='ltr'>ὑπάρξεως,</span> <span class='ocrx_word' id='word_1_580' title='bbox 3107 3498 3202 3551; x_wconf 78' lang='grc' dir='ltr'>καὶ</span> <span class='ocrx_word' id='word_1_581' title='bbox 3228 3497 3322 3550; x_wconf 87' lang='grc' dir='ltr'>τοῦ</span> <span class='ocrx_word' id='word_1_582' title='bbox 3355 3495 3452 3561; x_wconf 80' lang='grc' dir='ltr'>τῆς</span> <span class='ocrx_word' id='word_1_583' title='bbox 3492 3494 3788 3567; x_wconf 78' lang='grc' dir='ltr'><strong>ὑπάρξεως</strong></span> 
     </span>
    </p>
   </div>
   <div class='ocr_carea' id='block_1_81' title="bbox 2194 3577 3786 3661">
    <p class='ocr_par' dir='ltr' id='par_1_81' title="bbox 2194 3577 3786 3661">
     <span class='ocr_line' id='line_1_81' title="bbox 2194 3577 3786 3661; baseline -0.002 -19"><span class='ocrx_word' id='word_1_584' title='bbox 2194 3589 2396 3660; x_wconf 80' lang='grc' dir='ltr'>τρόπου</span> <span class='ocrx_word' id='word_1_585' title='bbox 2429 3577 2806 3660; x_wconf 80' lang='grc' dir='ltr'>συγκροτῆσαι</span> <span class='ocrx_word' id='word_1_586' title='bbox 2839 3591 3009 3661; x_wconf 77' lang='grc' dir='ltr'>ἡμᾶς,</span> <span class='ocrx_word' id='word_1_587' title='bbox 3035 3591 3116 3654; x_wconf 88' lang='grc' dir='ltr'><strong>είς</strong></span> <span class='ocrx_word' id='word_1_588' title='bbox 3161 3589 3387 3660; x_wconf 78' lang='grc' dir='ltr'>βεϐαίαν</span> <span class='ocrx_word' id='word_1_589' title='bbox 3430 3589 3525 3642; x_wconf 80' lang='grc' dir='ltr'><strong>καὶ</strong></span> <span class='ocrx_word' id='word_1_590' title='bbox 3571 3587 3786 3657; x_wconf 80' lang='grc' dir='ltr'>ἀκριεῆ</span> 
     </span>
    </p>
   </div>
   <div class='ocr_carea' id='block_1_82' title="bbox 2195 3677 3787 3753">
    <p class='ocr_par' dir='ltr' id='par_1_82' title="bbox 2195 3677 3787 3753">
     <span class='ocr_line' id='line_1_82' title="bbox 2195 3677 3787 3753; baseline -0.002 -20"><span class='ocrx_word' id='word_1_591' title='bbox 2195 3681 2294 3751; x_wconf 77' lang='grc' dir='ltr'>τὴν</span> <span class='ocrx_word' id='word_1_592' title='bbox 2327 3684 2675 3750; x_wconf 83' lang='grc' dir='ltr'>παράστασιν</span> <span class='ocrx_word' id='word_1_593' title='bbox 2723 3682 2818 3735; x_wconf 83' lang='grc' dir='ltr'>τοῦ</span> <span class='ocrx_word' id='word_1_594' title='bbox 2857 3681 3029 3753; x_wconf 84' lang='grc' dir='ltr'>μηδὲν</span> <span class='ocrx_word' id='word_1_595' title='bbox 3071 3681 3355 3752; x_wconf 83' lang='grc' dir='ltr'>διαφέρειν</span> <span class='ocrx_word' id='word_1_596' title='bbox 3399 3677 3640 3752; x_wconf 76' lang='grc' dir='ltr'>ὕπαρξιν</span> <span class='ocrx_word' id='word_1_597' title='bbox 3683 3695 3787 3732; x_wconf 82' lang='grc' dir='ltr'>και</span> 
     </span>
    </p>
   </div>
   <div class='ocr_carea' id='block_1_83' title="bbox 2194 3771 3791 3846">
    <p class='ocr_par' dir='ltr' id='par_1_83' title="bbox 2194 3771 3791 3846">
     <span class='ocr_line' id='line_1_83' title="bbox 2194 3771 3791 3846; baseline -0.001 -20"><span class='ocrx_word' id='word_1_598' title='bbox 2194 3774 2398 3842; x_wconf 81' lang='grc' dir='ltr'>τρόπον</span> <span class='ocrx_word' id='word_1_599' title='bbox 2435 3773 2618 3844; x_wconf 81' lang='grc' dir='ltr'>λέγειν</span> <span class='ocrx_word' id='word_1_600' title='bbox 2649 3774 2962 3844; x_wconf 77' lang='grc' dir='ltr'>ὑπάρξεως,</span> <span class='ocrx_word' id='word_1_601' title='bbox 3004 3775 3099 3828; x_wconf 74' lang='grc' dir='ltr'><strong>καὶ</strong></span> <span class='ocrx_word' id='word_1_602' title='bbox 3129 3775 3228 3846; x_wconf 79' lang='grc' dir='ltr'>τὴν</span> <span class='ocrx_word' id='word_1_603' title='bbox 3269 3773 3530 3840; x_wconf 83' lang='grc' dir='ltr'>τοιαύτην</span> <span class='ocrx_word' id='word_1_604' title='bbox 3560 3771 3791 3825; x_wconf 83' lang='grc' dir='ltr'>ἀπόδει-</span> 
     </span>
    </p>
   </div>
   <div class='ocr_carea' id='block_1_84' title="bbox 2196 3863 3787 3938">
    <p class='ocr_par' dir='ltr' id='par_1_84' title="bbox 2196 3863 3787 3938">
     <span class='ocr_line' id='line_1_84' title="bbox 2196 3863 3787 3938; baseline -0.003 -18"><span class='ocrx_word' id='word_1_605' title='bbox 2196 3864 2280 3932; x_wconf 85' lang='grc' dir='ltr'><strong>ξιν</strong></span> <span class='ocrx_word' id='word_1_606' title='bbox 2324 3869 2421 3921; x_wconf 82' lang='grc' dir='ltr'><strong>καὶ</strong></span> <span class='ocrx_word' id='word_1_607' title='bbox 2469 3869 2818 3938; x_wconf 81' lang='grc' dir='ltr'>παράστασιν</span> <span class='ocrx_word' id='word_1_608' title='bbox 2860 3869 2922 3922; x_wconf 77' lang='grc' dir='ltr'><strong>ἐκ</strong></span> <span class='ocrx_word' id='word_1_609' title='bbox 2952 3885 3115 3921; x_wconf 89' lang='grc' dir='ltr'>τινων</span> <span class='ocrx_word' id='word_1_610' title='bbox 3157 3864 3519 3936; x_wconf 85' lang='grc' dir='ltr'>ποιησόμεθα,</span> <span class='ocrx_word' id='word_1_611' title='bbox 3558 3863 3594 3919; x_wconf 72' lang='grc' dir='ltr'><strong>ἃ.</strong></span> <span class='ocrx_word' id='word_1_612' title='bbox 3626 3868 3787 3934; x_wconf 85' lang='grc' dir='ltr'>κοινή</span> 
     </span>
    </p>
   </div>
   <div class='ocr_carea' id='block_1_85' title="bbox 2192 3958 3785 4031">
    <p class='ocr_par' dir='ltr' id='par_1_85' title="bbox 2192 3958 3785 4031">
     <span class='ocr_line' id='line_1_85' title="bbox 2192 3958 3785 4031; baseline -0.004 -17"><span class='ocrx_word' id='word_1_613' title='bbox 2192 3978 2277 4025; x_wconf 85' lang='grc' dir='ltr'><strong>τις</strong></span> <span class='ocrx_word' id='word_1_614' title='bbox 2305 3961 2417 4031; x_wconf 77' lang='grc' dir='ltr'>ἔχει</span> <span class='ocrx_word' id='word_1_615' title='bbox 2442 3960 2543 4031; x_wconf 82' lang='grc' dir='ltr'>τῆς</span> <span class='ocrx_word' id='word_1_616' title='bbox 2573 3961 2894 4030; x_wconf 80' lang='grc' dir='ltr'>φιλοσοφίας</span> <span class='ocrx_word' id='word_1_617' title='bbox 2926 3959 3207 4031; x_wconf 84' lang='grc' dir='ltr'>ὁμολογία.</span> <span class='ocrx_word' id='word_1_618' title='bbox 3233 3959 3360 4022; x_wconf 79' lang='grc' dir='ltr'>Τοῖς</span> <span class='ocrx_word' id='word_1_619' title='bbox 3377 3959 3511 4011; x_wconf 77' lang='grc' dir='ltr'>πᾶσι</span> <span class='ocrx_word' id='word_1_620' title='bbox 3535 3958 3785 4023; x_wconf 80' lang='grc' dir='ltr'>πάντως,</span> 
     </span>
    </p>
   </div>
   <div class='ocr_carea' id='block_1_86' title="bbox 2193 4047 3788 4124">
    <p class='ocr_par' dir='ltr' id='par_1_86' title="bbox 2193 4047 3788 4124">
     <span class='ocr_line' id='line_1_86' title="bbox 2193 4047 3788 4124; baseline -0.001 -18"><span class='ocrx_word' id='word_1_621' title='bbox 2193 4047 2276 4116; x_wconf 81' lang='grc' dir='ltr'><strong>οἷς</strong></span> <span class='ocrx_word' id='word_1_622' title='bbox 2314 4053 2620 4121; x_wconf 79' lang='grc' dir='ltr'>φιλοσόφων</span> <span class='ocrx_word' id='word_1_623' title='bbox 2649 4055 2803 4124; x_wconf 85' lang='grc' dir='ltr'>μέλει</span> <span class='ocrx_word' id='word_1_624' title='bbox 2851 4052 3047 4122; x_wconf 84' lang='grc' dir='ltr'>λόγων,</span> <span class='ocrx_word' id='word_1_625' title='bbox 3096 4051 3571 4122; x_wconf 81' lang='grc' dir='ltr'>συνωμολόγηται,</span> <span class='ocrx_word' id='word_1_626' title='bbox 3617 4051 3788 4121; x_wconf 84' lang='grc' dir='ltr'>μηδε-</span> 
     </span>
    </p>
   </div>
   <div class='ocr_carea' id='block_1_87' title="bbox 2197 4140 3785 4218">
    <p class='ocr_par' dir='ltr' id='par_1_87' title="bbox 2197 4140 3785 4218">
     <span class='ocr_line' id='line_1_87' title="bbox 2197 4140 3785 4218; baseline -0.003 -19"><span class='ocrx_word' id='word_1_627' title='bbox 2197 4148 2327 4218; x_wconf 81' lang='grc' dir='ltr'>μίαν</span> <span class='ocrx_word' id='word_1_628' title='bbox 2363 4149 2552 4217; x_wconf 85' lang='grc' dir='ltr'>σχέσιν</span> <span class='ocrx_word' id='word_1_629' title='bbox 2595 4147 2692 4200; x_wconf 82' lang='grc' dir='ltr'><strong>τοῦ</strong></span> <span class='ocrx_word' id='word_1_630' title='bbox 2724 4140 2787 4200; x_wconf 77' lang='grc' dir='ltr'>οὗ</span> <span class='ocrx_word' id='word_1_631' title='bbox 2821 4149 2916 4201; x_wconf 73' lang='grc' dir='ltr'><strong>κα)⁸</strong></span> <span class='ocrx_word' id='word_1_632' title='bbox 2960 4146 3108 4200; x_wconf 78' lang='grc' dir='ltr'>ἔστιν</span> <span class='ocrx_word' id='word_1_633' title='bbox 3154 4145 3518 4216; x_wconf 80' lang='grc' dir='ltr'>ὑποκειμένου</span> <span class='ocrx_word' id='word_1_634' title='bbox 3571 4147 3785 4215; x_wconf 81' lang='grc' dir='ltr'>σχέσις,</span> 
     </span>
    </p>
   </div>
   <div class='ocr_carea' id='block_1_88' title="bbox 2193 4229 3788 4311">
    <p class='ocr_par' dir='ltr' id='par_1_88' title="bbox 2193 4229 3788 4311">
     <span class='ocr_line' id='line_1_88' title="bbox 2193 4229 3788 4311; baseline -0.004 -18"><span class='ocrx_word' id='word_1_635' title='bbox 2193 4240 2520 4311; x_wconf 85' lang='grc' dir='ltr'>διαιρεῖσθαί</span> <span class='ocrx_word' id='word_1_636' title='bbox 2553 4255 2711 4304; x_wconf 84' lang='grc' dir='ltr'>ποτε,</span> <span class='ocrx_word' id='word_1_637' title='bbox 2739 4242 2836 4294; x_wconf 77' lang='grc' dir='ltr'><strong>καὶ</strong></span> <span class='ocrx_word' id='word_1_638' title='bbox 2868 4239 3140 4310; x_wconf 86' lang='grc' dir='ltr'>μηδεμίαν</span> <span class='ocrx_word' id='word_1_639' title='bbox 3177 4239 3443 4309; x_wconf 72' lang='grc' dir='ltr'>διαφορὰν</span> <span class='ocrx_word' id='word_1_640' title='bbox 3474 4237 3571 4289; x_wconf 82' lang='grc' dir='ltr'><strong>τοῦ</strong></span> <span class='ocrx_word' id='word_1_641' title='bbox 3601 4229 3664 4288; x_wconf 78' lang='grc' dir='ltr'>οὗ</span> <span class='ocrx_word' id='word_1_642' title='bbox 3686 4240 3788 4290; x_wconf 76' lang='grc' dir='ltr'><strong>καὶ</strong></span> 
     </span>
    </p>
   </div>
   <div class='ocr_carea' id='block_1_89' title="bbox 2193 4327 3786 4402">
    <p class='ocr_par' dir='ltr' id='par_1_89' title="bbox 2193 4327 3786 4402">
     <span class='ocr_line' id='line_1_89' title="bbox 2193 4327 3786 4402; baseline -0.003 -17"><span class='ocrx_word' id='word_1_643' title='bbox 2193 4333 2343 4386; x_wconf 74' lang='grc' dir='ltr'>ἐστιν</span> <span class='ocrx_word' id='word_1_644' title='bbox 2394 4333 2758 4402; x_wconf 76' lang='grc' dir='ltr'>ὑποκειμένου</span> <span class='ocrx_word' id='word_1_645' title='bbox 2805 4331 3060 4402; x_wconf 84' lang='grc' dir='ltr'>διαφορὰ,</span> <span class='ocrx_word' id='word_1_646' title='bbox 3092 4329 3313 4384; x_wconf 79' lang='grc' dir='ltr'>ἀπεῖναι</span> <span class='ocrx_word' id='word_1_647' title='bbox 3356 4344 3524 4382; x_wconf 87' lang='grc' dir='ltr'><strong>ποτε⁸</strong></span> <span class='ocrx_word' id='word_1_648' title='bbox 3570 4327 3693 4399; x_wconf 81' lang='grc' dir='ltr'>μηδ’</span> <span class='ocrx_word' id='word_1_649' title='bbox 3723 4330 3786 4380; x_wconf 83' lang='grc' dir='ltr'>ὲν</span> 
     </span>
    </p>
   </div>
   <div class='ocr_carea' id='block_1_90' title="bbox 499 4417 2086 4499">
    <p class='ocr_par' dir='ltr' id='par_1_90' title="bbox 499 4417 2077 4495">
     <span class='ocr_line' id='line_1_90' title="bbox 499 4417 2077 4495; baseline 0.007 -24"><span class='ocrx_word' id='word_1_650' title='bbox 499 4417 804 4473; x_wconf 75' lang='lat' dir='ltr'><strong>differentia</strong></span> <span class='ocrx_word' id='word_1_651' title='bbox 839 4431 942 4486; x_wconf 83' lang='lat' dir='ltr'><strong>est,</strong></span> <span class='ocrx_word' id='word_1_652' title='bbox 977 4437 1217 4492; x_wconf 87' lang='lat' dir='ltr'><strong>unquam</strong></span> <span class='ocrx_word' id='word_1_653' title='bbox 1251 4425 1466 4492; x_wconf 85' lang='lat' dir='ltr'><strong>abesse,</strong></span> <span class='ocrx_word' id='word_1_654' title='bbox 1499 4435 1552 4479; x_wconf 89' lang='lat' dir='ltr'><strong>et</strong></span> <span class='ocrx_word' id='word_1_655' title='bbox 1582 4425 1636 4479; x_wconf 91' lang='lat' dir='ltr'><strong>in</strong></span> <span class='ocrx_word' id='word_1_656' title='bbox 1663 4427 1844 4495; x_wconf 85' lang='lat' dir='ltr'><strong>specie</strong></span> <span class='ocrx_word' id='word_1_657' title='bbox 1874 4427 2077 4482; x_wconf 87' lang='lat' dir='ltr'><strong>nullam</strong></span> 
     </span>
    </p>
   </div>
   <div class='ocr_carea' id='block_1_91' title="bbox 2191 4417 3787 4499">
    <p class='ocr_par' dir='ltr' id='par_1_91' title="bbox 2191 4421 3787 4499">
     <span class='ocr_line' id='line_1_91' title="bbox 2191 4421 3787 4499; baseline -0.006 -17"><span class='ocrx_word' id='word_1_658' title='bbox 2191 4427 2296 4499; x_wconf 82' lang='grc' dir='ltr'>ίδίᾳ</span> <span class='ocrx_word' id='word_1_659' title='bbox 2333 4427 2605 4498; x_wconf 88' lang='grc' dir='ltr'>μηδεμίαν</span> <span class='ocrx_word' id='word_1_660' title='bbox 2641 4425 2752 4478; x_wconf 87' lang='grc' dir='ltr'><strong>τῶν</strong></span> <span class='ocrx_word' id='word_1_661' title='bbox 2789 4424 3096 4496; x_wconf 77' lang='grc' dir='ltr'>εἰρημένων</span> <span class='ocrx_word' id='word_1_662' title='bbox 3147 4422 3291 4476; x_wconf 88' lang='grc' dir='ltr'>εἶναι</span> <span class='ocrx_word' id='word_1_663' title='bbox 3343 4423 3410 4495; x_wconf 76' lang='grc' dir='ltr'><strong>τῇ</strong></span> <span class='ocrx_word' id='word_1_664' title='bbox 3455 4421 3787 4476; x_wconf 80' lang='grc' dir='ltr'>ὑποστάσει-</span> 
     </span>
    </p>
   </div>
   <div class='ocr_carea' id='block_1_92' title="bbox 496 4511 2094 4586">
    <p class='ocr_par' dir='ltr' id='par_1_92' title="bbox 496 4511 2094 4586">
     <span class='ocr_line' id='line_1_92' title="bbox 496 4511 2094 4586; baseline 0.008 -23"><span class='ocrx_word' id='word_1_665' title='bbox 496 4522 564 4563; x_wconf 77' lang='lat' dir='ltr'><strong>ex</strong></span> <span class='ocrx_word' id='word_1_666' title='bbox 591 4511 702 4578; x_wconf 87' lang='lat' dir='ltr'><strong>jam</strong></span> <span class='ocrx_word' id='word_1_667' title='bbox 737 4512 901 4567; x_wconf 85' lang='lat' dir='ltr'><strong>dietis</strong></span> <span class='ocrx_word' id='word_1_668' title='bbox 931 4513 984 4566; x_wconf 94' lang='lat' dir='ltr'><strong>in</strong></span> <span class='ocrx_word' id='word_1_669' title='bbox 1019 4514 1300 4583; x_wconf 80' lang='lat' dir='ltr'><strong>hypostasi</strong></span> <span class='ocrx_word' id='word_1_670' title='bbox 1326 4531 1450 4571; x_wconf 89' lang='lat' dir='ltr'><strong>esse</strong></span> <span class='ocrx_word' id='word_1_671' title='bbox 1470 4526 1629 4572; x_wconf 79' lang='lat' dir='ltr'><strong>extra</strong></span> <span class='ocrx_word' id='word_1_672' title='bbox 1667 4515 2000 4586; x_wconf 86' lang='lat' dir='ltr'><strong>subjectum.</strong></span> <span class='ocrx_word' id='word_1_673' title='bbox 2037 4521 2094 4575; x_wconf 92' lang='lat' dir='ltr'><strong>Si</strong></span> 
     </span>
    </p>
   </div>
   <div class='ocr_carea' id='block_1_93' title="bbox 497 4600 2096 4676">
    <p class='ocr_par' dir='ltr' id='par_1_93' title="bbox 497 4600 2096 4676">
     <span class='ocr_line' id='line_1_93' title="bbox 497 4600 2096 4676; baseline 0.007 -25"><span class='ocrx_word' id='word_1_674' title='bbox 497 4613 624 4651; x_wconf 76' lang='lat' dir='ltr'><strong>vera</strong></span> <span class='ocrx_word' id='word_1_675' title='bbox 662 4600 777 4653; x_wconf 66' lang='lat' dir='ltr'><strong>haec</strong></span> <span class='ocrx_word' id='word_1_676' title='bbox 830 4611 979 4667; x_wconf 89' lang='lat' dir='ltr'><strong>sunt,</strong></span> <span class='ocrx_word' id='word_1_677' title='bbox 1026 4613 1081 4655; x_wconf 92' lang='lat' dir='ltr'><strong>et</strong></span> <span class='ocrx_word' id='word_1_678' title='bbox 1117 4608 1400 4660; x_wconf 89' lang='lat' dir='ltr'><strong>communi</strong></span> <span class='ocrx_word' id='word_1_679' title='bbox 1464 4607 1913 4676; x_wconf 80' lang='lat' dir='ltr'><strong>plti1050phorutn</strong></span> <span class='ocrx_word' id='word_1_680' title='bbox 1967 4624 2096 4662; x_wconf 91' lang='lat' dir='ltr'><strong>con-</strong></span> 
     </span>
    </p>
   </div>
   <div class='ocr_carea' id='block_1_94' title="bbox 501 4693 2093 4769">
    <p class='ocr_par' dir='ltr' id='par_1_94' title="bbox 501 4693 2093 4769">
     <span class='ocr_line' id='line_1_94' title="bbox 501 4693 2093 4769; baseline 0.006 -24"><span class='ocrx_word' id='word_1_681' title='bbox 501 4693 740 4746; x_wconf 78' lang='lat' dir='ltr'><strong>fessione.</strong></span> <span class='ocrx_word' id='word_1_682' title='bbox 787 4694 1111 4748; x_wconf 78' lang='lat' dir='ltr'><strong>conﬁrmata</strong></span> <span class='ocrx_word' id='word_1_683' title='bbox 1147 4712 1160 4748; x_wconf 88' lang='lat'><strong>:</strong></span> <span class='ocrx_word' id='word_1_684' title='bbox 1193 4705 1249 4750; x_wconf 88' lang='lat' dir='ltr'><strong>et</strong></span> <span class='ocrx_word' id='word_1_685' title='bbox 1299 4696 1413 4751; x_wconf 82' lang='lat' dir='ltr'><strong>ﬁeri</strong></span> <span class='ocrx_word' id='word_1_686' title='bbox 1467 4700 1682 4767; x_wconf 86' lang='lat' dir='ltr'><strong>nequit,</strong></span> <span class='ocrx_word' id='word_1_687' title='bbox 1731 4709 1787 4752; x_wconf 92' lang='lat' dir='ltr'><strong>ut</strong></span> <span class='ocrx_word' id='word_1_688' title='bbox 1821 4700 2093 4769; x_wconf 85' lang='lat' dir='ltr'><strong>quispiam</strong></span> 
     </span>
    </p>
   </div>
   <div class='ocr_carea' id='block_1_95' title="bbox 507 4783 2090 4861">
    <p class='ocr_par' dir='ltr' id='par_1_95' title="bbox 507 4783 2090 4861">
     <span class='ocr_line' id='line_1_95' title="bbox 507 4783 2090 4861; baseline 0.009 -27"><span class='ocrx_word' id='word_1_689' title='bbox 507 4783 849 4836; x_wconf 85' lang='lat' dir='ltr'><strong>demonstret</strong></span> <span class='ocrx_word' id='word_1_690' title='bbox 877 4800 980 4836; x_wconf 89' lang='lat' dir='ltr'><strong>non</strong></span> <span class='ocrx_word' id='word_1_691' title='bbox 1005 4787 1167 4839; x_wconf 89' lang='lat' dir='ltr'><strong>simul</strong></span> <span class='ocrx_word' id='word_1_692' title='bbox 1194 4787 1476 4854; x_wconf 85' lang='lat' dir='ltr'><strong>exsistere,</strong></span> <span class='ocrx_word' id='word_1_693' title='bbox 1509 4805 1633 4843; x_wconf 88' lang='lat' dir='ltr'><strong>cum</strong></span> <span class='ocrx_word' id='word_1_694' title='bbox 1665 4790 1852 4844; x_wconf 87' lang='lat' dir='ltr'><strong>habitu</strong></span> <span class='ocrx_word' id='word_1_695' title='bbox 1873 4807 2090 4861; x_wconf 89' lang='lat' dir='ltr'><strong>nempe,</strong></span> 
     </span>
    </p>
   </div>
   <div class='ocr_carea' id='block_1_96' title="bbox 500 4873 2094 4952">
    <p class='ocr_par' dir='ltr' id='par_1_96' title="bbox 500 4873 2094 4952">
     <span class='ocr_line' id='line_1_96' title="bbox 500 4873 2094 4952; baseline 0.009 -28"><span class='ocrx_word' id='word_1_696' title='bbox 500 4873 645 4940; x_wconf 87' lang='lat' dir='ltr'><strong>quod</strong></span> <span class='ocrx_word' id='word_1_697' title='bbox 703 4874 910 4928; x_wconf 87' lang='lat' dir='ltr'><strong>habitui</strong></span> <span class='ocrx_word' id='word_1_698' title='bbox 949 4875 1259 4946; x_wconf 87' lang='lat' dir='ltr'><strong>subjicitur,</strong></span> <span class='ocrx_word' id='word_1_699' title='bbox 1291 4889 1344 4935; x_wconf 85' lang='lat' dir='ltr'><strong>ct</strong></span> <span class='ocrx_word' id='word_1_700' title='bbox 1397 4896 1522 4934; x_wconf 91' lang='lat' dir='ltr'><strong>cum</strong></span> <span class='ocrx_word' id='word_1_701' title='bbox 1567 4879 1896 4947; x_wconf 78' lang='lat' dir='ltr'><strong>differentia,</strong></span> <span class='ocrx_word' id='word_1_702' title='bbox 1946 4885 2094 4952; x_wconf 88' lang='lat' dir='ltr'><strong>quod</strong></span> 
     </span>
    </p>
   </div>
   <div class='ocr_carea' id='block_1_97' title="bbox 507 4963 2091 5042">
    <p class='ocr_par' dir='ltr' id='par_1_97' title="bbox 507 4963 2091 5042">
     <span class='ocr_line' id='line_1_97' title="bbox 507 4963 2091 5042; baseline 0.009 -27"><span class='ocrx_word' id='word_1_703' title='bbox 507 4963 874 5019; x_wconf 75' lang='lat' dir='ltr'><strong>diﬂ‘erentiatn</strong></span> <span class='ocrx_word' id='word_1_704' title='bbox 924 4971 1334 5038; x_wconf 80' lang='lat' dir='ltr'><strong>complectitur,</strong></span> <span class='ocrx_word' id='word_1_705' title='bbox 1391 4985 1489 5042; x_wconf 79' lang='lat' dir='ltr'><strong>age</strong></span> <span class='ocrx_word' id='word_1_706' title='bbox 1547 4972 1816 5040; x_wconf 84' lang='lat' dir='ltr'><strong>responde</strong></span> <span class='ocrx_word' id='word_1_707' title='bbox 1876 4973 2091 5029; x_wconf 84' lang='lat' dir='ltr'><strong>interim</strong></span> 
     </span>
    </p>
   </div>
   <div class='ocr_carea' id='block_1_98' title="bbox 503 5054 2091 5129">
    <p class='ocr_par' dir='ltr' id='par_1_98' title="bbox 503 5054 2091 5129">
     <span class='ocr_line' id='line_1_98' title="bbox 503 5054 2091 5129; baseline 0.008 -22"><span class='ocrx_word' id='word_1_708' title='bbox 503 5054 637 5108; x_wconf 88' lang='lat' dir='ltr'><strong>ntihi</strong></span> <span class='ocrx_word' id='word_1_709' title='bbox 666 5071 682 5108; x_wconf 91' lang='lat'><strong>:</strong></span> <span class='ocrx_word' id='word_1_710' title='bbox 714 5058 793 5108; x_wconf 86' lang='lat' dir='ltr'><strong>An</strong></span> <span class='ocrx_word' id='word_1_711' title='bbox 817 5062 1094 5124; x_wconf 85' lang='lat' dir='ltr'><strong>processio</strong></span> <span class='ocrx_word' id='word_1_712' title='bbox 1123 5062 1490 5129; x_wconf 84' lang='lat' dir='ltr'><strong>procedentis,</strong></span> <span class='ocrx_word' id='word_1_713' title='bbox 1515 5066 1813 5116; x_wconf 82' lang='lat' dir='ltr'><strong>secundum</strong></span> <span class='ocrx_word' id='word_1_714' title='bbox 1847 5065 2091 5120; x_wconf 89' lang='lat' dir='ltr'><strong>habitum</strong></span> 
     </span>
    </p>
   </div>
   <div class='ocr_carea' id='block_1_99' title="bbox 501 5129 2092 5219">
    <p class='ocr_par' dir='ltr' id='par_1_99' title="bbox 501 5129 2092 5219">
     <span class='ocr_line' id='line_1_99' title="bbox 501 5129 2092 5219; baseline 0.008 -22"><span class='ocrx_word' id='word_1_715' title='bbox 501 5161 717 5209; x_wconf 74' lang='lat' dir='ltr'><strong>eorum,</strong></span> <span class='ocrx_word' id='word_1_716' title='bbox 743 5163 863 5214; x_wconf 69' lang='lat' dir='ltr'><strong>quae</strong></span> <span class='ocrx_word' id='word_1_717' title='bbox 895 5149 960 5202; x_wconf 78' lang='lat' dir='ltr'><strong>ad</strong></span> <span class='ocrx_word' id='word_1_718' title='bbox 993 5151 1140 5203; x_wconf 85' lang='lat' dir='ltr'><strong>aliud</strong></span> <span class='ocrx_word' id='word_1_719' title='bbox 1175 5151 1520 5216; x_wconf 82' lang='lat' dir='ltr'><strong>referuntur,</strong></span> <span class='ocrx_word' id='word_1_720' title='bbox 1554 5151 1834 5219; x_wconf 85' lang='lat' dir='ltr'><strong>processio</strong></span> <span class='ocrx_word' id='word_1_721' title='bbox 1882 5129 2092 5209; x_wconf 43' lang='lat' dir='ltr'><strong>scilicet</strong></span> 
     </span>
    </p>
   </div>
   <div class='ocr_carea' id='block_1_100' title="bbox 500 5241 2089 5317">
    <p class='ocr_par' dir='ltr' id='par_1_100' title="bbox 500 5241 2089 5317">
     <span class='ocr_line' id='line_1_100' title="bbox 500 5241 2089 5317; baseline 0.009 -27"><span class='ocrx_word' id='word_1_722' title='bbox 500 5241 760 5310; x_wconf 73' lang='lat' dir='ltr'><strong>Spiritus,</strong></span> <span class='ocrx_word' id='word_1_723' title='bbox 788 5251 842 5296; x_wconf 88' lang='lat' dir='ltr'><strong>et</strong></span> <span class='ocrx_word' id='word_1_724' title='bbox 890 5243 1199 5298; x_wconf 76' lang='lat' dir='ltr'><strong>differentia</strong></span> <span class='ocrx_word' id='word_1_725' title='bbox 1238 5245 1384 5298; x_wconf 87' lang='lat' dir='ltr'><strong>illius</strong></span> <span class='ocrx_word' id='word_1_726' title='bbox 1435 5257 1681 5315; x_wconf 87' lang='lat' dir='ltr'><strong>respectu</strong></span> <span class='ocrx_word' id='word_1_727' title='bbox 1721 5248 2089 5317; x_wconf 82' lang='lat' dir='ltr'><strong>generationis</strong></span> 
     </span>
    </p>
   </div>
   <div class='ocr_carea' id='block_1_101' title="bbox 499 5330 2090 5403">
    <p class='ocr_par' dir='ltr' id='par_1_101' title="bbox 499 5330 2090 5403">
     <span class='ocr_line' id='line_1_101' title="bbox 499 5330 2090 5403; baseline 0.008 -19"><span class='ocrx_word' id='word_1_728' title='bbox 499 5330 624 5385; x_wconf 84' lang='lat' dir='ltr'><strong>Ftlii</strong></span> <span class='ocrx_word' id='word_1_729' title='bbox 663 5335 956 5401; x_wconf 82' lang='lat' dir='ltr'><strong>separatim</strong></span> <span class='ocrx_word' id='word_1_730' title='bbox 1000 5344 1052 5388; x_wconf 88' lang='lat' dir='ltr'><strong>et</strong></span> <span class='ocrx_word' id='word_1_731' title='bbox 1087 5337 1294 5403; x_wconf 88' lang='lat' dir='ltr'><strong>absque</strong></span> <span class='ocrx_word' id='word_1_732' title='bbox 1321 5337 1570 5403; x_wconf 87' lang='lat' dir='ltr'><strong>subjecto</strong></span> <span class='ocrx_word' id='word_1_733' title='bbox 1603 5339 1828 5392; x_wconf 86' lang='lat' dir='ltr'><strong>dicenda</strong></span> <span class='ocrx_word' id='word_1_734' title='bbox 1868 5349 1974 5403; x_wconf 89' lang='lat' dir='ltr'><strong>est,</strong></span> <span class='ocrx_word' id='word_1_735' title='bbox 2020 5356 2090 5396; x_wconf 77' lang='lat' dir='ltr'><strong>ex</strong></span> 
     </span>
    </p>
   </div>
   <div class='ocr_carea' id='block_1_102' title="bbox 502 5418 2090 5499">
    <p class='ocr_par' dir='ltr' id='par_1_102' title="bbox 502 5418 2090 5499">
     <span class='ocr_line' id='line_1_102' title="bbox 502 5418 2090 5499; baseline 0.008 -25"><span class='ocrx_word' id='word_1_736' title='bbox 502 5418 662 5476; x_wconf 85' lang='lat' dir='ltr'><strong>Patre</strong></span> <span class='ocrx_word' id='word_1_737' title='bbox 693 5438 788 5491; x_wconf 85' lang='lat' dir='ltr'><strong>per</strong></span> <span class='ocrx_word' id='word_1_738' title='bbox 815 5422 1016 5476; x_wconf 82' lang='lat' dir='ltr'><strong>Filium</strong></span> <span class='ocrx_word' id='word_1_739' title='bbox 1047 5425 1436 5481; x_wconf 83' lang='lat' dir='ltr'><strong>exsilire?Sed</strong></span> <span class='ocrx_word' id='word_1_740' title='bbox 1470 5427 1620 5482; x_wconf 89' lang='lat' dir='ltr'><strong>nullo</strong></span> <span class='ocrx_word' id='word_1_741' title='bbox 1657 5445 1895 5499; x_wconf 86' lang='lat' dir='ltr'><strong>unquam</strong></span> <span class='ocrx_word' id='word_1_742' title='bbox 1927 5433 2090 5487; x_wconf 84' lang='lat' dir='ltr'><strong>modo</strong></span> 
     </span>
    </p>
   </div>
   <div class='ocr_carea' id='block_1_103' title="bbox 501 5513 2086 5588">
    <p class='ocr_par' dir='ltr' id='par_1_103' title="bbox 501 5513 2086 5588">
     <span class='ocr_line' id='line_1_103' title="bbox 501 5513 2086 5588; baseline 0.008 -22"><span class='ocrx_word' id='word_1_743' title='bbox 501 5513 645 5567; x_wconf 86' lang='lat' dir='ltr'><strong>hanc</strong></span> <span class='ocrx_word' id='word_1_744' title='bbox 673 5518 1000 5571; x_wconf 75' lang='lat' dir='ltr'><strong>divisionem</strong></span> <span class='ocrx_word' id='word_1_745' title='bbox 1029 5535 1337 5588; x_wconf 81' lang='lat' dir='ltr'><strong>proponere</strong></span> <span class='ocrx_word' id='word_1_746' title='bbox 1358 5522 1605 5576; x_wconf 88' lang='lat' dir='ltr'><strong>audebis.</strong></span> <span class='ocrx_word' id='word_1_747' title='bbox 1629 5522 1785 5587; x_wconf 85' lang='lat' dir='ltr'><strong>Quod</strong></span> <span class='ocrx_word' id='word_1_748' title='bbox 1818 5524 1864 5579; x_wconf 89' lang='lat' dir='ltr'><strong>si</strong></span> <span class='ocrx_word' id='word_1_749' title='bbox 1897 5525 1948 5579; x_wconf 93' lang='lat' dir='ltr'><strong>id</strong></span> <span class='ocrx_word' id='word_1_750' title='bbox 1975 5540 2086 5579; x_wconf 88' lang='lat' dir='ltr'><strong>non</strong></span> 
     </span>
    </p>
   </div>
   <div class='ocr_carea' id='block_1_104' title="bbox 500 5609 2087 5680">
    <p class='ocr_par' dir='ltr' id='par_1_104' title="bbox 500 5609 2087 5680">
     <span class='ocr_line' id='line_1_104' title="bbox 500 5609 2087 5680; baseline 0.01 -24"><span class='ocrx_word' id='word_1_751' title='bbox 500 5609 693 5674; x_wconf 82' lang='lat' dir='ltr'><strong>audes,</strong></span> <span class='ocrx_word' id='word_1_752' title='bbox 726 5611 853 5680; x_wconf 89' lang='lat' dir='ltr'><strong>quid</strong></span> <span class='ocrx_word' id='word_1_753' title='bbox 911 5620 1173 5680; x_wconf 68' lang='lat' dir='ltr'><strong>praeterea</strong></span> <span class='ocrx_word' id='word_1_754' title='bbox 1203 5613 1395 5668; x_wconf 85' lang='lat' dir='ltr'><strong>dices?</strong></span> <span class='ocrx_word' id='word_1_755' title='bbox 1440 5623 1494 5669; x_wconf 89' lang='lat' dir='ltr'><strong>et</strong></span> <span class='ocrx_word' id='word_1_756' title='bbox 1536 5615 1582 5670; x_wconf 86' lang='lat' dir='ltr'><strong>si</strong></span> <span class='ocrx_word' id='word_1_757' title='bbox 1615 5617 1682 5671; x_wconf 83' lang='lat' dir='ltr'><strong>ad</strong></span> <span class='ocrx_word' id='word_1_758' title='bbox 1729 5618 2087 5672; x_wconf 86' lang='lat' dir='ltr'><strong>stabiliendas</strong></span> 
     </span>
    </p>
   </div>
   <div class='ocr_carea' id='block_1_105' title="bbox 506 5707 2086 5788">
    <p class='ocr_par' dir='ltr' id='par_1_105' title="bbox 506 5707 2086 5788">
     <span class='ocr_line' id='line_1_105' title="bbox 506 5707 2086 5788; baseline 0.008 -37"><span class='ocrx_word' id='word_1_759' title='bbox 506 5710 626 5756; x_wconf 81' lang='lat' dir='ltr'><strong>tuas</strong></span> <span class='ocrx_word' id='word_1_760' title='bbox 658 5707 1160 5772; x_wconf 76' lang='lat' dir='ltr'><strong>interpretationes,</strong></span> <span class='ocrx_word' id='word_1_761' title='bbox 1192 5707 1576 5788; x_wconf 72' lang='lat' dir='ltr'><strong>reponsionem</strong></span> <span class='ocrx_word' id='word_1_762' title='bbox 1602 5709 1872 5764; x_wconf 81' lang='lat' dir='ltr'><strong>intentare</strong></span> <span class='ocrx_word' id='word_1_763' title='bbox 1897 5711 2086 5764; x_wconf 87' lang='lat' dir='ltr'><strong>volue-</strong></span> 
     </span>
    </p>
   </div>
   <div class='ocr_carea' id='block_1_106' title="bbox 505 5795 2082 5873">
    <p class='ocr_par' dir='ltr' id='par_1_106' title="bbox 505 5795 2082 5873">
     <span class='ocr_line' id='line_1_106' title="bbox 505 5795 2082 5873; baseline 0.007 -28"><span class='ocrx_word' id='word_1_764' title='bbox 505 5795 604 5856; x_wconf 54' lang='lat' dir='ltr'><strong>ris,</strong></span> <span class='ocrx_word' id='word_1_765' title='bbox 645 5798 772 5863; x_wconf 79' lang='lat' dir='ltr'><strong>quii</strong></span> <span class='ocrx_word' id='word_1_766' title='bbox 808 5797 1198 5866; x_wconf 68' lang='lat' dir='ltr'><strong>resltoudcbis?</strong></span> <span class='ocrx_word' id='word_1_767' title='bbox 1248 5798 1446 5856; x_wconf 85' lang='lat' dir='ltr'><strong>Totum</strong></span> <span class='ocrx_word' id='word_1_768' title='bbox 1479 5817 1611 5857; x_wconf 83' lang='lat' dir='ltr'><strong>sane</strong></span> <span class='ocrx_word' id='word_1_769' title='bbox 1653 5803 1794 5873; x_wconf 87' lang='lat' dir='ltr'><strong>quod</strong></span> <span class='ocrx_word' id='word_1_770' title='bbox 1843 5817 2082 5872; x_wconf 82' lang='lat' dir='ltr'><strong>respon-</strong></span> 
     </span>
    </p>
   </div>
   <div class='ocr_carea' id='block_1_107' title="bbox 2200 4515 3785 4589">
    <p class='ocr_par' dir='ltr' id='par_1_107' title="bbox 2200 4515 3785 4589">
     <span class='ocr_line' id='line_1_107' title="bbox 2200 4515 3785 4589; baseline -0.001 -17"><span class='ocrx_word' id='word_1_771' title='bbox 2200 4522 2353 4589; x_wconf 79' lang='grc' dir='ltr'>παρὰ</span> <span class='ocrx_word' id='word_1_772' title='bbox 2413 4519 2472 4571; x_wconf 79' lang='grc' dir='ltr'>τὸ</span> <span class='ocrx_word' id='word_1_773' title='bbox 2528 4519 2914 4586; x_wconf 82' lang='grc' dir='ltr'>ὑποκείμενον.</span> <span class='ocrx_word' id='word_1_774' title='bbox 2977 4517 3037 4569; x_wconf 80' lang='lat' dir='ltr'><strong>Ei</strong></span> <span class='ocrx_word' id='word_1_775' title='bbox 3071 4515 3201 4585; x_wconf 85' lang='grc' dir='ltr'>γοῦν</span> <span class='ocrx_word' id='word_1_776' title='bbox 3251 4515 3425 4586; x_wconf 81' lang='grc' dir='ltr'>ἀληθῆ</span> <span class='ocrx_word' id='word_1_777' title='bbox 3472 4515 3649 4586; x_wconf 84' lang='grc' dir='ltr'>ταῦτα</span> <span class='ocrx_word' id='word_1_778' title='bbox 3682 4520 3785 4572; x_wconf 84' lang='grc' dir='ltr'><strong>καὶ</strong></span> 
     </span>
    </p>
   </div>
   <div class='ocr_carea' id='block_1_108' title="bbox 2201 4609 3789 4680">
    <p class='ocr_par' dir='ltr' id='par_1_108' title="bbox 2201 4609 3789 4680">
     <span class='ocr_line' id='line_1_108' title="bbox 2201 4609 3789 4680; baseline -0.001 -15"><span class='ocrx_word' id='word_1_779' title='bbox 2201 4613 2410 4675; x_wconf 86' lang='grc' dir='ltr'>κοιναῖς</span> <span class='ocrx_word' id='word_1_780' title='bbox 2447 4613 2570 4674; x_wconf 87' lang='grc' dir='ltr'>ταῖς</span> <span class='ocrx_word' id='word_1_781' title='bbox 2605 4611 2917 4680; x_wconf 72' lang='grc' dir='ltr'>φιλοσόφοις</span> <span class='ocrx_word' id='word_1_782' title='bbox 2954 4611 3191 4672; x_wconf 71' lang='grc' dir='ltr'>ἐννοίαις</span> <span class='ocrx_word' id='word_1_783' title='bbox 3221 4609 3653 4680; x_wconf 77' lang='grc' dir='ltr'>ὁμολογούμενα,</span> <span class='ocrx_word' id='word_1_784' title='bbox 3686 4611 3789 4664; x_wconf 83' lang='grc' dir='ltr'><strong>καὶ</strong></span> 
     </span>
    </p>
   </div>
   <div class='ocr_carea' id='block_1_109' title="bbox 2199 4700 3788 4773">
    <p class='ocr_par' dir='ltr' id='par_1_109' title="bbox 2199 4700 3788 4773">
     <span class='ocr_line' id='line_1_109' title="bbox 2199 4700 3788 4773; baseline 0.001 -19"><span class='ocrx_word' id='word_1_785' title='bbox 2199 4703 2357 4773; x_wconf 81' lang='grc' dir='ltr'>εἴπερ</span> <span class='ocrx_word' id='word_1_786' title='bbox 2392 4701 2496 4753; x_wconf 76' lang='grc' dir='ltr'>οὐκ</span> <span class='ocrx_word' id='word_1_787' title='bbox 2531 4702 2700 4766; x_wconf 81' lang='grc' dir='ltr'>ἔστιν,</span> <span class='ocrx_word' id='word_1_788' title='bbox 2735 4700 2882 4763; x_wconf 82' lang='grc' dir='ltr'>ὅπως</span> <span class='ocrx_word' id='word_1_789' title='bbox 2906 4701 2971 4754; x_wconf 79' lang='grc' dir='ltr'>ἄν</span> <span class='ocrx_word' id='word_1_790' title='bbox 3001 4717 3082 4762; x_wconf 87' lang='grc' dir='ltr'><strong>τις</strong></span> <span class='ocrx_word' id='word_1_791' title='bbox 3115 4700 3212 4753; x_wconf 76' lang='grc' dir='ltr'><strong>καὶ</strong></span> <span class='ocrx_word' id='word_1_792' title='bbox 3242 4701 3644 4772; x_wconf 84' lang='grc' dir='ltr'>ἀσυνύπαρκτα</span> <span class='ocrx_word' id='word_1_793' title='bbox 3679 4703 3788 4756; x_wconf 75' lang='grc' dir='ltr'>δείο</span> 
     </span>
    </p>
   </div>
   <div class='ocr_carea' id='block_1_110' title="bbox 2198 4793 3785 4866">
    <p class='ocr_par' dir='ltr' id='par_1_110' title="bbox 2198 4793 3785 4866">
     <span class='ocr_line' id='line_1_110' title="bbox 2198 4793 3785 4866; baseline 0.002 -22"><span class='ocrx_word' id='word_1_794' title='bbox 2198 4793 2307 4859; x_wconf 87' lang='grc' dir='ltr'>ξειε</span> <span class='ocrx_word' id='word_1_795' title='bbox 2337 4794 2510 4846; x_wconf 78' lang='grc' dir='ltr'>ταῦτα</span> <span class='ocrx_word' id='word_1_796' title='bbox 2543 4796 2608 4864; x_wconf 82' lang='grc' dir='ltr'><strong>τῇ</strong></span> <span class='ocrx_word' id='word_1_797' title='bbox 2644 4794 2850 4862; x_wconf 84' lang='grc' dir='ltr'>σχέσει,</span> <span class='ocrx_word' id='word_1_798' title='bbox 2887 4793 2948 4844; x_wconf 83' lang='grc' dir='ltr'>τὸ</span> <span class='ocrx_word' id='word_1_799' title='bbox 2995 4793 3186 4863; x_wconf 87' lang='grc' dir='ltr'>σχετόν</span> <span class='ocrx_word' id='word_1_800' title='bbox 3235 4811 3402 4864; x_wconf 88' lang='grc' dir='ltr'>φημι,</span> <span class='ocrx_word' id='word_1_801' title='bbox 3435 4798 3500 4866; x_wconf 82' lang='grc' dir='ltr'>τῇ</span> <span class='ocrx_word' id='word_1_802' title='bbox 3544 4797 3785 4866; x_wconf 70' lang='grc' dir='ltr'>διαφορᾷ</span> 
     </span>
    </p>
   </div>
   <div class='ocr_carea' id='block_1_111' title="bbox 2196 4884 3784 4959">
    <p class='ocr_par' dir='ltr' id='par_1_111' title="bbox 2196 4884 3784 4959">
     <span class='ocr_line' id='line_1_111' title="bbox 2196 4884 3784 4959; baseline 0.002 -22"><span class='ocrx_word' id='word_1_803' title='bbox 2196 4903 2256 4937; x_wconf 89' lang='grc' dir='ltr'><strong>τε</strong></span> <span class='ocrx_word' id='word_1_804' title='bbox 2279 4885 2340 4937; x_wconf 85' lang='grc' dir='ltr'>τὸ</span> <span class='ocrx_word' id='word_1_805' title='bbox 2361 4884 2620 4955; x_wconf 80' lang='grc' dir='ltr'>διάφορον</span> <span class='ocrx_word' id='word_1_806' title='bbox 2636 4901 2651 4917; x_wconf 87' lang='grc'><strong>·</strong></span> <span class='ocrx_word' id='word_1_807' title='bbox 2674 4885 2840 4955; x_wconf 74' lang='grc' dir='ltr'>δεῦρο</span> <span class='ocrx_word' id='word_1_808' title='bbox 2861 4884 2930 4955; x_wconf 73' lang='grc' dir='ltr'><strong>δὴ</strong></span> <span class='ocrx_word' id='word_1_809' title='bbox 2956 4885 3251 4956; x_wconf 79' lang='grc' dir='ltr'>ἀπόκριναι</span> <span class='ocrx_word' id='word_1_810' title='bbox 3281 4889 3340 4940; x_wconf 82' lang='grc' dir='ltr'>τὸ</span> <span class='ocrx_word' id='word_1_811' title='bbox 3373 4889 3577 4954; x_wconf 79' lang='grc' dir='ltr'>λοιπὸν,</span> <span class='ocrx_word' id='word_1_812' title='bbox 3612 4889 3659 4940; x_wconf 87' lang='grc' dir='ltr'>εἰ</span> <span class='ocrx_word' id='word_1_813' title='bbox 3681 4890 3784 4959; x_wconf 76' lang='grc' dir='ltr'>τὴν</span> 
     </span>
    </p>
   </div>
   <div class='ocr_carea' id='block_1_112' title="bbox 2197 4975 3782 5052">
    <p class='ocr_par' dir='ltr' id='par_1_112' title="bbox 2197 4975 3782 5052">
     <span class='ocr_line' id='line_1_112' title="bbox 2197 4975 3782 5052; baseline 0.005 -26"><span class='ocrx_word' id='word_1_814' title='bbox 2197 4977 2530 5046; x_wconf 83' lang='grc' dir='ltr'>ὲκπόρευσιν</span> <span class='ocrx_word' id='word_1_815' title='bbox 2579 4975 2672 5029; x_wconf 85' lang='lat'><strong>106</strong></span> <span class='ocrx_word' id='word_1_816' title='bbox 2709 4979 3046 5050; x_wconf 76' lang='grc' dir='ltr'>ἐκπορευτοῦ</span> <span class='ocrx_word' id='word_1_817' title='bbox 3091 4977 3232 5034; x_wconf 71' lang='grc' dir='ltr'>κατὰ</span> <span class='ocrx_word' id='word_1_818' title='bbox 3275 4980 3376 5051; x_wconf 79' lang='grc' dir='ltr'>τὴν</span> <span class='ocrx_word' id='word_1_819' title='bbox 3403 4981 3512 5034; x_wconf 84' lang='grc' dir='ltr'>τῶν</span> <span class='ocrx_word' id='word_1_820' title='bbox 3548 4982 3686 5052; x_wconf 80' lang='grc' dir='ltr'>πρός</span> <span class='ocrx_word' id='word_1_821' title='bbox 3719 4999 3782 5034; x_wconf 84' lang='grc' dir='ltr'><strong>τε</strong></span> 
     </span>
    </p>
   </div>
   <div class='ocr_carea' id='block_1_113' title="bbox 2199 5065 3782 5146">
    <p class='ocr_par' dir='ltr' id='par_1_113' title="bbox 2199 5065 3782 5146">
     <span class='ocr_line' id='line_1_113' title="bbox 2199 5065 3782 5146; baseline 0.007 -29"><span class='ocrx_word' id='word_1_822' title='bbox 2199 5065 2408 5135; x_wconf 87' lang='grc' dir='ltr'>σχέσιν,</span> <span class='ocrx_word' id='word_1_823' title='bbox 2441 5067 2762 5138; x_wconf 77' lang='grc' dir='ltr'>Πνεῦματος</span> <span class='ocrx_word' id='word_1_824' title='bbox 2799 5067 2971 5126; x_wconf 85' lang='grc' dir='ltr'>οὖσαν</span> <span class='ocrx_word' id='word_1_825' title='bbox 2998 5071 3345 5142; x_wconf 84' lang='grc' dir='ltr'>ὲκπόρευσιν,</span> <span class='ocrx_word' id='word_1_826' title='bbox 3383 5076 3477 5127; x_wconf 75' lang='grc' dir='ltr'><strong>καὶ</strong></span> <span class='ocrx_word' id='word_1_827' title='bbox 3513 5073 3782 5146; x_wconf 76' lang='grc' dir='ltr'>διαφορὰν</span> 
     </span>
    </p>
   </div>
   <div class='ocr_carea' id='block_1_114' title="bbox 2196 5162 3782 5238">
    <p class='ocr_par' dir='ltr' id='par_1_114' title="bbox 2196 5162 3782 5238">
     <span class='ocr_line' id='line_1_114' title="bbox 2196 5162 3782 5238; baseline 0.006 -25"><span class='ocrx_word' id='word_1_828' title='bbox 2196 5162 2360 5214; x_wconf 84' lang='grc' dir='ltr'>αὑτοῦ</span> <span class='ocrx_word' id='word_1_829' title='bbox 2407 5163 2542 5232; x_wconf 81' lang='grc' dir='ltr'>πρός</span> <span class='ocrx_word' id='word_1_830' title='bbox 2573 5179 2636 5229; x_wconf 88' lang='grc' dir='ltr'><strong>γε</strong></span> <span class='ocrx_word' id='word_1_831' title='bbox 2666 5162 2763 5233; x_wconf 82' lang='grc' dir='ltr'>τὴν</span> <span class='ocrx_word' id='word_1_832' title='bbox 2799 5164 3056 5234; x_wconf 79' lang='grc' dir='ltr'>γέννησιν</span> <span class='ocrx_word' id='word_1_833' title='bbox 3099 5165 3195 5218; x_wconf 84' lang='grc' dir='ltr'>τοῦ</span> <span class='ocrx_word' id='word_1_834' title='bbox 3225 5164 3356 5219; x_wconf 83' lang='grc' dir='ltr'>Υίοῦ</span> <span class='ocrx_word' id='word_1_835' title='bbox 3390 5170 3782 5238; x_wconf 83' lang='grc' dir='ltr'>ἀποτετμημέ-</span> 
     </span>
    </p>
   </div>
   <div class='ocr_carea' id='block_1_115' title="bbox 2194 5255 3778 5328">
    <p class='ocr_par' dir='ltr' id='par_1_115' title="bbox 2194 5255 3778 5328">
     <span class='ocr_line' id='line_1_115' title="bbox 2194 5255 3778 5328; baseline 0.004 -20"><span class='ocrx_word' id='word_1_836' title='bbox 2194 5271 2322 5319; x_wconf 85' lang='grc' dir='ltr'>νως,</span> <span class='ocrx_word' id='word_1_837' title='bbox 2352 5256 2449 5309; x_wconf 74' lang='grc' dir='ltr'><strong>καὶ</strong></span> <span class='ocrx_word' id='word_1_838' title='bbox 2477 5255 2576 5308; x_wconf 88' lang='lat'><strong>106</strong></span> <span class='ocrx_word' id='word_1_839' title='bbox 2611 5257 2976 5324; x_wconf 83' lang='grc' dir='ltr'>ὑποκειμένου</span> <span class='ocrx_word' id='word_1_840' title='bbox 3013 5259 3180 5328; x_wconf 81' lang='grc' dir='ltr'>χωρίς</span> <span class='ocrx_word' id='word_1_841' title='bbox 3211 5261 3330 5312; x_wconf 76' lang='grc' dir='ltr'>ἐστι</span> <span class='ocrx_word' id='word_1_842' title='bbox 3361 5259 3542 5328; x_wconf 83' lang='grc' dir='ltr'>λέγειν</span> <span class='ocrx_word' id='word_1_843' title='bbox 3571 5264 3634 5314; x_wconf 79' lang='grc' dir='ltr'><strong>ὲκ</strong></span> <span class='ocrx_word' id='word_1_844' title='bbox 3663 5263 3778 5314; x_wconf 77' lang='grc' dir='ltr'><strong>Πα-</strong></span> 
     </span>
    </p>
   </div>
   <div class='ocr_carea' id='block_1_116' title="bbox 2193 5347 3776 5422">
    <p class='ocr_par' dir='ltr' id='par_1_116' title="bbox 2193 5347 3776 5422">
     <span class='ocr_line' id='line_1_116' title="bbox 2193 5347 3776 5422; baseline 0.006 -23"><span class='ocrx_word' id='word_1_845' title='bbox 2193 5347 2322 5418; x_wconf 71' lang='grc' dir='ltr'>τρός</span> <span class='ocrx_word' id='word_1_846' title='bbox 2354 5347 2654 5416; x_wconf 84' lang='grc' dir='ltr'>προϊοῦσαν</span> <span class='ocrx_word' id='word_1_847' title='bbox 2683 5348 2770 5401; x_wconf 67' lang='grc' dir='ltr'>διὰ</span> <span class='ocrx_word' id='word_1_848' title='bbox 2809 5348 2904 5400; x_wconf 81' lang='grc' dir='ltr'><strong>τοῦ</strong></span> <span class='ocrx_word' id='word_1_849' title='bbox 2940 5349 3094 5412; x_wconf 83' lang='grc' dir='ltr'>Υἱοῦ,</span> <span class='ocrx_word' id='word_1_850' title='bbox 3123 5351 3224 5404; x_wconf 78' lang='grc' dir='ltr'><strong>οὐκ</strong></span> <span class='ocrx_word' id='word_1_851' title='bbox 3268 5351 3335 5404; x_wconf 86' lang='grc' dir='ltr'>ἂν</span> <span class='ocrx_word' id='word_1_852' title='bbox 3374 5353 3521 5422; x_wconf 82' lang='grc' dir='ltr'>ἔχοις</span> <span class='ocrx_word' id='word_1_853' title='bbox 3558 5355 3776 5417; x_wconf 78' lang='grc' dir='ltr'>πάντως</span> 
     </span>
    </p>
   </div>
   <div class='ocr_carea' id='block_1_117' title="bbox 2195 5438 3775 5516">
    <p class='ocr_par' dir='ltr' id='par_1_117' title="bbox 2195 5438 3775 5516">
     <span class='ocr_line' id='line_1_117' title="bbox 2195 5438 3775 5516; baseline 0.004 -26"><span class='ocrx_word' id='word_1_854' title='bbox 2195 5438 2254 5490; x_wconf 88' lang='grc' dir='ltr'>τὸ</span> <span class='ocrx_word' id='word_1_855' title='bbox 2291 5439 2748 5509; x_wconf 82' lang='grc' dir='ltr'>ἀποτετμημένον</span> <span class='ocrx_word' id='word_1_856' title='bbox 2798 5438 2958 5492; x_wconf 78' lang='grc' dir='ltr'>τοῦτο</span> <span class='ocrx_word' id='word_1_857' title='bbox 2987 5442 3376 5513; x_wconf 77' lang='grc' dir='ltr'>ἀποθαρῤἧσαί</span> <span class='ocrx_word' id='word_1_858' title='bbox 3425 5461 3576 5499; x_wconf 81' lang='grc' dir='ltr'>ποτε.</span> <span class='ocrx_word' id='word_1_859' title='bbox 3632 5446 3775 5516; x_wconf 68' lang='grc' dir='ltr'>Πρὸς</span> 
     </span>
    </p>
   </div>
   <div class='ocr_carea' id='block_1_118' title="bbox 2193 5530 3774 5612">
    <p class='ocr_par' dir='ltr' id='par_1_118' title="bbox 2193 5530 3774 5612">
     <span class='ocr_line' id='line_1_118' title="bbox 2193 5530 3774 5612; baseline 0.005 -28"><span class='ocrx_word' id='word_1_860' title='bbox 2193 5530 2352 5584; x_wconf 81' lang='grc' dir='ltr'>τοῦτο</span> <span class='ocrx_word' id='word_1_861' title='bbox 2380 5531 2438 5582; x_wconf 83' lang='grc' dir='ltr'><strong>δὲ</strong></span> <span class='ocrx_word' id='word_1_862' title='bbox 2472 5531 2548 5602; x_wconf 80' lang='grc' dir='ltr'>μὴ</span> <span class='ocrx_word' id='word_1_863' title='bbox 2580 5532 2932 5604; x_wconf 79' lang='grc' dir='ltr'>ἁποθαῤῥῶν,</span> <span class='ocrx_word' id='word_1_864' title='bbox 2982 5531 3035 5584; x_wconf 86' lang='grc' dir='ltr'><strong>τί</strong></span> <span class='ocrx_word' id='word_1_865' title='bbox 3071 5537 3301 5604; x_wconf 77' lang='grc' dir='ltr'>φήσειςς</span> <span class='ocrx_word' id='word_1_866' title='bbox 3346 5536 3686 5612; x_wconf 70' lang='grc' dir='ltr'>Ἀπολογήσῃ</span> <span class='ocrx_word' id='word_1_867' title='bbox 3718 5540 3774 5592; x_wconf 86' lang='grc' dir='ltr'><strong>δὲ</strong></span> 
     </span>
    </p>
   </div>
   <div class='ocr_carea' id='block_1_119' title="bbox 2192 5623 3775 5701">
    <p class='ocr_par' dir='ltr' id='par_1_119' title="bbox 2192 5623 3775 5701">
     <span class='ocr_line' id='line_1_119' title="bbox 2192 5623 3775 5701; baseline 0.005 -27"><span class='ocrx_word' id='word_1_868' title='bbox 2192 5623 2332 5694; x_wconf 77' lang='grc' dir='ltr'>πρὸς</span> <span class='ocrx_word' id='word_1_869' title='bbox 2369 5623 2631 5676; x_wconf 80' lang='grc' dir='ltr'>σύστασιν</span> <span class='ocrx_word' id='word_1_870' title='bbox 2661 5624 2771 5676; x_wconf 86' lang='grc' dir='ltr'>τῶν</span> <span class='ocrx_word' id='word_1_871' title='bbox 2807 5624 2914 5677; x_wconf 86' lang='grc' dir='ltr'>σῶν</span> <span class='ocrx_word' id='word_1_872' title='bbox 2957 5625 3296 5696; x_wconf 74' lang='grc' dir='ltr'>ἐξηγήσεων,</span> <span class='ocrx_word' id='word_1_873' title='bbox 3322 5629 3374 5682; x_wconf 84' lang='grc' dir='ltr'><strong>τί</strong></span> <span class='ocrx_word' id='word_1_874' title='bbox 3405 5626 3552 5701; x_wconf 78' lang='grc' dir='ltr'>εἶχες</span> <span class='ocrx_word' id='word_1_875' title='bbox 3586 5634 3652 5685; x_wconf 79' lang='grc' dir='ltr'>ἂν</span> <span class='ocrx_word' id='word_1_876' title='bbox 3681 5631 3775 5684; x_wconf 79' lang='grc' dir='ltr'><strong>καὶ</strong></span> 
     </span>
    </p>
   </div>
   <div class='ocr_carea' id='block_1_120' title="bbox 2193 5714 3775 5791">
    <p class='ocr_par' dir='ltr' id='par_1_120' title="bbox 2193 5714 3775 5791">
     <span class='ocr_line' id='line_1_120' title="bbox 2193 5714 3775 5791; baseline 0.005 -23"><span class='ocrx_word' id='word_1_877' title='bbox 2193 5714 2612 5783; x_wconf 71' lang='grc' dir='ltr'>ἁπολογεῖσθαι;</span> <span class='ocrx_word' id='word_1_878' title='bbox 2663 5718 2847 5778; x_wconf 82' lang='grc' dir='ltr'>κακῶς</span> <span class='ocrx_word' id='word_1_879' title='bbox 2884 5719 2984 5788; x_wconf 80' lang='grc' dir='ltr'>μὲν</span> <span class='ocrx_word' id='word_1_880' title='bbox 3031 5720 3127 5772; x_wconf 77' lang='grc' dir='ltr'>καὶ</span> <span class='ocrx_word' id='word_1_881' title='bbox 3171 5721 3512 5791; x_wconf 78' lang='grc' dir='ltr'>ἐπισφαλῶς.</span> <span class='ocrx_word' id='word_1_882' title='bbox 3559 5726 3775 5778; x_wconf 74' lang='grc' dir='ltr'>Ἀπολο-</span> 
     </span>
    </p>
   </div>
   <div class='ocr_carea' id='block_1_121' title="bbox 2194 5802 3770 5887">
    <p class='ocr_par' dir='ltr' id='par_1_121' title="bbox 2194 5802 3770 5887">
     <span class='ocr_line' id='line_1_121' title="bbox 2194 5802 3770 5887; baseline 0.01 -33"><span class='ocrx_word' id='word_1_883' title='bbox 2194 5802 2408 5870; x_wconf 80' lang='grc' dir='ltr'>γεῖσθαι</span> <span class='ocrx_word' id='word_1_884' title='bbox 2444 5802 2488 5854; x_wconf 84' lang='grc' dir='ltr'><strong>δ’</strong></span> <span class='ocrx_word' id='word_1_885' title='bbox 2519 5804 2668 5874; x_wconf 82' lang='grc' dir='ltr'>ὅμως</span> <span class='ocrx_word' id='word_1_886' title='bbox 2705 5807 2839 5876; x_wconf 84' lang='grc' dir='ltr'>πρὸς</span> <span class='ocrx_word' id='word_1_887' title='bbox 2878 5809 3106 5879; x_wconf 80' lang='grc' dir='ltr'>ἄρνησιν</span> <span class='ocrx_word' id='word_1_888' title='bbox 3130 5817 3228 5884; x_wconf 78' lang='grc' dir='ltr'>τῆς</span> <span class='ocrx_word' id='word_1_889' title='bbox 3275 5815 3336 5868; x_wconf 71' lang='grc' dir='ltr'><strong>ἐκ</strong></span> <span class='ocrx_word' id='word_1_890' title='bbox 3371 5817 3582 5886; x_wconf 55' lang='grc' dir='ltr'>Πατρὶς</span> <span class='ocrx_word' id='word_1_891' title='bbox 3607 5819 3770 5887; x_wconf 74' lang='grc' dir='ltr'>ὑπαρ-</span> 
     </span>
    </p>
   </div>
  </div>
