4002 6424
218 392 320 455 361

1351 394 1453 455 AD
1489 382 2086 459 CONSTANTINUM
2129 393 2272 455 LIB.
2321 388 2407 458 II.

3370 386 3476 453 362

216 503 361 566 ξεως
406 503 500 555 τοῦ
555 503 869 573 Πνεῦματος
920 505 1007 558 διὰ
1054 504 1206 567 Υἰοῦ.
1262 505 1459 559 ὁπόθεν
1503 507 1597 559 καὶ
1651 506 1800 574 ἠτοῦ

1908 508 2084 563 dendo
2115 506 2414 561 adduceres
2466 504 2535 558 ab
2593 499 2936 572 improbitate
2982 507 3147 581 atque
3195 497 3483 573 erraribus

212 593 440 662 Πατρδς
470 595 564 646 καὶ
600 593 736 647 Υίοῦ
763 596 967 664 ἑνότης,
997 595 1089 649 ἐπὶ
1120 599 1185 666 τῇ
1223 596 1372 665 αἰτίᾳ
1406 594 1498 649 τοῦ
1552 594 1805 664 11.25,“:-

211 703 307 747 τος
353 687 575 748 ἕπεται.
608 688 655 739 εἰ
697 687 797 757 τὴν
832 689 894 739 ἐκ
940 689 1150 757 Πατρδς
1196 687 1267 740 δι’
1295 687 1427 740 Υίοῦ
1480 682 1806 757 ἐκπόρευσιν

210 777 524 846 διαγράψαι
560 776 669 829 τῶν
705 777 866 830 Θείων
906 775 1050 848 εἶχες
1086 778 1341 849 Γραφῶν.
1372 777 1486 831 Νῦν
1514 776 1572 831 δὲ
1600 777 1805 847 ταύτην

208 870 357 937 ἔχων
389 868 660 940 μηδαμῶς
684 867 1008 939 διαγράψαι,
1039 870 1227 923 πείθου
1256 870 1443 924 λοιπὸν
1466 872 1586 933 ταῖς
1614 868 1713 940 τὴν
1740 871 1806 923 ὲκ

208 962 436 1030 Πατρδς
472 960 540 1013 δι’
567 960 696 1013 Υἱοῦ
732 961 1057 1030 ὲκπόρευσιν
1087 963 1148 1013 ὲκ
1179 961 1389 1033 Πατρὸς
1419 962 1484 1015 δι’
1510 961 1640 1014 Υίοῦ
1664 956 1805 1013 εἶναι

216 1052 460 1122 ὓπαρξιν
514 1052 873 1114 συνιστώσαις
921 1053 1148 1115 ἐννοίαις
1183 1052 1245 1105 ἔκ
1294 1068 1352 1105 τε
1404 1052 1512 1106 τῶν
1543 1054 1802 1122 δογματι-

221 1146 330 1205 κῶς
351 1143 796 1213 ὡμολογημένων
829 1144 892 1196 ἐκ
913 1161 973 1196 τε
994 1144 1102 1196 τῶν
1123 1144 1502 1214 ὲμφιλοσόφως
1539 1143 1635 1212 σὴν
1647 1144 1805 1214 χάριν

219 1235 697 1303 ἀποδεδειγμένων
723 1236 880 1305 ἡμῖν.
911 1236 1021 1287 Καὶ
1046 1234 1204 1306 δεῦρο
1226 1235 1288 1304 δὴ
1313 1233 1468 1305 στῆθι
1505 1235 1621 1305 μεθ’
1650 1235 1805 1304 ἡμῶν

217 1327 314 1378 καὶ
347 1325 535 1388 αὐτὸς,
569 1326 706 1394 ὅπερ
754 1340 843 1393 μοι
874 1326 965 1377 καὶ
997 1327 1258 1395 πρότερον
1304 1325 1549 1396 είρηται,
1581 1325 1682 1393 τὴν
1711 1325 1804 1378 ἐπὶ

217 1420 284 1486 τῇ
321 1416 475 1485 αἰτίᾳ
503 1414 603 1467 τοῦ
634 1415 950 1483 Πνεῦματος
976 1416 1200 1486 ἑνότητα
1231 1415 1321 1470 τοῦ
1356 1417 1568 1485 Πατρὸς
1605 1415 1802 1486 ὁμολο-

218 1507 333 1573 γῶν
381 1507 477 1558 καὶ
520 1505 675 1560 Υἱοῦ.
707 1507 766 1557 Et
811 1507 921 1576 γὰρ
951 1509 1064 1569 τοῖς
1104 1506 1329 1570 οἰκείοις
1381 1506 1712 1561 ἀντιϐαίνειν
1743 1523 1804 1559 σε

221 1596 396 1659 λόγοις
425 1595 487 1647 οὐ
517 1594 645 1664 χρὴ,
691 1596 786 1647 ἐὰν
821 1597 853 1665 ἡ
902 1597 1089 1665 ἑνότης
1112 1596 1407 1666 διαϐλητέα
1441 1598 1592 1668 παρὰ
1636 1597 1697 1650 τὸ
1729 1597 1805 1667 μὴ

224 1690 347 1751 τοὺς
391 1690 640 1758 Πατέρας
680 1689 915 1760 ὓπαρξιν
966 1688 1251 1761 είρηκέναι
1300 1688 1369 1744 δι’
1416 1690 1569 1754 Υίοῦ,
1623 1708 1803 1758 παρα-

231 1779 421 1831 δεκτέα
443 1780 676 1841 πάντως,
698 1780 773 1843 ὡς
798 1783 853 1832 ὲν
878 1782 1155 1851 φροιμίοις
1187 1799 1276 1851 μοι
1310 1781 1800 1852 προανατέτακται,

235 1874 359 1941 περὶ
397 1872 494 1940 τῆς
521 1872 809 1943 ὑπάρξεως
844 1871 981 1942 αῦτη
1015 1872 1311 1939 ἀπόδειξις.

1910 614 2018 653 non
2054 599 2351 659 aberraret,
2386 594 2763 659 nihilominus,
2804 600 2865 648 ut
2895 606 2961 647 ex
3007 592 3169 647 Patre
3203 590 3475 646 exsisten-

1911 691 2040 745 tiam
2076 688 2311 759 Spiritus
2340 703 2434 756 per
2461 684 2657 740 Filium
2686 699 2938 756 negares,
2970 683 3335 754 responderes
3363 696 3476 738 non

1906 781 2011 834 alia
2046 794 2209 848 quam
2242 794 2362 849 qua:
2392 788 2443 832 et
2474 777 2650 831 Patris
2675 785 2730 830 et
2763 774 2883 829 Filii
2922 775 3188 829 unitatem
3227 776 3281 829 in
3311 790 3478 830 causa

1907 873 2146 943 Spiritus
2190 871 2549 940 comprobant
2584 888 2598 924 :
2627 870 2708 924 sin
2740 871 2924 924 minus
2954 883 3023 922 ex
3068 867 3230 922 Patre
3260 882 3357 937 per
3387 866 3480 922 Fi-

1906 966 2039 1019 lium
2064 964 2472 1033 processiouem
2500 979 2567 1017 ex
2591 962 2790 1016 divinis
2814 961 3114 1031 Scripturis
3138 960 3480 1016 eliminares.

1903 1057 1975 1111 At
2003 1071 2166 1121 nunc,
2204 1069 2329 1109 cum
2355 1055 2497 1107 illam
2533 1052 2758 1123 rejicere
2787 1052 2938 1106 nullo
2965 1052 3127 1106 modo
3157 1052 3360 1116 valeas,
3395 1052 3483 1105 in.

1908 1147 2063 1201 terim
2100 1146 2280 1207 crede,
2311 1152 2425 1198 tum
2450 1159 2513 1198 ex
2547 1144 2710 1198 certis
2749 1144 2827 1198 uti
2873 1145 2940 1199 de
2965 1144 3218 1215 dogmate
3255 1148 3482 1215 prolatis

1905 1236 2367 1299 confessionibus,
2413 1243 2526 1288 tum
2560 1248 2622 1287 ex
2659 1233 3087 1303 pbilosophicis,
3127 1243 3187 1289 ut
3222 1236 3318 1291 tibi
3366 1251 3485 1290 mo-

1904 1343 2020 1383 rem
2059 1342 2403 1398 gereremus,
2435 1341 2464 1379 a
2503 1326 2688 1381 .nobis
2739 1326 3131 1381 demonstratis
3170 1329 3480 1390 sententiis,

1905 1434 1972 1473 ex
2002 1419 2161 1473 Patre
2191 1433 2285 1488 per
2335 1418 2531 1471 Filium
2586 1419 3025 1487 processionem,
3074 1433 3139 1473 ex
3188 1418 3347 1474 Patre
3384 1435 3481 1489 per

1905 1507 2100 1562 Filium
2128 1522 2247 1562 esse
2289 1506 2664 1562 exsistentiam
2711 1506 3076 1562 constabiliri.
3111 1506 3177 1560 Et
3219 1522 3319 1577 age
3373 1524 3480 1564 una

1906 1597 2192 1652 nobiscum
2210 1604 2262 1651 et
2288 1596 2403 1665 ipse
2430 1595 2706 1662 conspira,
2737 1596 2881 1664 quod
2897 1603 2951 1650 et
2973 1610 3137 1663 supra
3160 1596 3294 1659 dixi,
3330 1612 3482 1654 asse-

1905 1704 2059 1752 rens,
2107 1689 2162 1742 in
2195 1702 2361 1742 causa
2424 1685 2665 1756 Spiritus
2710 1686 2889 1741 Patris
2930 1696 2988 1741 et
3034 1686 3158 1741 Filii
3191 1688 3478 1743 unitatem.

1908 1781 2120 1835 Etenim
2144 1780 2191 1835 si
2224 1780 2333 1834 tuis
2373 1781 2493 1849 ipse
2523 1780 2702 1834 verbis
2740 1793 2983 1848 pugnare
3017 1769 3335 1835 indecorum
3383 1782 3474 1851 iu-

1829 1866 1870 1924 Β
1898 1872 2074 1936 dicas,
2094 1871 2139 1927 si
2160 1871 2342 1926 unitas
2372 1870 2666 1940 rejicienda
2693 1880 2798 1934 est,
2826 1869 2973 1939 quod
3000 1870 3188 1926 l’atres
3208 1872 3480 1927 exsisteno

227 1965 353 2017 tiam
384 1979 479 2033 per
509 1964 706 2018 Filium
742 1982 848 2019 nou
884 1967 1163 2032 dixerunt,
1188 1968 1439 2038 equidem
1464 1968 1787 2040 excipienda
1825 1984 1855 2024 a
1886 1978 1937 2024 te
1969 1980 2054 2025 est
2093 1966 2267 2022 modis
2322 1966 2600 2033 omnibus,
2635 1974 2696 2021 ut
2744 1967 2798 2020 in
2835 1967 3100 2035 prooemio
3131 1966 3336 2022 dictum
3369 1977 3474 2032 est,

219 2059 282 2111 de
306 2060 633 2114 exsistentia
666 2060 1068 2116 demonstratio
1108 2063 1244 2117 haec.

280 2153 350 2201 ε’.
390 2149 535 2201 Ἀλλ’
564 2150 675 2203 εἴτε
722 2151 981 2221 πείθομεν
1001 2192 1015 2217 ,
1048 2153 1159 2207 εἴτε.
1200 2157 1297 2209 καὶ
1337 2156 1432 2228 μὴ,
1462 2155 1525 2211 σὺ
1552 2156 1609 2211 δὲ
1648 2158 1676 2210 ὁ
1703 2155 1803 2227 τὴν

212 2240 495 2307 ἀπόδειξιν
521 2242 613 2294 τοῦ
644 2239 957 2314 παραλόγου
981 2245 1079 2313 τῆς
1108 2242 1422 2316 ἐξηγήσεως
1446 2249 1538 2301 ὲπὶ
1574 2247 1805 2320 βεὸαιὼ-

213 2347 297 2383 σει
326 2331 431 2398 τῆς
459 2334 527 2385 ὲκ
574 2334 788 2404 Πατρὸς
821 2337 888 2388 δι’
922 2334 1053 2390 Υἱοῦ
1094 2338 1381 2406 ὑπάρξεως
1419 2341 1515 2393 τοῦ
1546 2340 1803 2410 Πνεύμα-

210 2440 327 2487 τος,
361 2425 424 2488 ἐξ
467 2419 533 2495 ἦς
573 2425 730 2495 ήτοῦ
789 2424 997 2499 Πατρδς
1049 2430 1143 2482 καὶ
1194 2430 1326 2483 Υἱοῦ
1375 2432 1564 2502 ἑνότης
1611 2434 1703 2486 ἐπὶ
1734 2435 1801 2501 τῇ

207 2514 369 2586 αἰτίᾳ
418 2516 514 2568 τοῦ
558 2515 875 2587 Πνεῦματος
926 2520 1310 2588 ἀναφαίνεται,
1355 2520 1628 2592 ἔγγραφον
1658 2524 1805 2594 ἡμᾶς

207 2610 613 2679 αἰτησάμενος,
644 2608 855 2664 τελείαν
902 2612 1001 2682 ἤδη
1035 2613 1240 2683 ταύτην
1269 2613 1576 2680 ἀπολαϐὼν,
1610 2616 1803 2669 σκόπει

209 2701 364 2768 ἑξῆς,
392 2702 543 2763 ὅπως
572 2700 637 2755 ἂν
685 2702 828 2773 ἔχοις
861 2704 955 2756 καὶ
994 2700 1059 2765 ἂς
1089 2706 1408 2776 ὁμωνυμίας
1441 2708 1489 2759 οἱ
1534 2707 1635 2778 τῆς
1664 2707 1800 2779 disq-

213 2792 370 2857 θείας
405 2793 595 2864 ἐχθροὶ
641 2797 734 2847 ἐπὶ
777 2795 999 2867 διαϐολῇ
1029 2797 1123 2850 τοῦ
1166 2798 1333 2851 αὐτοῦ
1365 2797 1635 2869 δόγματος
1673 2801 1802 2856 ἀνα-

212 2886 524 2940 πλάττουσι
568 2887 992 2957 διαγράφεσθαι.
1045 2889 1158 2960 Πρὸ
1211 2891 1310 2959 μὶν
1373 2891 1628 2946 ἁπάντων
1679 2893 1803 2958 ταῖς

207 2978 558 3047 παραλόγοις
594 2978 889 3050 ὲξηγήσεσι
944 2980 1336 3052 συνδιάγραφε,
1378 2983 1451 3054 ἢν
1493 2983 1591 3053 τῆς
1640 2985 1803 3037 ἐκπο-

211 3071 461 3137 ρεύσεως
491 3067 665 3136 αὐτῆς
694 3066 1020 3138 ὁμωνυμίαν
1053 3070 1101 3122 oi
1134 3069 1402 3140 ἀλιτήριοι
1437 3072 1800 3142 καταψεύδον-

1976 2152 2039 2225 5..
2058 2150 2164 2207 Sed
2193 2151 2309 2208 sive
2336 2151 2653 2215 suademus.
2687 2150 2802 2208 sive
2836 2166 2966 2219 non,
3003 2160 3058 2208 tu
3097 2154 3189 2224 qui
3228 2155 3478 2212 absurda:

1905 2246 2372 2320 interpretationis
2399 2245 2920 2309 demonstrationem
2951 2247 3018 2301 ad
3040 2248 3474 2305 confirmandam

1905 2353 1971 2394 ex
2005 2337 2163 2395 Patre
2187 2354 2281 2408 per
2297 2337 2475 2393 Flium
2498 2338 2873 2393 exsistentiam
2900 2339 3152 2408 Spiritus,
3177 2355 3274 2410 per
3306 2357 3473 2411 quam

1906 2430 2086 2485 Patris
2113 2439 2170 2485 et
2220 2427 2343 2483 Filii
2376 2429 2561 2484 unitas
2596 2428 2652 2482 in
2683 2442 2854 2483 causa
2887 2429 3123 2498 Spiritus
3153 2431 3471 2488 manifesta-

1906 2530 2016 2587 tur,
2045 2522 2250 2591 scripto
2284 2521 2381 2575 tibi
2413 2519 2552 2575 tradi
2590 2535 2620 2574 a
2662 2520 2824 2574 nobis
2854 2520 3083 2588 petiisti,
3118 2519 3357 2589 perfecte
3384 2523 3478 2575 ab-

1909 2612 2143 2667 solutam
2198 2610 2369 2681 ipsam
2423 2610 2536 2679 jam
2588 2609 2816 2674 habens,
2866 2610 3153 2666 considera
3196 2611 3475 2683 deinceps.

1911 2704 2191 2776 quomodo
2219 2704 2317 2759 tibi
2347 2702 2722 2774 expungende
2765 2709 2895 2757 sunt
2920 2717 3081 2759 voces
3115 2703 3478 2775 bomonymae,

1909 2810 2046 2866 quas
2064 2794 2312 2851 veritatis
2336 2795 2541 2860 hostes,
2572 2793 2639 2848 ad
2668 2792 3022 2849 refellendum
3072 2795 3292 2865 dogma,
3322 2810 3475 2852 com-

1908 2886 2293 2941 miniscuntur.
2326 2885 2396 2940 Et
2426 2885 2567 2941 inter
2593 2883 2700 2939 alia
2727 2899 2853 2940 cum
2882 2884 3139 2941 absurdis
3175 2887 3282 2942 illis
3308 2888 3479 2943 inter-

1904 2976 2300 3047 pretationibus
2342 2991 2662 3042 annumera,
2696 2990 2860 3048 quam
2905 2979 3253 3049 processiouis
3290 2981 3482 3036 homo-

1905 3068 2144 3139 nymiam
2177 3068 2391 3124 scelesti
2425 3069 2516 3124 isti
2555 3069 2816 3124 mendose
2850 3068 3190 3140 contingunt,
3219 3070 3477 3141 deinceps

205 3176 332 3212 ται.
370 3158 529 3212 Μετὰ
552 3159 607 3212 δὲ
641 3161 734 3213 καὶ
762 3158 828 3223 ἃς
863 3159 1028 3221 ἄλλας
1070 3159 1518 3233 ἀναισχυντοῦσιν
1561 3165 1795 3235 ἑπισφα-

1904 3169 1959 3214 et
1987 3175 2125 3229 quas
2152 3159 2289 3214 alias
2320 3159 2686 3230 impudenter,
2736 3174 2837 3216 nec
2878 3161 3089 3230 absque
3137 3177 3324 3218 errore
3349 3164 3480 3218 eﬂ'u-

210 3248 352 3312 λὼς,
386 3249 450 3301 τὺ
500 3250 565 3300 ὲκ
606 3249 819 3318 Πατρὺς
855 3251 948 3302 καὶ
994 3250 1126 3303 Υίοῦ
1172 3252 1418 3320 προϊέναι
1460 3253 1520 3306 τὸ
1574 3254 1800 3324 Πνεῦμα

220 3338 619 3409 προέρχεσθαι,
654 3339 999 3411 προχεῖσθαι,
1025 3340 1313 3409 πηγάζειν,
1356 3343 1452 3396 καὶ
1476 3343 1800 3409 ἁναῦλύξειν

221 3438 286 3504 ὁρ·
297 3436 559 3506 ωνυμοῦν
582 3438 681 3507 οὐχ
705 3437 1173 3507 ὁποστελλόμενοι.
1199 3438 1477 3509 Διὰγραφε
1501 3439 1557 3494 δὲ
1582 3440 1801 3505 ἁπάσας

221 3526 393 3587 αὑτὰς
419 3526 479 3591 ἐξ
503 3526 683 3579 αὐτῶν
702 3528 982 3582 κάνταῦθα
1006 3530 1113 3581 τῶν
1139 3529 1363 3599 χειλέων
1387 3529 1586 3596 αὐτῶν,
1615 3532 1800 3603 ἄγχων

221 3621 312 3669 καὶ
341 3618 666 3688 ἀπελέγχων
696 3616 915 3681 αὐτούς’
943 3620 1265 3688 ἀπελέγξεις
1293 3622 1348 3674 δὲ
1378 3621 1541 3686 οὕτω,
1574 3623 1672 3693 τὴν
1700 3624 1799 3693 μὲν

216 3708 318 3776 τῆς
352 3710 733 3779 ὲκπορεύσεως
763 3711 1084 3782 διαγράιρων
1114 3714 1458 3784 ὁμωνυμίαν,
1490 3715 1549 3781 ἐξ
1576 3709 1648 3767 ὧν
1677 3715 1800 3769 οὐδὲ

219 3801 379 3853 abaci.
433 3801 809 3871 ἀπαρνοῦνται
861 3805 1065 3873 τρόπον
1121 3806 1301 3874 λέγειν
1357 3806 1644 3876 ὑπάρξεως
1699 3808 1799 3878 τὴν

219 3893 576 3962 ἑκπόρευσιν.
609 3894 671 3946 Ei
704 3895 812 3965 γὰρ
844 3894 1088 3966 διαφέρει
1125 3894 1313 3967 μηὸὶν,
1348 3896 1565 3960 πάντως
1594 3896 1650 3948 δὲ
1678 3896 1799 3949 δια⁸

220 3984 381 4053 φέρει
408 3984 566 4037 οὐδὲν
596 3983 797 4053 τρόπον
827 3985 1007 4053 λέγειν
1037 3987 1321 4056 ὑπάρξεως
1350 3984 1382 4055 ἢ
1411 3985 1670 4054 διαφορὰν
1703 3985 1800 4039 καὶ

221 4076 464 4145 ἰδιότητα
514 4075 831 4145 Πνεύματος
880 4076 980 4146 τὴν
1015 4078 1365 4147 ὲκπόρευσιν,
1412 4078 1446 4146 ἠ
1494 4076 1552 4129 δὲ
1601 4076 1797 4147 ἰδιότης

217 4167 503 4235 ἀκίνητος,
546 4166 579 4235 ἢ
610 4167 724 4228 πῶς
754 4166 820 4219 ἂν
861 4168 1060 4237 ἰδιότης
1104 4167 1285 4239 μείνῃ,
1315 4168 1408 4220 καὶ
1451 4167 1541 4219 τὶν
1574 4168 1798 4220 εἰπόντα

216 4258 314 4307 οὐκ
359 4259 615 4323 ἀγνοεῖς,
668 4258 962 4327 κινουμένη
1022 4259 1116 4311 καὶ
1186 4259 1622 4326 μεταπίπτουσα.
1691 4257 1796 4310 Ποῦ

215 4349 404 4400 lxxiv
465 4347 789 4418 πολυσχιδὴς
849 4345 959 4413 ἕξει
1009 4349 1192 4418 χώραν
1251 4348 1540 4418 ὁμωνυμία
1587 4351 1680 4401 ἐπὶ
1712 4349 1799 4401 λέ-

216 4440 378 4502 ξεως,
416 4441 487 4509 ἢν
520 4440 652 4508 μηδὲ
690 4440 840 4491 αὐτοὶ
875 4442 1075 4509 τρόπον
1126 4439 1305 4505 λέγειν
1342 4434 1628 4509 ὑπάρξεως
1662 4440 1795 4493 ἀνα-

1906 3250 2068 3317 ιίιιιιι,
2091 3266 2158 3305 ex
2200 3251 2361 3307 Patre
2386 3266 2579 3321 nempe
2614 3263 2668 3307 et
2713 3250 2854 3307 Filio
2885 3253 3148 3324 Spiritum
3197 3258 3475 3328 progredi,

1903 3343 2217 3413 provenire,
2251 3343 2480 3411 eﬂ‘undi,
2513 3344 2753 3410 elﬁuere,
2787 3345 3011 3400 exsilire
3045 3347 3099 3400 in
3144 3347 3476 3420 homonyma

1905 3433 2122 3489 trahere
2147 3449 2255 3489 non
2286 3445 2565 3491 verentur.
2589 3435 2849 3507 Expunge
2876 3452 3007 3493 vero
3033 3453 3224 3494 omnes
3255 3454 3478 3496 eorum-

1904 3531 2052 3594 dem,
2101 3543 2206 3585 nec
2263 3530 2499 3584 aliorum
2544 3529 2701 3584 labiis
2725 3529 2813 3584 hic
2839 3545 3060 3601 quoque
3092 3533 3241 3602 ipsos
3277 3535 3478 3603 praefo-

1904 3639 2037 3679 cans
2066 3633 2117 3679 et
2147 3622 2423 3678 refellens.
2465 3619 2700 3675 Refellcs
2725 3636 2854 3676 vero
2890 3622 2997 3677 hoc
3026 3625 3210 3690 modo,
3241 3640 3470 3695 proces-

1903 3713 2075 3771 sionis
2130 3711 2541 3782 homonymiatn
2596 3710 2662 3765 ad
2729 3711 2852 3765 illos
2908 3712 3186 3780 rejieiens,
3225 3715 3315 3782 qui
3375 3729 3477 3769 nec

1905 3807 2079 3875 ipsam
2119 3802 2411 3871 abnegant,
2433 3815 2558 3856 cum
2588 3811 2859 3867 asserant,
2888 3801 3109 3855 modum
3141 3803 3476 3858 exsistentiae

1902 3909 2024 3950 esse
2054 3892 2478 3963 processiouem.
2509 3890 2645 3945 Nam
2696 3891 2742 3943 si
2778 3890 2831 3944 in
2877 3889 3028 3944 nulla
3061 3905 3120 3946 re
3152 3890 3350 3957 dim-rt,
3381 3904 3479 3947 aut

1903 4001 2013 4041 non
2051 3984 2231 4039 dill'ert
2268 3983 2485 4037 modum
2535 3982 2717 4037 dicere
2756 3981 3112 4047 exsisteutiae,
3160 3982 3276 4037 sive
3321 3982 3477 4037 diae-

1903 4078 2135 4132 rentiam
2171 4080 2223 4130 et
2253 4074 2637 4145 preprietatem
2672 4073 2911 4143 Spiritus
2933 4076 3363 4143 processionem,
3422 4086 3479 4130 et

1907 4166 2213 4237 proprietas
2239 4167 2460 4220 immota
2491 4173 2695 4226 manet,
2731 4175 2824 4219 aut
2857 4165 3135 4234 quomodo
3169 4167 3475 4236 proprietas

1904 4257 2292 4329 perseverabit,
2324 4271 2499 4325 neque
2524 4256 2652 4311 dicti
2694 4264 2974 4311 auctorem
3005 4256 3247 4326 ignoras,
3278 4258 3325 4311 si
3359 4273 3476 4313 mo-

1906 4361 2084 4415 retur,
2123 4356 2176 4402 et
2204 4363 2270 4402 ex
2326 4363 2433 4402 uno
2486 4346 2538 4399 in
2588 4346 2734 4400 aliud
2787 4346 3049 4401 concidit.
3108 4344 3209 4401 Ubi
3256 4347 3474 4402 interim

1910 4440 2194 4501 multifida,
2226 4448 2278 4492 et
2320 4438 2373 4491 in
2429 4437 2632 4491 multos
2684 4449 2801 4491 sese
2831 4435 3172 4505 significatus
3209 4450 3473 4491 exserens

216 4530 508 4581 ἵέιλλονται
537 4546 552 4592 ς
598 4529 678 4581 Τὰ
707 4529 800 4581 δύο
842 4533 950 4600 γὰρ
976 4530 1150 4582 ταῦτα
1200 4530 1329 4582 ῐδιον
1364 4532 1456 4581 καὶ
1497 4529 1674 4581 κοινὸν
1702 4528 1800 4581 ἐπὶ

1905 4532 2084 4586 locum
2138 4530 2353 4586 habebit
2398 4528 2745 4598 ltomonymia
2779 4528 2834 4581 in
2882 4528 3141 4592 dictione,
3185 4543 3348 4598 quam
3377 4545 3477 4585 nec

213 4620 308 4671 τοῦ
339 4620 512 4672 αὑτοῦ
549 4624 690 4673 κατὰ
718 4622 915 4673 ταυτὸν
944 4621 1272 4691 συνδραμεῖν
1292 4622 1401 4672 τῶν
1432 4620 1604 4690 πάντη
1637 4620 1798 4687 ἀνεγ-

214 4711 510 4779 χωρήτων.
564 4711 672 4763 Καὶ
701 4713 728 4763 ὁ
758 4712 914 4763 τοῦτο
951 4710 1328 4764 ἀποδεικνύων
1358 4711 1734 4780 συλλογισμὸς,
1769 4710 1798 4761 ὁ

160 4807 176 4821 ·’
213 4808 280 4870 τῇ
317 4802 469 4851 υέσει
511 4802 602 4852 τοῦ
638 4803 943 4871 ἡγουμένου
978 4802 1038 4853 τὸ
1078 4802 1344 4871 ἑπόμενον
1377 4801 1798 4864 κατασκευάζων

211 4894 390 4945 ἐστίν.
428 4893 494 4943 Ei
526 4909 633 4963 γαρ
689 4894 838 4959 ἴδιον,
872 4894 934 4945 οὑ
972 4894 1167 4957 κοινὸν,
1218 4894 1354 4946 ἀλλὰ
1392 4894 1499 4961 μὴν
1554 4892 1706 4958 ίδιον,
1735 4892 1797 4945 οὐ

214 4984 397 5035 κολιῶν
433 4987 564 5052 ἄρα.

288 5277 366 5336 ς’.
402 5271 516 5342 Τὴν
551 5270 651 5340 μὲν
672 5285 768 5324 ουν
798 5270 905 5339 τῆς
928 5267 1306 5339 ὲκπορεύσεως
1338 5267 1480 5320 οὕτω
1520 5264 1795 5337 διαγράψῃ

215 5365 539 5434 ὁμωνυμίαν
567 5379 579 5394 ·
627 5362 726 5424 τὰς
769 5361 824 5415 δὲ
863 5361 973 5415 τῶν
1018 5361 1528 5431 ἀναγεγραμμένων
1576 5357 1794 5425 λέξεων,

213 5457 372 5520 ἐπὰν,
426 5456 519 5507 τὸν
567 5455 667 5523 τῆς
704 5455 1023 5523 ὁμωνυμίας
1078 5453 1234 5520 λόγον
1285 5454 1484 5514 αὐτοὺς
1523 5450 1792 5512 ἀπαιτῶν,

210 5547 488 5613 λεγόντων
532 5545 666 5598 ἀκού
680 5562 739 5615 τις
771 5546 949 5598 αὐτῶν
977 5547 1073 5608 ὡς,
1108 5546 1170 5598 ιιι
1210 5548 1305 5597 καὶ
1338 5543 1398 5608 ὲξ
1441 5545 1665 5613 ἀμφοῖν,
1699 5542 1793 5594 τοῦ

211 5640 424 5711 Πατρος
472 5637 719 5707 δηλονότι
764 5636 982 5689 καὶτοῦ
1030 5636 1162 5689 Υἱοῦ
1213 5638 1273 5689 τὸ
1305 5636 1525 5706 Πνεῦμα
1572 5635 1788 5702 λέγεται

208 5732 486 5797 προῖἐναι,
520 5729 908 5799 προὶρχεσοαι,
941 5728 1264 5798 προχεῖσθαί
1289 5746 1371 5791 τε,
1400 5727 1668 5798 πηγάζειν
1696 5731 1791 5780 καὶ

207 5824 552 5889 ἁναϐλὺξειν,
586 5820 705 5874 ἀλλ’
732 5821 765 5888 ἡ
800 5823 895 5889 τῆς
924 5822 1261 5890 πατρότητος
1287 5823 1380 5873 καὶ
1412 5821 1651 5888 υἱοτητος
1676 5817 1809 5871 διαον

558 5915 825 5975 ι’Δτιιοι.
871 5916 984 5973 ιὶῐι.
1017 5911 1225 5974 CXLI.

949 6034 983 6064 Α

1903 4623 2000 4692 ipsi
2040 4623 2257 4677 modum
2308 4621 2492 4675 dicere
2532 4619 2864 4675 exsistentie
2912 4629 3197 4690 respuunt.
3228 4619 3353 4675 llam
3401 4624 3479 4675 si-

1903 4712 2122 4783 quidem
2169 4712 2278 4767 duo
2310 4710 2593 4781 proprium
2628 4719 2682 4764 et
2719 4725 3012 4766 commune
3058 4712 3126 4766 tle
3164 4711 3354 4767 eodem
3387 4727 3478 4767 so-

1901 4808 2142 4860 cundum
2198 4805 2338 4868 idem
2386 4803 2557 4869 simul
2627 4817 2957 4857 concurrere
3026 4804 3176 4857 nullo
3228 4819 3474 4874 unquam

1904 4896 2064 4948 modo
2116 4901 2369 4962 possunt.
2428 4892 2497 4946 Et
2549 4892 2652 4947 hoc
2699 4894 2894 4962 probat
2945 4893 3337 4962 syllogismus,
3378 4895 3473 4961 qui

1907 4988 2045 5042 tbesi
2075 4988 2448 5041 antecedentis
2496 5000 2844 5055 consequens
2875 4988 3216 5053 comprobat.
3260 4983 3395 5037 Nam
3426 4984 3475 5037 si

1902 5079 2180 5148 proprium
2208 5087 2312 5140 est,
2342 5091 2631 5131 commune
2666 5090 2776 5130 non
2799 5084 2903 5140 est,
2934 5076 3029 5130 sed
3058 5074 3335 5145 proprium
3366 5086 3471 5139 est,

1900 5187 2008 5225 non
2038 5186 2167 5240 ergo
2212 5184 2504 5227 commune
2534 5179 2639 5226 εει.

1969 5262 2024 5315 6.
2049 5260 2423 5317 Processionis
2445 5260 2632 5330 itaque
2679 5259 3087 5331 ltomonymiam
3118 5259 3200 5315 sic
3234 5255 3468 5312 refelles.

1902 5352 2408 5423 Suprascriptarum
2440 5365 2571 5407 vero
2596 5351 2917 5415 dictionum,
2952 5352 2998 5404 si
3021 5352 3089 5405 ab
3134 5349 3339 5404 eisdem
3372 5349 3471 5401 lio-

1903 5444 2192 5515 monymiae
2240 5444 2503 5498 rationem
2556 5445 2894 5513 poposceris,
2946 5442 3332 5512 respondentes
3370 5454 3471 5492 au-

1898 5538 2015 5593 dies
2039 5557 2052 5591 :
2089 5535 2239 5592 Licet
2263 5551 2331 5591 ex
2360 5546 2610 5606 utroque,
2641 5534 2801 5589 Patre
2824 5534 3028 5589 scilicet
3053 5544 3105 5588 ct
3139 5532 3293 5595 Filio,
3317 5531 3471 5584 dica-

1901 5630 2334 5699 tur'progredi,
2390 5629 2713 5699 provenire,
2792 5628 3081 5696 profundi,
3138 5624 3338 5679 edundi
3414 5640 3469 5679 et

1899 5721 2157 5786 exsilire,
2222 5715 2595 5776 verumtamen
2658 5719 2995 5788 paternitatis
3071 5731 3137 5770 ac
3198 5716 3475 5774 liliatiottis

1897 5813 2201 5871 diﬁcrentia
2237 5814 2388 5880 facit,
2424 5824 2485 5867 ut
2513 5814 2723 5871 similes
2753 5812 3022 5867 dictiones
3043 5811 3112 5865 de
3134 5808 3290 5863 Patre
3306 5810 3469 5865 dictas

2980 5900 3052 5963 12
