4002 6454
566 510 674 571 363

1584 504 1797 570 ῘΟΑΝ.
1837 508 2056 571 VECCI
2092 508 2198 573 (ΖΡ.
2245 506 2752 573 ΡΑΤΒΙΑΒΟΗ.Ε

2250 286 2254 289 Α
2282 283 2335 288 ν-
2366 284 2391 289 .-
2410 279 2533 303 ηις..

3701 518 3822 584 364

570 619 810 689 Spiritus
866 616 1240 673 exsistentiani
1288 616 1589 687 intelligere
1634 618 1785 685 dent,
1841 635 1965 675 cum
2007 621 2130 675 nihil

2244 626 2385 695 φορὰ
2416 624 2511 688 τάς
2543 623 2716 689 λέξεις
2759 621 2961 683 ταύταις
2988 625 3080 677 ἐπὶ
3127 625 3227 693 μὲν
3256 622 3470 698 Πατρδς
3513 626 3828 699 λεγομένας

568 708 825 780 impediat
856 718 909 763 et
957 722 1053 777 per
1086 706 1304 760 modum
1342 708 1697 777 procedendi,
1748 721 1797 763 et
1835 713 2133 766 secundum

566 814 788 856 causam
836 798 956 855 illas
985 798 1180 868 accipi,
1209 798 1277 853 de
1320 798 1480 854 Fillio
1503 814 1632 854 vero
1678 804 1797 857 loco
1824 804 2139 872 suppedita-

563 894 752 958 tionis,
787 890 1053 955 dationis,
1107 890 1412 953 missionis,
1457 891 1766 961 legationis,
1826 895 2139 949 necessario

563 985 756 1055 accipi.
788 983 998 1038 Similia
1032 983 1193 1037 verba
1223 991 1277 1036 tu
1311 984 1600 1053 arripiens,
1632 994 1684 1038 et
1715 985 1951 1055 propriis
1978 985 2138 1041 labiis

561 1087 750 1147 captos
783 1086 996 1140 tenens,
1029 1090 1094 1128 ex
1124 1074 1420 1143 unguibus,
1475 1076 1621 1145 quod
1653 1078 1828 1138 aiunt,
1874 1078 2136 1147 aquilam,

561 1170 872 1225 universam
901 1180 1093 1235 nempe
1116 1166 1302 1220 talium
1325 1167 1628 1220 dictionum
1656 1167 1851 1221 seriem
1869 1184 1933 1221 ex
1954 1168 2136 1233 Patre,

556 1260 705 1332 quod
727 1259 840 1329 jam
867 1258 965 1327 ipsi
996 1257 1326 1319 concedunt,
1363 1256 1599 1328 Spiritus
1640 1259 2015 1313 exsistentiam
2048 1259 2138 1313 in-

558 1350 765 1412 dicare,
796 1362 921 1402 cum
950 1347 1087 1401 nihil
1119 1347 1509 1413 impedimento
1543 1350 1635 1412 ait,
1661 1364 1754 1403 eas
1787 1364 1881 1416 per
1915 1349 2135 1403 modum

557 1440 926 1511 processionis
960 1447 1014 1494 et
1071 1438 1370 1494 secundum
1425 1455 1648 1494 causam
1684 1440 1932 1510 intelligi.
1995 1438 2136 1497 Tum

558 1542 816 1603 praeterea
848 1531 968 1586 illos
999 1530 1453 1601 interrogaveris}:
1477 1531 1558 1584 An
1583 1531 1883 1587 dictionum
1909 1533 2135 1602 seriem,

555 1605 720 1696 quam
751 1633 804 1678 et
845 1623 946 1692 ipsi
976 1621 1044 1678 de
1074 1620 1209 1676 Filio
1258 1620 1515 1687 fatentur,
1582 1624 2026 1693 suppeditationis
2055 1625 2138 1680 in-

554 1729 718 1783 quam
748 1724 797 1767 el
829 1712 1087 1782 dationis,
1127 1712 1411 1767 missionis
1444 1722 1498 1767 et
1525 1713 1840 1784 legationis,
1873 1715 2037 1770 etiam
2067 1729 2135 1771 ex

555 1807 717 1861 Patre
751 1805 858 1859 dici
899 1813 1217 1861 asseverant
1244 1804 1267 1857 ?
1293 1804 1399 1860 Ubi
1428 1805 1478 1858 id
1522 1806 1839 1871 annuerint,
1880 1807 2135 1862 convenit

551 1899 822 1969 siquidem
870 1897 1102 1951 similem
1135 1896 1331 1950 seriem
1361 1910 1426 1950 ex
1464 1893 2127 1966 Patre,quemadmoduin

2236 716 2315 776 εἰς
2347 714 2582 783 δήλωσιν
2611 714 2709 782 τῆς
2753 712 2847 765 τοῦ
2895 713 3210 784 Πνεύματος
3239 717 3478 772 νοεῖσθαι
3532 719 3833 790 ὑπάρξεως

2235 804 2441 870 δίδωσι,
2495 805 2721 876 μηδενὸς
2776 806 3025 875 ἐμποδὼν
3075 806 3211 876 πρὸς
3240 808 3301 861 τὸ
3332 810 3687 881 ὲκπορευτῶς
3730 815 3834 868 καὶ

2238 897 2357 947 κατ’
2389 897 2569 951 αἰτίαν
2616 895 2856 950 νοεῖσθαι
2908 895 3079 959 αὑτὰς
3128 898 3438 967 γινομένου,
3489 901 3583 954 ἐπὶ
3627 901 3688 954 δὲ
3728 901 3833 955 τοῦ

2239 985 2368 1039 Υῐοῦ
2417 987 2541 1041 ἀντὶ
2595 987 2857 1055 χορηγίας
2901 987 2998 1040 καὶ⁹
3053 988 3274 1055 δόσεως,
3323 989 3585 1059 πέμψεώς
3633 1008 3696 1044 τε
3730 996 3837 1046 καὶ

2237 1079 2543 1147 ἀποστολῆς
2565 1078 2868 1145 ἀναγκάζει
2897 1078 3293 1148 λαμϐάνεσθαι.
3327 1079 3544 1135 Τούτων
3572 1082 3685 1151 γὰρ
3704 1082 3835 1137 -τῶν

2235 1170 2410 1239 λόγων
2459 1170 2921 1240 ὲπιδραττὸμενος
2966 1172 3054 1236 σὺ,
3088 1172 3195 1224 κάκ
3227 1170 3339 1224 τῶν
3384 1171 3529 1225 ἰδίων
3570 1173 3675 1245 ῆδη
3709 1191 3835 1243 χει-

2235 1262 2372 1315 λέων
2417 1262 2805 1331 ἁλισκομένους
2849 1261 2987 1332 ἔχων
3016 1263 3237 1327 αὐτοὺς,
3286 1262 3346 1327 ἐξ
3385 1262 3594 1334 ὀνύχων
3642 1281 3733 1327 τις
3764 1266 3833 1319 ἂν

2234 1354 2378 1408 εῖποι
2420 1352 2513 1407 τὸν
2565 1353 2743 1421 ἀετὸν,
2775 1355 2860 1423 ἐφ’
2899 1348 2981 1416 οἷς
3018 1357 3198 1407 πᾶσαν
3251 1354 3351 1426 τὴν
3404 1355 3513 1409 τῶν
3561 1358 3832 1409 τοιούτων

2233 1444 2435 1511 λέξεων
2484 1445 2795 1517 συστοιχίαν
2835 1446 2933 1516 τὴν
2976 1448 3041 1498 ἐκ
3086 1446 3297 1517 [ἰατρὸς
3345 1446 3673 1517 ὁμολογοῦσι
3727 1433 3830 1500 τοῦ

2234 1530 2554 1602 Πνεῦματος
2581 1533 2775 1602 δηλοῦν
2822 1531 3079 1604 ὓπαρξιν,
3117 1537 3345 1605 μηδενὸς
3389 1533 3642 1605 ἐμποδὼν
3682 1538 3829 1604 πρὸς

2231 1626 2294 1678 τὸ
2321 1625 2667 1695 ἐκπορευτῶς
2699 1625 2794 1677 καὶ
2826 1625 2947 1678 κατ’
2982 1627 3160 1680 αἰτίαν
3203 1625 3438 1680 νοεῖσθαι
3480 1626 3650 1689 αὐτὰς
3676 1643 3832 1695 γινο-

2236 1715 2421 1785 μένου,
2454 1717 2601 1786 ὲρεῖν
2651 1715 2731 1768 ἔτι
2780 1720 3254 1788 προσαπαιτήσεις
3313 1718 3547 1783 αὐτοὺς,
3601 1719 3651 1769 si.
3725 1717 3829 1784 τὴν

2234 1807 2492 1879 ῥηθεῖσαν
2522 1807 2687 1877 ἀλλην
2729 1806 2840 1859 τῶν
2874 1807 3070 1873 λέξεων
3101 1808 3435 1879 συστοιχίαν,
3469 1809 3562 1861 καὶ
3595 1807 3694 1859 ἐπὶ
3727 1806 3826 1860 τοῦ

2236 1898 2368 1952 Υίοῦ
2401 1898 2531 1968 παρ’
2571 1898 2749 1952 αὐτῶν
2794 1898 3233 1969 ὁμολογουμένην
3270 1900 3368 1969 τὴν
3416 1900 3514 1969 τῆς
3548 1898 3826 1970 χορηγίας

498 2025 502 2029 -
549 2002 607 2049 et
634 2007 699 2046 ex
725 1990 862 2044 Filio
893 1991 961 2044 de
995 1987 1199 2059 Spiritu
1230 1990 1372 2054 dici;
1402 1989 1810 2059 interrogationi
1834 1999 2125 2046 annectes:

2232 1993 2324 2042 καὶ
2352 1989 2575 2052 δόσεως,
2612 1989 2873 2059 πέμψεώς
2904 2007 2986 2055 τε,
3012 1993 3179 2062 φημὶ,
3211 1994 3306 2045 καὶ
3334 1992 3661 2061 ἀποστολῆς,
3690 1993 3821 2062 ὁμο-

554 2087 636 2141 An
686 2084 923 2137 similem
958 2082 1155 2136 seriem
1189 2080 1646 2149 suppeditationis
1679 2082 1905 2152 inquam
1951 2093 2004 2137 et
2034 2084 2131 2137 da-

553 2174 741 2237 tionis,
765 2180 821 2228 et
852 2171 1153 2234 missionis,
1197 2179 1253 2225 et
1281 2169 1588 2241 legationis,
1613 2171 1667 2224 in
1703 2171 1915 2226 duabus
1943 2187 2132 2242 perso-

552 2267 663 2331 nis,
694 2282 816 2335 quae
836 2263 1134 2320 secundum
1170 2262 1396 2333 gratiam
1440 2272 1546 2326 est,
1572 2263 1640 2316 “in
1681 2262 1877 2332 dignos
1924 2263 2133 2334 signifi-

557 2372 685 2413 care
746 2355 984 2426 Spiritus
1045 2367 1330 2409 accessum
1383 2351 1697 2407 fateantur?
1751 2362 1806 2408 et
1840 2365 2130 2425 postquam

554 2452 869 2508 eorumdem
913 2449 1078 2505 etiam
1115 2450 1168 2502 iii
1201 2449 1285 2503 his
1332 2461 1619 2502 assensum
1671 2448 1969 2516 habueris;
2003 2437 2129 2502 nam

550 2556 729 2613 neque
771 2541 827 2595 iii
881 2540 966 2595 his
995 2539 1267 2609 quispiam
1316 2552 1437 2597 sese
1486 2547 1754 2608 opponet;
1798 2549 2129 2609 postremam

553 2634 693 2691 hanc
724 2630 1205 2700 interrogationem
1246 2629 1506 2684 adversus
1551 2630 1698 2699 ipsos
1732 2630 2013 2685 servabis:
2047 2630 2129 2685 An

550 2725 714 2780 talem
746 2737 938 2777 rursus
987 2720 1181 2775 seriem
1223 2720 1338 2790 pari
1382 2719 1567 2799 modo,
1596 2719 1725 2773 dum
1757 2721 1823 2775 de
1865 2720 2131 2776 distribu-

551 2816 699 2871 tione
729 2828 911 2870 sermo
953 2821 1058 2875 est,
1117 2810 1265 2865 Patii
1301 2809 1550 2882 Filioque
1601 2811 1949 2866 attribuant?
1995 2812 2132 2869 Cum

553 2909 656 2961 hoc
710 2917 930 2975 quoque
976 2900 1386 2965 concesserint,
1434 2903 1516 2956 sic
1565 2900 1916 2970 postmodum
1953 2902 2134 2959 nullus

552 2999 647 3052 tibi
686 2998 841 3050 labor
892 2993 1256 3049 assumendus
1294 3003 1398 3056 e5t,
1453 2994 1718 3048 conllctas
1747 2994 1815 3049 ab
1863 2995 1997 3064 ipsis
2034 2993 2135 3050 lio-

564 3086 869 3157 monyinias
898 3083 1165 3139 refellere.
1199 3082 1447 3152 Namque
1475 3090 1600 3152 post
1622 3084 1772 3149 data,
1823 3099 2137 3155 proponen-

551 3179 718 3239 tibiis,
749 3177 873 3230 licet
903 3175 1077 3229 ambae
1125 3174 1238 3245 jam
1292 3176 1480 3244 positae
1529 3175 1831 3229 dictionum
1880 3176 2049 3232 series
2080 3184 2136 3231 et

548 3285 614 3323 ex
638 3267 800 3322 Patre
836 3277 888 3321 et
922 3283 988 3321 ex
1024 3265 1162 3321 Filio
1206 3276 1592 3321 asseverentur
1624 3276 1901 3322 :attamen
1948 3278 2132 3338 pater-

551 3359 741 3414 iiitatis
777 3373 840 3411 ac
862 3357 1163 3427 .ﬁliationis
1189 3355 1552 3410 diﬁerentiam
1588 3358 1780 3411 seriem
1810 3336 1977 3422 illam,
2004 3374 2127 3428 quae
2154 3336 2201 3399 (ἶ

551 3446 988 3502 distributionem
1034 3446 1335 3513 signiﬁcat,
1392 3460 1499 3497 non
1542 3444 1803 3514 impedire
1870 3447 2125 3500 unionem

549 3539 733 3596 Patris
763 3547 816 3593 et
872 3537 1024 3600 Filii,
1085 3539 1310 3592 alteram
1363 3553 1513 3605 vero,
1541 3553 1660 3608 quae
1706 3549 1791 3593 est
1849 3540 2127 3609 progredi,

549 3629 863 3700 provenire,
901 3626 1134 3690 effundi,
1184 3627 1458 3697 profundi,
1510 3636 1566 3681 et
1599 3628 1841 3694 exsilire,
1875 3628 1931 3682 in
1966 3627 2127 3685 Patre

549 3722 768 3792 quidem
820 3719 1066 3789 intelligi,
1123 3718 1193 3772 ad
1244 3718 1541 3773 notandam
1590 3717 1828 3789 Spiritus
1857 3721 2128 3776 exsisten-

549 3813 701 3875 tiam,
741 3810 794 3864 in
833 3808 972 3864 Filio
1005 3810 1129 3863 loco
1160 3809 1639 3879 suppeditationis,
1685 3809 1949 3877 datioiiis,
1990 3812 2125 3866 mis-

547 3903 746 3966 sionis,
778 3911 833 3956 et
880 3900 1170 3970 legationis
1212 3902 1524 3956 necessario
1572 3903 1770 3972 accipi,
1826 3912 1949 3973 tuin
1996 3917 2123 3956 cum

547 3995 747 4049 tiducia
781 4002 835 4047 et
865 3993 1115 4047 libertate
1158 4006 1353 4061 magna
1386 3992 1627 4057 dicendi,
1675 3993 1720 4046 0
1762 3994 1935 4059 stulti,
1991 3993 2126 4063 ipsis

552 4086 790 4153 inquies,
831 4093 886 4138 et
912 4084 1212 4148 maximam
1239 4082 1452 4138 Satanae
1482 4084 1537 4137 in
1566 4084 1798 4139 fovendo
1826 4101 2127 4155 propagan-

550 4179 735 4247 doque
786 4176 1160 4232 Ecclesiaruin
1214 4177 1514 4231 schismate
1549 4177 1967 4232 similitudinem
2015 4194 2126 4248 prae

548 4283 646 4323 vos
692 4267 955 4342 ferentes,
1014 4269 1062 4322 si
1091 4267 1163 4323 ob
1206 4269 1549 4336 paternitatis
1587 4278 1643 4323 et
1673 4268 1950 4323 liliationis
1973 4268 2127 4324 diﬁc-

550 4360 803 4422 i-eiitiam,
859 4371 939 4411 eis
991 4371 1113 4426 quae
1174 4357 1242 4412 de
1308 4358 1472 4411 Patre
1494 4357 1757 4412 dicuntur
1813 4358 2120 4423 dictiones,

546 4448 858 4518 significant
906 4446 1145 4517 Spiritus
1191 4448 1565 4502 exsisteiitiain
1597 4488 1613 4515 ,
1666 4458 1722 4503 et
1752 4450 2123 4517 processionis

547 4541 655 4593 viiii
686 4539 995 4603 continent,
1027 4549 1084 4592 et
1131 4553 1358 4592 causam
1386 4540 1720 4608 exprimunt,
1770 4540 1824 4592 iii
1859 4541 2125 4608 homony-

480 4632 519 4725 Ὗ
550 4645 700 4683 inuiti
759 4630 1128 4682 immutantur
1179 4628 1236 4682 iii
1294 4627 1467 4694 Filio,
1490 4645 1580 4683 ea:
1614 4643 1852 4698 quoque,
1883 4644 2003 4697 quae
2056 4629 2121 4684 ad
2156 4668 2203 4727 ο

550 4717 1002 4772 niauifestaiidaui
1030 4718 1467 4773 distributionem
1489 4718 1724 4788 Spiritus
1745 4729 2120 4786 assumuntur,

514 4805 520 4814 '
551 4808 774 4878 perinde
800 4809 1061 4862 valerent.
1092 4810 1165 4862 At
1188 4824 1334 4867 nunc
1368 4825 1478 4865 non
1505 4811 1557 4863 id
1587 4816 1691 4875 est,
1731 4811 1825 4865 sed
1857 4818 1917 4863 ut
1959 4812 2128 4865 bene-

551 4901 674 4955 vole
699 4915 795 4957 vos
828 4908 1081 4970 gerentes
1112 4901 1319 4969 dicitis,
1372 4915 1538 4955 unam
1569 4903 1768 4955 seriem
1813 4902 2122 4970 aequaliter,

550 5003 604 5046 et
631 4996 841 5060 absque
877 4991 988 5045 ullo
1010 4993 1329 5047 discrimine
1356 4992 1424 5046 ad
1458 4993 1756 5045 notandam
1789 4992 2130 5048 distributio-

554 5100 676 5139 ncin
711 5083 947 5153 Spiritus
968 5099 1034 5138 ex
1062 5081 1224 5138 Patre
1254 5091 1309 5137 et
1339 5098 1403 5136 ex
1436 5081 1575 5137 Filio
1596 5083 1840 5146 decerni,
1859 5096 1914 5139 et
1945 5093 2125 5139 tamen

554 5190 652 5228 vos
671 5176 772 5243 ipsi
793 5189 960 5227 uiiuui
981 5172 1220 5242 Spiritus
1259 5173 1744 5243 suppeditatorem,
1783 5183 1839 5229 et
1856 5175 2123 5240 datorem,

551 5276 608 5319 et
639 5262 881 5334 Spiritus
933 5264 1213 5319 missionis
1264 5277 1318 5317 et
1343 5263 1629 5333 legationis
1658 5264 2122 5335 causaiiihPatrem

547 5356 708 5411 fateri
761 5368 815 5412 et
859 5356 1057 5411 Filium
1108 5371 1216 5411 non
1267 5358 1556 5413 recusatis.
1587 5355 1878 5423 Quomodo
1934 5359 2123 5428 igitur,

546 5460 599 5503 et
624 5454 695 5504 ob
725 5463 891 5518 quam
919 5459 973 5502 et
1014 5448 1231 5517 qualem
1254 5448 1547 5513 rationem,
1584 5451 1885 5505 dummodo
1927 5452 2006 5505 uti
2031 5438 2147 5506 vos.

549 5542 620 5594 ob
697 5539 1100 5609 improbitatem
1135 5553 1281 5592 -iiou
1336 5540 1586 5595 excutiant
1645 5541 1920 5609 quispiam
1953 5580 1970 5605 ,
2030 5543 2123 5595 uni

551 5631 710 5686 seriei
745 5632 800 5684 iii
829 5641 1061 5699 utroque
1103 5630 1401 5700 aequabiles
1428 5632 1573 5685 vires
1622 5634 1913 5696 concedat,
1962 5633 2122 5687 alteri

551 5721 885 5791 denegabit?
918 5723 1081 5779 Pater
1103 5734 1191 5777 est
1226 5731 1391 5789 atque
1413 5720 1587 5776 Filius
1619 5725 1712 5791 qui
1747 5726 2122 5792 suppeditant,

554 5814 798 5876 mittunt,
845 5812 1000 5876 dant,
1027 5812 1236 5881 legant.
1264 5823 1320 5864 et
1361 5812 1450 5866 hic
1495 5813 1798 5879 paternitas
1827 5824 1882 5867 et
1934 5815 2124 5868 liliatio

554 5915 666 5956 non
687 5902 990 5971 impediunt
1005 5902 1489 5972 suppeditatiouis,
1514 5900 1772 5973 dutionis,
1821 5906 2123 5974 missionis,

2232 2082 2448 2150 λογοῦσι
2481 2082 2576 2136 καὶ
2622 2084 2685 2134 ὲκ
2718 2082 2933 2153 [ἰατρὸς
2966 2083 3256 2152 λέγεσθαι;
3291 2083 3590 2138 Κάνταῦθα
3638 2099 3817 2137 συν-τι·

2232 2171 2494 2242 θεμένων,
2526 2172 2869 2226 συντίθενται
2898 2173 3007 2245 γὰρ
3049 2174 3144 2227 καὶ
3171 2175 3271 2244 τήν
3310 2174 3570 2244 τοιαύτην
3603 2191 3818 2226 συστοι-

2230 2261 2375 2332 χίαν,
2404 2264 2497 2316 καὶ
2532 2264 2597 2316 ὲκ
2627 2265 2841 2335 Πατρδς
2874 2251 3125 2334 καθάπερ
3172 2263 3266 2318 οὖν
3296 2266 3391 2318 καὶ
3416 2266 3476 2331 ἐξ
3525 2264 3656 2319 Υἱοῦ
3687 2267 3822 2336 περὶ

2229 2352 2324 2405 τοῦ
2360 2352 2677 2423 Πνεύματος
2703 2353 2979 2420 λέγεσθαι,
3012 2353 3374 2424 προσεπάξεις
3408 2357 3476 2425 τῇ
3511 2355 3818 2426 ἐρωτήσει,

2232 2444 2281 2496 εί
2317 2444 2415 2516 τὴν
2461 2444 2720 2514 τοιαύτην
2766 2445 3076 2516 συστοιχίαν
3121 2446 3221 2516 τὴν
3252 2443 3369 2515 ,τῆς
3413 2445 3680 2517 χορηγίας
3725 2448 3819 2499 καὶ

2231 2535 2454 2602 δόσεως,
2501 2535 2764 2607 πέμψεὼς
2822 2553 2904 2603 τε,
2962 2536 3291 2607 φημὶικαὶ
3356 2536 3669 2607 ἀποστολῆς
3729 2538 3819 2592 ἐπ’

2235 2629 2437 2698 ἀμφοῖν
2464 2632 2580 2682 τοῖν
2614 2627 2924 2699 προσώποιν
2947 2628 3044 2700 τὴν
3068 2628 3209 2682 κατὰ
3230 2628 3390 2701 χάριν
3416 2631 3473 2683 ὲν
3506 2633 3618 2694 τοῖς
3645 2630 3810 2695 ἀξίοις

2233 2718 2426 2789 δηλοῦν
2462 2720 2784 2790 ὁμολογοῦσι
2820 2722 2915 2776 τοῦ
2947 2721 3268 2792 Πνεῦματεί
3299 2721 3669 2792 ὲπιφοῖτησιν.
3699 2722 3818 2775 Κά-

2241 2811 2432 2864 πειδάν
2457 2811 2557 2883 τὴν
2590 2813 2771 2867 αὐτῶν
2796 2813 2935 2868 κάπὶ
2963 2811 3334 2884 τούτοιςᾚξη
3364 2812 3669 2867 ὲπίνευσινο
3694 2812 3819 2867 οὐδὲ

2235 2903 2343 2973 γὰρ
2368 2902 2479 2956 οὐδ’
2523 2905 2615 2956 ἐπὶ
2642 2904 2852 2969 τούτοις
2879 2906 2906 2957 ὸ
2949 2902 3255 2974 ἀντιλέγων
3299 2922 3381 2958 σοι
3422 2904 3599 2960 ἔσται·
3626 2905 3821 2960 τελευ-

2233 2993 2396 3047 ταίαν
2420 2993 2554 3064 πρὸς
2588 2996 2785 3058 αὐτοὺς
2814 2997 3076 3067 τηρήσεις
3099 2994 3389 3071 ἐρώτησιν,
3413 2997 3461 3049 εἰ
3492 2996 3590 3068 τὴν
3628 2996 3825 3050 τοιαῦ-

2235 3102 2334 3156 την
2356 3085 2519 3139 πάλιν
2541 3087 2851 3157 συστοιχίαν
2874 3088 3069 3156 ὲπίσης
3093 3088 3234 3141 κατά
3260 3105 3322 3156 γε
3349 3089 3409 3141 τὸ
3429 3089 3820 3159 διανεμητικὸν

2235 3177 2312 3247 τῷ
2349 3177 2526 3248 Πατρὶ
2556 3175 2755 3229 διδόασι
2792 3177 2888 3229 καὶ
2927 3176 3007 3247 τῷ
3038 3175 3192 3247 Υἱῴ;
3236 3175 3516 3230 καὶτοῦτο
3562 3177 3823 3230 διδόντων

2236 3267 2441 3332 αὐτῶν,
2466 3267 2567 3335 ὅρα
2590 3266 2775 3319 λοιπὸν
2798 3269 2891 3319 καὶ
2915 3267 3134 3336 ἐφεξῆς,
3164 3266 3217 3318 εἴ
3236 3268 3318 3331 τίς
3346 3284 3427 3320 σοι
3455 3268 3612 3331 πόνος
3637 3268 3821 3332 ἔσται,

2228 3357 2327 3419 τάς
2380 3359 2561 3421 αὐτοῖς
2621 3358 3014 3428 πεπλασμένας
3085 3358 3410 3428 ἀπελέγχειν
3467 3361 3763 3429 ὁμωνυμία
3782 3380 3819 3423 ,'.

2230 3449 2382 3504 Μετά
2409 3449 2518 3521 γὰρ
2548 3449 2618 3503 τά
2651 3449 3047 3520 ὡμολογημένα
3078 3451 3451 3520 ἐνισταμένων
3500 3451 3684 3504 αὐτῶν
3713 3451 3820 3516 ὡς,

2229 3541 2279 3593 εί
2314 3541 2408 3593 καὶ
2435 3541 2740 3612 ἀμφότεραι
2770 3543 2824 3593 ai
2872 3542 3162 3610 εἰρημέναι
3196 3540 3305 3593 τῶν
3351 3540 3550 3604 λέξεων
3595 3558 3821 3596 συστοι-

2228 3632 2364 3703 χίαι,
2399 3634 2496 3686 καὶ
2549 3634 2613 3686 ὲκ
2664 3631 2758 3685 τοῦ
2795 3633 3006 3704 Πατρὸς
3056 3630 3433 3701 θεολογοῦνται
3476 3634 3571 3687 καὶ
3604 3638 3670 3686 ἐκ
3719 3635 3820 3688 τοῦ

2229 3721 2383 3789 Υίοῦ,
2439 3722 2555 3777 ἀλλ’
2590 3724 2624 3794 η
2656 3724 2756 3793 τῆς
2789 3725 3126 3794 πατρότητος
3159 3728 3255 3776 καὶ
3281 3726 3530 3793 υίότιγτος
3576 3724 3820 3798 διαιρορά

2227 3818 2295 3886 τῇ
2345 3816 2443 3886 μιᾷ
2471 3815 2577 3869 τῶν
2629 3817 2967 3884 συστοιχιῶν,
2998 3818 3064 3885 τῇ
3114 3815 3213 3885 τῆς
3264 3816 3523 3887 διανομῆς
3566 3816 3818 3899 δηλογότι

2227 3906 2523 3977 δηλωτικῇ,
2573 3905 2737 3977 μηδὲν
2777 3905 3027 3976 ἐμποδὼν
3077 3909 3212 3976 πρὸς
3258 3907 3487 3975 ἑνότητα
3547 3911 3816 3980 γινομένη

2226 3998 2321 4052 τοῦ
2358 3999 2571 4069 Πατρός
2598 4015 2658 4050 τε
2681 3999 2773 4051 καὶ
2801 3997 2892 4051 τοῦ
2917 3997 3072 4061 Υίοῦ,
3096 3998 3332 4066 θατέραν
3360 3998 3562 4062 αὐτῶν,
3588 3999 3688 4068 τὴν
3717 4001 3813 4053 τοῦ

2228 4089 2479 4159 προῗέναι
2519 4089 2682 4158 φημὶ,
2715 4087 3102 4159 προέρχεσθαι,
3138 4086 3481 4157 προχεῖσθαι,
3512 4086 3812 4156 πηγάζειν,

2227 4182 2320 4233 καὶ
2353 4179 2696 4245 ἀναϐλύζειν,
2730 4180 2821 4231 ὲπι
2850 4179 2949 4250 μὲν
2976 4179 3186 4247 Πατρδς
3217 4181 3298 4240 είς
3324 4177 3554 4248 δήλωσιν
3585 4179 3683 4248 τῆς
3714 4178 3813 4231 ⁶τοῦ

2226 4271 2540 4339 Πνεύματος
2584 4270 2821 4323 νοεῖσθαι
2873 4269 3159 4341 ὑπάρξεως
3211 4256 3447 4332 δίδωσιν,
3479 4268 3572 4320 ἐπὶ
3599 4268 3657 4319 δὲ
3707 4269 3812 4322 τοῦ

2226 4359 2356 4413 Υίοῦ
2392 4360 2515 4414 ἀντὶ
2567 4360 2831 4431 χορηγίας
2881 4360 2978 4413 καὶ
3019 4360 3237 4423 δόσεως,
3293 4358 3555 4429 πέμψεώς
3601 4376 3663 4412 τε
3713 4360 3812 4412 καὶ

2226 4448 2554 4519 ἀποστολῆς,
2605 4448 2909 4517 ἀναγκάζει
2956 4448 3352 4519 λαμϐάνεσθαι,
3385 4448 3450 4498 σὺ
3496 4447 3637 4515 μετά
3666 4450 3812 4518 παῤ-

2228 4537 2419 4609 ρησίας
2449 4537 2673 4606 πολλῆς,
2702 4532 2774 4587 Ὦ
2822 4537 3063 4606 μάταιοι,
3095 4535 3229 4604 πρὸς
3263 4536 3464 4599 αὐτοὺς
3516 4537 3684 4603 ἐρεῖς,
3708 4537 3811 4589 καὶ

2229 4629 2429 4700 πολλὴν
2456 4632 2555 4699 τὴν
2582 4628 2678 4681 τοῦ
2705 4629 2882 4681 Σατάν
2919 4614 3210 4697 ὁμοιότητα
3251 4626 3345 4677 ἐπὶ
3373 4630 3441 4695 τῇ
3474 4627 3680 4696 σπουδῇ
3708 4623 3809 4676 τοῦ

2227 4718 2337 4772 τῶν
2385 4718 2723 4787 Ἐκκλησιὼν
2745 4716 3181 4786 ὲπ.δεικνύμενοι
3214 4717 3531 4784 σχίσματος,
3560 4714 3674 4781 εἴγε
3706 4717 3810 4784 τῆς

2227 4810 2564 4879 πατρότητος
2606 4810 2701 4861 καὶ¹
2730 4808 2973 4877 υίότητος
3009 4810 3041 4874 ὴ
3071 4806 3305 4874 διαφορά
3335 4805 3432 4875 τὴν
3457 4804 3566 4857 τῶν
3594 4807 3685 4855 ἐπὶ
3709 4808 3807 4857 τοῦ

2227 4900 2440 4969 Πατρὸς
2484 4899 2581 4950 ἐπὶ
2607 4898 2854 4969 σημασίᾳ
2889 4897 2989 4965 τῆς
3021 4897 3117 4949 τοῦ
3166 4893 3480 4962 Πνεῦματος
3517 4894 3809 4965 ὑπάρξεως

2227 4991 2555 5060 λεγομένων,
2587 4990 2683 5042 καὶ
2705 4988 2766 5041 τὸ
2813 4990 3163 5057 ἐκπορευτῶς
3190 4985 3527 5055 δυναμένων,
3560 4988 3656 5037 καὶ
3681 4983 3807 5036 κατ’

2228 5085 2410 5139 αἰτίαν
2441 5081 2638 5146 λέξεων
2663 5081 3041 5152 ἀπαρίθμησιν
3075 5081 3155 5142 είς
3177 5080 3511 5148 ὁμωνυμίαν
3534 5074 3649 5149 εἶχε
3678 5080 3805 5148 τρέ-

2229 5193 2354 5229 πειν
2378 5177 2472 5227 ἐπὶ
2505 5174 2658 5236 Υὶοῦ,
2716 5177 2812 5226 καὶ
2858 5171 3085 5224 ἐπὶτῶν
3116 5172 3193 5232 είς
3225 5170 3459 5239 δήλωσιν
3496 5170 3596 5239 τῆς
3628 5171 3806 5223 διανο-

2233 5271 2339 5339 μῆς
2377 5268 2805 5337 λαμϐανομένων
2836 5264 2933 5318 τοῦ
2980 5262 3323 5334 Πνεὺματος,
3354 5262 3586 5331 ήδύνατο
3629 5264 3696 5315 ἂν
3740 5263 3805 5316 τὸ

2229 5360 2380 5415 αὐτό.
2420 5360 2534 5412 Νῦν
2559 5359 2617 5411 δὲ
2649 5359 2711 5411 οὐ
2741 5356 2920 5422 τοῦτο,
2952 5356 3066 5408 ἀλλ’
3086 5355 3164 5418 ὡς
3196 5356 3291 5408 καὶ
3332 5355 3489 5424 ὑμεῖς
3532 5353 3687 5408 αὐτοὶ
3708 5356 3800 5409 εῦ-

2227 5453 2632 5522 γνωμονοῦντες
2661 5453 2719 5503 ἐν
2744 5451 2920 5520 τούτῳ
2954 5449 3111 5520 φατὲ,
3137 5450 3171 5515 ὴ
3204 5448 3305 5517 μία
3341 5448 3449 5500 τῶν
3482 5447 3802 5519 συστοιχιῶν

2227 5544 2428 5613 ἐπίσης
2450 5545 2547 5598 καὶ
2567 5542 2690 5612 δίχα
2722 5541 3008 5609 διαστολῆς
3035 5538 3255 5594 οίασοῦν
3278 5538 3348 5591 τά
3388 5554 3451 5605 γε
3479 5540 3558 5603 εἰς
3581 5539 3681 5609 τήν
3703 5538 3801 5609 τῆς

2227 5632 2486 5703 διανομῆς
2513 5631 2607 5685 τοῦ
2631 5631 2770 5684 lived
2779 5645 2948 5700 ματος
2976 5628 3231 5698 δήλωσιν,
3257 5626 3351 5679 καὶ
3374 5628 3438 5679 ὲκ
3466 5627 3560 5679 τοῦ
3589 5625 3801 5697 Πατρὺς

2229 5715 2581 5790 θεολόγείται,
2615 5723 2709 5773 καὶ
2739 5722 2805 5771 ὲκ
2847 5717 2945 5770 τοῦ
2976 5717 3126 5770 Υίοῦ.
3164 5717 3275 5770 Καὶ
3313 5715 3424 5769 οὐδ’
3462 5716 3620 5785 ὑμεῖς
3647 5716 3798 5767 αὐτοὶ

2227 5814 2325 5867 ἕνα
2369 5815 2464 5866 τοῦ
2507 5813 2827 5879 Πνεύματος
2873 5811 3129 5880 χορηγὸν,
3176 5810 3270 5861 καὶ
3320 5809 3520 5877 δοτῆρα
3570 5809 3665 5861 ἕνα
3707 5808 3795 5859 τοῦ

2229 5905 2565 5975 Π,εύματος,
2609 5901 2666 5956 ἓν
2702 5901 2821 5978 ,τῆς
2861 5901 2955 5954 τοῦ
3006 5898 3322 5970 Πνεῦματος
3356 5900 3657 5970 ἀποστολῆς
3708 5915 3794 5950 χαι
