4002 6426
578 364 679 429 367

1598 359 1807 422 JOAN.
1858 361 2065 423 VECCI
2111 363 2221 426 CP.
2264 365 2776 429 PATRIARCIHZ

2482 243 2590 263 “7

3712 362 3831 425 368

568 480 975 547 dignoscantur.
997 473 1074 528 Tu
1095 473 1277 542 itaque
1295 470 1657 536 refutationis,
1683 486 1802 542 quae
1828 487 1923 541 per
1950 472 2127 527 instan

2260 478 2369 530 τῶν
2392 478 2591 543 λέξεων
2641 480 2923 548 λέγεσθαι,
2965 483 3021 534 ἓν
3049 499 3101 535 τι
3131 483 3224 535 καὶ
3259 480 3455 547 ταυτζν
3486 479 3580 532 καὶ
3610 479 3697 531 ἐπ’
3720 480 3834 552 ἀμ-

570 570 702 623 tiam
756 567 834 629 fit,
893 566 1037 621 hisce
1071 565 1630 619 demonstrationibus
1679 576 1873 627 utens,
1928 580 2145 619 omnem

572 658 995 716 commentitiam
1035 656 1445 727 ltomonymiam
1473 671 1742 726 cxpunge.
1781 655 1967 726 Neque
1998 656 2146 710 enim

579 752 674 807 tibi
715 751 823 806 ulla
859 748 1067 804 ratione
1099 763 1238 817 opus
1267 755 1350 801 est
1390 746 1456 801 ad
1494 747 1851 815 rcjiciendas,
1885 762 2023 816 quas
2058 747 2146 801 issi

504 854 510 859 ‘
568 840 942 911 homonymias
966 879 982 904 ,
1016 848 1074 893 ut
1123 837 1375 893 refellant
1417 835 1595 890 Patris
1643 845 1696 890 et
1725 835 1847 889 Filii
1883 835 2143 891 unitatem

566 936 616 987 in
653 947 818 987 causa
868 932 1105 1001 Spiritus
1138 929 1648 985 comminiscuntur.
1684 927 1751 981 Et
1782 930 1844 983 de
1885 929 1984 982 hoc
2020 929 2144 982 uni-

564 1041 716 1079 versa
752 1033 938 1080 nostra
969 1023 1143 1078 oratio
1174 1037 1270 1091 per
1302 1035 1401 1076 nos
1425 1021 1672 1076 absolute
1708 1020 1946 1090 perfecta
1980 1021 2141 1076 tinem

563 1116 769 1181 habuit.

630 1391 685 1445 8.
735 1389 874 1445 Cum
930 1404 1057 1445 vero
1113 1399 1167 1445 et
1220 1389 1461 1444 secundo
1515 1389 1784 1442 instantes
1840 1403 2139 1458 possumus

560 1481 807 1537 refellere
858 1480 1222 1544 adversarios,
1278 1480 1368 1549 qui
1440 1479 1673 1533 similem
1732 1480 2137 1550 bomonymiam

560 1575 765 1628 insulse
805 1583 966 1642 atque
1007 1573 1270 1626 inutiliter
1304 1579 1656 1641 proponunt:
1689 1572 1906 1626 attende
1953 1572 2135 1642 igitur,

556 1668 698 1736 quod
749 1665 879 1730 illis,
923 1664 1047 1719 data
1082 1676 1274 1717 eorum
1319 1663 1705 1730 responsione,
1736 1662 1897 1731 obiici
1937 1670 2133 1731 potest,

554 1759 775 1826 vimque
821 1755 966 1809 illius
1001 1752 1398 1824 apprehende;
1426 1751 1554 1806 Esto
1586 1752 1728 1805 enim
1753 1792 1767 1817 ,
1806 1751 1999 1806 similis
2039 1752 2135 1805 ho-

2253 569 2505 639 φοτέραις
2555 572 2895 641 ἰσοδυνάμως
2929 572 3193 627 δύνασθαι
3239 572 3336 625 καὶ
3379 571 3832 640 ἀμεταποιήτως.

2252 660 2323 711 Συ
2350 660 2506 727 γοῦν,
2540 662 2659 725 ταῖς
2689 662 2782 713 τοῦ
2820 664 2939 716 κατ’
2976 663 3230 717 ἔνστασιν
3275 662 3503 733 ὲλέγχου
3549 661 3836 724 τοιαύταις

2249 748 2559 814 ἀποδείξεσι
2610 751 2913 822 χρώμενος,
2951 756 3135 808 πᾶσαν
3181 752 3577 820 πεπλασμένην
3613 752 3836 821 ὁμωνυ·

2252 837 2384 905 μίαν
2420 839 2713 910 διάγραφε.
2767 843 2994 905 Οὐδενὸς
3024 843 3132 911 γὰρ
3186 841 3267 894 ἔτι
3317 842 3478 911 λόγου
3535 857 3618 894 σοι
3668 840 3837 911 χρεία

2249 931 2386 1000 πρὸς
2411 932 2470 985 τὸ
2489 933 2911 1003 διαγράφεσθαι,
2945 937 3011 1001 ἃς
3044 932 3194 990 οὗτοι
3226 936 3549 1007 ὁμωνυμίας
3576 936 3671 989 ἐπὶ
3712 937 3835 989 δια-

2248 1022 2378 1092 ϐολῇ
2448 1026 2553 1093 τῆς
2595 1026 2689 1078 τοῦ
2724 1027 2938 1097 Πατρὸς
2985 1030 3077 1082 καὶ
3126 1028 3256 1081 Υίοῦ
3317 1028 3572 1096 ὲνότητος
3626 1028 3721 1079 ἐπὶ
3764 1030 3833 1098 τῇ

2246 1116 2399 1186 αἰτίᾳ
2440 1117 2531 1169 τοῦ
2569 1119 2885 1187 Πνεὺματος
2924 1120 3275 1173 πλάττουσιν.
3334 1118 3443 1171 Καὶ
3474 1120 3582 1181 πᾶς
3629 1121 3656 1171 ὁ
3702 1120 3837 1188 περὶ

2243 1204 2436 1257 τούτου
2460 1205 2616 1274 λύγος
2654 1207 2839 1261 λοιπὸν
2872 1211 3102 1274 ἐντελῶς
3143 1210 3276 1279 παρ’
3307 1209 3465 1281 ἡμῶν
3502 1209 3602 1279 ήδη
3643 1207 3834 1260 διεπε-

2247 1297 2419 1367 ράνθη
2452 1316 2548 1353 σοι.

2314 1387 2382 1459 η’.
2441 1391 2592 1444 Ἐπεὶ
2618 1393 2674 1445 δὲ
2706 1395 2800 1447 καὶ
2819 1393 3374 1464 ἁντιπαραστατικῶς
3416 1393 3565 1447 ἔστιν
3590 1391 3834 1458 ἀπελέγ-

2244 1476 2333 1543 ξαι
2368 1479 2496 1543 τοὺς
2540 1481 2922 1551 ἀντιλέγοντας
2944 1523 2959 1547 ,
2996 1482 3183 1546 κακῶς
3229 1482 3325 1535 καὶ
3355 1481 3666 1544 ἀσυντελῶς
3700 1483 3834 1534 ἑαυ-

2246 1571 2356 1632 τοῖς
2370 1571 2468 1640 τὴν
2487 1571 2805 1641 ὁμωνυμίαν
2831 1574 3325 1645 προϐαλλομένους,
3349 1575 3616 1645 πρόσσχες
3638 1575 3705 1646 δὴ
3734 1577 3833 1630 καὶ

2241 1662 2305 1730 τῇ
2342 1662 2829 1733 ἁντιπαραστάσει,
2858 1666 2952 1718 καὶ
2979 1664 3074 1737 τὴν
3112 1666 3171 1733 ἐξ
3199 1667 3373 1735 αὐτῆς
3401 1666 3558 1736 ἰσχὺν
3589 1667 3832 1739 προσλα-

2242 1749 2552 1803 ϐοῦ.Ἐστω
2569 1752 2677 1820 γὰρ
2699 1752 2772 1822 μὴ
2797 1753 3104 1806 πεπλάσθαι
3137 1752 3235 1824 τὴν
3253 1754 3575 1822 ὁμωνυμίαν
3607 1756 3826 1817 αὐτοῖς·

557 1847 829 1916 monymia
880 1845 1250 1900 commentitia
1305 1858 1417 1897 non
1474 1843 1568 1908 sit,
1627 1843 1957 1897 concedatur
2014 1859 2133 1897 vere

2243 1839 2476 1893 δεδόσθω
2502 1814 2717 1912 ἀλῇθὶῡξ
2759 1814 3072 1914 ὁμωνυμεῖν
3122 1814 3215 1897 ἐπὶ
3266 1814 3365 1897 τοῦ
3412 1814 3545 1897 fio?)
3589 1845 3686 1898 καὶ
3736 1814 3832 1899 ἐπὶ

555 1938 786 1993 testibus
820 1936 985 2007 ipsis,
1046 1946 1100 1990 et
1151 1933 1534 1988 defensoribus
1579 1933 1645 1987 de
1689 1931 1827 1987 Filio
1870 1945 1923 1988 et
1954 1933 2135 2001 Patre,

554 2044 673 2099 qua:
699 2035 852 2083 notat
878 2026 1116 2096 Spiritus
1148 2024 1324 2080 sancti
1375 2024 1757 2079 exsistentiam
1783 2062 1799 2089 ,
1836 2025 2137 2080 dictionum

554 2123 750 2178 seriem
786 2117 1195 2188 homonymiam
1252 2116 1553 2171 continere.
1604 2115 1949 2170 Coucedatur
1998 2116 2138 2172 duas

550 2214 857 2267 dictionum
886 2212 1053 2264 series
1085 2208 1150 2261 de
1185 2206 1323 2262 Filio
1354 2207 1407 2260 in
1440 2221 1600 2260 unam
1627 2205 1834 2269 reduci,
1864 2215 1916 2259 et
1948 2222 2138 2263 omnes

555 2304 718 2359 simul
747 2301 1014 2358 dictiones
1059 2301 1124 2355 ad
1158 2301 1450 2355 notandam
1509 2297 1746 2368 Spiritus
1788 2298 2137 2354 distributio.

555 2409 679 2447 nem
720 2394 913 2463 accipi,
942 2392 1077 2446 nihil
1104 2394 1185 2446 vel
1226 2390 1332 2446 hoc
1369 2391 1529 2445 modo
1560 2389 1627 2444 ad
1676 2399 2026 2459 procuratam
2067 2390 2136 2444 ab

554 2487 686 2554 ipsis
747 2485 1091 2554 rejectionem
1148 2482 1370 2537 unionis
1422 2481 1602 2536 Patris
1632 2488 1684 2535 et
1719 2480 1840 2535 Filii
1873 2482 1926 2535 in
1971 2496 2136 2536 causa

546 2577 792 2647 Spiritus
825 2574 1174 2647 homonytnia
1204 2574 1518 2629 contulerit.
1549 2571 1851 2628 Possumus
1888 2573 2037 2628 enim
2065 2587 2136 2627 ex

554 2670 672 2738 ipsa
703 2668 1177 2739 suppeditatione,
1218 2675 1268 2721 et
1314 2666 1532 2721 (latione
1565 2665 1866 2722 secundum
1915 2664 2137 2734 conjec-

553 2758 755 2815 turales
810 2756 1341 2819 demonstrationes,
1400 2770 1520 2824 quae
1551 2770 1620 2809 ex
1673 2755 2137 2822 subsequentibus

554 2850 911 2923 prmeedentia
937 2854 1392 2913 connnonstrant,
1446 2862 1513 2902 ex
1544 2845 1685 2900 Filio
1722 2847 1956 2916 Spiritus
1995 2846 2139 2901 exsi-

553 2946 806 2999 stentiam
859 2946 1209 3005 conﬁrmare,
1264 2941 1407 2994 unde
1444 2940 1719 3010 praedicta:
1749 2954 1926 2995 causa:
1958 2940 2137 2994 unitas

563 3036 935 3105 subsequitur.
969 3035 1031 3087 Et
1061 3050 1167 3104 qua
1216 3033 1425 3086 ratione
1474 3031 1526 3086 id
1577 3032 1689 3094 iiat,
1720 3032 2006 3087 considera
2034 3074 2048 3097 ,
2083 3040 2137 3087 et

552 3124 1047 3179 demonstrationes
1094 3138 1160 3177 ex
1213 3121 1429 3176 duobus
1468 3119 1914 3175 confirnmntibus
1957 3120 2134 3175 modis

2242 1932 2336 1984 τοῦ
2395 1933 2607 2004 Πατρός
2646 1935 2739 1988 ὑπ’
2789 1936 2974 1999 αὐτοῖς
3027 1935 3263 2007 μάρτυσι
3313 1936 3409 1990 καὶ
3463 1934 3827 2006 βεϐαιωταῖς,

2237 2024 2541 2096 δηλωτικὴν
2568 2025 2666 2095 τῆς
2694 2026 2789 2079 τοῦ
2827 2027 3149 2098 Πνεῦματος
3181 2027 3615 2099 λαμϐανομένην
3646 2031 3825 2100 ὑπάρ-

2240 2114 2378 2181 ξεως
2437 2117 2749 2186 συστοιχίαν
2786 2119 2898 2170 τῶν
2934 2119 3169 2183 λέξεοινο
3228 2120 3683 2191 συγκεχωρήσθω
3719 2122 3820 2183 τὰς

2243 2204 2339 2258 δύο
2363 2205 2476 2258 τῶν
2512 2205 2709 2273 λέξεων
2757 2209 3073 2279 συστοιχίας
3127 2210 3207 2271 εἰς
3253 2210 3385 2278 μίαν
3421 2210 3512 2262 ἐπὶ
3548 2209 3643 2263 τοῦ
3692 2209 3823 2264 Υἱοῦ

2240 2295 2599 2364 συνάγεσθαι,
2634 2298 2729 2348 καὶ
2756 2298 2939 2362 πάσας
2970 2298 3105 2368 ὁμοῦ
3134 2299 3233 2361 τὰς
3249 2298 3448 2365 λέξεις,
3467 2300 3549 2363 είς
3581 2300 3824 2371 δήλωσιν

2240 2389 2339 2458 τῆς
2356 2389 2622 2459 διανομῆς
2644 2390 3016 2461 λαμϐάνεσθαι
3038 2390 3136 2445 τοῦ
3153 2392 3475 2462 Πνεύματος
3498 2392 3585 2446 ἐπ’
3616 2394 3825 2463 αὑτοῦ,

2235 2480 2390 2534 οὐδὲν
2445 2481 2568 2534 οὐδὲ
2616 2481 2760 2533 οὕτω
2812 2482 2950 2553 πρὸς
2995 2483 3093 2554 τὴν
3133 2482 3579 2556 σπουδαζομένην
3633 2486 3826 2548 αὐτ-οἶς

2237 2572 2516 2643 ἀναίρεσιν
2572 2575 2669 2644 τῆς
2719 2575 2813 2627 τοῦ
2868 2577 3084 2647 Πατρὸς
3120 2578 3215 2629 καὶ
3248 2575 3382 2629 Υἰοῦ
3437 2577 3695 2648 ἑνότητος
3728 2578 3822 2631 ἐπὶ

2236 2667 2304 2734 τῇ
2354 2665 2506 2735 αἰτίᾳ
2560 2665 2655 2718 τοῦ
2704 2666 3031 2737 Πνεύματος
3095 2669 3129 2739 ή
3183 2668 3474 2738 ὁμωνυμία
3509 2667 3819 2739 δυνήσεται.

2241 2756 2630 2826 Ἐστιγαρδκαὶ
2658 2760 2715 2825 ἐξ
2739 2759 2909 2829 αὐτῆς
2937 2760 3036 2829 τῆς
3053 2759 3319 2831 χορηγίας
3342 2760 3434 2812 καὶ
3454 2760 3654 2823 δόσεως
3680 2759 3827 2813 κατὰ

2236 2847 2336 2910 τὰς
2373 2847 2675 2917 λεγομένας
2720 2849 3122 2918 τεκμηριώδεις
3174 2849 3285 2903 τῶν
3333 2849 3667 2914 ἀποδείξεων
3721 2850 3827 2912 τὰς

2237 2939 2301 2991 ὲκ
2322 2938 2429 2992 τῶν
2457 2930 2697 3010 ὑστέρων
2727 2939 3015 3004 δεικνύσας
3048 2940 3117 2994 τὰ
3147 2942 3410 3014 πρότερα,
3433 2943 3535 3010 τὴν
3580 2941 3641 3008 ἐξ
3690 2940 3825 2996 Υἰοῦ

2237 3031 2516 3098 ἀποδεῖξαι
2572 3033 2668 3085 τοῦ
2723 3032 3040 3104 Πνεῦματος
3097 3033 3357 3105 ὕπαρξιν,
3408 3035 3606 3088 ὁπόθεν
3651 3037 3686 3105 ὴ
3721 3035 3827 3104 τῆς

2237 3125 2539 3194 εἰρημένης
2567 3126 2750 3189 αἰτίας
2782 3126 2972 3196 ἑνότης
3006 3126 3322 3194 συνάγεται.
3367 3128 3476 3182 Καὶ
3505 3129 3656 3190 ὅπως
3678 3128 3826 3190 ἐστὶ,

553 3216 815 3271 deductas
865 3215 1123 3284 excipito.
1176 3215 1358 3268 Altera
1404 3213 1510 3267 erit
1555 3228 1677 3283 qua:
1704 3229 1771 3267 ex
1821 3198 2133 3282 approbatis

2238 3214 2457 3278 σκόπει,
2498 3214 2594 3268 καὶ
2640 3218 2734 3276 τας
2779 3215 3085 3279 ἀποδείξεις
3111 3217 3173 3268 ὲκ
3214 3215 3308 3270 δύο
3329 3216 3438 3271 τῶν
3462 3217 3827 3271 πιστωτικῶν

553 3325 646 3378 per
681 3308 962 3378 theologos
996 3308 1062 3361 de
1106 3316 1294 3361 sancta
1327 3304 1544 3370 Triade,
1581 3319 1680 3359 nec
1707 3305 1774 3360 ab
1799 3305 1928 3375 ipsis
1959 3319 2130 3374 Oppo-

554 3400 811 3454 nentibus
866 3398 1144 3467 denegatis
1171 3437 1186 3460 ,
1220 3412 1326 3466 qua
1375 3398 1848 3459 demonstratione
1888 3397 1966 3451 nil
1994 3398 2130 3450 vali—

552 3492 720 3555 dius,
785 3490 876 3560 qui
944 3488 1213 3544 similibus
1286 3489 1622 3557 capiuntur,
1678 3489 2127 3558 excogitaverint.

552 3585 760 3645 Altera,
800 3596 973 3649 neque
1023 3581 1166 3633 enim
1208 3581 1307 3633 hoc
1339 3595 1368 3631 ιι
1404 3582 1603 3649 pietate
1648 3581 1884 3635 alienum
1933 3591 2036 3645 est,
2065 3598 2132 3635 ex

555 3672 733 3735 nobis,
768 3686 888 3723 cum
925 3685 1047 3738 quae
1074 3684 1237 3738 supra
1290 3669 1389 3722 nos
1434 3679 1583 3732 sunt,
1634 3685 1696 3723 ex
1732 3670 1795 3724 iis
1826 3684 1945 3738 quin
1973 3679 2132 3723 natu-

553 3765 736 3817 raliter
782 3764 1039 3817 eveniunt
1083 3761 1314 3833 singulis
1360 3763 1580 3826 diebus,
1617 3770 1673 3816 et
1705 3763 1962 3817 ommbus
2001 3772 2131 3816 nota

552 3864 719 3917 sunt,
750 3864 1083 3908 assumatur.
1121 3852 1184 3906 Et
1208 3855 1319 3924 jam
1370 3854 1658 3922 positione,
1702 3869 1823 3922 qua:
1871 3853 2132 3922 dignitate

552 3949 724 4016 prima
753 3955 855 4010 est,
892 3953 1111 4014 praeeat.
1143 3944 1210 4001 Ut
1246 3960 1376 3999 vero
1411 3945 1653 4000 feliciter
1682 3961 1803 4014 quae
1830 3947 1977 4003 circa
2008 3962 2129 4001 eam

551 4047 679 4096 sunt
710 4040 1025 4102 succedant,
1054 4038 1147 4092 tibi
1182 4038 1325 4093 illius
1350 4039 1746 4094 absolutionem
1774 4039 2127 4108 deponentes,

554 4133 659 4187 Loc
712 4133 872 4185 modo
925 4130 1225 4185 orationem
1278 4131 1562 4201 digerenti,
1611 4146 1731 4184 eam
1771 4132 2038 4198 expiscari
2078 4140 2131 4184 et

554 4221 800 4276 invenire
832 4221 1196 4291 suggerimus.
1230 4220 1476 4274 Primum
1515 4222 1617 4274 hoc
1653 4221 1759 4275 illis
1786 4222 2127 4274 enuntiatum

553 4314 939 4383 interrogando
968 4326 1260 4382 proponas.
1294 4313 1375 4364 An
1406 4310 1619 4365 Patrem
1648 4315 1951 4367 naturalem
1981 4314 2132 4368 dato-

552 4420 688 4469 rem,
721 4415 769 4458 et
808 4406 1106 4459 naturalem
1139 4403 1626 4473 suppeditatorcm,
1661 4420 1782 4474 qua:
1810 4406 1953 4476 apud
1980 4408 2127 4475 ipsos

2234 3308 2328 3358 καὶ
2360 3307 2528 3369 αὐτὰς
2570 3314 2788 3377 τρόπων
2844 3310 3137 3378 γινομένας
3185 3326 3268 3361 σοι
3301 3309 3564 3378 λάμϐανε.
3610 3309 3678 3363 Ἦ
3722 3312 3826 3380 μὲν

2235 3394 2342 3464 γὰρ
2384 3396 2444 3461 ἐξ
2476 3396 2659 3449 αὐτῶν
2709 3395 2800 3449 ἐπ’
2836 3398 3009 3468 αὐτῆς
3048 3398 3148 3468 τῆς
3179 3397 3339 3466 ἁγίας
3376 3396 3711 3467 θεολογικῶς
3744 3402 3824 3452 εἰ·

2237 3486 2490 3554 ρημένων
2521 3487 2748 3558 Τριάδος
2770 3487 2864 3540 καὶ
2892 3489 3045 3558 παρὰ
3071 3488 3181 3543 τῶν
3211 3488 3604 3558 ἀντιλεγόντων
3635 3491 3825 3544 αὐτῶν

2231 3575 2692 3653 ὡμολογημένων,
2725 3574 2794 3652 ἦς
2821 3580 2885 3650 δὴ
2909 3580 3243 3645 ἀποδείξεως
3273 3580 3426 3636 οὐδὲν
3468 3580 3824 3653 ἰσχυρότερον

2233 3670 2280 3720 οἰ
2311 3669 2440 3739 περὶ
2467 3671 2534 3723 τὰ
2584 3671 2807 3725 τοιαῦτα
2864 3672 3251 3743 ἐξακριϐοῦσιν
3282 3658 3820 3744 ὲπτοημῖνοι.γενήι

2235 3776 2419 3813 σεται·
2449 3762 2482 3830 ἡ
2508 3760 2675 3832 ἑτέρα
2698 3762 2756 3815 δέ
2792 3779 2876 3832 γε,
2903 3764 3023 3816 οὐδὲ
3060 3764 3170 3835 γὰρ
3200 3763 3322 3817 οὐδὲ
3346 3763 3505 3818 τοῦτο
3533 3764 3631 3833 τῆς
3661 3766 3824 3818 εὐσε-

2234 3850 2385 3913 ϐείας
2428 3851 2734 3921 ἀλλότριον,
2765 3854 2830 3905 ὲκ
2877 3853 2989 3906 τῶν
3043 3856 3163 3908 καθ’
3188 3855 3355 3926 ἡμᾶς,
3397 3856 3485 3908 ὅτε
3513 3855 3711 3926 δηλοῦν
3752 3857 3824 3907 τὰ

2234 3940 2375 4012 ὑπὲρ
2398 3942 2543 4011 ἡμᾶς
2583 3944 2648 3997 ὲκ
2681 3944 2790 3999 τῶν
2809 3946 3055 4013 φυσικῶς
3080 3946 3200 3999 καθ’
3230 3947 3469 4016 ἑκάστην
3489 3948 3818 4017 γινομένων,

2235 4038 2324 4089 καὶ
2357 4038 2520 4090 πᾶσιν
2553 4037 2915 4110 ἐγνωσμένων
2957 4040 3317 4111 ληφθήσεται.
3351 4039 3462 4095 Καὶ
3506 4040 3570 4113 δὴ
3618 4040 3820 4111 πρώτη

2232 4124 2329 4193 τὴν
2366 4124 2534 4191 θέσιν,
2567 4128 2599 4198 ἡ
2630 4129 2723 4181 καὶ
2770 4128 2870 4199 τὴν
2898 4128 3053 4194 ἀξίαν
3095 4129 3287 4201 πρώτη
3315 4147 3398 4183 σοι
3429 4130 3654 4184 κείσθω.
3690 4130 3819 4184 Ἵνα

2231 4216 2286 4268 δὲ
2316 4218 2447 4286 ημῖν
2475 4217 2636 4272 εὔοδα
2678 4220 2747 4274 τὰ
2793 4220 2927 4291 πρὸς
2976 4221 3147 4292 αὐτὴν
3178 4222 3413 4290 γένοιτο,
3448 4223 3531 4274 σοι
3560 4222 3658 4291 τὴν
3682 4221 3814 4274 ταῦ·

2232 4324 2330 4375 της
2363 4309 2714 4371 ἀνατιθέντες
2754 4310 3218 4382 διεκπεράτωσιν,
3250 4312 3394 4366 οὕτω
3446 4328 3532 4365 σοι
3571 4312 3817 4364 διατιθε-

2235 4397 2381 4466 μένερ
2408 4397 2496 4450 τὸν
2521 4398 2679 4469 λόγον
2709 4402 3015 4472 ἀνιχνεύειν
3054 4404 3281 4474 ταύτην,
3311 4405 3408 4457 καὶ
3470 4404 3818 4474 ἐξευρίσκειν

552 4498 605 4551 in
652 4496 905 4551 confesso
950 4507 1053 4559 est,
1098 4496 1551 4565 suppeditationis
1582 4497 1902 4565 simpliciter
1929 4507 1984 4552 et
2023 4499 2124 4553 da-

2238 4490 2622 4561 ὑποτιθέμεοα.
2667 4493 2869 4566 Πρώτη
2902 4514 2983 4550 σοι
3015 4496 3154 4552 ἔστω
3199 4496 3321 4551 κατ’
3356 4496 3626 4569 ἐρώτησιν
3672 4500 3814 4567 πρὸς

549 4589 747 4654 tionis,
802 4605 907 4643 non
965 4605 1089 4642 vero
1123 4588 1199 4641 uti
1253 4586 1376 4642 aliis
1421 4587 1855 4654 asscrvientem,
1892 4590 1940 4645 si
1987 4590 2129 4647 Deus

552 4687 745 4747 praeter
795 4679 971 4748 ipsum
1017 4677 1197 4730 nullus
1245 4676 1382 4730 alius
1427 4684 1550 4743 est,
1601 4678 1787 4733 dicant
1832 4692 1892 4735 et
1959 4686 2130 4739 conli-

550 4778 783 4822 teantur.
847 4766 1141 4835 Postquam
1219 4767 1285 4819 de
1343 4766 1425 4820 his
1490 4780 1774 4821 assensum
1829 4772 2124 4840 acceperis,

550 4875 725 4928 neque
759 4858 905 4911 enim
944 4856 1129 4915 fuerit,
1167 4854 1258 4924 qui
1293 4855 1439 4909 hisce
1471 4860 1744 4911 contraria
1774 4873 2128 4916 asseverare-

548 4952 649 5014 rit,
704 4950 977 5014 interroga
1018 4960 1207 4999 t'mSUs
1246 4959 1314 4999 an
1363 4943 1558 4999 Filium
1605 4950 1765 5002 etiam
1821 4952 2124 5005 naturalem

550 5038 785 5109 Spiritus
842 5039 1082 5090 datorem
1113 5076 1127 5098 ,
1174 5045 1227 5089 et
1273 5039 1572 5092 naturalem
1637 5040 2123 5109 suppeditatorem,

550 5145 655 5183 non
705 5140 836 5179 vero
894 5124 1038 5178 Patri
1094 5128 1479 5182 asservientem
1537 5128 1589 5181 in
1648 5128 1752 5183 hac
1805 5132 2020 5186 dationc
2072 5140 2126 5186 et

547 5219 1017 5290 suppeditatione,
1071 5222 1149 5273 uti
1215 5230 1297 5274 est
1362 5220 1412 5273 in
1441 5221 1725 5288 suiipsius,
1790 5222 1859 5276 ab
1922 5225 2124 5278 eisdem

552 5314 927 5367 indubitanter
968 5326 1256 5379 concessa,
1314 5323 1552 5368 teneant.
1613 5315 1677 5367 Et
1726 5325 2012 5384 postquam
2058 5317 2124 5369 ad

551 5405 1027 5474 interrogationem
1051 5421 1367 5475 responsum
1382 5420 1571 5459 eorum
1592 5404 1847 5460 habueris
1866 5406 2126 5477 (namque

547 5514 702 5568 aequa
736 5500 788 5551 in
817 5500 1071 5554 omnibus
1103 5500 1398 5552 auctoritas
1419 5537 1433 5559 ,
1469 5507 1521 5551 ct
1556 5506 1797 5565 potestas
1824 5538 1838 5561 ,
1871 5509 1923 5553 et
1953 5500 2124 5568 gloria

549 5589 723 5646 Patris
760 5599 815 5645 et
855 5589 1022 5656 Filii,
1077 5588 1441 5643 ministerium
1488 5589 1666 5643 modis
1725 5591 1980 5645 omnibus
2039 5606 2125 5645 rc-

548 5695 775 5748 spuens,
806 5679 873 5733 ad
906 5679 1044 5733 hanc
1074 5679 1193 5733 illos
1218 5676 1617 5733 confessionem
1659 5680 1976 5750 compellit),
2012 5690 2120 5736 ter-

551 5774 683 5836 tium
717 5786 934 5840 quoque
982 5787 1077 5827 eos
1130 5771 1508 5840 interrogabis,
1550 5772 1634 5825 An
1670 5771 1808 5827 hanc
1855 5774 2145 5830 naturalis.

2233 4582 2431 4645 αὐτοὺς
2493 4584 2778 4653 πρότασις,
2812 4589 2860 4640 εἰ
2895 4589 2987 4641 τὸν
3038 4589 3263 4660 Πατέρα
3318 4589 3548 4658 φυσικὴν
3584 4590 3810 4654 δοτῆρα,

2232 4672 2328 4725 καὶ
2366 4678 2594 4743 φυσικὸν
2630 4679 2864 4748 χορηγὸν
2912 4679 3012 4750 τῆς
3056 4681 3187 4752 παρ’
3213 4681 3391 4734 αὐτῶν
3425 4680 3812 4751 προομολογη-

2230 4766 2415 4835 θείσης
2448 4769 2632 4832 ἁπλῶς
2648 4771 2709 4836 ἐξ
2733 4770 2900 4824 αὐτοῦ
2920 4774 3186 4843 χορηγίας
3211 4776 3306 4826 καὶ⁴
3335 4774 3559 4837 δᾶσεως,
3600 4773 3807 4842 οῦμεν-

2227 4872 2323 4908 ουν
2354 4857 2427 4920 ὡς
2456 4859 2627 4931 ἑτέρῳ
2655 4861 3051 4931 ὑπηρετοῦντα,
3084 4864 3241 4934 εἴπερ
3297 4864 3431 4926 Θεος
3465 4864 3606 4934 πλὴν
3636 4866 3809 4918 αὑτοῦ

2237 4947 2425 5016 μηδείς
2448 4952 2596 5002 ἐστιν
2631 4949 2836 5022 ἕτερος,
2880 4953 3093 5022 λέγοιέν
3113 4971 3174 5007 τε
3204 4955 3298 5009 καὶ
3324 4956 3657 5024 ὁμολογοῖεν.
3696 4959 3812 5008 Κά-

2231 5040 2423 5094 πειδὰν
2465 5045 2563 5112 τὴν
2592 5044 2687 5098 ἐπὶ
2726 5044 2938 5109 τούτοις
2971 5046 3120 5119 λήψῃ
3146 5047 3434 5119 ὁμολογίαν
3456 5061 3471 5076 °
3521 5049 3645 5100 οὐδὲ
3695 5050 3809 5118 γὰρ

2227 5131 2257 5183 ὁ
2288 5132 2424 5202 πρὸς
2448 5134 2741 5207 ταῦταςτὴν
2761 5138 3085 5210 ἀντίρρησιν
3117 5140 3476 5210 ποιησόμενος
3507 5140 3661 5194 ἔσται
3687 5157 3805 5198 cro-.3

2229 5223 2408 5294 ἐρώτα
2446 5226 2630 5286 πάλιν,
2669 5229 2716 5279 εἰ
2768 5230 2862 5281 καὶ
2888 5230 2980 5282 τὸν
3015 5230 3145 5284 Υίὸν
3168 5232 3399 5300 φυσικὸν
3422 5233 3516 5285 τοῦ
3549 5232 3808 5301 Πνεῦμα-

2227 5332 2316 5379 τος
2353 5317 2589 5387 δοτῆρα,
2632 5325 2727 5372 καὶ
2775 5322 3007 5389 φυσικὸν
3047 5324 3283 5393 χορηγὸν
3341 5324 3609 5393 οῦμενουν
3658 5327 3806 5395 ὑπη-

2230 5409 2392 5478 ρέτην
2428 5410 2523 5463 τοῦ
2557 5411 2771 5482 [ἰατρὸς
2802 5414 2895 5467 ἐπὶ
2921 5417 2987 5486 τῇ
3018 5415 3161 5469 δόσει
3192 5416 3366 5488 ταύτῃ
3407 5420 3503 5471 καὶ.
3542 5424 3803 5490 χορηγίᾳ,

2226 5502 2290 5569 τῇ
2322 5502 2416 5552 καὶ
2472 5504 2640 5556 αὑτοῦ
2702 5504 2835 5576 παρ’
2878 5507 3062 5560 αὐτῶν
3115 5508 3307 5572 ἁπλῶς
3367 5511 3793 5584 ὁμολογηθείσῃ.

2225 5589 2518 5656 δοξάζοιεν.
2557 5595 2839 5649 Κὰπειδὰν
2859 5600 2953 5651 καὶ
2983 5599 3080 5670 τὴν
3110 5601 3205 5653 ἐπὶ
3241 5604 3307 5671 τῇ
3342 5603 3608 5673 ἐρωτήσει
3634 5604 3802 5673 ταύτῃ

2227 5682 2373 5755 λήψῃ
2402 5687 2712 5754 ὁμολογίαν·
2746 5691 2808 5741 τὸ
2842 5690 2950 5761 γὰρ
2987 5694 3129 5747 κατὰ
3155 5693 3333 5749 πάντα
3385 5695 3647 5767 ἰσότιμον,
3673 5697 3800 5763 ὁμο-

2226 5776 2486 5850 δύναμον,
2515 5784 2608 5833 καὶ
2636 5782 2890 5851 ὁμόδοξον
2934 5786 3029 5839 τοῦ
3063 5787 3273 5859 Πατρός
3301 5806 3360 5842 τε
3394 5790 3489 5843 γαί.
3518 5789 3611 5842 τοῦ
3647 5788 3796 5854 Υξοῦ,
