4002 6448
239 385 354 449 363

1385 387 1486 451 AD
1528 376 2135 455 CONSTANTINUM
2176 395 2326 455 LIB.
2372 393 2456 452 II.
3418 379 3525 441 370

238 494 344 548 καὶ
380 493 446 546 τὸ
480 494 619 564 πρὸς
651 493 752 565 τὴν
778 493 1085 566 ὑπηρεσίαν
1126 494 1479 552 παντάπασιν
1509 501 1828 573 ἁνεγχὼρη-

1942 504 2290 559 :listribuendi
2312 502 2625 558 facultatem
2650 514 2801 570 teque
2822 496 2967 553 Patri
2988 496 3248 560 tribuant,
3267 507 3331 549 ae
3347 491 3511 548 Filio.

237 603 337 639 τον
366 628 382 651 ,
433 587 529 639 ἐπὶ
569 586 668 657 τὴν
710 587 969 658 τοιαύτην
1017 587 1217 652 αὐτοὺς
1267 590 1446 645 πείθει
1500 593 1678 647 νεύειν
1706 596 1839 663 ὁμο-

236 677 482 744 λογίαν’
544 677 703 748 τρίτη
761 693 843 731 σοι
902 678 1038 749 πρὸς
1099 681 1297 744 αὐτοὺς
1356 680 1497 736 ἔστω
1544 684 1837 756 ἐρώτησις,

238 766 416 837 εἴπερ
458 767 595 821 αὑτὸ
641 767 703 820 τὸ
752 771 895 822 κατὰ
924 769 1084 838 φύσιν
1114 771 1498 843 διανεμητικὸν
1529 777 1724 847 ἐπίσης
1761 777 1839 846 τῷ

237 860 431 929 Πατρὶ
464 859 668 912 διδόασι
706 860 802 913 καὶ
830 860 907 929 τῷ
940 861 1083 933 Υίῷ,
1103 863 1294 934 ῶσπερ
1324 865 1449 918 ὅταν
1476 866 1662 930 ἅπλῶς
1712 868 1838 939 περὶ

241 949 343 1003 τοῦ
400 950 802 1019 διανεμητικοῢ
830 952 1021 1004 τούτου
1052 971 1116 1021 γε
1151 956 1463 1024 ἠρωτῶντο.
1499 958 1609 1011 Καὶ
1654 961 1837 1012 τελευ-

246 1043 415 1095 ταίαν
473 1042 537 1112 ἰὴ
572 1043 669 1095 καὶ
715 1043 816 1113 τὴν
848 1043 939 1097 ἐπὶ
963 1044 1172 1108 τούτοις
1214 1047 1502 1117 ὁμολογίαν
1543 1049 1744 1103 λαϐὼν·
1782 1052 1837 1112 ὲς

251 1134 511 1187 τοσοῦτον
562 1134 673 1203 γὰρ
708 1134 768 1187 τὺ
817 1135 956 1189 κατὰ
1000 1136 1160 1204 φύσιν
1212 1138 1595 1210 διανεμητικὸν
1642 1141 1837 1210 ἐπίσης

247 1226 462 1279 διδόασι
501 1226 579 1296 τῷ
624 1228 804 1298 Πατρὶ
845 1229 943 1281 καὶ
982 1229 1060 1299 τῷ
1085 1230 1221 1300 Υίῷ,
1261 1231 1431 1302 μόνης
1475 1234 1573 1299 τῆς
1603 1233 1742 1286 κατὰ
1776 1233 1837 1286 τὸ

251 1317 475 1385 πρῶτον
508 1318 607 1371 καὶ
633 1319 865 1388 ἀρχικὸν
915 1321 1088 1373 αἴτιον
1120 1322 1391 1392 διαφορᾶς
1416 1326 1558 1377 κατὰ
1597 1324 1837 1392 θεολογι-

252 1406 357 1468 xi;
411 1409 761 1476 τηρουμένης
830 1408 908 1479 τῷ
966 1411 1144 1482 Πατρὶ
1208 1414 1557 1481 παραδόσεις,
1610 1414 1685 1479 ὡς
1742 1415 1835 1468 καὶ

255 1497 497 1566 χορηγὸν
528 1499 621 1550 ἕνα
649 1499 742 1551 καὶ
772 1500 974 1568 δοτῆρα
1002 1502 1098 1557 ἕνα
1134 1504 1227 1556 τοῦ
1260 1488 1579 1575 Πνεῦματος
1606 1508 1698 1559 τὸν
1728 1509 1840 1559 Παε-

258 1588 394 1657 τέρα
424 1588 606 1655 λέγειν
643 1589 738 1642 καὶ
790 1590 881 1644 τὸν
914 1591 1044 1645 Υίὸν
1086 1594 1337 1663 οὐδαμῶς
1367 1596 1566 1658 αὐτοὺς
1601 1597 1839 1651 ἀναϐάλ-

261 1676 479 1731 λεσθαι·
522 1679 684 1760 ,ἔχειν
732 1681 919 1735 λοιπὸν
966 1684 1066 1754 ἤδη
1110 1685 1167 1736 τὸ
1215 1688 1324 1740 πᾶν
1362 1687 1462 1755 τῆς
1508 1688 1835 1754 ἀποδείξεως

269 1770 524 1834 γίνωσκε.
568 1773 744 1843 Ἐρεῖς
792 1774 901 1845 γὰρ
964 1779 1028 1829 ἐκ
1098 1778 1206 1831 τῶν
1271 1780 1574 1849 ὁμολογιῶν
1631 1783 1835 1836 τούτων

270 1860 442 1923 ἀδεῶς
484 1864 613 1931 πρὸς
647 1864 846 1927 αὐτοὺς
876 1868 967 1920 τον
993 1865 1150 1935 λόγον
1183 1870 1599 1940 ἀποτεινόμενος
1629 1874 1835 1939 ἔκτοτε,
1872 1845 1912 1899 Β

262 1949 336 2011 ὡς
368 1952 541 2022 Εἴπερ
559 1954 618 2006 τὸ
638 1953 730 2008 τοῦ
755 1955 1072 2027 Πνεύματος
1108 1960 1251 2013 κατὰ
1275 1961 1434 2030 φύσιν
1456 1964 1838 2034 διανεμητικὶν

256 2041 511 2095 τοσοῦτον
567 2043 747 2098 ἔνεστι
793 2046 872 2117 τῷ
924 2047 1063 2117 Υἱῷ,
1113 2050 1308 2105 ὁπόσον
1355 2058 1452 2107 καὶ
1500 2054 1578 2125 τῷ
1636 2058 1835 2127 Πατρὶ,

251 2131 415 2184 δεῦτε
463 2134 528 2203 δὴ
565 2137 694 2204 περὶ
723 2137 823 2206 τῆς
853 2140 994 2191 κατὰ
1028 2140 1190 2209 φύσιν
1226 2145 1491 2215 χορηγίας
1515 2148 1608 2200 καὶ
1642 2148 1839 2213 δόσεως

246 2222 346 2274 τοῦ
382 2224 711 2294 Πνεύματος
744 2230 808 2282 ὲκ
843 2231 1060 2301 Harpe;
1094 2234 1457 2289 ἐπισκεπτέον
1499 2241 1682 2308 ἡμᾶς,
1728 2242 1837 2294 εἴτε

252 2314 286 2381 ἡ
312 2315 463 2368 κατὰ
484 2317 648 2384 φύσιν
675 2321 911 2390 χορηγία
931 2323 1027 2377 καΊ.
1049 2324 1193 2390 δόσις
1223 2327 1360 2398 αὓτη
1396 2328 1490 2382 τοῦ
1518 2333 1838 2403 Πνεὺματος

240 2407 478 2476 ἀληθῶς
529 2411 734 2481 ὑστέρα
787 2414 886 2484 τῆς
934 2416 1000 2470 ὲκ
1055 2419 1271 2492 Πατρδς
1337 2423 1500 2476 αὑτοῦ
1552 2425 1837 2496 ὑπάρξεως

240 2496 388 2549 οὖσα
422 2498 579 2568 ὅμως
629 2506 932 2576 συστατική
966 2505 1052 2570 τίς
1078 2508 1192 2561 ἐστι
1225 2510 1324 2579 τῆς
1357 2514 1618 2585 τοιαύτης
1661 2518 1840 2588 ὑπάρο

244 2587 412 2651 ξεως,
465 2588 577 2641 εἴτε
617 2592 728 2660 μή;
786 2595 895 2647 Καὶ
930 2596 1287 2663 ἀνανεύοντας
1322 2601 1420 2669 μὲν
1469 2605 1606 2673 πρὸς
1643 2607 1741 2677 τὴν
1775 2587 1839 2661 ἐκ

243 2680 437 2749 κοινῆς
468 2683 743 2750 συνῖήκης
766 2685 1047 2756 ἐπίσκεψιν
1071 2688 1287 2757 βλέπων
1311 2693 1524 2758 αὐτοὺς,
1556 2697 1826 2765 οἰμώζειν

247 2768 339 2830 ἔα,
369 2771 469 2822 καὶ
495 2772 556 2834 ἐς
579 2772 824 2843 κόρακας
847 2776 1145 2849 ἀπόπεμπε
1178 2782 1421 2852 οἴχεσθαι
1443 2799 1457 2812 '
1484 2787 1836 2852 ἑπινεύοντας

245 2860 309 2913 δὲ
346 2862 487 2932 πρὸς
519 2864 679 2918 τοῦτο
717 2867 1015 2935 εὑρίσκων,
1049 2870 1230 2940 ἐρώτα
1267 2874 1393 2944 περὶ
1429 2878 1622 2930 τούτου
1652 2879 1839 2934 λοιπὸν

248 2953 357 3005 σὺν
398 2953 591 3017 αὑτοῖς
620 2956 800 3011 πάντα
833 2959 1107 3014 ὁντιναοῦν
1138 2963 1246 3017 τῶν
1288 2965 1387 3035 τῆς
1409 2967 1636 3037 Τριάδος
1664 2989 1839 3043 προσ-

249 3044 533 3112 κυνητῶν,
579 3040 624 3113 ᾧ
673 3049 767 3101 καὶ
811 3050 1163 3120 ἀμωσγέπως
1212 3054 1364 3124 μέλει
1399 3040 1838 3129 θεολογίας,γκαὶ

243 3134 450 3188 οὐδένα
479 3136 732 3207 οὐδαμῶς
781 3141 1037 3213 εὑρήσεις
1088 3144 1368 3213 τοιοῦτον,
1398 3146 1502 3203 κᾶν
1550 3151 1679 3224 ἄχρι
1719 3155 1834 3224 χεί-

1942 596 2021 649 uti
2053 611 2178 652 cum
2215 597 2283 651 de
2314 595 2570 651 facultate
2598 596 2700 649 ista
2740 590 3065 661 simpliciter
3097 587 3520 658 interrogaban-

1942 700 2050 744 tur.
2071 688 2134 742 Et
2155 698 2485 759 postremam
2512 684 2825 740 earumdem
2852 683 2918 738 de
2941 682 3091 736 hisee
3113 678 3513 735 confessionem

1941 790 2261 850 acceptans;
2313 778 2615 834 naturalem
2649 775 2912 847 siquidem
2943 771 3307 828 distribuendi
3345 770 3518 825 facul-

1940 880 2105 926 tatem
2139 872 2254 942 pari
2313 870 2474 925 modo
2505 868 2650 923 Patri
2694 864 2934 933 et,Filio
2980 864 3309 924 attribuunt,
3344 863 3416 915 ita
3461 868 3521 914 ut

1940 962 2053 1016 sola
2079 961 2377 1016 secundum
2415 957 2795 1030 primigeniam
2831 970 3049 1011 causam
3077 964 3131 1009 et
3157 953 3515 1025 principalem

1939 1050 2287 1118 differentia,
2341 1050 2417 1104 nti
2471 1048 2786 1119 theologicae
2818 1045 3140 1101 traditiones
3196 1042 3519 1101 decernunt,

1939 1140 2088 1193 Patri
2117 1134 2492 1200 conservetur,
2531 1137 2721 1207 sicque
2755 1134 3215 1205 suppeditatorem
3251 1148 3418 1187 unum
3450 1147 3516 1187 ac

1938 1230 2178 1283 datorem
2204 1226 2438 1298 Spiritus
2461 1241 2705 1282 asserere
2729 1224 2941 1278 Patrem
2969 1232 3022 1279 et
3055 1222 3249 1276 Filium
3277 1237 3384 1276 non
3433 1237 3520 1275 re.—

1939 1329 2185 1389 spuunt:
2230 1322 2340 1389 jam
2388 1334 2603 1373 omnem
2637 1317 3156 1373 demonstrationem
3213 1315 3412 1369 habere
3469 1323 3519 1367 te

1939 1412 2178 1467 noscito.
2232 1409 2367 1465 Nam
2400 1426 2462 1466 ex
2505 1410 2591 1465 his
2639 1409 2907 1465 confessis
2963 1407 3232 1478 intrepide
3282 1406 3334 1459 in
3393 1421 3512 1459 eos.

1938 1503 2059 1558 dem
2099 1513 2209 1558 tum
2235 1513 2556 1558 convertens
2585 1502 2889 1558 orationem
2911 1501 3092 1556 dices:
3126 1499 3181 1554 Si
3206 1498 3505 1555 secundum

1939 1601 2190 1647 naturam
2247 1592 2485 1661 Spiritus
2541 1592 2858 1646 distributio
2915 1597 3063 1645 tanta
3108 1596 3193 1644 est
3241 1589 3296 1643 in
3356 1586 3517 1640 Patre

1939 1691 2140 1751 quanta
2195 1683 2246 1737 in
2278 1682 2451 1747 Filio,
2498 1684 2641 1754 agite
2682 1683 3092 1738 consideremus
3132 1687 3186 1734 et
3212 1678 3518 1732 naturalem

1938 1775 2425 1844 suppeditationem
2471 1785 2523 1830 et
2556 1776 2825 1830 dationem
2865 1773 3101 1844 Spiritus
3143 1790 3155 1826 :
3206 1787 3272 1825 an
3314 1770 3520 1824 scilicet

1946 1865 2206 1919 naturalis
2235 1866 2599 1935 suppeditatio
2628 1866 2888 1934 datioqne
2934 1865 3034 1919 ista
3083 1863 3320 1933 Spiritus
3346 1901 3358 1925 ,
3400 1875 3521 1930 quae

1946 1968 2070 2008 vere
2095 1954 2362 2023 posterior
2390 1955 2650 2027 est_illius
2695 1971 2760 2009 ex
2801 1954 2961 2009 Patre
3013 1951 3354 2016 exsistentia,
3387 1965 3521 2003 con-

1946 2046 2133 2101 stituat
2166 2046 2521 2103 nihilominus
2554 2047 2787 2103 similem
2830 2043 3229 2109 exsistentiam,
3256 2042 3342 2098 vel
3388 2058 3519 2095 non.

1944 2148 1997 2193 et
2030 2141 2077 2194 si
2116 2139 2378 2209 repereris
2425 2140 2576 2210 ipsos
2625 2140 2946 2203 abnuentes,
2976 2146 3030 2192 et
3066 2134 3341 2192 communi
3390 2150 3520 2188 eon-

1946 2247 2109 2286 sensu
2158 2233 2510 2301 approbatum
2573 2232 2896 2287 sententiam
2959 2237 3306 2298 respuentes,
3360 2227 3522 2283 sinito

1945 2337 2040 2378 eos
2077 2323 2372 2379 infeliciter
2405 2340 2584 2393 agere,
2618 2333 2669 2379 et
2705 2324 2770 2379 ad
2799 2338 2995 2379 corvos
3029 2321 3289 2378 dimittito
3332 2336 3346 2373 :
3379 2318 3549 2389 quod-

1945 2415 1989 2469 si
2022 2423 2265 2468 annuent
2287 2414 2353 2468 ad
2382 2416 2507 2481 hoc,
2539 2415 2813 2484 interroga
2846 2414 3061 2469 interim
3089 2429 3153 2467 ex
3174 2412 3304 2481 ipsis
3337 2425 3522 2480 quem—

1945 2522 2163 2576 cunque
2210 2506 2306 2562 tibi
2343 2506 2558 2561 obviam
2601 2505 2826 2569 factum,
2867 2503 3163 2569 dummodo
3196 2503 3242 2557 is
3266 2500 3519 2555 Triadem

1946 2598 2120 2664 colat,
2154 2609 2209 2652 et
2242 2600 2295 2652 in
2329 2598 2492 2654 rebus
2519 2597 2837 2668 theologicis
2853 2596 2938 2651 vel
2962 2597 3246 2650 minimum
3276 2600 3522 2645 versatus

1950 2692 2039 2750 sit.
2067 2700 2120 2745 et
2146 2689 2353 2744 nullum
2376 2705 2599 2759 prorsus
2628 2688 2892 2754 invenies,
2912 2687 3004 2756 qui
3025 2686 3102 2741 vel
3120 2684 3348 2741 summis
3366 2683 3522 2753 labiis

1948 2785 2196 2832 cructare
2215 2776 2454 2838 audebit,
2476 2778 2519 2831 si
2549 2776 2901 2842 concedatur,
2928 2774 3138 2829 Patrem
3165 2789 3285 2830 esse
3303 2782 3521 2828 natur-.2-

1950 2870 2054 2924 lem
2089 2868 2550 2939 suppeditatorem
2576 2878 2628 2925 et
2661 2868 2955 2922 naturalem
2991 2866 3237 2922 datorem
3266 2864 3522 2934 Spiritus,

1945 2958 2072 3014 inde
2091 2960 2256 3015 etiam
2279 2976 2506 3031 prorsus
2528 2959 2896 3015 necessarium
2921 2973 3060 3023 esse,
3081 2957 3520 3012 etexsistentiam

1945 3049 2092 3106 illius
2113 3051 2362 3122 intelligi.
2388 3050 2456 3106 Et
2482 3051 2533 3107 id
2556 3051 2647 3107 ubi
2671 3051 2723 3105 in
2744 3050 2919 3107 lucem
2941 3048 3171 3115 venerit,
3198 3047 3341 3103 facili
3364 3062 3523 3116 nego-

1945 3140 2045 3204 tio,
2081 3142 2227 3212 quod
2260 3142 2528 3212 reliquum
2559 3151 2663 3209 est,
2698 3151 2751 3196 ct
2781 3142 2961 3212 plane,
2996 3155 3104 3195 non
3140 3137 3521 3193 methodorum

245 3224 381 3288 λεος
441 3228 615 3296 ἄκρου
678 3231 1023 3303 τολμήσοντά
1080 3252 1213 3289 ποτε
1264 3213 1834 3316 ἀπερεύξαοθναιιημὴ

1942 3233 2381 3302 pertractatione,
2415 3248 2519 3287 non
2555 3243 3000 3304 argumentorum
3035 3230 3250 3295 robore,
3298 3242 3405 3282 non
3440 3242 3524 3281 re—

253 3319 448 3372 πᾶσαν
501 3318 642 3375 εἶναι
694 3324 962 3396 ἀνάγκην,
999 3327 1282 3397 διδομένου
1330 3329 1425 3384 τοῦ
1477 3331 1569 3386 τὸν
1615 3335 1838 3407 Πατέρα

253 3413 492 3480 φυσικὸν
508 3415 743 3486 χορηγὸν
766 3419 863 3473 καὶ
888 3420 1118 3487 φυσικὸν
1145 3421 1349 3492 δοτῆρα
1379 3416 1518 3477 εἶναι
1547 3424 1640 3478 τοὺ
1669 3427 1839 3480 Πνεύ·

258 3521 458 3574 ματος,
491 3506 587 3560 καὶ
622 3507 723 3577 τὴν
754 3509 813 3573 ἐξ
840 3508 1004 3563 αὑτοῦ
1047 3511 1301 3566 ἐντεῦθεν
1332 3512 1567 3587 ὕπαρξιν
1591 3517 1836 3572 νοεῖσθαι

253 3594 450 3649 αὑτοῦ.
479 3597 683 3652 Τούτου
705 3600 762 3654 δὲ
790 3602 1245 3671 ἀναφαινομένου,
1273 3605 1515 3677 εὑχερῶς
1547 3608 1608 3662 τὸ
1632 3609 1841 3675 λοιπὸν,

255 3688 354 3739 καὶ
386 3687 565 3757 πάντη
593 3707 654 3758 γε
679 3691 919 3763 ὁμαλῶς,
943 3694 1007 3746 οὑ
1034 3693 1272 3763 μεθόδων
1311 3698 1707 3767 μεταχειρίσει,
1740 3701 1843 3754 οὑκ

260 3781 729 3851 ἐπιχειρημάτων
776 3783 941 3854 ἰσχύϊ,
968 3785 1068 3837 οὑκ
1114 3786 1394 3855 ἐργασιῶν
1426 3790 1665 3860 πλήθει,
1705 3793 1842 3848 ἀλλὰ

260 3875 402 3944 μόνῃ
434 3875 573 3945 αὑτῇ
601 3874 710 3928 τῶν
743 3876 1165 3930 ἀντιδικούντων
1205 3879 1385 3933 αὐτῶν
1447 3883 1512 3952 τῇ
1575 3883 1717 3937 κατὰ
1781 3885 1842 3939 τὸ

256 3967 441 4019 κοινὸν
478 3969 577 4035 τῆς
604 3968 844 4037 φυσικῆς
879 3968 1083 4034 δόσεώς
1123 3986 1181 4024 τε
1211 3972 1308 4024 καὶ
1358 3973 1625 4044 χορηγίας
1652 3977 1842 4044 ὁμολο-

1945 3323 2235 3394 petitarutn
2267 3325 2645 3394 probationum
2672 3323 2913 3391 cumulo,
2936 3323 3028 3378 sed
3059 3322 3172 3377 sola
3195 3322 3307 3392 ipsa
3330 3319 3523 3373 adver-

1946 3414 2214 3469 sariorum
2242 3413 2591 3471 confessione
2610 3415 2677 3470 de
2698 3412 2975 3471 communi
2993 3423 3045 3467 et
3071 3411 3305 3465 naturali
3329 3422 3524 3477 suppe-

1948 3504 2217 3561 ditatione
2246 3521 2312 3561 ac
2352 3506 2590 3572 datione,
2616 3522 2723 3575 qua
2762 3506 2978 3577 quidem
3010 3502 3147 3558 nihil
3178 3500 3430 3561 validius,
3466 3509 3523 3552 nt

1948 3606 2107 3653 antea
2128 3598 2555 3664 insinuaveram,
2580 3598 2799 3661 abillis,
2820 3597 2912 3667 qui
2938 3596 3211 3653 similibus
3229 3593 3419 3648 sedulo
3437 3593 3523 3645 in-

1944 3689 2225 3754 cumbunt,
2263 3691 2557 3763 exc03itari
2588 3697 2787 3761 potest,
2838 3688 3073 3759 Spiritus
3101 3700 3177 3771 οξ
3210 3684 3350 3739 Filio
3378 3683 3523 3738 exsi-

1943 3782 2197 3836 stentiam
2236 3783 2674 3852 suppeditatione
2722 3788 2777 3836 et
2829 3780 3049 3834 datione
3097 3776 3519 3836 demonstrabis,

1946 3871 2088 3925 unde
2107 3870 2286 3927 Patris
2315 3881 2367 3928 et
2386 3871 2509 3928 Filii
2533 3873 2587 3927 in
2608 3872 2841 3943 Spiritus
2862 3884 3027 3926 causa
3050 3869 3229 3924 unitas
3247 3868 3379 3922 adeo
3402 3882 3519 3919 ma-

1944 3962 2141 4017 nifesta
2173 3967 2443 4035 provenit,
2478 3974 2537 4021 ut
2565 3978 2729 4019 nemo
2788 3962 2863 4018 illi
2897 3961 3271 4019 contradicere
3297 3958 3515 4013 audeat.

255 4058 377 4128 γίᾳ.
409 4052 480 4128 ἦς
514 4059 668 4112 οὐδὲν
721 4060 1101 4131 ἰσχυρότερον,
1136 4062 1209 4125 ὡς
1256 4064 1348 4117 καὶ
1402 4064 1617 4131 φθάσας
1672 4066 1832 4138 ἔφην,
1870 4075 1984 4138 τοῖς
2027 4076 2154 4146 περὶ
2200 4078 2268 4132 τὰ
2335 4077 2561 4133 τοιαῦτα
2606 4076 3007 4132 ἐσπουδακόσιν
3060 4074 3388 4147 ἠκρίϐωται,
3422 4074 3520 4142 τὴν

258 4149 317 4215 ἐξ
355 4148 490 4209 Tim-1
522 4149 614 4203 τοῦ
648 4149 968 4220 Πνεῦματος
999 4150 1257 4223 ὕπαρξιν,
1293 4156 1388 4207 καὶ
1434 4157 1492 4222 ἐξ
1536 4157 1707 4225 αὐτῆς
1735 4160 1832 4230 τῆς
1873 4167 2137 4237 χορηγίας
2166 4171 2259 4222 καὶ
2313 4172 2513 4234 δόσεως
2569 4169 2899 4233 ἀποδείξεις,
2919 4165 3165 4236 όπόθενή
3189 4165 3283 4220 τοὺ
3309 4166 3520 4238 Πατρδς

257 4240 351 4294 καὶ
385 4240 517 4293 ἰ’ίοῦ
550 4242 641 4293 ἐπὶ
692 4244 759 4312 τῇ
797 4240 892 4295 τοὺ⁹
926 4243 1245 4314 Πνεὺματος
1268 4247 1419 4318 αἰτία
1448 4248 1638 4318 ἑνότης
1673 4250 1939 4317 λαμϐάνει
1969 4257 2027 4310 τὸ
2064 4260 2479 4333 ἀναντίρρητον.

328 4333 398 4389 θ’.
432 4336 543 4387 Καὶ
581 4335 723 4388 οὕτω
765 4335 862 4406 τὴν
897 4339 960 4390 ἐκ
992 4338 1090 4408 τῆς
1122 4340 1645 4409 ἀντιπαραοτόισεως
1676 4344 1828 4417 πρώ-

252 4445 355 4495 την
383 4427 720 4498 διαπεράνας
745 4428 1044 4496 ἀπόδειξιν,
1079 4430 1179 4501 τὴν
1209 4434 1275 4485 ἐκ
1299 4431 1408 4486 τῶν
1436 4435 1682 4502 φυσικῶς
1710 4438 1833 4490 καθ’

2013 4355 2072 4418 9.,
2091 4354 2156 4409 Et
2175 4356 2274 4422 sic,
2298 4371 2362 4410 ex
2385 4357 2621 4412 secunda
2641 4357 2916 4423 instantia,
2938 4358 3399 4414 demonstratione
3419 4358 3517 4412 ab-

1941 4444 2140 4512 soluta,
2165 4462 2286 4516 qua:
2308 4462 2371 4502 ex
2394 4449 2736 4503 naturalibus
2759 4448 2992 4518 singulis
3015 4449 3207 4504 diebus
3227 4449 3490 4503 obvenien

252 4517 503 4586 ἑκάστην
542 4517 869 4586 γινομένων,
898 4519 1158 4597 δευτέραν
1189 4522 1357 4578 οὖσαν
1400 4526 1592 4595 αὑτῆς,
1626 4525 1708 4581 ἔτι
1736 4546 1833 4582 πε-

1942 4536 2102 4603 tibus,
2119 4547 2171 4592 et
2188 4538 2254 4592 ab
2273 4539 2362 4594 illa
2379 4540 2677 4595 secundum
2700 4517 2875 4595 locum
2895 4541 3287 4610 occupantibus
3306 4538 3516 4594 facilius

256 4611 450 4680 ρανεῖς
480 4609 892 4680 εὐχερέστερον,
936 4611 1032 4665 ἅτε
1068 4615 1161 4667 καὶ
1188 4616 1253 4668 ἐκ
1289 4615 1397 4670 τῶν
1449 4619 1616 4672 πᾶσιν
1665 4620 1834 4689 ἐγνω-

252 4699 478 4768 σμένων
520 4700 938 4772 λαμὸανομένην
990 4721 1093 4759 σοι.
1145 4704 1209 4758 Ἡ
1240 4707 1346 4778 γὰρ
1396 4711 1549 4780 πηγὴ
1592 4712 1837 4779 φυσικῶς

251 4788 572 4859 χορηγοῦσα
603 4790 663 4842 τὸ
693 4791 858 4861 ὕδωρ,
908 4795 1001 4847 καὶ
1037 4796 1186 4848 αἰτία
1217 4797 1309 4851 τοῦ
1342 4797 1534 4863 ὑδατός
1576 4804 1715 4867 ἐστι,
1743 4805 1838 4856 καὶ

252 4881 312 4933 τὸ
345 4879 460 4948 πῦρ
493 4883 742 4951 φυσικῶς
768 4884 829 4936 τὸ
862 4885 974 4953 φῶς
1000 4888 1294 4958 χορηγοῦν,
1327 4892 1423 4945 καὶ
1464 4895 1642 4947 αἴτιον
1669 4895 1836 4951 αὑτοῦ

252 4975 411 5025 ἐστιν
436 4990 449 5002 ·
476 4974 743 5040 ὡσαύτως
767 4977 823 5030 δὲ
855 4980 949 5031 καὶ
978 4980 1039 5032 τὸ
1070 4981 1287 5049 δένδρον
1316 4985 1558 5052 φυσικῶς
1580 4987 1672 5040 τὸν
1702 5006 1841 5060 καρ-

254 5066 363 5119 πὸν
415 5084 713 5137 χορηγουν,
762 5071 857 5123 καὶ
893 5072 1069 5125 αἴτιον
1101 5074 1268 5127 αὑτοῦ
1303 5078 1475 5130 ἐστιν.
1523 5079 1631 5131 Καὶ
1665 5081 1840 5133 ταῦτα

258 5156 483 5225 ἀγνοῶν
529 5158 639 5209 τῶν
679 5160 937 5213 ἁπάντων
969 5161 1115 5214 ἔστιν
1153 5165 1300 5226 ὅστις
1351 5165 1551 5228 οὑδείς.
1585 5169 1741 5223 Οὑτω
1778 5170 1840 5241 δὴ

256 5249 354 5300 καὶ
388 5248 438 5299 οἱ
471 5248 565 5301 δύο
595 5250 786 5318 τρόποι
817 5253 913 5321 τῆς
937 5253 1079 5307 κατὰ
1103 5254 1580 5325 ἀντιπαράστασιν
1609 5260 1842 5331 προϐαί-

255 5355 443 5402 νοντες
478 5340 832 5407 ἀποδείξεως,
877 5344 979 5413 τῆς
1008 5345 1107 5415 μὲν
1150 5350 1285 5415 πρὸς
1319 5347 1378 5400 τὺ
1408 5349 1582 5420 παρὸν
1641 5353 1841 5421 ἡμετέ-

255 5446 359 5501 ρας
393 5430 732 5500 προθέσεως,
763 5432 964 5505 καθ’ἥν
986 5436 1046 5487 τό
1076 5452 1135 5488 τε
1176 5438 1488 5507 παράλογον
1518 5441 1628 5493 τῶν
1655 5443 1745 5495 ἐπὶ
1771 5447 1836 5514 τῇ

254 5525 320 5574 ἐκ
373 5523 595 5593 Πατρὸς
647 5524 718 5576 δι’
765 5525 896 5579 Υἱοῦ
962 5528 1292 5597 ἐκπορεύσει
1350 5532 1447 5585 τοῦ
1516 5533 1837 5605 Πνεὺματος

253 5614 581 5684 ἐξηγήσεων
632 5616 911 5682 ὑποδεῖξαί
947 5636 1029 5673 σοι
1076 5621 1442 5692 προεθέμεθα,
1474 5625 1583 5678 τῶν
1614 5645 1671 5680 τε
1704 5628 1837 5696 ψευ-

256 5705 360 5758 δῶν
404 5700 745 5778 ὁμωνυμιῶν
781 5708 881 5779 τὴν
922 5711 1235 5784 διαγραφὴν
1293 5716 1629 5786 ὑπεθέμεθα,
1665 5719 1837 5785 πέρας

260 5815 339 5850 σοι
369 5800 621 5868 γίνονται
655 5815 668 5831 ·
698 5799 799 5872 τὴν
827 5802 882 5855 δέ
907 5820 969 5872 γε
995 5792 1085 5858 κάὶ
1116 5807 1196 5869 εἰς
1214 5806 1272 5860 τὸ
1295 5807 1420 5878 ἑξῆς
1441 5810 1504 5863 οὑ
1532 5812 1836 5872 κωλύουσιν

1936 4644 2048 4684 rem
2062 4631 2435 4700 extricaveris,
2451 4643 2704 4703 tanquam
2720 4647 2912 4702 quaee:
2936 4634 3079 4687 notis
3092 4632 3361 4701 certisque
3376 4634 3513 4702 apud

1938 4735 2127 4776 omnes
2147 4722 2470 4779 desumitur.
2490 4723 2634 4779 Fons
2662 4725 2930 4794 siquidem
2959 4726 3278 4780 naturaliter
3312 4741 3511 4795 aquam

1938 4811 2309 4879 suppeditans,
2335 4827 2500 4867 causa
2525 4828 2741 4883 quoque
2766 4827 2920 4882 aquae
2943 4822 3048 4879 est,
3104 4821 3157 4867 et
3188 4813 3326 4884 ignis
3359 4826 3516 4868 natu-
3542 4839 3549 4844 -

1938 4900 2126 4954 raliter
2154 4901 2335 4955 lumen
2375 4902 2712 4966 ministrans,
2742 4918 2904 4958 causa
2936 4902 3159 4957 luminis
3191 4916 3310 4971 est;
3363 4903 3515 4960 simi—

1940 4989 2063 5042 liter
2093 4998 2147 5045 et
2176 4991 2341 5046 arbor
2393 4993 2719 5047 naturaliter
2766 4994 3008 5049 fructum
3051 4994 3244 5058 edens,
3300 4994 3514 5051 fructus

1940 5097 2103 5136 causa
2154 5091 2256 5137 est.
2310 5082 2375 5137 Et
2430 5085 2547 5138 haec
2598 5099 2758 5140 nemo
2807 5101 3032 5155 prorsus
3080 5094 3199 5151 est,
3254 5085 3345 5156 qui
3407 5101 3509 5141 non

1870 5218 1879 5224 .
1941 5185 2247 5242 agnoscat.~
2285 5173 2351 5229 Et
2396 5176 2475 5230 sic
2523 5177 2630 5230 duo
2675 5177 2821 5256 modi
2876 5176 3365 5233 demonstrationis
3418 5193 3512 5245 per

1941 5266 2239 5319 secundam
2277 5266 2593 5321 instantiam
2625 5269 3004 5337 procedentes,
3053 5268 3274 5323 alterius
3304 5269 3369 5322 ad
3424 5284 3513 5321 no-

1941 5368 2067 5411 straa
2089 5357 2474 5427 propositionis
2507 5359 2796 5426 intentum,
2826 5375 2931 5429 qua
2960 5360 3136 5419 media
3169 5374 3384 5422 eorum,
3409 5360 3503 5428 qui

1939 5464 2005 5501 ex
2036 5448 2196 5503 Patre
2238 5464 2335 5517 per
2360 5447 2556 5503 Filium
2590 5451 2990 5520 processionem
3042 5465 3207 5521 prave
3238 5450 3510 5517 interpre-

1942 5541 2145 5603 tantur,
2202 5540 2590 5596 absurditatem
2640 5544 3002 5609 ostendimus,
3036 5553 3087 5596 et
3111 5542 3508 5596 commentitia-

1941 5646 2059 5685 rum
2096 5631 2563 5705 homonymiarmn
2598 5634 3018 5703 descriptionem
3054 5633 3352 5703 posuimus,
3391 5633 3503 5699 jam

1940 5726 2004 5779 ad
2036 5725 2567 5795 tincm'perveniunt.
2618 5727 2686 5782 Et
2722 5728 2833 5781 haec
2882 5727 2933 5780 in
2984 5734 3260 5794 posterum
3294 5726 3506 5782 deside-

1939 5817 2079 5872 rium
2131 5825 2283 5873 tuum
2333 5832 2440 5873 non
2487 5817 2927 5887 interrumpunt,
2980 5817 3059 5871 sic
3103 5816 3244 5871 enim
3289 5828 3501 5872 nostra:
