4002 6430
545 357 647 421 371

1573 365 1787 432 JOAN.
1827 367 2053 431 VECCI
2087 368 2192 430 ΟΡ.
2239 369 2752 432 PATRIARCH/E

3692 362 3801 430 3’2

542 468 871 539 scriptiones
901 472 1232 539 revolventi,
1267 475 1442 531 sicubi
1476 480 1821 544 occurrerit,
1851 480 1996 549 quod
2031 480 2117 533 in-

2230 479 2428 551 ῐφεσιν,
2476 481 2599 536 καθ’
2642 481 2712 551 ἠν
2740 479 2968 557 ἰκφίεμέν
3004 497 3086 534 σοι
3115 482 3216 545 τὰς
3245 481 3520 553 ἡμετέρας
3577 483 3808 534 ἐπισκεο

543 563 915 631 terrogntione
962 574 1016 619 et
1070 567 1413 623 accuratiore
1460 567 1848 639 disquisitione
1891 570 2118 641 dignum

541 651 813 707 videbitur
832 695 848 720 ,
880 656 1212 725 interrogare
1241 696 1258 725 ,
1290 659 1562 716 curiosius
1597 662 1908 731 exquirere,
1934 670 1990 718 et
2028 661 2119 717 in-

540 745 812 814 wstigare
833 746 924 802 tibi
943 748 1329 815 permittimus.
1355 748 1630 821 Scriptum
1649 762 1732 808 est
1754 753 1899 809 enim
1924 772 1938 808 :
1973 772 1992 804 ι
2025 753 2116 809 ln-

2225 574 2486 641 πτομένῳ
2514 572 2757 640 γραφὰς,
2782 571 2839 624 ei
2864 575 2967 624 πού
2990 588 3043 626 τι
3061 574 3383 642 ἐρωτήσεως
3404 573 3685 642 δεόμενον,
3708 571 3804 625 καὶ

2223 662 2632 734 ἀκριϐεστέρας
2681 659 3039 733 σνζητήσεως
3087 662 3231 728 δόξει
3285 679 3370 715 σοι
3416 662 3651 733 ἐρωτᾷν,
3706 660 3807 713 καὶ

2223 755 2736 826 πολυπραγμονεῖν,
2782 757 2878 810 καὶ
2919 756 3239 827 ἀνερεννᾷν.
3282 771 3302 806 ι
3348 752 3665 824 Ἐρώτησον
3695 752 3809 821 γὰρ

539 843 758 906 teri-oga
789 838 1007 892 Patrem
1043 849 1219 906 tuum,
1252 850 1307 897 et
1337 844 1684 900 aiutuntiabit
1710 844 1830 912 tibi,
1861 845 2111 902 seniores

2230 848 2314 901 τὸν
2346 850 2567 918 Πατέρα
2618 866 2710 903 σου
2745 868 2762 899 ι
2810 854 3111 917 γέγραπται,
3150 866 3170 898 ι
3220 848 3313 900 καὶ
3355 844 3652 916 ἀναγγελεί
3699 861 3807 911 σοι,

540 933 686 993 tuos,
723 936 778 983 et
804 928 986 985 dicent
1016 930 1110 986 tibi
1143 932 1213 988 ”.
1244 952 1266 988 ι

548 1150 3025 1181 “*WW

1662 1318 2009 1452 ΤΟΥ

2108 1553 2151 1607 Τ

2084 1313 2664 1450 ΑΥΤΟΥ

2216 936 2344 1001 τοὺς
2373 938 2780 1010 προσδυτέρους
2812 956 2927 1004 σου,
2963 938 3058 991 καὶ
3082 936 3271 1007 ἐροῦσι
3294 953 3398 993 σοι.
3435 954 3457 991 ι

1313 1715 1728 1834 ΠΡΟΣ
1804 1686 3013 1837 ΚΩΝΣΤΑΝΤΙΝΟΝ

1843 1945 1993 2031 ΤΟ
2064 1944 2499 2030 ΤΡΙΤΟΝ.

1812 2311 2534 2441 EJUSDEM

1308 2576 1517 2694 AD
1626 2571 3032 2692 CONSTANTINUM

1592 2810 2016 2901 .LIBEB
2105 2809 2662 2901 TERTIUS.
2754 2856 2757 2861 η

611 3176 663 3232 1.
699 3172 790 3231 Sic
816 3174 919 3236 sic,
949 3188 1071 3244 qua:
1104 3170 1201 3227 tibi
1235 3168 1405 3227 semel
1447 3167 1802 3237 promisimus
1842 3165 2117 3234 complere

2291 3163 2358 3217 α’.
2392 3162 2503 3218 Ναὶ
2530 3163 2641 3228 ναὶ,
2667 3163 2734 3218 τὰ
2758 3163 3148 3237 ἐπηγγελμένα
3166 3184 3248 3220 σοι
3276 3167 3521 3239 πληρουν
3547 3168 3651 3224 ούκ
3679 3172 3807 3226 ἁνα-

541 3285 650 3325 nen
685 3264 1085 3325 cunctabimur.
1114 3262 1362 3332 Namque
1402 3274 1526 3316 cum
1562 3257 1655 3313 tibi
1693 3266 1910 3313 nostras
1948 3259 2123 3326 scrip-

541 3363 720 3417 tiones
747 3358 1106 3415 considerare
1162 3355 1590 3421 examinareque
1626 3349 1993 3420 permittimus
2016 3388 2031 3413 ,
2074 3348 2119 3403 si

537 3451 670 3522 quid
696 3463 938 3519 unquam
982 3446 1326 3505 accuratiore
1354 3444 1606 3499 examine
1640 3441 1863 3513 dignum
1919 3455 2122 3496 occur-

537 3543 693 3606 rerit,
727 3551 780 3597 te
810 3539 1027 3611 quidem
1053 3538 1350 3609 quaerendo
1375 3575 1391 3602 ,
1425 3535 1701 3592 curiosius
1757 3534 2036 3602 indagare,
2069 3539 2123 3586 et

537 3633 853 3705 diligentius
896 3630 1249 3702 investigare,
1278 3644 1380 3686 nos
1423 3644 1553 3683 vero
1593 3628 1658 3683 ad
1694 3642 1755 3682 ea
1779 3668 1795 3693 ,
1825 3640 1946 3697 qua:
1974 3640 2124 3695 qua:-

537 3726 642 3782 sita
674 3734 820 3789 sunt,
853 3734 906 3778 ct
929 3738 959 3777 a
989 3732 1040 3778 te
1069 3720 1449 3777 btesitabundo
1483 3719 1838 3790 interrogata,
1889 3731 2122 3786 respon-

535 3820 686 3884 dere,
718 3816 943 3871 minime
973 3813 1264 3870 molestum
1304 3828 1431 3869 esse
1470 3812 1887 3877 existimamus,
1920 3818 1975 3866 et
2004 3819 2117 3865 tum

536 3910 907 3982 potissimum.
939 3924 1062 3963 cum
1097 3906 1234 3962 citra
1262 3906 1530 3962 rationem
1560 3905 1832 3960 haesitatio
1866 3919 1976 3957 non
2009 3914 2119 3969 est,

537 4014 592 4059 et
608 4003 944 4073 propositum
967 4015 1028 4053 ac
1056 3998 1181 4053 linis
1198 3999 1265 4052 ab
1287 3998 1476 4053 eadem
1509 3997 1726 4068 longius
1759 4011 1865 4051 non
1894 3995 2119 4060 recedit,

537 4111 662 4165 quae
689 4094 851 4149 ambo
877 4091 1058 4146 statim
1090 4088 1470 4145 ostendentur.
1506 4086 1813 4155 Responsio
1844 4085 2118 4155 siquidem

539 4185 610 4239 ab
641 4198 705 4237 ea
731 4225 745 4249 ,
779 4182 846 4236 de
877 4178 1076 4250 quibus
1122 4177 1351 4234 dubium
1399 4176 1740 4249 propositum
1767 4185 1872 4242 est,
1908 4174 2123 4229 dubita.

538 4276 763 4340 tionem,
792 4282 1058 4344 quantum
1098 4270 1173 4325 sit
1219 4269 1415 4324 rationi
1449 4277 1819 4325 consentanea
1846 4306 1861 4332 ,
1893 4267 2122 4322 demon—

539 4362 757 4430 strabit,
788 4380 889 4419 nec
919 4363 1101 4418 minus
1135 4371 1442 4431 compotem
1497 4360 1642 4415 illius
1684 4373 1809 4416 esse
1841 4358 2002 4412 tinem
2031 4358 2124 4413 dc-

536 4457 769 4512 clarabit
797 4470 811 4508 :
848 4470 971 4510 cum
1000 4455 1179 4524 palam
1209 4454 1467 4510 omnibus
1488 4454 1597 4517 lict,
1634 4452 1727 4520 qui
1759 4450 1877 4505 bare
1898 4464 2123 4519 percur-

2227 3253 2557 3327 ϐαλλόμεθα.
2592 3254 2706 3319 Τὰς
2737 3254 2847 3326 γὰρ
2888 3257 3167 3327 ἡμετέρας
3219 3259 3383 3330 ἡμεῖς
3417 3261 3668 3329 ἐφιέντες
3723 3279 3809 3318 σοι

2226 3347 2685 3417 ἑπισκεπτομένῳ
2711 3349 2952 3418 γραφὰς,
2987 3348 3145 3403 εἵπου
3170 3367 3223 3403 τι
3254 3352 3581 3422 ἐρωτήσεως
3610 3353 3807 3423 δεόμε-

2226 3454 2318 3491 νον
2377 3437 2474 3492 καὶ
2517 3436 2926 3510 ἀκριϐεστέρας
2975 3438 3321 3512 συζητήσεως
3352 3442 3491 3507 δόξει
3527 3460 3634 3507 σοι,
3670 3447 3812 3514 ἐρωο

2225 3530 2348 3600 τᾷν.
2401 3529 2499 3584 καὶ
2536 3528 3048 3604 πολυπραγμονεῖν,
3102 3533 3197 3587 καὶ
3241 3534 3559 3606 ἀνερευνᾷν,
3604 3537 3808 3593 ἀπολο-

2227 3621 2446 3688 γεῖσθαι
2472 3622 2568 3677 καὶ
2593 3623 2758 3678 πάλιν
2789 3625 2874 3692 ἐφ’
2897 3619 2978 3690 οἷς
3009 3626 3104 3680 καὶ
3128 3624 3224 3679 νῦν
3256 3626 3537 3697 διαπορῶν
3566 3628 3808 3700 ἐρωτᾷς,

2223 3714 2485 3787 δυσχερὲς
2517 3715 2671 3770 οὐδὲν
2715 3716 3001 3789 ἡγούμεθα
3041 3717 3307 3792 οὐδαμοῦ,
3347 3720 3442 3774 καὶ
3474 3718 3697 3791 μάλισθ’
3725 3721 3809 3775 ὅτι

2227 3809 2323 3861 καὶ
2358 3808 2391 3878 ή
2420 3807 2750 3879 διαπόρησις
2777 3809 3022 3877 ἔλλογος;
3052 3810 3147 3864 καὶ
3182 3811 3274 3863 ἐπὶ
3304 3811 3507 3881 ὲλλόγῳ
3542 3812 3807 3882 γινομένη

2226 3915 2311 3954 σοι
2350 3899 2427 3972 τῷ
2468 3899 2686 3971 σποπῷ,
2717 3901 2861 3973 ἅπερ
2891 3902 2956 3972 δὴ
2987 3902 3278 3973 ἀμφότερα
3303 3902 3397 3957 καὶ
3422 3901 3626 3957 αὐτίκα
3661 3903 3809 3972 μάλα

2224 3995 2573 4067 δειχθήσεται
2604 4013 2618 4027 ’
2649 3997 2684 4067 ἡ
2715 3996 2822 4068 γὰρ
2859 3997 2950 4049 ἐπὶ
2974 3998 3085 4060 τοῖς
3115 3996 3545 4068 διηπορημένοις
3573 3997 3809 4066 ἀπόκρι-

2226 4104 2336 4153 σις,
2366 4088 2466 4158 τῆς
2494 4105 2553 4140 τε
2580 4089 2814 4160 ἀπορίας
2845 4089 3190 4160 παραστήσει
3219 4088 3278 4142 τὸ
3315 4087 3556 4158 ἔλλογον,
3596 4089 3692 4142 καὶ
3718 4087 3809 4141 τὸν

2228 4182 2434 4235 σκοπὸν
2459 4182 2613 4236 οὐδὲν
2639 4176 2804 4254 ἦττον
2833 4184 3087 4253 μετέχειν
3111 4181 3304 4236 τούτου
3340 4182 3649 4253 ἀποφανεῖ·
3680 4198 3811 4234 παν-

2224 4273 2316 4335 τὸς
2337 4272 2433 4326 τοῦ
2467 4276 2580 4336 τοῖς
2611 4271 2881 4343 παροῦσιν
2903 4273 3327 4344 ἐντυγχάνοντος
3357 4269 3610 4325 ἐντεῦθεν
3632 4270 3808 4338 διαγι-

2225 4361 2532 4427 νώσκοντος
2565 4361 2801 4432 σπουδὴν
2826 4358 2966 4415 εἶναι
3004 4379 3087 4415 σοι
3126 4362 3219 4415 τὸν
3248 4361 3476 4427 σκοπὸν,
3506 4362 3559 4414 εἰ
3591 4364 3692 4413 πού
3725 4378 3807 4421 τις

2225 4453 2335 4505 τῶν
2365 4455 2466 4525 τῆς
2488 4453 2747 4524 ἀληθείας
2781 4455 3143 4523 ὲπηρεαστῶν
3181 4455 3504 4523 ὲπιφυῆναι,
3536 4446 3622 4515 οἷς
3645 4450 3805 4514 αὐτὸς
3912 4480 3927 4493 τ

536 4551 728 4612 rerint.
756 4548 917 4604 linem
955 4548 1086 4603 illuc
1115 4550 1334 4603 tendere
1361 4557 1539 4611 tuum,
1576 4554 1636 4599 ut
1671 4544 1715 4600 si
1741 4544 2012 4613 quispiam
2048 4559 2116 4597 ex

2230 4547 2451 4617 φθάνων
2488 4546 2806 4619 ·διαπορεῖς,
2874 4546 3147 4619 ἐθελήσει,
3211 4546 3395 4619 ῥᾴδιον
3448 4545 3595 4615 ἔχειν
3646 4543 3806 4597 αὐτὸν

538 4638 667 4709 illis,
695 4639 788 4707 qui
820 4639 1102 4692 veritatem
1142 4639 1485 4693 insectantur
1507 4676 1521 4701 ,
1555 4634 1624 4689 de
1673 4634 1875 4705 quibus
1903 4644 1959 4689 tu
2004 4634 2116 4704 jam

2228 4637 2658 4710 ἀποκρούεσθαι.

539 4740 698 4795 antea
724 4728 1074 4793 addubitasti,
1102 4728 1309 4798 aliquid
1337 4743 1654 4799 Oppugnare
1675 4733 1905 4782 conatus
1938 4723 2121 4795 fuerit,
2163 4740 2495 4802 promptam,
2557 4746 2668 4802 qua
2720 4730 2973 4786 eumdem
3044 4727 3295 4785 refellere
3344 4728 3545 4800 possis,
3577 4744 3808 4798 respon-

538 4822 663 4879 sicn
678 4837 749 4874 *m
779 4819 1005 4877 habeas.

609 4915 665 4967 2.
704 4912 782 4968 Ne
816 4913 998 4983 itaque
1027 4930 1213 4969 eurum
1262 4913 1453 4971 notitia
1486 4912 1692 4971 diutius
1720 4913 2028 4981 differatur,
2054 4916 2123 4970 de

539 5007 742 5075 quibus
777 5006 1050 5061 dubitatio
1098 5016 1245 5060 mnta
1297 5018 1403 5071 est,
1439 5021 1604 5075 super
1656 5008 1934 5062 nonnullis
1984 5008 2120 5062 meis

537 5104 697 5151 antea
756 5097 1048 5167 publicatis
1104 5098 1265 5153 dictis
1289 5137 1305 5164 ,
1341 5098 1609 5153 dubitatio
1632 5139 1647 5161 ,
1682 5101 1883 5169 quibus
1917 5110 1972 5155 tu
2001 5117 2119 5154 eam

418 5214 421 5217 -
534 5190 719 5245 verbis
744 5190 1100 5260 proposuisti,
1129 5189 1408 5260 digerctur
1439 5206 1452 5241 :
1499 5200 1725 5259 tumque
1757 5192 1825 5246 ad
1869 5192 2120 5246 eamdem

538 5284 826 5351 responsio
849 5322 863 5345 ,
895 5281 962 5334 de
1009 5280 1208 5350 quibus
1252 5280 1560 5336 dubitatum
1590 5295 1695 5344 cst.
1729 5291 2120 5352 consequetur.

538 5373 742 5428 Scribit
773 5373 918 5429 enim
954 5373 1184 5444 Cyprius
1219 5373 1453 5440 quodam
1487 5373 1541 5427 in
1571 5374 1690 5429 loco
1713 5391 1937 5430 suorum
1957 5373 2125 5429 Com-

537 5466 932 5520 mentariorum
1002 5464 1087 5520 his
1139 5464 1431 5533 ipsissimis
1485 5466 1718 5522 verbis:
1789 5486 1809 5519 ι
1865 5466 2117 5523 Audetne

540 5557 812 5626 quispiam
842 5556 984 5610 inter
1010 5570 1112 5611 nos
1140 5570 1410 5625 asserere,
1434 5574 1499 5612 ex
1524 5558 1666 5615 Filio
1694 5556 1957 5628 Spiritum
1988 5575 2119 5628 pro-

542 5644 771 5711 cedere,
812 5647 1271 5716 quemadmodum
1334 5664 1525 5719 ncmpc
1574 5660 1626 5706 ct
1682 5644 1748 5708 ex
1804 5649 2004 5706 Patre?
2056 5652 2120 5703 Et

612 5826 657 5861 ³³
681 5827 831 5892 Deut.
869 5847 1033 5893 xxxii,
1064 5832 1113 5895 ἴ.

2302 4911 2370 4984 β’.
2405 4911 2506 4966 Ἷν⁹
2531 4907 2625 4965 οὖν
2652 4912 2728 4982 μὴ
2768 4912 2860 4965 ἐπὶ
2893 4912 3056 4965 πλέον
3089 4912 3262 4966 ταῦτα
3292 4912 3386 4966 καὶ
3413 4913 3809 4980 ἀγνοοῖτο,τῶν

2231 5006 2320 5075 ἐφ’
2343 5001 2432 5068 αἶς
2453 5007 2487 5074 ὴ
2527 5004 2731 5073 ἀπορία
2760 5002 3236 5075 προηγησαμένων
3272 5019 3363 5072 μοι
3388 5003 3624 5073 ῥήσεων,
3657 5006 3809 5077 καὶή

2233 5101 2439 5168 ἀπορία
2478 5099 2617 5166 πρὸς
2647 5096 2790 5161 λέξιν
2820 5097 3123 5166 ῥηθήσεται
3153 5113 3166 5129 ο
3202 5096 3297 5149 καὶ
3324 5098 3357 5165 ή
3399 5097 3492 5148 ἐπὶ
3526 5099 3642 5159 τοῖς
3686 5081 3806 5171 διή-

2233 5189 2567 5262 πορημὲνοις
2594 5188 2955 5259 ἀκολουθήσει
2982 5187 3297 5258 ἀπόκρισις.
3327 5187 3538 5256 Γράφει
3578 5189 3678 5257 μὲν
3702 5191 3812 5260 γάρ

2233 5301 2338 5336 που
2364 5283 2474 5335 τῶν
2505 5281 2627 5335 καθ’
2656 5283 2689 5351 ή
2699 5282 2814 5352 μῶν
2847 5280 3302 5351 συγγραμμάτων
3331 5279 3528 5336 ἑαυτοῦ
3564 5281 3812 5351 Κύπριος

2234 5376 2425 5439 αὐταῖς
2451 5374 2653 5430 οὑτωσὶ
2685 5375 2890 5440 λέξεσι·
2940 5393 2956 5425 ι
2996 5373 3188 5446 Τολμᾷ
3228 5393 3314 5438 τις
3365 5376 3423 5428 ὲν
3454 5375 3589 5445 ἡμῖν
3628 5376 3811 5444 λέγειν

2229 5465 2314 5519 ὄτι
2359 5468 2456 5519 καὶ
2479 5466 2541 5519 ὲκ
2564 5465 2658 5520 τοῦ
2690 5464 2824 5520 Υἱοῦ
2853 5466 2913 5519 τὸ
2944 5465 3171 5537 Πνεῦμα
3204 5466 3593 5537 ἐκπορεύεται,
3621 5467 3811 5537 ὥσπερ

2226 5556 2423 5625 ἀμέλει
2474 5557 2569 5610 καὶ
2620 5561 2683 5612 ἐκ
2730 5557 2824 5610 τοῦ
2882 5557 3138 5627 Πατρός;
3180 5558 3261 5612 ὅτι
3299 5560 3390 5611 καὶ
3435 5560 3463 5612 ὁ
3495 5559 3809 5627 Μονογενὴς

2227 5649 2399 5713 αἴτιος
2432 5650 2616 5719 αὐτοῦ,
2654 5652 2793 5705 καθὰ
2828 5652 2888 5722 δὴ
2923 5650 3014 5704 καὶ
3048 5652 3075 5705 ὀ
3112 5651 3199 5706 τὸν
3229 5653 3507 5723 Μονογετῆ
3539 5652 3804 5725 γεννήσας
