4002 6422
291 329 403 392 373

1404 337 1502 398 ΑΙ)
1540 337 2139 402 CONSTANTINUM
2182 343 2330 403 LIB.
2379 342 2494 404 III.

3454 337 3553 399 37$

295 446 501 516 Πατήρ
532 466 546 512 ;
595 466 612 500 ι
670 449 1117 520 Ἀπολογούμεθα
1147 451 1204 504 δὲ
1232 451 1394 520 ἡμεῖς
1421 454 1576 507 ταῦθ’
1620 453 1761 507 οὕτω
1788 456 1882 507 καὶ

2001 453 2308 526 Unigenitus
2354 458 2427 511 ita
2461 455 2608 513 illius
2639 456 2744 512 erit
2770 468 2934 513 causa
2961 496 2976 522 ,
3007 454 3466 527 quemadmodum
3502 461 3556 506 et

292 536 447 590 αὐτὰ
478 537 572 591 ἐπὶ
598 539 800 606 λέξεων
829 541 1041 612 ἔχοντα.
1087 543 1149 594 Ὢ
1192 539 1304 594 οἷον
1345 543 1568 614 ἀρτύεις
1591 543 1679 595 τὸν
1707 543 1878 607 δόλον,

291 628 403 681 καὶ
438 630 605 684 πόσον
640 647 724 685 σοι
769 635 880 697 τοῖς
933 634 1144 705 ῥήμασι
1191 634 1252 686 τὸ
1301 635 1593 706 περίεργον
1623 636 1877 697 ἑνεστινς

309 718 518 788 Ἡμεῖς
565 721 655 774 διὰ
701 724 892 777 πασῶν
941 725 1050 778 τῶν
1100 725 1387 795 ἡμετέρων
1436 726 1663 796 γραφῶν
1706 727 1767 780 τὸ
1817 729 1880 780 ὲκ

295 810 524 880 Πατρὸς
573 812 643 865 δι’
678 812 811 866 Υίοῦ
857 815 1254 885 ἐκπορεύεσθαι
1289 815 1540 886 στέργειν
1575 815 1670 868 καὶ
1715 832 1883 884 πρεσ-

295 901 496 955 ϐεύειν
547 902 944 971 ὁμολογοῦντες
996 904 1130 973 πρὸς
1162 905 1261 975 τὴν
1297 907 1520 974 εἰρήνην
1557 905 1666 958 τῶν
1692 905 1792 977 τὴν
1822 905 1882 969 ἐξ

295 994 510 1061 ἀμφοῖν
547 993 817 1060 λεγόντων
848 994 1193 1066 ἑκπόρευσιν,
1226 996 1302 1059 ὡς
1339 996 1535 1050 ὀπαδοὶ
1583 998 1676 1050 καὶ
1711 1015 1881 1066 μιμη-

298 1087 395 1138 ταὶ
421 1084 533 1136 τῶν
550 1085 647 1138 ἐπὶ
665 1085 1078 1153 συγκαταΰὰσει
1107 1087 1216 1141 τινὶ
1243 1086 1336 1140 καὶ
1360 1087 1645 1158 οἰκονομίᾳ
1675 1088 1881 1140 τοιαῦτ’

299 1177 443 1229 ἄττα
475 1175 742 1242 θεοφιλῶς
791 1175 1253 1245 διαπραξαμένων
1297 1178 1557 1247 Πατέρων
1595 1179 1752 1247 ἡμῶν
1783 1178 1880 1249 ﬁl-

299 1265 498 1332 θομεν.
531 1266 604 1318 ΣΞ)
632 1265 706 1331 δὲ,
741 1267 820 1329 ὡς
851 1265 909 1330 ἐξ
939 1267 1104 1320 αὑτοῦ
1135 1268 1228 1321 τοῦ
1262 1269 1498 1340 Πατρδς,
1530 1269 1670 1322 οὕτω
1703 1271 1795 1323 καὶ
1820 1273 1883 1321 ἐκ

299 1356 398 1409 τοῦ
435 1355 566 1408 Υἱοῦ
599 1357 999 1425 ἐκπορεύεσθαι
1023 1360 1171 1430 ἡμᾶς
1197 1359 1256 1411 τὸ
1299 1361 1520 1430 Πνεῦμα
1554 1361 1733 1429 λέγειν
1770 1362 1885 1414 δια-

302 1439 719 1517 ϐεϐαιούμενος,
751 1451 870 1513 πῶς
892 1452 1014 1522 οὖχὶ
1041 1455 1135 1506 καὶ
1161 1453 1378 1524 πρῶτον
1401 1454 1496 1506 καὶ
1527 1455 1754 1525 ἀρχικὸν
1787 1455 1882 1508 τοῦ

309 1536 631 1602 Πνεύματος
667 1538 845 1590 αἴτιον
876 1539 968 1592 τὸν
1003 1541 1130 1593 Υίὸν
1159 1542 1341 1609 λέγειν
1372 1544 1518 1612 ἡμᾶς
1536 1543 1749 1614 ἔφης,ἢ
1790 1542 1886 1596 καὶ

309 1628 579 1698 προϐολέα
605 1628 697 1680 τοῦ
728 1630 1051 1700 Πνεύματος
1090 1634 1232 1688 κατὰ
1270 1635 1362 1688 τὸν
1389 1636 1633 1706 Πατέρα,
1665 1635 1806 1704 τάχα
1828 1634 1884 1688 δὲ

313 1715 409 1765 καὶ
435 1712 564 1765 Υἱοῦ
596 1714 757 1767 ἄλλου
787 1719 1110 1787 γεννήτορα,
1141 1720 1216 1782 ὼς
1249 1722 1428 1775 πάντα
1460 1723 1527 1775 τὰ
1554 1723 1648 1776 τοῦ
1674 1723 1887 1793 Πατρὸς

320 1803 729 1873 ἐξιδιωσάμενον
766 1823 782 1870 ;

313 1892 1149 1967 Μ.νογενὴ;ήμῖνπρεσόεύεται
1195 1903 1337 1956 κατὰ
1386 1905 1466 1970 σὲ,
1489 1905 1633 1960 καθὰ
1677 1907 1741 1974 δὴ
1795 1906 1888 1960 καὶ

310 1981 472 2044 αὐτὸς
500 1984 527 2034 ὁ
558 1984 650 2036 τὸν
693 1988 978 2058 Μονογενῆ
1026 1992 1295 2061 γεννήσας
1345 1994 1558 2066 Πατὴρ,
1615 1997 1888 2068 πρεσϐευ-

306 2071 429 2143 θείη
488 2074 554 2128 ἂν
590 2077 684 2129 καὶ
725 2081 956 2150 ἀρχικὸν
1005 2082 1178 2137 αἴτιον
1207 2086 1351 2139 κατὰ
1385 2089 1478 2144 τὸν
1521 2091 1767 2162 Πατέρα,
1798 2092 1892 2146 καὶ⁵

307 2164 509 2234 Πατὴρ
545 2165 697 2220 ἔσται
729 2171 847 2223 ἀνθ’
880 2171 1009 2224 Υίοῦ
1037 2187 1053 2202 ⁶
1087 2176 1182 2228 καὶ
1214 2177 1386 2230 πολλὰ
1433 2181 1662 2235 τοιαῦτα
1693 2183 1895 2236 ἐπακο-

298 2256 565 2323 λουθήσει
616 2262 688 2315 τὰ
730 2263 930 2330 ἄτοπα,
966 2259 1042 2320 ὧν
1071 2267 1164 2323 ἐπὶ
1201 2269 1302 2340 τὴν
1346 2268 1444 2342 σὴν
1489 2272 1522 2343 η
1571 2272 1892 2344 βλασφημία

300 2349 569 2420 τρέποιτο
599 2356 862 2427 κεφαλήν.

380 2538 453 2606 γ’.
487 2541 673 2596 Ταῦτά
709 2562 791 2598 σοι
823 2546 890 2600 τὰ
938 2548 1100 2619 ῥητὰ,
1131 2544 1206 2603 ὧν
1246 2550 1307 2604 τὸ
1354 2553 1454 2621 μὲν
1489 2552 1736 2624 Κύπριος
1771 2553 1894 2607 καθ’

308 2633 495 2701 ἡμῶν,
531 2634 590 2688 τὸ
619 2635 666 2688 δ’
694 2639 860 2707 ἡμεῖς
883 2641 1020 2710 πρὸς
1051 2643 1150 2711 τὴν
1181 2642 1322 2696 κατὰ
1357 2645 1608 2714 Κυπρίου
1639 2645 1900 2716 ἀντίρρη-

310 2738 423 2786 σιν,
460 2725 557 2794 τῆς
587 2725 824 2794 ἀπορίας
852 2729 921 2782 τὰ
955 2730 1213 2801 πρόξενα.
1249 2733 1460 2787 Οὐκοῦν
1499 2730 1574 2789 ὧν
1616 2751 1676 2787 τε
1720 2735 1899 2803 λέγεις

307 2811 613 2885 διαπορῶν,
679 2822 1104 2888 μνημοιευτέον,
1143 2825 1354 2894 ἀπάρτι
1407 2828 1498 2880 καὶ
1554 2827 1649 2897 τὴν
1699 2828 1794 2880 ἐπὶ
1833 2832 1898 2900 τῇ

310 2904 525 2977 ἀπορίᾳ
556 2905 710 2960 λύσιν
743 2909 1082 2966 ἑπεοεκτέον.
1108 2915 1179 2967 Σὺ
1213 2915 1312 2982 μὲν
1342 2917 1451 2988 γὰρ
1473 2918 1559 2973 διὰ
1589 2919 1650 2972 τὸ
1673 2936 1900 2990 περιερ-

306 2995 440 3062 ⁸τίαν
492 2999 642 3069 ἡμᾶς
692 3002 788 3056 καὶ
830 3002 982 3056 δόλον
1011 3003 1304 3076 ὀνομάζειν
1349 3009 1627 3080 Κυπρίου,
1675 3011 1736 3064 τὸ
1776 3011 1901 3066 καθ’

844 1808 906 1859 Εἰ
956 1786 1065 1879 γὰρ
1119 1812 1292 1874 αἴτιος
1347 1812 1440 1866 τοῦ
1488 1786 1808 1884 Πνεύματοέ
1860 1786 1961 1869 ὁΒ

1984 551 2077 616 qui
2123 544 2468 616 Unigenitum
2501 549 2686 617 genuit
2720 548 2922 603 Pater?
2951 546 3049 603 His
3079 547 3270 602 iisdem
3303 544 3554 605 vocibus.

1985 639 2268 706 utjacent.
2305 642 2720 710 respondemus.
2762 641 2806 694 0
2843 655 3008 711 quam
3047 641 3185 693 mala
3221 638 3410 692 fraude
3443 651 3555 690 rem

1983 730 2098 800 agis
2140 740 2190 786 et
2231 748 2394 802 quam
2438 734 2655 789 curiose
2705 733 2989 803 rogitando
3028 731 3324 786 Obtundis!
3357 727 3467 782 Nos
3505 728 3558 780 in

1983 823 2236 878 omnibus
2265 824 2462 879 nostris
2511 825 2900 894 scriptionibus
2938 840 3004 878 ex
3047 823 3208 877 Patre
3240 836 3334 890 per
3360 819 3558 874 Filium

1984 915 2296 984 procedere,
2332 915 2618 984 amplecti,
2657 914 3076 983 exosculariquc
3121 920 3454 974 asserentes,
3494 905 3558 963 a‘d

1985 1007 2244 1061 unionem
2293 1022 2358 1062 ex
2394 1015 2626 1076 utroque
2677 1007 3085 1075 processionem
3134 1005 3403 1074 probant,
3443 1011 3554 1056 tum

1990 1097 2154 1151 veluti
2175 1112 2438 1166 sequaces
2459 1105 2623 1167 atque
2654 1097 2957 1152 imitatores
2975 1097 3193 1151 Patrum
3219 1103 3554 1156 nostrorum,

1985 1189 2077 1258 qui
2102 1189 2168 1243 de
2196 1189 2374 1258 rigore
2417 1190 2559 1258 juris
2613 1188 2816 1258 aliquid
2860 1189 3232 1249 demittentes,
3283 1196 3335 1240 et
3362 1184 3474 1254 pie,
3507 1193 3558 1235 rt

1991 1281 2069 1334 uti
2110 1279 2204 1334 Dei
2251 1279 2457 1336 amicos
2505 1279 2821 1346 addecebat,
2873 1280 2929 1334 in
2962 1281 3284 1335 sententiam
3326 1276 3558 1330 aliorum

1985 1370 2250 1424 abeuntes
2270 1369 2474 1439 aliquid
2501 1377 2847 1441 peregerunt,
2871 1369 3265 1423 concessimus.
3295 1368 3376 1422 Tu
3405 1379 3560 1430 vero,

1985 1476 2086 1516 nos
2117 1463 2192 1516 uti
2229 1478 2293 1516 ex
2324 1464 2443 1532 ipso
2468 1463 2651 1527 Patre,
2683 1462 2755 1516 ita
2791 1473 2842 1516 et
2871 1478 2935 1516 ex
2963 1461 3101 1516 Filio
3132 1460 3397 1531 Spiritum
3436 1474 3566 1527 pro-

1985 1552 2178 1607 cedere
2206 1568 2474 1615 asserere,
2505 1562 2759 1608 astruens
2781 1594 2796 1617 ,
2830 1569 3000 1623 quare
3029 1569 3134 1607 non
3166 1563 3220 1607 et
3251 1549 3565 1620 primariam

1989 1657 2053 1696 ac
2084 1644 2406 1711 praecipuam
2432 1643 2667 1712 Spiritus
2695 1658 2915 1699 causam
2949 1641 3172 1705 Filium,
3203 1651 3298 1697 aut
3326 1639 3565 1709 Spiritus

1990 1735 2067 1788 uti
2097 1744 2151 1788 et
2201 1734 2412 1789 Patrem
2467 1735 2889 1805 productorem,
2943 1734 3082 1790 forte
3127 1736 3291 1789 etiam
3343 1733 3568 1788 alterius

1992 1826 2110 1880 Filii
2143 1827 2476 1896 genitorem,
2523 1837 2778 1897 tanquam
2837 1831 2926 1897 qui
2957 1827 3176 1896 omnia,
3225 1841 3346 1895 qum
3386 1825 3565 1878 Patris

1993 1928 2142 1980 sunt,
2179 1919 2281 1973 sibi
2325 1918 2585 1983 vindicat,
2625 1920 2808 1974 dicere
2842 1934 2946 1973 non
2980 1918 3299 1974 affirmasli?
3323 1915 3569 1984 Namque

1994 2011 2038 2064 si
2073 2009 2312 2080 Spiritus
2344 2025 2508 2066 causa
2531 2009 2882 2080 Unigenitus,
2919 2010 3196 2080 tejudice,
3231 2011 3567 2071 decernitur,

1995 2101 2455 2169 quemadmodum
2481 2141 2496 2166 ,
2529 2111 2583 2158 et
2613 2105 2702 2172 qui
2737 2103 3093 2174 Unigenitum
3135 2112 3358 2174 generat
3389 2101 3570 2166 Pater,

1994 2193 2320 2250 decernetur
2362 2197 2554 2265 utique
2591 2205 2644 2251 et
2691 2183 2946 2266 primaria
3007 2210 3175 2250 causa
3221 2210 3374 2263 reque
3410 2203 3573 2260 atque

1993 2284 2154 2340 Pater
2191 2295 2296 2354 est,
2326 2297 2380 2343 et
2414 2303 2510 2356 pro
2541 2286 2680 2341 Filio
2713 2287 2874 2342 Pater
2899 2289 3110 2355 eradet,
3145 2297 3200 2343 et
3241 2287 3409 2342 multa
3445 2285 3573 2339 talia

1996 2379 2234 2433 absurda
2269 2379 2694 2449 subsequentur,
2723 2395 2957 2451 quorum
2979 2380 3317 2450 blasphemia
3338 2379 3392 2434 in
3419 2394 3569 2432 tuum

1998 2477 2244 2523 vertatur
2278 2478 2460 2539 caput.
3062 2475 3068 2479 ’

2069 2560 2122 2612 5.
2158 2558 2223 2612 Et
2261 2560 2376 2614 haec
2402 2560 2620 2629 quidem
2672 2561 2840 2624 dicta,
2872 2579 3103 2631 quorum
3137 2563 3368 2618 alterum
3414 2576 3550 2615 con—

2001 2659 2084 2705 tra
2121 2665 2222 2706 nos
2276 2651 2509 2723 Cyprius
2562 2652 2816 2718 eﬂ‘utivit,
2867 2655 3096 2710 alterum
3151 2656 3293 2726 quod
3329 2669 3430 2708 nos
3466 2653 3570 2723 (2y-

2000 2742 2177 2812 prium
2206 2746 2572 2814 oppugnando
2601 2746 2936 2803 adduximus
2982 2748 3342 2802 dubitationis
3380 2746 3574 2816 preclu-

2001 2835 2088 2890 dia
2119 2834 2249 2890 sint.
2279 2835 2458 2902 Quare
2490 2852 2610 2907 qua:
2644 2854 2789 2893 nunc
2821 2849 2874 2892 tu
2899 2838 3056 2893 affers
3091 2839 3388 2893 luesitando
3421 2852 3542 2890 com
3563 2866 3576 2875 -

2003 2928 2352 2982 memoranda
2385 2938 2534 2995 sunt,
2592 2938 2706 2984 tum
2761 2931 2980 2985 demum
3040 2931 3194 2986 dubii
3246 2929 3446 2985 solutio
3477 2930 3574 2982 atl-

1999 3017 2298 3088 jungenda.
2332 3017 2414 3074 Tu
2469 3019 2516 3075 si
2571 3020 2817 3090 quidem,
2852 3021 3001 3091 quod
3063 3036 3164 3078 nos
3198 3021 3571 3076 curiositatem

310 3087 480 3155 ⁴ἡμῶν
511 3089 688 3158 λέγειν
719 3093 907 3158 αύτὸδ,
945 3093 1021 3158 ὡς
1064 3096 1124 3148 τὸ
1155 3097 1384 3169 Πνεῦμα
1423 3101 1489 3154 ἑκ
1521 3101 1616 3155 τοῦ
1649 3101 1780 3156 Υίοῦ
1810 3103 1898 3156 λε-

2003 3087 2057 3162 et
2103 3087 2350 3162 fraudem
2381 3087 3003 3180 Cyprii—nuncupamus,
3051 3111 3193 3180 quod
3235 3111 3325 3165 ille
3377 3109 3571 3164 adver-

305 3181 550 3254 γόμενον
601 3185 1031 3260 ἐκπορεύεσθαι,
1080 3187 1272 3261 ὥσπερ
1331 3192 1526 3263 ἀμέλει
1572 3193 1666 3248 καὶ
1710 3195 1776 3248 ἐκ
1805 3193 1898 3248 τοῦ

305 3280 551 3352 Πατρὸς,
581 3284 675 3337 καὶ
724 3285 811 3339 διὰ
838 3286 899 3340 τὸ
943 3285 1019 3359 μὴ
1045 3285 1368 3359 προσίεσθαι
1391 3287 1540 3358 ἡμᾶς
1587 3287 1668 3354 τὸ,
1710 3288 1785 3352 ὼς
1842 3287 1900 3356 ἑξ

308 3376 487 3429 αὐτοῦ
520 3378 614 3431 τοῦ
649 3379 884 3451 Πατρὸς,
931 3379 1078 3435 οὕτω
1113 3381 1207 3436 καὶ
1246 3383 1312 3436 ἑκ
1352 3379 1448 3433 τοῦ
1482 3379 1612 3434 Υἱοῦ
1657 3380 1790 3434 αὐτὸ
1813 3382 1902 3436 ὲκ-

310 3467 674 3535 πορεύεσθαι,
709 3471 944 3526 δεδιέναι
985 3471 1166 3542 λέγεις
1206 3473 1506 3544 διαπορῶν,
1547 3473 1620 3542 μή
1655 3474 1784 3526 ποτέ
1819 3489 1904 3537 τις

310 3559 430 3613 τῶν
469 3561 572 3630 τῆς
601 3562 862 3634 ἀληθείας
892 3563 1105 3635 ἐχθρῶν
1145 3565 1345 3629 αὐτοὺς
1375 3566 1590 3628 ἑαυτοῖς
1632 3565 1778 3635 ἡμᾶς
1809 3582 1907 3619 πε-

320 3651 610 3721 ριπίπτειν
649 3656 1084 3720 καταιτιάσαιτο,
1120 3657 1216 3712 am
1246 3657 1310 3726 δὴ
1359 3655 1635 3725 πολλαχοῦ
1669 3657 1769 3728 μὲν
1798 3657 1905 3710 τῶν

314 3743 612 3814 ἡμετέρων
657 3747 890 3816 γραφῶν
917 3750 982 3801 ἐκ
1028 3749 1299 3818 διαφόρων
1329 3747 1622 3816 θεολογιῶν
1669 3747 1770 3820 τὴν
1813 3747 1906 3802 ἐπὶ

311 3837 387 3905 τῇ
418 3837 574 3907 αἰτία
603 3839 698 3892 τοῦ
732 3839 1051 3908 Πνεύματος
1081 3842 1318 3911 ἑνότητα
1355 3842 1448 3894 τοῦ
1492 3841 1707 3910 Πατρὺς
1757 3858 1908 3895 συνι-

313 3929 572 3992 οτῶντας
603 3934 698 3983 καί
724 3930 821 3983 τοῦ
862 3931 994 3984 Υίοῦ
1028 3950 1042 3962 ο
1072 3931 1309 3986 ἐνταῦθα
1346 3933 1404 3985 δὲ
1428 3932 1510 3998 τὸ,
1537 3930 1611 3994 ὡς
1646 3931 1704 3997 ἐξ
1736 3930 1904 3985 αὑτοῦ

312 4023 413 4075 τοῦ
451 4023 690 4093 Πατρὸς,
727 4024 870 4077 οὕτω
914 4025 1011 4079 καὶ
1054 4027 1120 4078 ἑκ
1164 4025 1258 4079 τοῦ
1306 4024 1438 4078 Υίοῦ
1481 4023 1544 4078 τὸ
1581 4024 1808 4094 Πνεῦμα
1844 4023 1906 4077 τὸ

314 4117 480 4184 ἅγιον
524 4117 947 4188 ἐκπορεύεσθαι,
989 4117 1130 4190 ὅπερ
1157 4119 1221 4189 δὴ
1261 4118 1362 4188 τὴν
1391 4116 1658 4187 τοιαύτην
1688 4135 1907 4189 προφα-

312 4210 425 4268 νῶς
483 4207 795 4280 συνίστησιν
839 4211 1090 4279 ἑνότητα,
1141 4209 1217 4281 μὴ
1270 4211 1672 4280 προσιεμένους
1728 4225 1742 4241 ο
1794 4211 1906 4264 οἵδε

315 4304 487 4372 ἡμεῖς
529 4301 748 4364 λύοντές
798 4321 879 4356 σοι
929 4304 1030 4374 τὴν
1078 4303 1335 4374 ἀπορίαν,
1383 4305 1476 4357 καὶ
1506 4303 1673 4358 ἄκουε
1713 4303 1802 4374 δή.
1845 4305 1907 4357 El

320 4396 425 4464 μέν
458 4411 521 4461 γε
544 4396 643 4464 τὴν
679 4396 774 4449 καὶ
807 4398 866 4463 ἑξ
911 4396 1087 4452 ἄλλων
1119 4397 1218 4466 μὲν
1251 4397 1502 4467 γραφῶν,
1536 4396 1633 4450 καὶ
1660 4397 1759 4464 τῆς
1788 4395 1906 4447 δια-

313 4483 632 4553 τρανούσης
672 4485 729 4537 δὲ
778 4484 876 4557 τὴν
920 4488 984 4538 ἑκ
1021 4487 1234 4554 Πατρὸς
1285 4487 1617 4557 ἑκπόρευσιν
1660 4485 1728 4539 δι’
1772 4485 1903 4539 Υἰοῦ
1939 4469 1980 4522 D

318 4576 704 4646 συναγομένην
731 4577 825 4629 τοῦ
867 4578 1084 4647 Πατρὸς
1114 4579 1210 4630 καὶ
1243 4577 1372 4630 Υίοῦ
1397 4577 1491 4630 ἐπὶ
1518 4580 1585 4648 τῇ
1607 4578 1702 4630 τοῦ
1737 4576 1908 4630 Πνεύ-

323 4684 501 4738 ματος
532 4668 682 4738 αἰτίᾳ
707 4668 956 4738 ἑνότητα,
979 4669 1260 4722 κάνταῦθα
1289 4669 1614 4740 αἰτιώμενος
1639 4669 1908 4740 Κύπριος,

322 4759 404 4822 ὼς
435 4759 534 4810 καὶ
567 4760 620 4812 ιν
651 4758 835 4822 ἄλλοις
867 4759 1123 4829 ἔγκλημα
1156 4757 1314 4832 ἡμῶν
1349 4761 1411 4812 τὸ
1441 4760 1623 4830 λέγειν
1653 4762 1799 4831 ἡμᾶς
1830 4762 1912 4815 ὅτι

318 4851 422 4905 καὶ
473 4851 535 4902 ἐκ
571 4849 666 4902 τοῦ
714 4850 846 4902 Υίοῦ
892 4851 955 4904 τὸ
1005 4851 1229 4922 Πνεῦμα
1277 4853 1659 4923 ἐκπορεύεται,
1719 4851 1908 4923 ὥσπερ

321 4942 522 5012 ἀμέλει
571 4943 664 4994 καὶ
699 4945 764 4996 ἑκ
799 4941 891 4996 τοῦ
926 4944 1140 5014 Πατρὸς
1174 4947 1442 5010 ἐποιεῖτο,
1483 4947 1542 4998 οὐ
1593 4947 1754 5015 μόνον
1807 4945 1908 4998 οὐκ

321 5035 709 5104 ἀπειπάμεθα,
769 5036 908 5088 ἀλλὰ
956 5037 1050 5089 καὶ
1107 5037 1249 5090 πάνυ
1309 5037 1376 5090 ἂν
1423 5037 1521 5095 τὴν
1568 5036 1909 5089 καταιτίασιν

327 5128 757 5199 προσηκάμεθα.
788 5127 863 5190 ὡς
894 5128 988 5180 ἐπὶ
1027 5128 1252 5190 πολλαῖς
1282 5128 1470 5191 ἄλλαις
1502 5127 1825 5194 θεολογίαις,
1844 5127 1910 5190 εἰς

327 5217 425 5271 ἐπὶ
453 5218 716 5268 συστάσει
740 5215 837 5283 τῆς
863 5216 953 5268 ἐπὶ
977 5219 1040 5286 τῇ
1075 5215 1226 5287 αἰτίᾳ
1256 5216 1350 5269 τοῦ
1383 5216 1698 5286 Πνεύματος
1727 5215 1914 5287 ἑνότη-

329 5323 429 5370 τος
464 5303 560 5359 τοῦ
592 5306 803 5374 Πατρός
834 5323 895 5359 τε
927 5307 1024 5360 καὶ
1053 5307 1148 5360 τοῦ
1183 5307 1311 5360 Υἱοῦ
1346 5309 1404 5361 ὲν
1432 5309 1550 5371 ταῖς
1590 5307 1750 5377 ἡμῶν
1783 5323 1915 5376 γρα-

336 5400 470 5467 φαῖς
494 5398 1002 5467 κατεστρώνννμεν,
1034 5400 1125 5452 καὶ
1165 5398 1265 5462 τὰς
1293 5400 1564 5471 Κυρίλλου
1610 5399 1915 5469 λαμϐάνον-

332 5504 451 5552 τες,
509 5486 573 5551 ἃς
623 5488 651 5539 ὁ
698 5488 854 5554 ἅγιος
915 5488 1177 5555 θεολογεῖ,
1243 5507 1262 5539 ς
1308 5487 1404 5541 νῦν
1449 5489 1549 5558 μὲν
1609 5489 1760 5558 παρᾶ
1821 5486 1916 5542 τοῦ

336 5579 551 5651 Harpe;
583 5579 923 5650 προχεῖσθαι,
942 5581 1108 5650 ἤγουν
1135 5579 1646 5649 ἐκπορείισθαι,νῦν
1675 5579 1731 5632 δὲ
1768 5579 1917 5650 παρὰ

413 5697 490 5766 (1)
531 5683 747 5750 [lorum
786 5696 1016 5751 alterum
1059 5704 1142 5750 est
1171 5711 1237 5750 ex
1267 5696 1513 5751 oratione
1541 5697 1606 5749 ad
1639 5697 1898 5753 monacho

2005 5698 2162 5765 cujus
2198 5707 2280 5754 est
2320 5698 2452 5754 illud
2488 5697 2815 5767 principium
2854 5713 2867 5749 :
2909 5695 2967 5749 τὸ
2998 5692 3290 5763 φιλομαθὲς
3321 5693 3411 5748 καὶ
3449 5694 3597 5763 φιλό-
3697 5703 3710 5710 ‘

342 5785 501 5826 πονον
521 5784 534 5798 ·
567 5769 800 5823 alterum
830 5780 894 5821 ex
931 5769 1176 5823 oratione
1203 5768 1267 5821 ad
1297 5767 1626 5822 Nestorium.

2004 3215 2098 3254 sus
2128 3215 2228 3256 nos
2277 3199 2506 3268 scribit,
2569 3216 2672 3257 nos
2723 3202 3020 3259 decernere
3074 3202 3341 3273 Spiritum
3388 3216 3452 3256 ex
3489 3199 3577 3254 Fi—

2003 3290 2075 3346 lio
2100 3291 2410 3360 procedere,
2441 3295 2902 3363 quemadmodum
2938 3310 3129 3363 nempe
3169 3303 3223 3350 ct
3251 3309 3319 3350 ex
3362 3293 3522 3348 Patre
3551 3312 3565 3345 :

2002 3393 2055 3438 et
2079 3382 2226 3454 quod
2263 3399 2363 3438 nos
2392 3400 2500 3440 non
2522 3385 2882 3451 admittimus,
2929 3386 3006 3441 uti
3044 3403 3112 3442 ex
3143 3387 3264 3456 ipso
3305 3385 3462 3438 Patre
3497 3384 3571 3463 ita

2005 3482 2059 3528 et
2088 3489 2153 3530 ex
2185 3473 2323 3531 Filio
2352 3491 2476 3531 eum
2507 3479 2824 3546 procedere,
2874 3477 3177 3532 dubitando
3223 3476 3382 3540 dicis,
3408 3485 3461 3532 te
3496 3475 3580 3530 ni-

2006 3566 2113 3622 mis
2149 3567 2292 3622 male
2319 3568 2532 3634 timere,
2566 3583 2635 3622 ne
2672 3569 2793 3638 quis
2822 3583 2888 3623 ex
2928 3570 3212 3624 veritatem
3265 3580 3584 3637 oppugnan-

2007 3655 2175 3722 tibus,
2231 3672 2332 3712 nos
2381 3657 2793 3728 nobismetipsis
2867 3658 3165 3729 pugnantia
3226 3657 3576 3713 cenferentes

2007 3746 2108 3801 alia
2131 3757 2295 3816 atque
2314 3745 2418 3802 alia
2434 3747 2748 3813 decernere,
2773 3758 3028 3817 tanquam
3050 3748 3142 3818 qui
3165 3747 3368 3817 passim
3395 3747 3580 3802 multis

2009 3838 2062 3892 in
2093 3849 2406 3893 nostrarum
2437 3839 2796 3909 scriptionum
2832 3840 2968 3896 locis
3013 3839 3248 3895 diversis
3292 3839 3581 3908 theologo-

2010 3947 2132 3986 rum
2185 3931 2513 3988 testimoniis
2557 3933 2612 3990 in
2665 3948 2830 3988 causa
2894 3931 3135 4002 Spiritus
3176 3932 3443 3987 unitatem
3480 3930 3582 3985 Pa-

2011 4022 2110 4078 tris
2142 4033 2195 4077 et
2229 4021 2350 4077 Filii
2386 4024 2726 4087 astruimns,
2786 4025 2876 4080 hic
2926 4041 3054 4080 vero
3106 4024 3263 4088 illud,
3321 4033 3578 4093 tanquam

2009 4129 2075 4168 ex
2112 4113 2233 4184 ipso
2272 4113 2460 4182 Patre,
2509 4115 2580 4170 ita
2625 4117 2791 4171 etiam
2825 4132 2891 4170 ex
2942 4113 3080 4170 Filio
3134 4115 3404 4185 Spiritum
3455 4130 3583 4168 sau-

2011 4214 2157 4260 ctum
2191 4208 2505 4275 procedere,
2544 4208 2688 4276 quod
2734 4207 2970 4262 similem
3004 4209 3260 4262 unionem
3289 4207 3572 4276 propalam

2012 4298 2319 4363 conﬁrmat,
2340 4314 2447 4353 non
2471 4300 2829 4364 admittimus,
2855 4300 3196 4357 criminetur.
3229 4297 3342 4353 Nos
3361 4299 3582 4354 dubita-

2013 4391 2217 4445 tionem
2241 4391 2315 4446 ita
2356 4391 2598 4447 tollimus
2627 4401 2681 4446 et
2724 4391 3010 4445 attendito.
3065 4390 3148 4456 Si,
3178 4406 3298 4460 quae
3341 4407 3406 4445 ex
3461 4391 3582 4444 aliis

2009 4483 2314 4552 scripturis,
2364 4493 2418 4538 et
2471 4498 2536 4538 ex
2573 4484 2638 4537 iis
2680 4483 3045 4553 potissimum,
3077 4483 3278 4552 quibus
3326 4499 3388 4538 ex
3426 4481 3586 4564 Patre

2009 4589 2105 4644 per
2157 4574 2356 4628 Filium
2407 4575 2688 4644 processio
2735 4574 3028 4639 astruitur,
3069 4573 3246 4629 Patris
3272 4583 3326 4630 et
3358 4572 3478 4628 Filii
3515 4574 3568 4628 in

2009 4679 2174 4719 causa
2208 4661 2444 4733 Spiritus
2477 4664 2656 4720 unitas
2679 4664 2976 4735 colligitur,
3005 4664 3093 4721 hic
3129 4665 3454 4722 criminatur
3483 4665 3584 4734 Cy-

2011 4755 2201 4823 prius,
2252 4755 2716 4825 quemadmodum
2766 4756 2911 4810 inter
2969 4755 3108 4810 alias
3169 4756 3586 4811 criminationes

2013 4849 2142 4901 illud
2203 4863 2423 4918 quoque
2461 4849 2636 4918 ponit,
2693 4848 2838 4918 quod
2861 4864 2972 4904 .nos
3010 4850 3286 4914 dicimus,
3333 4865 3399 4904 ex
3448 4847 3587 4903 Filio

2021 4939 2285 5008 Spiritum
2328 4939 2659 5010 procedere,
2721 4941 3184 5010 quemadmodum
3222 4956 3418 5012 nempe
3450 4951 3588 4995 etex

2017 5027 2198 5095 Patre,
2238 5039 2445 5085 tantum
2477 5031 2634 5088 abest
2669 5040 2728 5086 ut
2775 5047 2875 5087 nos
2923 5032 3133 5087 inﬁcias
3188 5032 3487 5097 iverimus,
3533 5041 3589 5084 ut

2018 5121 2458 5180 criminationen'i
2492 5123 2654 5178 etiam
2698 5123 2870 5192 ipsam
2924 5124 3127 5195 apertis
3157 5123 3303 5178 ulnis
3354 5123 3590 5191 excipia-

2021 5229 2160 5276 mus,
2189 5221 2448 5282 tanquam
2500 5214 2593 5283 qui
2639 5214 2782 5269 inter
2821 5214 3080 5285 pleraque
3132 5215 3236 5268 alia
3286 5214 3590 5281 theologica

2015 5302 2182 5364 dicta,
2215 5291 2336 5369 qua:
2361 5305 2426 5357 ad
2451 5304 2833 5359 stabiliendam
2863 5307 2914 5359 in
2954 5322 3118 5361 causa
3151 5304 3392 5373 Spiritus
3416 5304 3596 5358 Patris

2017 5405 2069 5448 et
2119 5393 2241 5449 Filii
2274 5397 2536 5451 unitatem
2591 5399 2646 5452 in
2679 5400 2884 5452 nostris
2941 5397 3334 5469 scriptionibus
3363 5397 3594 5465 digesta,

2020 5503 2080 5540 ea
2115 5503 2336 5558 quoque
2363 5489 2551 5559 Cyrilli
2582 5503 2955 5554 assumamus,
2987 5487 3372 5558 qum-Sanctus
3407 5485 3597 5540 deeer-
3681 5508 3684 5513 ·

2021 5580 2100 5632 nit
2135 5579 2209 5650 (l)
2248 5598 2260 5634 :
2300 5598 2317 5630 ι
2360 5595 2505 5636 nunc
2538 5596 2568 5634 a
2593 5580 2751 5634 Patre
2781 5579 3006 5642 eﬂ‘nndi,
3039 5575 3332 5647 procedere
3366 5575 3595 5641 scilicet,
