4002 6444
485 337 592 400 3’5

1511 349 1724 412 ΙΟΑΝ.
1765 353 1986 415 VECCI
2027 354 2136 416 (ΣΡ.
2179 357 2691 420 ΡΑΤΒΙΑΒΕΗΕ

3635 362 3748 424 376

483 468 635 509 nunc
685 469 813 508 vero
857 469 886 507 a
931 454 1071 512 Filio
1123 457 1344 523 cﬂ'undi,
1373 475 1392 510 ι
1429 474 1700 524 asserens,
1742 482 1762 514 ι
1797 463 2051 532 Spiritum

2165 465 2257 519 τοῦ
2290 466 2420 520 Υίοῠ
2458 470 2778 539 προχεῖσθαι
2817 488 2834 520 ι
2872 466 3048 536 λέγων
3076 485 3094 519 ι
3121 467 3180 521 τὺ
3205 469 3457 541 Πνεῦμα.
3489 470 3748 543 καθάπερ

483 545 945 614 quemadmodum
971 561 1164 616 nempe
1181 557 1234 602 et
1254 564 1321 605 ex
1355 549 1461 605 Deo
1477 559 1530 605 et
1559 549 1720 607 Patre
1752 571 1772 605 ι
1804 551 1870 607 Ει
1901 554 2061 624 quid—

483 650 610 690 nam
651 636 743 692 hic
776 637 889 706 agit
918 637 1152 710 Cyprius
1181 640 1428 696 YAnnon
1465 643 1583 698 haec
1607 641 1800 714 Cyrilli
1837 645 2058 701 decreta

483 727 648 782 nobis
692 729 747 784 in
791 729 1032 786 medium
1079 730 1306 802 profert,
1343 733 1472 793 dum
1509 735 1654 791 dicta
1696 745 1886 794 nostra
1942 737 2053 793 cri-

482 821 726 874 minatur
763 821 788 876 τ

551 913 608 968 4.
649 913 858 980 Quodsi
893 913 944 968 id
975 931 1086 970 non
1135 915 1324 983 fuerit,
1363 919 1459 974 sed
1499 920 1662 984 alius.
1699 905 1846 978 illius
1893 937 2058 978 accu-

481 1005 713 1060 sationis
759 1021 982 1076 scopas,
1043 996 1252 1064 crimen
1288 1025 1486 1081 nempe
1545 1013 1703 1068 nobis
1741 1015 2056 1084 appingere,

480 1095 624 1162 quod
671 1098 782 1149 dun
839 1099 1106 1168 principia
1169 1101 1622 1168 introducamus,
1665 1105 1796 1160 dum
1857 1106 2054 1162 Filium

479 1188 618 1239 citra
678 1187 1006 1258 principium
1050 1189 1292 1258 Spiritus
1347 1207 1594 1258 causam,
1635 1203 1690 1250 et
1738 1197 2056 1266 primariam

423 1269 434 1284 '
478 1275 722 1332 radicem
751 1279 826 1332 uti
867 1289 920 1333 et
958 1279 1121 1334 Pater
1141 1290 1244 1338 est.
1273 1283 1615 1352 proﬁtemur.
1642 1287 1801 1356 quasi
1824 1303 1888 1342 ex
1915 1290 2056 1343 duo-

475 1367 584 1422 ]:us
649 1372 918 1439 separatis
975 1382 1029 1426 ct
1085 1376 1152 1428 ab
1201 1390 1325 1431 sese
1394 1375 1670 1433 distinctis
1731 1380 2055 1449 principiis,

475 1474 599 1528 qua:
644 1462 856 1516 nullum
915 1464 1001 1518 sui
1053 1466 1381 1536 principium
1432 1480 1758 1538 agnoscunt,
1819 1471 2056 1542 Spiritus

478 1562 703 1608 sanctus
733 1564 921 1624 esset;
955 1560 1100 1628 quod
1161 1568 1355 1614 contra
1417 1576 1717 1631 opponere,
1765 1573 1817 1618 et
1863 1573 2056 1618 contra

475 1645 822 1702 committere
851 1649 1028 1717 palam
1060 1660 1144 1704 est
1173 1649 1369 1705 Filium
1403 1651 1572 1708 Patri.
1603 1651 1712 1709 Nec
1745 1653 1852 1708 alio
1887 1669 2057 1724 scopo

474 1738 707 1808 Cyprius
757 1750 1001 1795 nostram
1033 1744 1440 1799 accusationem
1485 1745 1784 1812 suscipere,
1847 1754 1902 1800 et
1937 1746 2057 1800 uni-

2165 559 2365 628 ἀμέλει
2395 578 2475 614 τοι
2503 563 2596 614 καὶ
2640 561 2795 632 παρὰ
2829 559 2924 615 τοῦ
2957 558 3093 613 Θεοῦ
3141 562 3236 614 καὶ
3282 563 3520 634 Πατρός.
3567 585 3583 616 ι
3631 565 3751 621 Καὶ

2165 651 2220 702 τί
2251 653 2358 722 γὰρ
2388 651 2519 706 ἄλλο
2546 653 2578 722 ἦ
2610 653 2712 718 τὰς
2751 653 3022 724 Κυρίλ).ου
3049 655 3255 719 ταύτας
3295 657 3429 726 ἡμῖν
3477 659 3751 728 προφέρει

2167 743 2492 813 θεολογίας,
2545 744 2615 797 τά
2681 745 2950 815 εἰρημένα
3018 746 3342 818 αἰτιώμενος
3423 749 3572 818 ἡμᾶς
3643 748 3756 802 Κύ-

2166 853 2326 906 πριος
2346 855 2361 902 ;

2233 926 2296 980 δ’.
2340 927 2492 982 Ἐπεὶ
2541 929 2598 982 δὲ
2652 930 2713 983 οὐ
2743 929 2918 996 τοῦτο,
2977 931 3115 986 ἀλλα
3143 947 3232 995 τις
3259 931 3420 994 ἄλλος
3459 930 3610 1000 αὐτῷ
3651 929 3754 984 νῦν

2169 1017 2506 1088 κατηγορίας
2569 1019 2813 1087 σκοπὸς,
2868 1021 3133 1094 δυαρχίας
3199 1021 3445 1092 δηλονότι
3495 1022 3755 1091 ἔγκλημα

2167 1107 2446 1178 προσάψαι
2475 1112 2628 1180 ἡμῖν,
2663 1111 2738 1172 ὡς
2767 1113 2861 1166 καὶ
2895 1114 2986 1166 τίον
3019 1114 3146 1166 Υίὺν
3187 1113 3352 1183 δῆθεν
3383 1115 3620 1184 ἄναρχον
3655 1113 3754 1166 τοῦ

2168 1197 2488 1268 Πνεύματος
2510 1201 2704 1266 αἴτιον,
2727 1203 2819 1255 καὶ
2849 1203 3086 1274 ἀρχικήν
3124 1205 3266 1257 κατά
3297 1203 3388 1256 τὸν
3415 1205 3635 1274 Πατέρα
3664 1203 3755 1272 ῥί-

2169 1290 2268 1354 ζαν
2298 1291 2736 1362 πρεσϐεύουσιν,
2786 1293 2977 1364 ὥσπερ
3047 1298 3094 1348 εἰ
3146 1295 3205 1358 ἐξ
3275 1285 3751 1368 ἀντιδιῃρηρένων

2165 1383 2418 1454 ἀνάρχων
2465 1384 2561 1438 δύο
2606 1387 2792 1456 ἀρχῶν
2829 1387 2887 1439 τὸ
2921 1385 3147 1456 Πνεῦμα
3197 1387 3257 1440 τὸ
3307 1388 3461 1452 ἅγιον
3487 1383 3575 1456 ἦν,
3609 1389 3754 1456 ὅπερ

2163 1474 2518 1538 ἀντιτιθέναι,
2547 1476 2640 1528 καὶ
2671 1477 3130 1546 ἀντιπαρεξάγειν
3171 1477 3468 1545 προφανῶς
3506 1478 3623 1530 ἐστι
3656 1479 3753 1530 τὸν

2162 1566 2292 1620 Υἱὺν
2317 1567 2395 1638 τῷ
2429 1568 2606 1641 Πατρί
2637 1585 2651 1599 ο
2693 1571 2831 1641 προς
2858 1572 2950 1623 τὸν
2984 1571 3069 1642 ἐφ’
3092 1563 3135 1639 ᾧ
3165 1572 3260 1623 καὶ
3292 1571 3595 1642 κατηγορεῖ
3620 1587 3754 1622 σκο-

2163 1658 2264 1712 πδν
2307 1659 2575 1730 Κύπριος,
2629 1661 2753 1714 κιθ’
2799 1661 2958 1732 ἡμῶν
3027 1660 3312 1732 προϐαίνει
3383 1663 3534 1714 πᾶσά
3593 1678 3658 1729 γε
3720 1664 3752 1732 ἡ

2163 1748 2514 1822 ἀντίρρησις.
2557 1751 2668 1805 Καὶ
2697 1752 2758 1804 οὐ
2787 1753 2851 1822 δὴ
2905 1754 3042 1819 πρὸς
3075 1752 3174 1815 τάς
3214 1753 3316 1822 τῆς
3361 1753 3746 1824 ἀντιρρήσεως

471 1842 687 1883 \crsam
725 1829 873 1884 illius
908 1832 1398 1889 contradictionem
1431 1851 1540 1888 non
1598 1835 1708 1890 alio
1737 1836 2045 1905 collimare,

2161 1841 2328 1909 λέξεις
2371 1844 2514 1897 κατὰ
2563 1844 2730 1915 μέρος
2756 1845 3111 1910 ἀποσκοπῶν,
3142 1844 3170 1896 ὃ
3214 1844 3359 1912 λέγω
3395 1861 3477 1896 σοι
3503 1885 3517 1909 ,
3554 1843 3751 1911 σαφῶς

467 1919 523 1974 si
587 1922 1040 1979 eontradictionis
1099 1925 1267 1980 verba
1325 1927 1540 1996 singula
1593 1927 2051 1994 considerareris,

473 2015 622 2080 quod
672 2015 768 2093 tihi
793 2015 938 2082 dico,
1000 2017 1162 2087 plane
1201 2017 1512 2088 diguosces.
1567 2018 1865 2074 Considera
1923 2020 2054 2074 dum

473 2103 708 2174 Cyprius
747 2117 972 2162 accusat
999 2106 1146 2178 quod
1177 2109 1496 2164 enuntiatur
1526 2124 1556 2164 a
1583 2109 1766 2176 nobis,
1808 2125 1869 2166 ex
1915 2109 2056 2165 Filio

477 2195 747 2265 Spiritum
780 2199 1096 2267 procedere,
1144 2200 1610 2270 quemadmodum
1661 2217 1858 2272 nempe
1895 2212 1950 2256 et
1981 2218 2047 2256 ex

473 2286 662 2356 Patre,
700 2303 810 2344 non
858 2290 1181 2362 simpliciter
1232 2301 1334 2348 nos
1370 2309 1434 2347 ex
1465 2291 1629 2350 Patre
1663 2303 1712 2349 ct
1743 2293 1882 2350 Filio
1927 2295 2051 2364 Spi-

474 2380 644 2434 ritum
699 2382 996 2451 procedere
1030 2383 1355 2454 rejicimus,
1388 2389 1482 2440 sed
1514 2401 1638 2441 cum
1675 2386 1744 2441 ad
1795 2387 2051 2440 unionem

473 2488 544 2528 ex
600 2483 830 2544 utroque
890 2479 1300 2546 pt'ocessioncm
1353 2481 1714 2535 asserentium
1772 2481 1953 2534 venire
1979 2479 2057 2532 fa-

474 2574 712 2632 teantur,
741 2577 998 2635 tanquam
1031 2569 1122 2640 qui
1153 2585 1272 2624 eam
1301 2586 1422 2640 qua:
1447 2585 1512 2624 ex
1539 2569 1697 2625 Patre
1727 2587 1824 2640 per
1851 2569 2050 2625 Filium

471 2663 579 2721 est,
610 2657 997 2726 amplectimur
1018 2668 1066 2714 et
1094 2659 1506 2724 exosculamur,
1539 2669 1593 2715 et
1625 2661 1794 2725 illam,
1837 2675 1960 2728 qute
1981 2659 2052 2714 ab

471 2758 705 2818 utroque
737 2735 842 2814 est,
864 2751 916 2804 in
943 2750 1151 2806 honore
1181 2753 1484 2808 habendam
1505 2768 1626 2808 esse
1644 2753 2050 2818 contendimus,

472 2838 738 2910 improha:
761 2842 908 2896 illius
939 2843 1258 2912 cogitationi
1296 2843 1720 2915 respondemus,
1771 2844 1848 2899 Illi
1876 2845 2052 2916 siqui-

471 2935 596 2988 dem
629 2947 820 2990 omnes
838 2944 1068 2990 conatus
1117 2943 1171 2990 ct
1226 2936 1468 2992 studium
1504 2938 1558 2992 in
1599 2951 1666 2992 eo
1714 2936 2049 3002 consistunt.

467 3039 576 3082 nos
607 3039 889 3092 accusare,
942 3044 1006 3084 ac
1035 3029 1083 3084 si
1123 3011 1563 3101 prmpositionem
1585 3046 1650 3086 ex
1685 3031 1752 3088 de
1785 3031 1948 3097 Filio,
1976 3037 2043 3088 ad

471 3116 824 3172 indicandam
883 3119 1202 3190 primariam
1281 3132 1336 3178 et
1403 3124 1757 3196 originariam
1823 3139 2048 3181 causam

2161 1937 2437 2004 γνωριεῖς.
2483 1935 2626 2007 Ὀρα
2670 1937 2750 1990 ὅτι
2803 1937 3054 2006 Κυπρίου
3104 1937 3428 2008 αἰτιωμένου
3475 1935 3536 1988 τὸ
3565 1936 3752 2004 λέγειν

2162 2027 2310 2096 ἡμᾶς
2339 2028 2420 2082 ὅτι
2448 2030 2510 2080 ὲκ
2526 2027 2622 2082 τοῦ
2655 2028 2786 2082 Υἰοῦ
2809 2029 2868 2081 τὺ
2883 2028 3108 2098 Πνεῦμα
3137 2028 3526 2099 ἐκπορεύεται,
3556 2027 3750 2097 ὥσπερ

2163 2117 2359 2187 ἀμέλει
2394 2120 2488 2172 καὶ
2515 2121 2579 2172 ἐκ
2611 2120 2704 2174 τοῦ
2741 2121 2976 2191 Πατρδς,
3024 2121 3121 2190 οὐχ
3153 2120 3340 2181 ἁπλῶς
3380 2121 3544 2190 ἡμεῖς
3574 2119 3640 2172 τὸ
3683 2123 3741 2173 ὲκ

2161 2211 2376 2279 Πατρδς
2405 2212 2500 2266 καὶ
2527 2212 2658 2266 Υίοῦ
2696 2213 2758 2266 τὸ
2808 2212 3034 2283 Πνεῦμα
3055 2211 3117 2265 τὺ
3149 2213 3306 2280 ἅγιον
3345 2211 3748 2281 ἐκπορεύεσθαι

2161 2303 2560 2374 ἁποσειόμεθα,
2597 2305 2732 2358 ἀλλὰ
2790 2305 2928 2376 πρὸς
2973 2305 3075 2375 τὴν
3125 2307 3353 2375 εἰρήνην
3403 2305 3514 2358 τῶν
3557 2304 3656 2374 τὴν
3695 2305 3752 2370 ἐξ

2160 2398 2368 2465 ἀμφοῖν
2400 2395 2670 2466 λεγόντων
2718 2398 3046 2467 ὲκπόρευσιν
3102 2395 3496 2468 ὁμολογοῦντες
3539 2395 3746 2453 ἐλθεῖν.

2159 2487 2236 2550 ὡς
2274 2487 2375 2559 τὴν
2403 2490 2467 2542 ὲκ
2501 2487 2713 2560 Πατρδς
2742 2488 2813 2540 δι’
2841 2487 2973 2542 Υἱοῦ
3019 2489 3116 2541 καὶ
3149 2486 3471 2556 στέργοντες
3496 2487 3593 2538 καί
3618 2503 3752 2554 πρε-

2161 2575 2489 2640 σϐεύοντες,
2542 2577 2749 2648 τὴν.ὲξ
2813 2577 3018 2646 ἀμφοῖν
3078 2591 3138 2629 τε
3197 2573 3334 2646 ὁμοῦ
3389 2573 3751 2644 παριστῶμεν

2161 2665 2349 2736 τιμᾷν,
2389 2667 2486 2719 καὶ
2534 2666 2670 2735 πρὸς
2695 2665 2794 2735 τὴν
2831 2665 2963 2735 παρ’
2992 2666 3188 2736 ἐκείνῳ
3234 2665 3484 2734 πονηράν
3532 2665 3748 2715 ἔννοιαν

2159 2755 2508 2826 ἀπαντῶμέν.
2542 2755 2634 2824 Τῷ
2669 2754 2766 2824 μὲν
2789 2754 2900 2826 γὰρ
2932 2756 3083 2808 πᾶσα
3109 2753 3558 2823 διαϐαλεῖνήμᾶς
3593 2753 3750 2804 ἐστιν

2161 2849 2194 2918 ἡ
2232 2847 2460 2919 σπονδὴ,
2489 2847 2566 2910 ὡς
2589 2847 2690 2918 τὴν
2709 2847 2776 2900 ἐκ
2813 2839 3024 2900 ὲπῐτοῦ
3056 2847 3187 2901 Υἱοῦ
3213 2847 3294 2910 είς
3326 2847 3564 2914 δήλωσιν
3596 2842 3754 2914 πρώ-

2159 2956 2258 3008 της
2301 2939 2398 2995 καὶ
2452 2940 2691 3012 ἀρχικῆς
2735 2939 2920 3003 αἰτίας
2953 2939 3352 3010 λσμδάνοντας,
3386 2937 3454 2990 ἶν’
3489 2933 3754 2989 ἐντεῦθεν

2160 3032 2257 3086 καὶ
2291 3031 2479 3102 χώραν
2524 3033 2588 3085 τὸ
2631 3029 2757 3085 καθ’
2819 3031 2977 3101 ἡμῶν
3021 3031 3121 3102 τῆς
3178 3029 3442 3100 δυαρχίας
3486 3026 3752 3096 ἔγκλημα

2162 3125 2351 3198 σχοίη·
2395 3125 2528 3195 ἡμῖν
2576 3123 2623 3178 δ’
2677 3123 2948 3196 ἑτέρωθεν
2991 3124 3020 3177 ὁ
3071 3123 3378 3190 ὰγὼνὲστι,
3430 3120 3491 3173 τὸ
3535 3118 3640 3189 τῆς
3679 3119 3753 3172 ἐκ

471 3224 906 3280 usurpat-emus;
937 3222 995 3267 ut
1017 3213 1142 3269 inde
1168 3214 1346 3270 locum
1373 3191 1568 3272 haheat
1588 3217 1819 3273 duorum
1843 3218 2049 3289 princi-

2161 3191 2252 3270 ιᾶἐι
2281 3191 2375 3285 τόὗ
2409 3191 2542 3270 Ϋίοῦ
2577 3217 2716 3288 πρὸς
2754 3191 2854 3288 τὴν
2886 3215 2986 3270 διὰ
3017 3213 3360 3283 ἰσοδύναμον,
3395 3211 3463 3266 ἵν’
3487 3209 3754 3266 ἐντεῦθεν

468 3301 688 3368 piorum
723 3301 1052 3359 criminatio.
1075 3303 1244 3360 Nohis
1265 3320 1393 3360 vero
1411 3307 1518 3362 alia
1540 3308 1750 3364 ratione
1770 3317 2048 3365 certamen

469 3390 664 3454 initur,
695 3393 786 3461 qui
819 3393 1268 3464 pra'positionum
1304 3411 1370 3450 ra:
1394 3404 1453 3452 et
1493 3414 1586 3464 per
1615 3397 1669 3453 in
1689 3398 1829 3454 Filio
1861 3414 2048 3470 arqua-

468 3485 611 3539 hilcs
641 3484 785 3540 vires
815 3485 1193 3554 agnoscimus,
1216 3496 1276 3541 ut
1306 3488 1568 3552 inde_una
1615 3490 1854 3560 Spiritus
1883 3506 2050 3547 causa

473 3575 564 3644 pie
635 3576 926 3632 admodum
984 3577 1141 3636 Pater
1194 3589 1250 3636 et
1305 3579 1474 3638 Filius
1544 3582 1896 3652 gloriﬁcetur,
1957 3598 2050 3638 ve-

472 3675 780 3724 rumtamen
826 3668 989 3726 Pater
1043 3683 1300 3744 tanquam
1371 3673 1654 3744 primaria,
1699 3677 2052 3746 etprincipa-

471 3759 562 3826 lis,
583 3761 727 3831 quod
751 3763 1018 3832 quidquid
1049 3779 1112 3819 ex
1137 3763 1299 3820 Patre
1326 3781 1423 3837 per
1446 3764 1642 3820 Filium
1673 3781 1797 3823 esse
1827 3767 2047 3832 dicitur,

469 3869 536 3908 ex
564 3869 673 3908 uno
697 3869 820 3911 esse
847 3857 1113 3912 asset-itur
1136 3857 1245 3914 Deo
1259 3868 1314 3914 et
1334 3874 1400 3914 ex
1430 3874 1542 3914 uno
1569 3868 1879 3924 causatum,
1900 3859 2045 3930 quod

468 3947 670 4002 eximie
717 3948 1214 4017 sanctusﬁasilius
1253 3949 1519 4015 affirmat,
1554 3965 1744 4006 vocem
1777 3966 1870 4022 per
1895 3967 2049 4022 quem

466 4038 748 4109 primaria:
797 4056 980 4098 causa:
1041 4042 1098 4097 in
1155 4057 1214 4098 se
1271 4041 1677 4098 confessionem
1737 4042 2042 4097 continere.

467 4129 638 4185 Vides
665 4138 726 4184 ut
748 4131 908 4186 nobis
932 4147 1152 4202 quoque
1176 4131 1244 4186 ad
1263 4132 1636 4187 accusationis
1660 4146 1886 4202 scopum
1907 4147 2048 4187 con-

469 4221 726 4278 tradictio
773 4223 1066 4280 succedat?
1127 4224 1268 4280 Hinc
1317 4223 1482 4278 etiam
1558 4241 1678 4290 quae
1741 4235 2050 4296 sequuntur

468 4315 998 4386 comprobabuutur.
1023 4314 1275 4386 Namque
1307 4316 1630 4372 inducentes
1661 4317 1897 4372 dicimus
1927 4333 1940 4369 :
1965 4315 2047 4370 Tu

457 4421 656 4487 jporro,
689 4409 768 4464 uti
819 4423 886 4464 ex
915 4409 1037 4478 ipso
1083 4407 1247 4464 Patre
1288 4408 1362 4462 ita
1384 4419 1438 4462 et
1468 4425 1534 4463 ex
1597 4408 1738 4465 Filio
1783 4407 2046 4480 Spiritum

467 4501 793 4571 procedere,
843 4515 944 4557 nos
991 4501 1175 4556 dicere
1225 4501 1542 4568 aliirmans,
1603 4518 1776 4572 quare
1823 4517 1933 4557 non
1993 4509 2048 4558 et

378 4597 384 4603 '
467 4591 786 4661 primariam
821 4601 874 4646 et
906 4591 1264 4662 principalem
1299 4607 1520 4648 causam
1586 4593 1821 4662 Spiritus
1850 4592 2046 4648 Filium

469 4697 574 4736 nos
598 4697 848 4738 asserere
884 4683 1174 4753 scripsisti,
1195 4687 1720 4755 aut‘produrtorem,
1757 4685 1834 4740 uti
1859 4696 1912 4741 et
1945 4683 2049 4740 l'a-

467 4783 554 4826 ter
598 4782 708 4838 est,
769 4765 1026 4843 spiritus,
1071 4773 1207 4830 forte
1255 4775 1420 4830 etiam
1474 4787 1526 4830 et
1553 4776 1694 4830 alius
1726 4774 1848 4830 Filii
1878 4776 2048 4845 geni-

478 4879 680 4932 torem,
728 4873 990 4936 tanquam
1019 4868 1114 4938 qui
1145 4869 1330 4924 omnia
1362 4878 1586 4938 paterna
1613 4867 1719 4922 sibi
1751 4867 1995 4922 vindicat
2023 4868 2048 4922 !

467 4955 720 5028 Namque
751 4958 794 5012 si
829 4973 994 5014 causa
1035 4959 1276 5028 Spiritus
1306 4977 1337 5016 a
1364 4961 1526 5016 nobis
1563 4958 1880 5028 agnoscitur
1909 4957 2048 5013 Uni-

469 5052 1191 5126 genitus,quemadtnodum
1239 5065 1294 5109 et
1327 5054 1444 5124 ipse
1491 5051 1657 5108 Pater
1699 5051 2049 5123 Unigenitutn

469 5161 745 5218 generans
777 5145 1140 5202 allirmahitur
1170 5147 1334 5201 etiam
1377 5153 1430 5200 ct
1452 5144 1712 5216 primaria
1739 5159 1930 5209 causa,
1970 5145 2045 5198 uti

467 5241 631 5296 Pater
675 5249 778 5304 est,
811 5251 866 5296 et
913 5256 1012 5310 pro
1068 5239 1205 5294 Filio
1253 5239 1414 5294 Pater
1443 5237 1658 5294 evadet.
1715 5237 1783 5292 Et
1825 5238 1940 5292 hmc
1980 5239 2046 5290 al

469 5335 677 5405 ipsum.
720 5333 860 5388 Cum
887 5348 1016 5390 vero
1051 5332 1298 5387 ordinem
1348 5331 1838 5399 reprehensiomnn
1875 5331 2052 5383 oratio

461 5439 690 5496 moscat,
726 5430 959 5484 alterum
987 5427 1117 5482 dum
1147 5424 1285 5492 quis
1323 5423 1522 5479 dixerit
1579 5439 1686 5477 non
1716 5423 2003 5477 dicendum
2035 5440 2048 5474 :

463 5509 704 5580 ialterum
769 5522 900 5576 dum
955 5519 1080 5590 quis
1143 5518 1432 5587 dicendum
1483 5517 1698 5572 silentio
1741 5514 2049 5576 inrolvcrit,

473 5629 541 5669 ex
581 5615 649 5671 iis
689 5629 810 5684 qua-
859 5611 1090 5670 dicenda
1141 5621 1334 5676 erant,
1391 5625 1490 5666 nec
1535 5619 1715 5664 tamen
1762 5609 1934 5672 dixit,
1971 5608 2086 5676 ip-'

479 5717 599 5760 sum
653 5706 1098 5776 reprehendimus
1123 5745 1140 5770 ,
1187 5713 1242 5758 et
1301 5704 1458 5773 plane
1497 5703 1727 5759 dicimus
1763 5699 1864 5756 :Si
1915 5715 2050 5764 ntue-

484 5796 809 5862 positionem
867 5813 930 5860 ea;
987 5799 1038 5853 in
1093 5797 1227 5854 Filio
1269 5797 1331 5852 ad
1384 5796 1696 5858 primariam
1751 5806 1800 5850 et
1848 5793 2051 5855 princi-

2158 3311 2254 3362 καὶ
2277 3309 2364 3378 εἴη
2389 3308 2448 3362 ἓν
2468 3308 2561 3362 τοῦ
2592 3307 2913 3379 Πνεῦματος
2942 3308 3117 3362 αἴτιον
3143 3305 3410 3372 εὐσεϐῶς,
3431 3303 3494 3358 τὸ
3519 3301 3753 3372 Πατέρα

2157 3400 2480 3466 δοξάζεσθαι
2513 3401 2608 3454 καὶ
2639 3401 2770 3454 Ἰῐόν
2789 3418 2804 3434 ’
2833 3399 2926 3454 τὸν
2952 3399 3172 3472 Πατέρα
3216 3398 3272 3453 δὲ
3305 3397 3470 3467 μόνον
3501 3394 3563 3448 τὸ
3592 3393 3752 3464 πρῶ-

2157 3511 2250 3547 τον
2292 3492 2467 3546 αἴτιον
2495 3493 2593 3546 καὶ
2630 3493 2878 3563 ἀρχικὸν,
2905 3488 2996 3546 διά
3017 3508 3076 3544 τε
3117 3491 3178 3544 τὺ
3207 3491 3316 3544 πᾶν
3338 3489 3399 3542 τὸ
3431 3489 3494 3540 ὲκ
3525 3484 3751 3556 Πατρδς

2157 3585 2226 3638 δι’
2250 3582 2380 3636 Υἰοῢ
2412 3580 2556 3638 εἶναι
2593 3583 2908 3652 λεγόμενον,
2943 3580 3006 3645 ἐξ
3039 3580 3156 3643 ἑνὸς
3181 3575 3324 3632 εἶναι
3353 3573 3752 3644 ὁμολογεῖσθαι

2157 3671 2318 3734 Θεοῦ.
2359 3672 2458 3726 καὶ
2501 3671 2678 3726 αίίτιον
2723 3673 2783 3738 ἐξ
2824 3671 2968 3736 ἑνὸς,
3003 3671 3092 3726 διά
3135 3687 3196 3723 τε
3225 3669 3308 3733 τὸ,
3339 3668 3432 3720 τὸν
3469 3666 3644 3719 πολὺν
3673 3665 3752 3718 τά

2159 3764 2278 3819 θεῖα
2307 3763 2486 3832 λέγειν
2509 3764 2808 3832 Βασίλειον,
2834 3763 2932 3836 τὴν
2957 3763 3035 3817 δι’
3060 3758 3136 3819 οὗ
3162 3762 3347 3832 φωνὴν
3373 3761 3471 3830 τῆς
3494 3775 3750 3830 προκατο

2155 3857 2428 3928 αρκτικῆς
2469 3857 2652 3920 αἰτίας
2693 3856 2838 3926 ἔχειν
2863 3854 3176 3925 ὁμολογίαν.
3216 3853 3379 3922 Ὁρᾷς
3422 3852 3573 3912 ὅπως
3603 3848 3749 3918 πρὸς

2155 3952 2249 4006 τὸν
2279 3951 2383 4021 τῆς
2425 3949 2764 4022 κατηγορίας
2799 3947 2894 4000 καὶ
2931 3947 3068 4018 ἡμῖν
3117 3944 3409 4016 προϐαίνει
3467 3939 3672 3994 σκοπὸν
3717 3943 3748 4010 ἡ

2158 4043 2487 4116 ἀντίρρησις
2518 4059 2532 4108 ;
2568 4041 2742 4094 Τοῦτο
2767 4039 3030 4106 συστήσει
3080 4053 3166 4090 σοι
3227 4037 3324 4090 καὶ
3373 4034 3444 4088 τὰ
3493 4032 3694 4102 ἑφεξῆς
3731 4046 3748 4063 ⁸

2160 4136 2344 4206 φαμὲν
2389 4133 2500 4203 γὰρ
2536 4132 2861 4198 ἐπάγοντες·
2893 4131 2966 4184 Σὺ
3005 4130 3063 4184 δὲ
3105 4129 3180 4193 ὡς
3213 4128 3272 4194 ἐξ
3303 4124 3468 4182 αὐτοῦ
3495 4125 3590 4178 τοῦ
3625 4127 3749 4178 lla-

2158 4228 2309 4298 τρδς,
2341 4225 2486 4278 οὕτω
2513 4225 2610 4278 καὶ
2649 4225 2716 4277 ἐκ
2747 4221 2844 4277 τοῦ
2883 4221 3017 4276 Υίοῦ
3064 4219 3462 4290 ἐκπορεύεσθαι
3496 4219 3646 4289 ἡμᾶς
3681 4219 3750 4271 τὸ

2159 4315 2386 4386 Πνεῦμα
2427 4315 2607 4384 λέγειν
2628 4301 3132 4383 διαϐεϐαιούμενος,
3173 4309 3290 4372 πῶς
3315 4309 3442 4378 οὐχὶ
3471 4308 3565 4360 καὶ
3586 4307 3746 4376 πρῶ-

2158 4423 2250 4460 τον
2277 4407 2370 4459 καὶ
2400 4405 2626 4478 ἀρχικὸν
2645 4404 2738 4457 τοῦ
2755 4403 2894 4459 Πνεύ
2903 4419 3072 4473 ματος
3091 4401 3176 4455 ait
3187 4417 3266 4454 ιον
3290 4399 3383 4453 τὸν
3408 4401 3537 4452 Υίδν
3559 4397 3747 4466 λέγειν

2159 4497 2308 4566 ἡμᾶς
2353 4494 2514 4567 ἔφης,
2569 4494 2602 4564 ἢ
2643 4493 2738 4546 καὶ
2773 4491 3047 4562 προϐολέα
3100 4490 3423 4562 Πνεύματος
3457 4489 3603 4543 κατὰ
3653 4489 3746 4541 τὸν

2159 4588 2405 4657 Πατέρα,
2448 4587 2592 4656 τάχα
2637 4585 2696 4640 δὲ
2745 4587 2841 4640 καὶ
2887 4583 3017 4637 Υἱοῦ
3065 4582 3228 4637 ἄλλον
3281 4581 3610 4652 γεννήτορά,
3666 4580 3744 4642 ὡς

2159 4681 2338 4734 πάντα
2361 4679 2431 4732 τὰ
2455 4679 2551 4732 τοῦ
2581 4678 2795 4748 Πατρὺς
2823 4676 3248 4746 ἐξιδιωσάμενον
3279 4691 3294 4739 ;
3329 4676 3389 4726 Et
3420 4673 3530 4742 γάρ
3566 4672 3742 4735 αἴτιος

2155 4773 2251 4826 τοῦ
2283 4771 2604 4840 Πνεύματος
2625 4770 2654 4822 ὁ
2687 4767 2993 4838 Μονογενὴς
3029 4769 3161 4839 ἡμῖν
3193 4763 3560 4836 πρεσϐεύεται
3598 4765 3744 4816 κατὰ

2159 4867 2242 4930 σὲ,
2277 4865 2416 4918 καθά
2455 4863 2521 4936 δὴ
2579 4864 2675 4918 καὶ
2724 4863 2887 4925 αὐτὸς
2938 4863 2968 4914 ὁ
3007 4861 3100 4913 τὸν
3150 4858 3430 4927 Μονογενῆ
3469 4857 3742 4925 γεννήσας

2157 4957 2374 5026 Πατὴρ,
2427 4953 2795 5024 πρεσϐευθείη
2850 4954 2918 5004 ἂν
2965 4952 3060 5004 καὶ
3101 4949 3330 5019 ἀρχικὸν
3360 4949 3534 5001 αἴτιον
3592 4948 3738 5000 κατὰ

2155 5051 2249 5104 τὸν
2303 5050 2542 5122 Πατέρα,
2596 5051 2688 5100 καὶ
2733 5047 2923 5118 Πατὴρ
2978 5046 3135 5099 ἔσται
3181 5043 3298 5096 ἀνθ’
3359 5042 3513 5096 Υίοῠ.
3547 5028 3739 5095 Ταῦτα

2157 5141 2294 5210 πρὸς
2319 5139 2482 5194 αὑτὸν
2513 5139 2786 5208 λέγοντες,
2829 5139 2950 5190 ἐπεὶ
2977 5137 3130 5199 τάξιν
3167 5134 3408 5206 ἐλέγχων
3429 5129 3571 5187 οἶδεν
3596 5134 3625 5188 ὁ
3651 5133 3740 5185 λό-

2156 5251 2270 5301 γος,
2302 5235 2413 5287 τῶν
2438 5231 2540 5304 μὲν
2572 5231 2632 5295 ἐξ
2663 5225 2738 5285 ὧν
2761 5229 2884 5284 εἶπέ
2917 5247 3024 5294 τις,
3059 5229 3134 5300 μὴ
3161 5227 3281 5281 δέον
3309 5229 3508 5288 εἰπεῖν,
3535 5225 3647 5280 τῶν
3679 5225 3736 5278 δὲ

2155 5328 2216 5392 ἐξ
2246 5320 2322 5382 ὧν
2359 5328 2460 5379 οὐκ
2509 5321 2629 5378 εἶπέ
2659 5341 2764 5390 τις,
2812 5323 2933 5376 δέον
2981 5323 3156 5375 εἰπεῖν
3197 5320 3522 5387 γινομένων,
3573 5318 3632 5384 ἐξ
3664 5313 3738 5371 ὧν

2157 5420 2318 5481 abso;
2369 5419 2469 5470 οὐκ
2513 5413 2659 5476 εἷπε.
2708 5416 2828 5469 δέον
2879 5417 3074 5473 εἰπεῖν.
3129 5412 3290 5466 αὐτὸν
3336 5410 3734 5479 ἀπελέγχομεν,

2167 5512 2378 5564 Ἐκεῖνο
2408 5511 2516 5578 γάρ
2548 5509 2642 5561 καὶ
2678 5507 2915 5577 λέγομεν
2959 5507 3222 5574 ἄντικρυς
3247 5545 3261 5565 ,
3306 5503 3381 5564 ὡς
3419 5501 3579 5572 εἴπερ
3627 5499 3725 5571 τὴν

2155 5604 2224 5657 ἐκ
2249 5606 2414 5671 ἡμεῖς
2437 5602 2530 5656 ἐπὶ
2559 5600 2654 5654 τοῦ
2701 5600 2834 5654 Υἱοῦ
2863 5601 2944 5662 εἰς
2973 5598 3206 5668 δήλωσιν
3242 5591 3464 5666 πρώτης
3509 5592 3606 5645 καὶ
3641 5593 3737 5662 ἀρ·

2158 5697 2319 5766 χικῆς
2350 5695 2551 5760 αἰτίας,
2593 5696 2731 5764 ὅπερ
2763 5696 2794 5764 ἡ
2830 5694 2898 5760 σὴ
2931 5689 3151 5756 διαϐολὴ
3179 5687 3452 5755 βούλεται,
3491 5684 3732 5752 ἐλαμϐά-

2161 5807 2344 5866 ·νιμςν,
2397 5789 2537 5843 ὥστε
2579 5787 2839 5854 δυαρχὶαν
2883 5786 3118 5852 span-eiu,
3167 5780 3306 5833 ὥστε
3348 5780 3438 5831 καὶ
3481 5779 3570 5830 τὸν
3611 5776 3733 5835 Υἰὸν
