4002 6410
479 320 583 383 379

1499 315 1716 378 JOAN.
1754 315 1972 377 VECCI
2014 316 2126 379 ΟΡ.
2166 319 2686 383 PATRIABCHE

3627 326 3732 390 380

483 445 657 485 unum
688 429 941 500 idemque
968 429 1222 500 requirit:
1259 428 1553 482 discrimen
1590 442 1722 482 vero
1773 428 1917 497 quod
1948 444 2058 485 non

2168 431 2262 502 τὴν
2287 433 2381 487 τοῦ
2429 434 2649 504 πρώτου
2688 438 2782 489 καὶ
2832 436 3061 507 ἀρχικοῦ
3094 438 3353 509 διαφορὰν
3402 439 3627 493 ἐνοῦσαν
3657 441 3733 511 τῷ

483 531 567 577 est
599 537 774 590 neque
804 525 1007 590 unum,
1042 535 1219 589 neque
1258 520 1397 573 idem
1420 558 1435 582 ,
1481 519 1814 573 assumenda
1871 530 2000 574 sunt
2025 536 2053 573 a

480 617 643 671 nobis
669 631 733 671 ex
780 617 868 678 iis.
900 631 1019 686 qua:
1052 613 1372 681 theOIOgieis
1413 612 1633 681 scriptis
1685 613 2055 668 decernuntur

482 708 601 770 illa.
635 708 838 776 quibus
870 707 1014 772 freti,
1044 709 1136 777 qui
1171 708 1472 775 theologica
1531 718 1786 771 tractant,
1819 716 1872 762 et
1898 710 2055 764 unio-

479 815 605 854 nem
639 800 814 853 Patris
845 811 896 853 et
935 799 1053 853 Filii
1092 800 1347 864 fatentur,
1372 810 1428 855 et
1462 801 1710 869 primarii
1757 816 1820 854 ac
1848 800 2056 869 princi-

479 891 622 958 palis
648 890 699 943 in
755 889 911 943 Patre
935 889 1233 944 discrimen
1264 907 1369 944 non
1417 903 1639 960 negant,
1692 891 1925 959 indeque
1958 890 2059 945 du-

477 978 693 1034 biorum
730 980 930 1035 solutio
953 981 1343 1050 comparanda.
1368 981 1657 1036 Enimvero
1675 981 1719 1036 si
1742 984 1793 1035 in
1824 983 2056 1048 cunctis,

479 1070 534 1125 in
565 1073 767 1138 quibus
825 1075 1129 1128 secundum
1163 1077 1482 1130 communia
1540 1076 1854 1145 theologica
1901 1076 2057 1131 axio—

481 1173 626 1216 mata
669 1163 854 1219 Patris
905 1178 957 1220 et
1002 1167 1124 1221 Filii
1157 1168 1337 1222 unitas
1386 1170 1676 1234 asseritur,
1710 1168 1892 1224 Patris
1943 1170 2059 1240 pri-

480 1254 718 1308 marium
751 1264 805 1309 et
833 1258 1134 1327 principal:-
1166 1274 1272 1313 non
1310 1260 1652 1318 inficiantur,
1694 1260 1916 1328 planum
1950 1269 2056 1327 est,

477 1349 605 1401 dum
645 1350 698 1402 in
733 1365 898 1405 causa
929 1350 1197 1418 Spiritus,
1236 1353 1410 1407 Patris
1442 1363 1497 1407 et
1535 1352 1653 1405 Filii
1684 1353 1940 1407 unitatem
1970 1369 2059 1408 se-

479 1442 588 1495 mel
631 1445 1026 1507 concesserint,
1067 1447 1303 1513 primum
1370 1461 1591 1515 quoque
1643 1454 1698 1501 et
1754 1447 2055 1515 principale

482 1531 628 1587 Patri
655 1536 953 1589 concedere
1000 1538 1176 1591 modis
1220 1539 1475 1594 omnibus
1514 1540 1656 1607 cogi.
1697 1538 1878 1605 Quare
1923 1555 2059 1594 con-

482 1641 669 1680 cessas
702 1626 812 1696 jam
850 1629 1109 1693 unitatcs,
1140 1640 1195 1684 et
1247 1630 1299 1683 in
1357 1630 1442 1685 his
1472 1631 1717 1698 primat-ii
1769 1647 1832 1687 ac
1854 1632 2061 1701 princi-

480 1718 623 1787 palis
652 1719 998 1783 discrimina.
1063 1721 1128 1774 ad
1166 1724 1502 1792 propositam
1557 1725 1818 1779 unitatem
1855 1734 1906 1780 et
1940 1725 2057 1778 dis-

479 1810 687 1864 crimen
752 1813 1221 1881 comprobandum
1286 1815 1649 1883 accipiemus.
1702 1813 1767 1867 Et
1819 1814 2057 1887 primum

483 1911 645 1959 unam
681 1922 802 1961 esse
834 1909 1009 1962 Patris
1042 1918 1096 1962 et
1125 1909 1250 1964 FilLi
1284 1909 1544 1964 deitatem
1577 1912 1719 1980 apud
1747 1925 1942 1965 omnes
1988 1910 2045 1965 in

481 1995 738 2052 confesso
766 2008 871 2064 est,
916 2015 1095 2069 neque
1149 2011 1434 2069 propterea
1490 2002 1546 2055 in
1615 2001 1829 2056 Deitate
1865 2002 2062 2071 prima-

480 2090 625 2142 rium
662 2104 725 2143 ac
754 2091 1057 2159 principale
1097 2091 1242 2146 Patri
1283 2094 1557 2163 quispiam
1604 2094 1902 2164 negaverit.
1956 2093 2063 2148 Pa-

483 2180 585 2234 tris
619 2188 673 2235 et
717 2179 840 2234 Filii
877 2183 1202 2238 dominatus
1232 2201 1375 2239 unus
1408 2187 1550 2253 apud
1583 2200 1777 2240 omnes
1824 2185 1877 2240 in
1931 2201 2066 2240 con-

483 2269 632 2326 fesso
667 2283 751 2326 est
783 2289 797 2338 ;
837 2288 1012 2342 neque
1040 2285 1326 2344 propterea
1377 2276 1697 2343 primarium
1750 2291 1815 2331 ac
1859 2275 2067 2345 princi-

481 2364 603 2431 pale
635 2363 779 2417 Patri
812 2365 865 2418 iu
914 2365 1197 2421 dominatu
1228 2369 1353 2437 quis
1374 2368 1517 2437 piam
1561 2369 1856 2438 negaverit.
1888 2366 2065 2422 Patris

481 2463 537 2507 et
557 2452 676 2508 Filii
715 2454 770 2509 in
801 2455 1058 2511 onmihus
1100 2473 1241 2514 unus
1286 2457 1627 2527 principatus
1663 2458 1806 2526 apud
1853 2472 2051 2511 omnes

482 2541 535 2594 in
559 2541 807 2597 confesso
831 2554 946 2609 est;
973 2561 1148 2615 neque
1177 2557 1455 2617 propterea
1483 2546 1803 2615 primarium
1828 2556 1878 2602 et
1908 2548 2058 2615 prin-

482 2633 654 2702 cipale
697 2636 842 2690 Patri
878 2638 931 2690 in
977 2638 1285 2707 principatu
1329 2639 1607 2708 quispiam
1668 2638 2057 2708 denegaverit.

484 2724 659 2780 Patris
711 2735 766 2780 et
796 2725 917 2780 Filii
967 2744 1146 2781 rerum
1181 2739 1490 2783 creatarum
1551 2727 1826 2798 opiﬁcium
1892 2742 2064 2783 unum

488 2818 631 2884 apud
695 2834 889 2874 omnes
947 2820 1000 2873 in
1046 2819 1302 2875 confesso
1361 2831 1446 2875 est
1492 2839 1506 2874 :
1545 2836 1724 2889 neque
1773 2828 2062 2890 propterea

485 2907 807 2974 primarium
838 2922 887 2963 ct
915 2910 1214 2979 principale
1242 2909 1388 2965 Patri
1424 2912 1477 2965 in
1518 2912 1738 2981 opilicio
1771 2911 2051 2981 quispiam

488 2998 860 3065 denegaverit.
903 2997 1082 3055 Patris
1107 3010 1161 3055 et
1193 3001 1312 3054 Filii
1355 3017 1519 3056 unam
1562 3017 1684 3057 esse
1710 3000 2067 3072 operatricem

2161 523 2340 593 Πατρὶ
2364 527 2581 595 φρονεῖν
2616 527 2897 594 ἀσφαλῶς,
2925 527 2980 580 εἴ
3005 547 3067 596 γε
3101 532 3133 601 ὴ
3174 530 3273 599 μὲν
3305 530 3491 601 ἑνότης
3519 531 3578 583 τὸ
3605 549 3739 585 ταυ-

2157 611 2251 666 τὸν
2279 613 2518 680 ἀπαιτεῖ,
2544 614 2605 669 τὸ
2635 616 2688 669 δὲ
2715 618 2787 686 μὴ
2814 619 3005 672 ταυτὸν
3045 623 3077 692 ἡ
3114 621 3369 690 διαψορὰ,
3400 622 3514 675 ἐστι
3540 623 3738 676 λαϐόν-

2159 719 2256 764 τας
2291 705 2438 773 ἡμᾶς
2483 706 2590 758 ἀπὸ
2642 707 2751 760 τῶν
2785 709 2911 778 περὶ
2943 711 3154 781 Πατρὸς
3185 714 3277 765 καὶ
3332 713 3461 766 Tia?)
3509 715 3566 765 ὲν
3596 731 3738 782 γρα-

2161 798 2289 865 φαῖς
2319 799 2627 867 εἰρημένων
2656 803 2771 864 ταῖς
2805 801 3146 870 Θεολογικαῖς
3178 806 3383 870 ἐκεῖνα,
3412 806 3498 872 ἐφ’
3524 800 3605 869 οἷς
3629 807 3737 869 πᾶς

2160 889 2300 958 ἀνὴρ
2341 889 2650 959 θεολογικδς
2692 895 2786 945 καὶ
2844 895 3070 965 ἑνότητα
3104 896 3317 965 Πατρὺς
3361 898 3611 964 ὁμολογεῖ
3642 898 3741 949 καὶ

2159 980 2310 1045 Υἱοῦ,
2340 983 2433 1036 καὶ
2457 982 2558 1054 τὴν
2583 983 2675 1036 τοῦ
2703 982 2917 1054 πρώτου
2954 986 3047 1038 καὶ
3074 987 3300 1057 ἀρχικοῦ
3335 987 3595 1057 διαφορὰν
3639 986 3721 1057 τῷ

2161 1074 2335 1144 Πατρὶ
2365 1074 2734 1144 συνομολογεῖ,
2766 1074 3010 1131 ἐντεῦθέν
3029 1095 3111 1131 σοι
3143 1077 3241 1148 τὴν
3261 1078 3369 1131 τῶν
3384 1077 3736 1147 διηπορημέ-

2163 1180 2268 1216 νων
2325 1161 2478 1217 λύσιν
2519 1165 2870 1236 ποιήσασθαι.
2921 1168 2982 1221 Et
3012 1169 3120 1238 γὰρ
3173 1169 3267 1222 ἑπλ⁸
3298 1171 3484 1231 πᾶσιν,
3540 1168 3624 1238 ἑφ⁹
3656 1164 3745 1233 οἷς

2159 1255 2301 1309 κατὰ
2336 1256 2519 1320 κοινὰς
2570 1258 2779 1322 ἑννοίας
2809 1258 3128 1328 θεολογικὰς
3174 1260 3363 1331 ἑνότης
3393 1260 3743 1329 ὁμολογεῖται

2161 1347 2377 1416 Πατρδς
2411 1347 2504 1400 καὶ
2537 1348 2689 1412 Υἱοῦ,
2726 1349 2846 1401 οὐδὲ
2894 1349 2955 1402 τὸ
2989 1349 3085 1402 τοῦ
3137 1350 3350 1419 Πατρὸς
3392 1349 3613 1420 πρῶτον
3648 1352 3745 1404 καὶ

2162 1437 2391 1507 ἀρχικόν
2427 1440 2573 1491 ἐστιν
2616 1439 3050 1508 ἀπαρνούμενος,
3104 1439 3321 1509 εῠδηλον
3369 1440 3444 1502 ὡς
3489 1439 3582 1493 καὶ
3628 1441 3744 1502 τοῖς

2160 1532 2253 1583 ἑπὶ
2298 1533 2363 1600 τῇ
2398 1528 2549 1600 αἰτίᾳ
2598 1528 2691 1583 τοῦ
2742 1529 3060 1599 Πνεύματος
3093 1531 3319 1601 ἑνότητα
3376 1530 3590 1602 Πατρδς
3643 1531 3743 1583 καὶ

2160 1618 2291 1674 Υἱοῦ
2318 1619 2465 1683 ἅπαξ
2493 1618 2947 1688 διωμολογηκόσι,
2980 1622 3074 1673 καὶ
3110 1621 3169 1675 τὸ
3199 1621 3414 1691 πρῶτον
3448 1621 3542 1674 καὶ
3581 1622 3745 1691 ἀρχι-

2160 1712 2256 1766 κὸν
2292 1712 2491 1766 διδόναι
2544 1712 2620 1783 τῷ
2654 1714 2828 1782 Πατρὶ
2876 1712 3274 1783 ἀπαραίτητον.
3313 1713 3425 1766 Καὶ
3467 1713 3599 1780 γοῦν
3642 1712 3745 1774 τὰς

2159 1803 2585 1874 ὡμολογημένας
2645 1805 2924 1875 ἑνότητας,
2956 1805 3052 1858 καὶ
3104 1805 3202 1866 τὰς
3243 1804 3336 1858 ἐπὶ
3375 1805 3601 1866 ταύταις
3647 1802 3745 1858 τοῦ

2160 1896 2389 1967 ἀρχικοῦ
2424 1895 2520 1974 διαὶ
2550 1894 2768 1965 πρώτου
2805 1894 3093 1965 διαφορὰς,
3127 1895 3265 1965 πρὸς
3299 1896 3397 1967 τὴν
3428 1896 3524 1966 τῆς
3551 1897 3748 1963 ζητου-

2165 1988 2338 2059 μένης
2370 1987 2622 2057 ένότητος
2653 1986 2745 2039 καὶ
2768 1986 3030 2056 διαφορᾶς
3079 1985 3313 2054 ληπτέον
3355 1987 3506 2057 ἡμᾶς
3540 1987 3743 2037 πίστω-

2163 2097 2271 2135 σιν.
2300 2078 2509 2132 Αὐτίκα
2536 2080 2568 2148 ἡ
2601 2077 2695 2131 τοῦ
2729 2078 2938 2147 Πατρὺς
2971 2078 3065 2130 καὶ
3095 2076 3226 2130 Υἱοῦ
3255 2076 3445 2147 Οεότης
3482 2076 3582 2145 μία
3608 2071 3743 2127 εἶναι

2164 2172 2297 2224 πᾶσι
2340 2156 2783 2238 συνωμολόγηται
2818 2184 2830 2198 °
2860 2167 2971 2221 ἀλλ’
3021 2167 3141 2221 οὐδὲ
3175 2167 3236 2220 τὸ
3284 2168 3377 2220 ἐπὶ
3420 2168 3487 2237 τῇ
3530 2164 3744 2234 θεότητι

2163 2261 2378 2332 πρῶτον
2409 2261 2503 2315 καὶ
2535 2259 2761 2329 ἀρχικὸν
2789 2260 2883 2312 τοῦ
2913 2259 3123 2329 Πατρός
3149 2259 3296 2311 ἐστιν
3332 2257 3360 2309 6
3392 2256 3743 2326 ἀπαρνούμε-

2164 2371 2272 2417 νος.
2309 2354 2379 2407 Ἦ
2414 2353 2509 2406 τοῦ
2558 2352 2769 2422 Πατρδς
2824 2351 2919 2405 καὶ
2955 2351 3085 2404 Υίοῦ
3144 2350 3400 2421 κυριότης
3448 2350 3548 2419 μία
3602 2342 3747 2401 εἶναι

2165 2449 2303 2502 πᾶσι
2334 2446 2783 2514 συνωμολόγηται
2808 2459 2822 2474 ο
2856 2445 2974 2499 ἀλλ’
3007 2444 3127 2496 οὐδὲ
3154 2444 3216 2496 τὸ
3245 2442 3339 2495 ἐπὶ
3362 2444 3428 2513 τῇ
3459 2441 3745 2512 κυριότητι

2166 2538 2385 2609 πρῶτον
2412 2540 2507 2592 καὶ
2538 2538 2765 2608 ἀρχικὸν
2793 2538 2886 2590 τοῦ
2916 2537 3128 2606 Πατρός
3158 2537 3365 2588 ἐστιν“ὀ
3396 2533 3749 2603 ἀπαρνούμε-

2167 2646 2277 2692 νος.
2319 2628 2387 2682 Ἦ
2412 2628 2506 2682 τοῦ
2549 2629 2762 2700 Πατρδς
2798 2630 2888 2681 καὶ
2938 2627 3069 2680 Υίοῦ
3101 2627 3196 2681 ἐπὶ
3239 2630 3350 2691 τοῖς
3390 2629 3555 2680 πᾶσιν
3605 2626 3748 2695 ἀρχὴ

2172 2722 2271 2793 μία
2303 2717 2442 2774 εἶναι
2471 2722 2607 2773 πᾶσι
2644 2720 3125 2791 συνωμολόγηται·
3169 2718 3281 2773 ἀλλ’
3317 2719 3433 2772 οὐδὲ
3465 2719 3524 2771 τὸ
3558 2717 3653 2770 ἑπὶ
3682 2720 3746 2788 τῇ

2169 2814 2315 2882 ἀρχῇ
2346 2812 2561 2882 πρῶτον
2590 2811 2685 2864 καὶ
2715 2811 2940 2881 ἀρχικὸν
2966 2810 3061 2863 τοῦ
3097 2808 3305 2880 Πατρός
3340 2811 3487 2863 ἑστιν
3519 2810 3545 2862 6
3571 2810 3746 2878 ἀπαρ-

2168 2906 2449 2973 νούμενος.
2493 2903 2559 2956 Ἦ
2602 2903 2697 2957 τοῦ
2727 2902 2940 2972 Πατρὸς
2976 2902 3068 2955 καὶ
3110 2901 3244 2955 Υἱοῦ
3275 2900 3383 2955 τῶν
3425 2897 3751 2968 δεδημιουρ-

2169 2996 2425 3067 γημένων
2447 2995 2781 3066 δημιουργία
2811 2994 2907 3065 μία
2943 2991 3080 3048 εἶναι
3104 2995 3240 3048 πᾶσι
3268 2991 3746 3062 συνωμολόγηται·

485 3087 797 3142 facultatem
831 3091 968 3160 apud
992 3107 1185 3147 omnes
1218 3093 1271 3146 in
1309 3094 1563 3148 confesso
1591 3100 1696 3156 est.
1726 3108 1903 3163 neque
1931 3107 2062 3163 pro-

2168 3090 2275 3145 ὲλλ’
2293 3088 2413 3143 οὐδὲ
2437 3089 2498 3142 τὸ
2514 3089 2608 3141 ἐπὶ
2630 3091 2696 3157 τῇ
2712 3087 3027 3157 διμιουργίᾳ
3052 3085 3271 3156 πρῶτον
3292 3085 3386 3138 καὶ
3409 3083 3633 3155 ἀρχικὸν
3650 3081 3745 3136 τοῦ

489 3190 674 3249 pterea
732 3181 783 3234 in
829 3182 1252 3238 fabrefartorum
1295 3186 1572 3239 creatione
1635 3185 1960 3253 primarium
2006 3193 2062 3239 et

490 3273 796 3343 principale
839 3276 895 3329 in
951 3277 1261 3345 operatrice
1288 3276 1550 3333 facultate
1602 3278 1749 3334 Patri
1787 3277 2062 3348 quispiam

486 3364 864 3433 denegaverit.
920 3366 1088 3422 Vides
1112 3368 1227 3434 jam
1275 3377 1641 3424 annumerata
1672 3368 1858 3424 omnia
1911 3378 2062 3424 certa

490 3471 558 3510 ac
598 3458 751 3512 ﬁrma
774 3472 917 3523 esse,
952 3459 1213 3529 nullaque
1260 3460 1507 3531 indigere
1547 3461 2066 3517 demonstratione?

487 3547 796 3604 Considera
841 3549 955 3617 illa,
995 3562 1157 3622 atque
1216 3568 1282 3608 ex
1333 3553 1445 3609 illis
1480 3564 1629 3609 certa
1662 3544 1727 3609 ac
1777 3563 2068 3610 constante

506 3637 922 3694 confirmatione
974 3641 1223 3706 videbis,
1280 3644 1431 3697 nullo
1494 3642 1659 3698 modo
1712 3658 1742 3698 a
1795 3644 2068 3714 theologia

486 3727 890 3793 discordare,in
917 3745 1085 3787 causa
1119 3732 1360 3802 Spiritus
1398 3735 1654 3788 iunonem
1682 3734 1861 3789 Patris
1897 3733 2062 3789 simul

492 3830 548 3876 et
579 3821 701 3875 Filii
729 3824 1048 3891 praedicari,
1077 3836 1132 3881 et
1160 3827 1403 3896 primarii
1425 3838 1479 3881 et
1524 3827 1843 3898 principalis
1869 3826 2069 3884 discri-

489 3926 615 3967 men
652 3912 798 3969 Patri
832 3916 1041 3988 absque
1068 3932 1257 3973 errore
1283 3919 1537 3975 attribui.

563 4195 616 4249 6.
670 4194 735 4249 Et
778 4197 883 4251 huc
942 4213 1117 4267 usque
1186 4207 1292 4253 tuae
1350 4199 1800 4270 interrogationis
1855 4197 2073 4254 dubita-

488 4289 768 4358 tionisque
822 4290 1147 4345 solutionem
1209 4293 1517 4361 pertingere
1561 4306 1788 4361 prorsus
1827 4289 2052 4355 discito,

2166 3181 2378 3255 Πατρός
2392 3182 2539 3233 ἑστιν
2553 3180 2581 3231 6
2604 3177 2848 3249 ἀπαρνού
2857 3195 3040 3247 μενος.
3068 3177 3137 3231 'H
3156 3177 3251 3230 τοῦ
3271 3176 3483 3245 Πατρὺς
3507 3175 3601 3227 καὶ
3617 3173 3749 3228 Υἱοῦ

2165 3273 2423 3344 ποιητικὴ
2444 3271 2671 3342 δύναμις
2687 3271 2784 3340 μία
2803 3263 2944 3323 εἶναι
2974 3271 3109 3321 πᾶσι
3131 3265 3577 3339 συνωμολόγηται
3592 3282 3608 3297 ³
3635 3265 3751 3320 ἀλλ’

2164 3362 2286 3418 οὐδὲ
2308 3362 2368 3415 τὸ
2392 3361 2487 3414 ἑπὶ
2516 3362 2583 3432 τῇ
2611 3359 2721 3413 τῶν
2759 3358 3144 3428 πεποιημένων
3174 3360 3391 3425 ποιήσει
3415 3354 3630 3427 πρῶτον
3662 3356 3754 3408 καὶ

2166 3453 2392 3526 ἀρχικὸν
2404 3453 2500 3507 τοῦ
2518 3452 2733 3523 Πατρός
2752 3452 2901 3504 ἑστιν
2916 3451 2945 3504 6
2964 3447 3210 3521 ἀπαρνού
3221 3465 3398 3519 μενος.
3428 3447 3592 3518 Ὁρᾷς
3605 3447 3753 3510 ὅπως

2167 3546 2234 3601 τὰ
2279 3544 2716 3618 ἀπηριθμημένα
2763 3543 2942 3597 πάντα
2988 3542 3099 3597 τῶν
3143 3538 3584 3611 ὡμολογημένων
3616 3538 3744 3600 eisi,

2168 3640 2263 3695 καὶ
2289 3639 2546 3710 οὐδεμιᾶς
2573 3637 2840 3707 δεομένων
2881 3636 2976 3706 τῆς
3000 3633 3356 3700 ἁποδείξεως;
3384 3633 3524 3702 Ὀρα
3560 3629 3754 3693 ταῦτα,

2168 3732 2263 3785 καὶ
2294 3730 2353 3796 ἑξ
2382 3729 2563 3785 αὐτῶν
2595 3727 2867 3800 κραταιὰν
2891 3725 3188 3797 λαμϐάνων
3221 3725 3321 3797 τὴν
3371 3723 3634 3777 πίστωσιν
3662 3721 3753 3776 τοῦ

2173 3824 2339 3895 μηδὲν
2372 3825 2439 3895 τῇ
2474 3821 2725 3890 θεολογίᾳ
2756 3816 2894 3875 εἶναι
2921 3818 3148 3889 ἀπᾷδον,
3193 3817 3290 3871 καὶ
3320 3816 3418 3887 τὴν
3443 3815 3538 3867 ἐπὶ
3569 3815 3637 3884 τῇ
3672 3813 3756 3865 αἰο

2169 3918 2261 3989 τίᾳ
2287 3916 2382 3971 τοῦ
2418 3914 2733 3985 Πνεύματος
2790 3912 3018 3981 ἑνότητα
3048 3910 3143 3963 τοῦ
3177 3909 3392 3979 Ιιατρὺς
3442 3908 3559 3978 ἅμα
3586 3922 3755 3975 κατη-

2172 4012 2360 4080 γορεῖν
2411 4010 2505 4063 καὶ
2536 4005 2692 4074 Υἱοῦ,
2724 4006 2820 4060 καὶ
2849 4003 2948 4074 τὴν
2990 4000 3086 4056 τοῦ
3117 4002 3340 4073 πρώτου
3387 4001 3481 4053 καὶ
3520 3996 3753 4071 ἀρχικσῦ

2170 4102 2433 4171 διαφορὰν
2461 4099 2687 4154 ἐνοῦσαν
2712 4096 2790 4168 τῷ
2822 4096 3001 4166 Πατρῖ¹
3027 4096 3246 4166 φρονεῖν
3274 4092 3558 4163 ἀσφαλῶς.

2245 4194 2320 4253 ς’.
2356 4186 2534 4259 Μέχρι
2564 4185 2716 4241 τοῦδε
2747 4187 2839 4239 καὶ
2866 4184 2967 4256 τὴν
3016 4185 3113 4253 τῆς
3142 4184 3401 4254 δευτέρας
3438 4184 3756 4262 ἑρωτήσεῳς

2172 4280 2266 4333 καὶ
2298 4280 2534 4349 ἀπορίας
2568 4296 2651 4331 σοι
2671 4278 2824 4331 λύσιν
2854 4276 3284 4347 περιισταμένην
3311 4276 3550 4346 μάνθανε
3585 4279 3747 4346 ἀκρι-

484 4393 545 4435 et
576 4385 838 4444 rationes,
884 4382 1084 4451 quibus
1131 4384 1277 4438 ducti
1334 4383 1573 4453 theologi
1628 4383 1827 4437 similia
1886 4396 2062 4437 enun-

2176 4371 2309 4435 ὅῶς,
2341 4371 2633 4442 μηδὲ-τοὺς
2676 4370 2867 4437 λόγους
2912 4369 3037 4422 καθ’
3082 4367 3177 4433 οὓς
3209 4368 3265 4420 αἱ
3307 4368 3595 4437 εἰρημέναι
3624 4367 3753 4437 ὁμο-

492 4474 623 4527 tiata
676 4475 1035 4530 decernunt:
1099 4480 1339 4545 namque
1387 4477 1454 4529 de
1516 4474 1602 4528 his
1660 4476 1865 4538 etiam,
1936 4472 2062 4526 licet

2170 4463 2346 4530 λογίαι
2367 4466 2478 4526 τοῖς
2510 4462 2782 4531 θεολόγοις
2811 4460 3226 4534 πρεσϐεύονται·
3254 4457 3491 4530 ἐροῦμεν
3517 4460 3625 4530 γὰρ
3660 4460 3752 4513 καὶ

494 4579 605 4618 non
642 4567 979 4638 interrogati,
1012 4567 1279 4632 dicemus,
1344 4582 1412 4620 ne
1449 4578 1501 4620 te
1549 4564 1778 4634 fugiant.
1816 4563 2064 4631 Namque

494 4655 759 4713 Dominus
814 4658 869 4712 in
917 4656 1222 4726 Evangeliis
1273 4672 1421 4710 nunc
1455 4655 1674 4725 quidem
1730 4653 1798 4708 ad
1845 4652 2065 4710 Iudaeos

492 4732 823 4805 convertens
899 4749 1202 4803 orationem
1241 4764 1256 4802 :
1296 4766 1315 4798 ι
1346 4746 1822 4812 Quemadmodum
1902 4745 2065 4801 Pater

495 4842 789 4896 exsuscitat
819 4850 1086 4902 mortuos,
1118 4849 1170 4893 et
1195 4838 1453 4903 viviﬁcat,
1509 4839 1590 4892 sic
1615 4847 1669 4892 et
1702 4836 1896 4903 Filius,
1930 4853 2070 4906 quos

495 4935 633 4999 vult,
659 4935 897 4988 viviticat
926 4933 994 4998 ",
1040 4951 1060 4985 ι
1093 4932 1252 4986 dixit.
1273 4931 1403 4985 Item
1429 4930 1495 4984 ad
1522 4930 1739 4985 eosdem
1776 4947 1792 4985 :
1831 4948 1849 4981 ι
1875 4931 2077 4998 Quem-

493 5026 793 5094 admodum
865 5025 1026 5081 Pater
1077 5025 1241 5078 vitam
1303 5023 1466 5079 habet
1509 5023 1561 5077 in
1584 5023 1785 5092 seipso,
1824 5024 1896 5077 ita
1927 5023 2074 5079 dedit

493 5127 551 5175 et
585 5115 723 5174 Filio
766 5117 932 5168 vitam
973 5116 1173 5170 habere
1218 5115 1271 5168 in
1319 5115 1500 5185 scipso
1528 5116 1593 5168 ’⁸.
1629 5133 1648 5164 ι
1698 5114 2072 5184 Praetereaque

496 5210 566 5273 ad
590 5208 809 5263 eosdem
835 5224 848 5261 :
890 5225 910 5257 ι
943 5204 1058 5276 Ego
1084 5214 1139 5260 et
1158 5207 1319 5261 Pater
1350 5222 1517 5261 unum
1544 5222 1735 5262 sumus
1762 5206 1839 5262 "z
1878 5225 1899 5258 ι
1926 5220 2073 5261 nunc

500 5301 567 5355 ad
623 5299 925 5368 discipulos
969 5316 986 5353 :
1036 5317 1055 5351 ‹
1096 5298 1440 5369 Quaecunque
1498 5298 1662 5353 habet
1718 5297 1901 5361 Pater,
1949 5314 2070 5353 mea

500 5402 627 5448 sunt
651 5390 698 5423 ³⁷
722 5407 736 5444 :
764 5409 782 5442 ι
822 5406 968 5444 nunc
986 5391 1050 5444 ad
1075 5393 1254 5457 ipsum
1284 5390 1497 5445 Patrem
1524 5408 1536 5444 :
1574 5409 1592 5441 ‹
1622 5389 1735 5443 Mea
1769 5389 1951 5444 omnia
1980 5396 2075 5443 tua

502 5491 656 5542 sunt,
717 5492 772 5535 ct
825 5490 916 5536 tua
963 5498 1082 5538 mea
1115 5483 1179 5537 ’⁸.
1222 5502 1240 5536 ι
1277 5482 1602 5552 Quicunque
1648 5482 1737 5552 pie
1776 5482 2076 5551 theologica

505 5582 740 5633 tractare
770 5574 1015 5643 cupiunt,
1045 5574 1098 5628 in
1133 5575 1363 5643 dcitate,
1393 5585 1447 5630 et
1481 5575 1763 5630 dominatu
1787 5614 1802 5640 ,
1855 5584 1909 5628 et
1957 5589 2076 5628 om-

2171 4555 2538 4625 περὶτούτων,
2556 4555 2650 4607 καὶ
2671 4554 2833 4623 μηδὲν
2858 4553 3224 4623 ἐρωτώμενοι,
3248 4546 3481 4619 ἀγνοῶν.
3503 4551 3627 4605 Ὀτι
3657 4552 3752 4623 μὲν

2173 4646 2283 4717 γὰρ
2310 4647 2367 4699 ἑν
2392 4644 2741 4713 Εὐαγγελίοις
2764 4647 2791 4697 ὁ
2808 4642 3013 4717 Κύριος
3040 4643 3134 4697 νῦν
3164 4643 3266 4713 μὲν
3296 4644 3431 4714 πρδς
3457 4644 3582 4706 τοὺς
3625 4644 3753 4695 Ἰου-
3838 4661 3851 4671 δ

2173 4739 2376 4804 δαίους,
2414 4756 2432 4789 ι
2470 4739 2681 4808 Ὠσπερ
2706 4739 2733 4790 6
2765 4735 2954 4805 Πατὴρ
2976 4734 3179 4806 ἐγείρει
3206 4736 3332 4798 τοὺς
3364 4734 3612 4804 νεκροὺς,
3651 4734 3744 4788 καὶ

2175 4829 2450 4895 ζωοποιεῖ,
2478 4826 2673 4891 οὕτως,
2710 4846 2727 4879 ι
2765 4825 2894 4896 ἔφη,
2930 4844 2949 4877 ι
2976 4826 3071 4879 καὶ⁵
3106 4829 3134 4878 6
3158 4826 3306 4891 Υἱὸς,
3331 4823 3424 4888 οὒς
3448 4825 3593 4878 θέλει
3620 4824 3754 4889 ζωο-

2184 4921 2354 4974 τοιεῖ.
2390 4938 2410 4971 ι
2440 4920 2550 4973 Καὶ
2577 4918 2739 4973 πάλιν
2787 4917 2922 4988 πρὸς
2971 4916 3099 4980 τοὺς
3146 4916 3348 4978 αὐτούς
3374 4931 3387 4946 ·
3418 4934 3436 4966 ι
3480 4915 3698 4986 Ὠσπερ
3727 4918 3755 4969 6

2180 5010 2392 5082 Πατὴρ,
2429 5010 2571 5076 εἷπε,
2611 5009 2756 5080 ζωὴν
2788 5008 2903 5079 ἔχει
2929 5008 2991 5063 ἐν
3020 5008 3215 5077 ἑαυτῷ,
3242 5004 3415 5071 οὕτως
3437 5006 3609 5060 ἔδωκε
3660 5010 3755 5061 καὶ

2177 5105 2255 5176 τῷ
2286 5104 2401 5175 Υἱῷ
2426 5103 2573 5172 ζωὴν
2610 5103 2754 5175 ἔχειν
2780 5105 2836 5156 ἑν
2873 5102 3071 5172 ἑαυτῷ.
3114 5119 3132 5152 ι
3162 5102 3270 5154 Καὶ
3315 5099 3394 5152 ἔτι
3440 5102 3579 5170 πρὶς
3630 5099 3756 5161 τοὺς

2177 5198 2375 5262 αὐτούς
2399 5216 2411 5229 ·
2447 5217 2466 5251 ‹
2492 5196 2630 5267 Ἐγὼ
2647 5200 2744 5251 καὶ
2774 5197 2802 5249 ό
2833 5195 3019 5267 Πατὴρ
3046 5195 3106 5248 ἒν
3129 5196 3295 5265 ἐσμεν
3317 5212 3329 5225 ο
3359 5214 3377 5247 ι
3405 5195 3616 5265 εἴρηκε.
3639 5193 3755 5247 Νῦν

2174 5292 2232 5345 δὲ
2254 5292 2390 5362 πρὸς
2420 5290 2547 5353 τοὺς
2578 5287 2855 5360 μαθητὰς,
2883 5288 3097 5341 (Πάντα
3124 5289 3223 5342 ὅσα
3251 5287 3407 5358 ἑχειό
3430 5288 3618 5359 Πατὴρ
3645 5287 3754 5359 ἑμὰ

2178 5387 2350 5439 ἑστιν.
2383 5402 2402 5435 ι
2439 5382 2556 5437 Νῦν
2588 5381 2645 5435 δὲ
2681 5382 2817 5453 πρὸς
2853 5381 3015 5435 αὑτὸν
3043 5381 3133 5434 τὸν
3164 5379 3406 5450 Πατέρα,
3445 5397 3464 5431 ι
3516 5379 3600 5432 Τὰ
3642 5378 3751 5449 ἑμὰ

2179 5477 2359 5530 πάντα
2388 5476 2456 5528 σά
2489 5477 2656 5539 ἑστιν,
2683 5474 2776 5528 καὶ
2806 5473 2874 5527 τὰ
2905 5473 2973 5527 σὰ
3001 5474 3165 5543 ἑμόι.»
3194 5474 3385 5529 Πᾶσαν
3410 5474 3458 5527 οἱ
3478 5472 3751 5540 θεολογείν

2193 5570 2514 5643 βουλόμενοι
2548 5567 2791 5631 εὐσεόὦς
2822 5568 2922 5635 τὴν
2949 5568 3042 5621 ἐπὶ
3076 5566 3292 5637 θεότητί
3320 5584 3381 5626 τε
3437 5565 3535 5622 καὶ
3565 5560 3751 5636 κυριό-

562 5722 625 5779 ’τδ
650 5723 813 5799 Ιοιιιιξ
845 5753 896 5803 v,
926 5736 1016 5789 21.
1096 5737 1141 5768 ’⁸
1165 5734 1296 5791 ibid.
1333 5736 1420 5791 26.
1501 5736 1545 5766 ⁸⁸
1569 5733 1729 5790 Joan.
1764 5749 1817 5798 x,
1852 5732 1920 5786 '50
2018 5730 2062 5761 "

2168 5744 2244 5783 ιιι.
2282 5744 2394 5793 xw,
2429 5727 2513 5781 15.
2592 5724 2818 5781 "Joan.
2855 5740 2988 5788 ιιι-ιι,
3022 5725 3106 5780 l0.
