4002 6430
339 376 446 442 381

1437 385 1540 444 AD
1579 384 2179 447 CUNiTANTlNUM
2220 389 2367 448 ΜΒ.
2408 388 2526 446 ΙΙΙ.

3484 386 3592 448 332

335 502 492 555 τητι,
532 483 629 536 καὶ
653 486 787 539 πᾶσι
813 487 923 549 τοῖς
953 486 1132 549 ἄλλοις
1164 487 1394 557 ἑνότητα
1425 489 1518 541 τοῦ
1551 490 1763 558 [ἰατρὸς
1785 491 1919 558 ὁμό-

2026 494 2181 548 nibus
2212 493 2334 548 aliis
2366 497 2625 549 unionem
2663 493 2838 551 Patris
2886 503 2940 550 et
2980 494 3099 550 Filii
3133 496 3484 558 confitentur,
3535 505 3590 550 ct

336 571 568 642 λιποῦσι
603 577 697 626 καὶ
724 573 822 626 τοῦ
850 574 1005 640 Υἱοῦ,
1034 578 1130 628 καὶ
1157 577 1293 646 πρὸς
1315 577 1415 648 τὴν
1443 578 1735 648 ὁμολογίαν
1779 578 1913 631 ταύ-

334 683 446 736 την
477 665 706 736 βεϐαίαν
734 666 962 736 ἔχουσαν
995 667 1138 721 οὕτω
1184 671 1249 724 ἐκ
1279 670 1388 723 τῶν
1419 670 1770 738 Εὑαγγελίων
1804 670 1908 739 τὴν

337 757 609 810 σύστασιν
637 758 667 810 ὁ
693 756 984 822 ἀντιλέξων
1016 759 1162 813 ἐστὶν
1183 761 1379 825 οὐδείς.
1415 762 1537 815 Ὅτι
1573 762 1631 815 δὲ
1660 764 1688 814 ὁ
1721 760 1912 830 Πατὴρ

339 846 512 915 μόνης
541 846 605 898 τὺ
646 848 866 900 πάντων
907 849 1113 903 τούτων
1146 851 1382 923 ἄναρχόν
1410 856 1559 910 ἐστιν
1585 855 1784 918 αἴτιον,
1819 853 1916 906 καὶ

338 938 515 1000 αὐτὸς
546 939 648 1007 μὲν
676 938 738 991 ἐκ
767 957 912 1003 τινος
947 943 1132 1013 ἐτέρου
1169 945 1375 999 τούτων
1425 946 1540 1017 ἔχει
1594 947 1768 1011 οὐδὲν,
1793 948 1820 998 ὁ
1851 946 1909 997 δὲ

338 1029 476 1092 Υἱὸς
507 1030 686 1081 πάντα
711 1029 885 1083 ταῦτα
916 1033 982 1084 ἐκ
1011 1034 1106 1085 τοῦ
1144 1035 1377 1106 Πατρὸς,
1413 1037 1499 1091 διὰ
1550 1037 1710 1091 τοῦτο
1748 1037 1911 1090 πάλιν

342 1121 450 1173 τῶν
476 1120 581 1189 τὴν
612 1120 783 1190 ὁρθὴν
808 1122 1215 1191 πρεσϐευόντων
1237 1127 1518 1198 θεολογίαν
1544 1129 1690 1181 ἐστὶν
1717 1127 1915 1192 οὐδεὶς,

340 1207 405 1270 ὃς
469 1207 571 1276 τὴν
609 1207 703 1260 ἐπὶ
730 1210 865 1261 πᾶσι
890 1210 1100 1274 τούτοις
1122 1212 1342 1267 κατὰτὸ
1382 1215 1598 1285 πρῶτον
1632 1217 1728 1269 καὶ
1761 1217 1920 1285 ἀρχι-

343 1301 445 1355 κὸν
475 1300 739 1369 διαφορὰν
761 1301 859 1368 οὐχ
904 1301 1137 1373 ὁμολογῇ
1182 1303 1277 1356 τοῦ
1308 1305 1544 1374 Πατρός.
1580 1304 1697 1359 Ἵνα
1744 1306 1819 1374 μὴ
1853 1305 1908 1359 τί

344 1390 624 1458 γένηται;
679 1390 800 1442 Ἵνα
871 1390 948 1460 μὴ
998 1394 1316 1463 παρρησίαν
1363 1395 1474 1460 ἕξει
1528 1397 1623 1448 καὶ
1675 1394 1838 1449 πάλιν
1884 1396 1916 1464 ὴ

345 1482 665 1545 Σαϐἐλλειος
713 1482 994 1553 σύγχυσις.
1048 1486 1120 1536 Τὸ
1149 1486 1257 1554 γὰρ
1298 1485 1397 1557 τὴν
1424 1488 1681 1556 τοιαύτην
1729 1488 1911 1557 ἀπαρ-

343 1570 556 1627 νεῖσθαι
635 1572 923 1642 διαφορὰν,
979 1572 1076 1641 τῆς
1127 1574 1378 1645 ἐνότητος
1439 1576 1905 1646 ὁμολογουμέιης,

347 1665 463 1717 ἴσον
509 1663 586 1730 τῷ
618 1662 923 1734 Σαϐελλείῳ
966 1663 1047 1724 είς
1082 1665 1181 1732 τὴν
1223 1666 1430 1736 Τριὰδα
1478 1666 1758 1737 σύγχυσιν.
1806 1667 1915 1718 Καὶ

348 1755 509 1823 λόγος
535 1750 684 1817 οὗτος
703 1755 893 1807 λοιπὸν
915 1757 1330 1827 ἁναντίῤῥητος,
1360 1757 1455 1809 καὶ
1496 1758 1593 1827 τῆς
1630 1759 1699 1827 ἣν
1728 1759 1819 1810 ἐπὶ
1848 1759 1912 1826 τῇ

356 1844 568 1899 κατὰτὸ
587 1844 802 1915 πρῶτον
825 1846 920 1898 καὶ
942 1846 1166 1915 ἀρχικὸν
1178 1847 1411 1916 διαφορᾷ
1433 1846 1528 1898 τοῦ
1548 1845 1760 1916 Πατρὸς
1788 1848 1914 1914 ὁμο·
1952 1834 1992 1887 Β

352 1934 541 2003 λογίας
576 1937 625 1988 oi.
655 1934 895 2003 θεολόγοι
919 1934 1340 2005 πρεσϐεύουσιν.
1382 1937 1445 1991 Et
1481 1937 1538 1990 δὲ
1592 1930 1670 2006 μὴ
1702 1937 1796 1989 καὶ
1825 1937 1910 1990 σοὶ

276 2100 279 2103 δ
348 2025 502 2078 δοκεῖ
531 2026 913 2096 ἀναντίρρητοι
937 2026 1071 2095 πρὸς
1104 2025 1264 2080 τοῦτο
1303 2026 1432 2090 ἴσως
1463 2027 1798 2092 διστάζοντι,
1826 2025 1917 2079 διὰ

338 2117 407 2170 τὸ
426 2119 500 2188 μὴ
531 2118 667 2187 πρὸς
690 2118 835 2183 λέξιν
856 2118 1022 2183 οὕτω,
1049 2118 1185 2189 πλὴν
1203 2118 1302 2189 τῆς
1330 2118 1473 2174 κατά
1488 2119 1547 2172 τὸ
1573 2118 1797 2189 πρῶτον
1821 2120 1918 2170 καὶ

337 2210 576 2279 ἀρχικὸν
590 2211 854 2280 διαφορᾶς
872 2210 997 2273 τοὺς
1020 2211 1162 2264 Πατέ
1171 2226 1272 2279 ρας
1292 2209 1583 2277 θεολογεῖν,
1600 2210 1832 2280 ὅποιπερ
1854 2209 1921 2263 ἂν

339 2299 561 2369 Πατρός
591 2300 780 2371 ἑνότης
813 2299 1223 2370 μνημονεύηται
1247 2301 1341 2353 καὶ
1359 2299 1513 2366 Υἱοῦ,
1537 2299 1672 2354 ἀλλά
1693 2300 1916 2367 δισταγ-

343 2390 455 2461 μοῧ
483 2390 579 2445 τοῦ
609 2392 743 2461 πρὸς
774 2391 935 2446 τοῦτό
969 2409 1029 2446 σε
1069 2392 1372 2460 ἀπαλλάξει
1402 2394 1553 2447 πᾶσα
1584 2391 1774 2464 γραφὴ
1807 2392 1925 2445 050-

338 2485 570 2557 λογικὴ,
619 2486 795 2540 πάντα
840 2487 911 2542 τὰ
967 2488 1045 2557 τῷ
1096 2489 1273 2555 Πατρὶ
1319 2491 1591 2560 προσόντα
1637 2490 1922 2559 εἰληφέναι
1964 2525 1969 2531 -

343 2578 504 2646 παρὰ
575 2578 789 2650 Πατρὶς
829 2580 921 2633 τὸν
983 2581 1133 2646 Υίὸν,
1184 2583 1280 2636 καὶ
1327 2583 1507 2636 πάντα
1559 2580 1701 2636 εἶναι
1757 2583 1922 2635 αὑτὸν

342 2670 452 2722 ὅσα
484 2673 578 2722 καὶ
603 2674 630 2723 ό
657 2670 874 2741 Πατὴρ,
907 2673 1004 2727 καὶ
1029 2675 1138 2728 πᾶν
1169 2675 1349 2729 ὁτιοῦν
1382 2674 1669 2745 ἰσόμετρον
1700 2673 1776 2742 τῷ
1805 2675 1922 2727 Πα-

344 2761 443 2831 τρλ
476 2760 645 2830 ἔχειν,
676 2761 799 2833 δίχα
824 2764 995 2832 ’μόνου
1027 2763 1122 2817 τοῦ
1162 2765 1381 2834 Πατέρα
1426 2760 1566 2818 εἶναι
1602 2763 1764 2817 αὐτὸν
1810 2763 1918 2831 φά-

346 2870 585 2919 σκοιέσα.
621 2852 774 2907 Ἐπεὶ
804 2856 911 2926 γὰρ
943 2858 1002 2909 τὸ
1030 2858 1086 2912 ὲν
1114 2861 1187 2931 τῇ
1213 2858 1408 2927 Τριάδι
1438 2858 1731 2927 ἄναρχον-ἠ
1760 2857 1909 2926 ῥίζα.

346 2947 410 2995 τὸ
439 2944 659 3014 πρῶτον
696 2948 793 2999 καὶ
823 2948 1054 3018 ἀρχικὸν
1082 2949 1111 3001 ὁ
1143 2951 1330 3020 Πατήρ
1359 2952 1475 3002 ἐστι
1511 2947 1686 3001 ταῦτα
1739 2948 1922 2999 πάντα

349 3036 589 3105 ρηθεῑσα
616 3038 841 3094 δύναται
885 3042 919 3111 ἡ
960 3043 1265 3113 πατρότης,
1298 3043 1393 3095 καὶ
1445 3042 1634 3095 λοιπὸν
1675 3041 1923 3109 διαφέρει

2015 583 2180 636 simili
2216 584 2548 639 confessioni
2582 595 2744 639 certae
2775 596 2939 654 atque
2973 585 3313 649 indubitatae,
3348 594 3401 639 et
3428 598 3593 637 evan—

2017 674 2282 743 geliorum
2322 675 2637 731 testimonio
2709 675 3080 745 comprobatze
3144 691 3307 730 nemo
3364 689 3590 742 prorsus

2019 768 2429 823 contradixerit.
2478 767 2748 833 Quoniam
2800 784 2929 822 vero
2986 766 3150 820 Pater
3205 766 3355 820 solus
3392 766 3589 819 horum

2017 858 2258 910 omnium
2294 857 2500 926 absque
2529 857 2801 926 principio
2832 872 2996 910 causa
3022 863 3127 913 est.
3157 864 3212 908 et
3253 855 3342 908 ille
3373 854 3591 921 quidem

2016 962 2083 1000 ex
2133 946 2242 1002 alio
2269 947 2586 1001 earumdem
2639 947 2775 1000 nihil
2806 947 2990 1008 habet,
3020 943 3191 998 Filius
3234 960 3362 996 vero
3405 943 3590 1013 omnia

2019 1039 2136 1093 haec
2165 1054 2231 1093 ex
2285 1036 2467 1101 Patre,
2500 1047 2786 1107 propterea
2826 1052 3018 1090 rursus
3047 1050 3120 1111 ex,
3144 1036 3232 1097 iis,
3265 1034 3356 1102 qui
3389 1042 3593 1086 rectam

2017 1130 2348 1199 theologiam
2403 1138 2610 1193 tenent,
2653 1128 2835 1181 nullus
2892 1128 3042 1180 hisce
3101 1125 3153 1179 in
3191 1125 3445 1178 onmibus
3482 1125 3593 1190 pri-

2022 1222 2181 1277 marii
2213 1235 2277 1275 ac
2303 1220 2622 1289 principalis
2645 1218 2941 1273 discrimen
2971 1216 3119 1270 Patri
3147 1215 3396 1283 denegat.
3416 1214 3591 1278 Quam

2020 1315 2092 1368 ob
2122 1311 2388 1367 causam?
2418 1310 2496 1365 Ne
2540 1325 2736 1365 rursus
2797 1306 3102 1362 Sabelliana
3136 1306 3387 1360 conlusio
3422 1305 3596 1357 conli-

2020 1405 2213 1459 denter
2244 1402 2542 1471 divulgata.
2583 1401 2807 1470 irrepat.
2853 1399 3101 1468 Namque
3129 1395 3458 1452 discriminis
3492 1397 3595 1447 liu-

2019 1496 2114 1564 jus
2140 1493 2380 1564 negatio,
2404 1494 2533 1547 dum
2570 1492 2755 1547 unitas
2785 1491 3072 1553 asseritur,
3104 1503 3260 1557 mque
3298 1496 3461 1554 atque
3493 1485 3532 1537 S
3554 1507 3596 1528 ι-

2020 1587 2217 1641 bellius
2248 1583 2631 1638 confusionem
2694 1584 2749 1637 in
2799 1581 3123 1636 Trinitatem
3173 1577 3490 1632 introducit.
3530 1575 3599 1630 Et

2028 1676 2226 1731 rationi
2260 1675 2422 1731 simili
2456 1688 2616 1728 nemo
2644 1672 3048 1741 repugnaverit,
3098 1670 3144 1724 si
3200 1682 3321 1737 qua:
3355 1667 3592 1730 theologi

2025 1774 2093 1829 de
2131 1770 2378 1843 primarii
2423 1778 2476 1824 et
2507 1766 2829 1838 principalis
2854 1764 3171 1820 discrimine
3195 1761 3375 1816 Patris
3405 1760 3599 1814 decer-

2023 1873 2180 1931 nunt,
2210 1854 2675 1922 consideraveris.
2708 1859 2914 1928 Quodsi
2964 1858 3060 1912 tibi
3100 1855 3246 1909 aliud
3284 1855 3457 1924 placet
3495 1853 3596 1906 du-

2025 1958 2237 2022 bitanti,
2291 1966 2348 2011 et
2394 1955 2698 2011 contradici
2749 1969 2909 2024 posse
2941 1948 3250 2016 existimas,
3283 1944 3431 2019 quod
3489 1957 3593 1995 non

2022 2051 2215 2106 iisdem
2249 2050 2434 2105 verbis
2483 2048 2790 2112 insinuant,
2822 2056 2875 2101 et
2905 2044 3150 2116 primat-ii
3179 2058 3242 2096 ac
3281 2038 3599 2110 principalis

2022 2144 2315 2199 discrimen
2372 2143 2564 2194 Patres
2614 2138 2908 2206 excipiant,
2959 2138 3272 2202 ubicunque
3323 2129 3502 2183 Patris
3547 2137 3602 2182 et

2023 2235 2144 2290 Filii
2182 2234 2364 2289 unitas
2426 2237 2909 2291 commemoratur,
2948 2236 3325 2282 verumtamen
3378 2221 3446 2275 ab
3480 2219 3599 2273 hat-

2024 2327 2279 2383 sitatione
2306 2324 2469 2378 simili
2503 2323 2707 2392 scripta
2730 2320 2913 2375 omnia
2936 2317 3235 2386 theologica
3269 2312 3599 2374 liberabunt,

2025 2428 2147 2481 qua:
2180 2412 2360 2468 Patris
2388 2410 2570 2465 omnia
2600 2411 2778 2464 inesse
2821 2424 2886 2462 ex
2923 2404 3083 2461 Patre
3133 2401 3290 2467 Filio,
3324 2410 3378 2455 ct
3406 2398 3593 2454 omnia

2026 2504 2206 2573 ipsum
2240 2518 2382 2565 rsse,
2425 2516 2546 2568 quae
2577 2499 2735 2553 Pater
2773 2508 2875 2562 est,
2907 2507 2959 2550 et
2988 2493 3248 2564 quidquid
3279 2500 3384 2555 est,
3414 2500 3599 2557 mqua-

2026 2594 2118 2648 biii
2169 2594 2376 2648 ratione
2427 2606 2551 2647 cum
2587 2590 2744 2645 Patre
2785 2587 3081 2657 possidere,
3132 2579 3508 2638 tantummodr
3550 2578 3597 2632 si

2024 2683 2240 2738 Patrem
2277 2698 2396 2737 csse
2447 2682 2710 2753 excipias,
2758 2679 3049 2734 aﬂirmant.
3085 2675 3221 2731 Cum
3279 2672 3423 2726 enim
3455 2668 3600 2738 quod

2026 2776 2081 2830 in
2131 2773 2399 2828 Trinitate
2449 2781 2533 2828 est
2594 2772 2806 2841 absque
2837 2767 3130 2840 principio,
3176 2765 3356 2825 radix,
3396 2761 3594 2830 prima-

2026 2867 2192 2930 rium,
2214 2875 2267 2920 et
2294 2864 2594 2934 principale
2629 2861 2789 2917 Pater
2817 2871 2921 2924 est,
2958 2859 3073 2912 haec
3098 2855 3304 2916 omnia,
3329 2854 3456 2907 dum
3505 2866 3601 2920 pa-

2027 2956 2256 3011 ternitas
2284 2956 2574 3017 astruitur,
2609 2951 2941 3011 inferuntur,
2963 2949 3090 3003 hinc
3113 2946 3260 3000 nullo
3283 2942 3602 2999 discrimine

2029 3048 2252 3110 dicitur,
2288 3045 2471 3099 omnia
2506 3058 2628 3100 esse
2658 3041 2851 3096 Filium
2883 3052 3221 3108 qurecunque
3257 3036 3453 3089 dicitur
3498 3031 3601 3085 Pa-

346 3130 529 3231 οὐδὲν,
564 3129 744 3187 πάντα
773 3128 912 3184 εἶναι
935 3133 1115 3200 λέγειν
1146 3135 1238 3186 τὸν
1263 3135 1387 3189 Υίὸν
1410 3136 1512 3189 ὅσα
1539 3135 1685 3188 καὶὸ
1706 3134 1919 3203 Πατὴρ,

2030 3149 2131 3201 ter,
2168 3147 2392 3207 excepto
2439 3133 2782 3190 solummodo
2812 3146 2938 3186 eum
2973 3129 3209 3191 Patrem,
3241 3140 3447 3180 necnon
3491 3123 3603 3192 pri-

346 3218 477 3289 δίχα
512 3220 677 3289 μόνου
705 3221 799 3275 τοῦ
847 3223 1066 3295 Πατέρα
1123 3220 1265 3278 εἶναι
1318 3225 1503 3292 αὑτὸν,
1559 3226 1595 3295 ἦ
1651 3224 1776 3293 δίχα
1825 3223 1919 3276 τοῦ

348 3310 574 3385 ⁴ἡρῶτον
600 3315 697 3369 καὶ
726 3316 979 3387 ἀρχικὸνο
1008 3317 1180 3370 αἴτιον
1222 3312 1362 3371 εῖναι
1392 3316 1576 3370 αὐτόν.
1625 3317 1689 3371 Ei
1722 3317 1779 3369 δὲ
1825 3315 1922 3369 καί

349 3421 503 3469 τινες
541 3406 653 3461 τῶν
677 3396 909 3479 γραφῶν
941 3409 1043 3481 τὴν
1070 3407 1167 3462 τοῦ
1198 3408 1411 3478 Πατρός
1442 3408 1538 3462 καὶ
1559 3408 1731 3464 αὐταὶ
1754 3407 1926 3461 διδοῦ-

350 3513 439 3552 civ
478 3500 703 3571 ἰσότητα
731 3501 811 3571 τῷ
839 3501 954 3573 Υίῷ
985 3501 1124 3574 πλὴν
1152 3502 1253 3574 τῆς
1275 3503 1629 3572 ἀγεννησίας,
1662 3503 1759 3555 καὶ
1800 3501 1923 3555 ἓτε-

348 3607 448 3661 ραι
478 3591 538 3644 τὸ
569 3591 703 3645 αὐτὸ
733 3592 988 3648 ποιοῦσαι
1030 3594 1173 3664 πλὴν
1196 3594 1291 3648 τοῦ
1322 3594 1539 3665 γεννᾷν,
1581 3593 1615 3663 ἢ
1649 3593 1792 3662 πλὴν
1827 3590 1921 3645 τοῦ

344 3683 534 3735 τεκεῖν
561 3699 717 3752 φασι*
746 3684 845 3739 καὶ
867 3679 1028 3739 αὗται
1052 3686 1112 3740 δὲ
1137 3685 1227 3739 διὰ
1255 3684 1316 3739 τδ
1347 3686 1447 3757 τὴν
1477 3686 1797 3755 πατρότητα
1823 3683 1923 3744 τὰς

344 3774 528 3840 λέξεις
576 3774 782 3839 ταύτας
812 3776 1028 3848 δηλοῦν,
1070 3777 1130 3831 τὸ
1161 3776 1380 3848 πρῶτον
1422 3777 1517 3830 καὶ
1548 3776 1778 3847 ἀρχικὸν
1827 3773 1925 3831 τοῦ

346 3867 488 3921 Υίοῦ
518 3867 952 3935 διαστέλλουσαι,
1007 3869 1085 3938 τῷ
1123 3870 1303 3938 Πατρὶ
1335 3869 1695 3940 ἀπονέμουσι.
1732 3868 1922 3924 Ταῦτά

347 3975 437 4011 σοι
463 3958 739 4024 ἀπόδειξις
775 3958 932 4031 ἱκανὴ
963 3958 1057 4013 τοῦ
1090 3961 1215 4022 τοὺς
1247 3962 1494 4032 Πατέρας
1528 3961 1624 4014 καὶ
1652 3960 1752 4030 τὴν
1782 3961 1925 4013 κατὰ

344 4051 409 4103 τὸ
454 4050 674 4121 πρῶτον
720 4053 815 4106 καὶ
860 4053 1090 4123 ἀρχικὸν
1113 4054 1379 4124 διαφορὰν
1436 4053 1533 4107 τοῦ
1562 4053 1779 4123 Πατρδς
1829 4052 1921 4104 ἐπὶ

346 4142 554 4206 πάσαις
582 4144 702 4207 ταῖς
724 4142 818 4197 τοῦ
840 4145 1074 4215 Πατρός,
1102 4146 1196 4199 καὶ
1217 4144 1348 4200 Υίοῦ
1374 4145 1619 4215 ὲνότησιν
1643 4143 1922 4215 ὁμολόγως

348 4234 650 4302 Θεολογεῖν.
1917 4289 1924 4297 .

421 4323 492 4388 ζ’.
516 4327 624 4378 Καὶ
646 4325 713 4379 σὺ
744 4324 931 4381 λοιπὸν
954 4327 1055 4399 ἤδη
1087 4329 1185 4382 καὶ
1206 4328 1305 4392 τὰς
1330 4329 1642 4398 ὁμολογίας,
1674 4330 1766 4382 καὶ
1795 4329 1923 4390 τοὺς

345 4415 458 4470 τῶν
483 4417 786 4486 ὁμολογιῶν
812 4420 1056 4489 ἀκριϐῶς
1087 4421 1272 4491 μαθὼν
1304 4422 1516 4488 λόγους,
1537 4400 1778 4492 ’προσέτι
1813 4424 1912 4474 καὶ

2029 3228 2258 3283 mariam
2297 3236 2347 3279 et
2385 3224 2740 3295 principalem
2783 3235 3005 3276 causam
3042 3232 3183 3273 esse.
3217 3215 3308 3270 Sic
3340 3213 3596 3268 nonnulla

2031 3320 2236 3389 scripta
2290 3316 2471 3372 Patris
2520 3316 2871 3386 parilitatem,
2928 3326 3035 3367 una
3070 3318 3295 3375 excepta
3348 3304 3597 3377 gignendi

2031 3405 2262 3473 ratione,
2315 3408 2452 3464 Filio
2488 3407 2762 3471 tribuunt,
2825 3413 2878 3459 et
2918 3402 3022 3456 alia
3084 3400 3135 3454 id
3174 3399 3313 3453 idem
3348 3409 3601 3463 compro-

2031 3505 2180 3567 bant,
2216 3517 2341 3559 cum
2379 3500 2589 3570 absque
2617 3514 2683 3554 eo
2718 3500 2860 3568 quod
2891 3496 3098 3566 gignat,
3126 3489 3209 3546 vel
3234 3496 3475 3560 generet,
3518 3486 3603 3540 in-

2030 3595 2271 3659 sinuant,
2304 3592 2453 3663 quod
2505 3589 2805 3662 paternitas
2835 3587 3107 3642 dictiones
3155 3580 3365 3637 similes
3394 3589 3601 3633 conuo-

2034 3696 2130 3754 tat,
2181 3685 2504 3757 primarium
2557 3697 2622 3738 ac
2681 3679 2982 3752 principale
3035 3692 3067 3732 α
3127 3673 3269 3729 Filio
3321 3672 3602 3726 dementes

2028 3780 2173 3835 Patri
2209 3758 2536 3834 cuncedunt.
2588 3775 2655 3829 Et
2713 3775 2829 3828 haec
2866 3771 2961 3825 tibi
3008 3764 3224 3823 abunde
3255 3762 3601 3827 demonstra-

2031 3873 2167 3928 bunt
2194 3871 2403 3936 Patres,
2435 3868 2754 3938 primarium
2784 3875 2840 3919 et
2886 3858 3184 3933 principale
3211 3854 3504 3911 discrimen
3533 3853 3601 3905 de

2030 3961 2191 4017 Patre
2221 3964 2274 4013 in
2298 3959 2553 4016 onmibus
2590 3956 2770 4012 Patris
2799 3963 2852 4010 et
2883 3951 3007 4008 Filii
3035 3947 3342 4006 unitatibus
3373 3959 3481 3999 uno
3504 3956 3599 3996 ore

2032 4054 2325 4109 decantare

2099 4335 2155 4389 7.
2192 4331 2258 4391 Ει
2304 4340 2362 4385 ιιι
2409 4330 2647 4394 interim,
2698 4342 2819 4382 cum
2860 4326 2969 4394 iam
3013 4340 3066 4379 et
3109 4321 3503 4385 confessiones,
3543 4330 3598 4373 et

2031 4405 2435 4479 confessionum
2460 4420 2696 4472 rationes
2716 4415 2951 4487 perfecte
2979 4414 3256 4477 didiceris,
3288 4419 3402 4466 tum
3430 4410 3592 4465 etiam

343 4507 442 4559 τὸν
487 4508 609 4562 κατ’
660 4509 906 4565 ἐπίνοιαν
943 4511 1212 4583 μερισμὸν
1260 4511 1368 4565 τῶν
1395 4510 1920 4582 ἑνοτήτων,καὶτῶν

2030 4530 2153 4587 qua:
2201 4513 2502 4567 secundum
2560 4509 2894 4563 intellectum
2940 4515 3023 4560 est
3068 4504 3356 4567 unionum,
3406 4512 3459 4557 et
3509 4501 3595 4556 di-

210 4610 218 4617 '
312 4597 646 4669 ‘5LGQOOPCTJV,
689 4601 1012 4671 πρεσϐεύειν
1064 4604 1302 4674 πρόσεχε
1341 4604 1621 4671 ἀσφαλῶς.
1657 4605 1779 4673 Χρὴ
1813 4603 1924 4673 γάρ

347 4709 411 4744 τε
442 4692 816 4763 ὁμολογοῦντα
847 4694 980 4748 Θεὸν
1007 4694 1127 4758 ἕνα,
1160 4697 1255 4748 καὶ
1282 4695 1487 4763 Κύριον
1513 4695 1634 4759 ἕνα,
1668 4696 1763 4746 καὶ
1792 4695 1925 4763 μίαν

350 4780 574 4834 πάντων
608 4783 806 4851 ἀρχὴν,
855 4783 948 4837 καὶ
995 4783 1329 4853 δημιουργὸν
1381 4782 1499 4848 ἕνα,
1558 4785 1652 4835 καὶ
1692 4784 1926 4852 ποιητὴν

348 4871 470 4938 ἕνα,
508 4872 589 4924 ἔτι
619 4872 677 4926 δὲ
706 4873 798 4925 τοῦ
829 4872 1148 4943 Πνεύματος
1170 4875 1343 4928 αἴτιον
1372 4873 1432 4927 ἓν
1452 4874 1545 4926 τὸν
1576 4874 1801 4944 Πατέρα
1831 4872 1924 4925 καὶ

346 4962 442 5015 τὸν
471 4962 622 5027 Υίὸν,
648 4968 987 5017 συνεπινοεῐν
1047 4964 1146 5034 μὲν
1175 4966 1273 5035 τὴν
1306 4969 1398 5019 ἐπὶ
1422 4967 1627 5028 πάσαις
1665 4967 1781 5027 ταῖς
1813 4966 1925 5017 ἑνό-

352 5069 477 5122 τησι
509 5054 739 5117 ταύταις
770 5054 911 5108 κατὰ
937 5056 997 5108 τὸ
1030 5056 1244 5126 πρῶτον
1266 5057 1363 5109 καὶ
1404 5058 1633 5127 ἀρχικὸν
1657 5057 1924 5128 διαφορὰν

350 5146 449 5201 τοῦ
481 5146 719 5216 Πατρός.
748 5147 905 5201 Οὕτω
931 5148 987 5201 δὲ
1014 5148 1154 5219 πλὴν
1178 5147 1255 5210 ὡς
1284 5149 1421 5218 μήτε
1449 5150 1547 5219 τὴν
1571 5149 1796 5219 ἑνότητα
1821 5149 1927 5203 ὑπὸ

348 5240 449 5308 τῆς
475 5239 742 5308 διαφορᾶς
766 5239 1129 5309 μεριζομένην
1152 5242 1313 5294 νοεῖν·
1341 5240 1439 5310 μία
1464 5240 1577 5308 γὰρ
1599 5242 1696 5295 καὶ
1724 5241 1921 5311 ταυτὴ,

350 5332 451 5385 καὶ
491 5332 792 5400 ἀμέριστος
824 5334 975 5384 πᾶσα
1005 5332 1195 5402 ἑνότης
1245 5333 1458 5402 Πατρδις
1501 5333 1599 5385 καὶ
1645 5331 1803 5396 Υίοῦ,
1833 5331 1923 5385 δικ

347 5425 525 5479 τὸτὸν
556 5425 686 5478 Υίὸν
715 5426 891 5478 πάντα
919 5425 1113 5496 ἔχοντα
1160 5426 1226 5481 ὲκ
1275 5423 1508 5494 Πατρός,
1560 5422 1735 5486 οὕτως
1787 5424 1926 5478 αὐτὰ

352 5517 500 5587 ἔχειν
533 5517 613 5580 ὡς
645 5518 810 5580 αὐτὸς
833 5521 861 5570 ὁ
885 5517 1096 5589 Πατὴρ,
1134 5521 1271 5589 μήτε
1304 5518 1403 5588 τὴν
1429 5517 1696 5585 διαφορὰν
1723 5515 1818 5569 τοῦ
1847 5518 1926 5570 οἰ-

352 5606 499 5662 κείου
537 5608 907 5678 ἐξισταμένην
935 5608 1042 5661 ὑπὸ
1086 5610 1184 5675 τῆς
1221 5609 1467 5678 ἐνέτητος
1499 5607 1792 5676 μερισμοῦ·
1827 5624 1924 5675 με-

350 5700 511 5768 γίστη
559 5702 673 5770 γὰρ
708 5700 855 5751 πᾶσα
875 5698 1104 5767 διαφορὰ
1140 5700 1348 5768 Πατρός
1384 5697 1480 5750 καὶ
1528 5696 1658 5749 Υἱοῦ
1712 5695 1799 5748 διὰ
1828 5697 1920 5749 τοῦ

354 5792 531 5859 πᾲντα
558 5793 632 5845 τὰ
658 5790 753 5845 τοῦ
785 5792 990 5859 Πατρὶς
1016 5792 1376 5858 ὲξίδιούμεειον
1406 5791 1492 5842 τὸν
1517 5789 1663 5855 Tibi),
1694 5788 1920 5859 μένοντα

2036 4604 2357 4661 scriminum
2399 4599 2773 4671 partitionem,
2816 4598 3025 4665 absque
3068 4610 3253 4650 errore
3300 4596 3463 4648 rebus
3507 4607 3600 4645 as-.

2033 4710 2254 4752 sensum
2294 4690 2533 4761 praebere
2577 4703 2646 4742 ne
2694 4701 2938 4756 respuas.
2981 4684 3227 4753 Namque
3258 4684 3506 4748 addecet,
3541 4692 3601 4743 ut

2033 4788 2161 4842 dum
2196 4781 2474 4840 conliteris
2507 4780 2675 4834 Deum
2707 4793 2898 4843 unum,
2930 4788 2984 4833 et
3012 4778 3298 4831 Dominum
3327 4792 3521 4841 unum,
3547 4784 3601 4830 et

2033 4889 2203 4931 unum
2231 4873 2474 4927 omnium
2522 4868 2872 4940 principium,
2912 4876 2966 4922 et
3015 4868 3261 4936 opiticem
3311 4880 3504 4929 unum,
3544 4873 3600 4918 et

2033 4975 2331 5022 creatorem
2385 4977 2593 5026 unum,
2648 4969 3020 5029 praetereaque
3078 4957 3315 5027 Spiritus
3371 4970 3600 5011 causam

2033 5073 2196 5113 unam
2240 5055 2452 5109 Patrem
2508 5060 2562 5107 et
2595 5050 2816 5115 Filium,
2862 5065 2965 5105 una
3023 5049 3188 5105 simul
3228 5050 3283 5104 in
3337 5047 3599 5102 omnibus

2034 5149 2120 5203 bis
2172 5143 2470 5199 unitatibus
2521 5141 2766 5213 primarii
2824 5132 2991 5212 atque
3036 5141 3354 5211 principalis
3403 5140 3597 5194 discri-z

2034 5254 2158 5293 men
2191 5235 2369 5290 Patris
2420 5234 2713 5304 intelligas.
2758 5234 2834 5288 Ea
2880 5234 3239 5289 nihilominus
3285 5233 3496 5287 ratione
3532 5245 3598 5284 ne

2033 5331 2295 5387 unitatem
2334 5341 2364 5382 a
2399 5327 2715 5382 discrimine
2746 5326 2978 5380 divisam
3015 5339 3296 5395 agnoscas.
3344 5322 3462 5384 Una
3514 5323 3595 5376 si-s

2032 5420 2251 5490 quidem
2277 5425 2360 5470 est
2389 5425 2441 5471 et
2487 5417 2699 5483 eadem,
2730 5425 2784 5470 et
2833 5415 3068 5471 indivisa
3109 5414 3286 5469 omnis
3314 5411 3489 5467 Patris
3538 5420 3595 5475 et

2031 5511 2151 5567 Filii
2208 5510 2362 5575 uuio,
2415 5508 2584 5579 quod,
2630 5522 2755 5561 cum
2806 5508 2977 5562 Filius
3029 5505 3212 5561 omnia
3264 5504 3461 5558 habeat
3522 5519 3590 5567 ex

2031 5604 2215 5668 Patre,
2246 5605 2319 5656 ita
2352 5601 2443 5656 illa
2481 5600 2776 5671 possideat,
2818 5610 2874 5653 ut
2906 5600 3021 5667 ipse
3060 5596 3245 5661 Pater,
3273 5612 3450 5666 neque
3474 5597 3591 5653 dis-

2030 5698 2236 5751 crimen
2296 5709 2324 5748 a
2383 5694 2603 5763 propria
2661 5691 2879 5745 unionis
2928 5688 3220 5757 partitione
3280 5689 3594 5756 divellatur,

2029 5787 2321 5844 Maximum
2358 5784 2626 5859 siquidem
2678 5793 2759 5838 est
2807 5796 2966 5837 omne
2993 5779 3287 5843 discrimen
3322 5781 3500 5844 Patris
3537 5796 3593 5852 et
