4002 6444
377 392 489 455 385

1476 397 1576 457 AD
1617 394 2212 457 CONSTA'NTIXUM
2249 399 2398 460 LlB.
2446 401 2566 461 [ΙΙ.

3533 406 3642 469 386

377 500 646 573 ἀληθείας
681 500 836 555 οὐδέν
861 519 913 557 τι
961 504 1169 572 γένοιτο
1189 504 1592 576 εὐπορώτερον.
1626 505 1840 574 Ἐρώτα
1871 504 1950 558 οῦκ

2070 507 2160 559 tibi
2201 524 2461 577 responsa
2496 519 2682 566 nostra
2738 526 2845 567 non
2898 513 3153 579 aderunt,
3199 514 3374 569 donec
3417 515 3658 570 veritate.

376 596 481 651 καὶ
518 594 680 648 πάλιν
701 610 715 624 ’
745 595 939 666 ἀπόρει
970 595 1063 649 καὶ
1103 596 1290 651 πάλιν.
1327 597 1403 649 Τὸ
1422 596 1480 649 δὲ
1511 596 1607 649 νῦν
1657 596 1778 666 ἔχον
1816 596 1966 647 ἐπεί-

374 707 490 762 περ
521 690 661 746 ἄττα
696 689 1000 760 διαπορεῖς,
1030 691 1129 756 οὐχ
1154 690 1229 754 ὡς
1257 689 1470 759 φρονῶν
1494 690 1636 743 αὐτὰ
1668 691 1761 742 καὶ
1777 691 1965 743 διαπο⁹

373 785 514 853 ρεῖς,
535 782 674 836 ἀλλά
702 782 813 836 τῶν
846 784 944 853 τῆς
974 780 1230 852 ἀληθείας
1263 780 1804 852 καταστοχαζὸμενος
1827 784 1966 849 ἐπη-

376 878 652 946 ρεαστῶν,
685 878 837 938 ὅπως
866 877 933 929 ἂν
956 877 1049 928 ἐπὶ
1086 878 1223 929 πᾶσι
1271 874 1332 927 τὸ
1371 876 1509 945 πρὸς
1565 875 1963 944 ὲπιστομισμὸν

371 970 561 1023 αὐτῶν
589 969 808 1038 ἕτοιμόν
835 985 918 1020 σοι
944 966 1393 1037 ἀποταμιεύοιτο,
1442 967 1540 1019 καὶ
1571 966 1640 1019 τὰ
1671 965 1961 1036 ἠπορημέ-

371 1076 460 1123 να,
488 1058 588 1111 καὶ
618 1060 674 1110 αἰ
702 1058 810 1110 τῶν
841 1058 1211 1127 ἠπορημένων
1260 1057 1642 1125 διασαφήσεις,
1664 1058 1743 1119 εἰς
1790 1056 1960 1108 τύπον

368 1149 597 1216 ὁδηγίας
626 1164 709 1201 σοι
743 1148 1345 1212 διεκτιθέσθωσαν,τίνι
1397 1148 1462 1201 ἂν
1493 1149 1583 1200 ἐπ’
1625 1148 1810 1210 αὐτοῖς
1863 1148 1959 1200 καὶ

368 1239 592 1307 γένοιτό
628 1257 711 1293 σοι
733 1241 814 1311 τῷ
847 1240 1039 1310 τρόπῳ
1093 1240 1472 1310 ἐπιστομίζειν
1513 1242 1737 1310 σύμπαν
1770 1241 1830 1293 τὸ
1865 1242 1960 1295 ἁν-

366 1333 859 1401 τικαθιστάμενον.
885 1331 1179 1386 Κινοῦνται
1212 1332 1313 1401 μὲν
1340 1333 1449 1403 γὰρ
1478 1334 1571 1385 καὶ
1622 1334 1786 1386 πάλιν
1818 1336 1956 1403 ἡμῖν

367 1424 471 1494 τὴν
505 1424 634 1493 χθές
663 1439 768 1475 που
805 1423 901 1475 καὶ
934 1424 1198 1495 πρότριτα
1229 1422 1474 1491 συνήθως
1510 1423 1659 1492 λόγοι
1706 1428 1834 1494 περὶ
1860 1423 1955 1477 τοῦ

368 1516 662 1583 δόγματος.
689 1515 848 1581 Ἀγει
875 1513 934 1565 δὲ
972 1514 1110 1583 πρὸς
1149 1515 1369 1584 μνήμην
1393 1517 1421 1567 ὁ
1474 1514 1631 1583 λόγος
1679 1515 1826 1584 ἡμᾶς
1859 1516 1956 1583 τῆς

370 1606 510 1673 πρὸς
541 1606 794 1674 Μαρῖνον
825 1605 919 1658 τοῦ
962 1604 1107 1657 θείου
1155 1606 1405 1673 Μαξίμου
1462 1606 1745 1675 ἐπιστολὴ,
1776 1612 1832 1659 ὲν
1862 1601 1894 1678 ᾖ
1928 1609 1955 1659 ὁ

375 1695 768 1765 μεγαλώνυμος
796 1689 953 1758 οὗτος
981 1696 1173 1766 Πατὴρ
1201 1697 1301 1765 τὴν
1336 1695 1479 1765 ὑπὲρ
1512 1696 1621 1749 τῶν
1654 1697 1945 1767 Ῥωμαίων

386 1788 483 1839 ἐπὶ
503 1790 565 1857 τῇ
596 1789 659 1840 ὲκ
696 1788 914 1859 Πατρδς
936 1789 1029 1841 καὶ
1058 1788 1188 1840 Υἰοῦ
1216 1788 1541 1857 ἐκπορεύσει
1575 1789 1669 1841 τοῦ
1703 1790 1955 1858 Πνεύμα-

378 1895 471 1941 τος
530 1879 875 1946 δεφενδευσιν
927 1880 1265 1943 διεξιὼν,τδ,
1306 1896 1325 1929 ι
1373 1879 1462 1943 Ἐξ
1496 1874 1570 1934 ὦν
1612 1882 1712 1933 οὐκ
1768 1882 1950 1943 αἰτίαν

372 1970 467 2024 τοῦ
510 1971 833 2040 Πνεύματος
861 1970 953 2024 τὸν
985 1970 1112 2024 Υἰδν
1173 1969 1475 2033 ποιοῦντας
1523 1973 1664 2039 σφᾶς
1723 1972 1953 2035 ἑαυτοὺς

367 2060 723 2128 ἀπέδειξαν,›
759 2060 970 2131 εἴρηκε.
1005 2062 1114 2114 Καὶ
1136 2059 1320 2114 τοίνυν
1362 2059 1450 2112 διὰ
1479 2061 1540 2112 τὸ
1595 2061 1815 2131 πρῶτον
1856 2064 1953 2116 καὶ

364 2155 622 2225 ἀρχικὸν,
642 2155 781 2224 ὅπερ
804 2153 1022 2224 ἀληθῶς
1058 2153 1205 2224 μόνῳ
1233 2153 1310 2223 τῷ
1343 2152 1524 2224 ﬂat-pl.
1556 2154 1850 2224 πρόσεστιν
1871 2146 1952 2208 εἵ-

366 2248 592 2317 ρῆσθαι,
614 2246 683 2300 τὰ
729 2246 999 2317 εἰρημένα
1025 2246 1104 2317 τῷ
1132 2246 1262 2317 θείῳ
1296 2246 1535 2316 Μαξίμῳ
1568 2247 1954 2317 ἐξηγουμένων

364 2336 551 2407 ἡμῶν,
599 2339 663 2391 σὺ
697 2339 754 2391 δὲ
793 2344 852 2391 τὸ
884 2338 995 2392 τῶν
1047 2338 1338 2392 ἀντιδίκων
1388 2340 1586 2403 ὑποδὺς
1634 2340 1952 2407 πρόσωπον,

370 2428 649 2500 ἁ).λίἐστι
678 2430 771 2482 τὸν
820 2428 1167 2501 βουλόμενον,
1209 2429 1368 2501 ἔφης,
1411 2433 1588 2485 εἰπεῖν
1640 2430 1743 2497 ὡς,
1767 2433 1816 2484 εἰ
1853 2431 1952 2501 μὲν

361 2521 488 2580 τοῖς
524 2519 872 2588 αἰτιωμένοις
908 2521 1214 2591 Ῥωμαίους
1271 2521 1402 2593 περὶ
1455 2524 1687 2593 ἀρχικοῦ
1735 2523 1829 2576 καὶ
1877 2522 1953 2594 μὴ

365 2612 607 2682 ἀρχικοῦ
632 2612 803 2666 αἰτίου
839 2615 873 2684 ἡ
894 2614 1236 2677 καταιτίασις
1268 2609 1337 2686 ἦν
1358 2655 1375 2682 ,
1395 2609 1544 2685 εἶχον
1566 2615 1642 2669 ἂν
1669 2614 1726 2668 ai
1753 2613 1956 2684 ἐξηγή-

368 2721 490 2766 σεις
539 2705 604 2758 τὸ
659 2706 1024 2774 εὐλογοφιανὲς
1050 2721 1067 2738 ο
1110 2706 1233 2758 ἐπεὶ
1260 2705 1317 2758 δὲ
1355 2707 1559 2758 ἐκεῖνοι
1619 2704 1755 2775 πρὸς
1784 2705 1955 2776 αὐτὴν

362 2796 471 2867 τὴν
519 2797 578 2862 ἐξ
606 2798 739 2851 Υἰοῦ
788 2798 1119 2867 ὲκπὸρευσιν
1188 2797 1555 2864 ἀντιλέγουσι,
1608 2799 1785 2867 πάντη
1836 2799 1954 2851 ἐστὶ

362 2886 531 2953 δῆλον
558 2887 684 2958 μήτ’
719 2886 946 2950 ἐκείνοις
988 2888 1128 2957 μήτε
1152 2886 1231 2956 τῷ
1259 2886 1700 2958 ύπερηγοροῦντι
1723 2888 1835 2943 τῶν
1857 2888 1951 2942 ὑπ’

364 2981 613 3032 αἰτίασιν
682 2980 811 3048 περί
860 2977 1095 3048 ἀρχικοῦ
1132 2979 1228 3031 καὶ
1263 2977 1361 3048 μὴ,
1395 2980 1531 3048 περὶ
1557 2979 1614 3032 δὲ
1656 2982 1755 3050 τῆς
1812 2980 1953 3045 ὅλως

366 3068 552 3132 αἰτίας
580 3069 672 3122 τὸν
709 3068 869 3137 λόγον
906 3069 1124 3123 ᾶπαντα
1148 3068 1419 3137 γίνεσθαι.

2070 598 2187 667 ipsa
2246 601 2547 667 parabilius
2608 612 2703 659 aut
2757 606 3034 668 liberalius
3092 606 3300 675 aliquid
3357 606 3633 675 quispiam

2068 691 2474 760 echgitarerit.
2508 694 2690 760 Quare
2738 712 2933 751 rursus
2983 698 3508 765 interrogationibus
3556 698 3640 750 in-

2066 792 2174 848 sta,
2218 800 2414 839 rursus
2460 787 2893 841 dubitationibus
2923 804 3055 858 urge
3096 786 3482 842 Verumtamen
3512 804 3636 843 cum

2067 874 2120 928 in
2152 878 2444 945 praesentia
2479 893 2600 947 quae
2639 881 3025 943 controvertis,
3061 895 3171 933 non
3221 881 3297 933 uti
3333 882 3483 934 illius
3516 897 3643 935 scn-

2066 968 2252 1025 lentiae
2277 969 2376 1034 sis,
2406 962 2797 1033 controvertis,
2835 972 2930 1026 sed
2965 972 3030 1025 ad
3062 973 3310 1027 veritatis
3340 976 3642 1026 calumnia-

2066 1067 2212 1112 tores
2238 1060 2480 1113 aninmm
2519 1061 2827 1126 intendens,
2864 1076 2923 1116 ut
2948 1064 3001 1116 in
3038 1065 3293 1117 omnibus
3328 1076 3635 1134 promptum

2063 1151 2160 1203 tibi
2202 1151 2270 1204 ad
2302 1166 2491 1205 eorum
2522 1168 2618 1207 ora
2651 1155 2987 1208 olistrueuda
3020 1171 3291 1217 reserves,
3350 1158 3540 1219 dubia,
3582 1167 3638 1208 ιτι

2063 1241 2469 1296 dubitationum
2486 1245 2902 1313 explicationes,
2924 1261 3060 1313 quas
3072 1246 3225 1314 sequi
3246 1248 3468 1312 debeas,
3488 1250 3638 1314 dige—

2061 1344 2278 1396 rantur,
2313 1335 2512 1401 quibus
2553 1336 2619 1389 ad
2659 1351 2754 1389 ora
2798 1335 3063 1391 l‘renanda
3111 1352 3231 1390 sese
3277 1340 3439 1391 rebus
3470 1339 3625 1392 simi-

2061 1423 2206 1477 libus
2248 1426 2665 1494 opperientium,
2710 1443 2819 1481 non
2855 1428 3172 1496 imparatus
3204 1430 3638 1497 comprehenda-

2059 1515 2160 1569 ris.
2195 1514 2482 1585 Moventur
2512 1519 2782 1586 siquidem
2819 1519 3039 1582 iterum,
3073 1521 3162 1588 qui
3191 1530 3243 1573 et
3273 1519 3410 1585 lteri,
3438 1529 3492 1573 et
3528 1537 3633 1572 nu~

2057 1605 2180 1659 dius
2235 1608 2451 1672 tertius,
2506 1611 2584 1662 uti
2640 1609 2862 1674 assolet,
2919 1624 3206 1664 sermones
3253 1612 3319 1663 de
3355 1612 3635 1679 deginatc,

2056 1710 2345 1765 sermoque
2377 1698 2531 1751 nobis
2582 1700 2903 1752 memoriam
2939 1699 3158 1753 rel‘ricat
3193 1700 3364 1753 divini
3411 1700 3636 1753 Maximi

2057 1787 2122 1838 ad
2162 1786 2429 1840 Marinum
2463 1788 2711 1856 cpistola,
2742 1804 2846 1857 qua
2877 1790 3058 1858 magni
3082 1791 3328 1843 nominis
3354 1789 3512 1844 Pater
3537 1808 3636 1860 pro

2055 1875 2314 1931 Romanis
2343 1879 2409 1932 de
2442 1877 2678 1946 Spiritus
2727 1894 2792 1933 ex
2840 1879 2997 1933 Patre
3036 1892 3085 1934 ct
3119 1879 3256 1933 Filio
3284 1883 3638 1950 processiooc

2055 1968 2430 2039 defensionem
2471 1970 2785 2033 instituens,
2806 1971 2957 2035 illud,
2990 1986 3086 2026 «ex
3115 1973 3316 2040 quibus
3336 1989 3443 2027 non
3468 1990 3637 2027 causa

2057 2058 2293 2129 Spiritus
2317 2061 2510 2114 Filium
2536 2077 2801 2127 asserere,
2826 2078 2946 2117 sese
2970 2063 3042 2115 illi
3064 2064 3471 2127 ostenderunt”
3495 2064 3635 2118 scri-

2062 2160 2189 2219 psit.
2218 2149 2284 2204 Et
2314 2151 2429 2206 haec
2457 2166 2579 2206 cum
2607 2168 2706 2207 nos
2727 2163 2943 2222 propter
2960 2154 3276 2222 primarium
3302 2166 3464 2224 atque
3485 2157 3635 2222 priu-

2056 2243 2252 2313 cipalc,
2282 2245 2424 2313 quod
2461 2259 2591 2299 vere
2611 2246 2712 2300 soli
2741 2243 2885 2299 Patri
2912 2248 3075 2310 inest,
3108 2247 3313 2300 dictata
3344 2262 3485 2310 esse,
3514 2260 3636 2313 quae

2063 2349 2230 2403 supra
2270 2335 2554 2389 attulimus
2586 2351 2652 2390 ex
2681 2348 2870 2390 sancto
2898 2335 3156 2401 Maximo,
3188 2336 3634 2406 interpretemur,

2061 2433 2117 2479 tu
2174 2425 2614 2481 adversariorum
2664 2441 2954 2495 personam
3004 2427 3262 2493 induens,
3320 2443 3482 2497 posse
3529 2428 3633 2490 ais,

2059 2519 2366 2586 cuicunque
2439 2517 2494 2571 id
2555 2518 2944 2587 complacitum
2997 2519 3184 2585 fuerit,
3229 2534 3523 2589 opponere,
3588 2520 3633 2573 si

2057 2605 2150 2674 qui
2188 2603 2465 2659 Romanos
2491 2605 2545 2658 in
2581 2607 2789 2660 crimen
2819 2608 3109 2683 vocabant,
3141 2608 3248 2662 illis
3276 2608 3344 2661 de
3374 2607 3632 2677 primaria

2056 2705 2112 2753 et
2139 2696 2428 2767 principali
2448 2713 2614 2752 causa
2635 2698 2950 2752 criminatio
2976 2698 3186 2763 fuisset,
3225 2698 3435 2753 similes
3460 2714 3631 2767 espo-

2054 2787 2283 2841 sitiones
2320 2788 2551 2842 rationis
2585 2788 2791 2858 aliquid
2825 2789 2879 2841 in
2907 2804 2965 2842 se
2995 2789 3281 2842 continere
3314 2789 3633 2857 iudicaren-

2057 2886 2145 2937 tur
2179 2895 2194 2932 :
2227 2879 2320 2932 sed
2376 2894 2502 2933 cum
2562 2878 2637 2932 illi
2692 2880 2867 2948 ipsam
2913 2895 2982 2935 ex
3036 2878 3173 2934 Filio
3219 2883 3632 2949 processionem

2052 2979 2384 3039 oppugnent,
2438 2971 2696 3025 omnibus
2736 2969 3088 3024 manifestum
3137 2981 3403 3035 remanet,
3456 2985 3633 3039 neque

2051 3062 2118 3115 ab
2158 3062 2288 3127 illis,
2333 3076 2510 3132 neque
2570 3063 2639 3117 ab
2673 3061 2798 3116 aliis
2846 3062 2941 3131 qui
2998 3075 3191 3117 eorum
3249 3061 3630 3118 defensionem

366 3164 709 3231 suscipiunt,
774 3163 842 3218 de
891 3162 1157 3232 primaria
1201 3173 1255 3217 et
1303 3162 1592 3235 principali
1635 3180 1802 3220 causa
1867 3171 2246 3239 quaestionem,
2296 3175 2391 3230 sed
2458 3176 2523 3230 de
2567 3175 2720 3231 totali
2770 3190 2941 3231 causa
2987 3190 3273 3232 sermones
3345 3178 3632 3233 universos

360 3258 605 3327 jactatos
639 3258 830 3315 fuisse.

446 3355 513 3424 β’.
535 3355 706 3409 Τοῦτο
729 3359 762 3426 ἡ
792 3358 1017 3429 ἀπορία.
1054 3356 1245 3427 Ἡμεῖς
1266 3358 1322 3412 δὲ
1348 3358 1446 3428 τὴν
1469 3356 1642 3425 λύσιν,
1666 3358 1724 3412 ὃν
1744 3358 1950 3431 εἴρηται

2138 3360 2194 3415 2.
2238 3359 2363 3417 Haec
2414 3360 2757 3417 addubitatio
2804 3370 2907 3416 est.
2943 3358 3056 3415 Nos
3086 3375 3247 3430 porro
3281 3362 3627 3434 solutionem,
3702 3430 3705 3433 ς

363 3450 570 3520 τρόπον
591 3450 832 3517 ὁδηγίας,
851 3451 944 3502 ἐπὶ
958 3449 1037 3520 τῷ
1054 3450 1199 3520 ἔχειν
1218 3467 1276 3502 σε
1294 3451 1418 3514 τοὺς
1434 3450 1606 3505 ταῦτα
1624 3452 1951 3521 φρονοῦντας

364 3542 765 3611 ἐπιστομίζειν,
810 3541 1119 3596 διεκθέσθαι
1173 3541 1511 3611 βουλόμενοι,
1551 3542 1695 3597 οὕτω
1745 3544 1810 3613 δὴ
1854 3548 1948 3600 καὶ

364 3634 770 3703 διεκτιθέμεθα.
803 3630 965 3695 Οἶδας
1010 3633 1083 3694 ὡς
1134 3633 1276 3695 τινὲς
1318 3634 1415 3703 μὲν
1461 3633 1686 3701 τούτων,
1730 3634 1819 3687 ὑπ’
1850 3636 1950 3705 ἀρ-

365 3727 525 3796 χηγῷ
554 3725 787 3794 Κυπρίῳ
821 3724 1168 3791 ταττόμενοι,
1199 3724 1334 3795 πρὸς
1364 3719 1443 3787 οἷς
1475 3725 1658 3788 ἄλλοις
1691 3726 1831 3778 κατὰ
1851 3725 1947 3779 τοῦ

364 3818 627 3880 εὐσεϐοῦς
654 3833 784 3886 φασι
829 3817 1118 3885 δόγματος,
1154 3818 1246 3868 καὶ
1276 3818 1357 3878 εἰς
1385 3818 1707 3886 ὁμωνυμίαν
1732 3817 1950 3871 διαϐάλ-

364 3911 521 3963 λουσι
552 3909 652 3979 τὴν
694 3909 1049 3979 ἰκπόρευσιν·
1080 3909 1225 3971 τινὲς
1257 3907 1315 3960 δὲ
1357 3910 1467 3971 τοῖς
1503 3910 1763 3972 τοιούτοις
1808 3910 1947 3964 κατά

363 4003 430 4055 τὸ
469 4005 535 4054 ἐκ
586 4000 800 4071 Πατρδς
850 4000 1081 4069 διαιρεῖν
1106 3999 1197 4053 τὸν
1243 3998 1376 4052 Υἰδν
1422 3998 1516 4051 ἐπὶ
1545 4002 1610 4069 τῇ
1650 4000 1799 4071 αἰτίᾳ
1851 4000 1945 4053 τοῦ

368 4095 690 4163 Πνεύματος
741 4094 1181 4163 συμφωνοῦντες,
1217 4092 1311 4146 τοῦ
1364 4094 1500 4156 τέως
1543 4094 1702 4163 μόνον
1745 4097 1948 4163 εὐγνω-

373 4188 630 4258 μονοῦσιν
656 4187 941 4256 ὁμολογεῖν
975 4187 1072 4257 τὴν
1103 4188 1451 4257 ὲκπὸρευσιν,
1479 4190 1679 4256 τρόπον
1707 4188 1807 4257 τῆς
1847 4188 1942 4240 τοῦ

368 4280 691 4349 Πνεύματος
746 4278 1031 4349 ὑπάρξεως
1079 4280 1263 4348 μόνον,
1297 4281 1391 4333 καὶ
1448 4280 1609 4334 πλέον
1658 4282 1944 4350 σημαίνειν

368 4371 563 4442 μηδὲν.
594 4370 707 4440 Τῆς
739 4369 952 4439 ῥήσεως
981 4367 1111 4435 γοῦν
1137 4368 1241 4420 ὑπὸ
1270 4368 1488 4422 πάντων
1509 4369 1946 4442 ὁμολογουμένης

364 4464 552 4531 κοινῇ·
591 4460 652 4512 τὺ
678 4461 807 4531 γὰρ,
853 4476 872 4510 ι
922 4458 1010 4523 Ἐξ
1054 4453 1130 4511 ὧν
1159 4459 1258 4512 οὐκ
1292 4460 1471 4512 αἰτίαν
1498 4461 1590 4513 τοῦ
1631 4461 1945 4531 Πνεύματος

364 4553 459 4606 τὸν
486 4551 615 4605 Υἰὸν
666 4551 953 4614 ποιοῦντας
988 4552 1129 4618 σφᾶς
1176 4549 1402 4615 satureia;
1447 4549 1759 4619 ἀπέδειξαν,
1790 4569 1810 4604 ι
1845 4553 1944 4623 τὴν

367 4647 551 4698 αὐτῶν
598 4643 891 4711 ὑποθέλγον
930 4644 1105 4712 ῥοπὴν
1148 4642 1285 4710 πρὸς
1329 4642 1620 4711 ὁμολογίαν
1663 4642 1810 4698 ἕλκει
1842 4646 1941 4698 αύ-

366 4736 528 4799 τούς·
560 4732 597 4807 ἦ
642 4737 750 4803 γὰρ
778 4735 865 4801 ἂν,
901 4734 949 4786 εἰ
989 4734 1064 4803 μὴ
1107 4732 1283 4799 τοῦτο,
1310 4733 1430 4786 οὐδὲ
1447 4734 1674 4805 ταύτην,
1704 4735 1779 4798 ὡς
1812 4735 1944 4789 πολ-

369 4826 467 4887 λάς
487 4825 598 4877 τῶν
638 4824 812 4877 ἀλλων
849 4824 1108 4893 Πατέρων
1138 4820 1440 4891 θεολογίας,
1471 4822 1741 4875 διαϐαλεῖν
1764 4821 1944 4893 ὤκνη-

365 4919 489 4970 σαν.
554 4915 697 4985 Ὅρα
743 4916 890 4977 ὅπως
938 4916 1036 4967 καὶ
1085 4913 1418 4983 πρὸςᾶμφω
1467 4913 1832 4984 διαλεγομένῳ
1877 4914 1946 4968 τὰ

370 5010 515 5079 μέρη
545 5008 718 5061 ταῦτα
773 5006 1008 5077 ἰσχυρῶς
1038 5006 1423 5060 ἀποδεικνύειν
1465 5005 1678 5071 ἐξέσται
1714 5023 1817 5072 σοι,
1856 5006 1945 5061 διὰ

367 5107 428 5158 τὸ
464 5101 674 5171 πρῶτον
706 5104 801 5153 καὶ
832 5099 1059 5170 ἀρχικὸν
1101 5098 1281 5151 αἴτιον
1322 5098 1539 5167 ἀληθῶς
1569 5098 1819 5170 Μάξιμον
1861 5103 1944 5153 εί-

371 5193 601 5264 ρηκέναι
653 5191 744 5241 τὶν
778 5186 1176 5266 μεγαλώψμον
1204 5185 1292 5252 τὸ,
1330 5203 1351 5238 ι
1397 5187 1486 5251 Ἐξ
1512 5182 1596 5255 έῶν
1633 5188 1733 5242 οὐκ
1762 5188 1945 5242 αἰτίαν

369 5283 466 5336 τοῦ
518 5280 837 5349 Πνεύματος
882 5279 973 5332 τὸν
1019 5278 1146 5332 Υίδν
1186 5279 1479 5341 ποιοῦντας
1523 5280 1666 5348 σφᾶς
1719 5280 1944 5344 ἑαυτοὺς

372 5371 685 5437 ἀπέδειξαν,
725 5386 747 5420 ι
780 5370 821 5422 Γ
825 5368 1121 5423 ινέσθωσάν
1173 5385 1254 5422 σοι
1291 5369 1508 5439 πρῶτον
1555 5372 1604 5423 οἰ
1649 5372 1749 5440 τὴν
1783 5370 1945 5424 ὲκπὸ·

373 5480 560 5538 ρευσιν
588 5460 1009 5533 ὀρθοτομοῦντες
1046 5460 1414 5531 διαλεγόμενοι
1443 5477 1457 5491 ⁸
1490 5465 1941 5532 προτεινὲτωσαν,

369 5557 505 5627 ὅπερ
550 5558 600 5609 οἱ
626 5555 1046 5627 ὁμωνυμοῦντες
1079 5555 1338 5608 οὐδέποτε
1376 5555 1459 5618 τὸ,
1491 5556 1542 5607 εί
1575 5557 1673 5625 μὲν
1716 5556 1829 5617 τοῖς
1859 5557 1944 5608 αἰο

368 5650 657 5722 τιωμένοις
705 5649 997 5719 Ῥωμαίοις
1026 5650 1158 5720 περὶ
1205 5647 1435 5719 ἀρχικοῦ
1483 5648 1576 5702 καὶ
1608 5650 1682 5718 μὴ
1710 5647 1941 5718 ἀρχικοῦ

372 5741 613 5813 αἰτίουὴ
650 5741 992 5802 καταιτίασις
1042 5737 1133 5812 ἦν,
1162 5738 1307 5812 εἶχον
1350 5741 1419 5795 ἂν
1448 5742 1507 5794 αί
1557 5742 1844 5814 ἐξηγήσεις
1882 5743 1943 5796 τδ

371 5832 728 5903 εύλογοφανές
754 5850 767 5864 ‘
797 5834 918 5887 ἐπεὶ
956 5831 1000 5885 δ’
1027 5834 1222 5886 ἐκεῖνοι
1253 5833 1386 5903 πρὸς
1409 5833 1505 5904 τὴν
1532 5833 1590 5898 ἐξ
1622 5832 1748 5886 Υίοῦ
1781 5834 1941 5886 ἐκπό-

2056 3461 2111 3506 ut
2144 3452 2376 3516 habeas,
2409 3452 2570 3507 modo
2595 3466 2706 3522 quo
2729 3452 2934 3507 dictum
2966 3459 3067 3515 est,
3094 3463 3398 3522 promptam
3437 3455 3503 3510 ad
3533 3472 3629 3510 ora

2056 3544 2260 3599 similia
2305 3544 2658 3598 sentientium
2682 3543 2972 3608 frenanda,
3005 3558 3279 3613 exponere
3320 3548 3626 3615 cupientes,

2054 3637 2133 3691 sic
2177 3651 2296 3690 eam
2333 3637 2656 3705 digerimus.
2701 3635 2798 3690 Sat
2831 3636 2978 3690 nosti
3012 3650 3081 3691 ex
3114 3637 3265 3692 hisce
3309 3640 3626 3703 nonnullos,

2053 3725 2246 3780 ducem
2279 3723 2541 3795 Cyprium
2586 3735 2897 3794 sequentes,
2946 3725 3089 3778 inter
3119 3726 3249 3791 alia,
3285 3743 3409 3796 qua:
3439 3730 3627 3783 adver-

2053 3831 2148 3870 sus
2182 3815 2379 3883 dogma
2407 3815 2555 3885 pium
2603 3824 2925 3884 rectumque
2969 3814 3265 3879 blatcraut,
3311 3820 3627 3885 processio-

2053 3921 2177 3960 nem
2226 3920 2446 3975 quoque
2497 3904 2872 3969 criminantes,
2911 3905 3270 3977 liomonymite
3322 3907 3620 3963 obnoxiam

2052 3997 2231 4051 facere
2267 4013 2282 4050 :
2318 3998 2457 4052 alios
2507 4011 2637 4051 vero
2683 3996 2874 4051 iisdem
2931 3998 2986 4051 in
3039 3999 3385 4067 separatione
3426 3998 3549 4054 Filii
3592 4016 3624 4055 a

2051 4090 2213 4144 Patre
2242 4089 2296 4144 in
2326 4103 2493 4145 causa
2523 4088 2762 4159 Spiritus
2789 4092 3211 4156 concordantes,
3242 4091 3313 4144 ita
3346 4105 3532 4161 aequos
3562 4106 3624 4148 se

2052 4192 2364 4254 praestasse,
2402 4192 2460 4236 ut
2503 4182 2910 4251 processioiiem
2960 4185 3184 4237 modum
3216 4194 3427 4238 tantum
3471 4184 3624 4240 exsi-

2049 4276 2264 4330 stentia:
2317 4256 2556 4341 Spiritus
2610 4282 2667 4327 et
2710 4274 2848 4327 nihil
2894 4272 3042 4327 aliud
3091 4286 3392 4330 connotare
3455 4276 3625 4330 dicta-

2048 4373 2190 4419 rent.
2227 4364 2362 4417 Dico
2389 4378 2517 4417 vero
2552 4363 2719 4417 simili
2753 4378 2983 4419 assensu
3032 4364 3314 4418 communi
3348 4374 3618 4432 excepto;

2047 4472 2281 4522 namque
2318 4456 2448 4510 illud
2483 4472 2498 4509 :
2529 4473 2549 4506 ι
2582 4456 2658 4509 Ex
2705 4456 2904 4525 quibus
2955 4470 3063 4510 non
3108 4470 3332 4511 causam
3383 4456 3620 4527 Spiritus

2045 4546 2245 4601 Fiiium
2282 4547 2459 4602 facere
2492 4561 2612 4602 sese
2636 4548 2713 4601 illi
2746 4547 3125 4609 ostenderunt,
3164 4566 3183 4600 ι
3216 4563 3405 4602 eorum
3443 4551 3620 4603 emol-
3720 4598 3729 4601 Α

2052 4641 2190 4694 licns
2243 4641 2506 4709 impetum
2541 4640 2606 4692 ad
2653 4639 3007 4708 prabendum
3053 4654 3337 4693 assensum
3385 4641 3616 4697 inducit.

2049 4731 2265 4785 Etenim
2296 4732 2341 4784 si
2378 4732 2429 4783 id
2458 4746 2563 4783 non
2607 4739 2773 4794 esset,
2810 4731 2913 4784 hoc
2964 4732 3039 4785 uti
3079 4731 3336 4800 pleraque
3383 4733 3618 4787 aliorum
3666 4790 3678 4803 ,

2052 4821 2275 4876 Patrum
2320 4822 2626 4891 theologica
2679 4822 2821 4876 dicta
2873 4837 3136 4877 accusare
3184 4837 3292 4875 non
3348 4825 3620 4891 neglexis-

2046 4922 2189 4971 sent.
2218 4914 2449 4969 Attende
2473 4929 2636 4984 porro
2670 4925 2746 4978 tu,
2781 4929 2891 4984 qua
2922 4917 3153 4980 ratione,
3186 4929 3311 4969 cum
3351 4918 3619 4970 ambabus

2046 5003 2203 5059 hisce
2251 5006 2498 5072 partibus
2549 5004 2885 5073 colloquium
2935 5018 3255 5070 conserens,
3292 5005 3470 5059 valide
3519 5004 3617 5058 dc-

2046 5104 2357 5152 moustrare
2387 5097 2611 5164 poteris,
2648 5105 2870 5165 propter
2897 5095 3214 5165 primariam
3245 5106 3299 5152 et
3332 5095 3611 5164 principa-

2046 5184 2152 5240 lem
2192 5197 2415 5238 causam
2447 5200 2573 5240 vere
2616 5187 2799 5255 magni
2836 5187 3078 5242 nominis
3127 5185 3423 5239 Maximum
3475 5173 3618 5239 scri-

2045 5276 2246 5346 psisse,
2303 5292 2323 5326 ‹
2354 5275 2434 5330 Ex
2463 5278 2661 5347 quibus
2690 5293 2797 5334 non
2841 5294 3065 5335 causam
3111 5276 3349 5343 Spiritus
3410 5274 3605 5329 Filium

2044 5369 2224 5426 facere
2261 5385 2382 5425 sese
2415 5371 2494 5425 illi
2523 5373 2898 5428 ostenderunt.
2943 5391 2964 5425 ι
3017 5374 3081 5426 Ει
3108 5375 3349 5442 priurum
3390 5370 3608 5439 quidem

2044 5477 2170 5518 cum
2193 5477 2475 5518 sermones
2497 5475 2885 5529 conseruntur,
2906 5466 3002 5536 qui
3025 5466 3431 5536 professionem
3464 5475 3613 5520 recte

2046 5564 2301 5622 tractant,
2335 5567 2662 5627 proponant,
2693 5560 2840 5629 quod
2871 5573 3173 5627 nunquam,
3202 5556 3301 5627 qui
3349 5556 3616 5631 homony-

2046 5649 2210 5704 miam
2265 5650 2571 5719 insinuant,
2626 5651 2948 5714 concedent,
2987 5651 3033 5705 si
3080 5651 3176 5719 qui
3224 5649 3504 5707 Romanos
3554 5654 3611 5707 in

2043 5743 2252 5797 crimen
2300 5745 2591 5808 vocabant,
2643 5744 2750 5798 illis
2801 5744 2868 5797 de
2917 5742 3173 5811 primaria
3227 5752 3281 5797 et
3327 5730 3612 5815 principali

2044 5849 2209 5891 causa
2246 5836 2557 5891 criminatio
2586 5836 2800 5901 fuisset,
2857 5836 3060 5891 s'rnilcs
3103 5837 3474 5907 expositiones
3526 5856 3614 5890 ra-
