4002 6422
432 365 535 426 391

1457 366 1670 424 JOAN.
1716 365 1930 429 ΥΕΕεί
1971 365 2080 426 CP.
2125 367 2638 428 PATRlARClle

3593 365 3702 428 302

435 477 725 546 monymire
776 475 1116 528 formatores.
1155 470 1257 526 Sed
1292 471 1704 540 r‘piid.inquam
1750 474 1816 526 ad
1849 473 2006 527 collo-

2113 476 2208 528 καὶ
2251 477 2349 546 τῆς
2374 477 2700 547 ὁμωνυμίας
2731 477 2782 530 οἰ
2831 478 3218 550 πλαστουργοί.
3273 478 3432 534 Ἀ).λά
3460 479 3512 533 τί
3555 497 3701 550 φημι

434 569 664 634 «unum?
694 569 953 622 accedant
983 565 1048 618 ad
1076 566 1159 618 sui
1194 561 1650 628 confutationem,
1685 565 1748 618 ad
1783 565 1868 618 sui
1899 565 2014 620 oris

432 661 894 723 utitur-amentum,
937 657 1003 712 ad
1059 655 1144 710 sui
1188 653 1491 710 infamiam.
1548 654 1687 720 Quid
1737 659 1882 712 enim
1928 672 2014 714 re-

431 753 775 818 Spondcbunt
797 749 1052 819 afsanctis
1070 749 1326 804 omnibus
1358 751 1578 804 modum
1604 751 1934 806 exsistentize
1960 759 2014 806 et

432 843 829 914 liypostzitiram
879 841 1116 909 Spiritus
1157 843 1544 910 proprietatem
1602 845 2012 913 processionem

432 934 874 995 ιίι·ι,·ρι-ω‹,ιιιιὶι›ιιε,
931 935 1101 1000 regio,
1154 944 1216 987 ut
1261 935 1482 998 dicitur,
1537 937 1724 990 cubito
1761 935 2015 990 refutati?

431 1025 660 1091 Quando
689 1027 848 1077 etiam
885 1025 930 1079 si
965 1025 1134 1078 dictio
1163 1025 1248 1078 sui
1285 1039 1391 1077 non
1434 1025 1505 1079 ita
1537 1036 1811 1095 patentem
1848 1027 2013 1081 habe-

431 1127 511 1168 ret
557 1117 943 1181 signiﬁcatum,
979 1117 1071 1169 sed
1105 1116 1187 1168 vel
1247 1116 1532 1168 minimum
1581 1117 1930 1182 ostenderet,
1961 1127 2016 1171 et

431 1212 770 1260 correctione
828 1207 1193 1275 expositioois
1236 1205 1522 1275 indigeret,
1593 1207 1812 1262 abunde
1875 1209 2014 1263 satis

431 1307 616 1350 essent
647 1299 712 1351 ad
751 1313 942 1350 eorum
996 1311 1089 1349 ora
1133 1296 1462 1360 oblnranda,
1493 1296 1584 1365 qui
1633 1313 1664 1352 a
1719 1297 1911 1352 Pliotio
1945 1298 2012 1353 ad

435 1393 547 1443 Irrue
581 1401 770 1444 nostra
805 1400 1044 1458 tempora
1080 1388 1346 1442 adversus
1381 1387 1679 1443 Romanam
1708 1389 2009 1445 Eeelesiam

433 1483 672 1549 propriis
721 1481 1132 1536 commentariis
1167 1481 1521 1534 decertarent
1579 1498 1592 1534 :
1651 1482 1684 1534 ii
1737 1483 2011 1551 siquidem

430 1588 621 1626 mttlICS
683 1573 1094 1640 processionem
1149 1585 1214 1624 ex
1273 1570 1433 1633 Filio,
1483 1588 1548 1624 ex
1609 1571 1750 1626 Filio
1809 1573 2013 1629 inferre

429 1664 805 1718 CXsisti'tttiam
842 1663 1224 1716 demonstrare
1259 1663 1360 1716 hoe
1391 1663 1509 1717 solo
1542 1665 1674 1717 moti
1710 1665 2012 1720 contende-

431 1765 578 1806 runt.
614 1751 780 1822 Opem
824 1768 1042 1823 quoque
1089 1755 1344 1808 tulissent
1396 1757 1462 1808 ad
1523 1755 1627 1811 hoc
1709 1755 2008 1811 ineundum

2117 566 2252 636 πρὸς
2278 568 2550 633 autem;
2589 568 2908 637 παρίτωσαν
2953 571 3089 638 πρὸς
3125 569 3366 639 ἔλεγχον,
3401 570 3538 640 πρὸς
3578 571 3702 624 ἐπι-

2117 660 2442 728 στομισμὸν,
2483 660 2621 730 πρὸς
2647 659 2937 730 αἰσχύνην.
2971 660 3035 713 Τί
3068 661 3174 732 γὰρ
3204 662 3298 714 καὶ
3328 661 3700 733 ἀπολογήσον-

2114 766 2202 802 τα.
2253 750 2404 819 παρὰ
2453 753 2671 803 πάντων
2699 751 2894 817 ἁγίων,
2939 749 2989 803 οἳ
3039 751 3240 820 τρόπον
3272 751 3561 821 ὑπάρξεως
3603 754 3700 806 καὶ

2117 839 2492 910 ὑποστατικὴν
2517 841 2610 893 τοῦ
2649 841 2968 910 [Ινεύματος
3002 842 3246 910 ἰδιότητα
3274 842 3697 913 τεθεολογὴκασι

2115 930 2211 1000 τὴν
2243 931 2571 1001 ἐκπόρευσιν
2613 931 2876 1000 βασιλικῷ
2903 933 2979 1002 τῷ
3013 935 3174 1002 πήχει
3222 934 3696 1004 ἀνατρεπόμενοις

2119 1021 2293 1074 Ὅπου
2329 1038 2392 1090 γε
2439 1026 2486 1076 εἰ
2533 1025 2623 1076 καὶ
2655 1024 2734 1095 μὴ
2780 1024 2924 1076 οὕτω
2959 1021 3104 1094 εἶχεν
3133 1027 3166 1094 ἡ
3220 1025 3364 1088 λέξις
3395 1026 3494 1095 τὴν
3525 1029 3700 1095 σαφή-

2116 1126 2264 1160 νειαν
2292 1110 2576 1181 πρόδηλον,
2615 1112 2746 1164 ἀλλά
2775 1113 3108 1180 ἐμφαντικόν
3139 1129 3192 1164 τι
3226 1113 3398 1182 ταύτῃ
3427 1113 3579 1181 ἐνῆν,
3603 1114 3699 1166 καί

2113 1217 2257 1263 τινος
2284 1201 2639 1272 παραμυθίας
2673 1204 2770 1270 τῆς
2795 1203 2863 1257 δι’
2891 1203 3204 1274 ἐξηγήσεως
3226 1204 3500 1273 δεόμενον,
3534 1207 3702 1274 ἧρπε-

2117 1307 2215 1342 σαν
2247 1291 2312 1345 ἂν
2339 1292 2553 1356 τούτοις
2584 1293 2720 1362 πρὸς
2745 1293 3143 1361 ἐπιστομισμδν
3170 1293 3220 1345 οἰ
3248 1294 3354 1345 ἀπὸ
3377 1293 3582 1346 Φωτίου
3605 1293 3700 1346 καὶ

2117 1383 2314 1454 μέχρις
2356 1383 2515 1453 ἡμῶν
2549 1384 2828 1454 κατάίτῆς
2879 1383 3202 1453 Ῥωμαῖκῆς
3252 1384 3579 1455 Ἐκκλησίας
3611 1385 3700 1438 διὰ

2155 1476 2344 1544 ραφῶν
2373 1477 2594 1530 οἰκείων
2629 1477 3054 1545 ἀγωνισάμενοι,
3107 1477 3310 1538 πάντες
3341 1478 3438 1546 τὴν
3474 1476 3535 1542 ἐξ
3566 1477 3699 1530 Υξοῦ

2114 1565 2464 1635 ἐκπόρευσιν,
2498 1567 2598 1636 τὴν
2632 1565 2694 1632 ἐξ
2743 1567 2876 1620 Υἰοῦ
2903 1565 3165 1620 δύνασθαι
3197 1566 3432 1638 ὕπαρξιν
3481 1569 3702 1622 ἀποδει-

2115 1659 2300 1713 κνύειν
2331 1660 2786 1728 φιλονεικοῦντες,
2831 1660 2981 1728 παρὰ
3021 1659 3085 1729 δὴ
3115 1661 3274 1712 το’το
3307 1661 3400 1712 καὶ
3433 1661 3702 1730 ἐκτρεπό·

2118 1769 2290 1822 μενοι.
2315 1753 2450 1806 Εἰδέ
2473 1753 2571 1824 μὴ.
2599 1752 2754 1822 μόνοι
2775 1751 3229 1804 συναντελάϐοντο
3255 1751 3320 1804 ἂν
3346 1751 3571 1814 ἐκείνοις
3597 1753 3699 1818 τὴν

429 1859 730 1908 certamen,
769 1849 834 1901 a.l
870 1865 1009 1917 quos
1043 1849 1230 1902 divino
1273 1862 1562 1916 correptus
1597 1849 1801 1919 Spiritu
1838 1850 2006 1906 Maxi-

2116 1846 2252 1915 πρ⁵›ς
2282 1845 2382 1915 τὴν
2411 1843 2616 1896 τούτων
2649 1841 2952 1910 καταϐολὴν
2986 1841 3192 1910 ἀγῶνος
3233 1841 3329 1895 καί⁵
3357 1842 3404 1894 οἰ
3436 1841 3571 1906 πρὸς
3599 1841 3700 1904 οὓς

435 1957 556 1994 lllttS
587 1943 946 2010 rrs'poudens,
969 1941 1044 1994 uti
1069 1943 1157 2006 qui
1197 1956 1301 1994 non
1336 1942 1664 2010 reciperent,
1690 1961 1708 1994 ι
1732 1959 1794 1995 ex
1812 1941 2004 2005 Flii0,)

431 2033 598 2085 veluti
641 2048 865 2086 causam
919 2041 1201 2086 notantem
1264 2035 1699 2102 processionem.
1757 2034 1824 2088 Et
1877 2035 2010 2104 quid

430 2123 512 2176 his
538 2138 674 2192 opus
711 2123 840 2176 est?
875 2123 1082 2177 diceret
1109 2123 1406 2192 quispiam,
1429 2140 1552 2178 cum
1587 2126 1652 2179 ad
1696 2141 1792 2180 eos
1817 2126 2012 2180 confu-

431 2215 626 2268 taudos
663 2213 767 2267 soli
808 2212 1102 2279 sufﬁciant,
1153 2215 1344 2268 eodem
1403 2215 1510 2268 line
1548 2231 1614 2269 ac
1663 2231 1834 2285 ερορο
1881 2231 2008 2270 eum

429 2307 534 2359 illis
569 2315 992 2381 concurrentes,
1021 2315 1184 2375 atque
1221 2316 1624 2372 concertautes,
1658 2309 1750 2377 qui
1781 2318 1841 2363 ut
1876 2323 2010 2378 pau-

427 2413 543 2452 sam
593 2414 622 2450 a
659 2397 798 2452 Filio
833 2399 1011 2452 solum
1060 2399 1345 2464 adimant,
1381 2401 1564 2455 socios
1602 2415 1662 2456 se
1691 2401 2012 2456 certaminis

429 2491 696 2560 pnebeut,
729 2505 793 2544 ac
819 2489 1214 2545 sollicitudinis
1241 2490 1294 2544 in
1328 2491 1704 2560 processionis
1741 2494 2012 2565 homony-

430 2583 557 2647 niia,
603 2581 759 2648 quasi
807 2582 954 2636 illam
1000 2581 1082 2637 sic
1137 2589 1286 2636 recte
1317 2592 1679 2652 pertractent,
1726 2600 1835 2654 quo
1866 2585 1924 2638 tit
1953 2593 2010 2639 ut

425 2687 526 2742 pro
570 2674 764 2727 amicis
827 2673 1060 2738 inimici,
1116 2682 1172 2728 et
1221 2689 1319 2742 pro
1367 2675 1762 2731 commilitibus
1817 2677 1941 2730 host
1961 2694 2003 2733 's

427 2765 679 2820 eradant.
743 2763 958 2820 idcirco
1049 2781 1172 2818 eum
1231 2765 1606 2820 necessarium
1657 2767 1878 2822 minime
1915 2769 2008 2830 sit,

425 2873 550 2909 cum
597 2857 706 2910 illis
769 2855 1044 2925 colloquia
1104 2869 1416 2921 conserere,
1477 2856 1582 2910 erit.
1650 2857 2012 2912 nihilominus

427 2950 472 3001 si
509 2962 843 3016 congressus
871 2949 1225 3011 sucresscrit,
1257 2962 1322 2999 ex
1375 2955 1531 3016 parte
1571 2963 1666 3002 eos
1696 2949 2012 3004 Ariauismo

427 3040 700 3094 obnoxios
733 3037 1044 3102 ostendere,
1092 3038 1356 3107 pejusque
1383 3039 1494 3108 jam
1527 3039 1691 3095 dictis
1727 3040 2008 3106 omnibus,

425 3131 522 3201 qui
554 3145 650 3200 per
679 3128 881 3184 Filium
900 3129 1280 3184 cxsistentiam
1309 3131 1658 3196 conlitentes,
1686 3147 1779 3201 per
1799 3131 1999 3187 Filium
2031 3166 2072 3222 ο

427 3239 652 3278 causam
684 3237 791 3276 non
821 3222 1249 3292 amplectuntur.
1283 3221 1368 3274 illi
1403 3222 1672 3291 siquidem
1700 3224 1754 3276 in
1786 3239 2006 3294 proces-

423 3319 578 3371 sione
598 3315 780 3370 Patris
811 3315 1198 3368 administrum
1224 3313 1423 3368 Filium
1453 3314 1632 3369 facere
1654 3315 2002 3385 deprehensi,

423 3406 720 3460 Arianismi
753 3407 829 3459 rei
865 3406 1350 3458 condemnamur:
1387 3405 1441 3458 lii
1475 3421 1603 3460 vero
1638 3422 1742 3460 non
1777 3407 2008 3476 hujusce

425 3507 661 3561 tantum,
699 3512 825 3551 eum
866 3506 918 3549 et
955 3496 1058 3563 ipsi
1094 3496 1496 3567 processionem
1537 3512 1630 3566 per
1667 3497 1863 3552 Filium
1909 3516 2006 3553 ne-

426 3597 578 3655 gant,
615 3602 840 3642 causam
878 3588 1160 3652 denotare,
1192 3589 1284 3642 sed
1321 3587 1530 3657 Spiritu
1563 3590 1728 3644 etiam
1775 3591 2004 3646 inferio-

423 3696 538 3732 rem
587 3678 816 3742 faciunt,
877 3679 1022 3745 quod
1061 3695 1156 3748 per
1211 3679 1411 3733 Filium
1453 3681 1656 3751 gratias
1711 3683 1887 3747 datas,
1939 3683 2006 3737 ad

422 3787 562 3837 qun-.5
618 3770 722 3838 ipsi
779 3771 1191 3838 proccssionem
1226 3771 1531 3836 attrahunt,
1585 3787 1694 3827 non
1743 3783 2003 3844 tanquam

423 3876 519 3928 per
581 3859 782 3914 Filium
843 3860 1084 3930 Spiritus
1136 3863 1540 3928 cxsistcntiam.
1605 3865 1852 3933 haberet,
1909 3868 2004 3922 sed

423 3963 682 4019 tauquam
721 3952 1042 4020 simpliciter
1077 3953 1129 4007 in
1177 3954 1288 4009 illis
1347 3954 1576 4024 Spiritui
1627 3955 1800 4012 Filius
1851 3959 2007 4012 inini-

434 4052 658 4103 straret,
697 4044 905 4096 sentire
961 4045 1455 4112 ilepreliemluntur.
1491 4045 1613 4100 Tibi
1649 4048 1832 4118 itaque
1883 4059 2002 4102 tau-

424 4134 666 4187 tumdem
724 4150 824 4189 nec
861 4134 1000 4188 ultra
1051 4151 1190 4207 cum.
1230 4137 1338 4191 illis
1365 4147 1484 4192 esto
1529 4140 1862 4195 dissertatio.
1895 4140 2006 4196 Nos

426 4240 586 4292 porro
637 4225 789 4278 dubii
837 4241 869 4280 a
931 4235 982 4280 te
1026 4229 1288 4296 propositi
1344 4229 1716 4284 solutIOIIibus
1768 4231 2004 4296 traditis,

422 4317 564 4368 rium
601 4327 878 4386 parantes,
926 4321 1004 4373 uti
1055 4322 1432 4388 promisimus,
1485 4332 1543 4377 ut
1600 4339 1693 4378 eas
1724 4335 2005 4394 promptas

422 4407 652 4463 haberes
706 4409 773 4463 ad
835 4410 1283 4466 adversariorum
1317 4428 1415 4468 ora
1453 4399 1759 4469 obitu-arida
1795 4430 2004 4469 conan-

2114 1935 2550 2004 ἀπολογούμενός
2607 1937 2724 1988 ἐστι
2761 1935 3013 2004 Μάξιμος
3055 1935 3082 1986 ὁ
3119 1931 3433 2002 θεόληπτος,
3486 1931 3560 1994 ὡς
3593 1933 3696 1996 τὴν

2119 2047 2138 2079 ι
2171 2027 2230 2091 ἐξ
2259 2027 2386 2080 Υἰοῦ
2425 2047 2441 2080 ι
2480 2027 2558 2098 μὴ
2599 2027 3014 2098 προσιεμένους,
3048 2025 3143 2080 ius
3188 2024 3490 2096 δηλωτικὴν
3513 2027 3696 2088 αἰτίας

2114 2120 2461 2188 ἐκπόρευσιν.
2501 2120 2607 2170 Καὶ
2640 2118 2695 2170 τί
2740 2118 2940 2183 ταύτας
2983 2118 3102 2186 τάχ’
3135 2116 3200 2170 ἂν
3233 2119 3363 2186 ἡμῖν
3411 2119 3556 2171 εἴποι
3585 2135 3687 2179 τις,

2115 2213 2314 2278 ὅπουγε
2345 2209 2438 2264 καὶ
2490 2211 2644 2279 μόνοι
2690 2209 2906 2270 τούτοις
2951 2207 3182 2279 ἀρκοῦσι
3217 2209 3352 2276 πρὸς
3401 2209 3621 2278 ἔλεγχον
3643 2209 3692 2260 οἱ

2114 2303 2210 2357 νῦν
2239 2303 2324 2372 ἐφ’
2355 2303 2436 2354 ἐνὶ
2471 2301 2659 2368 σκοπῷ
2685 2301 2976 2372 σύνδρομοι
3007 2300 3218 2362 τούτοις
3265 2301 3360 2354 καὶ
3393 2318 3524 2352 συνα
3537 2317 3694 2368 γωνι-

2116 2397 2264 2458 σταὶ,
2295 2395 2344 2448 οἰ
2371 2394 2506 2464 πρὸς
2541 2393 2704 2464 μόνον
2727 2393 2788 2446 τὸ
2818 2395 2916 2464 τὴν
2945 2393 3081 2456 ὅλως
3109 2393 3291 2446 αἰτίαν
3321 2392 3579 2462 ἀφαιρεῖν
3605 2395 3694 2445 τὶν

2114 2487 2244 2541 Υἱὺν
2269 2488 2362 2541 τοῦ
2395 2486 2608 2554 ἀγῶνος
2646 2484 2857 2548 τούτοις
2901 2483 3228 2548 κοινοῦντες,
3260 2485 3355 2537 καὶ
3389 2489 3488 2556 τῆς
3528 2503 3698 2538 σπου-

2114 2579 2209 2648 δῆς
2240 2577 2334 2631 ἐπὶ
2365 2577 2446 2648 τῇ
2477 2576 2770 2648 ὁμωνυμίᾳ
2796 2576 2895 2647 τῆς
2941 2576 3342 2647 ἐκπορεύσεως,
3369 2576 3442 2639 ὡς
3489 2577 3696 2642 ταύτην

2113 2668 2542 2742 ὀρθοτομοῦντες
2580 2668 2734 2720 αὐτοὶ
2787 2669 2866 2730 εἰς
2913 2667 3142 2738 ἐχθροὺς
3193 2668 3316 2722 ἀντὶ
3359 2669 3552 2736 φίλων,
3599 2671 3693 2722 καί

2114 2762 2238 2815 ἀντὶ
2257 2759 2564 2829 συμμάχων
2585 2757 2886 2822 ἀντιδίκους
2917 2759 3288 2812 καθίστανται.
3313 2761 3410 2813 Διὰ
3432 2759 3496 2830 δὴ
3522 2759 3696 2814 ταῦτα

2114 2851 2212 2922 τῆς
2256 2851 2546 2918 διαλέξεως
2583 2853 2684 2920 τῆς
2733 2849 2871 2920 πρὸς
2919 2849 3146 2914 τούτους
3191 2851 3253 2903 τὸ
3285 2852 3586 2919 ἀναγκαῖον
3619 2851 3695 2922 μὴ

2114 2942 2365 3014 ἐχούσης,
2393 2942 2548 2996 ἔσται
2585 2957 2665 2994 σοι
2688 2942 2835 3012 ὅμως
2871 2942 2965 2994 καὶ
2997 2942 3131 3012 προς
3162 2941 3357 3004 αὐτοὺς
3391 2944 3456 2994 ἐκ
3491 2941 3692 3013 μέρους

2117 3051 2234 3098 πως
2257 3033 2624 3104 διαλεγομένῳ
2671 3031 3028 3103 ἐνεχομένους
3067 3034 3265 3096 αὐτοὺς
3315 3033 3694 3088 ἀποδεικνύειν

2113 3129 2192 3198 τῷ
2236 3127 2602 3198 ’Δρειανισμῷ
2631 3130 2814 3198 χεῖρον
2861 3128 3051 3197 ἦτοὺς
3096 3129 3418 3199 εἰρημένους
3461 3131 3689 3194 πάντας,

2111 3221 2225 3272 ὅσοι
2261 3220 2358 3290 τὴν
2389 3218 2458 3272 δι’
2490 3219 2619 3272 Υἰοῦ
2675 3219 3162 3290 συνομολογοῦντες
3207 3221 3466 3293 ὓπαρξιν,
3500 3223 3599 3293 τὴν
3621 3220 3687 3274 δι’

2119 3311 2252 3366 Υἰοῦ
2287 3311 2467 3364 αἰτίαν
2498 3311 2558 3366 οὐ
2605 3313 3017 3380 καταδέχονται.
3062 3313 3288 3367 Ἐκεῖνοι
3337 3315 3436 3384 μὲν
3465 3315 3574 3386 γὰρ
3598 3313 3690 3368 τοῦ

2111 3403 2326 3472 Πατρὸς
2359 3403 2641 3472 ὑπουργὸν
2667 3402 2760 3456 ἐπὶ
2800 3405 2868 3473 τῇ
2902 3403 3227 3474 ἐκπορεύσει
3257 3408 3427 3458 ποιεῖν
3455 3407 3692 3475 ἀπελεγ-

2111 3496 2330 3564 χόμενοι
2377 3496 2465 3547 τὸν
2499 3494 2649 3559 Υἰὺν,
2701 3495 2791 3548 τὸν
2835 3482 3213 3565 Ἀρείανισμὸν
3236 3498 3686 3568 κατακρίνονται·

2109 3584 2256 3640 οὗτοι
2289 3587 2345 3639 δὲ
2374 3586 2434 3639 ού
2489 3587 2644 3640 τοῦτο
2677 3587 2861 3656 μόνον,
2902 3587 3094 3642 καθότι
3127 3589 3226 3642 καὶ
3261 3591 3414 3644 αὐτοὶ
3449 3591 3568 3662 οὐχὶ
3601 3593 3681 3646 αἰ-

2108 3679 2228 3742 τίας
2281 3679 2585 3750 δηλωτικὴν
2646 3681 2972 3749 ἐκπόρευσιν
3031 3681 3357 3752 ὁμολογοῦσι
3403 3683 3472 3736 δι’
3535 3684 3686 3751 Υἰοῦ,

2109 3771 2246 3825 ἀλλά
2275 3789 2338 3839 γε
2367 3773 2429 3839 δὴ
2456 3773 2716 3826 ἐλάττονα
2740 3774 2834 3825 καὶ
2875 3773 2972 3826 τοῦ
3003 3773 3344 3844 Πνεύματος,
3374 3775 3566 3829 καθότι
3591 3777 3691 3840 τὰς

2108 3866 2196 3918 διὰ
2229 3865 2319 3918 τοῦ
2352 3865 2482 3918 Υἰοῦ
2523 3865 2807 3933 διδομένας
2847 3869 3098 3938 χάριτας,
3141 3869 3220 3931 εἰς
3261 3869 3326 3932 ἂ,
3352 3870 3508 3924 αὐτοὶ
3541 3872 3690 3926 ἀπά-

2107 3973 2266 4023 γουσι
2291 3957 2389 4025 τὴν
2411 3957 2758 4026 ἐκπόρευσιν,
2786 3959 2882 4027 οὐχ
2903 3959 2978 4022 ὡς
2999 3959 3088 4012 διὰ
3111 3959 3206 4014 τοῦ
3239 3959 3368 4014 Υἱοῦ
3392 3962 3492 4032 τὴν
3515 3961 3692 4034 ῦπαρ-

2110 4046 2189 4112 ξιν
2215 4045 2308 4100 τοῦ
2343 4047 2662 4116 Πνεύματος
2689 4048 2924 4116 ἔχοντος,
2949 4049 3065 4102 ἀλλ’
3098 4051 3173 4112 ὡς
3197 4051 3383 4115 ἁπλῶς
3415 4053 3494 4123 τῷ
3521 4054 3691 4107 Πνεύ-

2111 4154 2242 4206 ματι
2291 4138 2384 4191 τοῦ
2436 4137 2566 4190 Υἰοῦ
2617 4141 2709 4192 ἐπὶ
2759 4141 2989 4204 ταύταις
3041 4142 3417 4205 διακονοῦντος
3473 4149 3688 4216 φρονεῖν

2113 4227 2528 4297 ἀπελέγχονται.
2563 4228 2655 4281 Σοὶ
2683 4223 2775 4282 οῦν
2804 4230 2860 4291 ἐς
2895 4231 3051 4283 τόσον
3083 4232 3177 4284 καὶ
3209 4234 3373 4303 μέχρι
3398 4234 3558 4288 τόσου
3595 4235 3690 4288 καὶ

2113 4321 2142 4389 ἡ
2171 4321 2304 4390 πρὸς
2336 4319 2555 4385 τούτους
2585 4321 2726 4375 ἔστω
2746 4322 3003 4388 διάλεξις.
3049 4325 3243 4394 Ἡμεῖς
3265 4325 3323 4378 δὲ
3352 4327 3449 4388 τάς
3479 4326 3682 4390 λύσεις,

2107 4408 2175 4481 ἧς
2212 4414 2534 4480 προέτεινας
2567 4413 2824 4484 ἀπορίας,
2857 4414 3086 4478 ἐντελῶς
3123 4415 3221 4486 ἥδη
3262 4432 3343 4468 σοι
3368 4406 3683 4481 ἀποδόντες,

423 4501 558 4553 tium
597 4502 914 4565 ostendere,
943 4519 1050 4557 non
1073 4517 1294 4574 propter
1315 4507 1562 4574 primat-ii
1595 4517 1648 4560 et
1685 4507 2000 4576 principalis

2111 4500 2180 4560 ὡς
2221 4503 2278 4552 ἐν
2307 4501 2528 4568 ὁδηγίας
2573 4503 2757 4565 καθώς
2803 4521 2886 4556 σοι
2930 4505 3378 4575 ἐπηγγειλάμεθα
3405 4507 3582 4575 τύπῳ,
3611 4507 3686 4570 ὡς

421 4591 846 4660 ademptionem,
903 4596 1000 4650 sed
1058 4597 1329 4652 universae
1376 4611 1558 4652 causae
1604 4598 1673 4652 ad
1725 4597 1996 4652 Marinum

417 4681 672 4748 epistola,
724 4683 876 4750 illud,
911 4703 930 4736 ι
973 4685 1048 4739 lix
1097 4688 1298 4755 quibus
1332 4702 1442 4740 non
1502 4703 1725 4742 causam
1759 4689 1998 4758 Spiritus

421 4770 614 4827 Filium
691 4777 869 4831 facere
930 4793 1053 4832 sese
1111 4778 1187 4830 illi
1250 4779 1630 4842 ostenderunt,
1685 4797 1703 4828 ι
1752 4779 1994 4832 divinum

419 4863 714 4921 Maximum
753 4870 980 4933 dixisse,
1044 4878 1093 4922 te
1152 4869 1294 4924 scire
1342 4870 1618 4924 volumus.
1661 4871 1752 4925 Sic
1779 4878 1998 4942 quoq‘ue

417 4957 633 5013 divinus
663 4959 1059 5022 Damascenus,
1119 4961 1211 5014 ubi
1265 4963 1482 5015 Patrem
1539 4981 1556 5012 ι
1613 4961 1994 5032 produclorem

418 5063 512 5116 per
559 5050 758 5104 Filium
823 5049 1230 5106 manifestantis
1287 5050 1541 5119 Spiritus,
1593 5069 1612 5103 ι
1669 5053 1994 5121 decernens,

422 5159 441 5191 ι
477 5143 750 5211 Spiritum
790 5140 936 5206 Filii,
981 5159 1000 5192 ι
1045 5141 1215 5206 addit,
1282 5161 1301 5192 ι
1355 5142 1615 5208 dicimus,
1666 5161 1774 5199 non
1825 5145 1900 5199 uti
1926 5161 1994 5200 ex

421 5235 561 5303 ipso,
597 5235 690 5288 sed
721 5233 800 5288 uti
835 5248 932 5303 per
962 5234 1140 5302 ipsum
1176 5251 1241 5288 ex
1269 5235 1429 5289 Patre
1459 5238 1860 5305 procedentem.
1893 5236 1994 5293 So-

409 5318 502 5377 lus
531 5325 677 5378 enim
730 5338 894 5378 causa
948 5323 1130 5386 Pater,
1173 5343 1192 5378 ι
1231 5325 1577 5380 eooeorditer
1621 5343 1744 5382 cum
1797 5328 2010 5402 niaguo'

419 5415 652 5468 Maximo
691 5417 938 5469 eamdem
996 5417 1320 5471 sententiam
1371 5419 1842 5474 indiscriminatim
1893 5422 1991 5475 de-

417 5507 688 5558 terminat;
751 5506 864 5560 Sub
897 5507 1135 5563 dictione
1187 5525 1419 5579 namque
1473 5527 1492 5562 ε
1549 5511 1842 5580 produelor
1894 5529 1992 5583 per

417 5596 639 5655 Filium,
681 5614 700 5648 ι
739 5595 916 5654 Patris
940 5610 994 5656 et
1031 5601 1152 5655 Filii
1194 5602 1245 5654 in
1275 5601 1516 5671 Spiritus
1542 5618 1704 5656 causa
1723 5603 1988 5659 unionem

412 5685 766 5753 ('Ollﬁl‘lllalls,
799 5699 852 5745 et
885 5693 1327 5764 praepositionem
1371 5708 1458 5760 ex,
1494 5709 1614 5762 qua:
1667 5694 1986 5764 primarium

411 5791 475 5829 ac.
504 5775 797 5847 principale
853 5783 1010 5853 plene
1045 5799 1154 5854 pra:
1189 5800 1247 5840 se
1280 5783 1406 5850 fert,
1463 5784 1607 5838 Patri
1663 5785 1987 5852 attribueus,

2104 4593 2170 4644 ἂν
2196 4593 2256 4644 τὸ
2292 4596 2429 4662 πρὸς
2473 4596 2874 4665 ἐπιστομισμὸν
2915 4597 3025 4650 τῶν
3058 4598 3130 4650 δι’
3166 4598 3414 4661 ἐναντίας
3468 4600 3688 4669 ἕτοιμον

2102 4686 2186 4753 εἴη
2254 4700 2359 4745 σοι,
2423 4687 2782 4756 πειρωμένων
2845 4689 2976 4750 ῑσως
3031 4688 3434 4754 ἀποδεικνύειν,
3489 4689 3567 4762 μὴ
3617 4691 3688 4743 δι’

2102 4777 2390 4846 ἀφαίρεσιν
2419 4777 2510 4830 τοῦ
2535 4779 2752 4847 πρώτου
2787 4781 2882 4833 καὶ
2921 4780 3178 4851 ἀρχικοῦ,
3208 4782 3313 4852 τῆς
3341 4783 3565 4846 δῖε-ὅλως
3599 4786 3686 4837 αἰ-

2099 4871 2219 4932 τίας
2254 4872 2312 4922 ἐν
2342 4874 2406 4940 τῇ
2437 4872 2572 4941 πρὸς
2596 4873 2839 4940 Μαρῖνον
2864 4873 3146 4944 ἐπιστολῇ,
3178 4873 3264 4938 τὸ,
3303 4895 3321 4927 ι
3372 4876 3464 4942 Ἐξ
3491 4871 3562 4928 ὧν
3586 4877 3686 4930 οὐκ

2099 4963 2282 5016 αἰτίαν
2307 4963 2402 5016 τοῦ
2429 4965 2745 5034 “vstigia-:0;
2777 4967 2871 5018 τὸν
2901 4965 3028 5021 Υἰὸν
3061 4966 3354 5031 ποιοῦντας
3396 4969 3535 5036 σφᾶς
3559 4969 3685 5020 ἑαυ-

2100 5054 2226 5117 τοὺς
2262 5055 2571 5120 ἀπέδειξαν,
2613 5076 2634 5107 ι
2669 5056 2921 5126 Μάξιμον
2963 5059 3245 5127 εἰρηκέναι
3281 5059 3374 5113 τὸν
3417 5059 3582 5123 θεῖον,
3607 5061 3676 5113 ει·

2101 5145 2250 5198 δέναι
2284 5161 2342 5198 σε
2375 5145 2698 5216 βουλόμεθα,
2737 5148 2814 5212 ὡς
2845 5149 2938 5201 καὶ
2968 5151 2996 5200 ό
3038 5148 3180 5214 θεῖος
3213 5151 3598 5222 Δαμασκηνὸς
3624 5154 3686 5209 ἐν

2103 5230 2136 5308 ᾖ
2171 5237 2328 5306 ῥήσει
2379 5255 2399 5288 ι
2429 5239 2520 5290 τὸν
2552 5239 2794 5308 Πατέρα,
2827 5240 3095 5310 προϐολέα
3135 5242 3225 5295 διὰ
3263 5244 3440 5312 Λόγου
3467 5245 3561 5298 τοῦ
3593 5247 3684 5299 ἐκ-

2099 5327 2425 5398 φαντορικοῦ
2469 5348 2488 5382 ›
2542 5329 2807 5398 θεολογῶν
2845 5351 2862 5383 ι
2895 5333 3234 5404 Πνεύματος,
3273 5352 3292 5386 ι
3324 5353 3429 5386 -ι
3457 5335 3686 5407 Πνεῦμα

2104 5421 2266 5473 Υἱοῦι
2306 5423 2651 5494 προστίθησι,
2695 5442 2712 5475 ι
2745 5424 2998 5494 λέγομεν,
3029 5425 3124 5494 of."
3153 5425 3228 5487 ὡς
3257 5425 3318 5490 ἐξ
3341 5427 3530 5494 αὐτοῦ,
3565 5429 3682 5481 ἀλλ’

2098 5511 2174 5571 ὡς
2216 5508 2286 5560 δι’
2323 5510 2489 5577 αὑτοῦ
2524 5513 2588 5564 ἐκ
2620 5511 2714 5563 τοῦ
2766 5513 2978 5582 Πατρὸς
3013 5516 3468 5585 ἐκπορευόμενον.
3506 5520 3684 5584 Μόνος

2097 5603 2203 5671 γὰρ
2235 5602 2404 5665 αἴτιος
2445 5605 2473 5656 ὁ
2503 5605 2715 5676 Πατὴρ,
2750 5623 2770 5656 ι
2809 5605 3018 5676 συνῳδά
3053 5605 3144 5676 ,τῷ
3179 5608 3398 5679 μεγάλῳ
3447 5611 3686 5683 Μαξίμῳ

2097 5695 2189 5746 καὶ
2220 5695 2320 5764 τὴν
2341 5695 2510 5768 αὐτὴν
2537 5696 2746 5752 ἔννοιαν
2778 5699 3214 5768 ἀπαραλλάκτως
3243 5703 3506 5772 θεολογεῖ.
3546 5707 3682 5761 Ὑπὸ

2097 5789 2203 5859 γὰρ
2243 5787 2366 5856 τῆς,
2403 5806 2421 5840 ι
2463 5790 2762 5860 προϐολεὺς
2811 5793 2900 5846 διὰ
2937 5793 3130 5860 Λόγου,
3177 5811 3194 5844 ι
3232 5795 3415 5866 φωνῆς
3459 5796 3557 5868 τὴν
3588 5797 3680 5852 τοῦ
