4002 6434
314 416 427 487 ἰ93
1413 410 1515 482 AD
1555 404 1894 483 CONSTA‘N

1991 402 2152 479 NUM
2190 401 2339 475 LIB.
2381 403 2511 476 IVS,
3463 394 3571 470 395

315 529 536 604 Πατρδς
564 528 660 585 καὶ
701 529 832 584 Υίοῦ
873 528 967 585 ἐπὶ
997 516 1063 601 τῇ
1099 512 1193 582 τοῧ
1240 526 1562 599 Πνεύματος
1597 529 1749 603 αἰτίᾳ
1776 529 1894 584 ἐνό-

2002 529 2158 593 illud,
2181 546 2198 579 ι
2220 527 2382 583 Solus
2414 523 2558 580 enim
2586 536 2752 580 causa
2780 519 2961 587 Pater,
2988 538 3005 572 ι
3030 535 3057 575 a
3089 518 3230 577 Filio
3260 519 3479 578 Patrem
3518 523 3573 578 in

311 638 458 691 τητα
487 621 790 692 παριστῶν,
820 620 913 676 καί¹
944 619 1043 690 τὴν
1068 619 1128 675 τὸ
1167 619 1383 691 πρῶτον
1416 622 1508 675 καὶ
1538 622 1765 693 ἀρχικὸν
1800 638 1891 674 σα-

1358 636 1383 671 ν
1416 622 1508 675 καὶ
1538 622 1765 693 ἀρχικὸν
1800 638 1896 674 σα·
2004 619 2291 691 principali
2321 618 2665 684 discernens,
2697 614 2938 671 adducit.

310 714 434 784 φῶς
457 712 765 783 δυναμένην
792 712 885 778 ἐξ,
917 713 993 784 τῷ
1050 712 1226 779 Πατρί
1262 712 1573 783 ἀναφέρων,
1595 711 1677 779 τὸ,
1711 730 1729 765 t
1768 711 1939 777 Μόνος
1976 708 2085 783 γὰρ
2113 710 2282 775 αἴτιος
2309 710 2338 763 ὁ
2380 702 2590 780 Πατὴρ,
2619 727 2637 759 ι
2679 709 2755 771 ὼς
2781 705 2878 761 τοῦ
2920 706 3053 761 Υίοῦ
3086 708 3179 763 τὸν
3241 702 3462 780 Πατέρα
3485 704 3581 763 ἐπὶ

310 808 394 881 τῷ
425 804 638 876 ἀρχικῷ
665 803 989 857 διαστέλλων
1016 805 1236 872 ὲπάγει.

385 905 468 965 ς’.
488 895 691 952 Δεῖπόν
719 895 868 947 ἐστιν
892 894 1101 966 ἀπάρτι
1130 895 1317 951 λοιπὸν
1362 898 1456 951 καὶ
1493 891 1562 969 ἦς
1609 896 1760 950 ἐστιν
1803 896 1892 949 ὅτε

2074 890 2128 945 6.
2153 888 2310 945 Nunc
2339 888 2550 945 interea
2592 886 2865 959 reliquum
2901 900 3008 956 est,
3045 898 3106 946 ut
3126 891 3332 948 dictum
3365 911 3582 966 quoque

306 988 665 1061 προτείνουσι
723 986 935 1054 ρήσεως
960 984 1055 1038 τοῦ
1081 986 1363 1056 θεολογίας
1392 988 1685 1058 ἐπωνύμου
1715 988 1763 1041 οἰ
1795 990 1886 1040 ἀν-

2003 984 2173 1048 illius,
2225 986 2315 1037 cui
2365 997 2395 1037 a
2454 982 2723 1050 theologia
2771 998 2968 1038 nomen
3006 994 3109 1052 est,
3172 996 3227 1044 et
3282 989 3583 1044 adversarii

304 1080 622 1147 τιλέγοντες
648 1075 1045 1146 μνημονεῦσαι,
1070 1078 1168 1148 οὐχ
1193 1078 1274 1132 ὅτι
1311 1080 1740 1149 ἀμεταποιήτως
1762 1072 1884 1130 ταύ-

2007 1084 2343 1146 proponunt,
2396 1088 2914 1142 commcmorcmus,
2966 1092 3076 1132 non
3125 1079 3271 1148 quod
3324 1080 3456 1135 illud
3506 1082 3587 1137 uti

308 1188 413 1242 την
476 1167 843 1237 προτείνουσι,
878 1166 1057 1219 καὶτὸ
1086 1169 1388 1235 ἀναγκαῖον
1449 1169 1581 1234 ίσως
1644 1169 1888 1225 ἐντεῦθεν

2003 1175 2107 1231 est,
2161 1164 2368 1234 absque
2422 1164 2530 1219 ulla
2559 1163 2645 1219 sui
2674 1164 3049 1222 immutatione
3080 1150 3430 1239 proponant,
3484 1175 3581 1229 sed

310 1262 453 1332 ἡμῖν
475 1257 640 1312 αὐτὸν
670 1256 849 1326 ἐαυτῷ
876 1258 968 1309 τὸν
993 1258 1149 1326 ἅγιον
1176 1258 1537 1330 συμῦισάσαι,
1567 1261 1641 1325 ὡς
1674 1261 1767 1314 ἐπὶ
1791 1260 1890 1315 τῶι

2004 1255 2149 1326 quod
2180 1256 2551 1312 necessarium
2589 1254 2689 1319 est,
2725 1265 2784 1311 ut
2837 1256 2964 1312 inde
3016 1258 3275 1316 Sanctum
3324 1263 3426 1319 sibi
3474 1266 3578 1336 ipsi

314 1351 741 1422 προειρημένων
803 1352 1019 1424 ῥήσεων
1070 1354 1183 1424 ἔχει
1210 1369 1224 1383 ·
1250 1355 1366 1409 ἀλλ’
1396 1344 1477 1410 δτι
1507 1356 1756 1428 δοθείσης
1806 1356 1894 1410 καῖ

2007 1348 2333 1404 concordem
2367 1348 2746 1413 ostendamus,
2781 1348 3245 1417 quemadmodum
3291 1362 3345 1408 et
3387 1355 3444 1410 in
3504 1358 3587 1412 di-

315 1443 776 1514 συγχωρηθείσης
800 1444 932 1515 παρ’
956 1445 1113 1515 ὴμῶν
1135 1446 1232 1515 τῆς
1259 1446 1705 1518 ματαποιήσεως,
1730 1447 1895 1515 πολλή

2006 1440 2111 1493 ctis
2145 1453 2329 1509 supra
2356 1438 2594 1494 laudatis
2626 1437 2856 1494 fecimus
2897 1456 2913 1493 :
2942 1441 3038 1497 sed
3069 1442 3238 1510 quod,
3270 1444 3397 1500 data
3419 1447 3584 1503 etiam

315 1542 402 1597 τις
439 1534 829 1603 ἐπιγενήσεται
884 1536 1022 1604 πρὸς
1050 1536 1326 1602 ἀπόδειξιν
1357 1539 1388 1608 ὴ
1422 1539 1786 1608 συγκρότησις
1808 1535 1895 1591 τοῦ

2010 1538 2172 1599 atque
2217 1544 2481 1584 concessa
2540 1530 2941 1598 immutatione,
2976 1534 3210 1590 multum
3270 1538 3470 1594 valebit
3520 1543 3590 1597 ad

319 1626 379 1678 τὸ
395 1626 574 1678 αῖτιον
599 1625 752 1693 παρά
783 1625 892 1678 τῶν
922 1625 1094 1693 ἁγίων
1122 1625 1420 1700 ἐξαιρέτως
1454 1625 1531 1697 τῷ
1559 1627 1736 1695 Πατρί
1766 1627 1899 1695 ἀφο-

2015 1620 2500 1675 demonstrandum
2556 1623 3003 1691 consensionem,
3050 1638 3085 1681 a
3140 1630 3346 1686 sanctis
3399 1644 3595 1701 nempe

326 1713 577 1784 ρίζεσθαι
627 1712 717 1766 διὰ
755 1713 817 1766 rb
850 1713 1071 1783 πρῶτον
1121 1714 1217 1767 καὶ
1270 1712 1521 1786 ἀρχικὸν,
1548 1714 1623 1778 ὡς
1655 1713 1905 1768 ἐντεῦθεν

2013 1711 2267 1768 Patribus
2300 1726 2524 1767 causam
2555 1714 2832 1783 praecipue
2853 1712 3001 1770 Patri
3029 1717 3437 1791 deeerni,quod
3462 1724 3593 1781 inde

330 1804 464 1873 πρὸς
487 1805 732 1872 ἀνάγκης
767 1804 1089 1858 ἀκολουθεῖν
1119 1804 1279 1859 τοῦτο
1310 1807 1453 1860 νοεῖν
1484 1801 1651 1869 εῖναι,
1691 1806 1752 1859 τὸ
1810 1805 1908 1860 καὶ

2013 1802 2335 1871 primarium
2388 1805 2444 1857 et
2488 1802 2809 1873 principale,
2862 1799 3174 1864 necessario
3210 1804 3593 1884 consequitur.

332 1895 734 1965 ἀφαιρούμενον
765 1896 860 1950 τοῦ
894 1896 1046 1952 Υίοῦ.
1087 1896 1242 1950 Ἐπεὶ
1276 1897 1385 1968 γάρ
1419 1900 1476 1950 ἐν
1500 1897 1579 1969 τῷ
1609 1896 1748 1967 πρὸς
1775 1897 1901 1960 τοὺς

2013 1903 2064 1948 et
2098 1893 2149 1948 id
2178 1892 2357 1962 ipsum
2392 1908 2516 1949 esse
2548 1892 2891 1965 intelligitur,
2924 1899 3071 1967 quod
3106 1914 3137 1954 a
3163 1899 3305 1958 Filio
3336 1919 3593 1975 segrega-

326 1990 425 2043 ἀπ*
449 1991 728 2059 Αἰγύπτου
779 1990 1233 2061 ἐπιδημήσαντας
1273 1991 1418 2062 λόγῳ
1466 1991 1562 2045 τοῦ
1607 1991 1906 2063 θεορῤήμο·

2017 1995 2129 2041 tur.
2167 1985 2303 2040 Cum
2339 1985 2486 2040 enim
2513 1986 2760 2042 oratione
2807 1988 3135 2061 diviniloqui
3181 1992 3361 2051 Patris
3390 1997 3458 2051 ad
3498 2013 3595 2055 eos

323 2094 437 2144 νος,
472 2079 588 2134 ἔστι
622 2081 723 2150 μὲν
753 2082 861 2151 γάρ
888 2074 968 2144 οἷς
996 2079 1106 2134 τῶν
1130 2081 1504 2152 ἀντιγράφων,
1542 2099 1561 2132 ι
1602 2078 1786 2133 Πάντα
1811 2082 1903 2134 ὅσα

2019 2079 2109 2146 qui
2145 2092 2211 2133 ex
2244 2077 2481 2150 Egypto
2514 2089 2884 2146 accesserant,
2913 2082 2968 2137 in
3010 2086 3288 2142 nonnullis
3316 2091 3599 2163 exempla-

320 2172 440 2244 ἔχει
468 2175 496 2227 ὁ
524 2174 715 2247 Πατὴρ
744 2174 839 2228 τοῦ
885 2173 1015 2228 Υἰοῦ
1041 2176 1156 2227 ἐστι
1185 2175 1325 2247 πλὴν
1357 2177 1455 2246 τῆς
1486 2175 1809 2247 ἀγεννησίας
1830 2190 1845 2206 ⁶
1887 2195 1900 2229 ι

2017 2172 2172 2228 ribus
2222 2172 2512 2237 habeatur,
2566 2186 2586 2225 t
2635 2172 3011 2246 Quaecumque
3050 2176 3215 2234 habet
3258 2170 3441 2247 Pater,
3473 2175 3597 2239 Filii

323 2260 448 2313 ἐστι
484 2261 540 2312 δὲ
569 2262 698 2333 παρ’
720 2257 825 2326 οἷς,
866 2282 883 2313 ι
917 2262 1065 2335 Πλὴν
1087 2262 1187 2333 τῆς
1219 2264 1423 2330 αἰτίας,
1449 2284 1467 2316 ι
1504 2265 1839 2337 εὑρίσκεται,
1864 2266 1903 2320 0i

2016 2269 2165 2326 sunt,
2198 2262 2245 2316 si
2275 2278 2441 2317 unum
2469 2263 2774 2331 ingenitum
2800 2279 2922 2321 esse
2967 2267 3017 2321 si
3048 2269 3340 2339 excipias,»
3380 2273 3435 2328 in
3472 2274 3596 2330 aliis

320 2351 428 2421 τὴν
452 2353 704 2407 ἐναντίαν
739 2354 1022 2424 μετιόντες
1071 2354 1167 2408 καὶ
1193 2355 1352 2409 τοῦτο
1378 2354 1442 2426 δὴ
1466 2357 1547 2420 τὸ,
1579 2377 1598 2409 t
1636 2356 1785 2427 Πλὴν
1812 2357 1900 2426 τῆς

2017 2368 2168 2420 vero,
2199 2371 2219 2406 ι
2256 2366 2422 2409 unam
2452 2355 2500 2411 si
2527 2356 2770 2426 excipias
2803 2366 3049 2425 causam,
3092 2379 3112 2413 ι
3153 2363 3483 2432 inveniatur,
3504 2373 3597 2439 qui

321 2448 533 2511 αἰτίας·
574 2466 593 2498 ι
654 2450 842 2520 τρίτον
892 2450 986 2502 ἐπὶ
1019 2450 1131 2513 τοῖς
1183 2451 1606 2521 προειρημένοις
1658 2452 1781 2504 δυσὶ
1813 2451 1901 2521 τῆς

2020 2455 2211 2501 contra
2257 2461 2358 2503 nos
2411 2445 2646 2513 faciunt,
2679 2449 2784 2503 hoc
2827 2448 2981 2515 item,
3014 2470 3034 2503 ι
3064 2469 3229 2509 unam
3260 2458 3308 2512 si
3354 2460 3600 2531 excipias

320 2539 440 2593 τῶν
502 2541 719 2594 οἰκείων
775 2541 950 2609 λόγων
1014 2542 1346 2613 σαθρότητος
1402 2543 1569 2615 μέρος
1612 2543 1900 2597 ποιοῦνται.

2019 2551 2270 2605 causam,
2303 2556 2322 2590 ι
2357 2539 2574 2593 tertiam
2609 2546 2734 2608 post
2763 2539 2872 2596 duo
2898 2541 3136 2611 primum
3168 2546 3354 2612 allata,
3383 2563 3599 2606 sermo-

333 2630 537 2701 Ἡμεῖς
564 2631 621 2685 δὲ
643 2632 726 2686 ὄτι
750 2634 806 2686 αί
838 2634 920 2698 τὸ,
958 2634 1167 2706 (Πλὴν
1200 2634 1303 2704 τῆς
1344 2634 1673 2705 ἀγεννησίας
1710 2654 1731 2688 ι
1759 2634 1913 2705 έχου-

2020 2644 2149 2684 num
2181 2644 2406 2685 suorum
2440 2629 2836 2687 imbecillitatis
2889 2641 3097 2702 partem
3150 2649 3458 2706 apponunt.
3486 2639 3600 2697 Nos

325 2740 427 2777 σαι
459 2722 655 2792 βίόλοι,
679 2724 740 2777 τὸ
768 2726 913 2779 κατά
940 2704 1130 2786 τδάἶς
1153 2726 1235 2790 τὸ,
1270 2743 1289 2776 t
1320 2726 1467 2796 Πλὴν
1504 2704 1602 2796 τῆς
1648 2704 1852 2791 αἰτίας,
1893 2743 1905 2778 t

2021 2731 2184 2792 porro
2222 2735 2346 2777 eum
2398 2722 2802 2778 ostenderimus
2859 2724 3159 2791 volumina,
3188 2704 3333 2800 quae,
3375 2753 3395 2786 ι
3430 2750 3600 2791 unum

322 2816 656 2885 ἀμφέρεται,
687 2816 1057 2887 ἀποφέρονται
1082 2818 1304 2888 κράτος,
1334 2816 1536 2880 ίκανῶς
1559 2821 1615 2870 ὲν
1640 2817 1902 2888 διαφόροις

2022 2814 2328 2885 ingenitum
2356 2829 2481 2869 esse
2526 2814 2572 2871 si
2619 2814 2887 2887 excipias,
2930 2835 2950 2869 ι
2985 2819 3287 2885 continent,
3328 2838 3440 2893 pra:
3471 2826 3600 2890 illis,

324 2907 514 2975 λόγοις
551 2907 1063 2979 προαποδεδειχότες
1083 2910 1149 2961 ἐκ
1176 2907 1272 2961 τοῦ
1300 2908 1488 2974 πᾶσιν,
1509 2909 1568 2962 ὲν
1597 2901 1678 2972 οίς
1701 2908 1800 2971 τὰς
1821 2908 1904 2977 τῆς

2023 2919 2164 2975 quas,
2208 2921 2227 2954 ι
2271 2903 2315 2959 si
2350 2903 2592 2973 excipias
2626 2918 2873 2970 causam,
2918 2923 2938 2958 ι
2976 2905 3203 2973 habent,
3234 2914 3465 2980 potioris
3511 2929 3603 2970 ro-

328 2995 568 3064 Τριάδος
608 2995 638 3048 6
668 2995 822 3064 ἅγιος
849 2996 1100 3066 ἀφορίζει
1136 2995 1430 3067 ἰδιότητας,
1459 2993 1559 3064 τὴν
1588 2994 1908 3064 ἀγεννησίαι

2022 2995 2173 3051 boris
2202 3009 2347 3061 esse,
2396 2993 2615 3050 abunde
2649 3009 2782 3050 sane
2838 2996 2893 3049 in
2947 2995 3181 3053 diversis
3235 3003 3602 3069 orationibus,

328 3089 686 3160 ἀποκληροῦν
725 3089 802 3161 τῷ
836 3090 1037 3160 Πατρὶ,
1058 3088 1152 3143 καὶ
1205 3088 1287 3153 τὸ,
1332 3105 1352 3139 t
1388 3087 1534 3157 Πλὴν
1558 3088 1657 3157 τῆς
1688 3085 1908 3150 αἰτίαςι

2025 3099 2318 3161 propterea
2370 3089 2518 3160 quod
2581 3089 2635 3143 in
2698 3089 2926 3160 reliquis
2978 3092 3255 3158 omnibus,
3314 3094 3368 3150 in
3404 3098 3605 3166 quibus

332 3180 433 3234 νῦν
464 3180 695 3244 διδόντες
721 3183 817 3235 καὶ
883 3179 1318 3252 συγχωροῦντες,
1351 3179 1507 3233 οὐδέν
1532 3197 1586 3232 τι
1614 3177 1912 3232 ἀπόνασθαι

2027 3190 2249 3238 sanctus
2278 3179 2644 3251 proprietates
2682 3179 2897 3237 Trladis
2939 3183 3266 3253 praescribit,
3303 3186 3605 3256 ingenitum

332 3271 438 3341 τῆς
467 3240 884 3343 μεταποιήσεως
1137 3271 1263 3336 τοὺς
1281 3240 1703 3341 ἀντιλέγοντας.
1737 3272 1912 3325 Ἔστω

2025 3287 2150 3330 esse
2195 3272 2345 3328 Patri
2380 3273 2655 3337 attribuit,
2706 3282 2780 3339 et,
2821 3292 2841 3325 ι
2881 3289 3043 3329 unam
3101 3276 3147 3331 si
3203 3240 3446 3349 excipias
3474 3292 3605 3337 cau-

334 3365 450 3436 γὰρ
472 3365 535 3417 τὸ
564 3383 583 3416 ι
626 3364 771 3432 Πλὴν
824 3364 925 3436 τῆς
955 3365 1133 3427 αἰτίας
1169 3382 1188 3415 ι
1242 3363 1334 3417 τὸν
1391 3365 1547 3431 ἅγιον
1600 3356 1914 3435 είρηκέναι·

2030 3377 2166 3427 sam,
2209 3380 2228 3414 ι
2274 3378 2421 3418 nunc
2451 3362 2641 3417 dantes
2671 3364 3166 3435 concedentesque,
3199 3367 3333 3423 nulli
3366 3386 3610 3426 commo-

226 3447 235 3455 ’
337 3456 502 3509 ποίαν
530 3455 592 3525 δὴ
612 3457 711 3525 τὴν
742 3454 922 3509 αἰτίαν
955 3456 1067 3508 νοεῖ
1090 3454 1316 3524 ταύτην,
1342 3453 1681 3518 ἐξεταστέον.
1703 3454 1780 3505 Οὐ

2027 3454 2101 3511 do
2136 3470 2257 3511 esse
2291 3454 2806 3510 contradicentibus
2863 3456 3101 3514 similem
3145 3458 3607 3529 immutationem,

336 3546 725 3617 ἀῳορισμένως
766 3565 785 3599 ι
829 3546 969 3616 πλὴν
995 3547 1093 3616 τῆς
1123 3548 1303 3609 αἰτίας
1349 3563 1368 3596 ι
1410 3544 1513 3615 εφη
1559 3562 1579 3596 t
1614 3544 1708 3598 τοῦ
1755 3545 1916 3598 Ilvati-

2063 3550 2434 3621 ignosca'mus.
2474 3548 2607 3603 Esto
2642 3548 2687 3603 si
2713 3548 2960 3619 quidem,
3002 3568 3021 3601 ‹
3058 3566 3247 3612 unam.
3284 3553 3330 3607 si
3362 3556 3639 3625 excipias'

341 3650 537 3707 ματος
570 3657 590 3690 ι
620 3639 702 3692 ὅτι
734 3639 870 3709 μηδέ
897 3656 978 3702 τις
1004 3634 1072 3709 ἦν
1105 3638 1253 3708 αὐτῷ
1304 3639 1547 3707 λόγος,εἰ
1581 3639 1692 3708 ἄρα
1722 3640 1785 3692 ὲκ
1827 3638 1921 3708 p.6-

2029 3654 2274 3702 causam,
2339 3656 2359 3691 ι
2424 3637 2662 3693 Sanctus
2723 3639 3117 3703 enuntiaverit,
3160 3657 3326 3711 quam
3384 3660 3609 3699 causam

336 3722 435 3783 νου
471 3728 567 3782 τοῦ
600 3731 836 3800 Πατρὶς,
871 3730 904 3801 ἦ
932 3732 996 3783 ὲκ
1026 3730 1118 3783 τοῦ
1157 3732 1370 3801 Πατρὶς
1402 3730 1471 3783 δι’
1512 3728 1644 3782 Plat}
1682 3731 1916 3782 αἱτιατὸν

2030 3733 2143 3803 ipse
2181 3731 2534 3795 intellexerit,
2589 3718 3016 3785 examinaudtim
3075 3741 3180 3787 est.
3228 3732 3416 3804 Neque
3464 3738 3610 3792 enim

337 3823 403 3875 τὸ
439 3822 664 3894 Πνεῦμά
698 3825 867 3887 ἐστιν,
917 3825 1055 3894 ὅπερ
1112 3825 1211 3894 τῆς
1256 3823 1350 3875 νῦν
1385 3823 1696 3891 ἀντιλογίας
1752 3821 1917 3886 ἐστὶν,

2028 3824 2335 3893 separando
2386 3815 2541 3887 dixit’,
2582 3841 2600 3873 ι
2642 3823 2688 3876 si
2724 3834 2946 3877 causam
2997 3822 3236 3892 Spiritus
3272 3828 3535 3898 excipias.
3586 3848 3605 3881 ι

341 3914 458 3968 ἀλλ’
486 3914 795 3978 ἀπολύτως,
832 3934 851 3966 ι
888 3915 1075 3969 Πάντα
1102 3917 1199 3968 ὅσα
1234 3914 1349 3985 ἔχει
1384 3914 1411 3966 ὁ
1446 3914 1636 3983 Πατὴρ
1667 3913 1761 3964 τοῦ
1791 3911 1921 3964 Υἱοῦ

2032 3914 2215 3983 Neque
2245 3912 2391 3967 enim
2429 3913 2506 3968 illi
2542 3927 2690 3967 curat
2715 3921 2854 3977 erat,
2882 3918 2949 3968 ah
2982 3930 3048 3969 ex
3083 3916 3200 3970 solo
3229 3916 3407 3979 Patre,
3437 3922 3520 3974 vel
3545 3936 3612 3976 ex

339 4008 516 4083 ἐστιν,
545 4025 563 4057 ι
600 4005 726 4077 ἔφη,
751 4008 866 4075 εῖγε
900 4009 996 4061 καὶ
1039 4006 1165 4075 ἔφη,
1230 4025 1247 4056 ι
1318 4006 1463 4069 Πλὴν
1512 4005 1612 4074 τῆς
1661 4004 1865 4067 αἰτίας.
1899 4016 1919 4056 t

2037 4006 2191 4061 Patre
2226 4021 2322 4075 per
2379 4005 2578 4058 Filium
2628 4004 2869 4074 Spiritus
2910 4017 3252 4077 causarctur,
3298 4012 3444 4081 quod
3477 4028 3617 4083 prte-

341 4079 507 4150 Λίτία
532 4099 587 4150 δὲ
611 4097 894 4159 ἀπολύτως
924 4096 1066 4150 οὕτω
1097 4098 1364 4166 λεγομένη
1397 4096 1455 4148 οὐ
1504 4096 1664 4164 μόνον
1694 4094 1792 4165 τὴν
1828 4111 1921 4162 φυ·

2036 4098 2207 4154 sentis
2238 4098 2612 4152 contentionis
2640 4106 2746 4162 est,
2778 4099 2874 4153 scd
2912 4079 3354 4168 indcterminale,
3391 4123 3411 4155 ι
3454 4079 3616 4170 ῥηκ-

345 4189 507 4258 σικὴν
530 4189 626 4241 τοῦ
674 4188 993 4259 Πνεύματος
1015 4190 1195 4241 αἰτίαν
1225 4189 1396 4257 δηλοῖ,
1431 4186 1568 4240 ἀλλά
1600 4202 1663 4254 γε
1694 4188 1790 4239 καὶ
1830 4184 1925 4255 τὴν

2033 4202 2263 4257 cumque
2317 4187 2480 4242 habet
2521 4182 2705 4251 Pater,
2740 4187 2863 4243 Filii
2899 4198 3049 4256 sunt,
3094 4210 3113 4243 ι
3154 4193 3311 4257 dixit,
3348 4194 3395 4249 si
3434 4205 3613 4253 tamen

341 4280 456 4333 τῶν
490 4284 808 4352 κτισμάτων
852 4283 1167 4352 ποιητικήν.
1191 4278 1306 4334 Καὶ
1344 4274 1427 4333 δεῖ
1472 4280 1562 4332 τὸν
1600 4281 1699 4343 τὰς
1753 4296 1921 4348 σημα-

2038 4279 2190 4341 dixit,
2232 4296 2250 4329 ι
2292 4278 2335 4331 si
2367 4277 2607 4347 excipias
2649 4293 2894 4333 causam.
2934 4299 2952 4330 ι
2987 4280 3168 4335 Causa
3193 4299 3318 4338 vero
3354 4285 3433 4339 sic
3456 4286 3618 4340 abso-

347 4374 473 4433 σίας
507 4373 616 4423 τῶν
649 4373 941 4443 γραφικῶν
972 4371 1321 4442 ἀνιχνεύοντα
1370 4371 1569 4435 λέξεων
1602 4371 1927 4423 σκέπτεσθαι

2038 4367 2147 4425 lute
2180 4370 2483 4434 enuntiata,
2521 4385 2627 4423 non
2664 4379 2874 4425 tantum
2904 4373 3207 4426 naturalem
3240 4374 3464 4443 spiritus
3489 4394 3618 4431 cau-

343 4463 446 4517 καὶ
477 4465 799 4533 ἀνερευνᾷν,
819 4463 934 4526 πῶς
963 4460 1028 4516 ἂν
1056 4462 1266 4531 γένοιτο
1294 4462 1414 4514 κατ’
1472 4461 1680 4514 ἔννοιαν
1730 4460 1923 4530 εὐσεϐῆ

2036 4478 2175 4528 sam,
2234 4452 2328 4518 sed
2389 4463 2553 4517 etiam
2596 4471 2975 4516 creaturarum
3018 4461 3346 4518 ell‘cctricem
3385 4465 3616 4523 indicat.

344 4555 445 4606 καὶ
478 4554 724 4622 φυσικῶς
752 4556 846 4607 καὶ
890 4554 1189 4624 ποιητικῶς
1234 4553 1326 4606 τὸν
1366 4551 1490 4606 Υἰὺν
1535 4548 1787 4622 ἀφαιρεῖν
1827 4552 1924 4618 τὴν

2037 4554 2372 4624 ()portetque
2421 4554 2756 4621 scriptarum
2793 4552 3102 4609 dictionum
3154 4555 3499 4626 signiﬁcatus
3533 4563 3617 4613 in.

346 4648 557 4711 αίτίαν,
585 4651 676 4698 καὶ
713 4647 860 4715 μόνῳ
888 4645 1094 4715 ταύτην
1117 4642 1465 4715 ἀποκληροῦν
1496 4643 1573 4713 τῷ
1601 4643 1798 4713 Πατρί.
1822 4645 1926 4696 Καὶ

2040 4646 2400 4714 vestigantem
2455 4644 2830 4709 considerare,
2880 4653 2933 4699 et
2988 4644 3292 4714 inquirere,
3346 4653 3620 4717 quomodo

346 4739 573 4800 πάνιως
602 4738 708 4800 πᾶς
742 4755 825 4799 τις
862 4735 1033 4801 οὕτως
1064 4736 1372 4806 ἀνερευνῶν
1398 4735 1521 4788 κατ’
1551 4730 1702 4788 οὐδὲν
1746 4731 1926 4802 ἕτερον

2040 4740 2123 4807 pie
2176 4736 2571 4807 intelligendo,
2623 4745 2677 4791 ct
2730 4736 2963 4791 naturali
3025 4748 3079 4791 et
3123 4735 3396 4794 eﬂ‘ectrice
3452 4757 3620 4797 causa

346 4829 443 4881 τὸν
474 4828 633 4894 λόγον
667 4826 1022 4897 εὐοδούμενον
1055 4828 1277 4895 γνωριεῖ
1326 4825 1409 4878 ὅτι
1444 4823 1520 4894 μὴ
1571 4823 1714 4876 κατά
1772 4816 1926 4892 μονον

2041 4820 2235 4886 Filium
2268 4831 2486 4900 spoliet,
2520 4837 2573 4885 ct
2604 4828 2708 4885 soli
2739 4844 2860 4884 eam
2894 4822 3043 4884 Patri
3074 4831 3336 4886 ascribat.
3376 4831 3436 4885 lit
3466 4835 3621 4902 plane

347 4917 415 4972 τὸ
444 4920 538 4988 τῆς
565 4918 742 4981 αἰτίας
770 4918 990 4989 πρῶτον
1023 4918 1118 4970 καὶ
1146 4918 1394 4987 ἀρχικόν.
1414 4916 1648 4985 Εὑρήσει
1680 4915 1787 4984 γὰρ
1814 4912 1927 4986 ἅμα

2039 4923 2357 4992 quicunque
2409 4922 2576 4976 simili
2639 4921 2804 4975 modo
2870 4914 3222 4991 perrestigat,
3291 4924 3619 4978 sententiam

349 5016 448 5068 καὶ
506 5012 786 5065 Βασίλειον
824 5012 916 5064 καὶ
959 5008 1281 5065 Ἀθανάσιον
1332 5012 1458 5073 τοὺς
1506 5009 1605 5080 τὴν
1655 5009 1929 5074 θεολογίαν

2040 5025 2241 5071 rectam
2278 5015 2425 5068 illam
2463 5029 2585 5070 esse
2615 5012 2904 5083 intelliget,
2947 5013 3054 5068 nisi
3105 5015 3404 5070 secundum
3438 5031 3620 5070 causa:

352 5108 620 5169 ίσοκλεεῖς
644 5107 742 5175 τῆς
783 5105 992 5167 ἐννοίας
1038 5105 1244 5173 ταύτης
1307 5102 1842 5173 ὲπισυγκροτοῦντας
1874 5102 1932 5155 τὸ

2039 5107 2359 5176 primarium
2388 5116 2445 5161 et
2473 5104 2801 5175 principale.
2848 5094 3099 5175 Reperiet
3133 5108 3332 5177 quippe
3375 5107 3537 5162 simul
3567 5113 3619 5160 et

348 5197 705 5263 εὗσεῦὶητδν
729 5197 827 5267 μὲν
853 5199 909 5250 ὲν
934 5192 1039 5262 οἷς,
1068 5215 1087 5248 t
1113 5194 1310 5264 Μηδεὶς
1331 5192 1531 5247 οἰέσθω
1554 5210 1642 5263 με,
1671 5212 1689 5243 ι
1721 5194 1928 5263 εἴρηκε,

2039 5199 2301 5254 Basilium
2337 5206 2391 5251 et
2434 5198 2796 5253 Athanasium
2840 5199 2896 5251 in
2925 5199 3088 5252 rebus
3110 5200 3434 5267 tlteologicis
3472 5199 3618 5266 paris

355 5313 376 5345 ι
411 5294 562 5363 τρεῖς
591 5286 731 5344 εἶναι
760 5289 943 5356 λέγειν
972 5287 1206 5357 ἀρχικὰς
1248 5285 1577 5347 ὑποστάσεις
1605 5299 1622 5314 '
1656 5285 1796 5356 ἀρχὴ
1827 5287 1935 5354 γὰρ

2041 5291 2300 5355 nominis,
2328 5290 2737 5359 intelligentiam
2762 5289 2995 5344 similem
3030 5290 3101 5345 uti
3134 5290 3274 5359 piam
3309 5301 3621 5359 lectamque

348 5385 463 5441 τῶν
490 5385 664 5437 ὄντων
697 5382 815 5450 μία,
846 5381 911 5435 δι’
947 5380 1080 5436 Υἰοῦ
1138 5378 1463 5449 ἐνεργοῦσα,
1510 5378 1604 5431 καὶ
1649 5379 1765 5429 τελε
1780 5377 1928 5428 ιοῦσα

2040 5383 2426 5453 approbantes.
2470 5383 2615 5436 hunc
2646 5381 2866 5450 quidem
2902 5372 3009 5435 illis
3040 5396 3055 5433 :
3086 5399 3104 5431 t
3148 5380 3213 5433 Et
3245 5395 3403 5434 nemo
3431 5379 3620 5435 existi—

349 5481 413 5533 ὲν
443 5478 728 5548 Πνεῦματι
750 5491 767 5507 ο
801 5495 821 5527 ι
854 5476 948 5528 καί
979 5472 1046 5527 αὖ
1077 5475 1133 5525 ἐν
1155 5467 1237 5534 οἷς
1270 5475 1373 5543 ἔφη
1397 5487 1412 5501 ·
1447 5465 1618 5524 «Ἕνα
1644 5473 1755 5540 γὰρ
1792 5472 1929 5523 οῖδα-

2039 5487 2150 5530 ntet
2179 5488 2286 5537 me,
2316 5486 2425 5527 tres
2456 5487 2581 5527 esse
2611 5462 2885 5526 allirmare
2942 5471 3231 5542 primarius
3273 5470 3615 5539 liypostases.

356 5571 793 5642 psvdvéwqtov,
818 5567 913 5618 καὶ
934 5566 1062 5635 μίαν
1082 5563 1190 5616 τῶν
1206 5563 1373 5615 ὄντων
1395 5563 1589 5633 ἀρχὴν,
1606 5562 1693 5613 τὸν
1719 5563 1936 5631 Πατέρα

2040 5566 2376 5636 Principium
2457 5564 2723 5635 siquidem
2810 5566 3053 5617 omnium
3140 5577 3307 5616 unum
3365 5574 3469 5629 est,
3524 5579 3620 5633 per

350 5662 448 5718 τοῦ
484 5662 691 5732 Κυρίου
727 5660 885 5730 ἡμῶν
930 5656 1105 5727 Ἰησοῦ
1162 5654 1431 5726 Χριστοῦ⁹
1469 5674 1487 5705 ι
1536 5654 1853 5706 Ἀθανάτων
1881 5655 1930 5707 δὲ

2042 5660 2238 5713 Filium
2286 5672 2546 5728 uperans,
2609 5666 2662 5710 et
2722 5657 2772 5710 in
2838 5654 3039 5724 Spiritu
3102 5653 3426 5721 pcrlieiens;
3470 5671 3621 5710 inec

353 5756 410 5808 ἓν
453 5749 555 5819 οἷς,
592 5773 609 5805 ι
651 5752 716 5805 Τί
763 5754 877 5804 ὲστι
929 5750 1089 5813 Θεός,
1120 5767 1136 5799 ι
1165 5751 1377 5819 εἴρηκε,
1427 5748 1518 5800 καὶ
1576 5749 1819 5815 ἐπήγαγε
1853 5748 1933 5812 τὸ,

2043 5769 2145 5807 nou
2186 5762 2240 5807 ct
2278 5752 2419 5805 illis:
2463 5771 2479 5801 ι
2529 5748 2701 5803 Unum
2745 5748 2887 5803 enim
2947 5747 3152 5801 scimus
3200 5746 3527 5816 ingenitum,
3563 5756 3623 5802 et

362 5865 381 5901 ι
415 5848 479 5899 ’Π
514 5850 732 5902 πάντων
774 5845 917 5916 ἀρχὴ
949 5842 1091 5897 κατὰ
1121 5841 1211 5894 τὶν
1259 5841 1603 5895 Ἀπόστολονο
1652 5837 1744 5905 Εἷς
1805 5842 1936 5905 Θεὸς

2043 5860 2211 5900 ιιιιιιιιι
2258 5844 2503 5900 omnium
2557 5840 2903 5911 principium,
2941 5835 3156 5891 Patrem
3192 5836 3408 5893 Domini
3445 5839 3618 5894 nostri

675 5940 943 6006 PATKOL.
981 5940 1096 5999 Gn.
1130 5938 1221 5996 CX
1236 5936 1329 5997 Ll.
3150 5931 3223 5993 13
