  <div class='ocr_page' id='page_1' title='image "/cluster/home/n/w/nwhite01/storage/ocr_20150623/141/coo.31924054870468/201.png"; bbox 0 0 4002 6408; ppageno 0'>
   <div class='ocr_carea' id='block_1_1' title="bbox 469 322 577 388">
    <p class='ocr_par' dir='ltr' id='par_1_1' title="bbox 469 322 577 388">
     <span class='ocr_line' id='line_1_1' title="bbox 469 322 577 388; baseline 0.019 -2"><span class='ocrx_word' id='word_1_1' title='bbox 469 322 577 388; x_wconf 80' lang='lat'><strong>395</strong></span> 
     </span>
    </p>
   </div>
   <div class='ocr_carea' id='block_1_2' title="bbox 1495 328 2675 396">
    <p class='ocr_par' dir='ltr' id='par_1_2' title="bbox 1495 328 2675 396">
     <span class='ocr_line' id='line_1_2' title="bbox 1495 328 2675 396; baseline 0.003 -5"><span class='ocrx_word' id='word_1_2' title='bbox 1495 328 1710 391; x_wconf 81' lang='lat' dir='ltr'><strong>JOAN.</strong></span> <span class='ocrx_word' id='word_1_3' title='bbox 1752 330 1971 393; x_wconf 87' lang='lat' dir='ltr'><strong>VECCI</strong></span> <span class='ocrx_word' id='word_1_4' title='bbox 2010 332 2121 393; x_wconf 87' lang='lat' dir='ltr'><strong>CP.</strong></span> <span class='ocrx_word' id='word_1_5' title='bbox 2163 332 2675 396; x_wconf 75' lang='grc' dir='ltr'><strong>ΡΑΤιιΙΑῐιΟΗιΕ</strong></span> 
     </span>
    </p>
   </div>
   <div class='ocr_carea' id='block_1_3' title="bbox 3602 335 3724 397">
    <p class='ocr_par' dir='ltr' id='par_1_3' title="bbox 3602 335 3724 397">
     <span class='ocr_line' id='line_1_3' title="bbox 3602 335 3724 397; baseline 0.049 -5"><span class='ocrx_word' id='word_1_6' title='bbox 3602 335 3724 397; x_wconf 64' lang='lat'><strong>396</strong></span> 
     </span>
    </p>
   </div>
   <div class='ocr_carea' id='block_1_4' title="bbox 474 433 2035 516">
    <p class='ocr_par' dir='ltr' id='par_1_4' title="bbox 474 433 2035 511">
     <span class='ocr_line' id='line_1_4' title="bbox 474 433 2035 511; baseline 0.003 -18"><span class='ocrx_word' id='word_1_7' title='bbox 474 436 604 493; x_wconf 80' lang='lat' dir='ltr'><strong>Jesu</strong></span> <span class='ocrx_word' id='word_1_8' title='bbox 636 433 863 490; x_wconf 77' lang='lat' dir='ltr'><strong>Christi.</strong></span> <span class='ocrx_word' id='word_1_9' title='bbox 907 453 925 488; x_wconf 72' lang='grc' dir='ltr'><strong>ι</strong></span> <span class='ocrx_word' id='word_1_10' title='bbox 963 435 1326 493; x_wconf 79' lang='lat' dir='ltr'><strong>Athanasium</strong></span> <span class='ocrx_word' id='word_1_11' title='bbox 1359 451 1488 491; x_wconf 89' lang='lat' dir='ltr'><strong>vero</strong></span> <span class='ocrx_word' id='word_1_12' title='bbox 1515 439 1570 492; x_wconf 93' lang='lat' dir='ltr'><strong>in</strong></span> <span class='ocrx_word' id='word_1_13' title='bbox 1607 438 1735 507; x_wconf 84' lang='lat' dir='ltr'><strong>illis,</strong></span> <span class='ocrx_word' id='word_1_14' title='bbox 1768 455 1890 511; x_wconf 73' lang='lat' dir='ltr'><strong>qua:</strong></span> <span class='ocrx_word' id='word_1_15' title='bbox 1922 441 2035 497; x_wconf 87' lang='lat' dir='ltr'><strong>sub-</strong></span> 
     </span>
    </p>
   </div>
   <div class='ocr_carea' id='block_1_5' title="bbox 2141 433 3725 516">
    <p class='ocr_par' dir='ltr' id='par_1_5' title="bbox 2153 440 3725 516">
     <span class='ocr_line' id='line_1_5' title="bbox 2153 440 3725 516; baseline 0.003 -19"><span class='ocrx_word' id='word_1_16' title='bbox 2153 445 2180 497; x_wconf 86' lang='grc' dir='ltr'>ὀ</span> <span class='ocrx_word' id='word_1_17' title='bbox 2205 444 2415 515; x_wconf 83' lang='grc' dir='ltr'>Πατὴρ,</span> <span class='ocrx_word' id='word_1_18' title='bbox 2444 443 2502 509; x_wconf 79' lang='grc' dir='ltr'>ἐξ</span> <span class='ocrx_word' id='word_1_19' title='bbox 2529 440 2591 499; x_wconf 75' lang='grc' dir='ltr'><strong>οὗ</strong></span> <span class='ocrx_word' id='word_1_20' title='bbox 2607 444 2673 499; x_wconf 82' lang='grc' dir='ltr'>τὰ</span> <span class='ocrx_word' id='word_1_21' title='bbox 2695 460 2891 501; x_wconf 87' lang='grc' dir='ltr'>παντα.</span> <span class='ocrx_word' id='word_1_22' title='bbox 2927 461 2946 496; x_wconf 68' lang='grc' dir='ltr'><strong>ι</strong></span> <span class='ocrx_word' id='word_1_23' title='bbox 2978 444 3089 498; x_wconf 79' lang='grc' dir='ltr'><strong>Καὶ</strong></span> <span class='ocrx_word' id='word_1_24' title='bbox 3115 443 3266 516; x_wconf 83' lang='grc' dir='ltr'><strong>γὰρό</strong></span> <span class='ocrx_word' id='word_1_25' title='bbox 3295 444 3460 514; x_wconf 73' lang='grc' dir='ltr'>Λόγος</span> <span class='ocrx_word' id='word_1_26' title='bbox 3488 443 3547 511; x_wconf 78' lang='grc' dir='ltr'><strong>ἐξ</strong></span> <span class='ocrx_word' id='word_1_27' title='bbox 3563 442 3725 502; x_wconf 70' lang='grc' dir='ltr'>αὺτοῦ</span> 
     </span>
    </p>
   </div>
   <div class='ocr_carea' id='block_1_6' title="bbox 465 524 2052 597">
    <p class='ocr_par' dir='ltr' id='par_1_6' title="bbox 465 524 2052 597">
     <span class='ocr_line' id='line_1_6' title="bbox 465 524 2052 597; baseline 0.002 -15"><span class='ocrx_word' id='word_1_28' title='bbox 465 524 650 597; x_wconf 75' lang='lat' dir='ltr'><strong>jungit</strong></span> <span class='ocrx_word' id='word_1_29' title='bbox 679 525 745 580; x_wconf 90' lang='lat' dir='ltr'><strong>ad</strong></span> <span class='ocrx_word' id='word_1_30' title='bbox 777 525 1285 597; x_wconf 76' lang='lat' dir='ltr'><strong>interrogationem,</strong></span> <span class='ocrx_word' id='word_1_31' title='bbox 1330 543 1350 578; x_wconf 80' lang='grc' dir='ltr'><strong>ι</strong></span> <span class='ocrx_word' id='word_1_32' title='bbox 1390 525 1533 593; x_wconf 82' lang='lat' dir='ltr'><strong>Quid</strong></span> <span class='ocrx_word' id='word_1_33' title='bbox 1567 525 1711 584; x_wconf 85' lang='lat' dir='ltr'><strong>Deus</strong></span> <span class='ocrx_word' id='word_1_34' title='bbox 1756 530 1876 584; x_wconf 86' lang='lat' dir='ltr'><strong>est?</strong></span> <span class='ocrx_word' id='word_1_35' title='bbox 1921 529 2052 585; x_wconf 84' lang='lat' dir='ltr'><strong>Om-</strong></span> 
     </span>
    </p>
   </div>
   <div class='ocr_carea' id='block_1_7' title="bbox 2148 535 3726 613">
    <p class='ocr_par' dir='ltr' id='par_1_7' title="bbox 2148 535 3726 613">
     <span class='ocr_line' id='line_1_7' title="bbox 2148 535 3726 613; baseline 0.004 -24"><span class='ocrx_word' id='word_1_36' title='bbox 2148 537 2448 607; x_wconf 81' lang='grc' dir='ltr'>γεννητῶς,</span> <span class='ocrx_word' id='word_1_37' title='bbox 2493 539 2589 591; x_wconf 69' lang='grc' dir='ltr'>καὶ</span> <span class='ocrx_word' id='word_1_38' title='bbox 2660 537 2720 589; x_wconf 84' lang='grc' dir='ltr'><strong>τὸ</strong></span> <span class='ocrx_word' id='word_1_39' title='bbox 2773 535 2997 608; x_wconf 79' lang='grc' dir='ltr'><strong>Πνεῦμα</strong></span> <span class='ocrx_word' id='word_1_40' title='bbox 3032 535 3092 602; x_wconf 74' lang='grc' dir='ltr'><strong>ἐξ</strong></span> <span class='ocrx_word' id='word_1_41' title='bbox 3149 539 3313 593; x_wconf 78' lang='grc' dir='ltr'>αὐτοῦ</span> <span class='ocrx_word' id='word_1_42' title='bbox 3358 540 3726 613; x_wconf 75' lang='grc' dir='ltr'>ἑκπορεντῶς.</span> 
     </span>
    </p>
   </div>
   <div class='ocr_carea' id='block_1_8' title="bbox 468 616 2035 701">
    <p class='ocr_par' dir='ltr' id='par_1_8' title="bbox 468 616 2035 687">
     <span class='ocr_line' id='line_1_8' title="bbox 468 616 2035 687; baseline 0.004 -17"><span class='ocrx_word' id='word_1_43' title='bbox 468 617 623 670; x_wconf 87' lang='lat' dir='ltr'><strong>nium</strong></span> <span class='ocrx_word' id='word_1_44' title='bbox 661 616 1014 686; x_wconf 83' lang='lat' dir='ltr'><strong>principium,</strong></span> <span class='ocrx_word' id='word_1_45' title='bbox 1082 625 1142 671; x_wconf 91' lang='lat' dir='ltr'><strong>ut</strong></span> <span class='ocrx_word' id='word_1_46' title='bbox 1198 618 1500 687; x_wconf 80' lang='lat' dir='ltr'><strong>Apostolus</strong></span> <span class='ocrx_word' id='word_1_47' title='bbox 1549 619 1646 684; x_wconf 88' lang='lat' dir='ltr'><strong>ait,</strong></span> <span class='ocrx_word' id='word_1_48' title='bbox 1703 620 1855 676; x_wconf 89' lang='lat' dir='ltr'><strong>Unus</strong></span> <span class='ocrx_word' id='word_1_49' title='bbox 1911 623 2035 678; x_wconf 72' lang='lat' dir='ltr'><strong>Deus</strong></span> 
     </span>
    </p>
   </div>
   <div class='ocr_carea' id='block_1_9' title="bbox 2141 616 3721 701">
    <p class='ocr_par' dir='ltr' id='par_1_9' title="bbox 2150 624 3721 701">
     <span class='ocr_line' id='line_1_9' title="bbox 2150 624 3721 701; baseline 0.002 -19"><span class='ocrx_word' id='word_1_50' title='bbox 2150 624 2283 682; x_wconf 81' lang='grc' dir='ltr'>Εἶτα</span> <span class='ocrx_word' id='word_1_51' title='bbox 2316 631 2465 682; x_wconf 79' lang='grc' dir='ltr'>πᾶσα</span> <span class='ocrx_word' id='word_1_52' title='bbox 2487 631 2520 699; x_wconf 80' lang='grc' dir='ltr'><strong>ἡ</strong></span> <span class='ocrx_word' id='word_1_53' title='bbox 2552 629 2728 693; x_wconf 79' lang='grc' dir='ltr'><strong>κτίσις</strong></span> <span class='ocrx_word' id='word_1_54' title='bbox 2758 628 2845 682; x_wconf 79' lang='grc' dir='ltr'>διὰ</span> <span class='ocrx_word' id='word_1_55' title='bbox 2874 628 2965 681; x_wconf 81' lang='grc' dir='ltr'><strong>τοῦ</strong></span> <span class='ocrx_word' id='word_1_56' title='bbox 2994 629 3170 696; x_wconf 84' lang='grc' dir='ltr'><strong>Λόγου</strong></span> <span class='ocrx_word' id='word_1_57' title='bbox 3200 631 3257 682; x_wconf 82' lang='grc' dir='ltr'><strong>ἐν</strong></span> <span class='ocrx_word' id='word_1_58' title='bbox 3292 630 3569 701; x_wconf 76' lang='grc' dir='ltr'>Πνεῦματι</span> <span class='ocrx_word' id='word_1_59' title='bbox 3594 647 3721 687; x_wconf 76' lang='grc' dir='ltr'>συν-</span> 
     </span>
    </p>
   </div>
   <div class='ocr_carea' id='block_1_10' title="bbox 469 706 2035 793">
    <p class='ocr_par' dir='ltr' id='par_1_10' title="bbox 469 706 2029 780">
     <span class='ocr_line' id='line_1_10' title="bbox 469 706 2029 780; baseline 0.005 -18"><span class='ocrx_word' id='word_1_60' title='bbox 469 706 652 773; x_wconf 82' lang='lat' dir='ltr'><strong>Pater,</strong></span> <span class='ocrx_word' id='word_1_61' title='bbox 686 723 753 762; x_wconf 82' lang='lat' dir='ltr'><strong>ex</strong></span> <span class='ocrx_word' id='word_1_62' title='bbox 782 723 894 778; x_wconf 92' lang='lat' dir='ltr'><strong>quo</strong></span> <span class='ocrx_word' id='word_1_63' title='bbox 924 710 1131 764; x_wconf 86' lang='lat' dir='ltr'><strong>omnia.</strong></span> <span class='ocrx_word' id='word_1_64' title='bbox 1189 706 1440 780; x_wconf 85' lang='lat' dir='ltr'><strong>Namque</strong></span> <span class='ocrx_word' id='word_1_65' title='bbox 1474 709 1716 767; x_wconf 81' lang='lat' dir='ltr'><strong>Verbum</strong></span> <span class='ocrx_word' id='word_1_66' title='bbox 1750 729 1815 768; x_wconf 84' lang='lat' dir='ltr'><strong>ex</strong></span> <span class='ocrx_word' id='word_1_67' title='bbox 1851 730 1918 769; x_wconf 87' lang='lat' dir='ltr'><strong>eo</strong></span> <span class='ocrx_word' id='word_1_68' title='bbox 1971 730 2029 770; x_wconf 90' lang='lat' dir='ltr'><strong>es</strong></span> 
     </span>
    </p>
   </div>
   <div class='ocr_carea' id='block_1_11' title="bbox 2141 706 3729 793">
    <p class='ocr_par' dir='ltr' id='par_1_11' title="bbox 2151 718 3729 793">
     <span class='ocr_line' id='line_1_11' title="bbox 2151 718 3729 793; baseline 0.001 -19"><span class='ocrx_word' id='word_1_69' title='bbox 2151 718 2287 793; x_wconf 69' lang='grc' dir='ltr'>έσττὶ</span> <span class='ocrx_word' id='word_1_70' title='bbox 2335 722 2771 791; x_wconf 82' lang='grc' dir='ltr'><strong>δημιουργικῶς.</strong></span> <span class='ocrx_word' id='word_1_71' title='bbox 2810 739 2828 772; x_wconf 72' lang='grc' dir='ltr'><strong>ι</strong></span> <span class='ocrx_word' id='word_1_72' title='bbox 2865 719 3038 775; x_wconf 78' lang='grc' dir='ltr'>Τοῦτο</span> <span class='ocrx_word' id='word_1_73' title='bbox 3075 724 3173 792; x_wconf 84' lang='grc' dir='ltr'>τῆς</span> <span class='ocrx_word' id='word_1_74' title='bbox 3212 721 3494 785; x_wconf 77' lang='grc' dir='ltr'>εὐσεϐείας</span> <span class='ocrx_word' id='word_1_75' title='bbox 3524 723 3638 776; x_wconf 77' lang='grc' dir='ltr'>ἐστὶ</span> <span class='ocrx_word' id='word_1_76' title='bbox 3666 724 3729 776; x_wconf 81' lang='grc' dir='ltr'>τὸ</span> 
     </span>
    </p>
   </div>
   <div class='ocr_carea' id='block_1_12' title="bbox 470 798 2054 874">
    <p class='ocr_par' dir='ltr' id='par_1_12' title="bbox 470 798 2054 874">
     <span class='ocr_line' id='line_1_12' title="bbox 470 798 2054 874; baseline 0.006 -23"><span class='ocrx_word' id='word_1_77' title='bbox 470 807 796 867; x_wconf 70' lang='lat' dir='ltr'><strong>generatus,</strong></span> <span class='ocrx_word' id='word_1_78' title='bbox 817 808 872 854; x_wconf 93' lang='lat' dir='ltr'><strong>et</strong></span> <span class='ocrx_word' id='word_1_79' title='bbox 901 798 1141 868; x_wconf 86' lang='lat' dir='ltr'><strong>Spiritus</strong></span> <span class='ocrx_word' id='word_1_80' title='bbox 1172 816 1239 856; x_wconf 79' lang='lat' dir='ltr'><strong>ex</strong></span> <span class='ocrx_word' id='word_1_81' title='bbox 1290 803 1483 858; x_wconf 90' lang='lat' dir='ltr'><strong>eodem</strong></span> <span class='ocrx_word' id='word_1_82' title='bbox 1538 806 1860 874; x_wconf 82' lang='lat' dir='ltr'><strong>procedens.</strong></span> <span class='ocrx_word' id='word_1_83' title='bbox 1893 805 2054 861; x_wconf 90' lang='lat' dir='ltr'><strong>Post-</strong></span> 
     </span>
    </p>
   </div>
   <div class='ocr_carea' id='block_1_13' title="bbox 2150 810 3732 883">
    <p class='ocr_par' dir='ltr' id='par_1_13' title="bbox 2150 810 3732 883">
     <span class='ocr_line' id='line_1_13' title="bbox 2150 810 3732 883; baseline -0.001 -18"><span class='ocrx_word' id='word_1_84' title='bbox 2150 811 2482 866; x_wconf 79' lang='grc' dir='ltr'><strong>τελεώτατον</strong></span> <span class='ocrx_word' id='word_1_85' title='bbox 2503 827 2516 842; x_wconf 72' lang='grc'><strong>⁸</strong></span> <span class='ocrx_word' id='word_1_86' title='bbox 2545 810 2703 883; x_wconf 81' lang='grc' dir='ltr'>τοῦτο</span> <span class='ocrx_word' id='word_1_87' title='bbox 2727 813 2827 878; x_wconf 82' lang='grc' dir='ltr'>τῆς</span> <span class='ocrx_word' id='word_1_88' title='bbox 2862 810 3190 881; x_wconf 77' lang='grc' dir='ltr'><strong>εἰλικρινοῦς</strong></span> <span class='ocrx_word' id='word_1_89' title='bbox 3235 810 3528 881; x_wconf 79' lang='grc' dir='ltr'><strong>ὁμολογίας</strong></span> <span class='ocrx_word' id='word_1_90' title='bbox 3549 811 3608 863; x_wconf 79' lang='grc' dir='ltr'><strong>τὸ</strong></span> <span class='ocrx_word' id='word_1_91' title='bbox 3638 829 3732 864; x_wconf 71' lang='lat' dir='ltr'><strong>xeo</strong></span> 
     </span>
    </p>
   </div>
   <div class='ocr_carea' id='block_1_14' title="bbox 469 880 2035 975">
    <p class='ocr_par' dir='ltr' id='par_1_14' title="bbox 469 880 2035 967">
     <span class='ocr_line' id='line_1_14' title="bbox 469 880 2035 967; baseline 0.007 -25"><span class='ocrx_word' id='word_1_92' title='bbox 469 889 695 944; x_wconf 91' lang='lat' dir='ltr'><strong>modum</strong></span> <span class='ocrx_word' id='word_1_93' title='bbox 729 880 985 947; x_wconf 87' lang='lat' dir='ltr'><strong>universa</strong></span> <span class='ocrx_word' id='word_1_94' title='bbox 1017 902 1270 949; x_wconf 83' lang='lat' dir='ltr'><strong>creatura</strong></span> <span class='ocrx_word' id='word_1_95' title='bbox 1328 909 1425 965; x_wconf 87' lang='lat' dir='ltr'><strong>per</strong></span> <span class='ocrx_word' id='word_1_96' title='bbox 1464 893 1705 950; x_wconf 82' lang='lat' dir='ltr'><strong>Verbum</strong></span> <span class='ocrx_word' id='word_1_97' title='bbox 1750 897 1802 950; x_wconf 90' lang='lat' dir='ltr'><strong>iu</strong></span> <span class='ocrx_word' id='word_1_98' title='bbox 1842 897 2035 967; x_wconf 82' lang='lat' dir='ltr'><strong>Spiritu</strong></span> 
     </span>
    </p>
   </div>
   <div class='ocr_carea' id='block_1_15' title="bbox 2141 880 3733 975">
    <p class='ocr_par' dir='ltr' id='par_1_15' title="bbox 2157 880 3733 975">
     <span class='ocr_line' id='line_1_15' title="bbox 2157 880 3733 975; baseline -0.001 -19"><span class='ocrx_word' id='word_1_99' title='bbox 2157 904 2539 975; x_wconf 79' lang='grc' dir='ltr'>ρυφαιότατον.</span> <span class='ocrx_word' id='word_1_100' title='bbox 2575 880 2685 957; x_wconf 65' lang='lat' dir='ltr'><strong>Kal</strong></span> <span class='ocrx_word' id='word_1_101' title='bbox 2721 903 2784 956; x_wconf 84' lang='grc' dir='ltr'><strong>σὺ</strong></span> <span class='ocrx_word' id='word_1_102' title='bbox 2813 902 2963 967; x_wconf 82' lang='grc' dir='ltr'><strong>τέλος</strong></span> <span class='ocrx_word' id='word_1_103' title='bbox 2989 880 3065 959; x_wconf 80' lang='grc' dir='ltr'>ὧν</span> <span class='ocrx_word' id='word_1_104' title='bbox 3089 903 3430 973; x_wconf 76' lang='grc' dir='ltr'>διηπόρηκας</span> <span class='ocrx_word' id='word_1_105' title='bbox 3456 902 3554 973; x_wconf 82' lang='grc' dir='ltr'><strong>τὴν</strong></span> <span class='ocrx_word' id='word_1_106' title='bbox 3575 903 3733 972; x_wconf 83' lang='grc' dir='ltr'>ἀκρι-</span> 
     </span>
    </p>
   </div>
   <div class='ocr_carea' id='block_1_16' title="bbox 466 977 2041 1056">
    <p class='ocr_par' dir='ltr' id='par_1_16' title="bbox 466 977 2041 1056">
     <span class='ocr_line' id='line_1_16' title="bbox 466 977 2041 1056; baseline 0.006 -24"><span class='ocrx_word' id='word_1_107' title='bbox 466 977 770 1035; x_wconf 78' lang='lat' dir='ltr'><strong>fabrefacta</strong></span> <span class='ocrx_word' id='word_1_108' title='bbox 831 982 1108 1039; x_wconf 82' lang='lat' dir='ltr'><strong>consistit.</strong></span> <span class='ocrx_word' id='word_1_109' title='bbox 1151 1001 1172 1036; x_wconf 83' lang='grc'><strong>›</strong></span> <span class='ocrx_word' id='word_1_110' title='bbox 1211 983 1339 1041; x_wconf 66' lang='lat' dir='ltr'><strong>Haec</strong></span> <span class='ocrx_word' id='word_1_111' title='bbox 1390 993 1479 1040; x_wconf 89' lang='lat' dir='ltr'><strong>est</strong></span> <span class='ocrx_word' id='word_1_112' title='bbox 1539 987 1759 1056; x_wconf 86' lang='lat' dir='ltr'><strong>pietatis</strong></span> <span class='ocrx_word' id='word_1_113' title='bbox 1805 1003 2041 1056; x_wconf 86' lang='lat' dir='ltr'><strong>summa,</strong></span> 
     </span>
    </p>
   </div>
   <div class='ocr_carea' id='block_1_17' title="bbox 2147 993 3732 1066">
    <p class='ocr_par' dir='ltr' id='par_1_17' title="bbox 2147 993 3732 1066">
     <span class='ocr_line' id='line_1_17' title="bbox 2147 993 3732 1066; baseline 0.001 -17"><span class='ocrx_word' id='word_1_114' title='bbox 2147 997 2216 1065; x_wconf 83' lang='grc' dir='ltr'><strong>ϐῆ</strong></span> <span class='ocrx_word' id='word_1_115' title='bbox 2252 997 2450 1066; x_wconf 85' lang='grc' dir='ltr'>γνῶσιν</span> <span class='ocrx_word' id='word_1_116' title='bbox 2478 995 2570 1050; x_wconf 81' lang='grc' dir='ltr'><strong>τοῦ</strong></span> <span class='ocrx_word' id='word_1_117' title='bbox 2603 993 2750 1066; x_wconf 87' lang='grc' dir='ltr'>παρᾶ</span> <span class='ocrx_word' id='word_1_118' title='bbox 2773 996 2882 1050; x_wconf 85' lang='grc' dir='ltr'>τῶν</span> <span class='ocrx_word' id='word_1_119' title='bbox 2912 994 3084 1065; x_wconf 80' lang='grc' dir='ltr'><strong>ἁγίων</strong></span> <span class='ocrx_word' id='word_1_120' title='bbox 3127 995 3187 1048; x_wconf 84' lang='grc' dir='ltr'>τὸ</span> <span class='ocrx_word' id='word_1_121' title='bbox 3229 994 3397 1049; x_wconf 75' lang='grc' dir='ltr'>αἴτιον</span> <span class='ocrx_word' id='word_1_122' title='bbox 3440 995 3732 1063; x_wconf 74' lang='grc' dir='ltr'><strong>ἐξαιρέτως</strong></span> 
     </span>
    </p>
   </div>
   <div class='ocr_carea' id='block_1_18' title="bbox 470 1068 2035 1155">
    <p class='ocr_par' dir='ltr' id='par_1_18' title="bbox 470 1068 2035 1144">
     <span class='ocr_line' id='line_1_18' title="bbox 470 1068 2035 1144; baseline 0.008 -22"><span class='ocrx_word' id='word_1_123' title='bbox 470 1068 562 1124; x_wconf 83' lang='lat' dir='ltr'><strong>hic</strong></span> <span class='ocrx_word' id='word_1_124' title='bbox 589 1078 673 1125; x_wconf 84' lang='lat' dir='ltr'><strong>est</strong></span> <span class='ocrx_word' id='word_1_125' title='bbox 708 1070 941 1129; x_wconf 75' lang='lat' dir='ltr'><strong>sincerae</strong></span> <span class='ocrx_word' id='word_1_126' title='bbox 975 1088 1228 1144; x_wconf 86' lang='lat' dir='ltr'><strong>veraeque</strong></span> <span class='ocrx_word' id='word_1_127' title='bbox 1257 1074 1626 1131; x_wconf 82' lang='lat' dir='ltr'><strong>confessionis</strong></span> <span class='ocrx_word' id='word_1_128' title='bbox 1658 1085 1863 1133; x_wconf 88' lang='lat' dir='ltr'><strong>vertex.</strong></span> <span class='ocrx_word' id='word_1_129' title='bbox 1901 1078 1967 1132; x_wconf 88' lang='lat' dir='ltr'><strong>Et</strong></span> <span class='ocrx_word' id='word_1_130' title='bbox 1988 1088 2035 1134; x_wconf 89' lang='lat' dir='ltr'><strong>tu</strong></span> 
     </span>
    </p>
   </div>
   <div class='ocr_carea' id='block_1_19' title="bbox 2141 1068 3725 1155">
    <p class='ocr_par' dir='ltr' id='par_1_19' title="bbox 2146 1082 3725 1155">
     <span class='ocr_line' id='line_1_19' title="bbox 2146 1082 3725 1155; baseline -0.001 -19"><span class='ocrx_word' id='word_1_131' title='bbox 2146 1083 2224 1153; x_wconf 81' lang='grc' dir='ltr'>τῷ</span> <span class='ocrx_word' id='word_1_132' title='bbox 2252 1083 2429 1153; x_wconf 77' lang='grc' dir='ltr'>Πατρὶ</span> <span class='ocrx_word' id='word_1_133' title='bbox 2467 1082 2827 1153; x_wconf 80' lang='grc' dir='ltr'><strong>ἀφορίζεσθαι</strong></span> <span class='ocrx_word' id='word_1_134' title='bbox 2891 1084 2980 1137; x_wconf 83' lang='grc' dir='ltr'><strong>διὰ</strong></span> <span class='ocrx_word' id='word_1_135' title='bbox 3008 1084 3068 1137; x_wconf 82' lang='grc' dir='ltr'>τὸ</span> <span class='ocrx_word' id='word_1_136' title='bbox 3099 1084 3317 1155; x_wconf 86' lang='grc' dir='ltr'>πρῶτον</span> <span class='ocrx_word' id='word_1_137' title='bbox 3348 1086 3444 1139; x_wconf 78' lang='grc' dir='ltr'><strong>καὶ</strong></span> <span class='ocrx_word' id='word_1_138' title='bbox 3497 1084 3725 1154; x_wconf 66' lang='grc' dir='ltr'>ἀρχικὸν</span> 
     </span>
    </p>
   </div>
   <div class='ocr_carea' id='block_1_20' title="bbox 461 1160 2035 1246">
    <p class='ocr_par' dir='ltr' id='par_1_20' title="bbox 461 1160 2035 1241">
     <span class='ocr_line' id='line_1_20' title="bbox 461 1160 2035 1241; baseline 0.007 -25"><span class='ocrx_word' id='word_1_139' title='bbox 461 1160 579 1230; x_wconf 79' lang='lat' dir='ltr'><strong>jam</strong></span> <span class='ocrx_word' id='word_1_140' title='bbox 604 1162 825 1219; x_wconf 80' lang='lat' dir='ltr'><strong>tandem</strong></span> <span class='ocrx_word' id='word_1_141' title='bbox 862 1163 1161 1221; x_wconf 89' lang='lat' dir='ltr'><strong>dubiorum</strong></span> <span class='ocrx_word' id='word_1_142' title='bbox 1192 1176 1302 1223; x_wconf 86' lang='lat' dir='ltr'><strong>ate</strong></span> <span class='ocrx_word' id='word_1_143' title='bbox 1340 1169 1749 1239; x_wconf 88' lang='lat' dir='ltr'><strong>propositorum</strong></span> <span class='ocrx_word' id='word_1_144' title='bbox 1807 1172 2035 1241; x_wconf 49' lang='lat' dir='ltr'><strong>exquisi&#39;</strong></span> 
     </span>
    </p>
   </div>
   <div class='ocr_carea' id='block_1_21' title="bbox 2141 1160 3732 1246">
    <p class='ocr_par' dir='ltr' id='par_1_21' title="bbox 2149 1173 3732 1246">
     <span class='ocr_line' id='line_1_21' title="bbox 2149 1173 3732 1246; baseline -0.001 -20"><span class='ocrx_word' id='word_1_145' title='bbox 2149 1173 2419 1245; x_wconf 73' lang='grc' dir='ltr'><strong>ἐσχηκὼς,</strong></span> <span class='ocrx_word' id='word_1_146' title='bbox 2446 1177 2540 1228; x_wconf 78' lang='grc' dir='ltr'>καὶ</span> <span class='ocrx_word' id='word_1_147' title='bbox 2568 1173 2661 1228; x_wconf 86' lang='grc' dir='ltr'><strong>τοῦ</strong></span> <span class='ocrx_word' id='word_1_148' title='bbox 2686 1173 2938 1229; x_wconf 77' lang='grc' dir='ltr'>ἐντεῦθεν</span> <span class='ocrx_word' id='word_1_149' title='bbox 2963 1173 3100 1246; x_wconf 84' lang='grc' dir='ltr'>πρὸς</span> <span class='ocrx_word' id='word_1_150' title='bbox 3124 1175 3370 1244; x_wconf 81' lang='grc' dir='ltr'><strong>ἀνάγκης</strong></span> <span class='ocrx_word' id='word_1_151' title='bbox 3419 1174 3732 1228; x_wconf 75' lang='grc' dir='ltr'><strong>ἀκολουθεῖν</strong></span> 
     </span>
    </p>
   </div>
   <div class='ocr_carea' id='block_1_22' title="bbox 468 1255 2035 1339">
    <p class='ocr_par' dir='ltr' id='par_1_22' title="bbox 468 1255 2035 1323">
     <span class='ocr_line' id='line_1_22' title="bbox 468 1255 2035 1323; baseline 0.006 -15"><span class='ocrx_word' id='word_1_152' title='bbox 468 1262 587 1309; x_wconf 88' lang='lat' dir='ltr'><strong>tam</strong></span> <span class='ocrx_word' id='word_1_153' title='bbox 624 1255 880 1311; x_wconf 82' lang='lat' dir='ltr'><strong>notitiam</strong></span> <span class='ocrx_word' id='word_1_154' title='bbox 930 1255 1163 1323; x_wconf 85' lang='lat' dir='ltr'><strong>habens,</strong></span> <span class='ocrx_word' id='word_1_155' title='bbox 1195 1273 1225 1313; x_wconf 88' lang='lat' dir='ltr'><strong>a</strong></span> <span class='ocrx_word' id='word_1_156' title='bbox 1255 1260 1462 1315; x_wconf 88' lang='lat' dir='ltr'><strong>sanctis</strong></span> <span class='ocrx_word' id='word_1_157' title='bbox 1518 1258 1775 1318; x_wconf 83' lang='lat' dir='ltr'><strong>Patribus</strong></span> <span class='ocrx_word' id='word_1_158' title='bbox 1823 1278 2035 1319; x_wconf 83' lang='lat' dir='ltr'><strong>causam</strong></span> 
     </span>
    </p>
   </div>
   <div class='ocr_carea' id='block_1_23' title="bbox 2141 1255 3731 1339">
    <p class='ocr_par' dir='ltr' id='par_1_23' title="bbox 2152 1262 3731 1339">
     <span class='ocr_line' id='line_1_23' title="bbox 2152 1262 3731 1339; baseline 0 -20"><span class='ocrx_word' id='word_1_159' title='bbox 2152 1265 2311 1320; x_wconf 78' lang='grc' dir='ltr'>τοῦτο</span> <span class='ocrx_word' id='word_1_160' title='bbox 2340 1270 2480 1321; x_wconf 78' lang='grc' dir='ltr'>νοεῖν</span> <span class='ocrx_word' id='word_1_161' title='bbox 2527 1262 2668 1322; x_wconf 80' lang='grc' dir='ltr'>εῖναι</span> <span class='ocrx_word' id='word_1_162' title='bbox 2718 1265 2782 1320; x_wconf 82' lang='grc' dir='ltr'>τὸ</span> <span class='ocrx_word' id='word_1_163' title='bbox 2843 1268 2937 1321; x_wconf 77' lang='grc' dir='ltr'>καὶ</span> <span class='ocrx_word' id='word_1_164' title='bbox 2992 1267 3395 1339; x_wconf 82' lang='grc' dir='ltr'>ἀφαιρούμενον</span> <span class='ocrx_word' id='word_1_165' title='bbox 3442 1265 3537 1319; x_wconf 78' lang='grc' dir='ltr'><strong>τοῦ</strong></span> <span class='ocrx_word' id='word_1_166' title='bbox 3573 1266 3731 1331; x_wconf 83' lang='grc' dir='ltr'><strong>Υἰοῦ,</strong></span> 
     </span>
    </p>
   </div>
   <div class='ocr_carea' id='block_1_24' title="bbox 466 1342 2035 1430">
    <p class='ocr_par' dir='ltr' id='par_1_24' title="bbox 466 1342 2035 1423">
     <span class='ocr_line' id='line_1_24' title="bbox 466 1342 2035 1423; baseline 0.006 -24"><span class='ocrx_word' id='word_1_167' title='bbox 466 1342 619 1400; x_wconf 88' lang='lat' dir='ltr'><strong>Patri</strong></span> <span class='ocrx_word' id='word_1_168' title='bbox 666 1347 1017 1416; x_wconf 79' lang='lat' dir='ltr'><strong>potissimum</strong></span> <span class='ocrx_word' id='word_1_169' title='bbox 1077 1350 1283 1406; x_wconf 88' lang='lat' dir='ltr'><strong>ascribi</strong></span> <span class='ocrx_word' id='word_1_170' title='bbox 1340 1359 1563 1423; x_wconf 88' lang='lat' dir='ltr'><strong>propter</strong></span> <span class='ocrx_word' id='word_1_171' title='bbox 1615 1354 1935 1423; x_wconf 89' lang='lat' dir='ltr'><strong>primarium</strong></span> <span class='ocrx_word' id='word_1_172' title='bbox 1982 1369 2035 1409; x_wconf 76' lang='lat' dir='ltr'><strong>ac</strong></span> 
     </span>
    </p>
   </div>
   <div class='ocr_carea' id='block_1_25' title="bbox 2141 1342 3272 1430">
    <p class='ocr_par' dir='ltr' id='par_1_25' title="bbox 2154 1356 3272 1430">
     <span class='ocr_line' id='line_1_25' title="bbox 2154 1356 3272 1430; baseline 0.004 -20"><span class='ocrx_word' id='word_1_173' title='bbox 2154 1356 2333 1429; x_wconf 75' lang='grc' dir='ltr'>ἐρώτα</span> <span class='ocrx_word' id='word_1_174' title='bbox 2367 1362 2463 1412; x_wconf 73' lang='grc' dir='ltr'>καὶ</span> <span class='ocrx_word' id='word_1_175' title='bbox 2491 1359 2673 1424; x_wconf 85' lang='grc' dir='ltr'>πάλιν,</span> <span class='ocrx_word' id='word_1_176' title='bbox 2724 1359 2920 1430; x_wconf 81' lang='grc' dir='ltr'>ἀπόρει</span> <span class='ocrx_word' id='word_1_177' title='bbox 2956 1360 3052 1413; x_wconf 73' lang='grc' dir='ltr'><strong>καὶ</strong></span> <span class='ocrx_word' id='word_1_178' title='bbox 3087 1359 3272 1415; x_wconf 83' lang='grc' dir='ltr'>πάλιν.</span> 
     </span>
    </p>
   </div>
   <div class='ocr_carea' id='block_1_26' title="bbox 476 1437 3735 1521">
    <p class='ocr_par' dir='ltr' id='par_1_26' title="bbox 476 1437 3735 1521">
     <span class='ocr_line' id='line_1_26' title="bbox 476 1437 3735 1521; baseline 0.003 -31"><span class='ocrx_word' id='word_1_179' title='bbox 476 1437 805 1507; x_wconf 85' lang='lat' dir='ltr'><strong>principale;</strong></span> <span class='ocrx_word' id='word_1_180' title='bbox 852 1439 1088 1521; x_wconf 76' lang='lat' dir='ltr'><strong>indeque</strong></span> <span class='ocrx_word' id='word_1_181' title='bbox 1146 1443 1456 1499; x_wconf 84' lang='lat' dir='ltr'><strong>necessario</strong></span> <span class='ocrx_word' id='word_1_182' title='bbox 1516 1444 1699 1516; x_wconf 83' lang='lat' dir='ltr'><strong>sequi,</strong></span> <span class='ocrx_word' id='word_1_183' title='bbox 1740 1445 1846 1503; x_wconf 87' lang='lat' dir='ltr'><strong>hoc</strong></span> <span class='ocrx_word' id='word_1_184' title='bbox 1876 1447 2056 1519; x_wconf 90' lang='lat' dir='ltr'><strong>ipsum</strong></span> <span class='ocrx_word' id='word_1_185' title='bbox 2093 1463 2213 1505; x_wconf 90' lang='lat' dir='ltr'><strong>esse</strong></span> <span class='ocrx_word' id='word_1_186' title='bbox 2236 1451 2382 1521; x_wconf 88' lang='lat' dir='ltr'><strong>quod</strong></span> <span class='ocrx_word' id='word_1_187' title='bbox 2446 1450 2707 1506; x_wconf 83' lang='lat' dir='ltr'><strong>adimitur</strong></span> <span class='ocrx_word' id='word_1_188' title='bbox 2736 1451 2875 1507; x_wconf 88' lang='lat' dir='ltr'><strong>Filio</strong></span> <span class='ocrx_word' id='word_1_189' title='bbox 2935 1451 3224 1521; x_wconf 76' lang='lat' dir='ltr'><strong>intelliges.</strong></span> <span class='ocrx_word' id='word_1_190' title='bbox 3252 1452 3580 1506; x_wconf 82' lang='lat' dir='ltr'><strong>Percontare</strong></span> <span class='ocrx_word' id='word_1_191' title='bbox 3610 1465 3735 1502; x_wconf 73' lang='lat' dir='ltr'><strong>rur-</strong></span> 
     </span>
    </p>
   </div>
   <div class='ocr_carea' id='block_1_27' title="bbox 467 1519 1134 1595">
    <p class='ocr_par' dir='ltr' id='par_1_27' title="bbox 467 1519 1134 1595">
     <span class='ocr_line' id='line_1_27' title="bbox 467 1519 1134 1595; baseline 0.01 -12"><span class='ocrx_word' id='word_1_192' title='bbox 467 1541 586 1595; x_wconf 85' lang='lat' dir='ltr'><strong>sus,</strong></span> <span class='ocrx_word' id='word_1_193' title='bbox 621 1545 816 1587; x_wconf 84' lang='lat' dir='ltr'><strong>rursus</strong></span> <span class='ocrx_word' id='word_1_194' title='bbox 851 1519 1134 1590; x_wconf 75' lang='lat' dir='ltr'><strong>addubita.</strong></span> 
     </span>
    </p>
   </div>
   <div class='ocr_carea' id='block_1_28' title="bbox 520 1754 3676 1786">
    <p class='ocr_par' dir='ltr' id='par_1_28' title="bbox 520 1754 3676 1786">
     <span class='ocr_line' id='line_1_28' title="bbox 520 1754 3676 1786; baseline 0 -7"><span class='ocrx_word' id='word_1_195' title='bbox 520 1754 3676 1786; x_wconf 64' lang='lat' dir='ltr'><strong>mm</strong></span> 
     </span>
    </p>
   </div>
   <div class='ocr_carea' id='block_1_29' title="bbox 1534 1935 2660 2076">
    <p class='ocr_par' dir='ltr' id='par_1_29' title="bbox 1534 1935 2660 2076">
     <span class='ocr_line' id='line_1_29' title="bbox 1534 1935 2660 2076; baseline 0.003 -7"><span class='ocrx_word' id='word_1_196' title='bbox 1534 1938 1924 2072; x_wconf 87' lang='grc' dir='ltr'><strong>ΤΟΥ</strong></span> <span class='ocrx_word' id='word_1_197' title='bbox 2014 1935 2660 2076; x_wconf 88' lang='grc' dir='ltr'>ΑΥΤΟΥ</span> 
     </span>
    </p>
   </div>
   <div class='ocr_carea' id='block_1_30' title="bbox 1847 2167 2328 2225">
    <p class='ocr_par' dir='ltr' id='par_1_30' title="bbox 1847 2167 2328 2225">
     <span class='ocr_line' id='line_1_30' title="bbox 1847 2167 2328 2225; baseline 0.004 -4"><span class='ocrx_word' id='word_1_198' title='bbox 1847 2167 2328 2225; x_wconf 76' lang='grc' dir='ltr'><strong>ΔΝΤΙΡΡΗΤΙΚΑ</strong></span> 
     </span>
    </p>
   </div>
   <div class='ocr_carea' id='block_1_31' title="bbox 626 2322 3568 2385">
    <p class='ocr_par' dir='ltr' id='par_1_31' title="bbox 626 2322 3568 2385">
     <span class='ocr_line' id='line_1_31' title="bbox 626 2322 3568 2385; baseline -0 0"><span class='ocrx_word' id='word_1_199' title='bbox 626 2324 770 2385; x_wconf 76' lang='grc' dir='ltr'><strong>ἸὩΝ</strong></span> <span class='ocrx_word' id='word_1_200' title='bbox 785 2323 921 2385; x_wconf 71' lang='grc' dir='ltr'><strong>ΕΠΙ</strong></span> <span class='ocrx_word' id='word_1_201' title='bbox 956 2323 1120 2382; x_wconf 80' lang='grc' dir='ltr'><strong>ΤΑΙΣ</strong></span> <span class='ocrx_word' id='word_1_202' title='bbox 1153 2325 1340 2381; x_wconf 81' lang='grc' dir='ltr'><strong>ΠΕΡΙ</strong></span> <span class='ocrx_word' id='word_1_203' title='bbox 1370 2322 1508 2381; x_wconf 86' lang='grc' dir='ltr'><strong>ΤΟΥ</strong></span> <span class='ocrx_word' id='word_1_204' title='bbox 1531 2325 1769 2380; x_wconf 80' lang='grc' dir='ltr'><strong>ΑΙἾΟΥ</strong></span> <span class='ocrx_word' id='word_1_205' title='bbox 1805 2325 2098 2379; x_wconf 82' lang='grc' dir='ltr'><strong>ΠΝΕΥΜΑ</strong></span> <span class='ocrx_word' id='word_1_206' title='bbox 2112 2326 2247 2381; x_wconf 89' lang='grc' dir='ltr'><strong>ΤΟΣ</strong></span> <span class='ocrx_word' id='word_1_207' title='bbox 2283 2328 2680 2381; x_wconf 76' lang='grc' dir='ltr'><strong>ΓΡΑΦΙΚΑΙΣ</strong></span> <span class='ocrx_word' id='word_1_208' title='bbox 2717 2327 3097 2381; x_wconf 80' lang='grc' dir='ltr'><strong>ΧΡΗΣΕΣΙΝ</strong></span> <span class='ocrx_word' id='word_1_209' title='bbox 3123 2327 3568 2384; x_wconf 81' lang='grc' dir='ltr'><strong>ΕΠΙΣΤΑΣΙΩΝ</strong></span> 
     </span>
    </p>
   </div>
   <div class='ocr_carea' id='block_1_32' title="bbox 940 2485 3233 2581">
    <p class='ocr_par' dir='ltr' id='par_1_32' title="bbox 940 2485 3233 2581">
     <span class='ocr_line' id='line_1_32' title="bbox 940 2485 3233 2581; baseline 0.001 -4"><span class='ocrx_word' id='word_1_210' title='bbox 940 2487 1364 2577; x_wconf 89' lang='grc' dir='ltr'>ΚΥΡΙΟΥ</span> <span class='ocrx_word' id='word_1_211' title='bbox 1434 2485 2163 2578; x_wconf 86' lang='grc' dir='ltr'><strong>ΑΝΔΡΟΝΙΚΟΥ</strong></span> <span class='ocrx_word' id='word_1_212' title='bbox 2233 2491 2463 2579; x_wconf 87' lang='grc' dir='ltr'><strong>ΤΟΥ</strong></span> <span class='ocrx_word' id='word_1_213' title='bbox 2536 2491 3233 2581; x_wconf 85' lang='grc' dir='ltr'><strong>ΚΑΜΑΤΗΡΟΥ</strong></span> 
     </span>
    </p>
   </div>
   <div class='ocr_carea' id='block_1_33' title="bbox 1762 2686 2408 2725">
    <p class='ocr_par' dir='ltr' id='par_1_33' title="bbox 1762 2686 2408 2725">
     <span class='ocr_line' id='line_1_33' title="bbox 1762 2686 2408 2725; baseline -0.003 -1"><span class='ocrx_word' id='word_1_214' title='bbox 1762 2686 2077 2725; x_wconf 64' lang='grc' dir='ltr'><strong>ΔΡΟΠΤΑΗΟΥ</strong></span> <span class='ocrx_word' id='word_1_215' title='bbox 2103 2687 2194 2725; x_wconf 71' lang='grc' dir='ltr'><strong>τω</strong></span> <span class='ocrx_word' id='word_1_216' title='bbox 2227 2686 2408 2725; x_wconf 65' lang='grc' dir='ltr'><strong>ΚΓΔΑι.</strong></span> 
     </span>
    </p>
   </div>
   <div class='ocr_carea' id='block_1_34' title="bbox 1673 3000 2559 3132">
    <p class='ocr_par' dir='ltr' id='par_1_34' title="bbox 1673 3000 2559 3132">
     <span class='ocr_line' id='line_1_34' title="bbox 1673 3000 2559 3132; baseline 0.001 -5"><span class='ocrx_word' id='word_1_217' title='bbox 1673 3000 2559 3132; x_wconf 86' lang='lat' dir='ltr'><strong>EJUSDEM</strong></span> 
     </span>
    </p>
   </div>
   <div class='ocr_carea' id='block_1_35' title="bbox 1773 3237 2399 3302">
    <p class='ocr_par' dir='ltr' id='par_1_35' title="bbox 1773 3237 2399 3302">
     <span class='ocr_line' id='line_1_35' title="bbox 1773 3237 2399 3302; baseline 0.006 -4"><span class='ocrx_word' id='word_1_218' title='bbox 1773 3237 2399 3302; x_wconf 82' lang='lat' dir='ltr'><strong>REFUTATIONES</strong></span> 
     </span>
    </p>
   </div>
   <div class='ocr_carea' id='block_1_36' title="bbox 1113 3418 3201 3528">
    <p class='ocr_par' dir='ltr' id='par_1_36' title="bbox 1113 3418 3201 3528">
     <span class='ocr_line' id='line_1_36' title="bbox 1113 3418 3201 3528; baseline 0 -27"><span class='ocrx_word' id='word_1_219' title='bbox 1113 3418 1646 3501; x_wconf 81' lang='lat' dir='ltr'><strong>ADVERSUS</strong></span> <span class='ocrx_word' id='word_1_220' title='bbox 1723 3423 1817 3497; x_wconf 92' lang='lat' dir='ltr'><strong>D.</strong></span> <span class='ocrx_word' id='word_1_221' title='bbox 1899 3419 2468 3501; x_wconf 78' lang='lat' dir='ltr'><strong>ANDRONICI</strong></span> <span class='ocrx_word' id='word_1_222' title='bbox 2548 3420 3065 3502; x_wconf 72' lang='lat' dir='ltr'><strong>CAMATEBI</strong></span> <span class='ocrx_word' id='word_1_223' title='bbox 3182 3524 3201 3528; x_wconf 83' lang='lat'>_</span> 
     </span>
    </p>
   </div>
   <div class='ocr_carea' id='block_1_37' title="bbox 1785 3594 2398 3649">
    <p class='ocr_par' dir='ltr' id='par_1_37' title="bbox 1785 3594 2398 3649">
     <span class='ocr_line' id='line_1_37' title="bbox 1785 3594 2398 3649; baseline -0.007 0"><span class='ocrx_word' id='word_1_224' title='bbox 1785 3594 1991 3649; x_wconf 69' lang='lat' dir='ltr'><strong>VlGLE</strong></span> <span class='ocrx_word' id='word_1_225' title='bbox 2041 3594 2398 3647; x_wconf 71' lang='lat' dir='ltr'><strong>DRUNGARII</strong></span> 
     </span>
    </p>
   </div>
   <div class='ocr_carea' id='block_1_38' title="bbox 697 3741 3423 3831">
    <p class='ocr_par' dir='ltr' id='par_1_38' title="bbox 697 3741 3423 3831">
     <span class='ocr_line' id='line_1_38' title="bbox 697 3741 3423 3831; baseline 0 -20"><span class='ocrx_word' id='word_1_226' title='bbox 697 3822 714 3831; x_wconf 84' lang='lat'><strong><em>_</em></strong></span> <span class='ocrx_word' id='word_1_227' title='bbox 744 3744 1023 3814; x_wconf 84' lang='lat' dir='ltr'><strong><em>SUPER</em></strong></span> <span class='ocrx_word' id='word_1_228' title='bbox 1059 3744 1423 3812; x_wconf 82' lang='lat' dir='ltr'><strong>SCRIPTO</strong></span> <span class='ocrx_word' id='word_1_229' title='bbox 1467 3744 1871 3809; x_wconf 82' lang='lat' dir='ltr'><strong>TRADITIS</strong></span> <span class='ocrx_word' id='word_1_230' title='bbox 1924 3741 2498 3808; x_wconf 84' lang='lat' dir='ltr'><strong>TESTIMONIIS</strong></span> <span class='ocrx_word' id='word_1_231' title='bbox 2541 3742 2659 3805; x_wconf 88' lang='lat' dir='ltr'><strong>DE</strong></span> <span class='ocrx_word' id='word_1_232' title='bbox 2696 3743 3050 3809; x_wconf 85' lang='lat' dir='ltr'><strong>SPIRITU</strong></span> <span class='ocrx_word' id='word_1_233' title='bbox 3087 3746 3423 3814; x_wconf 79' lang='lat' dir='ltr'><strong>SANCTO</strong></span> 
     </span>
    </p>
   </div>
   <div class='ocr_carea' id='block_1_39' title="bbox 1651 3871 2621 3937">
    <p class='ocr_par' dir='ltr' id='par_1_39' title="bbox 1651 3871 2621 3937">
     <span class='ocr_line' id='line_1_39' title="bbox 1651 3871 2621 3937; baseline 0 -4"><span class='ocrx_word' id='word_1_234' title='bbox 1651 3871 2506 3937; x_wconf 78' lang='lat' dir='ltr'><strong>ANIMADVERSIONES.</strong></span> <span class='ocrx_word' id='word_1_235' title='bbox 2612 3886 2621 3889; x_wconf 85' lang='lat'><strong><em>&#39;</em></strong></span> 
     </span>
    </p>
   </div>
   <div class='ocr_carea' id='block_1_40' title="bbox 530 4189 2036 4264">
    <p class='ocr_par' dir='ltr' id='par_1_40' title="bbox 530 4189 2036 4264">
     <span class='ocr_line' id='line_1_40' title="bbox 530 4189 2036 4264; baseline -0.009 -6"><span class='ocrx_word' id='word_1_236' title='bbox 530 4202 573 4258; x_wconf 91' lang='lat' dir='ltr'><strong>l.</strong></span> <span class='ocrx_word' id='word_1_237' title='bbox 603 4197 740 4257; x_wconf 88' lang='lat' dir='ltr'><strong>Cum</strong></span> <span class='ocrx_word' id='word_1_238' title='bbox 773 4197 831 4253; x_wconf 87' lang='lat' dir='ltr'><strong>in</strong></span> <span class='ocrx_word' id='word_1_239' title='bbox 856 4194 1040 4251; x_wconf 82' lang='lat' dir='ltr'><strong>animo</strong></span> <span class='ocrx_word' id='word_1_240' title='bbox 1076 4201 1268 4251; x_wconf 88' lang='lat' dir='ltr'><strong>nostro</strong></span> <span class='ocrx_word' id='word_1_241' title='bbox 1327 4192 1608 4259; x_wconf 85' lang='lat' dir='ltr'><strong>insederit,</strong></span> <span class='ocrx_word' id='word_1_242' title='bbox 1634 4204 1827 4264; x_wconf 88' lang='lat' dir='ltr'><strong>pacem</strong></span> <span class='ocrx_word' id='word_1_243' title='bbox 1861 4189 2036 4245; x_wconf 90' lang='lat' dir='ltr'><strong>eccle-</strong></span> 
     </span>
    </p>
   </div>
   <div class='ocr_carea' id='block_1_41' title="bbox 455 4281 2034 4357">
    <p class='ocr_par' dir='ltr' id='par_1_41' title="bbox 455 4281 2034 4357">
     <span class='ocr_line' id='line_1_41' title="bbox 455 4281 2034 4357; baseline -0.01 -5"><span class='ocrx_word' id='word_1_244' title='bbox 455 4294 736 4353; x_wconf 87' lang='lat' dir='ltr'><strong>siasticam</strong></span> <span class='ocrx_word' id='word_1_245' title='bbox 761 4289 1025 4347; x_wconf 90' lang='lat' dir='ltr'><strong>continuo</strong></span> <span class='ocrx_word' id='word_1_246' title='bbox 1064 4299 1407 4357; x_wconf 85' lang='lat' dir='ltr'><strong>promovere,</strong></span> <span class='ocrx_word' id='word_1_247' title='bbox 1433 4294 1491 4341; x_wconf 89' lang='lat' dir='ltr'><strong>et</strong></span> <span class='ocrx_word' id='word_1_248' title='bbox 1528 4284 1703 4354; x_wconf 81' lang='lat' dir='ltr'><strong>magis</strong></span> <span class='ocrx_word' id='word_1_249' title='bbox 1749 4297 1814 4337; x_wconf 90' lang='lat' dir='ltr'><strong>ac</strong></span> <span class='ocrx_word' id='word_1_250' title='bbox 1857 4281 2034 4351; x_wconf 79' lang='lat' dir='ltr'><strong>magis</strong></span> 
     </span>
    </p>
   </div>
   <div class='ocr_carea' id='block_1_42' title="bbox 2211 4186 3721 4273">
    <p class='ocr_par' dir='ltr' id='par_1_42' title="bbox 2211 4186 3721 4273">
     <span class='ocr_line' id='line_1_42' title="bbox 2211 4186 3721 4273; baseline 0.006 -31"><span class='ocrx_word' id='word_1_251' title='bbox 2211 4189 2293 4242; x_wconf 83' lang='lat' dir='ltr'><strong>A&#39;.</strong></span> <span class='ocrx_word' id='word_1_252' title='bbox 2332 4186 2703 4258; x_wconf 83' lang='grc' dir='ltr'>Βουλομένους</span> <span class='ocrx_word' id='word_1_253' title='bbox 2734 4188 2882 4259; x_wconf 79' lang='grc' dir='ltr'><strong>ἡμᾶς</strong></span> <span class='ocrx_word' id='word_1_254' title='bbox 2895 4186 2991 4259; x_wconf 81' lang='grc' dir='ltr'><strong>τὴν</strong></span> <span class='ocrx_word' id='word_1_255' title='bbox 3007 4190 3464 4266; x_wconf 73' lang='grc' dir='ltr'>ὲκκλησιαστικὴν</span> <span class='ocrx_word' id='word_1_256' title='bbox 3492 4199 3721 4273; x_wconf 72' lang='grc' dir='ltr'>είρήνην</span> 
     </span>
    </p>
   </div>
   <div class='ocr_carea' id='block_1_43' title="bbox 2140 4279 3719 4353">
    <p class='ocr_par' dir='ltr' id='par_1_43' title="bbox 2140 4279 3719 4353">
     <span class='ocr_line' id='line_1_43' title="bbox 2140 4279 3719 4353; baseline 0.006 -21"><span class='ocrx_word' id='word_1_257' title='bbox 2140 4279 2226 4333; x_wconf 77' lang='grc' dir='ltr'><strong>ἀεὶ</strong></span> <span class='ocrx_word' id='word_1_258' title='bbox 2258 4280 2522 4351; x_wconf 80' lang='grc' dir='ltr'><strong>προάγειν</strong></span> <span class='ocrx_word' id='word_1_259' title='bbox 2561 4280 2652 4333; x_wconf 74' lang='grc' dir='ltr'><strong>ἐπὶ</strong></span> <span class='ocrx_word' id='word_1_260' title='bbox 2671 4280 2732 4334; x_wconf 86' lang='grc' dir='ltr'><strong>τὸ</strong></span> <span class='ocrx_word' id='word_1_261' title='bbox 2764 4279 3141 4353; x_wconf 86' lang='grc' dir='ltr'>βεϐαιότερον,</span> <span class='ocrx_word' id='word_1_262' title='bbox 3184 4285 3286 4337; x_wconf 85' lang='grc' dir='ltr'>οὐκ</span> <span class='ocrx_word' id='word_1_263' title='bbox 3326 4283 3441 4339; x_wconf 80' lang='grc' dir='ltr'><strong>οἶδα</strong></span> <span class='ocrx_word' id='word_1_264' title='bbox 3467 4288 3519 4342; x_wconf 83' lang='grc' dir='ltr'><strong>εί</strong></span> <span class='ocrx_word' id='word_1_265' title='bbox 3539 4306 3622 4352; x_wconf 89' lang='grc' dir='ltr'><strong>τις</strong></span> <span class='ocrx_word' id='word_1_266' title='bbox 3648 4291 3719 4344; x_wconf 82' lang='grc' dir='ltr'><strong>ἂν</strong></span> 
     </span>
    </p>
   </div>
   <div class='ocr_carea' id='block_1_44' title="bbox 454 4369 2035 4451">
    <p class='ocr_par' dir='ltr' id='par_1_44' title="bbox 454 4372 2035 4451">
     <span class='ocr_line' id='line_1_44' title="bbox 454 4372 2035 4451; baseline -0.012 -7"><span class='ocrx_word' id='word_1_267' title='bbox 454 4385 835 4449; x_wconf 87' lang='lat' dir='ltr'><strong>constabilire,</strong></span> <span class='ocrx_word' id='word_1_268' title='bbox 874 4382 1060 4438; x_wconf 91' lang='lat' dir='ltr'><strong>nescio</strong></span> <span class='ocrx_word' id='word_1_269' title='bbox 1085 4396 1155 4436; x_wconf 89' lang='lat' dir='ltr'><strong>an</strong></span> <span class='ocrx_word' id='word_1_270' title='bbox 1186 4379 1464 4451; x_wconf 86' lang='lat' dir='ltr'><strong>quispiam</strong></span> <span class='ocrx_word' id='word_1_271' title='bbox 1492 4378 1651 4432; x_wconf 88' lang='lat' dir='ltr'><strong>nobis</strong></span> <span class='ocrx_word' id='word_1_272' title='bbox 1704 4373 1922 4445; x_wconf 81' lang='lat' dir='ltr'><strong>ineptiae</strong></span> <span class='ocrx_word' id='word_1_273' title='bbox 1949 4372 2035 4427; x_wconf 85' lang='lat' dir='ltr'><strong>vel</strong></span> 
     </span>
    </p>
   </div>
   <div class='ocr_carea' id='block_1_45' title="bbox 2141 4369 3720 4451">
    <p class='ocr_par' dir='ltr' id='par_1_45' title="bbox 2141 4369 3720 4450">
     <span class='ocr_line' id='line_1_45' title="bbox 2141 4369 3720 4450; baseline 0.004 -25"><span class='ocrx_word' id='word_1_274' title='bbox 2141 4369 2533 4441; x_wconf 78' lang='grc' dir='ltr'><strong>ἀπειροκαλίας</strong></span> <span class='ocrx_word' id='word_1_275' title='bbox 2564 4372 2986 4443; x_wconf 86' lang='grc' dir='ltr'>κατηγορήσειε.</span> <span class='ocrx_word' id='word_1_276' title='bbox 3014 4374 3142 4437; x_wconf 84' lang='grc' dir='ltr'><strong>Τοῖς</strong></span> <span class='ocrx_word' id='word_1_277' title='bbox 3192 4375 3299 4446; x_wconf 85' lang='grc' dir='ltr'>γὰρ</span> <span class='ocrx_word' id='word_1_278' title='bbox 3349 4377 3499 4442; x_wconf 74' lang='grc' dir='ltr'>ἅπαξ</span> <span class='ocrx_word' id='word_1_279' title='bbox 3537 4383 3720 4450; x_wconf 77' lang='grc' dir='ltr'>ἐγχειο</span> 
     </span>
    </p>
   </div>
   <div class='ocr_carea' id='block_1_46' title="bbox 452 4440 2035 4541">
    <p class='ocr_par' dir='ltr' id='par_1_46' title="bbox 452 4464 2034 4539">
     <span class='ocr_line' id='line_1_46' title="bbox 452 4464 2034 4539; baseline -0.011 -4"><span class='ocrx_word' id='word_1_280' title='bbox 452 4478 783 4537; x_wconf 84' lang='lat' dir='ltr'><strong>rusticitatis</strong></span> <span class='ocrx_word' id='word_1_281' title='bbox 839 4476 1050 4533; x_wconf 90' lang='lat' dir='ltr'><strong>crimen</strong></span> <span class='ocrx_word' id='word_1_282' title='bbox 1112 4473 1321 4528; x_wconf 84' lang='lat' dir='ltr'><strong>inurat.</strong></span> <span class='ocrx_word' id='word_1_283' title='bbox 1384 4468 1629 4539; x_wconf 85' lang='lat' dir='ltr'><strong>Namque</strong></span> <span class='ocrx_word' id='word_1_284' title='bbox 1682 4482 1806 4521; x_wconf 89' lang='lat' dir='ltr'><strong>cum</strong></span> <span class='ocrx_word' id='word_1_285' title='bbox 1865 4464 2034 4521; x_wconf 88' lang='lat' dir='ltr'><strong>semel</strong></span> 
     </span>
    </p>
   </div>
   <div class='ocr_carea' id='block_1_47' title="bbox 2141 4440 3715 4541">
    <p class='ocr_par' dir='ltr' id='par_1_47' title="bbox 2141 4440 3715 4541">
     <span class='ocr_line' id='line_1_47' title="bbox 2141 4440 3715 4541; baseline 0.006 -26"><span class='ocrx_word' id='word_1_286' title='bbox 2141 4440 2351 4533; x_wconf 69' lang='grc' dir='ltr'>ρηοεῗσι</span> <span class='ocrx_word' id='word_1_287' title='bbox 2385 4462 2564 4527; x_wconf 84' lang='grc' dir='ltr'>καλῶς</span> <span class='ocrx_word' id='word_1_288' title='bbox 2595 4440 3041 4534; x_wconf 76' lang='grc' dir='ltr'>ἐγχειρήσαντες,</span> <span class='ocrx_word' id='word_1_289' title='bbox 3062 4467 3151 4519; x_wconf 67' lang='grc' dir='ltr'>καὶ</span> <span class='ocrx_word' id='word_1_290' title='bbox 3172 4440 3401 4536; x_wconf 71' lang='grc' dir='ltr'>δεύτερα</span> <span class='ocrx_word' id='word_1_291' title='bbox 3428 4440 3521 4522; x_wconf 64' lang='grc' dir='ltr'>καὶ</span> 
     </span>
    </p>
   </div>
   <div class='ocr_carea' id='block_1_48' title="bbox 453 4558 2036 4643">
    <p class='ocr_par' dir='ltr' id='par_1_48' title="bbox 453 4558 2036 4643">
     <span class='ocr_line' id='line_1_48' title="bbox 453 4558 2036 4643; baseline -0.014 -14"><span class='ocrx_word' id='word_1_292' title='bbox 453 4577 618 4629; x_wconf 86' lang='lat' dir='ltr'><strong>rebus</strong></span> <span class='ocrx_word' id='word_1_293' title='bbox 645 4569 939 4643; x_wconf 88' lang='lat' dir='ltr'><strong>propositis</strong></span> <span class='ocrx_word' id='word_1_294' title='bbox 974 4567 1144 4637; x_wconf 87' lang='lat' dir='ltr'><strong>probe</strong></span> <span class='ocrx_word' id='word_1_295' title='bbox 1176 4577 1371 4620; x_wconf 88' lang='lat' dir='ltr'><strong>manus</strong></span> <span class='ocrx_word' id='word_1_296' title='bbox 1393 4558 1822 4619; x_wconf 86' lang='lat' dir='ltr'><strong>admoverimus,</strong></span> <span class='ocrx_word' id='word_1_297' title='bbox 1840 4570 2036 4609; x_wconf 91' lang='lat' dir='ltr'><strong>secun-</strong></span> 
     </span>
    </p>
   </div>
   <div class='ocr_carea' id='block_1_49' title="bbox 452 4649 2035 4721">
    <p class='ocr_par' dir='ltr' id='par_1_49' title="bbox 452 4649 2035 4721">
     <span class='ocr_line' id='line_1_49' title="bbox 452 4649 2035 4721; baseline -0.013 0"><span class='ocrx_word' id='word_1_298' title='bbox 452 4666 581 4721; x_wconf 90' lang='lat' dir='ltr'><strong>dum</strong></span> <span class='ocrx_word' id='word_1_299' title='bbox 619 4670 675 4719; x_wconf 82' lang='lat' dir='ltr'><strong>et</strong></span> <span class='ocrx_word' id='word_1_300' title='bbox 707 4661 925 4717; x_wconf 88' lang='lat' dir='ltr'><strong>tertium</strong></span> <span class='ocrx_word' id='word_1_301' title='bbox 958 4658 1028 4713; x_wconf 89' lang='lat' dir='ltr'><strong>ad</strong></span> <span class='ocrx_word' id='word_1_302' title='bbox 1050 4672 1114 4711; x_wconf 90' lang='lat' dir='ltr'><strong>ea</strong></span> <span class='ocrx_word' id='word_1_303' title='bbox 1147 4653 1417 4710; x_wconf 81' lang='lat' dir='ltr'><strong>ﬁrmanda</strong></span> <span class='ocrx_word' id='word_1_304' title='bbox 1443 4649 1765 4721; x_wconf 80' lang='lat' dir='ltr'><strong>ﬁgendaque</strong></span> <span class='ocrx_word' id='word_1_305' title='bbox 1805 4655 2035 4701; x_wconf 85' lang='lat' dir='ltr'><strong>conatus</strong></span> 
     </span>
    </p>
   </div>
   <div class='ocr_carea' id='block_1_50' title="bbox 460 4733 2034 4807">
    <p class='ocr_par' dir='ltr' id='par_1_50' title="bbox 460 4733 2034 4807">
     <span class='ocr_line' id='line_1_50' title="bbox 460 4733 2034 4807; baseline -0.011 0"><span class='ocrx_word' id='word_1_306' title='bbox 460 4767 524 4807; x_wconf 87' lang='lat' dir='ltr'><strong>ac</strong></span> <span class='ocrx_word' id='word_1_307' title='bbox 548 4750 731 4807; x_wconf 89' lang='lat' dir='ltr'><strong>studia</strong></span> <span class='ocrx_word' id='word_1_308' title='bbox 748 4745 1118 4805; x_wconf 86' lang='lat' dir='ltr'><strong>convertenda</strong></span> <span class='ocrx_word' id='word_1_309' title='bbox 1143 4739 1513 4797; x_wconf 85' lang='lat' dir='ltr'><strong>necessarium</strong></span> <span class='ocrx_word' id='word_1_310' title='bbox 1538 4736 1813 4792; x_wconf 89' lang='lat' dir='ltr'><strong>ducimus.</strong></span> <span class='ocrx_word' id='word_1_311' title='bbox 1841 4733 1905 4789; x_wconf 92' lang='lat' dir='ltr'><strong>Et</strong></span> <span class='ocrx_word' id='word_1_312' title='bbox 1925 4749 2034 4805; x_wconf 85' lang='lat' dir='ltr'><strong>qua</strong></span> 
     </span>
    </p>
   </div>
   <div class='ocr_carea' id='block_1_51' title="bbox 457 4825 2033 4908">
    <p class='ocr_par' dir='ltr' id='par_1_51' title="bbox 457 4825 2033 4908">
     <span class='ocr_line' id='line_1_51' title="bbox 457 4825 2033 4908; baseline -0.012 -9"><span class='ocrx_word' id='word_1_313' title='bbox 457 4843 674 4898; x_wconf 88' lang='lat' dir='ltr'><strong>ratione</strong></span> <span class='ocrx_word' id='word_1_314' title='bbox 700 4839 891 4907; x_wconf 81' lang='lat' dir='ltr'><strong>exiis,</strong></span> <span class='ocrx_word' id='word_1_315' title='bbox 941 4836 1038 4908; x_wconf 86' lang='lat' dir='ltr'><strong>qui</strong></span> <span class='ocrx_word' id='word_1_316' title='bbox 1090 4834 1194 4888; x_wconf 88' lang='lat' dir='ltr'><strong>ista</strong></span> <span class='ocrx_word' id='word_1_317' title='bbox 1225 4831 1433 4902; x_wconf 75' lang='lat' dir='ltr'><strong>legunt,</strong></span> <span class='ocrx_word' id='word_1_318' title='bbox 1474 4843 1571 4884; x_wconf 88' lang='lat' dir='ltr'><strong>eos</strong></span> <span class='ocrx_word' id='word_1_319' title='bbox 1622 4825 1817 4882; x_wconf 86' lang='lat' dir='ltr'><strong>merito</strong></span> <span class='ocrx_word' id='word_1_320' title='bbox 1868 4825 2033 4881; x_wconf 90' lang='lat' dir='ltr'><strong>veluti</strong></span> 
     </span>
    </p>
   </div>
   <div class='ocr_carea' id='block_1_52' title="bbox 452 4919 2034 5006">
    <p class='ocr_par' dir='ltr' id='par_1_52' title="bbox 452 4919 2034 5006">
     <span class='ocr_line' id='line_1_52' title="bbox 452 4919 2034 5006; baseline -0.011 -15"><span class='ocrx_word' id='word_1_321' title='bbox 452 4935 666 5006; x_wconf 84' lang='lat' dir='ltr'><strong>ineptos</strong></span> <span class='ocrx_word' id='word_1_322' title='bbox 701 4940 755 4988; x_wconf 83' lang='lat' dir='ltr'><strong>et</strong></span> <span class='ocrx_word' id='word_1_323' title='bbox 786 4930 1026 4987; x_wconf 87' lang='lat' dir='ltr'><strong>rusticos</strong></span> <span class='ocrx_word' id='word_1_324' title='bbox 1053 4924 1517 4987; x_wconf 78' lang='lat' dir='ltr'><strong>criminabantur,</strong></span> <span class='ocrx_word' id='word_1_325' title='bbox 1544 4920 1638 4989; x_wconf 92' lang='lat' dir='ltr'><strong>qui</strong></span> <span class='ocrx_word' id='word_1_326' title='bbox 1671 4919 1799 4975; x_wconf 87' lang='lat' dir='ltr'><strong>totis</strong></span> <span class='ocrx_word' id='word_1_327' title='bbox 1826 4919 2034 4975; x_wconf 88' lang='lat' dir='ltr'><strong>viribus</strong></span> 
     </span>
    </p>
   </div>
   <div class='ocr_carea' id='block_1_53' title="bbox 452 5009 2035 5085">
    <p class='ocr_par' dir='ltr' id='par_1_53' title="bbox 452 5009 2035 5085">
     <span class='ocr_line' id='line_1_53' title="bbox 452 5009 2035 5085; baseline -0.011 -2"><span class='ocrx_word' id='word_1_328' title='bbox 452 5027 780 5083; x_wconf 82' lang='lat' dir='ltr'><strong>conﬁrmare</strong></span> <span class='ocrx_word' id='word_1_329' title='bbox 847 5017 1495 5085; x_wconf 86' lang='lat' dir='ltr'><strong>couteudunt,quorum</strong></span> <span class='ocrx_word' id='word_1_330' title='bbox 1550 5009 1827 5083; x_wconf 78' lang='lat' dir='ltr'><strong>aggressio</strong></span> <span class='ocrx_word' id='word_1_331' title='bbox 1899 5011 2035 5065; x_wconf 88' lang='lat' dir='ltr'><strong>bene</strong></span> 
     </span>
    </p>
   </div>
   <div class='ocr_carea' id='block_1_54' title="bbox 452 5099 2033 5181">
    <p class='ocr_par' dir='ltr' id='par_1_54' title="bbox 452 5099 2033 5181">
     <span class='ocr_line' id='line_1_54' title="bbox 452 5099 2033 5181; baseline -0.015 -8"><span class='ocrx_word' id='word_1_332' title='bbox 452 5115 621 5173; x_wconf 87' lang='lat' dir='ltr'><strong>semel</strong></span> <span class='ocrx_word' id='word_1_333' title='bbox 651 5119 832 5181; x_wconf 71' lang='lat' dir='ltr'><strong>empta</strong></span> <span class='ocrx_word' id='word_1_334' title='bbox 868 5116 955 5164; x_wconf 89' lang='lat' dir='ltr'><strong>est</strong></span> <span class='ocrx_word' id='word_1_335' title='bbox 980 5107 1003 5160; x_wconf 65' lang='grc' dir='ltr'><strong>ί</strong></span> <span class='ocrx_word' id='word_1_336' title='bbox 1026 5102 1418 5160; x_wconf 78' lang='lat' dir='ltr'><strong>Verumtamen</strong></span> <span class='ocrx_word' id='word_1_337' title='bbox 1450 5101 1687 5172; x_wconf 89' lang='lat' dir='ltr'><strong>primum</strong></span> <span class='ocrx_word' id='word_1_338' title='bbox 1736 5099 1874 5154; x_wconf 90' lang='lat' dir='ltr'><strong>bene</strong></span> <span class='ocrx_word' id='word_1_339' title='bbox 1918 5112 2033 5153; x_wconf 78' lang='lat' dir='ltr'><strong>cte-</strong></span> 
     </span>
    </p>
   </div>
   <div class='ocr_carea' id='block_1_55' title="bbox 452 5190 2030 5279">
    <p class='ocr_par' dir='ltr' id='par_1_55' title="bbox 452 5190 2030 5279">
     <span class='ocr_line' id='line_1_55' title="bbox 452 5190 2030 5279; baseline -0.013 -16"><span class='ocrx_word' id='word_1_340' title='bbox 452 5209 562 5279; x_wconf 90' lang='lat' dir='ltr'><strong>ptis</strong></span> <span class='ocrx_word' id='word_1_341' title='bbox 596 5202 839 5261; x_wconf 89' lang='lat' dir='ltr'><strong>secunda</strong></span> <span class='ocrx_word' id='word_1_342' title='bbox 871 5198 1076 5263; x_wconf 87' lang='lat' dir='ltr'><strong>studia,</strong></span> <span class='ocrx_word' id='word_1_343' title='bbox 1114 5204 1169 5251; x_wconf 88' lang='lat' dir='ltr'><strong>et</strong></span> <span class='ocrx_word' id='word_1_344' title='bbox 1205 5195 1363 5250; x_wconf 87' lang='lat' dir='ltr'><strong>tertia</strong></span> <span class='ocrx_word' id='word_1_345' title='bbox 1396 5194 1459 5247; x_wconf 88' lang='lat' dir='ltr'><strong>ad</strong></span> <span class='ocrx_word' id='word_1_346' title='bbox 1496 5207 1683 5248; x_wconf 89' lang='lat' dir='ltr'><strong>eorum</strong></span> <span class='ocrx_word' id='word_1_347' title='bbox 1720 5190 2030 5245; x_wconf 83' lang='lat' dir='ltr'><strong>ﬁrmitatem</strong></span> 
     </span>
    </p>
   </div>
   <div class='ocr_carea' id='block_1_56' title="bbox 454 5281 2028 5358">
    <p class='ocr_par' dir='ltr' id='par_1_56' title="bbox 454 5281 2028 5358">
     <span class='ocr_line' id='line_1_56' title="bbox 454 5281 2028 5358; baseline -0.015 0"><span class='ocrx_word' id='word_1_348' title='bbox 454 5293 837 5358; x_wconf 84' lang='lat' dir='ltr'><strong>sta‘biliendam</strong></span> <span class='ocrx_word' id='word_1_349' title='bbox 869 5288 1136 5355; x_wconf 79' lang='lat' dir='ltr'><strong>conferre,</strong></span> <span class='ocrx_word' id='word_1_350' title='bbox 1182 5288 1289 5343; x_wconf 91' lang='lat' dir='ltr'><strong>hoc</strong></span> <span class='ocrx_word' id='word_1_351' title='bbox 1317 5286 1482 5342; x_wconf 90' lang='lat' dir='ltr'><strong>modo</strong></span> <span class='ocrx_word' id='word_1_352' title='bbox 1509 5284 1725 5353; x_wconf 65' lang='lat' dir='ltr'><strong>ineptia;</strong></span> <span class='ocrx_word' id='word_1_353' title='bbox 1752 5281 2028 5337; x_wconf 86' lang='lat' dir='ltr'><strong>rusticita-</strong></span> 
     </span>
    </p>
   </div>
   <div class='ocr_carea' id='block_1_57' title="bbox 456 5374 2032 5461">
    <p class='ocr_par' dir='ltr' id='par_1_57' title="bbox 456 5374 2032 5461">
     <span class='ocr_line' id='line_1_57' title="bbox 456 5374 2032 5461; baseline -0.013 -12"><span class='ocrx_word' id='word_1_354' title='bbox 456 5392 637 5461; x_wconf 85' lang='lat' dir='ltr'><strong>tisque</strong></span> <span class='ocrx_word' id='word_1_355' title='bbox 655 5386 866 5441; x_wconf 87' lang='lat' dir='ltr'><strong>crimen</strong></span> <span class='ocrx_word' id='word_1_356' title='bbox 894 5381 1198 5453; x_wconf 87' lang='lat' dir='ltr'><strong>repellitur,</strong></span> <span class='ocrx_word' id='word_1_357' title='bbox 1235 5379 1282 5436; x_wconf 83' lang='lat' dir='ltr'><strong>si</strong></span> <span class='ocrx_word' id='word_1_358' title='bbox 1311 5378 1401 5434; x_wconf 89' lang='lat' dir='ltr'><strong>illa</strong></span> <span class='ocrx_word' id='word_1_359' title='bbox 1430 5393 1495 5432; x_wconf 83' lang='lat' dir='ltr'><strong>ex</strong></span> <span class='ocrx_word' id='word_1_360' title='bbox 1531 5375 1731 5431; x_wconf 82' lang='lat' dir='ltr'><strong>divinis</strong></span> <span class='ocrx_word' id='word_1_361' title='bbox 1759 5374 1862 5430; x_wconf 85' lang='lat' dir='ltr'><strong>sibi</strong></span> <span class='ocrx_word' id='word_1_362' title='bbox 1887 5375 2032 5429; x_wconf 87' lang='lat' dir='ltr'><strong>litte-</strong></span> 
     </span>
    </p>
   </div>
   <div class='ocr_carea' id='block_1_58' title="bbox 455 5467 2031 5538">
    <p class='ocr_par' dir='ltr' id='par_1_58' title="bbox 455 5467 2031 5538">
     <span class='ocr_line' id='line_1_58' title="bbox 455 5467 2031 5538; baseline -0.012 0"><span class='ocrx_word' id='word_1_363' title='bbox 455 5486 533 5538; x_wconf 90' lang='lat' dir='ltr'><strong>ris</strong></span> <span class='ocrx_word' id='word_1_364' title='bbox 567 5478 878 5535; x_wconf 71' lang='lat' dir='ltr'><strong>ﬂrmita&#39;tem</strong></span> <span class='ocrx_word' id='word_1_365' title='bbox 902 5482 1212 5532; x_wconf 80' lang='lat' dir='ltr'><strong>assumunt.</strong></span> <span class='ocrx_word' id='word_1_366' title='bbox 1236 5471 1371 5527; x_wconf 88' lang='lat' dir='ltr'><strong>Cum</strong></span> <span class='ocrx_word' id='word_1_367' title='bbox 1397 5469 1542 5525; x_wconf 88' lang='lat' dir='ltr'><strong>enim</strong></span> <span class='ocrx_word' id='word_1_368' title='bbox 1564 5468 1632 5523; x_wconf 91' lang='lat' dir='ltr'><strong>de</strong></span> <span class='ocrx_word' id='word_1_369' title='bbox 1663 5467 2031 5522; x_wconf 87' lang='lat' dir='ltr'><strong>ecclesiastica</strong></span> 
     </span>
    </p>
   </div>
   <div class='ocr_carea' id='block_1_59' title="bbox 459 5557 2032 5643">
    <p class='ocr_par' dir='ltr' id='par_1_59' title="bbox 459 5557 2032 5643">
     <span class='ocr_line' id='line_1_59' title="bbox 459 5557 2032 5643; baseline -0.01 -16"><span class='ocrx_word' id='word_1_370' title='bbox 459 5587 596 5643; x_wconf 87' lang='lat' dir='ltr'><strong>pace</strong></span> <span class='ocrx_word' id='word_1_371' title='bbox 628 5577 982 5640; x_wconf 86' lang='lat' dir='ltr'><strong>pertractant,</strong></span> <span class='ocrx_word' id='word_1_372' title='bbox 1019 5579 1238 5621; x_wconf 88' lang='lat' dir='ltr'><strong>necesse</strong></span> <span class='ocrx_word' id='word_1_373' title='bbox 1274 5577 1335 5617; x_wconf 89' lang='lat' dir='ltr'><strong>ea</strong></span> <span class='ocrx_word' id='word_1_374' title='bbox 1370 5575 1434 5615; x_wconf 85' lang='lat' dir='ltr'><strong>ex</strong></span> <span class='ocrx_word' id='word_1_375' title='bbox 1470 5560 1601 5615; x_wconf 87' lang='lat' dir='ltr'><strong>solis</strong></span> <span class='ocrx_word' id='word_1_376' title='bbox 1626 5559 1828 5628; x_wconf 86' lang='lat' dir='ltr'><strong>scripto</strong></span> <span class='ocrx_word' id='word_1_377' title='bbox 1850 5557 2032 5626; x_wconf 81' lang='lat' dir='ltr'><strong>petitis</strong></span> 
     </span>
    </p>
   </div>
   <div class='ocr_carea' id='block_1_60' title="bbox 460 5649 2028 5729">
    <p class='ocr_par' dir='ltr' id='par_1_60' title="bbox 460 5649 2028 5729">
     <span class='ocr_line' id='line_1_60' title="bbox 460 5649 2028 5729; baseline -0.011 -11"><span class='ocrx_word' id='word_1_378' title='bbox 460 5660 788 5718; x_wconf 81' lang='lat' dir='ltr'><strong>testimoniis</strong></span> <span class='ocrx_word' id='word_1_379' title='bbox 826 5660 1035 5729; x_wconf 88' lang='lat' dir='ltr'><strong>absque</strong></span> <span class='ocrx_word' id='word_1_380' title='bbox 1080 5655 1330 5720; x_wconf 76' lang='lat' dir='ltr'><strong>fallaciis,</strong></span> <span class='ocrx_word' id='word_1_381' title='bbox 1390 5664 1443 5709; x_wconf 85' lang='lat' dir='ltr'><strong>ct</strong></span> <span class='ocrx_word' id='word_1_382' title='bbox 1497 5649 1862 5721; x_wconf 84' lang='lat' dir='ltr'><strong>captiunculis</strong></span> <span class='ocrx_word' id='word_1_383' title='bbox 1893 5664 2028 5717; x_wconf 78' lang='lat' dir='ltr'><strong>pon-</strong></span> 
     </span>
    </p>
   </div>
   <div class='ocr_carea' id='block_1_61' title="bbox 459 5741 2032 5823">
    <p class='ocr_par' dir='ltr' id='par_1_61' title="bbox 459 5741 2032 5823">
     <span class='ocr_line' id='line_1_61' title="bbox 459 5741 2032 5823; baseline -0.01 -12"><span class='ocrx_word' id='word_1_384' title='bbox 459 5757 561 5811; x_wconf 87' lang='lat' dir='ltr'><strong>dus</strong></span> <span class='ocrx_word' id='word_1_385' title='bbox 585 5754 850 5823; x_wconf 86' lang='lat' dir='ltr'><strong>accipere,</strong></span> <span class='ocrx_word' id='word_1_386' title='bbox 886 5750 1028 5822; x_wconf 84' lang='lat' dir='ltr'><strong>quod</strong></span> <span class='ocrx_word' id='word_1_387' title='bbox 1064 5759 1118 5807; x_wconf 91' lang='lat' dir='ltr'><strong>et</strong></span> <span class='ocrx_word' id='word_1_388' title='bbox 1148 5746 1477 5820; x_wconf 83' lang='lat' dir='ltr'><strong>procedente</strong></span> <span class='ocrx_word' id='word_1_389' title='bbox 1503 5744 1801 5813; x_wconf 72' lang='lat' dir='ltr'><strong>scriptione</strong></span> <span class='ocrx_word' id='word_1_390' title='bbox 1828 5741 2032 5811; x_wconf 76' lang='lat' dir='ltr'><strong>palcbil</strong></span> 
     </span>
    </p>
   </div>
   <div class='ocr_carea' id='block_1_62' title="bbox 2137 4552 3722 4632">
    <p class='ocr_par' dir='ltr' id='par_1_62' title="bbox 2137 4552 3722 4632">
     <span class='ocr_line' id='line_1_62' title="bbox 2137 4552 3722 4632; baseline 0.006 -26"><span class='ocrx_word' id='word_1_391' title='bbox 2137 4553 2276 4624; x_wconf 83' lang='grc' dir='ltr'>πρὸς</span> <span class='ocrx_word' id='word_1_392' title='bbox 2300 4552 2561 4607; x_wconf 83' lang='grc' dir='ltr'>σύστασιν</span> <span class='ocrx_word' id='word_1_393' title='bbox 2597 4554 3000 4620; x_wconf 79' lang='grc' dir='ltr'>ὲπιστοιϐἁζειν</span> <span class='ocrx_word' id='word_1_394' title='bbox 3021 4557 3198 4611; x_wconf 79' lang='grc' dir='ltr'>αὐτῶν</span> <span class='ocrx_word' id='word_1_395' title='bbox 3223 4560 3521 4628; x_wconf 85' lang='grc' dir='ltr'>ἀναγκαῖον</span> <span class='ocrx_word' id='word_1_396' title='bbox 3556 4562 3722 4632; x_wconf 75' lang='grc' dir='ltr'>ἡγού-</span> 
     </span>
    </p>
   </div>
   <div class='ocr_carea' id='block_1_63' title="bbox 2134 4644 3718 4718">
    <p class='ocr_par' dir='ltr' id='par_1_63' title="bbox 2134 4644 3718 4718">
     <span class='ocr_line' id='line_1_63' title="bbox 2134 4644 3718 4718; baseline 0.004 -21"><span class='ocrx_word' id='word_1_397' title='bbox 2134 4645 2300 4716; x_wconf 82' lang='grc' dir='ltr'>μεθα.</span> <span class='ocrx_word' id='word_1_398' title='bbox 2328 4644 2439 4699; x_wconf 74' lang='grc' dir='ltr'>Καὶ</span> <span class='ocrx_word' id='word_1_399' title='bbox 2468 4645 2581 4709; x_wconf 84' lang='grc' dir='ltr'>πῶς</span> <span class='ocrx_word' id='word_1_400' title='bbox 2604 4645 2670 4699; x_wconf 80' lang='grc' dir='ltr'>ἄν</span> <span class='ocrx_word' id='word_1_401' title='bbox 2698 4662 2778 4707; x_wconf 88' lang='grc' dir='ltr'><strong>τις</strong></span> <span class='ocrx_word' id='word_1_402' title='bbox 2802 4647 2912 4698; x_wconf 86' lang='grc' dir='ltr'>τῶν</span> <span class='ocrx_word' id='word_1_403' title='bbox 2939 4645 3151 4709; x_wconf 80' lang='grc' dir='ltr'><strong>τούτοις</strong></span> <span class='ocrx_word' id='word_1_404' title='bbox 3172 4649 3610 4718; x_wconf 67' lang='grc' dir='ltr'><strong>ἐντυγχανόντων</strong></span> <span class='ocrx_word' id='word_1_405' title='bbox 3637 4652 3718 4704; x_wconf 79' lang='grc' dir='ltr'>δί-</span> 
     </span>
    </p>
   </div>
   <div class='ocr_carea' id='block_1_64' title="bbox 2137 4737 3711 4813">
    <p class='ocr_par' dir='ltr' id='par_1_64' title="bbox 2137 4737 3711 4813">
     <span class='ocr_line' id='line_1_64' title="bbox 2137 4737 3711 4813; baseline 0.002 -22"><span class='ocrx_word' id='word_1_406' title='bbox 2137 4753 2294 4801; x_wconf 85' lang='grc' dir='ltr'>καιος</span> <span class='ocrx_word' id='word_1_407' title='bbox 2313 4737 2400 4809; x_wconf 79' lang='grc' dir='ltr'>εἴη</span> <span class='ocrx_word' id='word_1_408' title='bbox 2427 4737 2741 4807; x_wconf 78' lang='grc' dir='ltr'>γράψασθαι</span> <span class='ocrx_word' id='word_1_409' title='bbox 2768 4737 3159 4813; x_wconf 59' lang='grc' dir='ltr'>ἀπειροκαλίας</span> <span class='ocrx_word' id='word_1_410' title='bbox 3182 4739 3308 4802; x_wconf 80' lang='grc' dir='ltr'>τοὺς</span> <span class='ocrx_word' id='word_1_411' title='bbox 3340 4741 3503 4793; x_wconf 78' lang='grc' dir='ltr'>παντὶ</span> <span class='ocrx_word' id='word_1_412' title='bbox 3534 4743 3711 4795; x_wconf 78' lang='grc' dir='ltr'>σθένει</span> 
     </span>
    </p>
   </div>
   <div class='ocr_carea' id='block_1_65' title="bbox 2146 4825 3711 4901">
    <p class='ocr_par' dir='ltr' id='par_1_65' title="bbox 2146 4825 3711 4901">
     <span class='ocr_line' id='line_1_65' title="bbox 2146 4825 3711 4901; baseline 0.001 -19"><span class='ocrx_word' id='word_1_413' title='bbox 2146 4828 2478 4893; x_wconf 84' lang='grc' dir='ltr'>σπεύδοντας</span> <span class='ocrx_word' id='word_1_414' title='bbox 2506 4828 2761 4900; x_wconf 83' lang='grc' dir='ltr'>βεϐαιοῦν</span> <span class='ocrx_word' id='word_1_415' title='bbox 2789 4831 2998 4896; x_wconf 73' lang='grc' dir='ltr'>ἐκεῖνα,</span> <span class='ocrx_word' id='word_1_416' title='bbox 3033 4825 3107 4883; x_wconf 84' lang='grc' dir='ltr'>ὧν</span> <span class='ocrx_word' id='word_1_417' title='bbox 3138 4831 3171 4901; x_wconf 83' lang='grc' dir='ltr'><strong>ἡ</strong></span> <span class='ocrx_word' id='word_1_418' title='bbox 3227 4830 3541 4900; x_wconf 79' lang='grc' dir='ltr'>ἑγχείρησις</span> <span class='ocrx_word' id='word_1_419' title='bbox 3567 4831 3711 4897; x_wconf 74' lang='grc' dir='ltr'>ἅπαξ</span> 
     </span>
    </p>
   </div>
   <div class='ocr_carea' id='block_1_66' title="bbox 2135 4921 3711 4995">
    <p class='ocr_par' dir='ltr' id='par_1_66' title="bbox 2135 4921 3711 4995">
     <span class='ocr_line' id='line_1_66' title="bbox 2135 4921 3711 4995; baseline 0.001 -20"><span class='ocrx_word' id='word_1_420' title='bbox 2135 4921 2379 4990; x_wconf 75' lang='grc' dir='ltr'>ἐγεγόνει</span> <span class='ocrx_word' id='word_1_421' title='bbox 2456 4922 2673 4989; x_wconf 86' lang='grc' dir='ltr'>καλῶς;</span> <span class='ocrx_word' id='word_1_422' title='bbox 2722 4921 2869 4995; x_wconf 77' lang='grc' dir='ltr'>Πλὴν</span> <span class='ocrx_word' id='word_1_423' title='bbox 2922 4923 2982 4975; x_wconf 80' lang='grc' dir='ltr'>τὸ</span> <span class='ocrx_word' id='word_1_424' title='bbox 3035 4924 3150 4985; x_wconf 81' lang='grc' dir='ltr'>τοῖς</span> <span class='ocrx_word' id='word_1_425' title='bbox 3214 4924 3588 4994; x_wconf 78' lang='grc' dir='ltr'>ἐγχειρηθεϊσι</span> <span class='ocrx_word' id='word_1_426' title='bbox 3643 4926 3711 4977; x_wconf 76' lang='grc' dir='ltr'><strong>τὰ</strong></span> 
     </span>
    </p>
   </div>
   <div class='ocr_carea' id='block_1_67' title="bbox 2136 5011 3709 5085">
    <p class='ocr_par' dir='ltr' id='par_1_67' title="bbox 2136 5011 3709 5085">
     <span class='ocr_line' id='line_1_67' title="bbox 2136 5011 3709 5085; baseline 0.001 -20"><span class='ocrx_word' id='word_1_427' title='bbox 2136 5011 2329 5083; x_wconf 88' lang='grc' dir='ltr'>πρῶτα</span> <span class='ocrx_word' id='word_1_428' title='bbox 2362 5011 2543 5073; x_wconf 84' lang='grc' dir='ltr'>καλῶς</span> <span class='ocrx_word' id='word_1_429' title='bbox 2571 5011 2803 5083; x_wconf 82' lang='grc' dir='ltr'>δεύτερα</span> <span class='ocrx_word' id='word_1_430' title='bbox 2830 5012 3239 5084; x_wconf 83' lang='grc' dir='ltr'>προσεπάγειν,</span> <span class='ocrx_word' id='word_1_431' title='bbox 3268 5017 3361 5066; x_wconf 78' lang='grc' dir='ltr'>καὶ</span> <span class='ocrx_word' id='word_1_432' title='bbox 3392 5014 3551 5084; x_wconf 81' lang='grc' dir='ltr'>τρίτα</span> <span class='ocrx_word' id='word_1_433' title='bbox 3574 5014 3709 5085; x_wconf 79' lang='grc' dir='ltr'>πρὸς</span> 
     </span>
    </p>
   </div>
   <div class='ocr_carea' id='block_1_68' title="bbox 2132 5100 3711 5173">
    <p class='ocr_par' dir='ltr' id='par_1_68' title="bbox 2132 5100 3711 5173">
     <span class='ocr_line' id='line_1_68' title="bbox 2132 5100 3711 5173; baseline 0.001 -19"><span class='ocrx_word' id='word_1_434' title='bbox 2132 5100 2485 5171; x_wconf 79' lang='grc' dir='ltr'>βεϐαιοτέραν</span> <span class='ocrx_word' id='word_1_435' title='bbox 2515 5100 2613 5172; x_wconf 85' lang='grc' dir='ltr'>τὴν</span> <span class='ocrx_word' id='word_1_436' title='bbox 2644 5101 2928 5164; x_wconf 83' lang='grc' dir='ltr'>σύστασιν,</span> <span class='ocrx_word' id='word_1_437' title='bbox 2951 5101 3126 5165; x_wconf 76' lang='grc' dir='ltr'>οὕτως</span> <span class='ocrx_word' id='word_1_438' title='bbox 3150 5102 3216 5154; x_wconf 81' lang='grc' dir='ltr'>ἂν</span> <span class='ocrx_word' id='word_1_439' title='bbox 3246 5102 3306 5154; x_wconf 82' lang='grc' dir='ltr'><strong>τὸ</strong></span> <span class='ocrx_word' id='word_1_440' title='bbox 3353 5103 3453 5171; x_wconf 75' lang='grc' dir='ltr'>τῆς</span> <span class='ocrx_word' id='word_1_441' title='bbox 3483 5104 3711 5173; x_wconf 74' lang='grc' dir='ltr'>ἀπειρο-</span> 
     </span>
    </p>
   </div>
   <div class='ocr_carea' id='block_1_69' title="bbox 2132 5194 3702 5265">
    <p class='ocr_par' dir='ltr' id='par_1_69' title="bbox 2132 5194 3702 5265">
     <span class='ocr_line' id='line_1_69' title="bbox 2132 5194 3702 5265; baseline -0.001 -17"><span class='ocrx_word' id='word_1_442' title='bbox 2132 5195 2327 5259; x_wconf 81' lang='grc' dir='ltr'>καλίας</span> <span class='ocrx_word' id='word_1_443' title='bbox 2358 5195 2608 5265; x_wconf 70' lang='grc' dir='ltr'>ἔγκλημα</span> <span class='ocrx_word' id='word_1_444' title='bbox 2636 5194 2914 5264; x_wconf 85' lang='grc' dir='ltr'>διαφύγοι,</span> <span class='ocrx_word' id='word_1_445' title='bbox 2948 5197 2998 5246; x_wconf 83' lang='grc' dir='ltr'><strong>εί</strong></span> <span class='ocrx_word' id='word_1_446' title='bbox 3033 5195 3211 5249; x_wconf 81' lang='grc' dir='ltr'>πάντα</span> <span class='ocrx_word' id='word_1_447' title='bbox 3238 5196 3409 5248; x_wconf 81' lang='grc' dir='ltr'>ταῦτα</span> <span class='ocrx_word' id='word_1_448' title='bbox 3465 5197 3563 5264; x_wconf 80' lang='grc' dir='ltr'>τὴν</span> <span class='ocrx_word' id='word_1_449' title='bbox 3593 5196 3702 5248; x_wconf 74' lang='grc' dir='ltr'><strong>ἀπὸ</strong></span> 
     </span>
    </p>
   </div>
   <div class='ocr_carea' id='block_1_70' title="bbox 2130 5284 3710 5356">
    <p class='ocr_par' dir='ltr' id='par_1_70' title="bbox 2130 5284 3710 5356">
     <span class='ocr_line' id='line_1_70' title="bbox 2130 5284 3710 5356; baseline 0.001 -18"><span class='ocrx_word' id='word_1_450' title='bbox 2130 5286 2239 5338; x_wconf 84' lang='grc' dir='ltr'><strong>τῶν</strong></span> <span class='ocrx_word' id='word_1_451' title='bbox 2272 5284 2432 5338; x_wconf 85' lang='grc' dir='ltr'>θείων</span> <span class='ocrx_word' id='word_1_452' title='bbox 2457 5285 2694 5356; x_wconf 84' lang='grc' dir='ltr'>Γραφῶν</span> <span class='ocrx_word' id='word_1_453' title='bbox 2732 5285 3052 5338; x_wconf 82' lang='grc' dir='ltr'>πλουτοῦσιν</span> <span class='ocrx_word' id='word_1_454' title='bbox 3086 5286 3257 5355; x_wconf 81' lang='grc' dir='ltr'>ἰσχύν.</span> <span class='ocrx_word' id='word_1_455' title='bbox 3278 5285 3412 5356; x_wconf 79' lang='grc' dir='ltr'>Περὶ</span> <span class='ocrx_word' id='word_1_456' title='bbox 3467 5287 3577 5356; x_wconf 74' lang='grc' dir='ltr'>γὰρ</span> <span class='ocrx_word' id='word_1_457' title='bbox 3618 5287 3710 5339; x_wconf 81' lang='grc' dir='ltr'><strong>ἐκ-</strong></span> 
     </span>
    </p>
   </div>
   <div class='ocr_carea' id='block_1_71' title="bbox 2133 5373 3708 5444">
    <p class='ocr_par' dir='ltr' id='par_1_71' title="bbox 2133 5373 3708 5444">
     <span class='ocr_line' id='line_1_71' title="bbox 2133 5373 3708 5444; baseline -0.003 -15"><span class='ocrx_word' id='word_1_458' title='bbox 2133 5375 2525 5444; x_wconf 55' lang='lat' dir='ltr'><strong>alumnarum</strong></span> <span class='ocrx_word' id='word_1_459' title='bbox 2561 5373 2690 5426; x_wconf 83' lang='grc' dir='ltr'>ϐντα</span> <span class='ocrx_word' id='word_1_460' title='bbox 2720 5374 2969 5444; x_wconf 70' lang='grc' dir='ltr'>εἰρήνης,</span> <span class='ocrx_word' id='word_1_461' title='bbox 3019 5374 3127 5427; x_wconf 84' lang='grc' dir='ltr'><strong>ἀπὸ</strong></span> <span class='ocrx_word' id='word_1_462' title='bbox 3164 5373 3342 5443; x_wconf 78' lang='grc' dir='ltr'>μόνων</span> <span class='ocrx_word' id='word_1_463' title='bbox 3393 5377 3708 5443; x_wconf 64' lang='grc' dir='ltr'><strong>ουγκροτεῖ⁸</strong></span> 
     </span>
    </p>
   </div>
   <div class='ocr_carea' id='block_1_72' title="bbox 2136 5465 3705 5537">
    <p class='ocr_par' dir='ltr' id='par_1_72' title="bbox 2136 5465 3705 5537">
     <span class='ocr_line' id='line_1_72' title="bbox 2136 5465 3705 5537; baseline -0.003 -17"><span class='ocrx_word' id='word_1_464' title='bbox 2136 5467 2262 5520; x_wconf 84' lang='grc' dir='ltr'>σθαι</span> <span class='ocrx_word' id='word_1_465' title='bbox 2292 5467 2545 5537; x_wconf 84' lang='grc' dir='ltr'>χρήσεων</span> <span class='ocrx_word' id='word_1_466' title='bbox 2575 5466 2978 5534; x_wconf 77' lang='grc' dir='ltr'>ἀναγκάζονται</span> <span class='ocrx_word' id='word_1_467' title='bbox 3006 5465 3297 5536; x_wconf 80' lang='grc' dir='ltr'>γραφικῶν</span> <span class='ocrx_word' id='word_1_468' title='bbox 3345 5466 3469 5536; x_wconf 87' lang='grc' dir='ltr'>δίχα</span> <span class='ocrx_word' id='word_1_469' title='bbox 3515 5483 3705 5535; x_wconf 75' lang='grc' dir='ltr'>σοφισο</span> 
     </span>
    </p>
   </div>
   <div class='ocr_carea' id='block_1_73' title="bbox 2136 5557 3708 5628">
    <p class='ocr_par' dir='ltr' id='par_1_73' title="bbox 2136 5557 3708 5628">
     <span class='ocr_line' id='line_1_73' title="bbox 2136 5557 3708 5628; baseline -0.002 -17"><span class='ocrx_word' id='word_1_470' title='bbox 2136 5559 2320 5628; x_wconf 82' lang='grc' dir='ltr'>μάτων</span> <span class='ocrx_word' id='word_1_471' title='bbox 2342 5558 2436 5610; x_wconf 76' lang='grc' dir='ltr'>καὶ</span> <span class='ocrx_word' id='word_1_472' title='bbox 2457 5557 2905 5627; x_wconf 84' lang='grc' dir='ltr'>παραλογισμῶν,</span> <span class='ocrx_word' id='word_1_473' title='bbox 2925 5557 3063 5626; x_wconf 78' lang='grc' dir='ltr'>ὅπερ</span> <span class='ocrx_word' id='word_1_474' title='bbox 3088 5557 3151 5626; x_wconf 86' lang='grc' dir='ltr'><strong>δὴ</strong></span> <span class='ocrx_word' id='word_1_475' title='bbox 3180 5558 3272 5609; x_wconf 87' lang='grc' dir='ltr'>καὶ</span> <span class='ocrx_word' id='word_1_476' title='bbox 3301 5558 3708 5624; x_wconf 62' lang='grc' dir='ltr'>ἀναφανήσεται</span> 
     </span>
    </p>
   </div>
   <div class='ocr_carea' id='block_1_74' title="bbox 2133 5642 3705 5720">
    <p class='ocr_par' dir='ltr' id='par_1_74' title="bbox 2133 5642 3705 5720">
     <span class='ocr_line' id='line_1_74' title="bbox 2133 5642 3705 5720; baseline -0.003 -17"><span class='ocrx_word' id='word_1_477' title='bbox 2133 5648 2226 5703; x_wconf 81' lang='grc' dir='ltr'>τοῦ</span> <span class='ocrx_word' id='word_1_478' title='bbox 2275 5648 2435 5718; x_wconf 79' lang='grc' dir='ltr'>λόγου</span> <span class='ocrx_word' id='word_1_479' title='bbox 2498 5651 2779 5720; x_wconf 81' lang='grc' dir='ltr'>προϊόντος</span> <span class='ocrx_word' id='word_1_480' title='bbox 2831 5651 2980 5720; x_wconf 76' lang='grc' dir='ltr'>ἡμῖν.</span> <span class='ocrx_word' id='word_1_481' title='bbox 3027 5649 3146 5717; x_wconf 79' lang='grc' dir='ltr'><strong>Ἐφ’</strong></span> <span class='ocrx_word' id='word_1_482' title='bbox 3180 5642 3259 5711; x_wconf 75' lang='grc' dir='ltr'>οἷς</span> <span class='ocrx_word' id='word_1_483' title='bbox 3293 5647 3401 5717; x_wconf 79' lang='grc' dir='ltr'><strong>γὰρ</strong></span> <span class='ocrx_word' id='word_1_484' title='bbox 3441 5649 3572 5717; x_wconf 74' lang='grc' dir='ltr'>περὶ</span> <span class='ocrx_word' id='word_1_485' title='bbox 3609 5650 3705 5717; x_wconf 72' lang='grc' dir='ltr'>τῆς</span> 
     </span>
    </p>
   </div>
   <div class='ocr_carea' id='block_1_75' title="bbox 2132 5736 3717 5819">
    <p class='ocr_par' dir='ltr' id='par_1_75' title="bbox 2132 5736 3717 5819">
     <span class='ocr_line' id='line_1_75' title="bbox 2132 5736 3717 5819; baseline -0.002 -25"><span class='ocrx_word' id='word_1_486' title='bbox 2132 5742 2593 5812; x_wconf 76' lang='grc' dir='ltr'>ὲκκλησιαστικῆς</span> <span class='ocrx_word' id='word_1_487' title='bbox 2613 5741 2834 5811; x_wconf 68' lang='grc' dir='ltr'>εἰρήνης</span> <span class='ocrx_word' id='word_1_488' title='bbox 2861 5742 2915 5794; x_wconf 80' lang='grc' dir='ltr'><strong>ἐν</strong></span> <span class='ocrx_word' id='word_1_489' title='bbox 2948 5741 3127 5802; x_wconf 76' lang='grc' dir='ltr'>ἄλλοις</span> <span class='ocrx_word' id='word_1_490' title='bbox 3157 5736 3549 5809; x_wconf 63' lang='grc' dir='ltr'>ἡγωνισάμεθα</span> <span class='ocrx_word' id='word_1_491' title='bbox 3580 5754 3717 5819; x_wconf 35' lang='grc' dir='ltr'>συγ-Ι</span> 
     </span>
    </p>
   </div>
  </div>
