4002 6408
346 368 454 437 397

1307 363 1390 426 IN
1430 361 1818 423 CAMATEBI
1858 356 2618 423 ANIMADVERSIONES.

3492 338 3602 421 εει

340 482 642 558 γράμμασι
677 479 965 552 πρότερον,
992 468 1140 545 ἔδοξε
1170 476 1264 531 καὶ
1291 477 1454 533 πάλιν
1483 477 1618 547 ἡμῖν
1650 476 1740 528 ἐπὶ
1765 475 1928 529 πλέον

2047 473 2400 544 apertissime.
2434 468 2638 528 Praéter
2666 473 2812 528 enim
2845 471 2971 539 alia,
3007 487 3127 543 qua:
3148 472 3214 528 de
3237 471 3607 530 ecclesiastica

338 572 616 645 κρατῦναι
646 570 737 623 τὸν
767 567 991 640 ἔλεγχον
1033 567 1145 622 τῶν
1175 567 1316 638 πρὸς
1346 566 1446 637 τὴν
1480 565 1736 635 τοιαύτην
1779 566 1934 637 εἰρή-

337 681 441 733 νην
473 661 870 728 ἀντιλεγόντων
899 658 1092 723 κακῶς
1120 658 1236 711 -καὶ
1269 657 1613 727 ἐπισφαλῶς.
1635 655 1825 718 Ἔδοξε
1876 653 1933 708 δέ

336 754 502 809 τοῦτο
530 752 757 821 ποιῆσαι
788 752 955 821 ἡμᾶς,
988 750 1154 820 ἄλλην
1203 747 1329 801 τινὰ
1361 750 1691 819 καινοτέραν
1748 748 1937 818 μετελ-

335 847 538 909 θόντας
566 843 706 908 ὁδον,
728 843 795 896 δι’
822 836 890 915 ἧς
924 845 989 896 ἂν
1018 843 1079 894 τδ
1112 842 1220 895 τῶν
1253 839 1493 911 ἐλέγχων
1536 840 1741 910 κράτος
1777 840 1937 910 ἐκδηι

334 938 569 1007 λότερον
604 935 906 1006 κατασταίη
957 939 1071 999 τοῖς
1121 934 1498 1002 ἀπροσπαθῶς
1548 932 1936 1001 διαγινώσκειν

338 1031 615 1083 ἐθέλουσι.
639 1030 747 1081 Καὶ
777 1030 811 1099 ἡ
843 1028 959 1090 ὁδὸς
985 1028 1084 1096 τὴν
1122 1026 1307 1098 βίϐλον
1343 1025 1481 1096 μετὰ
1514 1025 1704 1096 χεῖρας
1726 1024 1933 1089 λαϐεῖν,

336 1123 405 1191 ὴν
449 1125 509 1175 ἐν
539 1124 660 1184 ταῖς
696 1121 795 1190 τῆς
823 1119 1253 1190 αὐτοκρατορίας
1285 1119 1526 1188 ἡμέραις
1553 1115 1812 1185 Μανουὴλ
1839 1114 1935 1171 τοῦ

335 1215 590 1282 ἀοιδίμου
649 1214 707 1265 ἐκ
761 1212 1045 1281 βασιλεῦσι
1101 1213 1196 1265 καὶ
1250 1210 1689 1280 αὐτοκράτορσιν
1767 1207 1839 1268 ὠς
1873 1206 1937 1257 ἐκ

337 1305 641 1375 προσώπου
672 1304 885 1374 ἐκείνου
929 1304 1331 1373 Ἀνδρόνικος,ό
1365 1302 1468 1372 τὴν
1517 1302 1615 1354 τοῦ
1665 1301 1938 1370 δρουγγα-

340 1398 462 1465 ρίου
489 1396 588 1464 τῆς
619 1395 826 1463 Βίγλας
852 1395 1230 1464 ἅνεξωσμὲνος
1254 1394 1376 1448 τότε
1400 1392 1575 1465 ἀρχὴν
1604 1388 1938 1463 Καματηρδς

336 1489 667 1552 τοῦπίκλην,
688 1486 829 1556 ἀνὴρ
860 1488 962 1557 τὴν
995 1488 1192 1555 σοφίαν
1215 1487 1316 1540 οῦκ
1359 1485 1620 1556 ἀγεννὴς,
1663 1484 1933 1555 συνεγρά-

338 1583 515 1650 ψατοο
539 1582 632 1633 καὶ
661 1580 723 1633 τό
756 1582 856 1650 μὲν
893 1582 986 1632 ἐπὶ
1036 1580 1223 1635 κάλλει
1247 1580 1409 1647 λόγου
1437 1578 1533 1632 καὶ
1561 1578 1765 1648 φράσει
1804 1576 1905 1629 ταύ
1924 1603 1939 1614 -

341 1689 443 1738 της
476 1673 779 1742 Θαυμάσιον
832 1674 1142 1736 ἐπαινέσαι,
1168 1673 1263 1727 καὶ
1313 1669 1700 1737 ἀποδέξασθαι,
1724 1668 1856 1739 πρὸς
1881 1666 1939 1720 ἐν

350 1761 410 1814 δέ
447 1762 601 1825 μόνον
641 1762 807 1832 μέρος
842 1764 1155 1832 ἀπαντῆσαι
1186 1762 1359 1832 αὐτῆς
1389 1761 1525 1833 πρὸς
1569 1761 1708 1830 ὅπερ
1734 1760 1794 1811 οὐ
1831 1775 1932 1811 κα-

2037 579 2172 635 pace
2211 566 2264 618 in
2303 563 2425 619 aliis
2457 563 2664 619 nostris
2711 563 3133 619 Commentariis
3179 576 3335 639 antea
3385 561 3615 633 digessi-

2035 672 2183 723 mus,
2223 656 2567 711 nunedenuo
2599 655 2779 710 visum
2815 666 2902 711 cst
2941 655 3100 710 nobis
3131 656 3302 726 magis
3342 671 3405 710 ac
3445 654 3616 724 magis

2037 748 2351 803 refutationi
2413 762 2606 802 eorum
2655 730 2942 812 insistere;
2986 748 3080 818 qui
3139 758 3341 802 temere
3389 756 3442 799 et
3509 762 3612 798 ttutt

2036 826 2245 909 absque
2276 839 2592 895 discrimine
2626 851 2685 894 se
2708 837 2944 909 prmfatae
2962 839 3080 909 paci
3100 846 3401 908 opponunt.
3426 835 3613 891 Visum

2037 941 2327 988 estautem
2360 931 2520 986 nobis
2559 930 2663 986 hoc
2698 926 2899 997 facere,
2937 947 3075 986 nova
3095 932 3329 1000 quadam
3361 932 3447 982 via
3490 943 3617 997 per-

2042 1032 2267 1089 tcutata,
2301 1038 2399 1094 per
2434 1038 2597 1093 quam
2630 1022 3017 1077 refutationum
3050 1023 3133 1077 vis
3169 1022 3437 1092 patentior
3476 1030 3619 1074 esset

2038 1116 2167 1181 illis,
2193 1116 2285 1186 qui
2317 1129 2413 1170 eas
2451 1115 2568 1170 sine
2608 1114 2719 1169 ullo
2771 1113 2967 1169 atl‘cctu
3007 1115 3325 1184 dignoscere
3367 1111 3615 1180 cupiunt.

2039 1206 2140 1263 Via
2176 1222 2340 1278 porro
2377 1216 2481 1269 est,
2516 1206 2715 1260 librttm
2740 1221 2854 1276 prae
2905 1208 3155 1260 munitus
3174 1206 3438 1274 accipere,
3456 1216 3617 1273 quem

2039 1300 2141 1354 sub
2163 1300 2389 1367 imperio
2413 1298 2678 1353 Manuelis
2695 1300 2860 1369 regis,
2876 1299 3223 1367 imperatoris
3257 1296 3615 1359 celeberrimi,

2039 1391 2306 1446 Manuelis
2339 1406 2627 1462 personam
2666 1391 2923 1456 inductis,
2949 1390 3299 1445 Andronicus
3333 1387 3621 1455 Drungarii

2040 1483 2211 1555 Viglze
2242 1495 2355 1539 tum
2391 1486 2660 1553 temporis
2686 1498 2912 1538 munere
2955 1482 3207 1554 fungens,
3260 1488 3624 1550 cognomento

2039 1576 2382 1641 Camaterus,
2419 1577 2502 1631 vir
2539 1575 2805 1646 sapientia
2841 1590 2948 1630 non
3004 1572 3262 1644 ignobilis
3294 1572 3621 1641 composuit,

2041 1677 2094 1721 et
2128 1668 2279 1721 illius
2297 1667 2516 1736 quidem
2549 1666 2838 1733 sermonis,
2858 1665 3223 1732 dietionisqtte
3249 1662 3620 1733 praestantiam

2042 1758 2422 1813 admirandam
2459 1758 2707 1822 laudare,
2762 1756 3127 1827 probareque,
3165 1756 3260 1809 uni
3291 1769 3419 1808 vero
3479 1753 3623 1809 illius

355 1853 463 1917 λῶς
489 1856 515 1905 ό
543 1854 707 1923 σοφὸς
750 1857 961 1918 ἐκεῖνος
986 1855 1124 1931 ἀνὴρ
1153 1854 1485 1924 ῆγωνίσατο,
1509 1853 1629 1906 οὐδὲ
1661 1854 1760 1923 τῆς
1812 1855 1939 1906 ἐαυ-

2047 1850 2186 1919 parti
2217 1864 2529 1915 occurrere,
2563 1849 2617 1901 itt
2644 1863 2752 1918 qua
2769 1858 2924 1904 catus
2956 1847 3045 1902 ille
3072 1847 3154 1901 vir
3186 1864 3292 1901 non
3328 1846 3624 1915 prudenter

350 1945 442 1998 τοῦ
468 1945 659 2013 σοφίας
693 1945 882 2010 ἀξίως,
906 1947 995 2003 διὸ.
1018 1947 1079 2000 τὸ
1103 1946 1197 2001 τοῦ
1235 1945 1542 2016 θελήματος
1568 1944 1807 2016 ίδιόρρυο
1818 1963 1938 2015 μον,

344 2036 380 2108 ἣ
408 2038 509 2107 τὴν
543 2040 869 2114 προσταγὴν
920 2040 1017 2093 τοῦ
1063 2039 1397 2109 κρατοῦντος
1425 2038 1458 2109 ἢ
1493 2037 1593 2109 τὴν
1638 2037 1812 2110 ῥοπὴν
1843 2037 1940 2091 τοῦ

341 2131 567 2201 καιροῦ,
595 2133 628 2202 ἢ
664 2132 765 2185 οὐκ
801 2129 897 2187 οἷδ’
920 2135 985 2187 ἂν
1012 2135 1038 2187 ὅ
1058 2152 1109 2187 τι
1132 2135 1224 2186 κοιλ⁸
1248 2132 1460 2203 εἴποιμι
1492 2132 1682 2204 ἕτερον
1709 2149 1722 2162 ι
1752 2133 1810 2185 οῦ
1833 2133 1940 2209 γὰρ

342 2224 572 2289 ἀγνοεῖν
598 2226 809 2276 ἐκεῖνον
838 2224 898 2279 τὸ
927 2223 1125 2293 ἀληθὲς
1158 2223 1417 2293 πείθομαι
1443 2239 1458 2253 ο
1487 2222 1579 2274 καὶ
1629 2222 1940 2295 ὑπαντῆσαι

337 2315 450 2366 οὐκ
475 2315 533 2365 ἐν
564 2313 848 2385 σοφιστείᾳ.
899 2314 1060 2384 λόγου
1098 2317 1181 2378 είς
1223 2314 1428 2379 πλάτος
1466 2314 1929 2385 ρητορευομένου,

340 2407 442 2458 καὶ
470 2407 803 2476 ἐπεκτάδην,
831 2406 951 2458 ἀλλ’
979 2409 1036 2459 ἐν
1067 2407 1303 2475 γυμναῖς
1353 2406 1556 2467 παντὸς
1579 2404 1673 2457 τοῦ
1698 2406 1757 2457 ἐν
1783 2405 1942 2477 λογο-

341 2498 564 2569 γραφίᾳ
592 2498 824 2561 κάλλους
855 2499 963 2552 τῶν
992 2498 1154 2551 θείων
1179 2496 1413 2567 Γραφῶν
1471 2496 1829 2568 μαρτυρίαις,
1847 2497 1942 2551 καὶ

341 2590 526 2654 οὕτως
579 2591 673 2643 ἐπὶ
730 2590 892 2643 πλέον
928 2589 1199 2661 κρατῦναι
1257 2590 1364 2643 τῶν
1409 2589 1806 2658 ἀντιλεγόντων
1851 2591 1941 2647 τὸν

344 2681 603 2751 ἔλεγχον,
634 2683 723 2736 διὰ
758 2684 819 2736 τὸ
856 2686 999 2736 κατὰ
1041 2684 1141 2753 τὴν
1193 2683 1448 2737 ἐντεῦθεν
1514 2682 1942 2752 ἐπινενοημένην

347 2772 579 2844 μέθοδον
611 2774 705 2825 τοῦ
738 2773 966 2842 ψεύδους
1000 2774 1346 2842 εὐέλεγκτον.
1372 2771 1515 2824 Τίδέ
1538 2771 1597 2823 τὸ
1625 2773 1725 2842 τῆς
1749 2771 1936 2842 βίϐλον

351 2868 548 2938 μέρος,
588 2866 724 2936 πρὸς
756 2866 785 2918 ὃ
814 2865 913 2919 καὶ
960 2866 1270 2935 ἀπαντῆσαι
1323 2864 1659 2934 διέγνωμενς
1704 2864 1769 2915 Ἠ
1821 2862 1941 2933 τοῦ,

358 2958 583 3026 Ἀνδρος
620 2959 834 3011 ἐκείνου
868 2958 1178 3029 σπουδὴ,ἣν
1222 2959 1306 3010 ὅτι
1362 2954 1567 3026 πολλὴν
1618 2956 1944 3026 ποιούμενος

347 3048 610 3118 φαίνεται
641 3048 929 3111 ἀποδεῖξαι
962 3048 1037 3118 μὴ
1063 3048 1125 3100 ἐκ
1164 3047 1375 3118 [ἰατρὸς
1397 3045 1492 3098 καὶ
1522 3044 1653 3096 Υίοῦ
1675 3044 1945 3115 ὑπάρχειν

346 3139 412 3191 τὸ
447 3137 672 3208 Πνεῦμα
695 3138 757 3190 τὸ
788 3137 965 3205 ἅγιον.
993 3138 1088 3201 Τίς
1119 3136 1175 3190 δὲ
1206 3138 1234 3189 ὁ
1276 3137 1377 3207 τῆς
1417 3137 1783 3206 ἀπαντήσεως
1816 3136 1943 3207 τρό-

346 3247 476 3294 πος,
501 3231 596 3282 καὶ
622 3231 706 3293 τίς,⁹
736 3231 770 3299 ἡ
796 3230 1077 3300 δυναμένη
1105 3235 1198 3284 τὸν
1229 3230 1376 3299 σαφῆ
1403 3229 1497 3281 τοῦ
1532 3228 1765 3297 ψεύδους
1787 3227 1943 3298 ἐλεγο

349 3339 451 3391 χον
478 3321 701 3391 μέθοδος
727 3338 742 3387 ;
777 3321 1013 3394 ἐροῦμεν
1078 3320 1178 3393 ήδη
1217 3323 1428 3389 σαφῶς.
1469 3317 1528 3372 Ὀ
1558 3322 1657 3390 τὴν
1681 3319 1943 3389 ῥηθεῖσαν

352 3413 539 3482 βίϐλον
600 3414 898 3482 ἐκθέμενος
944 3412 1257 3484 θαυμαστὸς
1323 3414 1534 3478 ἐκεῖνος
1586 3413 1750 3482 ἀνὴρ,
1786 3413 1943 3481 ἰσχὺν

352 3504 825 3575 περιϐεϐλημένος
857 3506 1029 3573 λόγων
1061 3505 1176 3557 οὔτι
1213 3506 1440 3576 μικρὰν,
1464 3506 1648 3557 πᾶσαν
1673 3504 1773 3571 μὲν
1796 3519 1939 3577 γρα-

350 3597 524 3665 φικὴν
557 3597 738 3666 ῥῆσιν,
764 3596 822 3662 ἐξ
846 3592 913 3667 ἧς
970 3596 1031 3649 τὸ
1088 3597 1315 3666 Πνεῦμα
1340 3597 1586 3667 ὑπάρχον
1619 3599 1684 3649 ἐκ
1710 3598 1939 3666 Πατρός,

351 3691 451 3740 καὶ
478 3688 608 3741 Υἱοῦ
633 3688 1014 3758 ἀναφαίνεται,
1040 3688 1384 3753 συνελέξατο,
1419 3689 1514 3742 καὶ
1546 3690 1689 3741 κατὰ
1707 3689 1808 3756 τὴν
1839 3687 1938 3741 τά·

354 3781 440 3845 ξιν
480 3780 733 3834 συνέθετο
760 3797 772 3809 '
830 3780 1038 3852 ἑκάστῃ
1068 3780 1124 3831 δὲ
1158 3780 1268 3833 τῶν
1319 3782 1536 3851 ῥήσεων
1589 3778 1689 3848 τὴν
1745 3780 1941 3832 ἐαυτοῦ

352 3875 694 3945 προσάπτων
749 3875 1093 3939 ἐπιστασίαν,
1144 3873 1352 3943 ταύτην
1398 3873 1484 3925 ἀεὶ
1542 3864 1944 3944 διηυθέτει,οἷς

354 3970 521 4033 αὐτὸς
556 3972 827 4039 νοήμασιν
878 3967 1228 4039 ἐνησμένιξε,
1255 3966 1519 4036 καὶπρὸς
1566 3965 1633 4016 τὰ
1682 3964 1946 4021 δοκοῦντά

352 4064 403 4115 οἱ
430 4061 532 4132 τὴν
563 4060 862 4126 ἀνάπτυξιν
887 4059 995 4114 τῶν
1024 4058 1201 4127 λόγων
1245 4056 1634 4128 παρεϐιάζετο.
1673 4054 1864 4124 Ἡμεῖς
1887 4054 1945 4108 δὲ

353 4155 475 4221 νῦν,
501 4154 637 4225 πρὸς
670 4154 731 4206 τὸ
765 4152 1012 4222 ἐλέγχειν
1040 4153 1317 4221 γινόμενοι
1353 4150 1416 4203 τὸ
1451 4149 1562 4201 τῶν
1608 4145 1947 4200 ἐπιστασιῶν

353 4248 570 4301 τούτων
607 4246 1010 4316 βεϐηλωμένον,
1055 4245 1156 4296 οὐκ
1210 4244 1343 4296 ἴδιον
1398 4243 1562 4314 μέρος
1593 4281 1607 4306 ,
1633 4240 1823 4309 ὥσπερ
1857 4255 1946 4308 μοι

355 4343 456 4394 καὶ
489 4340 836 4410 προείρηται,
885 4336 1189 4404 λογοειδοῦς
1237 4334 1453 4403 γραφῆς
1514 4330 1820 4399 ἐκθήσομεν
1858 4331 1941 4391 είς

354 4432 688 4504 ἀντίρρησιν
738 4428 948 4498 ταύτην
1000 4427 1512 4498 λογογραφήσομεν,
1553 4423 1667 4476 ἀλλ’
1705 4422 1946 4487 ἑκάστην

354 4489 672 4594 περικοπὴν
703 4489 981 4592 γραφικῆς
1013 4489 1352 4590 ρῆσέῴξξώς
1379 4489 1542 4578 αὐτος
1599 4515 1813 4574 ἐκεῖνος
1849 4511 1938 4575 ἐξ·

2054 4504 2327 4572 scriptura
2379 4502 2680 4565 desumpta:
2745 4489 3053 4555 sententiae,

362 4620 546 4678 έυετο,
581 4615 946 4683 ἐκτιθέμενοι,
971 4611 1086 4663 ἐστι
1110 4611 1153 4663 δ’
1188 4611 1309 4662 ὅποι
1338 4608 1425 4660 διὰ
1457 4605 1822 4677 βραχυλογίαν
1848 4602 1944 4654 καὶ

354 4711 472 4762 τῶν
506 4709 822 4777 περικοπῶν
847 4721 1001 4766 τινας
1026 4703 1433 4771 ἐπιτέμνοντες,
1466 4701 1523 4751 ἐν
1563 4695 1645 4760 οἷς
1700 4696 1943 4766 δηλονότι

361 4801 591 4871 μέρεσιν
623 4790 782 4849 αὗται
814 4789 1135 4863 περίεχουσί
1166 4807 1218 4842 τι
1253 4787 1412 4858 μετὸν
1441 4787 1540 4854 τῆς
1575 4780 1944 4854 προκειμένης

359 4894 500 4962 ἡμῖν
530 4888 769 4956 σπουδῆς
794 4881 1057 4954 οὐδαμοῦ,
1091 4883 1185 4936 καὶ
1233 4881 1330 4942 τὰς
1383 4876 1466 4944 ἐφ’
1512 4877 1721 4945 ἑκάστῃ
1767 4871 1947 4925 αὐτῶν

359 4978 711 5041 ἐπιστασίας,
747 4976 821 5040 ὡς
853 4974 1016 5035 αὐτὸς
1048 4973 1254 5030 ἐκεῖνος
1282 4968 1473 5028 αὑταῖς
1522 4961 1793 5032 προσῆψε,
1818 4957 1950 5011 ταύ-

356 5094 459 5137 τας
499 5071 932 5144 προσάπτοντες,
962 5067 1060 5128 τὰς
1096 5064 1182 5133 ἐφ’
1215 5064 1421 5131 ἑκάστῃ
1454 5056 1562 5111 τῶν
1616 5052 1949 5108 ἐπιστασιῶν
1999 5127 2004 5132 ᾗ

359 5169 519 5231 αὖθις
567 5166 915 5237 ἀντιρρήσεις
969 5161 1129 5230 ἡμῶν
1184 5148 1826 5224 ὰντιπαραθήσομεν,ὼς
1885 5147 1952 5237 άν

359 5264 480 5321 τοῖς
532 5255 927 5323 ἐντυγχάνουσι
982 5248 1197 5316 καθαρᾶ
1231 5246 1324 5300 καὶ
1359 5240 1739 5297 ἁνεπιθόλωτα
1771 5236 1954 5289 ἐντεῦ-

314 5354 323 5361 ’
366 5354 462 5405 θεν
491 5350 796 5420 ἐγγίνοιντο
822 5346 891 5399 τὰ
921 5345 1021 5412 τῆς
1079 5339 1446 5406 διαγνώσεως.
1477 5334 1563 5394 Ὠς
1586 5333 1698 5401 γὰρ
1726 5332 1819 5382 ἐττί
1843 5327 1953 5420 τῶν

363 5438 928 5510 ἀντιστρατευόμενον
972 5432 1223 5502 ἀλλήλοις
1262 5423 1591 5495 σωματικῶς
1697 5424 1754 5474 ἐν
1783 5417 1955 5486 στενῷ

363 5536 477 5589 τῶν
529 5532 859 5603 ἀμφοτέρων
910 5523 1138 5595 περιοχὴ
1168 5521 1245 5590 τῷ
1272 5522 1351 5572 ἐνὶ
1384 5522 1582 5590 κράτος
1614 5513 1954 5581 ἐπιταχύνει,

366 5627 514 5681 οῦτω
547 5626 643 5677 καὶ
700 5625 732 5693 ἡ
764 5621 847 5689 ἐφ’
879 5621 1086 5689 ἑκάστῃ
1114 5611 1405 5681 ἐπιστασίᾳ
1447 5606 1539 5660 τοῦ
1573 5603 1738 5674 σοφοῦ
1767 5601 1957 5667 ἀνδρὸς

370 5721 583 5774 ἐκείνου
642 5715 887 5786 ἡμετέρα
944 5710 1289 5779 ἀντίρρησις,
1339 5702 1486 5770 ἁπλῆ
1539 5697 1637 5750 καὶ
1692 5693 1955 5763 ἁμέθοδος

375 5812 665 5884 προῖιῦσα,
688 5808 783 5860 καὶ
814 5804 1052 5874 γυμναῖς
1088 5801 1275 5871 μόναις
1299 5793 1599 5865 γραφικαίς
1628 5786 1959 5859 μαρτυρίαις

2044 1950 2324 1997 certamen
2358 1941 2501 2005 iniit.
2536 1955 2713 2010 neque
2746 1955 2845 2009 pro
2884 1956 2997 1999 sua:
3025 1938 3309 2008 sapientiae
3336 1938 3620 2008 dignitate,

2044 2034 2187 2104 quod
2221 2032 2304 2087 vel
2336 2032 2616 2103 proprium
2646 2032 2718 2086 sit
2746 2041 2968 2087 secutus
3001 2032 3313 2085 arbitrium.
3338 2028 3421 2084 vel
3449 2029 3625 2082 domi-

2043 2126 2231 2178 nantis
2257 2124 2436 2192 jussa,
2463 2123 2549 2177 vel
2582 2124 2846 2192 temporis
2870 2122 3361 2193 opportunitatem,
3404 2120 3486 2174 va
3524 2119 3623 2173 ali-

2044 2217 2174 2286 quid
2205 2215 2371 2279 aliud,
2403 2214 2547 2285 quod
2578 2214 2711 2267 mihi
2753 2228 2859 2267 nou
2894 2214 3023 2267 dum
3060 2213 3251 2284 liquet,
3284 2225 3458 2280 neque
3478 2210 3621 2265 enim

2045 2308 2263 2362 suaderi
2313 2322 2578 2376 possum,
2652 2306 2807 2360 illum
2879 2305 3163 2359 veritatem
3217 2303 3524 2374 ignorasse,
3572 2310 3626 2356 et

2045 2413 2334 2453 occurrere
2369 2397 2587 2467 quidem
2625 2413 2730 2451 non
2767 2398 2820 2451 in
2871 2396 3139 2465 sapientia
3190 2393 3478 2457 sermonis,
3537 2407 3624 2446 res

2044 2490 2240 2546 diffuse
2269 2499 2322 2545 et
2354 2504 2450 2559 per
2478 2501 2763 2543 extensum
2803 2486 3213 2557 pertractantis,
3237 2486 3333 2540 sed
3375 2486 3429 2539 in
3460 2481 3624 2538 nudis

2044 2584 2113 2637 ab
2144 2582 2292 2634 omni
2313 2581 2553 2635 oratorio
2582 2579 2873 2648 splendore
2895 2578 3199 2632 divinarum
3226 2575 3624 2645 Scriptutarum

2045 2673 2401 2739 testimoniis,
2434 2680 2488 2728 et
2521 2672 2595 2726 ita
2646 2673 2821 2739 magis
2864 2668 3358 2726 contradicentium
3416 2666 3625 2722 refuta-

2047 2768 2247 2823 tionem
2304 2764 2668 2820 corroborare
2717 2781 2731 2818 :
2786 2762 2932 2833 quod
2993 2759 3209 2815 facilius
3258 2760 3363 2812 liae
3414 2756 3627 2810 ratione

2047 2858 2399 2913 mendacium
2432 2854 2901 2925 deprehendatur.
2959 2851 3220 2920 Quaenam
3279 2859 3458 2904 autem
3500 2863 3627 2916 pars

2047 2950 2169 3007 libri
2196 2947 2384 3011 fuerit,
2428 2947 2515 3002 cui
2553 2961 2846 3002 occurrere
2875 2940 3305 2999 constituimus?
3342 2938 3453 2992 Viri
3481 2937 3626 2992 illius

2048 3043 2314 3108 studium,
2351 3058 2461 3111 quo
2502 3041 2592 3095 ille
2635 3052 2851 3095 summa
2908 3034 3077 3091 animi
3125 3031 3475 3087 contentione
3520 3045 3624 3082 non

2047 3151 2113 3192 ex
2131 3133 2291 3189 Patre
2320 3144 2370 3187 et
2392 3134 2531 3187 Filio
2552 3148 2674 3187 esse
2691 3130 2956 3200 Spiritum
2979 3134 3228 3182 sanctum
3252 3125 3630 3178 demonstrare

2046 3235 2297 3282 conatur.
2338 3224 2473 3292 Quis
2527 3240 2655 3279 vero
2699 3219 3072 3292 responsionis
3119 3217 3348 3280 modus,
3403 3222 3457 3269 et
3507 3226 3629 3282 quae

2045 3319 2360 3382 methodus,
2397 3334 2521 3389 quae
2552 3327 2737 3387 aperte
2760 3310 3030 3367 mendacii
3060 3307 3447 3363 refutationem
3480 3319 3627 3360 eon~

2046 3413 2245 3468 vellere
2278 3412 2420 3481 potis
2451 3410 2563 3475 sit,
2625 3407 2871 3461 dicemus
2926 3402 3041 3473 jam
3093 3401 3270 3471 plane.
3304 3396 3457 3450 Illius
3503 3394 3627 3448 libri

2047 3514 2259 3567 auctor,
2319 3498 2678 3556 admirandus
2735 3510 2866 3551 sane
2916 3495 3019 3557 vir,
3064 3493 3262 3547 robore
3311 3497 3627 3543 sermonum

2046 3610 2146 3653 nec
2193 3592 2433 3648 invalido
2496 3591 2753 3659 stipatus,
2818 3583 3077 3640 omnibus
3125 3585 3330 3649 scripto
3393 3575 3628 3638 traditis,

2047 3686 2247 3756 quibus
2275 3699 2396 3740 esse
2427 3697 2490 3735 ex
2526 3681 2686 3734 Patre
2715 3687 2770 3731 et
2792 3675 2930 3729 Filio
2961 3675 3172 3727 videtur
3196 3671 3434 3740 Spiritus
3455 3666 3627 3729 ittuul,

2047 3755 2208 3829 dictis
2240 3770 2505 3833 collectis,
2545 3777 2599 3822 et
2629 3765 2822 3821 ordine
2850 3761 3162 3831 disposttis.
3195 3774 3350 3815 suam
3381 3755 3627 3810 animad~

2049 3861 2351 3917 versionem
2371 3868 2694 3917 annecteus,
2718 3852 3027 3914 sententiis,
3046 3846 3247 3917 quibus
3271 3847 3385 3916 ipse
3410 3845 3631 3913 acquie-

2049 3952 2255 4015 scebat,
2320 3949 2386 4003 ad
2427 3963 2545 4001 eam
2572 3961 2695 4016 quae
2748 3943 2851 3999 sibi
2886 3942 3175 3996 videbatur
3226 3937 3624 4005 expositionem

2050 4060 2146 4116 per
2175 4044 2280 4097 vim
2325 4043 2488 4095 etiam
2550 4031 3104 4109 trahensapplieavit
3138 4049 3150 4084 :
3213 4047 3314 4085 nos
3347 4043 3493 4090 vero,
3535 4026 3629 4094 qui

2048 4151 2196 4192 nunc
2222 4135 2289 4190 ad
2321 4134 2413 4188 illa
2441 4130 2731 4187 refutanda
2756 4128 3110 4191 accessimus,
3148 4126 3341 4178 harum
3375 4118 3628 4173 animad-

2048 4229 2360 4283 versionum
2391 4238 2500 4278 non
2525 4223 2799 4292 propriam
2829 4229 3061 4290 partem,
3106 4226 3164 4269 ut
3201 4215 3315 4282 jam
3368 4209 3630 4282 prmdixi-

2050 4299 2199 4383 ritus,
2230 4331 2353 4388 qua:
2388 4329 2587 4385 nempe
2643 4313 2899 4368 oratoria:
2956 4310 3092 4361 artis
3143 4321 3264 4361 esse
3319 4316 3627 4365 censemus,

2049 4408 2478 4481 praeteribimus,
2562 4413 2617 4457 ct
2690 4411 3138 4467 unamquamque
3196 4394 3507 4464 pericopem
3563 4405 3632 4444 ex

3110 4493 3169 4539 ut
3225 4484 3314 4538 ille
3352 4479 3629 4550 exposuit,

2050 4595 2384 4663 digeremus.
2414 4586 2705 4660 aliquando
2737 4582 3020 4641 brevitatis
3044 4594 3207 4635 causa
3230 4577 3628 4632 sententiarum

2050 4688 2264 4756 aliquas
2304 4682 2715 4742 abscindentes,
2741 4677 2810 4732 ad
2840 4676 2939 4730 hos
2968 4683 3186 4728 nostros
3227 4668 3438 4725 scilicet
3469 4681 3633 4722 cona-

2051 4788 2140 4834 tus
2195 4778 2333 4831 nihil
2394 4776 2727 4834 attinentes;
2779 4776 2833 4823 et
2884 4766 3060 4836 ipsius
3113 4765 3179 4818 ad
3241 4761 3452 4832 singula
3489 4758 3631 4811 dirta

2051 4866 2588 4925 animadversiones,
2626 4870 2684 4915 ut
2711 4862 2826 4929 ipse
2858 4858 2981 4912 illas
3014 4856 3176 4911 dictis
3211 4852 3489 4923 appendit,
3531 4864 3632 4903 nos

2051 4974 2267 5030 quoque
2291 4955 2683 5027 appendentes,
2720 4959 2938 5005 nostras
2969 4949 3263 5014 unicuique
3291 4941 3637 4997 animadver-

2056 5053 2194 5107 sioni
2228 5049 2586 5115 relutationes
2618 5055 2811 5100 contra
2852 5056 3211 5112 opponcmus.
3247 5046 3305 5090 ut
3334 5032 3633 5089 lectoribus

2054 5160 2189 5214 pura
2256 5142 2517 5209 claraque
2544 5138 2808 5193 accedant
2853 5142 3040 5189 nostra
3089 5129 3316 5202 judicia.
3359 5124 3633 5191 Quemad-

2058 5234 2281 5288 modum
2319 5231 2463 5285 enim
2495 5242 2728 5298 corpore
2756 5235 2945 5280 mutuo
3001 5218 3396 5297 decertantium
3432 5215 3485 5266 in
3534 5227 3635 5265 an—

2059 5336 2218 5395 gusto
2252 5325 2541 5377 amborum
2582 5320 2867 5375 conclusio
2908 5314 3192 5371 victoriam
3214 5310 3303 5364 uni
3333 5307 3633 5365 arcelerat;

2060 5421 2141 5475 sic
2176 5429 2229 5472 et
2285 5419 2338 5471 in
2393 5429 2727 5484 unaquaque
2767 5407 3245 5466 animadversione
3294 5398 3437 5453 dorli
3489 5396 3637 5448 illius

2063 5509 2164 5562 viri
2190 5517 2373 5563 nostra
2408 5503 2765 5560 contradictio
2828 5514 2964 5569 pura
3029 5505 3082 5549 et
3126 5495 3331 5556 absque
3384 5484 3639 5539 methodo

2061 5602 2386 5672 procedens,
2444 5607 2498 5651 et
2552 5596 2714 5651 nudis
2772 5589 3113 5646 eolumtnmlo
3163 5583 3366 5650 scripto
3420 5577 3641 5632 traditis

2065 5668 2393 5752 testimoniis
2443 5690 2746 5747 instructa,
2805 5668 3235 5735 commodimcm
3299 5668 3636 5740 diguotioitis

2068 5780 2471 5837 discussionrm
2503 5775 2804 5831 lcetoribus
2833 5769 3057 5835 ingerrt.
3093 5766 3154 5817 lit
3191 5763 3302 5815 haec
3333 5768 3436 5824 est,
3469 5771 3631 5827 quam
