4002 6412
404 299 511 366 399
532 346 549 359 .

1435 304 1647 367 JOAN.
1691 305 1909 366 VECCI
1946 304 2057 369 CP.
2097 306 2633 371 PATRIARCH/E'

3554 318 3661 385 4οθ

405 433 511 475 nos
568 415 809 474 diximus
877 418 956 474 ad-
1020 417 1373 475 refellendam
1433 418 1648 474 facilius
1696 418 1979 475 falsitatem

2088 423 2556 493 συγκροτουμένη,
2611 425 2740 495 ῥᾷον
2789 424 2848 478 τὸ
2913 427 3010 496 τῆς
3065 428 3408 496 διαγνώσεως
3442 422 3669 507 ἀκριϐὲς

406 509 724 565 methodum
776 509 1051 565 invenisse
1083 548 1099 574 ,
1161 510 1248 564 cui
1308 516 1518 563 tantum
1579 517 1658 563 est
1720 508 1979 564 adversus

405 600 751 657 mendacium
779 602 1013 667 roboris,
1048 611 1109 656 ut
1136 617 1236 657 nos
1276 602 1477 657 excitet
1528 617 1633 655 non
1668 602 1843 656 solum
1873 599 1977 655 Ca-

403 694 599 748 materi
639 694 931 748 voluminis
958 692 1346 748 refutationem
1392 693 1634 764 aggredi,
1684 692 1782 747 sed
1835 701 1890 747 et
1924 692 1979 746 in

403 788 508 841 alia
544 802 760 857 quoque
788 788 1187 843 commentaria
1214 786 1560 852 continuare,
1589 800 1712 854 qua:
1750 784 1841 839 alii
1870 784 1980 838 alio

406 888 570 947 atque
624 879 735 934 alio
769 888 1013 948 tempore
1059 879 1126 935 ad
1190 878 1429 935 scbisma
1468 876 1933 932 corroborandum
1962 912 1978 940 ,

402 985 744 1042 quaecunque
774 971 866 1026 illa
900 972 1125 1035 fuerint,
1166 971 1631 1041 conscripserunt.
1655 968 1791 1024 Cum
1834 969 1978 1022 enim

400 1073 654 1118 auctores
705 1063 1023 1120 schismatis
1082 1065 1394 1134 dogmatum
1460 1062 1678 1131 propria
1713 1059 1981 1130 principia

396 1154 719 1219 commenti,
770 1169 835 1211 ea
873 1168 905 1209 a
967 1154 1318 1224 diviniloquis
1374 1152 1631 1208 Ecclcsite
1667 1151 1969 1206 luminibus

398 1244 609 1314 absque
639 1242 750 1298 ulla
790 1243 1135 1299 batsitattone
1180 1251 1391 1298 asserta
1437 1243 1848 1311 supposueriut,
1886 1237 1980 1307 qui

396 1349 494 1391 eos
522 1333 804 1389 subsecuti
862 1342 1013 1399 sunt,
1072 1349 1180 1388 non
1226 1349 1391 1402 super
1447 1331 1590 1397 aliis,
1661 1329 1753 1385 sed
1819 1344 1981 1398 super

396 1425 592 1481 iisdem
621 1441 744 1495 quae
773 1424 1036 1479 adversus
1089 1422 1391 1477 Romanam
1442 1420 1738 1476 Ecclesiam
1778 1421 1984 1489 scripto

399 1515 763 1581 tradiderunt,
788 1514 1102 1578 fundarunt,
1162 1512 1498 1569 contentiosa
1547 1511 1795 1566 simultas
1816 1517 1982 1579 atque

398 1605 763 1674 inopportnna
800 1604 956 1659 nobis
990 1604 1104 1659 visa
1140 1611 1243 1668 est,
1282 1603 1549 1658 adversus
1600 1601 1807 1657 similes
1853 1615 1982 1655 sen-

398 1698 598 1753 tentias
645 1697 809 1751 variis
893 1696 1251 1765 scriptionum
1316 1695 1603 1766 generibus
1673 1695 1978 1750 decertare.

2078 512 2374 579 ὲμποιήσει
2408 516 2519 577 τοῖς
2566 517 2984 587 ἐντυγχάνουσι.
3017 519 3124 574 Καὶ
3181 521 3337 576 τοῦτό
3391 527 3568 590 ἐστιν,
3599 527 3666 596 ἢν

2082 604 2391 674 εἰρήκαμεν
2438 606 2835 677 ἐπινοήσασθαι
2861 608 3087 678 μέθοδον
3137 611 3274 681 πρὸς
3323 614 3384 667 τὸ
3419 615 3512 668 τοῦ
3537 616 3669 686 ψεύ-

2077 689 2201 755 δους
2229 692 2574 762 εὐέλεγκτον,
2603 695 2819 767 ἥτιςοδὴ
2853 697 3072 766 μέθοδος
3109 700 3361 755 τοσοῦτον
3388 703 3488 772 τὴν
3524 707 3671 761 κατὰ

2079 780 2173 833 τοῦ
2208 782 2440 851 ψεύδους
2469 785 2624 855 ίσχὺν
2656 786 3050 855 ἀναζὼννυται,
3092 791 3167 854 ὡς
3226 792 3500 863 ἐρεθίζειν
3526 797 3676 867 ἡμᾶς

2082 871 2160 943 μὴ
2190 873 2352 943 μέχρι
2399 875 2500 945 τῆς
2530 877 2625 929 τοῦ
2651 880 2989 950 Καματηροῦ
3026 882 3209 951 βίϐλου
3239 884 3400 954 τῆσδε
3447 886 3542 957 τὴν
3576 890 3675 942 ἀν-

2078 963 2332 1035 τίρρησιν
2369 968 2719 1037 περιστῆσαι,
2741 969 2877 1024 ἀλλὰ
2903 973 2995 1026 καὶ
3011 973 3104 1026 ἐπὶ
3126 976 3239 1037 τοῖς
3264 976 3445 1040 ἄλλοις
3470 979 3677 1033 ἅπασιν

2079 1054 2390 1110 ἐπεκτεῖναι
2424 1059 2630 1131 ταύτην
2681 1065 3139 1135 συγγράμμασιν,
3161 1066 3305 1138 ἅπερ
3346 1068 3537 1123 ἄλλοτε
3581 1071 3679 1124 ἄλ-

2080 1147 2164 1202 λοι
2195 1148 2289 1202 ἐπὶ
2321 1155 2685 1221 συγκροτήσει
2713 1155 2805 1208 τοῦ
2864 1158 3164 1227 σχίσματος
3226 1161 3669 1232 συνεγράψαντο,

2088 1238 2191 1291 ὅσα
2230 1240 2364 1311 δῆτα
2404 1241 2496 1294 καὶ
2533 1246 2960 1317 συνεγράψαντο.
2987 1249 3110 1302 Ὀτι
3138 1251 3269 1320 γὰρ,
3301 1252 3411 1304 τῶν
3437 1252 3678 1324 πρώτως

2085 1328 2501 1400 ἁπαρξαμένων
2535 1332 2628 1385 τοῦ
2661 1335 2980 1406 σχίσματος,
3026 1339 3162 1403 ἰδίας
3208 1340 3497 1411 δογμάτων
3531 1342 3676 1397 πλαὲ

2088 1422 2343 1490 σαμένων
2376 1423 2573 1494 ἀρχὰς,
2598 1426 2690 1479 καὶ
2720 1426 2925 1491 ταύτας
2959 1429 3034 1491 ὼς
3068 1429 3516 1501 ὁμολογουμένως
3568 1451 3668 1489 πα-

2096 1512 2165 1578 ρὰ
2194 1511 2303 1564 τῶν
2338 1515 2619 1585 θεηγόρων
2641 1518 2738 1587 τῆς
2780 1518 3113 1589 Ἐκκλησὶας
3140 1524 3446 1593 φωστήρων
3489 1525 3676 1594 ῥηθεί-

2087 1618 2186 1665 σας
2216 1602 2657 1674 ὑποθεμένων,οί
2684 1607 2884 1679 ἐφεξῆς
2934 1610 3032 1663 οὐκ
3067 1612 3153 1664 ἐπ’
3181 1611 3390 1678 ἄλλαις,
3416 1614 3533 1667 ἀλλ’
3580 1614 3671 1668 ἐπ’

2089 1694 2282 1759 αὑταῖς
2308 1697 2532 1762 ταύταις
2564 1699 2633 1753 τὰ
2661 1700 2803 1753 κατὰ
2840 1704 2938 1774 τῆς
2980 1703 3296 1775 Ῥωμαῖκῆς
3336 1706 3671 1777 Ἐκκλησίας

401 1787 542 1844 Sunt
592 1804 721 1845 vero
765 1788 997 1844 conﬁcta
1052 1788 1366 1858 dogmatnm
1420 1787 1705 1858 principia,
1750 1786 1979 1855 primum

2092 1786 2577 1859 ιὶλογογράφησοιν⁸
2611 1770 2901 1862 φιλοτιμίαν
2942 1810 3028 1858 τις
3077 1770 3307 1867 άκαιρος
3355 1799 3488 1868 ἡμῖν
3524 1770 3674 1865 ἔδοξέ

397 1895 697 1936 asserens:
736 1896 755 1930 ι
797 1879 1085 1948 Proprium
1116 1877 1297 1932 Patris
1315 1892 1440 1933 esse
1480 1875 1744 1947 Spiritum
1784 1876 1988 1945 produc

403 1987 549 2028 cere.
586 1990 606 2023 ι
644 1970 954 2027 Secundum
989 1986 1001 2023 :
1041 1986 1061 2021 ι
1100 1968 1378 2038 Quidquid
1422 1968 1489 2023 de
1528 1967 1797 2022 Trinitate
1843 1980 1989 2021 asse-

398 2064 559 2130 ritur,
595 2070 688 2116 aut
715 2069 799 2116 est
824 2061 1009 2126 unius,
1037 2068 1130 2113 aut
1167 2060 1356 2114 trium.
1396 2077 1415 2111 ι
1442 2059 1725 2114 Tertium:
1773 2077 1791 2109 ι
1818 2056 1989 2125 Quid-

397 2155 528 2227 quid
560 2157 626 2209 de
656 2152 854 2208 divinis
884 2151 1136 2223 personis
1158 2150 1424 2205 asset-itur
1448 2157 1543 2203 aut
1568 2157 1649 2204 est
1672 2151 2005 2231 personalc,‘

398 2258 494 2302 aut
523 2245 789 2300 naturale.
835 2263 853 2295 ι
884 2242 1152 2309 Quartum
1178 2242 1322 2311 quod
1357 2241 1599 2295 insinuat
1628 2259 1640 2293 :
1680 2258 1699 2291 ι
1740 2239 1982 2306 Patrem,

395 2352 519 2410 quae
545 2352 608 2390 ex
630 2351 690 2390 se
717 2333 879 2389 veluti
910 2348 1077 2389 causa
1110 2331 1600 2402 producit,ratione
1620 2345 1683 2386 ea
1711 2345 1981 2401 personae,

398 2447 508 2487 non
543 2437 725 2483 autem
755 2439 963 2481 naturae
995 2426 1316 2493 producere.
1359 2442 1377 2476 ι
1415 2422 1679 2490 Quintum
1712 2423 1980 2494 denique,

399 2520 545 2593 quod
568 2518 815 2574 decernit
847 2534 861 2571 :
894 2535 914 2568 ι
953 2515 1217 2587 Spiritum
1252 2530 1319 2571 ex
1352 2513 1516 2569 Patre
1565 2530 1686 2570 esse
1727 2517 1983 2585 contigue

396 2619 451 2665 et
499 2606 835 2664 immediate.
899 2623 919 2658 ι
976 2603 1179 2659 Horum
1239 2604 1471 2670 nullum,
1508 2604 1655 2659 licet
1709 2605 1980 2674 quispiam

397 2700 707 2756 divinorum
740 2698 964 2753 Patrum
1011 2696 1405 2754 commentaria
1444 2694 1745 2750 evolvendo
1803 2695 1981 2751 delas-

397 2804 571 2854 setur,
608 2805 637 2844 a
665 2802 942 2859 quoquam
978 2802 1209 2856 usquam
1244 2794 1515 2841 assertum
1549 2785 1805 2855 reperiet.
1854 2784 1981 2841 [lare

392 2897 560 2953 porro
591 2880 1000 2943 confinxerunt,
1033 2877 1127 2949 qui
1184 2877 1424 2932 schisma
1463 2883 1874 2945 promoverttnt,
1928 2884 1983 2931 et

395 2973 492 3043 qui
543 2972 828 3043 superficie
884 2982 1042 3025 tenus
1107 2978 1161 3023 et
1212 2983 1308 3039 per
1357 2977 1709 3023 transennam
1764 2968 1980 3022 divinas

397 3066 708 3137 Scripturas
773 3069 1136 3135 percurrunt,
1188 3060 1459 3116 similibus
1520 3057 1599 3114 nti
1676 3059 1977 3115 verissimis

391 3158 758 3222 attendentes,
792 3155 998 3209 nullum
1052 3168 1290 3222 unquam
1345 3151 1645 3207 absurdum
1700 3151 1980 3221 consequi,

393 3250 657 3305 adversus
689 3264 806 3315 eos,
839 3248 931 3318 qui
969 3246 1234 3316 Spiritum
1281 3260 1346 3299 ex
1397 3243 1561 3299 Patre
1590 3252 1645 3298 et
1686 3242 1825 3297 Filio
1861 3258 1982 3299 esse

394 3336 733 3405 assc'v'erant,
769 3341 873 3393 nisi
898 3354 1007 3393 uno
1038 3354 1103 3392 ex
1150 3337 1235 3393 his
1271 3345 1528 3406 tanquam
1574 3334 1795 3389 Patrum
1829 3335 1983 3389 theo-

394 3435 577 3505 logico
630 3435 776 3487 dicto
827 3429 1181 3501 syllogisticis
1225 3428 1340 3482 suis
1405 3426 1614 3496 laqueis
1664 3427 1976 3496 supposito,

395 3528 646 3582 oratione
674 3523 1054 3578 demonstrare
1081 3531 1395 3592 potuerunt.
1452 3517 1519 3574 Et
1571 3518 1812 3573 rationes
1858 3519 1979 3589 qni-

396 3619 540 3681 dcm,
580 3617 780 3687 quibus
819 3614 902 3669 ba:
941 3613 1350 3683 propositiones
1384 3608 1535 3666 falsa:
1565 3625 1687 3666 esse
1726 3625 1789 3666 ac
1830 3624 1981 3664 com-

393 3710 658 3763 mentitiae
732 3704 1251 3777 deprchendemur,
1319 3718 1505 3758 rerum
1556 3702 1752 3758 harum
1806 3702 1981 3758 lector

392 3800 649 3857 curiosus
670 3798 957 3868 intelliget,
990 3812 1112 3852 cum
1142 3794 1469 3865 procedente
1521 3795 1768 3848 oratione
1798 3793 1865 3847 de
1898 3792 1981 3847 bis

390 3891 658 3945 fusiorem
693 3902 1002 3943 sermonem
1038 3886 1416 3940 instituemus.
1468 3882 1625 3939 Nunc
1660 3885 1728 3938 ad
1781 3881 1982 3938 Cama-

391 3978 491 4031 teri
519 3977 816 4032 voluminis
854 3974 1212 4029 refutationes
1238 3988 1435 4028 manus
1460 3972 1811 4027 admovendae
1828 3980 1977 4028 sunt.

391 4067 525 4141 Cum
557 4083 688 4123 vero
727 4076 852 4121 ante
885 4067 1089 4134 scripto
1135 4066 1457 4121 traditorum
1498 4066 1773 4120 dictorum
1812 4079 1980 4134 expo-

391 4159 642 4231 sitiones,
681 4168 732 4211 et
780 4158 847 4211 de
878 4156 1072 4210 iisdem
1133 4157 1636 4213 animadversiones
1686 4156 1978 4213 voluminis

394 4264 599 4321 parens
631 4246 983 4310 Camaterus,
1016 4246 1359 4315 imperatoris
1389 4261 1683 4315 personam
1722 4246 1977 4310 induens,

393 4339 725 4409 colloquium
784 4337 924 4391 inter
977 4336 1251 4402 eumdem,
1316 4346 1371 4392 et
1419 4337 1490 4392 ob
1548 4337 1976 4422 ecclesiasticam

2094 1879 2236 1931 κατὰ
2256 1879 2365 1934 τῶν
2388 1879 2566 1934 αὐτῶν
2590 1882 2809 1936 ἐννοιῶν
2833 1885 3113 1955 διαφόροις
3137 1886 3503 1959 λογογραφίας
3533 1890 3676 1942 εἶδε-

2091 1984 2176 2020 σιν
2211 1969 2598 2037 ἀγωνίζεσθαι.
2625 1968 2749 2027 Εἶεν
2776 1974 2821 2028 δ’
2851 1977 2918 2030 ἂν
2964 1976 3352 2049 πεπλασμέναι
3381 1982 3669 2052 δογμάτων

2087 2058 2329 2130 ἀρχαὶ,ὴ
2361 2060 2594 2129 λέγουσα
2621 2065 2905 2135 πρότασις,
2938 2085 2956 2119 ι
2988 2069 3148 2122 Ἵδιον
3171 2071 3262 2123 τοῦ
3289 2073 3502 2141 Πατρὺς
3532 2070 3673 2127 εἶναι

2084 2144 2145 2198 τὸ
2177 2149 2498 2217 προϐάλλειν
2525 2153 2585 2206 τὸ
2617 2152 2859 2224 Πνεῦμα.
2899 2175 2918 2207 ›
2964 2157 3204 2231 Ἑτέραή
3232 2161 3487 2229 λέγουσα,
3513 2181 3531 2214 ι
3552 2166 3672 2217 ’Πᾶν

2083 2236 2145 2289 τὸ
2183 2240 2275 2292 ἐπὶ
2302 2241 2405 2311 τῆς
2437 2243 2672 2312 Τριάδος
2731 2246 3047 2316 λεγόμενον,
3083 2250 3115 2320 ἢ
3151 2251 3268 2314 ἑνός
3310 2255 3479 2322 ἐστιν,
3507 2255 3539 2327 ἠ
3566 2255 3674 2308 τῶν

2081 2329 2269 2399 τριῶν.
2307 2349 2327 2382 ι
2376 2333 2547 2404 Τρίτη
2591 2336 2678 2389 ἐπ’
2705 2338 2895 2402 αὐταῖς
2927 2340 2961 2410 η
2991 2339 3241 2408 λέγουσα,
3290 2362 3308 2395 ι
3347 2347 3463 2399 Πᾶν
3491 2348 3549 2399 τὸ
3579 2347 3674 2399 ἐπὶ⁵

2080 2420 2189 2473 τῶν
2220 2422 2526 2494 θεαρχικῶν
2575 2428 2870 2499 λεγόμενον
2920 2431 3335 2505 ὑποστάσεωνῆ
3382 2439 3674 2491 ὑποστατι-

2081 2513 2176 2566 κόν
2198 2515 2365 2581 ἐστιν,
2390 2516 2425 2588 ἢ
2456 2521 2706 2586 φυσικόν.
2748 2539 2767 2571 ›
2796 2522 2905 2576 Καὶ
2938 2526 3229 2598 τετάρτη,ή
3268 2546 3287 2579 ι
3327 2529 3415 2582 τὸν
3456 2531 3673 2601 Πατέρα

2080 2605 2252 2658 αἴτιον
2291 2602 2561 2662 εἶναιτῶν
2612 2610 2670 2678 ἐξ
2724 2614 2889 2667 αὑτοῦ
2929 2634 2947 2667 ι
2998 2619 3302 2686 φάσκουσα,
3338 2639 3357 2672 ι
3393 2622 3470 2690 τῷ
3525 2625 3671 2694 λόγῳ

2079 2696 2178 2765 τῆς
2238 2698 2609 2766 ὑποστάσεως,
2670 2703 2791 2774 οὐχὶ
2854 2708 2936 2776 τῷ
3000 2708 3142 2778 λόγῳ
3225 2711 3325 2780 τῆς
3384 2714 3669 2781 φύσεως.»

2084 2784 2206 2838 Ἔτι
2240 2785 2298 2838 δὲ
2324 2787 2551 2860 πέμπτη
2582 2792 2616 2861 η
2656 2811 2675 2844 ι
2719 2797 3003 2867 προσεχῶς
3044 2802 3135 2853 καὶ
3189 2803 3409 2872 ἀμέσως
3467 2801 3606 2859 εἶναι
3647 2827 3664 2859 ι

2078 2875 2314 2969 λέγουσα
2360 2898 2379 2931 ι
2410 2881 2472 2936 τὸ
2501 2883 2727 2954 Πνεῦμα
2753 2889 2818 2940 ἐκ
2840 2889 2935 2941 τοῦ
2969 2891 3180 2963 Πατρός
3203 2907 3218 2922 °
3255 2912 3273 2944 ι
3306 2897 3513 2950 τούτων
3558 2901 3668 2969 γὰρ

2078 2966 2353 3062 (ἕρδεμίαν,
2373 2971 2478 3026 κᾶν
2506 2977 2554 3027 εἰ
2597 2978 2771 3048 μυρία
2805 2980 2959 3053 κάμῃ
2992 3000 3075 3046 τις
3124 2988 3222 3049 τὰς
3252 2988 3361 3040 τῶν
3386 2966 3667 3062 θεηγόρων

2084 3058 2345 3130 Πατέρων
2403 3062 2619 3129 βίϐλους
2681 3069 3014 3139 ἀνερευνῶν,
3052 3074 3274 3146 εὑρήσει
3315 3058 3481 3149 παρά
3520 3058 3668 3145 τινος

2084 3153 2289 3247 τούτων
2308 3157 2566 3227 ῥηθεῖσαν
2592 3177 2744 3221 ποτε.
2793 3166 2856 3217 Οἱ
2877 3166 2934 3219 δὲ
2961 3168 3052 3222 τοῦ
3080 3171 3375 3242 σχίσματος
3403 3176 3664 3247 ζηλωταὶ.

2082 3243 2290 3307 ταύτας
2366 3247 2704 3303 ἐπλάσαντο·
2752 3255 2847 3307 καὶ
2899 3257 2946 3310 oi
2999 3260 3314 3330 παροδικῶς
3362 3243 3468 3328 τὰς.
3514 3266 3669 3331 θείας

2080 3334 2328 3400 ἐπιόντες
2356 3339 2605 3410 Γραφὰς,
2629 3344 2706 3407 ὡς
2748 3344 2976 3415 ἀληθέσι
3014 3350 3244 3413 ταύταις
3278 3356 3660 3422 πιστεύοντες,

2081 3428 2203 3480 ούδέ
2236 3431 2367 3484 ποτέ
2398 3448 2451 3485 τι
2483 3432 2640 3503 ἔσχον
2668 3434 2871 3491 ἄτοπον
2897 3440 3178 3506 ἀποδεῖξαι
3214 3444 3290 3514 τῷ
3333 3446 3481 3517 λόγῳ
3533 3449 3663 3502 ἑπό-

2084 3536 2249 3588 μενον
2283 3522 2392 3575 τῶν
2427 3525 2492 3577 ἐκ
2527 3526 2738 3596 Πατρδς
2769 3529 2865 3582 καὶ
2916 3529 3050 3585 Υἱοῦ
3116 3534 3386 3602 λεγόντων
3420 3534 3559 3593 εἶναι
3607 3541 3666 3603 τὸ

2081 3611 2328 3681 Πνεῦμα,
2365 3615 2413 3666 εί
2446 3614 2522 3684 μὴ
2555 3615 2686 3685 μίαν
2714 3617 2839 3672 τινὰ
2889 3622 3096 3676 τούτων
3122 3623 3197 3687 ὡς
3228 3629 3506 3700 πατρικὴν
3540 3631 3662 3685 θεο-

2079 3703 2266 3772 λογίαν
2294 3708 2415 3769 ταῖς
2436 3706 2867 3776 συλλογιστικαῖς
2921 3714 3133 3770 ἑαυτῶν
3195 3718 3521 3787 πλεκτάναις
3561 3725 3665 3777 ὑπ-

2083 3794 2287 3884 έθεντο.
2317 3798 2428 3852 Καὶ
2469 3801 2595 3862 τοὺς
2632 3802 2730 3871 μὲν
2769 3802 2982 3872 λόγους,
3001 3806 3123 3859 καθ’
3162 3807 3256 3873 οὓς
3289 3814 3343 3864 αἱ
3376 3815 3671 3884 προτάσεις

2079 3882 2239 3944 αὗται
2269 3891 2655 3962 πεπλασμέναι
2691 3896 2787 3949 καὶ
2817 3895 3033 3966 ψευδεῖς
3060 3882 3480 3973 ἀπελέγχονται,
3522 3909 3669 3961 εἵσε-

2077 3997 2165 4054 ται
2187 3983 2215 4034 ὁ
2240 3982 2531 4054 ζητητικὸς
2549 3986 2607 4039 ἐν
2629 3983 2713 4050 οἷς
2735 3989 3017 4058 προϊόντες
3042 3992 3273 4063 ἐροῦμεν
3301 3996 3370 4049 τὰ
3392 3999 3520 4068 περὶ
3542 4001 3668 4053 τούς

2077 4091 2186 4128 των
2210 4075 2544 4145 πλατύτερον
2561 4079 2650 4130 ’τὸ
2667 4079 2723 4131 δέ
2746 4096 2809 4146 γε
2833 4080 2927 4134 νῦν
2962 4082 3082 4152 ἔχον
3103 4086 3381 4140 ἐπιϐαλεῖν
3406 4092 3553 4160 ἡμᾶς
3585 4093 3667 4145 δεῖ

2078 4167 2199 4228 ταῖς
2234 4165 2336 4234 τῆς
2361 4166 2546 4236 βίϐλου
2581 4167 2676 4221 τοῦ
2704 4171 3047 4243 Καματηροῦ
3085 4175 3488 4248 ἀντιρῤήσεσιν.
3509 4183 3664 4237 Ἐπεὶ

2077 4251 2134 4304 δὲ
2157 4252 2265 4322 πρὸ
2299 4253 2408 4307 τῶν
2436 4255 2543 4307 τῶν
2568 4258 2854 4327 γραφικῶν
2875 4261 3144 4315 ἐκθέσεων
3169 4265 3403 4333 ῥήσεων,
3429 4269 3520 4321 καὶ
3554 4269 3663 4323 τῶν

2080 4343 2166 4394 ἐπ’
2192 4343 2384 4405 αὐταῖς
2424 4344 2755 4400 ἐπιστασιῶν
2788 4349 2816 4401 ό
2854 4350 2955 4419 τῆς
2980 4349 3165 4420 βίϐλου
3219 4356 3424 4427 πατὴρ,
3479 4358 3539 4411 τὸ
3568 4360 3659 4415 τοῦ

394 4446 584 4500 pacem
623 4441 735 4483 tum
773 4425 1247 4498 Constantinopoli
1279 4436 1687 4482 commorantes
1730 4427 1979 4481 cardina-

2083 4433 2489 4505 αὐτοκράτορος
2530 4437 2943 4510 ύποδυσάμενος
2978 4444 3295 4514 πρόσωπον,
3327 4447 3561 4514 διάλεξιν
3587 4452 3661 4515 ὡς

393 4523 473 4576 les
525 4520 810 4586 conﬁnxit,
870 4518 1257 4590 negligendum
1300 4528 1385 4573 est
1447 4528 1500 4572 et
1551 4518 1684 4571 illud
1720 4532 1750 4570 a
1803 4516 1981 4593 nobis,

393 4609 747 4667 sufﬁcientem
809 4610 1078 4664 mendacii
1134 4606 1515 4661 refutationem
1567 4621 1688 4661 esse
1749 4606 1871 4671 rati,
1936 4602 1982 4661 si

393 4704 637 4774 ejusdem
672 4703 736 4756 ad
769 4701 973 4770 scripto
1010 4699 1211 4754 tradita
1266 4698 1582 4753 testimonia
1633 4699 1983 4753 animadver-

395 4797 600 4858 siones,
633 4794 766 4847 nihil
804 4801 1175 4860 opportunum
1233 4790 1285 4843 in
1319 4804 1378 4843 se
1409 4789 1695 4843 continere
1753 4790 1980 4843 demon-

398 4884 718 4936 suabimus.
758 4881 908 4935 Licet
941 4879 1086 4933 enim
1121 4886 1174 4931 et
1207 4878 1259 4929 in
1289 4877 1413 4931 aliis
1447 4877 1650 4930 nostris
1685 4878 1977 4933 volumini-

400 4977 523 5040 bus,
549 4989 737 5028 eorum
763 4973 947 5034 etiam,
979 4986 1100 5037 quae
1119 4971 1172 5021 in
1192 4969 1294 5024 hoc
1318 4969 1586 5036 colloquio
1613 4971 1975 5039 continentur,

400 5066 787 5117 refutationem
828 5077 934 5114 non
974 5060 1338 5129 negleximus,
1386 5067 1438 5111 ct
1487 5061 1833 5128 potissimum
1886 5064 1978 5117 ubi

399 5159 455 5210 in
497 5173 561 5210 eo
589 5171 702 5209 suae
732 5152 1017 5221 sapientia:
1069 5150 1347 5218 specimen
1384 5166 1446 5204 ac
1513 5151 1653 5206 vires
1714 5156 1973 5220 osnmdit,

399 5249 454 5301 in
489 5247 689 5313 quibus
742 5256 934 5310 nempe
994 5238 1366 5295 voluminibus
1404 5256 1578 5311 neque
1624 5247 1765 5310 quod
1832 5260 1976 5299 nunc

394 5339 600 5406 scripto
632 5332 957 5386 traditarum
999 5331 1270 5385 dictorum
1328 5334 1702 5401 compendium
1761 5352 1973 5406 ρτωρο-

395 5428 601 5485 nimus.
632 5438 770 5489 Opus
803 5421 923 5476 fuit.
957 5420 1344 5477 Verumtamen
1386 5439 1511 5478 cum
1562 5426 1652 5479 alii
1702 5444 1846 5482 nunc
1890 5445 1975 5484 re-

396 5533 526 5571 cens
558 5516 805 5569 veritatis
844 5515 1027 5569 hostes
1081 5515 1379 5582 eruperint,
1423 5526 1475 5570 et
1529 5519 1877 5587 dogmatibus
1910 5523 1975 5575 tle

400 5625 543 5664 novo
584 5608 905 5677 compositis
944 5608 996 5661 in
1033 5617 1273 5677 apertam
1309 5619 1361 5662 et
1403 5608 1758 5664 indubitatam
1808 5614 1975 5668 Inerc«

399 5700 500 5755 sim
545 5701 775 5769 prolapsi
804 5701 930 5770 sint,
959 5713 1255 5768 certamen,
1282 5702 1968 5781 qnod_ad_\_'ct:§y‘sﬁeg§gg~ni

1653 5766 1711 5779 -Αο
1720 5762 1935 5781 -..κων

2088 4527 2253 4592 μέσον
2286 4526 2448 4595 δῆθεν
2483 4530 2768 4598 προϐἄσαν
2800 4533 2969 4586 αὑτοῦ
3000 4552 3059 4588 τε
3105 4537 3331 4606 ἐκείνου.
3362 4541 3458 4595 τοῦ
3496 4545 3662 4597 αὐτο-

2084 4613 2348 4703 κράτορος
2381 4618 2475 4669 καὶ
2526 4619 2633 4672 τῶν
2668 4622 2797 4689 περὶ
2816 4622 2913 4691 τῆς
2938 4624 3408 4700 ἐκκλησιαστικῆς
3435 4634 3662 4703 εἰρήνης

2083 4702 2495 4775 ἐπιδημούντων
2555 4711 2676 4764 τότε
2722 4715 2788 4783 τῇ
2822 4714 3242 4772 Κωνσταντίνου
3281 4702 3659 4793 καρδηναλίων

2083 4794 2373 4887 ἐπλάσατο,
2433 4807 2818 4870 παραιτητέον,
2839 4808 2931 4859 καὶ
2955 4808 3162 4880 ταύτην
3189 4815 3337 4883 ἡμᾶς
3378 4817 3661 4887 ἀρκοῦντά

2081 4884 2128 4936 ol
2160 4886 2253 4939 τοῦ
2287 4887 2521 4957 ψεύδους
2563 4894 2847 4964 κρίνοντας
2896 4897 3139 4970 ἔλεγχον,
3183 4904 3243 4955 τὸ
3295 4907 3393 4969 τὰς
3416 4884 3512 4960 ἐπὶ
3542 4914 3662 4974 ταῖς

2080 4983 2376 5049 γραφικαίς
2435 4985 2657 5052 ῥήσεσιν
2687 4987 3016 5067 ἐπιστασίας
3066 4994 3232 5047 αὐτοῦ
3297 4998 3437 5066 πρὸς
3492 5002 3660 5070 μηδὲν

2080 5075 2557 5142 προενηνεγμένας
2607 5079 2822 5149 καίριον
2868 5083 3174 5148 ἀποδεῖξαι.
3204 5087 3269 5139 Εἰ
3314 5090 3424 5160 γὰρ
3456 5094 3553 5145 καὶ
3600 5097 3659 5146 ἐν

2080 5160 2268 5225 ἄλλαις
2293 5165 2450 5233 ἡμῶν
2486 5165 2714 5236 βίϐλοις,
2737 5172 2833 5224 καὶ
2856 5173 2964 5228 τῶν
2995 5177 3089 5229 ἐπὶ
3127 5180 3192 5248 τῇ
3219 5178 3452 5244 διαλέξει
3484 5183 3657 5256 ταύτῃ

2078 5255 2346 5323 ἐμέλησεν
2391 5258 2521 5327 ἡμῖν
2580 5262 2982 5334 ἀντιρῤήσεων,
3036 5270 3131 5321 καὶ
3187 5270 3407 5339 μάλισθ’
3466 5276 3548 5328 ὅτι
3597 5255 3655 5328 ὲν

2075 5346 2250 5418 ταύτῃ
2299 5350 2397 5417 τῆς
2455 5351 2653 5407 ἑαυτοῦ
2705 5358 2953 5425 σοφίαςὸ
2991 5360 3231 5425 τοιοῦτος
3269 5362 3368 5431 τὴν
3426 5366 3660 5436 δύναμιν

2076 5436 2427 5500 ἐπεδείξατο*
2458 5441 2515 5492 ἐν
2549 5437 2636 5503 αἷς
2663 5442 2727 5510 δὴ
2756 5444 2963 5514 βίϐλοις
2987 5449 3113 5502 οὐδὲ
3137 5450 3238 5520 τῆς
3270 5453 3337 5522 ἢν
3364 5452 3489 5523 ἄρτι
3523 5472 3659 5525 προ-

2076 5529 2357 5600 κρίνομεν,
2379 5533 2647 5603 ἐπιτομῆς
2681 5536 2790 5588 τῶν
2831 5541 3123 5610 γραφικῶν
3157 5546 3289 5613 ἡμῖν
3324 5546 3512 5615 ἐδέησε
3563 5551 3660 5616 ρη-

2077 5636 2233 5673 σεων.
2270 5620 2410 5674 Ἀλλ’
2440 5625 2581 5687 ἐπεὶ,
2609 5625 2784 5681 ἄλλων
2824 5632 2889 5681 ἐκ
2920 5630 3040 5682 νέου
3091 5633 3367 5702 πολεμίων
3403 5637 3500 5704 τῆς
3530 5637 3631 5707 ἀλη

2076 5710 2225 5775 θείας
2260 5713 2663 5798 ἁναφααιὲντων,
2689 5720 2782 5775 καὶ
2810 5723 3151 5793 καινοτέροις
3177 5723 3258 5777 ἔτι
3290 5724 3558 5798 δόγμασιν
3578 5732 3657 5792 εἰς
