4002 6406
376 409 480 476 401

370 524 632 594 προφανῆ
668 528 1056 586 καταστάντων
1101 536 1198 589 καὶ
1245 540 1619 611 ἀναμφίόολον
1668 551 1785 622 αἶρε

371 614 498 666 κατ’
519 615 700 670 αὐτῶν
730 620 881 686 ἀγὼν
912 625 1060 694 ἡμᾶς
1088 626 1317 694 δικαίως
1354 635 1606 709 ἀπῄτησε
1653 614 1741 697 δια
1788 614 1950 702 nonu-

371 704 577 775 στίχων
607 709 702 761 καὶ
729 713 927 779 αὐτοὺς
959 716 1263 790 ἀνατρέψαι
1288 726 1396 779 τῶν
1424 704 1817 803 ἀντίῤῥήσεων.
1848 742 1947 796 Διὰ

364 793 422 846 δὲ
454 796 548 849 τὸν
567 799 662 852 τοῦ
689 800 849 871 λόγου
879 808 999 871 ταῖς
1029 810 1225 876 ἀκοαῖς
1252 816 1511 888 πολέμιον
1549 793 1714 896 κῦρον
1766 793 1949 885 συντεζ

362 883 468 949 λετ.
487 885 565 948 ὡς
591 890 806 961 εἴρηταί
837 898 1068 966 μοι,τῶν
1090 919 1253 957 τινων
1271 883 1504 981 ἐπιτομὴ
1534 883 1764 986 ῥήσεων.
1793 883 1945 994 Hap-

359 981 623 1048 αιτητέον
652 978 746 1036 οὖν
796 1004 888 1052 μοι
931 993 1022 1043 καὶ
1056 994 1154 1056 τὴν
1180 978 1441 1068 διάλεξιν,
1471 978 1567 1058 καὶ
1589 978 1729 1063 ’ἀπό
1770 1028 1833 1079 γε
1882 978 1947 1080 δὴ

360 1067 476 1121 τῶν
503 1074 796 1141 γραφικῶν
835 1079 1016 1134 αὐτῶν
1057 1084 1291 1154 ῥήσεων,
1310 1092 1404 1145 καὶ
1428 1095 1538 1150 τῶν
1572 1098 1668 1153 ἐπὶ
1695 1104 1817 1166 ταῖς
1845 1105 1941 1176 ῥή-

362 1172 515 1213 σεσιν
542 1163 898 1236 ἐπιστασιῶν,
923 1170 1157 1231 ἐνταῦθά
1186 1195 1280 1249 μοι⁹
1304 1182 1561 1252 ἀρκτέον.

1343 433 1423 495 IN‘
1466 438 1854 506 omnem
1892 452 2667 530 ANIMADVERSIONES.‘

3523 486 3628 551 40?

1793 574 1897 623 σιν,
1928 562 1954 613 ὁ
1981 570 2024 629 Α
2057 567 2405 637 suscipimus,
2437 587 2468 628 a
2505 575 2665 633 nobis
2714 576 3038 647 juremerito
3088 587 3361 655 postulat,
3399 593 3625 650 eosdem

2052 658 2436 725 prolixioribus
2472 667 2893 727 refutationibus
2931 673 3195 731 refellere.
3234 678 3461 751 Propter
3496 701 3621 752 vero

2053 753 2325 809 sermonis
2358 757 2582 814 auribus
2611 761 2894 818 adversam
2927 767 3235 823 satietatem
3290 787 3468 840 operte
3498 791 3619 845 pre-

2052 841 2186 896 tium
2219 843 2402 912 fuerit,
2453 858 2513 905 ut
2556 850 2671 919 jam
2724 854 2859 921 dixi,
2912 860 3295 917 nonnullorum
3349 841 3618 927 dictorum

2049 940 2373 1004 compendio
2428 942 2526 996 uti.
2569 943 3009 1022 Praetereundum
3051 952 3230 1023 itaque
3264 958 3615 1029 colloquium,

2050 1032 2104 1078 et
2132 1026 2203 1081 ab
2226 1027 2361 1097 ipsis
2393 1033 2600 1103 scripto
2656 1038 2868 1096 traditis
2919 1034 3376 1112 auctoritatibus,
3411 1026 3462 1105 et
3500 1053 3622 1107 ani-

2049 1119 2523 1180 madversionibus
2567 1126 2633 1181 de
2685 1128 2877 1187 iisdem
2929 1133 3234 1192 ducendum
3286 1143 3617 1210 principium

2049 1216 2155 1264 est.

1195 1319 1317 1378 EX
1346 1322 1575 1387 NOVO
1623 1331 2202 1405 TESTAMENTO
2242 1349 2782 1423 SENTENTIE.

572 1436 674 1491 Ἐκ
706 1441 814 1495 τοῦ
860 1445 1010 1500 κατὰ
1027 1447 1316 1524 Ἰωάννην
1346 1460 1723 1531 Εὐαγγελίου

429 1560 507 1617 B’.
550 1582 570 1615 ι
630 1566 759 1620 Ἐὰν
816 1570 1071 1639 ἀγαπᾶτέ
1125 1596 1215 1648 με,
1247 1582 1346 1646 τὰς
1375 1586 1601 1652 ἐντολὰς
1650 1592 1753 1656 τὰς
1799 1597 1943 1666 ἐμὰς

362 1672 383 1704 ι
429 1658 735 1728 τηρήσατε.
781 1663 891 1716 Καὶ
947 1668 1057 1734 ἐγὼ
1109 1673 1374 1743 ἐρωτήσω
1433 1682 1525 1734 τὸν
1559 1684 1803 1755 Πατέρα,
1833 1658 1941 1747 *καί

370 1762 388 1795 ι
437 1743 596 1800 ἄλλον
647 1749 1012 1825 Παρακλητον
1061 1758 1224 1815 δώσει
1272 1766 1419 1834 ὑμῖν,
1480 1770 1566 1824 ἵνα
1615 1743 1753 1847 μένῇ
1789 1743 1941 1847 ,μεθί

374 1853 393 1885 ι
442 1836 589 1907 ὑμῶν
621 1842 704 1904 είς
729 1842 823 1896 τὸν
855 1846 1051 1914 αἰῶνα,
1086 1852 1148 1903 τὸ
1185 1854 1412 1926 Πνεῦμα
1439 1861 1541 1930 τῆς
1572 1836 1855 1934 ἀληθείας.
1906 1890 1926 1922 ι
1967 1890 2012 1949 Β

962 1973 1345 2035 Ἐπιστασία.

325 2094 336 2143 ‘.
432 2106 452 2139 ι
514 2090 868 2164 Ἑπίστησον,
902 2099 1169 2171 ἀκροατά,
1202 2106 1268 2174 τῇ
1307 2106 1401 2161 τοῦ
1431 2109 1795 2182 εὐαγγελικοῦ
1830 2123 1932 2191 ῥη-

351 2195 374 2228 σ
423 2178 525 2232 τοῦ
581 2182 817 2257 διανοίᾳ.
876 2190 1001 2254 Πῶς
1043 2194 1072 2245 ὁ
1131 2195 1325 2269 Σωτὴρ
1350 2178 1627 2275 ἐρωτῆσαι
1657 2208 1806 2279 λέγει
1830 2178 1934 2266 ’τδν

348 2289 370 2322 ο
422 2272 670 2345 Πατέρα,
705 2277 772 2330 ἶν’
802 2282 1011 2347 ἐκεῖνος
1043 2285 1191 2359 δὼσῃ
1241 2290 1335 2345 τὸν
1369 2272 1770 2370 Παρακλητονξ
1808 2303 1933 2359 Τοί-

345 2381 370 2414 ι
421 2381 521 2418 νυν
551 2368 615 2421 ἐκ
641 2371 831 2426 τούτου
861 2376 1104 2445 μάνθανε
1140 2381 1235 2435 τὸν
1305 2386 1530 2460 Πατέρα
1560 2368 1649 2445 διὰ
1676 2368 1770 2449 τοῦ
1798 2398 1929 2467 ὁμο-

347 2475 369 2509 (
422 2458 598 2527 φυοῦς
655 2464 1001 2535 Μονογενοῦς
1056 2472 1269 2531 διδόντα
1324 2477 1415 2533 τὸν
1462 2458 1686 2556 νομοφυῆ
1748 2458 1932 2560 Παρά-

345 2567 366 2599 σ
419 2550 640 2619 κλητον.
685 2575 703 2606 ι

948 2690 1343 2763 Ἀντίρῤησις.

412 2810 491 2863 Σὺ
529 2812 632 2880 μὲν
679 2813 737 2866 ἐν
779 2818 847 2886 τῇ
906 2817 1206 2893 ἐπιστασίᾳ
1263 2825 1439 2898 ταύτῃ
1496 2832 1779 2906 προτρέπῃ
1832 2837 1929 2891 τὸν

310 2893 629 2973 ’ἀκροατὴν
660 2905 983 2975 ἐπιστῆσαι,
1042 2911 1162 2975 πῶς
1217 2914 1309 2967 τὸν
1371 2893 1592 2990 Πατέρα
1639 2893 1779 2994 ζττερῖ
1825 2928 1927 2997 τῆς

335 2993 443 3044 τοῦ
481 2994 849 3066 Παρακλήτου
905 2998 1111 3065 δόσεως
1141 3004 1170 3056 ὁ
1200 3005 1393 3077 Σωτὴρ
1438 3007 1642 3084 ἐρωτᾷ,
1693 2993 1791 3068 καὶ
1822 2993 1926 3088 μα-

335 3082 457 3135 θεῖν
481 3085 548 3137 ἐκ
574 3087 764 3141 τούτου
797 3090 873 3154 ὡς
915 3094 944 3145 ὁ
978 3094 1170 3166 Πατὴρ
1197 3096 1285 3150 διὰ
1312 3098 1407 3152 τοῦ
1445 3082 1722 3173 ὁμοφυοῦς
1752 3082 1926 3164 Μονο-

333 3176 541 3242 γενοῦς
584 3179 677 3233 τὸν
727 3182 944 3254 ὁμοφυῆ
992 3186 1355 3259 Παράκλητον

2194 1482 2278 1539 Ex
2307 1484 2598 1561 Evangelia
2622 1493 2877 1565 Joannis,
2903 1518 3022 1573 cap.
3053 1522 3165 1576 xw,
3201 1525 3337 1566 vers.
3372 1515 3460 1569 15.

2109 1605 2174 1660 ll.
2224 1626 2243 1659 ι
2283 1608 2338 1664 Si
2397 1612 2620 1685 diligitis
2659 1635 2767 1685 me,
2828 1627 3081 1683 mandata
3127 1646 3247 1687 mea
3292 1644 3524 1694 servate.
3553 1640 3617 1693 Et

2045 1715 2063 1749 ι
2095 1712 2196 1754 ego
2217 1704 2422 1772 rogabo
2462 1705 2700 1775 Patrem,
2753 1722 2805 1767 ct
2860 1716 3024 1771 alium
3073 1719 3413 1780 Paracletum
3466 1729 3616 1786 dabit

2043 1806 2063 1839 ‹
2105 1791 2281 1856 vobis,
2316 1805 2605 1853 utinam-at
2635 1803 2917 1861 vobiscum
2950 1809 3002 1863 in
3035 1820 3321 1882 aeternum,
3349 1816 3611 1889 Spiritum

2047 1896 2066 1930 ι
2106 1882 2372 1939 veritatis.
2407 1907 2427 1939 ι

2621 2019 3045 2082 Animadversio.

2113 2153 2132 2186 ‹
2175 2138 2379 2195 Adesto
2428 2129 2649 2210 animo,
2704 2150 2964 2217 auditor,
3015 2136 3420 2230 recogitatoque
3477 2165 3609 2220 dicti

2042 2230 2393 2297 «evangelici
2466 2243 2725 2291 mentem.
2787 2240 3036 2306 Quanam
3111 2247 3321 2305 ratione
3360 2251 3609 2310 Salvator

2040 2335 2059 2367 ι
2088 2329 2404 2387 rogaturum
2430 2338 2489 2378 se
2510 2326 2642 2381 dicit
2662 2327 2898 2397 Patrem,
2926 2343 2985 2388 ut
3008 2336 3095 2391 ille
3120 2338 3459 2397 Paracletum
3477 2346 3608 2401 det?

2038 2425 2057 2458 ι
2094 2408 2234 2466 Hinc
2271 2427 2400 2483 ergo
2431 2416 2649 2484 discito,
2690 2418 2906 2476 Patrem
2938 2439 3034 2493 per
3076 2431 3602 2493 consubstantialem

2039 2501 2196 2556 «sibi
2246 2503 2597 2575 Unigenitum
2669 2513 3194 2574 consubstantialem
3266 2522 3607 2583 Paracletum

2036 2609 2055 2643 ι
2095 2593 2374 2653 exhibere.
2416 2617 2436 2651 ι

2674 2731 2964 2803 Refulatio.

2098 2848 2157 2903 In
2212 2850 2313 2906 hac
2358 2852 2838 2915 animadversione
2892 2871 2948 2917 tu
3013 2865 3232 2934 quidem
3295 2871 3598 2929 auditorem

2026 2936 2284 3005 hortaris,
2312 2954 2548 3000 mentem
2582 2939 2773 3017 (igere,
2796 2966 3034 3021 quanam
3071 2955 3279 3011 ratione
3325 2960 3391 3014 de
3431 2959 3600 3017 Para-

2023 3029 2151 3084 cleti
2177 3031 2515 3091 exhibitione
2545 3037 2763 3094 Patrem
2798 3052 2951 3113 rOgat
3000 3043 3272 3112 Salvator,
3321 3066 3389 3105 ex
3424 3067 3600 3124 eoque

2024 3118 2255 3188 discere,
2291 3122 2504 3180 Patrem
2533 3142 2631 3197 per
2658 3132 3189 3193 consubstantialem
3248 3138 3595 3212 Unigenitum

1405 3191 1643 3252 δίδωσιν.
1703 3198 1845 3268 Ἐγὼ
1872 3201 1917 3254 δ’

2533 3191 2551 3197 _
3176 3191 3187 3193 _
3259 3191 3595 3212 _---a-_.--_...

2023 3212 2547 3272 consubstantialem
2604 3218 2943 3279 Paracletum
3002 3227 3281 3286 exhibere.
3323 3231 3438 3303 Ego
3470 3251 3596 3293 vero

332 3267 600 3321 ἐντεῦθεν
628 3270 855 3342 ξυνίημι
894 3275 958 3329 ἐκ
994 3276 1089 3330 τοῦ
1130 3279 1349 3350 Πατρὺς
1378 3281 1467 3335 διὰ
1512 3285 1607 3339 τοῦ
1643 3267 1919 3360 ὁμοςρυοῦς

333 3358 796 3387 ιγ-..-..-..-ξτ--λ--
835 3368 966 3387 ιη-.-
1010 3368 1037 3387 ε
1080 3370 1125 3387 η
1221 3372 1235 3387 ι
1282 3372 1298 3387 ε
1508 3373 1533 3387 ο
1680 3380 1702 3387 ..
1876 3385 1884 3387 .

2217 3267 2547 3272 ,,,,-,_-_-.__-_.
2604 3267 2624 3273 ..
2650 3267 2943 3279 --νην-νιι-σιι
3003 3267 3281 3286 nan-wn».
3473 3267 3594 3293 VCIU

2022 3317 2090 3357 ex
2122 3304 2230 3361 illis
2284 3309 2549 3379 percipio,
2603 3327 2669 3367 ex
2734 3314 2892 3372 Patre
2925 3334 3020 3387 per
3075 3323 3594 3382 consubstantialem

330 3358 682 3427 hovoysvoﬁg
705 3364 797 3418 τὸν
828 3368 1046 3439 ὁμοφυῆ
1080 3370 1447 3443 Παράκλητον
1478 3373 1641 3445 εἶναι,
1674 3380 1707 3452 ἢ
1740 3358 1920 3455 ’ττηγά⁴

331 3447 476 3517 ζειν,
509 3452 542 3523 ἢ
581 3455 1007 3528 ἐκπορεύεσθαι,
1050 3461 1081 3531 ἢ
1111 3461 1138 3515 ὅ
1173 3479 1226 3517 τι
1262 3482 1369 3536 περ
1416 3469 1480 3522 ἂν
1509 3447 1917 3548 βούλῃ-ἕτερον

329 3541 521 3610 λέγειν
556 3545 658 3614 τὴν
702 3546 800 3600 τοῦ
838 3549 1198 3622 Παρακλήτου
1249 3555 1447 3626 δηλοῦν
1497 3541 1755 3634 ὕπαρξιν.
1789 3541 1916 3634 Πῶς

329 3636 446 3706 γὰρ
483 3636 553 3689 ἃν
586 3640 683 3692 καὶ
707 3638 888 3712 δοθείη
919 3644 1095 3710 ἄλλως
1129 3648 1187 3700 τὸ
1220 3650 1445 3721 Πνεῦμα
1472 3656 1537 3709 ἐκ
1568 3658 1664 3711 τοῦ
1702 3661 1915 3732 Πατρὸς

328 3726 421 3780 διὰ
453 3728 548 3781 τοῦ
580 3729 733 3798 Υίοῦ,
775 3735 825 3786 εί
873 3734 948 3806 μὴ
1005 3736 1082 3801 ὡς
1137 3739 1202 3793 ἐκ
1257 3742 1474 3815 Πατρὸς
1526 3748 1773 3821 ὑπάρχον

326 3817 426 3870 τοῦ
456 3819 625 3888 Υίοῦ;
663 3824 725 3877 Et
771 3825 880 3896 γὰρ
917 3828 980 3880 ἐκ
1013 3829 1114 3898 μὲν
1142 3831 1233 3884 τοῦ
1264 3834 1478 3906 Πατρδς
1538 3839 1617 3904 ὡς
1745 3844 1910 3900 αὐτοῦ

328 3909 583 3982 ὑπάρχον
606 3912 811 3987 δοθείη,
866 3917 955 3972 διὰ
1003 3921 1099 3974 τοῦ
1131 3923 1262 3977 Υἱοῦ
1295 3924 1351 3979 δὲ
1406 3929 1505 4000 οὐχ
1534 3932 1609 3994 ὡς
1642 3932 1712 3985 δι’
1740 3937 1908 3993 αὐτοῦ

329 4000 606 4072 ὑπάρχον,
654 4005 739 4069 τίς
784 4008 851 4061 ἂν
904 4009 1094 4066 λοιπὸν
1145 4015 1245 4069 οὐκ
1292 4018 1541 4089 οίήσαιτο
1584 4022 1910 4094 διακονικῶς

325 4094 421 4145 καὶ
450 4095 806 4166 ὑπηρετικῶς
858 4100 1100 4157 δίδοσθαι
1144 4106 1208 4160 τὸ
1240 4108 1463 4181 Πνεῦμα
1488 4113 1576 4168 διὰ
1606 4116 1702 4170 τοῦ
1733 4118 1902 4188 Υίοῦ;

323 4185 436 4238 Καὶ
470 4186 556 4239 ἵνα
589 4188 667 4259 μὴ
700 4192 813 4254 τοῖς
840 4194 921 4256 είς
964 4201 1316 4271 κατασκευὴν
1357 4203 1449 4258 τοῦ
1481 4208 1753 4277 νοήματος
1785 4214 1908 4267 τού-

325 4291 416 4330 του
447 4277 632 4346 λόγοις
692 4281 1196 4356 ἐμπλατυνόμενος,
1227 4291 1447 4364 δόξαιμι
1504 4296 1786 4370 λογισμοῖς
1828 4304 1907 4357 οί-

323 4369 497 4431 κείοις
557 4369 904 4440 χαρίζεσθαι,
973 4377 1187 4448 μάρτυς
1240 4380 1445 4455 ταύτης
1501 4386 1604 4456 τῆς
1662 4369 1905 4458 διανοίας

316 4459 637 4524 ἀξιόπιστος
670 4461 699 4512 ὀ
747 4462 927 4533 μέγας
984 4484 1076 4538 μοι
1135 4475 1557 4546 παραχθήσεται
1607 4481 1899 4554 Κύριλλος.

315 4545 488 4609 Οὗτος
520 4554 617 4606 καὶ
642 4556 750 4625 γὰρ
781 4557 842 4610 τὸ
874 4560 1017 4615 κατὰ
1056 4562 1311 4636 Ἰωάννην
1334 4545 1894 4648 ἐξηγούμενος-Εὐαγο
1926 4580 1979 4641 D

315 4644 528 4710 γέλιον,
567 4647 625 4696 ἐν
654 4649 854 4720 ἐκείνῳ
890 4651 969 4723 τῷ
1003 4654 1164 4724 μέρει
1202 4659 1522 4731 γενόμενος,
1555 4666 1692 4721 ὅπου
1729 4671 1757 4723 6
1786 4644 1901 4724 Σω-

313 4732 419 4800 τὴρ
454 4733 582 4807 ἔφη,
627 4756 645 4788 ι
688 4739 860 4795 Ὅταν
886 4742 979 4798 οῦν
1040 4746 1172 4819 ἔλθῃ
1202 4749 1229 4801 ὁ
1259 4751 1643 4825 Παράκλητος,
1695 4760 1754 4815 ὃν
1787 4763 1901 4832 ἐγὼ

314 4825 522 4893 πέμψω
551 4828 681 4898 ὑμῖν
711 4833 865 4905 παρὰ
894 4834 989 4889 τοῦ
1018 4838 1256 4911 Πατρδς,
1284 4844 1346 4896 τὸ
1374 4844 1600 4918 Πνεῦμα
1629 4849 1730 4918 τῆς
1766 4825 1900 4926 ἁλή-

309 4916 492 4982 θείας,
530 4939 548 4971 ι
588 4924 727 4992 πρὸς
772 4928 1020 4994 ἐκείνους
1053 4934 1411 5003 σχηματίζων
1463 4916 1557 4994 τὸν
1605 4916 1783 5013 λόγον,
1818 4916 1897 5001 οῖ-

314 5027 456 5076 τινες
517 5015 862 5087 ἐτεροούσιον
890 5021 986 5075 τοῦ
1048 5025 1265 5097 Πατρὸς
1313 5029 1427 5084 τὸν.
1461 5033 1588 5103 Υἱδγ
1616 5035 1896 5105 δυσσεϐῶς

307 5101 695 5173 ἐδογμάτιζον,
749 5107 897 5165 οὕτω
956 5114 1112 5184 φησί’
1150 5136 1170 5169 ι
1201 5118 1288 5189 Μὴ
1329 5120 1439 5192 γὰρ
1472 5122 1536 5195 δή
1554 5101 1712 5190 τινες
1744 5101 1895 5200 ἡμᾶς

247 5171 260 5178 ’
305 5191 421 5245 τῶν
445 5171 737 5252 τδυσσεόεῑν
780 5171 1058 5258 εἰωθότων
1106 5171 1353 5276 τοῖςήέξ.
1374 5171 1654 5283 αἷμαόείας
1685 5171 1891 5273 dubito:

308 5284 589 5353 μιζόντων
610 5288 813 5360 λόγοις,
851 5295 933 5357 εἰς
962 5294 998 5349 ἃ
1026 5297 1101 5368 μὴ
1127 5299 1287 5370 Θέμις
1326 5304 1529 5359 ἐννοεῖν
1587 5307 1662 5373 ῶς
1689 5310 1894 5381 ὑπουρ-

311 5374 476 5444 γικήν
517 5394 643 5432 τινα
692 5382 886 5451 χρείαν
916 5387 1259 5460 ἀποπληρῶν
1304 5393 1332 5445 ὁ
1364 5392 1495 5457 Υἱὸς
1525 5396 1586 5449 τὸ
1614 5403 1765 5468 παρὰ
1797 5374 1890 5456 τοῦ

307 5465 530 5535 Πατρὺς
575 5467 808 5538 Πνεῦμα
861 5476 927 5545 τῇ
960 5478 1139 5531 κτίσει
1172 5478 1431 5535 διακονεῖ’
1462 5487 1557 5538 καὶ
1586 5465 1746 5542 τοῦτο
1781 5491 1891 5563 γὰρ

303 5556 592 5623 ἀσυνέτως
619 5561 766 5625 τινές
801 5566 861 5617 οὑ
916 5568 1238 5624 κατέδεισαν
1269 5573 1470 5628 εἰπεῖν.
1509 5577 1799 5635 Πιστεύειν
1833 5585 1889 5636 δὲ

307 5649 517 5718 μᾶλλον
549 5652 848 5707 ἀκόλουθον
876 5658 975 5721 ὡς,
1029 5661 1259 5733 ἐπείπερ
1322 5665 1453 5720 ἴδιόν
1505 5668 1654 5723 ἐστιν
1710 5671 1881 5725 αὐτοῦ

307 5743 565 5815 καθάπερ
596 5746 793 5815 ἀμέλει
825 5749 919 5802 καὶ
948 5751 1041 5805 τοῦ
1070 5754 1204 5807 Θεοῦ
1233 5758 1328 5811 καὶ
1355 5759 1594 5829 Πατρδς,
1623 5764 1889 5819 ἀποστέλ-

305 5833 387 5887 λει
420 5838 535 5900 τοῖς
586 5838 771 5905 ἁγίοις
805 5841 970 5895 αὐτοῦ
1010 5845 1279 5918 μαθηταῖς
1339 5852 1473 5920 πρὶς
1524 5855 1818 5927 ἁγιασμόν.
1862 5878 1879 5911 ι

2020 3393 2374 3466 Unigenitum
2440 3404 2971 3463 consubstantialem
3032 3411 3376 3469 Paracletum
3420 3432 3544 3472 esse
3577 3458 3594 3484 ,

2019 3485 2134 3541 sive
2182 3488 2422 3556 etlluere,
2476 3491 2591 3549 sive
2627 3497 2941 3565 procedere,
3002 3502 3084 3555 vel
3123 3504 3387 3575 quidquid
3445 3508 3593 3563 aliud

2019 3577 2114 3633 tibi
2148 3579 2203 3633 in
2233 3581 2416 3636 animo
2447 3592 2554 3667 est,
2590 3586 2790 3654 dicere,
2828 3592 2970 3659 quod
3003 3593 3270 3650 Paracleti
3324 3600 3593 3655 cxsisten-

2015 3669 2148 3724 tiam
2176 3681 2348 3726 notet.
2387 3672 2505 3740 Qua
2536 3677 2680 3731 enim
2711 3680 2819 3734 alia
2846 3683 3058 3738 ratione
3090 3670 3331 3754 Spiritus
3370 3705 3399 3744 a
3430 3689 3591 3748 Patre

2015 3775 2110 3828 per
2140 3761 2336 3817 Filium
2364 3765 2483 3819 dari
2521 3767 2752 3835 dicetur,
2784 3771 2884 3826 nisi
2915 3773 2989 3827 uti
3035 3791 3098 3828 ex
3144 3775 3304 3832 Patre
3353 3794 3449 3848 per
3503 3779 3588 3834 Fi-

2012 3850 2144 3904 lium
2185 3854 2738 3913 exsistens?Etenim
2769 3862 2814 3916 si
2854 3876 2884 3916 a
2913 3861 3096 3930 Patre,
3139 3867 3213 3921 uti
3255 3882 3319 3922 ex
3352 3884 3418 3923 eo
3463 3886 3590 3940 per-

2012 3939 2212 3995 sistens
2247 3943 2429 4011 datur,
2461 3960 2558 4016 per
2592 3945 2785 4002 Filium
2826 3966 2932 4006 non
2974 3954 3049 4008 uti
3083 3969 3148 4009 ex
3178 3972 3241 4011 eo
3290 3959 3587 4024 exsistens,

2012 4030 2137 4098 quis
2162 4032 2378 4090 demum
2413 4052 2515 4092 non
2548 4041 2938 4098 existimaverit
2971 4046 3045 4099 uti
3097 4061 3126 4101 a
3177 4062 3357 4115 servo,
3388 4059 3442 4104 et
3489 4052 3588 4105 ad-

2011 4123 2266 4179 ministro
2306 4126 2444 4185 Filio
2469 4129 2733 4201 Spiritum
2769 4137 3038 4193 exhiberi.
3063 4139 3128 4195 Et
3145 4156 3213 4195 ne
3234 4143 3297 4195 ad
3319 4142 3588 4212 ejusmodi

2009 4218 2331 4272 sententiam
2410 4225 2871 4292 comprobandam
2903 4266 2920 4291 ,
2989 4245 3241 4287 sermone
3298 4234 3590 4303 prolixiore

2006 4312 2188 4371 utens,
2242 4308 2429 4366 videar
2480 4316 2716 4383 prepriis
2770 4319 3192 4389 cogitationibus
3243 4335 3321 4379 ac‘
3372 4327 3586 4395 placitis

2005 4402 2294 4468 asservire,
2349 4406 2503 4461 testis
2569 4409 2713 4461 omni
2772 4413 3087 4479 exceptione
3136 4414 3312 4483 major
3355 4432 3585 4487 magnus

2005 4492 2305 4548 adducatur
2335 4495 2589 4566 Cyrillus.
2615 4499 2707 4568 qui
2749 4498 2979 4558 Joannis
3023 4502 3370 4573 Evangelium
3400 4508 3587 4579 explao.

2005 4597 2163 4648 nans,
2221 4600 2344 4641 cum
2406 4587 2472 4641 ad
2526 4603 2644 4643 eam
2700 4600 2907 4659 partem
2966 4595 3319 4665 pervenisset,
3385 4599 3437 4652 in
3475 4616 3583 4669 qua

2003 4673 2252 4731 Salvator
2286 4678 2465 4749 inquit
2496 4697 2513 4735 :
2559 4700 2579 4733 ι
2621 4681 2757 4737 Cum
2812 4683 3121 4743 Paracletus
3155 4690 3382 4756 venerit,
3415 4705 3577 4759 quem

1999 4775 2103 4833 ego
2145 4765 2356 4821 mittam
2397 4768 2552 4824 vobis
2583 4786 2611 4824 a
2643 4770 2825 4841 Patre,
2857 4775 3120 4844 Spiritum
3155 4770 3422 4845 veritatis,
3451 4799 3470 4833 ι
3511 4783 3579 4837 ad

2002 4868 2098 4910 eos
2158 4867 2484 4916 convertens
2534 4863 2866 4931 orationem,
2922 4868 3014 4937 qui
3067 4867 3266 4924 Filium
3310 4871 3501 4926 alienae
3546 4888 3577 4927 a

1999 4941 2160 5001 Patre
2193 4949 2517 5006 substantiae
2549 4951 2718 5022 impie
2741 4955 3128 5023 decernebant,
3163 4958 3307 5015 hunc
3353 4961 3406 5014 in
3456 4976 3576 5014 ino-

1998 5033 2126 5088 dum
2159 5039 2447 5096 edisserit:
2488 5059 2507 5092 ι
2551 5041 2722 5099 Nemo
2760 5045 2906 5100 enim
2957 5061 3059 5103 nos
3099 5049 3166 5104 ad
3217 5065 3428 5115 eorum,
3483 5051 3573 5119 qui

1995 5125 2329 5196 impietatem
2387 5132 2640 5201 amplecti
2692 5148 3099 5192 consueverunt
3144 5140 3211 5193 ad
3260 5155 3323 5193 ea
3357 5155 3479 5209 quae
3505 5156 3568 5193 ex

1994 5218 2294 5287 ignorantia
2351 5225 2604 5278 oriuntur
2661 5234 2715 5280 et
2746 5243 2867 5297 qua:
2918 5230 3220 5299 intelligere
3266 5231 3419 5285 nefas
3467 5241 3567 5297 est,

1994 5307 2176 5362 verbis
2217 5311 2332 5364 suis
2363 5313 2631 5382 impellat;
2670 5314 2928 5386 Spiritum
2971 5320 3178 5375 scilicet
3207 5316 3570 5390 quiex'Pa'tre

1991 5406 2095 5461 est,
2127 5413 2220 5467 per
2248 5397 2442 5456 Filium
2466 5404 2542 5458 uti
2577 5421 2673 5475 per
2701 5407 3017 5464 ministrum
3052 5411 3190 5464 mitti
3249 5411 3315 5464 ad
3346 5420 3563 5465 creatur

1992 5503 2080 5543 ras
2111 5507 2125 5546 :
2161 5506 2285 5546 nam
2307 5492 2469 5548 etiam
2508 5497 2559 5552 id
2600 5501 2848 5555 nonnulli
2889 5501 3073 5557 dicere
3100 5502 3217 5556 ausi
3269 5513 3417 5556 sunt.
3448 5500 3562 5557 Sed

1992 5582 2173 5650 potius
2222 5586 2531 5653 credamus,
2568 5591 2827 5658 quoniam
2883 5592 3116 5662 Spiritus
3168 5592 3241 5647 ita
3310 5597 3564 5663 proprius

1990 5673 2133 5739 Filii,
2167 5676 2310 5732 sicut
2332 5695 2463 5734 sane
2499 5682 2670 5751 ipsius
2702 5700 2920 5755 quoque
2967 5683 3059 5739 Dei
3117 5683 3293 5739 Patris
3341 5696 3447 5765 est,
3479 5689 3564 5744 id-

1990 5765 2135 5822 circo
2156 5767 2220 5823 ad
2246 5771 2734 5828 saueiﬁcationem
2794 5788 3019 5829 suorum
3071 5775 3457 5846 discipulorum
3491 5783 3556 5837 alt

1989 5874 2052 5916 eo
2088 5860 2250 5917 mitti.
2293 5880 2312 5914 ι
2375 5861 2439 5917 Et
2492 5866 2678 5933 paucis
2739 5866 3005 5923 annexis:
3046 5885 3065 5921 ι
3121 5866 3389 5928 Praeterea
3438 5886 3554 5943 qua
