4002 6408
358 380 466 445 ιιι

1409 381 1619 443 JOAN.
1661 381 1879 443 VECCI
1918 380 2028 440 ΟΡ.
2068 371 2580 439 PATRIARCHIE

3504 364 3610 427 405

369 512 387 544 ε
424 494 568 549 dicta
601 504 752 559 sunt,
791 495 920 550 illud
971 508 1189 565 quoque
1216 495 1527 549 necessario
1549 503 1936 563 consequetur.

2059 492 2152 547 {at
2176 490 2296 562 μετ’
2325 490 2512 558 ὀλίγαι
2550 505 2569 538 ι
2609 485 2753 555 Πρὸς
2800 483 2857 537 δὲ
2885 484 3001 545 τοῖς
3034 482 3349 553 εἰρημένοις
3384 482 3612 534 κάκεῖνο

367 606 386 635 ι
422 584 480 639 Si
515 586 660 639 enim
696 588 1060 641 ministerium
1096 587 1290 642 servile
1319 587 1536 655 explere
1572 585 1766 640 Filium
1792 583 1937 640 exis-

369 696 387 726 ι
421 677 628 731 timatis
683 678 837 745 illud,
864 680 1009 746 quod
1066 694 1171 733 non
1202 687 1303 745 est,
1353 694 1467 734 suae
1516 688 1728 734 natura:
1782 676 1940 731 exhi-

369 785 387 816 ι
429 767 642 822 bentem
704 775 849 838 quod
900 784 1093 839 nempe
1129 778 1213 824 est
1277 784 1305 824 a
1336 771 1497 825 Patre
1533 777 1586 823 et
1614 768 1747 834 Deo,
1774 781 1935 823 sanc-

366 879 383 906 ι
425 870 621 927 tusque
655 868 739 914 est
789 868 983 914 natura
1039 876 1135 915 sua
1185 860 1441 930 Spiritus,
1509 859 1764 929 equidem
1826 872 1936 912 non

368 967 385 998 ι
433 959 625 1001 natura
698 959 924 1006 sanctus
975 949 1149 1006 Filim
1199 952 1325 1013 erit,
1380 951 1471 1005 sed
1522 950 1939 1019 participatione

366 1060 383 1085 ε
426 1048 484 1092 ut
537 1054 659 1093 nos.
721 1058 740 1091 ι
811 1039 976 1095 Vides
1033 1042 1110 1095 uti
1180 1048 1581 1109 consequenter
1644 1037 1941 1094 admirabi-

362 1130 430 1182 lis
466 1129 700 1197 Cyrillus
736 1132 944 1200 colligit
977 1147 990 1183 :
1020 1131 1078 1185 Si
1130 1130 1298 1186 Filius
1348 1130 1609 1200 Spiritum
1663 1139 1937 1193 sanctum,

362 1218 455 1286 qui
488 1234 517 1273 a
550 1218 658 1272 Deo
690 1230 745 1273 et
778 1221 935 1275 Patre
960 1221 1179 1275 exsistit
1202 1220 1512 1290 suppeditat
1543 1235 1649 1273 non
1681 1229 1938 1288 tanquam

364 1308 447 1359 sui
481 1308 785 1375 proprium.
830 1311 1292 1378 quemadmodum
1349 1308 1440 1362 Dei
1481 1317 1536 1363 et
1589 1308 1765 1363 Patris
1815 1323 1943 1377 pro-

330 1399 519 1465 -prius
552 1411 654 1462 est,
709 1399 948 1451 alienum
982 1414 1011 1452 a
1049 1415 1147 1453 sua
1185 1407 1378 1453 natura
1432 1397 1692 1469 Spiritum
1742 1413 1943 1467 suppe-

365 1490 502 1541 ditat
542 1508 554 1542 :
586 1490 774 1557 sicque
803 1490 1042 1558 Spiritus
1065 1506 1094 1544 a
1120 1491 1259 1544 Filio
1279 1492 1515 1544 alienam
1552 1497 1804 1544 naturam
1832 1503 1941 1542 non

366 1581 589 1634 aliunde
621 1581 857 1649 collegit,
888 1583 978 1634 sed
1014 1582 1083 1636 ab
1124 1598 1312 1636 eorum
1360 1584 1539 1647 dictis,
1575 1583 1667 1652 qui
1699 1596 1944 1637 asserere

365 1687 476 1724 non
502 1672 829 1725 verebantur
850 1688 880 1725 ιι
906 1671 1043 1726 Filio
1065 1672 1326 1742 Spiritum
1345 1688 1452 1727 non
1481 1674 1549 1726 ab
1577 1688 1642 1726 eo
1678 1674 1948 1728 exsistet)-

367 1774 474 1814 tem
526 1762 888 1830 suppeditari,
922 1763 1017 1816 sed
1052 1777 1118 1815 ex
1171 1762 1290 1816 solo
1333 1760 1443 1814 Deo
1489 1769 1542 1814 et
1562 1760 1721 1814 Patre
1756 1774 1945 1828 proce-

2040 581 2224 633 λοιπὸν
2272 578 2332 644 ἐξ
2360 578 2607 649 ἀνάγκης
2653 575 2995 644 είσσήσεται.
3043 573 3104 625 Ei
3151 574 3262 643 γὰρ
3309 569 3616 641 ὑπουργίαν

2040 672 2359 742 διακονικὴν
2381 667 2736 741 ἀποπληροῦν
2766 667 2946 720 οἴεσθε
2969 666 3065 720 τὸν
3091 664 3220 719 Υἰδν
3244 664 3306 717 τὸ
3334 664 3617 733 ἀλλότριον

2040 769 2172 839 ἡμῖν
2230 765 2672 840 κεχορηγηκότα,
2725 762 2975 817 τουτέστι
3022 761 3083 815 τὸ
3131 759 3284 828 παρά
3334 757 3428 812 τοῦ
3475 757 3616 809 Θεοῦ

2041 859 2137 912 καὶ
2168 859 2403 929 Πατρὸς,
2443 857 2597 923 ἅγιον
2623 855 2684 909 δν
2711 854 2855 908 κατά
2894 853 3057 923 φύσιν
3097 851 3352 921 Πνεῦμα,
3381 850 3445 902 οὺ
3476 847 3621 903 κατὰ

2045 950 2207 1019 φύσιν
2243 950 2399 1019 ἅγιος
2427 949 2458 1002 6
2481 948 2634 1013 Υἱὸς,
2664 947 2806 1001 κατά
2830 945 3052 1015 μέθεξιν
3075 944 3131 998 δὲ
3163 943 3353 1013 ὥσπερ
3388 942 3570 1011 ἡμεῖς.
3596 958 3616 990 ι

2056 1040 2219 1110 Ὁρᾷς
2250 1041 2399 1102 ὅπως
2445 1039 2475 1091 6
2524 1035 2843 1106 θαυμαστὸς
2894 1034 3175 1103 συνήγαγε
3209 1029 3479 1102 Κύριλλος
3523 1031 3620 1092 ὼς,

2043 1134 2201 1202 εἴπερ
2229 1134 2257 1185 6
2295 1131 2424 1194 Υἱὸς
2451 1129 2511 1182 τὸ
2542 1128 2693 1197 παρὰ
2717 1126 2812 1180 τοῦ
2843 1124 2978 1179 Θεοῦ
3005 1124 3103 1178 καὶ
3139 1122 3351 1191 Πατρδς
3376 1120 3626 1190 ὑπάρχον

2043 1224 2201 1287 ἆγιον
2229 1222 2465 1291 Πνεῦμα
2494 1220 2726 1289 χορηγεῖ
2757 1218 2833 1287 μὴ
2858 1216 2932 1278 ὡς
2965 1215 3096 1268 ἴδιον
3128 1211 3318 1277 αὐτοῦ,
3368 1210 3624 1278 καθάπερ

2042 1314 2233 1385 ἀμέλει
2258 1313 2353 1366 καὶ
2376 1308 2471 1365 τοῦ
2501 1308 2636 1363 Θεοῦ
2659 1309 2752 1362 καὶ
2772 1307 2983 1378 Πατρός
3003 1309 3152 1358 ἐστιν
3172 1304 3328 1370 ἴδιον,
3349 1302 3628 1370 ἀλλότριον

2042 1405 2298 1477 χορηγῶν
2347 1404 2464 1456 ἔστι
2505 1401 2754 1472 Πνεῦμα,
2803 1401 2902 1471 τὴν
2952 1398 3046 1452 τοῦ
3072 1396 3390 1466 Πνεύματος
3411 1394 3629 1455 πάντως

2042 1498 2153 1552 ἀπὸ
2197 1494 2295 1548 τοῦ
2346 1491 2478 1548 Υἱοῦ
2530 1491 2922 1562 ἀλλοτριότητα
2974 1490 3078 1541 οὐκ
3118 1486 3343 1541 ἄλλοθεν
3378 1482 3629 1553 συνῆξεν,

2043 1593 2162 1648 ἀλλ’
2192 1591 2299 1645 ἀπὸ
2332 1588 2426 1642 τοῦ
2474 1586 2636 1656 λόγου
2688 1585 2797 1639 τῶν
2827 1584 3011 1653 λέγειν
3041 1579 3480 1651 ἀποτολμώντων
3553 1575 3633 1638 ὡς

2044 1683 2275 1752 χορηγεῖ
2303 1682 2331 1733 6
2378 1678 2510 1742 Υίδς
2540 1677 2603 1732 τὸ
2642 1675 2869 1745 Πνεῦμα
2921 1674 2997 1745 μὴ
3051 1673 3123 1727 δι’
3153 1670 3321 1725 αὐτοῦ
3353 1666 3624 1737 ὑπάρχον,

2046 1774 2167 1827 ἀλλ’
2191 1775 2257 1826 ὲκ
2289 1772 2454 1842 μόνου
2485 1770 2580 1823 τοῦ
2605 1767 2739 1823 Θεοῦ
2771 1767 2867 1821 καὶ
2891 1764 3106 1835 Πατρὺς
3127 1764 3346 1834 προῖόν.
3376 1759 3635 1814 Τοιοῦτον

366 1854 611 1906 dentem.
651 1851 841 1906 Simile
892 1852 1040 1907 circa
1085 1854 1244 1906 tidem
1285 1852 1583 1907 discrimen
1629 1852 1865 1906 subeunt
1892 1858 1947 1904 et

2059 1863 2145 1916 ἐπὶ
2177 1865 2243 1934 τῇ
2276 1841 2461 1914 πίστει
2508 1858 3021 1913 διακινδυνεύουσιν
3073 1853 3290 1909 ὄλισθον
3330 1852 3381 1906 οί
3418 1853 3485 1905 ἐκ
3532 1850 3631 1903 τοῦ

367 1942 512 1996 iirca
546 1958 665 1995 eam
699 1943 980 2007 labuntur,
1008 1943 1101 2010 qui
1130 1958 1194 1995 ex
1222 1941 1387 1995 Patre
1425 1942 1648 2011 quidem
1675 1941 1750 1994 uti
1786 1956 1850 1994 ex
1880 1955 1946 1992 eo

366 2035 723 2090 exsistentem
782 2035 1049 2104 Spiritum
1101 2034 1394 2101 exhiberi,
1455 2032 1832 2103 suppeditari,
1896 2040 1949 2084 et

371 2128 534 2194 mitti,
559 2127 892 2196 intelligunt,
929 2142 1028 2195 per
1055 2126 1256 2180 Filium
1291 2141 1419 2181 vero
1445 2141 1554 2180 non
1599 2126 1673 2179 uti
1702 2141 1799 2194 per
1822 2140 1946 2178 eum

369 2221 729 2274 exsistentem
763 2233 827 2274 ex
853 2217 1034 2272 Patre.
1062 2218 1274 2286 Itaque,
1300 2232 1333 2272 ο
1363 2218 1600 2283 auditor,
1633 2232 1794 2284 quem
1820 2231 1952 2285 prte-

371 2308 542 2363 sentis
571 2309 867 2362 voluminis
906 2322 1103 2377 parens
1126 2307 1415 2361 advocavit
1453 2306 1518 2361 ad
1554 2321 1682 2361 suas
1708 2305 1951 2360 animad-

371 2400 651 2454 versiones
673 2400 1075 2469 dijudicanslas,
1098 2400 1140 2454 si
1172 2415 1202 2453 a
1219 2408 1370 2453 recta
1397 2399 1644 2453 veritatis
1669 2397 1948 2452 sententia

370 2490 627 2543 aberrare
684 2504 792 2542 non
850 2491 950 2551 vis,
990 2504 1057 2543 ex
1113 2487 1272 2544 Patre
1324 2503 1422 2556 per
1480 2488 1681 2542 Filium
1738 2488 1949 2542 credito

370 2580 630 2647 Spiritum
668 2580 826 2644 dari,
866 2580 1226 2648 suppeditari,
1274 2588 1330 2633 et
1364 2579 1507 2633 mitti
1561 2588 1821 2647 tanquam
1854 2581 1946 2648 qui

371 2692 437 2729 rx
462 2674 616 2729 Patre
646 2692 740 2746 per
771 2676 969 2731 Filium
1020 2677 1263 2739 exsistit,
1297 2692 1362 2729 ne
1391 2674 1770 2736 exltibitionis,
1828 2689 1950 2739 sup-

376 2768 748 2836 peditatiouis,
779 2778 835 2822 et
857 2767 1140 2822 missionis
1166 2782 1362 2821 servus
1391 2777 1553 2835 atque
1582 2766 1831 2819 minister
1856 2764 1951 2817 tibi

373 2858 547 2913 Filius
584 2867 882 2923 reputetur,
918 2858 1066 2928 quod
1092 2866 1177 2912 est
1199 2856 1452 2926 impium,
1493 2862 1549 2909 et
1593 2855 1769 2925 plane
1800 2855 1955 2909 blas-

376 2951 660 3019 phemum.

544 3042 629 3096 Ea:
656 3042 833 3096 eodem
861 3041 1168 3111 Evangelia.
1198 3040 1329 3107 Cap.
1360 3056 1471 3104 xrv,
1513 3054 1649 3095 vers.
1676 3038 1770 3093 25.

446 3133 541 3188 lli.
576 3150 595 3185 ι
629 3131 754 3187 Haec
784 3135 999 3188 locutus
1044 3146 1163 3186 sum
1183 3132 1363 3198 vobis,
1396 3130 1538 3200 apud
1572 3145 1669 3185 vos
1704 3143 1954 3183 manens.

2048 1955 2264 2025 Πατρὸς
2325 1954 2446 2023 μὲν,
2498 1952 2575 2015 ὡς
2630 1949 2691 2015 ἐξ
2745 1949 2915 2004 αὐτοῦ
2950 1949 3222 2018 ὑπάρχον,
3250 1944 3491 2000 δίδοσθαι
3537 1944 3635 1997 καὶ⁸

2048 2044 2409 2116 χορηγεῖσθαι
2435 2042 2530 2094 καὶ
2557 2038 2987 2095 ἀποστέλλεσθαι
3014 2037 3075 2091 τδ
3104 2035 3334 2105 Πνεῦμα
3360 2032 3634 2100 νοοῦντες,

2048 2138 2140 2191 διὰ
2166 2135 2260 2189 τοῦ
2296 2133 2428 2187 Υἱοῦ
2478 2132 2555 2197 δὲ,
2612 2131 2710 2202 ούχ
2757 2131 2830 2195 ὡς
2857 2128 2925 2185 δι’
2960 2129 3127 2183 αὐτοῦ
3165 2129 3412 2198 ὑπάρχον
3442 2128 3509 2178 ὲκ
3538 2125 3631 2179 τοῦ

2051 2226 2288 2299 Πατρός.
2326 2225 2500 2295 Εἴπερ
2524 2220 2678 2292 γοῦν,
2703 2216 2746 2276 ὦ
2780 2221 3048 2293 ἀκροατά,
3077 2219 3134 2273 ὃν
3163 2222 3190 2272 6
3215 2219 3312 2288 τῆς
3344 2216 3635 2288 παρούσης

2050 2318 2497 2389 προσεκαλέσατο
2537 2314 2723 2385 βίϐλου
2794 2312 2985 2383 Πατὴρ
3034 2312 3115 2375 εἰς
3166 2310 3461 2377 διάγνωσιν
3526 2306 3636 2360 τῶν

2052 2411 2272 2464 οἰκείων
2331 2409 2690 2472 έπιστασιῶν,
2757 2404 2937 2476 βούλει
2986 2398 3087 2473 τῆς
3139 2396 3376 2472 ἀληθοῦς
3422 2397 3636 2460 ἑννοίας

2057 2503 2133 2574 μὴ
2164 2500 2612 2564 ἀποπλανᾶσθαι,
2645 2499 2707 2550 ἐκ
2748 2495 2961 2564 [Ia—:96;
2990 2495 3083 2547 διὰ
3127 2488 3261 2546 Υἰοῦ
3305 2492 3533 2544 πίστευε
3573 2488 3638 2541 τδ

2053 2594 2280 2662 Πνεῦμα
2311 2593 2593 2662 διδόμενον
2626 2591 2723 2644 καὶ
2773 2586 3185 2658 χορηγούμενον
3246 2580 3343 2637 καὶ
3372 2580 3639 2637 ἀποστελ-

2055 2685 2306 2752 λόμενον,
2341 2683 2417 2744 ὡς
2444 2682 2508 2734 ἐκ
2538 2681 2756 2749 Πατρὸς
2788 2679 3036 2747 ὑπάρχον
3067 2677 3156 2730 διὰ
3204 2674 3296 2728 τοῦ
3330 2672 3487 2737 Υίοῦ,
3546 2671 3641 2724 ἵνα

2058 2776 2134 2847 μὴ
2166 2776 2414 2836 διάκονος
2453 2774 2548 2827 καὶ
2580 2772 2858 2842 ὑπηρέτης
2891 2774 2991 2839 τῆς
3016 2770 3217 2829 δόσεως
3241 2767 3337 2820 καὶ
3368 2764 3639 2836 χορηγίας

2055 2868 2150 2919 καὶ
2178 2866 2488 2934 ἀποστολῆς
2519 2865 2693 2918 νοοῖτό
2730 2881 2812 2917 σοι
2842 2864 2870 2914 6
2900 2861 3049 2925 Υἱὸς,
3085 2861 3227 2930 ὅπερ
3282 2859 3400 2911 ἐστὶ
3439 2858 3639 2910 δυσσε-

2056 2959 2148 3023 6ἐς
2182 2976 2241 3011 τε
2274 2960 2368 3013 καὶ
2401 2958 2746 3029 βλάσφημον.

2422 3052 2517 3103 Ἐκ
2544 3048 2651 3103 τοῦ
2692 3047 2881 3102 αὑτοῦ
2912 3045 3307 3115 Εὐαγγελίου.

2135 3165 2152 3196 ι
2204 3144 2281 3199 Γ’.
2312 3143 2502 3196 Ταῦτα
2549 3139 2827 3209 λελάληκα
2873 3138 3023 3209 ὑμῖν,
3076 3136 3205 3207 παρ’
3267 3134 3401 3204 ἡμῖν
3438 3129 3641 3201 μένων.

385 3246 405 3279 ι
443 3225 581 3283 Cum
616 3236 797 3281 autem
826 3226 1036 3280 venerit
1077 3224 1318 3293 Spiritus
1350 3232 1601 3287 sanctus,
1638 3236 1800 3291 quem
1828 3220 1950 3274 mit-

2066 3261 2081 3292 ι
2129 3189 2301 3293 Ὅταν
2323 3236 2379 3290 δὲ
2403 3236 2533 3308 ελθῃ
2550 3189 2863 3303 τ-δ-Πνεῦμα
2895 3189 2955 3285 τὸ
2982 3189 3215 3298 ἆιγιον,’ὃ
3472 3224 3499 3277 6
3524 3223 3640 3276 Πα-

385 3338 403 3371 ι
446 3326 524 3372 tet
550 3316 710 3372 Pater
741 3332 901 3373 meus
930 3317 983 3374 in
1028 3318 1250 3371 nomine
1282 3329 1427 3377 meo,
1463 3313 1556 3369 ille
1598 3327 1694 3367 vos
1737 3307 1956 3367 docebit

386 3427 404 3460 ¢
443 3423 649 3464 omnia.
694 3427 714 3460 I

955 3499 1379 3554 Animadversio.

461 3610 481 3645 ι
528 3590 831 3646 Prudenter
870 3591 1311 3653 animadvertito,
1346 3588 1559 3643 Patrem
1609 3585 1716 3640 dici
1761 3586 1812 3638 in
1862 3600 1960 3639 no-
2016 3658 2025 3665 _

390 3704 408 3736 ι
457 3687 603 3740 mine
648 3684 793 3749 Filii,
846 3684 962 3740 sive
1015 3698 1111 3755 per
1173 3682 1372 3740 Filium
1431 3679 1778 3735 Paracletum
1836 3679 1961 3732 mit—

390 3798 409 3830 ι
455 3788 587 3835 tere.
627 3795 647 3828 ι

2065 3352 2080 3382 ι
2128 3332 2231 3400 τὴρ
2268 3346 2370 3399 μου
2407 3331 2465 3381 έν
2499 3326 2577 3397 τῷ
2623 3324 2854 3395 ὀνόματί
2897 3340 3024 3393 μου,
3057 3324 3238 3375 έκεῖνο
3265 3316 3467 3382 διδάξει
3494 3315 3642 3386 ὑμᾶς

2066 3444 2081 3474 ι
2133 3422 2395 3477 πάντα.»

2673 3508 3051 3565 Ἐπιστασὶα

2139 3627 2157 3658 ‹
2205 3606 2455 3667 Συνετῶς
2500 3604 2737 3658 ἄκουσον
2766 3604 2842 3664 ὡς
2885 3603 2914 3653 ὁ
2964 3601 3155 3669 Πατὴρ
3203 3600 3261 3651 ὲν
3293 3597 3373 3669 τῷ
3410 3596 3641 3665 ὀνόματι

2068 3719 2086 3751 ι
2133 3696 2226 3751 τοῦ
2256 3695 2409 3760 Υἱοῦ,
2439 3695 2561 3765 ἦτοι
2612 3693 2701 3747 διὰ
2729 3691 2824 3747 τοῦ
2864 3689 2997 3743 Υίοῦ
3029 3688 3380 3744 ἀποστέλλειν
3423 3687 3644 3756 λέγεται

2069 3810 2086 3842 ι
2133 3794 2223 3841 τὸν
2249 3786 2626 3856 Παράκλητον.
2679 3802 2697 3836 ι

1026 3867 1334 3935 ΒεῙιιιαιὶο.
2673 3876 3062 3945 Ἅντίρῤησις.

455 3960 518 4013 Et
547 3970 603 4015 tu
630 3975 850 4029 quoque
874 3959 1170 4029 prudenter
1191 3958 1434 4011 animum
1455 3957 1745 4023 advertito,
1771 3969 1950 4025 quem

2146 3973 2306 4027 Ἀλλά
2357 3971 2451 4026 καὶ
2506 3969 2745 4033 συνετῶς
2780 3969 3054 4040 πρόσσχες
3104 3968 3190 4020 ὅτι
3246 3965 3437 4038 ὥσπερ
3480 3965 3584 4033 ἔφη
3616 3965 3645 4017 6

386 4055 678 4109 admodum
725 4053 817 4108 hic
858 4052 1109 4107 Salvator
1160 4052 1499 4114 enuntiavit,
1544 4050 1716 4116 Quem
1786 4049 1950 4103 mitth

2064 4065 2256 4132 Σωτὴρ
2286 4060 2542 4123 ἐνταῦθα,
2572 4077 2592 4111 ι
2625 4058 2690 4110 '0
2734 4056 2942 4125 πέμψει
2978 4056 3007 4108 6
3057 4056 3249 4127 Πατήρ
3302 4072 3406 4125 μου
3462 4056 3519 4107 ὲν
3568 4052 3646 4123 τῷ

388 4150 551 4201 Pater
580 4161 733 4201 meus
768 4146 819 4200 in
857 4145 1078 4200 nomine
1110 4159 1254 4208 meo,
1305 4153 1360 4199 et
1404 4159 1515 4198 non
1549 4159 1608 4198 se
1644 4139 1950 4211 disjunxita

2065 4152 2288 4224 ὀνόματί
2342 4169 2466 4220 μου,
2526 4151 2622 4203 καὶ
2686 4150 2745 4202 οὐ
2797 4148 2989 4201 διεῖλεν
3020 4146 3211 4201 ἑαυτὸν
3254 4147 3350 4199 τοῦ
3406 4145 3642 4215 Πατρὸς,

388 4240 569 4304 Patre,
606 4238 735 4307 quia
777 4236 1012 4308 Spiritus
1067 4252 1161 4306 per
1203 4237 1382 4307 ipsum
1441 4237 1675 4290 mittitur
1703 4249 1731 4289 a
1763 4235 1950 4289 Patre:

2065 4245 2155 4299 διὰ
2184 4245 2245 4297 τὸ
2293 4241 2612 4311 πέμπεσθαι
2665 4241 2726 4295 τὸ
2778 4239 3007 4309 Πνεῦμα
3047 4238 3114 4291 δι’
3145 4235 3313 4293 αὗτοῦ
3369 4237 3522 4305 παρὰ
3549 4233 3643 4288 τοῦ

389 4330 502 4399 pari
554 4329 716 4384 modo
768 4344 892 4384 cum
935 4328 1091 4392 dixit,
1117 4327 1219 4394 Qui
1254 4343 1320 4382 ex
1377 4325 1537 4381 Patre
1564 4323 1829 4396 procedit,
1856 4336 1950 4376 nor

2066 4335 2303 4407 Πατρός,
2334 4333 2476 4387 οὕτω
2523 4334 2618 4388 καὶ
2646 4333 2776 4386 ὅταν
2823 4331 2951 4401 ἔφη,
2988 4330 3054 4385 Ὀ
3085 4331 3237 4400 παρὰ
3286 4329 3379 4383 τοῦ
3434 4328 3646 4399 Πατρὸς

370 4438 509 4495 βεδε
531 4436 561 4477 ³
590 4422 752 4477 patre
783 4422 1125 4487 (ίίδίίηκίδδθν
1150 4421 1279 4491 ql'ia
1314 4419 1555 4490 spiri‘us
1587 4432 1684 4489 Per
1722 4417 1899 4486 ipsum
1932 4430 1962 4469 ³
2068 4428 2479 4499 ἐκπορεύεται.»
2520 4427 2580 4479 οὐ
2620 4425 2817 4478 διεῖλεν
2849 4424 3043 4478 ἑαυτὸν
3070 4422 3166 4475 τοῦ
3201 4421 3438 4490 Πατρὸς,
3467 4421 3557 4474 διὰ
3582 4420 3643 4471 τὸ

387 4516 549 4571 Patre
587 4514 855 4583 procedit.
974 4558 986 4567 .

2067 4517 2461 4588 ἐκπορεύεσθαι
2481 4516 2543 4570 τὸ
2569 4514 2709 4569 Πνεῦ
2719 4533 2794 4583 μα
2823 4513 2892 4567 δι’
2916 4512 3083 4566 αὑτοῦ
3106 4513 3257 4583 παρά
3283 4511 3377 4564 τοῦ
3409 4512 3644 4582 Πατρός.
3698 4580 3711 4589 ο

704 4608 791 4662 Ea:
821 4606 937 4660 eod.
967 4605 1233 4676 euangelio
1259 4619 1306 4657 c.
1342 4618 1433 4665 xv,
1465 4618 1515 4655 ιο.
1546 4600 1637 4655 26.

2416 4607 2514 4660 Ἐκ
2542 4603 2651 4659 τοῦ
2682 4603 2871 4659 αὑτοῦ
2897 4601 3293 4671 Εὐαγγελίου.

451 4697 541 4754 IV.
585 4714 606 4750 ι
639 4697 778 4754 Cum
822 4706 1006 4754 autem
1049 4696 1266 4752 venerit
1307 4693 1643 4756 Paracletus,
1668 4704 1828 4761 quem
1868 4704 1950 4760 οε(

2159 4718 2177 4750 ι
2224 4702 2296 4752 Δ.
2360 4697 2531 4750 Ὀταν
2584 4695 2642 4748 δὲ
2694 4694 2825 4765 ἔλθῃ
2892 4695 2919 4747 6
2981 4690 3361 4763 Παράκλητος,
3419 4692 3480 4746 ὃν
3538 4692 3647 4758 ἐγὼ

242 4784 259 4871 ξ
394 4810 411 4839 ι
452 4790 659 4844 mittam
710 4788 864 4844 vobis
922 4803 955 4842 a
1011 4785 1196 4850 Patre,
1243 4783 1505 4853 Spiritum
1532 4780 1780 4835 veritatis
1812 4783 1950 4842 qui:

2075 4811 2093 4843 ι
2144 4790 2347 4863 πέμψω
2398 4788 2527 4858 ὑμῖν
2564 4788 2718 4856 παρὰ
2747 4787 2843 4840 τοῦ
2894 4785 3136 4852 Ιιατρδς,
3179 4784 3501 4849 τὲῐΠνεῦμα
3549 4784 3648 4853 τῆς

158 4898 209 4927 ,τοι
242 4863 254 4871 ’
290 4921 310 4951 ι.
395 4900 411 4930 ι
456 4878 614 4934 Patre
660 4879 926 4951 procedit,
992 4878 1110 4948 ipse
1168 4873 1542 4931 testimonium
1568 4871 1873 4943 perbibebit
1903 4863 1950 4927 di

2075 4904 2094 4936 ι
2139 4883 2418 4951 ἀληθείας,
2447 4881 2474 4933 ὃ
2500 4880 2651 4950 παρά
2682 4878 2777 4933 τοῦ
2808 4879 3024 4950 Πατρὸς
3068 4875 3455 4945 ἐκπορεύεται,
3509 4876 3648 4931 ἐκεῖ·

394 4996 414 5024 ‹
453 4988 557 5030 tnc.
596 4992 615 5024 ι
2076 4990 2094 5022 ι
2142 4987 2232 5034 νος
2266 4965 2613 5040 μαρτυρήσει
2647 4970 2774 5036 περὶ
2804 4964 2961 5036 ἐμοῦ.
2988 4986 3006 5018 ι

334 5048 345 5099 ί
955 5059 1379 5113 Animadversio.
2442 5070 2457 5081 ‘
2686 5059 3062 5113 Ἐπιστασια.

2149 5170 2168 5204 ι
2222 5151 2570 5222 Ἐπίστησον.
2623 5151 2743 5212 πῶς
2797 5149 2964 5212 αὐτὸς
3003 5148 3103 5220 μὲν
3148 5148 3368 5219 πέμψαι
3408 5148 3502 5201 τὸν
3534 5146 3650 5201 Πα-

955 5059 1379 5114 Animadversio.

362 5158 367 5161 ‘
472 5174 490 5207 ι
524 5154 798 5209 Attentius
852 5151 1293 5214 animadvertito,
1324 5152 1602 5221 quomodo
1650 5152 1766 5221 ipse
1799 5148 1968 5205 Para-

396 5267 415 5299 ι
452 5248 649 5303 oletum
687 5261 745 5301 se
778 5237 1076 5299 missurum
1112 5245 1401 5313 promittit,
1432 5243 1523 5299 scd
1546 5259 1573 5298 a
1616 5244 1775 5297 Patre
1801 5262 1814 5297 :
1840 5243 1950 5297 lnoc-

2078 5263 2096 5295 ι
2146 5244 2416 5315 ράκλητον
2462 5245 2490 5295 6
2536 5242 2851 5312 Μονογενὴς
2911 5242 3280 5311 ὑπισχνεῖται,
3343 5240 3499 5311 παρά
3552 5237 3647 5295 τοῦ

399 5358 418 5389 ι
455 5353 562 5407 que
592 5348 821 5405 prorsus
853 5334 1149 5388 concordat
1182 5349 1305 5389 cum
1336 5332 1791 5404 praecedentibus.
1828 5330 1950 5384 Prol

2080 5357 2097 5388 ι
2148 5337 2363 5407 Πατρὸς
2394 5336 2475 5389 δέ’
2514 5337 2731 5409 συνᾴδει
2763 5336 2821 5389 δὲ
2866 5334 3025 5389 τοῦτο
3057 5335 3277 5398 πάντως
3304 5337 3416 5399 τοῖς
3449 5334 3650 5406 προλα-

399 5449 419 5481 ‹
453 5426 761 5481 cessionem
790 5436 919 5478 vero
970 5424 1139 5487 illius,
1195 5426 1415 5479 modum
1469 5438 1665 5493 nempe
1701 5423 1950 5477 naturali:

2080 5449 2097 5480 ι
2149 5427 2329 5481 δοῦσι.
2383 5425 2496 5498 Τὴν
2540 5427 2596 5480 δὲ
2630 5427 2963 5496 ὲκπόρευσιν
3025 5425 3239 5491 τούτου,
3291 5426 3533 5491 δηλονότι
3561 5427 3653 5479 τὸν

403 5540 420 5572 ι
459 5517 813 5581 etsisteutim,
849 5515 1100 5572 ex'Patre
1128 5518 1470 5586 apertissime
1502 5527 1551 5571 te
1582 5515 1756 5571 docet.
1795 5514 1965 5581 Quem

402 5631 419 5663 ι
462 5610 624 5683 igitur
646 5610 812 5665 alium
839 5610 937 5665 tibi
966 5609 1166 5680 quaeris
1204 5609 1467 5675 veritatis,
1490 5618 1540 5664 et
1569 5608 1850 5679 sapientia;
1872 5622 1965 5661 ve-

403 5724 419 5762 ι
458 5691 718 5764 raciorem
743 5718 806 5760 ac
822 5703 1203 5779 sapientiorem
1226 5706 1545 5773 magistrum
1570 5702 1593 5754 ?

2082 5539 2099 5570 ‹
2148 5519 2353 5589 τρόπον
2387 5520 2487 5584 τῆς
2537 5519 2776 5585 φυσικῆς
2830 5517 3144 5587 ύπάρξτως,
3193 5518 3258 5569 ὲκ
3295 5514 3393 5568 τοῦ
3442 5516 3654 5585 Πατρὶς

2080 5631 2097 5663 ι
2152 5610 2339 5678 σαφῶς
2371 5609 2679 5664 ἐκδιδάσκει
2715 5626 2798 5662 σε.
2864 5608 2997 5662 Τίνα
3046 5609 3178 5676 γοῦν
3233 5607 3423 5677 ἕτερον
3471 5607 3656 5678 ζητεῖς

2078 5723 2096 5753 ‹
2143 5705 2242 5772 τῆς
2278 5700 2541 5770 ἀληθείας
2572 5706 2665 5753 καὶ
2708 5700 2809 5769 τῆς
2852 5700 3044 5769 σοφίας
3087 5698 3458 5769 ἀληθέστερον
3507 5697 3655 5763 διδά-

2079 5812 2097 5849 ι
2149 5792 2344 5853 σκαλον
2378 5792 2471 5846 καὶ
2503 5790 2841 5865 σοφώτερον;
2876 5776 2929 5863 ἶ,
