4002 6432
294 400 417 464 ωδ.

897 521 1290 590 Ἀντίρῤησις.

362 612 456 683 Μὴ
494 609 657 666 τοῦτο
686 613 897 678 σκόπει,
926 612 1005 666 ὅτι
1037 614 1199 677 αὐτὸς
1241 613 1341 685 μὲν
1376 615 1613 684 πέμψειν
1644 616 1734 669 τὸν
1763 617 1874 670 Πα-

290 703 566 778 ράκλητον
599 702 628 757 6
661 703 978 772 Μονογενὴς
1027 704 1394 775 ὑπισχνεῖται,
1434 708 1585 778 παρὰ
1626 706 1722 761 τοῦ
1753 710 1871 762 Πα-

287 798 424 868 τρὸς
454 795 533 858 δὲ,
562 795 681 849 ἁλλ’
711 795 796 849 ὅτι
822 794 883 848 τὸ
913 793 970 862 ἐξ
1004 797 1207 866 ἀμφοῖν
1254 794 1397 851 εἶναι
1444 798 1537 852 τὸν
1577 799 1875 870 Παράκλη-

287 906 383 941 τον
442 887 698 941 ἐντεῦθεν
755 887 1107 961 ἐμφαίνεται.
1142 889 1217 943 Τὸ
1249 890 1361 960 γὰρ
1414 890 1568 960 παρὰ
1634 889 1728 944 τοῦ
1765 892 1874 944 Πα-

287 981 426 1051 τρδς
484 977 845 1050 πεμπόμενον
902 980 994 1034 καὶ
1062 980 1215 1048 Υίοῦ,
1285 982 1408 1035 ἐπεὶ
1475 981 1607 1054 παρ’
1661 981 1877 1046 οὐδενὸς

291 1070 652 1135 διακονικῶς,
707 1071 930 1135 πάντως
981 1074 1250 1141 φυσικῶς,
1283 1074 1360 1137 ὡς
1419 1075 1484 1128 ἐκ
1532 1075 1634 1145 τῆς
1685 1073 1876 1137 οὐσίας

292 1163 550 1233 ὑπάρχον
585 1164 817 1231 ἀμφοῖν.
854 1164 929 1216 Τὸ
954 1165 1010 1218 δὲ
1040 1166 1222 1234 λέγειν
1271 1183 1331 1219 σε
1365 1164 1441 1230 ὡς
1477 1166 1578 1237 τὴν
1609 1166 1878 1237 ὲκπόρευ-

294 1271 404 1317 σιν,
454 1252 702 1323 δηλονότι
756 1254 848 1307 τὸν
879 1256 1078 1324 τρόπον
1115 1258 1214 1326 τῆς
1262 1258 1503 1328 φυσικῆς
1552 1257 1864 1326 ὑπάρξεως,

294 1344 387 1397 τοῦ
418 1342 741 1414 Πνεύματος
779 1347 843 1398 ἐκ
888 1346 980 1401 τοῦ
1029 1348 1244 1416 Πατρὸς
1276 1348 1463 1416 σαφῶς
1510 1348 1820 1402 ἐκδιδάσκει
1850 1348 1880 1400 6

295 1435 529 1503 Κύριος,
564 1435 747 1500 καλῶς
779 1455 864 1492 σοι
912 1440 1202 1511 εἰρημένον
1245 1440 1412 1494 ἐστίν.
1452 1441 1599 1494 Ἔδει
1641 1440 1697 1494 δέ
1729 1458 1789 1494 σε
1818 1441 1880 1494 τὸ

297 1526 524 1595 σύμπαν
572 1529 672 1596 τῆς
713 1529 926 1593 ἐννοίας
970 1530 1078 1582 τῶν
1124 1530 1503 1599 εὐαγγελικῶν
1544 1534 1877 1602 κατανοῆσαι

297 1616 518 1683 φωνῶν,
557 1619 648 1670 καὶ
693 1619 899 1687 γνῶναι
949 1620 1046 1687 ὡς,
1093 1622 1345 1693 καθάπερ
1398 1624 1463 1676 ὲκ
1513 1622 1609 1676 τοῦ
1664 1624 1880 1694 Πατρος

299 1711 332 1775 ἡ
365 1709 572 1777 φυσικὴ
606 1708 863 1779 δηλοῦται
894 1712 987 1765 τοῦ
1022 1713 1345 1783 Πνεύματος
1378 1712 1757 1785 ὕπαρξιςθάπὸ
1780 1714 1880 1785 τῆς

1258 391 1776 466 ι’ΝἜᾹΜΑΤΕΜ
1804 393 2571 494 ἈΝιΜΑῡνΕΡιεΙοΝΕεζ

1905 526 1953 582 Α

3451 411 3554 474 406

2615 520 2908 590 Refutatio.

2047 614 2124 670 Ne
2152 612 2207 669 id
2239 612 2574 680 consideres,
2601 612 2778 684 ipsum
2807 599 3153 683 Unigenitum
3176 604 3238 670 se
3260 614 3574 673 missurum

1976 708 2320 764 Paracletum
2371 707 2725 777 promittere,
2780 721 2969 761 verum
3027 720 3056 759 a
3106 705 3312 765 Patre:
3347 707 3442 763 sed
3490 722 3556 762 ex

1977 808 2209 868 utroque
2234 797 2575 852 Paracletum
2607 811 2757 862 esse,
2787 794 3131 867 apertissime
3172 796 3300 853 inde
3337 797 3545 865 demon-

1977 891 2162 949 strari.
2190 888 2345 956 Quod
2374 889 2519 944 enim
2548 903 2581 943 a
2609 887 2772 944 Patre
2804 897 2858 943 et
2881 887 3022 943 Filio
3057 888 3315 952 mittitur,
3362 900 3485 943 cum
3525 903 3557 942 a

1978 990 2175 1037 neutro
2204 981 2269 1036 ad
2299 982 2518 1036 modum
2552 980 2720 1044 servi,
2754 995 2980 1049 prorsus
3014 980 3360 1042 naturaliter,
3394 979 3559 1036 veluti

1977 1090 2044 1131 ex
2067 1072 2303 1130 essentia
2333 1072 2621 1142 utriusque
2641 1070 2879 1127 exsistit.
2910 1069 3068 1137 Quod
3103 1086 3230 1125 vero
3261 1070 3397 1126 dicis
3430 1085 3561 1139 pro-

1978 1169 2308 1235 cessionem,
2356 1166 2577 1222 modum
2626 1178 2821 1233 nempe
2901 1164 3166 1219 naturalis
3230 1163 3564 1219 exsistentiae

1981 1261 2218 1331 Spiritus
2245 1274 2310 1314 ex
2337 1257 2523 1327 Patre,
2556 1256 2732 1326 palam
2757 1271 2786 1309 a
2825 1255 3057 1310 Domino
3081 1253 3287 1318 doceri,
3318 1254 3564 1323 apposite

1981 1354 2259 1423 probeque
2285 1349 2446 1404 dicis.
2480 1346 2871 1403 Verumtamen
2909 1344 3183 1401 sententia
3229 1354 3343 1401 tota
3374 1346 3567 1401 dictio-

1980 1459 2112 1499 num
2181 1441 2624 1512 evangelicarum
2678 1437 2944 1509 capienda
3002 1444 3141 1503 erat,
3174 1444 3288 1492 tum
3343 1437 3564 1492 demum

1981 1533 2412 1602 intelligendum,
2466 1529 2925 1600 quemadmodum
2979 1544 3047 1582 ex
3080 1524 3264 1592 Patre,
3300 1526 3569 1582 naturalis

1985 1624 2223 1694 Spiritus
2269 1621 2597 1680 exsistentia
2652 1618 3072 1686 manifestatur,
3130 1633 3265 1673 voce
3325 1617 3564 1684 Domini,

1982 1733 2087 1787 qua
2121 1717 2408 1780 asseritur,
2447 1733 2466 1766 ι
2499 1714 2591 1784 qui
2623 1728 2651 1768 a
2674 1711 2833 1769 Patre
2863 1711 3131 1781 procedit,
3168 1730 3187 1764 ι
3221 1718 3276 1767 et
3304 1710 3567 1765 Dominus

309 1799 405 1909 τοῦ
427 1800 627 1870 Κυρίου
667 1802 853 1871 φωνῆς
888 1806 1008 1873 τῆς,
1046 1824 1063 1857 ι
1100 1804 1129 1859 δ
1154 1805 1305 1875 παρὰ
1338 1804 1434 1858 τοῦ
1461 1806 1675 1885 Πατρδς
1710 1808 1876 1859 ὲκπο·

1985 1806 2229 1877 protulit,
2287 1807 2471 1860 omnia
2502 1820 2600 1860 sua
2666 1800 2734 1857 ad
2772 1800 3015 1866 Patrem,
3040 1800 3207 1856 veluti
3244 1800 3310 1854 ad
3344 1813 3565 1854 causam

312 1888 547 1957 ρεύεται,
579 1910 598 1943 ι
645 1892 712 1963 ἣν
739 1892 766 1944 6
802 1893 1008 1963 Κύριος
1037 1893 1140 1964 ἔφη
1177 1895 1356 1948 πάντα
1386 1895 1453 1948 τὰ
1482 1894 1648 1949 αὑτοῦ
1684 1897 1763 1959 είς
1786 1895 1878 1949 τὸν

304 1980 525 2050 Πατέρα
558 1983 633 2046 ὡς
659 1984 741 2046 εἰς
780 1985 1017 2056 ἄναρχον
1045 1987 1335 2056 ἀναφέρων
1369 1986 1572 2051 αἰτίαν,
1606 1986 1750 2042 οὕτω
1783 1989 1876 2058 δη-

299 2072 488 2127 λοῦται
520 2074 615 2128 καὶ
647 2077 755 2129 ἀπὸ
790 2076 889 2145 τῆς
929 2076 1096 2148 ἄλλης
1134 2078 1227 2132 τοῦ
1265 2078 1474 2141 Κυρίου
1527 2080 1713 2149 φωνῆς
1755 2080 1877 2150 τῆς,

296 2162 528 2234 Πνεῦμα
558 2162 813 2236 ἀληθείας
844 2168 1113 2241 λεγούσης
1144 2170 1204 2224 τὸ
1236 2171 1463 2241 Πνεῦμα
1492 2174 1553 2226 τὸ
1584 2173 1760 2241 ἅγιον,
1792 2173 1881 2227 διὰ

297 2255 392 2309 τοῦ
432 2256 564 2311 Υίοῦ
604 2259 704 2328 τὴν
755 2260 1009 2331 τοιαύτην
1047 2260 1284 2332 φυσικὴν
1316 2259 1459 2315 εἶναι
1493 2262 1586 2316 τοῦ
1624 2264 1879 2334 Πνεύμα-

291 2365 389 2410 τος
416 2348 674 2419 ὕπαρξιν.
735 2350 976 2421 Εὔδηλον
1002 2353 1111 2425 γὰρ
1140 2352 1215 2416 ὡς
1267 2354 1299 2424 ἡ
1349 2356 1679 2426 εὐαγγελικὴ
1721 2355 1881 2427 ῥῆσις

294 2440 328 2508 η
394 2437 633 2506 λέγουσα
690 2436 916 2511 Πνεῦμα
961 2440 1063 2512 τῆς
1122 2442 1376 2514 ἀληθείας
1433 2444 1491 2496 τὸ
1554 2445 1778 2515 Πνεῦμα
1824 2447 1883 2498 τὸ

289 2528 481 2594 ἅγιον,
515 2532 693 2583 ἐκεῖνο
745 2530 989 2593 δύναται,
1049 2535 1187 2602 ὅπερ
1218 2535 1249 2604 η
1284 2534 1519 2602 λέγουσα
1578 2535 1729 2605 παρὰ
1787 2535 1881 2589 τοῦ

288 2622 521 2692 ΙΙατρὺς
579 2623 710 2676 αὐτὸ
766 2626 1182 2696 ἐκπορεύεσθαι.
1226 2627 1335 2679 Καὶ
1383 2628 1724 2696 μαρτυρήσει
1791 2645 1883 2697 μοι

292 2715 393 2766 τον
431 2713 594 2782 λόγον
622 2716 655 2784 ἡ
682 2717 783 2786 τῆς
810 2716 1070 2788 ἀληθείας
1122 2715 1360 2788 στάθμη,
1395 2718 1422 2770 6
1455 2716 1622 2780 πολὺς
1670 2717 1737 2770 τὰ
1767 2717 1883 2771 θεῖα

295 2805 595 2869 Βχσίλειος
620 2810 679 2861 ὲν
701 2810 813 2871 τοῖς
845 2807 970 2861 κατ’
1017 2807 1281 2877 Εὐνομίου
1326 2808 1419 2862 καὶ
1458 2808 1667 2880 Ἀρείου
1704 2808 1885 2876 λόγοις

295 2897 533 2965 φάσκων
560 2896 706 2952 οὕτω
737 2899 975 2969 ῥητῶς-ι
1012 2898 1121 2969 Τὴν
1153 2901 1250 2969 μὲν
1278 2900 1412 2970 πρὸς
1438 2902 1660 2972 Πατέρα
1686 2900 1886 2954 οίκειό-

294 3004 442 3061 τητα
471 2989 596 3053 νοῶ,
628 2990 815 3060 ἐπειδὴ
843 2991 991 3061 παρὰ
1012 2991 1104 3044 τοῦ
1132 2990 1345 3061 Πατρδς
1376 2992 1757 3062 ἐκπορεύεται,
1785 2993 1885 3059 τὴν

299 3083 444 3151 πρὸς
476 3081 604 3135 Υίδν
629 3081 706 3146 δὲ,
732 3082 919 3151 ἐπειδὴ
944 3080 1146 3147 ἀκούω,
1169 3080 1235 3133 El
1254 3098 1339 3145 τις
1371 3082 1588 3151 πνεῦμα
1639 3081 1883 3152 Χριστοῦ

1980 1899 2185 1967 absque
2219 1897 2490 1967 principio
2526 1895 2791 1961 referens,
2814 1894 2889 1950 ita
2918 1900 2974 1948 et
2995 1889 3334 1947 manifestari
3370 1890 3438 1944 ab
3461 1889 3568 1944 aiio

1982 1990 2198 2044 Domini
2238 1989 2409 2053 dicto,
2460 2004 2568 2057 quo
2609 1987 2847 2059 Spiritus
2879 1984 3129 2041 veritatis
3167 1982 3409 2052 Spiritus
3437 1997 3568 2036 san-

1981 2091 2100 2137 etus
2156 2081 2378 2146 dicitur,
2416 2096 2514 2152 per
2542 2078 2738 2134 Filium
2784 2077 3015 2133 similem
3075 2075 3379 2130 naturalem
3423 2074 3572 2129 exsi-

1983 2172 2233 2227 stentiam
2282 2172 2519 2243 Spiritus
2556 2187 2697 2227 esse.
2727 2168 3021 2226 Manifesto
3052 2183 3286 2239 namque
3320 2175 3568 2238 apparet,

1982 2263 2358 2331 evangelicum
2390 2262 2596 2316 dictum
2629 2275 2978 2324 asseverans,
3009 2258 3279 2329 Spiritum
3319 2256 3570 2313 veritatis

1986 2352 2248 2420 Spiritum
2285 2362 2559 2417 sanctum,
2614 2353 2749 2408 illud
2814 2353 2992 2423 ipsum
3042 2351 3295 2418 innuere,
3339 2350 3484 2419 quod
3517 2356 3572 2404 et

1988 2445 2135 2500 aliud
2163 2446 2380 2508 asserit,
2413 2461 2535 2499 eum
2561 2459 2590 2497 a
2622 2442 2779 2498 Patre
2806 2442 3126 2514 procedere.
3161 2441 3381 2511 Suoque
3410 2440 3572 2495 testi-

1986 2538 2172 2591 monio
2233 2537 2449 2606 pondus
2499 2535 2662 2590 addet
2713 2534 2860 2590 dicto
2907 2548 3030 2588 meo
3087 2532 3336 2588 veritatis
3381 2531 3566 2601 regula

1985 2627 2359 2683 divinissimus
2388 2626 2619 2682 Basilius
2647 2626 2700 2680 in
2729 2624 2819 2689 iis,
2852 2639 2973 2694 qua:
2998 2632 3186 2679 contra
3213 2622 3568 2686 Eunomium,
3607 2612 3613 2617 ’

1987 2720 2287 2788 Ariumque
2314 2716 2551 2786 scripsit,
2587 2716 2743 2785 cujus
2767 2716 2882 2769 lucc
2909 2722 3039 2769 sunt
3072 2712 3349 2783 ipsissima
3368 2709 3566 2764 verba:

1991 2828 2011 2862 ‹
2055 2811 2189 2878 Erga
2226 2810 2438 2865 Patrem
2489 2807 2807 2862 afﬁnitatem
2866 2805 3135 2876 intelligo,
3171 2819 3296 2860 cum
3345 2818 3374 2857 a
3405 2800 3567 2856 Patre

1988 2904 2252 2975 procedit,
2313 2918 2441 2974 erga
2501 2902 2701 2959 Filium
2755 2916 2878 2956 cum
2933 2901 3115 2965 audio,
3147 2898 3251 2965 Qui
3295 2896 3563 2966 Spiritum

1987 2996 2192 3051 Christi
2222 3011 2327 3050 non
2354 2996 2536 3063 habet,
2567 2995 2657 3050 hic
2689 2993 2837 3049 illius
2893 3007 3003 3047 non
3048 2999 3153 3048 est.
3197 3008 3216 3042 ι
3258 2988 3490 3044 Videsne
3516 2997 3570 3043 et

1991 3088 2245 3161 intelligis
2278 3088 2545 3159 Spiritum
2571 3088 2717 3142 Patri
2766 3101 2892 3142 esse
2935 3083 3171 3148 amnem,
3201 3081 3344 3153 quod
3377 3086 3572 3150 proce-

297 3174 405 3228 οὐκ
432 3171 567 3243 ἔχει,
592 3167 750 3236 οὗτος
773 3172 872 3225 οὐκ
888 3171 1037 3225 ἔστιν
1060 3171 1279 3234 αὐτοῦ,»
1305 3171 1575 3242 Ὀρᾷςκαὶ
1590 3171 1796 3241 συνίης,
1814 3172 1881 3236 ὡς

1992 3181 2070 3236 dit
2120 3196 2186 3235 ex
2232 3179 2412 3243 Patre,
2460 3177 2672 3234 afﬁnem
2721 3192 2851 3233 vero
2884 3177 3042 3242 Filio,
3070 3176 3214 3247 quod
3236 3172 3409 3243 ipsius
3443 3170 3569 3242 Spi-

297 3267 507 3319 οίκεῖον
542 3263 641 3335 μὲν
684 3264 858 3335 Πατρὶ
902 3263 962 3318 τὸ
999 3263 1245 3333 Πνεῦμα,
1295 3263 1375 3316 ὅτι
1421 3265 1484 3316 ὲκ
1523 3263 1615 3316 τοῦ
1669 3263 1882 3334 Πατρὸς

298 3353 691 3425 ἐκπορεύεται,
726 3356 924 3408 οἰκεῖον
960 3353 1117 3425 δὲτῷ
1156 3353 1292 3426 Υἱῷ,
1323 3353 1404 3407 δτι
1457 3354 1682 3423 Πνεῦμά
1735 3355 1882 3408 ὲστιν

298 3445 469 3499 αὑτοῦ
498 3460 513 3510 ;
547 3445 690 3514 Ὅρα
721 3446 815 3500 καὶ
849 3443 1033 3511 σύνες,
1063 3444 1137 3507 ὡς
1169 3445 1198 3496 6
1234 3444 1335 3507 τὰς
1362 3442 1536 3508 λέξεις
1567 3443 1773 3506 ταύτας
1806 3443 1884 3496 εί-

302 3536 493 3607 ρηκὼς
526 3537 755 3608 Κύριος,
789 3536 951 3601 αὐτὸς
989 3538 1197 3600 ἐκεῖνος
1224 3537 1285 3601 ἐξ
1315 3536 1495 3590 αὐτῶν
1533 3534 1742 3590 τούτων
1770 3536 1882 3589 τῶν

278 3630 508 3705 ἰλὲξεων
540 3630 891 3705 παρέστησεν
946 3628 1007 3696 ἐξ
1050 3629 1256 3699 ἀμφοῖν
1285 3625 1425 3683 εἶναι
1457 3627 1519 3681 τὸ
1541 3627 1636 3683 τοῦ
1668 3627 1884 3698 Πατρὺς

296 3721 401 3773 καὶ
437 3719 568 3772 Υίοῦ
599 3698 845 3790 Πῖιεῦμα.
891 3719 952 3773 Ei
976 3719 1033 3773 δὲ
1060 3698 1156 3774 καὶ
1188 3721 1271 3773 ἔτι
1304 3718 1526 3792 χρῄζεις
1557 3717 1652 3772 τοῦ
1681 3734 1884 3789 προσε-

298 3811 777 3877 πιϐεόαιώσοντος
804 3813 897 3866 καὶ
949 3809 1642 3882 προσεπιμαρτυρήσοντός
1672 3826 1753 3861 σοι
1784 3807 1884 3878 τὴν

299 3904 526 3956 ἔννοιαν
551 3904 779 3974 ταύτην,
821 3903 932 3957 ίσθι
968 3904 1063 3958 καὶ
1103 3903 1191 3957 τὸν
1222 3902 1378 3971 ἅγιον
1407 3900 1674 3971 Κύριλλον
1727 3901 1786 3953 ὲν
1816 3901 1891 3969 τῇ,

297 3994 574 4067 ἑρμηνείᾳ
599 3995 692 4048 τοῦ
722 3996 862 4050 κατὰ
903 3996 1157 4066 Ἰωάννην
1186 3998 1268 4059 είς
1293 3996 1372 4061 τὸ,
1402 4014 1420 4047 ι
1452 3994 1617 4047 Ὅταν
1635 3990 1727 4046 οῦν
1755 3991 1887 4064 ἔλθῃ

295 4092 329 4144 ὁ
371 4088 754 4159 Παράκλητος,
800 4108 819 4141 ι
883 4090 1162 4159 φάσκοντα
1217 4087 1388 4151 οὕτως
1423 4103 1439 4121 ’
1482 4106 1501 4140 ι
1561 4085 1693 4140 Ἰδοὺ
1753 4085 1883 4157 γὰρ,

300 4181 416 4236 ἰδοὺ
448 4183 672 4253 Πνεῦμα
700 4184 799 4253 τῆς
828 4183 1108 4254 ἀληθείας,
1134 4184 1409 4237 τουτέστιν
1438 4179 1634 4235 ἑαυτοῦ
1659 4179 1750 4233 τδν
1775 4179 1887 4233 Πα-

302 4276 581 4348 ράκλητον
612 4277 803 4342 είπὼν,
834 4278 985 4349 παρὰ
1012 4277 1106 4331 τοῦ
1135 4277 1351 4347 Πατρὺς
1392 4274 1553 4328 αὐτὸν
1586 4272 1887 4343 ἐκπορεύε-

296 4366 429 4419 σῢαί
459 4383 647 4436 φησιν.
678 4367 889 4438 Ὠσπερ
913 4367 1022 4439 γάρ
1044 4367 1159 4421 ἐστι
1189 4366 1416 4435 Πνεῦμα
1472 4364 1603 4418 ἴδιον
1634 4361 1727 4417 τοῦ
1756 4361 1888 4416 Υίοῦ

296 4475 414 4528 φυσ
440 4458 554 4520 κῶς
585 4460 644 4512 ὲν
677 4457 827 4529 αὐτῷ
857 4475 917 4511 τε
952 4458 1218 4528 ὑπάρχον,
1245 4457 1338 4511 καὶ
1370 4455 1438 4509 δι’
1470 4454 1637 4508 αὐτοῦ
1677 4454 1886 4526 προϊὸν,

1988 3274 2126 3328 ritus
2160 3273 2278 3327 est?
2302 3272 2437 3326 Vide
2467 3286 2662 3326 rursus
2690 3279 2744 3324 et
2778 3268 3087 3339 intelligito,
3120 3267 3213 3338 qui
3248 3268 3361 3320 haec
3392 3265 3568 3319 dicta-

1985 3364 2063 3420 vit
2085 3363 2370 3429 Dominus,
2396 3362 2649 3418 eumdem
2679 3362 2855 3433 ipsum
2894 3361 2981 3417 bis
3011 3359 3204 3415 iisdem
3235 3355 3569 3413 dictionibus

1985 3452 2397 3523 comprobasse,
2441 3466 2505 3507 ex
2543 3456 2779 3519 utroque
2803 3464 2925 3504 esse
2957 3447 3133 3502 Patris
3165 3456 3215 3501 et
3238 3442 3361 3498 Filii
3395 3439 3572 3511 Spiri-

1987 3551 2120 3600 tum.
2144 3542 2300 3611 Quod
2322 3543 2366 3598 si
2391 3543 2558 3597 alium
2589 3556 2804 3613 quoque
2826 3548 3090 3611 postulas,
3124 3537 3219 3608 qui
3237 3538 3353 3591 haec
3381 3533 3571 3590 eadem

1958 3635 2237 3703 ,ailirmet,
2295 3644 2350 3689 et
2406 3649 2508 3689 suo
2550 3632 2869 3688 testimonio
2904 3630 3229 3687 sententiam
3271 3630 3414 3684 hanc
3439 3640 3578 3682 con-

1987 3726 2249 3788 stabiliat,
2282 3726 2411 3779 audi
2444 3734 2497 3780 et
2527 3732 2777 3779 sanctum
2832 3722 3093 3793 Cyrillum
3144 3721 3198 3774 in
3250 3719 3575 3789 interpreta-

1985 3821 2139 3874 tione
2196 3815 2423 3872 Joannis
2450 3819 2516 3870 ad
2554 3815 2646 3871 illa
2673 3815 2859 3878 verba,
2892 3832 2911 3865 ι
2947 3812 3085 3868 Cum
3131 3812 3312 3880 itaque
3364 3798 3575 3866 venerit

1986 3907 2322 3972 Paracletus,
2359 3924 2378 3958 ι
2412 3906 2819 3961 enuntiantem:
2861 3923 2879 3957 ι
2918 3903 3060 3959 Ecce
3086 3902 3255 3966 enim,
3281 3915 3410 3957 ecce
3443 3898 3572 3970 Spi-

1986 4000 2152 4055 ritum
2206 3999 2473 4063 veritatis,
2520 3998 2623 4052 boc
2676 4006 2759 4051 est
2797 3995 2996 4052 suimet
3023 3994 3197 4066 ipsius
3225 3992 3569 4048 Paracletum

1988 4089 2290 4160 appellans,
2332 4103 2397 4142 ex
2435 4085 2598 4142 Patre
2622 4100 2746 4140 eum
2778 4084 3076 4155 procedere
3100 4083 3195 4137 ait.
3246 4078 3383 4134 Nam
3428 4077 3574 4134 sicut

1989 4183 2113 4240 Filii
2146 4182 2385 4254 Spiritus
2407 4189 2513 4247 est,
2539 4178 2859 4235 naturaliter
2884 4179 2937 4233 in
2967 4179 3087 4248 ipso
3113 4190 3365 4234 manens.
3389 4182 3443 4228 et
3472 4185 3569 4242 per

1990 4277 2170 4347 ipsum
2213 4273 2588 4344 progrediens,
2628 4270 2710 4326 sic
2740 4268 2919 4324 Patris
2948 4281 3170 4339 quoque
3200 4265 3444 4335 Spiritus.
3464 4271 3572 4318 est.

1991 4364 2204 4432 Quibus
2252 4369 2432 4414 autem
2484 4358 2723 4429 Spiritus
2774 4356 3081 4412 communis
3121 4353 3300 4419 est,.ii
3332 4352 3575 4422 proiecto

1993 4455 2290 4512 secundum
2324 4449 2690 4506 substantiam
2742 4446 3074 4517 disseparari
3113 4460 3229 4499 non
3252 4451 3502 4512 possunt.
3576 4494 3619 4519 ’,Β

294 4549 362 4605 οῦ
375 4568 448 4602 τω
477 4549 685 4603 καὶτοῦ
712 4549 945 4620 Πατρός.
974 4545 1071 4612 Οἷς
1092 4548 1150 4601 δὲ
1180 4548 1240 4600 τὸ
1282 4546 1506 4617 Πνεῦμα
1532 4546 1730 4609 κοινὸν,
1759 4545 1879 4598 τούο

1985 4546 2065 4601 En
2095 4554 2344 4601 sanctum
2385 4544 2514 4601 item
2555 4542 2817 4616 Cyrillum
2871 4548 3230 4602 asserentem,
3282 4535 3569 4608 proprium

294 4661 415 4705 τοις
450 4645 535 4711 εἴη
568 4641 740 4711 δήπου
770 4642 987 4705 πάντως
1026 4640 1093 4695 ἂν
1148 4640 1243 4693 καὶ
1298 4638 1368 4693 τὰ
1427 4638 1526 4710 τῆς
1587 4636 1776 4700 οὐσίας
1825 4637 1884 4689 ού

293 4732 657 4802 διωρισμένα.
691 4750 710 4783 ι
741 4731 874 4785 Ἰδοὺ
922 4731 1016 4785 καὶ
1059 4733 1087 4784 6
1130 4731 1186 4784 ὲν
1224 4731 1409 4798 ἁγίοις
1433 4728 1722 4800 Κύριλλος,
1754 4727 1887 4782 ἴδιον

295 4824 434 4878 Υἱοῦ
460 4825 556 4881 καὶ
577 4823 810 4895 Πατρὶς,
836 4825 931 4877 καὶ
945 4823 1122 4877 κοινὸν
1137 4821 1314 4892 Πατρὶ
1334 4820 1556 4891 καὶΥἱῷ
1575 4820 1634 4874 τὸ
1656 4817 1883 4889 Πνεῦμα

297 4915 361 4970 τδ
395 4916 552 4983 ἅγιον
575 4916 682 4966 ’καὶ
711 4914 820 4967 τῶν
866 4913 1244 4982 εὐαγγελικῶν
1280 4911 1488 4965 τούτων
1520 4911 1732 4981 ῥήσεων
1768 4911 1882 4962 ἰσο-

297 5008 562 5075 δύιαμον.
597 4998 704 5065 Καὶ
738 5005 821 5058 δεῖ
845 5006 1044 5060 εἰδέναι
1096 5005 1187 5059 τὸν
1219 5005 1314 5074 τῆς
1372 4998 1629 5072 ἀληθείας
1663 5002 1890 5072 ἐφιέμε-

302 5114 396 5151 νον
422 5099 499 5158 ὡς
532 5096 688 5149 οὐδέν
735 5113 789 5148 τι
824 5095 1237 5166 παραχαράττει
1266 5093 1328 5147 τὸ
1378 5092 1719 5161 Εύαγγέλιον
1753 5090 1781 5144 ὁ
1820 5094 1884 5145 ὲκ

298 5190 397 5243 τοῦ
436 5189 651 5260 [Ia-:96;
685 5188 782 5243 καὶ
810 5188 942 5242 Υἱοῦ
973 5186 1114 5241 εἶναι
1149 5187 1324 5255 λέγων
1360 5185 1421 5239 τὸ
1451 5185 1700 5255 Πνεῦμα,
1731 5184 1806 5248 ὡς
1834 5186 1884 5238 οἱ

1987 4636 2112 4691 Filii
2144 4647 2199 4691 et
2226 4636 2426 4701 Patris,
2456 4645 2510 4690 et
2527 4648 2873 4691 communem
2898 4631 3048 4687 Patri
3077 4627 3286 4685 etFilio
3305 4626 3573 4690 Spiritum

1989 4738 2262 4793 sanctum,
2299 4737 2352 4782 et
2374 4728 2594 4783 easdem
2629 4728 2826 4781 borum
2847 4725 3119 4781 dictorum
3148 4720 3294 4776 vires
3315 4717 3576 4788 colligen-

1990 4828 2122 4877 tem.
2158 4819 2223 4874 Et
2268 4820 2516 4876 veritatis
2559 4819 2793 4873 amatori
2859 4815 3143 4872 sciendum
3206 4822 3310 4877 est,
3362 4811 3570 4866 nullam
3637 4874 3643 4879 D
3824 4860 3833 4869 _

1931 4939 1946 4955 -
1988 4913 2096 4966 vim
2129 4911 2332 4966 inferre
2363 4910 2675 4980 Evangeiio,
2711 4910 2808 4980 qui
2832 4925 2898 4963 ex
2929 4908 3111 4972 Patre,
3146 4916 3202 4961 et
3225 4904 3367 4960 Filio
3397 4902 3573 4973 Spiri-

1987 5013 2100 5059 tum
2139 5002 2352 5069 astruit,
2391 5013 2449 5057 ut
2480 5004 2572 5073 qui
2599 5002 2879 5056 veritatem
2919 5002 3305 5061 criminantur,
3334 5004 3565 5050 conten-
3654 5068 3663 5077 ι

1988 5096 2144 5159 dunt,
2200 5109 2322 5149 cum
2371 5109 2435 5147 ex
2484 5093 2674 5148 iisdem
2702 5091 2920 5147 Domini
2955 5092 3183 5148 vocibus
3213 5088 3370 5159 plane
3394 5100 3561 5157 appa-
3650 5105 3667 5123 ν

1988 5195 2123 5251 reat,
2151 5199 2213 5238 ex
2256 5183 2445 5239 eodem
2475 5192 2529 5239 et
2558 5183 2719 5239 Patre
2750 5183 3012 5255 Spiritum
3042 5164 3290 5239 sanctum
3315 5193 3455 5236 esse.
3630 5178 3635 5183 ’

297 5285 687 5347 διαϐάλλοντες
744 5287 843 5353 τὴν
893 5284 1154 5354 ἀλήθειαν
1204 5283 1459 5351 λέγουσι,
1519 5280 1607 5333 διὰ
1637 5279 1697 5333 τὸ
1722 5277 1785 5345 ἐξ
1824 5279 2005 5333 αὐτῶν
2070 5278 2165 5332 τοῦ
2201 5280 2406 5351 Κυρίου
2451 5280 2645 5361 φωνῶν
2706 5270 3116 5348 ἀναφαίνεσθαῖ
3169 5276 3234 5330 τὸ
3288 5273 3351 5340 ἐξ
3400 5267 3595 5327 αὑτοῦ.

298 5394 360 5432 τε
387 5376 480 5429 καὶ
506 5374 604 5428 τοῦ
634 5375 848 5446 Πατρδς
883 5369 1024 5428 εἶναι
1055 5376 1117 5429 τὸ
1147 5373 1374 5444 Πνεῦμα
1406 5374 1466 5427 τὺ
1498 5372 1677 5440 ἆγιον.

1522 5508 1769 5570 Ι)Ι(’ΤΑ
1808 5505 2351 5569 ΑρθςΤοιισΑ.

306 5659 422 5717 Tot"
462 5658 640 5731 ἀτιύυ
696 5659 917 5723 Πέτρου
966 5657 1034 5709 ἐκ
1083 5656 1199 5709 τῶν
1251 5655 1527 5722 Ηράξεων
1577 5649 1695 5704 τῶν
1737 5652 1885 5705 ἀπο--

979 5729 1237 5779 στόλων.

318 5836 327 5849 ⁸
381 5838 457 5896 E'.
498 5858 517 5892 ι
567 5839 769 5892 Τοῦτον
816 5838 903 5891 τὸν
946 5838 1152 5908 Ἰησοῦν
1186 5840 1480 5909 ἀνέστησεν
1536 5842 1560 5893 ὀ
1616 5840 1768 5904 Θεξις,
1824 5831 1881 5892 οὗ

2045 5647 2102 5703 S.
2144 5646 2287 5703 Petri
2312 5665 2375 5704 ea:
2400 5654 2543 5707 Αετὶε
2589 5662 2971 5721 apostatarum.
2998 5648 3129 5719 Cap.
3156 5664 3213 5716 ιι,
3235 5666 3370 5709 vers.
3403 5654 3494 5710 3‘2.

2064 5836 2115 5890 5.
2154 5854 2169 5889 ι
2220 5835 2372 5894 iltmc
2403 5835 2585 5895 Jesum
2614 5834 2958 5891 resuscitawt
2992 5831 3153 5912 Deus.
3190 5830 3344 5888 cuius
3371 5847 3582 5891 omnes.
