4002 6448
316 376 438 441 409
1287 346 1378 432 '1N
1417 370 1806 432 CAMATEBI
1852 358 2609 440 ANIMADVERSIONES;
3484 377 3592 446 tto

319 504 345 538 ι
399 482 553 555 ἡμᾶς
579 478 856 545 πλουσίως
890 478 982 535 διὰ
1020 475 1201 549 ’Ῑησοῦ
1243 478 1488 548 Χριστοῦ
1521 478 1613 531 τοῦ
1649 479 1900 549 Σωτῆρος

2017 502 2168 539 tuos
2227 487 2442 542 abunde
2498 501 2593 555 per
2650 483 2838 541 Jesum
2900 479 3178 539 Christum
3245 482 3582 541 Salvatorem

320 595 342 629 ε
386 573 571 647 ἡμῶν.
605 592 627 628 ι

2020 596 2037 628 ι
2077 587 2347 632 nostrum.
2376 600 2394 630 ι

933 668 1309 724 Ἐπιστασὶα.
2614 669 3031 723 Ᾱηὶηιαάυενεὶο.

394 778 418 812 ε
482 759 674 831 Ὁρᾷς,
702 759 819 823 πῶς
849 757 1039 828 σαφῶς
1062 760 1158 812 καὶ
1192 759 1451 831 καθαρῶς
1482 760 1719 814 ἐνταῦθα
1749 758 1901 829 παρὰ

2090 782 2108 815 ι
2149 764 2312 820 Vides
2360 766 2449 821 hic
2482 766 2617 821 satis
2666 771 2909 836 patenter
2938 772 2992 817 et
3037 761 3156 817 sine
3184 761 3289 816 ulla
3325 762 3591 831 tergivero

316 874 336 905 ι
382 855 488 908 τοῦ
525 852 740 923 Πατρδς
801 854 890 908 διὰ
920 853 1015 907 τοῦ
1078 853 1210 906 Υἰοῦ
1251 854 1532 925 ἐκχεῖσθαι
1582 854 1643 907 τὸ
1678 852 1901 922 Πνεῦμα

2018 876 2036 906 ι
2078 857 2291 911 satione
2322 874 2349 911 ιι
2382 857 2541 911 Patre
2567 874 2661 927 per
2695 854 2891 910 Filium
2945 855 3208 924 Spiritum
3238 854 3445 908 eﬂundi
3473 868 3589 907 ma-

316 967 336 998 ι
383 948 637 1001 διδάσκει
667 948 697 1000 6
740 948 916 1014 μέγας
956 948 1321 1013 Ἀπόστολοςς
1368 947 1432 1000 Ei
1464 947 1643 1001 τοίνυν
1678 946 1901 1014 ἀσαφῶς

2017 964 2036 998 ι
2076 962 2241 1016 gnum
2275 948 2594 1017 Apostolum
2629 947 2860 1003 docere?
2892 946 2946 1002 Si
2988 948 3173 1017 itaque
3203 948 3337 1002 locis
3367 948 3421 1000 iu
3461 946 3585 1002 aliis

317 1058 337 1090 ι
387 1036 635 1107 ἀλλαχοῦ
663 1038 756 1091 τὸν
781 1038 915 1091 Υίδν
937 1039 1216 1110 προχέειν.
1246 1040 1344 1093 καὶ
1367 1039 1569 1092 διδόναι
1593 1039 1652 1092 τὺ
1684 1039 1901 1108 Πνεῦμα

2019 1054 2039 1088 ι
2083 1036 2318 1092 obscure
2365 1037 2560 1091 Filium
2598 1038 2899 1101 effundere,
2953 1047 3005 1091 et
3068 1037 3286 1105 elargiri
3319 1036 3584 1114 Spiritum

321 1151 339 1182 ι
386 1131 639 1194 ἀκούεις,
676 1130 819 1202 πρὸς
864 1131 965 1193 τὰς
1014 1130 1107 1184 τοῦ
1148 1131 1357 1201 Πέτρου
1418 1134 1515 1186 καὶ
1559 1130 1655 1185 τοῦ
1694 1130 1901 1185 Παύλου

2020 1146 2038 1179 ι
2082 1128 2261 1192 audis,
2307 1144 2428 1183 cum
2461 1128 2607 1185 Petri
2638 1128 2903 1201 Paulique
2934 1129 3186 1184 doctrina
3216 1128 3304 1182 illa
3333 1127 3589 1183 commit-

320 1242 339 1273 ε
390 1221 764 1285 διδασκαλίας
790 1223 981 1276 ἐκεῖνα
1017 1222 1348 1292 συμϐίϐαζε.
1384 1242 1405 1276 ι

924 1314 1317 1383 Ἀντίρῤησιρ.

388 1403 672 1470 Ούδεμιᾶς
700 1402 869 1473 ἄλλης
896 1403 1276 1474 ἀντιρρήσεως
1301 1402 1539 1458 ἐνταῦθα
1563 1406 1724 1476 χρεία
1752 1405 1906 1477 παρὰ

314 1494 416 1558 τὰς
449 1493 777 1564 εἰρημένας.

2016 1236 2036 1270 ε
2074 1219 2196 1274 tito.
2241 1238 2259 1272 ι

2647 1312 2947 1379 Refulalio.

2074 1400 2280 1458 Praeter
2309 1420 2426 1469 eas,
2452 1421 2573 1476 qua:
2600 1422 2766 1476 supra
2799 1407 3019 1474 digestae
3044 1416 3173 1461 sunt
3204 1403 3585 1469 refutationes,

2003 1497 2154 1552 nulla
2192 1498 2298 1553 alia
2331 1499 2418 1553 hic
2449 1515 2588 1571 opus
2620 1512 2704 1556 est

1273 1611 1632 1676 JOANNIS
1678 1614 1849 1677 ΕΗΒ
1861 1613 2282 1681 YSOSTOMI
2330 1621 2608 1682 DICTA.

333 1730 439 1785 Ἕκ
464 1730 571 1797 τῆς
600 1732 687 1796 είς
719 1731 828 1783 τὸν
860 1732 1271 1817 ἐνενηκοοςτὸν
1305 1732 1485 1787 ἕκτον
1505 1735 1754 1803 ψαλμὸν
1801 1735 1898 1802 ἐρ-

972 1817 1248 1869 pur-8mg.

396 1887 476 1945 [Γ.
513 1908 533 1941 ι
581 1890 720 1944 Ἀλλ’
738 1891 862 1944 ἐπεὶ
893 1894 1045 1962 πηγὴ
1076 1896 1103 1946 6
1130 1895 1345 1965 Πατὴρ,
1366 1896 1509 1966 ὕδωρ
1529 1896 1637 1961 ζῶν
1671 1897 1899 1951 ἐκάλεσε

327 1999 346 2032 ι
391 1981 451 2033 τὸ
484 1982 709 2051 Πνεῦμα
736 1982 798 2035 τὸ
826 1982 1002 2051 ἆγιον.
1033 1985 1186 2039 Διατί
1222 2004 1387 2058 φησιν
1436 1988 1581 2061 ὕδωρ
1615 1989 1724 2053 ζῶν
1753 2007 1768 2056 ;
1800 1990 1890 2044 ἵνα

320 2089 340 2122 ι
391 2072 574 2142 μάθῃς
600 2073 732 2125 αὐτὸ
767 2074 830 2124 ἐκ
856 2072 955 2141 τῆς
983 2076 1169 2143 πηγῆς
1199 2075 1294 2128 τοῦ
1321 2075 1456 2129 Θεοῦ
1485 2076 1566 2143 ὃν,
1605 2077 1753 2150 ὕδωρ
1786 2079 1898 2143 ζῶν

317 2177 337 2209 ι
386 2160 448 2210 τὸ
480 2161 727 2230 Πνεῦμα.
757 2160 919 2231 Πηγὴ
947 2160 1140 2225 ὕδατος
1170 2163 1374 2227 ζῶντος
1407 2167 1436 2217 6
1459 2166 1611 2232 Θεὸς,
1650 2169 1736 2221 ἵνα
1768 2171 1901 2225 ὅταν

315 2268 334 2300 ι
389 2250 575 2323 μάθῃς
607 2252 707 2321 τὴν
733 2254 937 2323 πηγὴν,
970 2256 1173 2328 νοήσῃς
1216 2257 1380 2310 πόθεν
1411 2257 1472 2310 τὸ
1495 2257 1642 2330 ὕδωρ
1677 2262 1740 2314 τὸ
1766 2261 1899 2325 ζῶν.

314 2360 334 2392 ι
389 2342 642 2411 Ποταμοὶ
671 2344 737 2396 ἐκ
760 2344 858 2414 τῆς
889 2347 1101 2407 κοιλίας
1151 2348 1316 2401 αὐτοῦ
1375 2352 1667 2421 ῥεύσουσιν
1710 2353 1903 2416 ὓδατος

310 2451 332 2482 ι
395 2433 627 2497 ζῶντος.
663 2435 837 2489 Τοῦτο
872 2437 928 2489 δὲ
958 2438 1113 2507 ἔλεγε
1148 2441 1208 2492 τὸ
1233 2439 1377 2511 ὕδωρ
1410 2445 1542 2513 περὶ
1587 2444 1682 2498 τοῦ
1725 2446 1904 2500 Πνεύ-

311 2544 331 2575 σ
389 2541 588 2594 ματος,
620 2519 681 2579 οὗ
710 2526 938 2597 ἔμελλον
968 2530 1277 2600 λαμϐάνειν
1317 2536 1367 2586 oi
1425 2537 1804 2601 πιστεύοντες.
1834 2539 1900 2592 Ei

308 2634 332 2667 ε
391 2614 543 2687 ὕδωρ
579 2618 689 2681 ζῶν
719 2620 780 2671 τὸ
830 2620 1078 2691 Πνεῦμα,
1110 2623 1440 2692 ζητήσωμεν
1470 2626 1635 2679 αὐτοῦ
1667 2626 1765 2699 τὴν
1791 2644 1903 2699 πη-

308 2726 331 2759 (
388 2710 521 2778 γῆν.
551 2710 648 2773 Τίς
679 2711 712 2780 ἠ
745 2714 940 2781 tum];
977 2714 1184 2780 λεγέτω
1224 2715 1519 2784 Ἱερεμίας.
1559 2718 1696 2771 Τάδε
1748 2719 1899 2787 λέγει

312 2820 332 2851 ι
392 2801 599 2870 Κύριος
619 2817 634 2834 ο
665 2802 890 2872 Ἐξέστη
921 2806 949 2856 6
973 2804 1201 2875 οὐρανὸς
1220 2808 1315 2860 ἐπὶ
1336 2807 1533 2879 τούτῳ,
1558 2811 1652 2863 καὶ
1683 2810 1904 2881 ἔφριξεν

311 2913 333 2946 ο
388 2894 425 2962 ἡ
453 2892 551 2961 γῆ,
577 2893 660 2944 ὅτι
690 2891 786 2946 δύο
831 2894 927 2947 καὶ
972 2896 1186 2964 πονηρὰ
1233 2899 1492 2967 ἐποίησεν
1527 2901 1555 2953 6
1594 2899 1725 2965 λαός
1774 2918 1900 2969 μου.

310 3008 336 3039 ε
404 2986 543 3055 Ἐμὲ
584 2985 917 3053 ἐγκατέλιπε
976 2988 1161 3058 πηγὴν
1204 2989 1397 3053 ὕδατος
1449 2991 1675 3054 ζῶντος.
1735 2995 1903 3063 Ὁρᾷς

311 3099 334 3133 ο
391 3079 581 3151 πηγὴν
609 3078 803 3143 ὕδατος
826 3080 919 3134 τὸν
948 3083 1112 3149 Θεόν;
1138 3082 1247 3147 ζῶν
1277 3083 1336 3137 δὲ
1376 3083 1523 3153 ὕδωρ
1563 3086 1626 3138 τὸ
1675 3085 1902 3155 Πνεῦμα

2111 1738 2195 1793 Ea;
2227 1741 2670 1811 Interpretatione
2724 1741 2928 1796 Psatuu
2967 1742 3294 1812 nonagesimi
3321 1752 3478 1797 sexti.

1940 1811 1983 1866 Β

2081 1909 2216 1966 VIII.
2241 1924 2260 1959 ι
2287 1906 2391 1961 Sed
2417 1920 2543 1960 cum
2563 1902 2686 1959 fons
2717 1904 2788 1959 sit
2811 1903 2993 1966 Pater,
3012 1889 3402 1972 aquanﬁtvam
3429 1916 3589 1957 voca-

2010 2021 2030 2055 ι
2082 2002 2161 2056 vit
2199 1999 2461 2069 Spiritum
2501 2005 2769 2050 sanctum.
2794 1993 2974 2059 Quare
2993 2010 3122 2048 vero
3154 1994 3352 2064 inquit,
3390 2008 3588 2062 aquam

2014 2109 2033 2142 ι
2079 2088 2288 2145 vivam?
2312 2095 2369 2141 ut
2384 2085 2637 2141 addiscas
2667 2086 2843 2154 ipsum
2871 2099 2937 2138 ex
2963 2084 3112 2137 fonte
3140 2083 3236 2137 Dei
3266 2098 3409 2137 esse.
3431 2082 3588 2151 Aqua

2014 2202 2033 2235 ι
2070 2185 2189 2237 viva
2218 2179 2453 2250 Spiritus
2478 2186 2582 2242 est,
2611 2177 2734 2231 fons
2767 2190 2921 2247 aqua:
2952 2177 3087 2229 viva:
3132 2175 3293 2239 Deus,
3352 2185 3410 2228 ut
3460 2190 3586 2228 cum

2016 2290 2035 2323 ι
2079 2271 2280 2325 fontem
2315 2268 2592 2330 didiceris,
2621 2267 2766 2321 unde
2795 2280 2936 2336 aqua
2968 2266 3058 2319 illa
3082 2266 3204 2319 viva
3232 2272 3471 2328 emanat,
3504 2268 3587 2318 in-

2016 2380 2037 2414 ι
2078 2361 2308 2432 telligas.
2367 2358 2617 2414 Flumina
2664 2373 2732 2413 ex
2785 2367 2974 2412 ventre
3020 2356 3166 2412 illius
3217 2355 3385 2410 ﬂuent
3432 2372 3590 2425 aqua:

2017 2470 2037 2504 ι
2075 2454 2225 2508 vivae.
2259 2450 2412 2504 Hanc
2441 2465 2567 2504 vero
2592 2464 2789 2518 aquam
2832 2449 3173 2514 enuntiahat,
3234 2451 3302 2503 de
3356 2447 3583 2517 Spiritu,

2017 2562 2036 2597 ι
2077 2558 2239 2613 quem
2269 2542 2546 2612 accepturi
2593 2548 2749 2595 erant
2772 2539 2987 2605 ‘ﬂdeles.
3023 2538 3081 2592 Si
3116 2553 3258 2607 aqua
3311 2538 3431 2590 viva
3463 2535 3587 2605 Spi—

2017 2654 2036 2687 ι
2071 2636 2206 2689 ritus
2244 2642 2346 2697 est,
2367 2647 2679 2703 quaeramus
2710 2631 2883 2700 ipsius
2909 2629 3134 2684 fontem.
3171 2628 3306 2693 Quis
3334 2643 3462 2682 vero
3504 2637 3588 2683 est

2017 2745 2035 2778 ι
2075 2724 2235 2780 fons?
2270 2724 2417 2779 dicat
2456 2721 2740 2777 Jeremias.
2798 2720 2923 2774 Hzec
2969 2719 3102 2773 dicit
3131 2719 3392 2775 Dominus
3424 2733 3439 2771 :
3467 2716 3583 2774 Ob-

2017 2837 2035 2869 ι
2078 2817 2287 2887 stupuit
2346 2816 2546 2871 cmlum
2597 2829 2757 2884 super
2804 2814 2929 2878 hoc,
2992 2821 3042 2867 et
3086 2813 3362 2865 inhorruit
3414 2821 3582 2876 terra,

2019 2929 2035 2960 ι
2075 2908 2224 2978 quod
2255 2909 2364 2963 duo
2386 2918 2440 2963 et
2464 2906 2605 2961 mala
2641 2906 2770 2959 fecit
2794 2905 3026 2974 populus
3049 2919 3229 2967 meus,
3266 2918 3352 2957 me
3385 2902 3585 2956 dereli-

2016 3022 2032 3051 ι
2069 3002 2185 3070 quit
2220 3001 2422 3055 fontem
2480 3013 2636 3069 aquae
2679 2998 2816 3055 viva:
2877 2999 2946 3052 ⁸ο.
3001 2996 3164 3052 Vides
3198 2997 3402 3050 fotttem
3431 3011 3587 3064 aqua:

2018 3113 2034 3143 ι
2073 3093 2437 3158 Deum‘csse;
2468 3105 2669 3160 aquam
2726 3104 2859 3145 vero
2904 3090 3081 3143 vivam
3129 3087 3392 3157 Spiritum
3430 3103 3590 3143 sanc-

312 3192 333 3223 ι
384 3174 452 3226 τὸ
480 3172 661 3243 ἆγιον.
701 3177 863 3250 Πηγὴ
891 3178 1085 3242 ὓδατος
1118 3177 1324 3241 ζῶντος
1348 3180 1376 3230 6
1404 3179 1617 3249 Πατήρ.
1647 3153 1901 3249 Ποταμὸς

2017 3203 2029 3238 ι
2076 3197 2212 3239 ιυω.
2245 3184 2390 3239 Fons
2428 3199 2584 3253 aqua:
2618 3185 2754 3236 vivae
2778 3180 2940 3235 Pater
2963 3190 3067 3243 est,
3112 3179 3312 3234 ﬂuvius
3340 3194 3407 3232 ex
3440 3178 3587 3233 fonte

314 3284 338 3318 ί
392 3267 581 3336 πηγῆς
619 3271 1027 3342 προερχόμενος
1068 3274 1096 3327 6
1128 3272 1279 3337 Υἱὸς,
1320 3270 1467 3343 ὕδωρ
1508 3272 1605 3326 τοῦ
1651 3272 1902 3342 ποταμοῦ

317 3379 337 3410 ι
390 3361 456 3412 τὸ
490 3361 718 3431 Πνεῦμα
762 3365 824 3418 τὺ
877 3367 1055 3433 ἆγιον.
1117 3366 1250 3436 Ἐμὲ
1307 3365 1668 3433 ἐγκατέλιπον
1718 3365 1904 3436 πηγὴν

315 3468 336 3500 ε
387 3449 581 3517 ὓδατος
604 3453 828 3518 ζῶντος.
857 3456 1080 3524 Λεγέτω
1099 3455 1273 3511 ταῦτα
1304 3459 1430 3525 περὶ
1450 3453 1546 3508 τοῦ
1575 3453 1706 3507 Υἱοῦ
1722 3454 1752 3507 6
1774 3471 1904 3522 προ-

316 3562 338 3595 σ
388 3546 570 3615 φήτης
616 3545 876 3608 Ἡσαΐας.
938 3548 1045 3601 Kal
1114 3544 1235 3617 ἥξει
1286 3546 1490 3616 Κύριος
1534 3546 1610 3610 ὡς
1653 3547 1898 3616 ποταμὸς

318 3658 337 3689 ο
392 3638 609 3702 ἔνδοξος
638 3640 708 3709 γῇ
740 3637 973 3711 διψώσῃ.
1006 3638 1171 3709 Ὀρᾷς
1194 3638 1382 3709 πηγήν
1406 3655 1422 3705 ;
1449 3639 1728 3708 ποταμόν;
1758 3638 1904 3708 ὕδωρ

317 3749 338 3782 ι
389 3729 535 3797 ζῶν;
569 3731 682 3785 Καὶ
717 3730 909 3800 ὥσπερ
936 3730 999 3783 o6
1030 3729 1163 3802 δύνῃ
1191 3731 1289 3798 τὴν
1323 3730 1506 3801 πηγὴν
1544 3729 1778 3784 καλέσαι
1805 3747 1905 3784 πο-

320 3845 338 3874 ι
387 3823 567 3892 ταμὸν
593 3822 700 3886 ἕως
724 3823 824 3894 τὴν
857 3823 1012 3893 ῥίζαν
1037 3823 1189 3892 ὁρᾷς,
1210 3820 1333 3875 οὔτε
1358 3822 1522 3877 πάλιν
1538 3822 1631 3874 τὸν
1659 3822 1906 3893 ποταμὸν

320 3933 340 3965 ι
391 3913 629 3967 καλέσαι
666 3911 872 3983 πηγὴν,
900 3912 1022 3966 οὐδὲ
1045 3912 1211 3966 πάλιν
1256 3913 1316 3965 τὸ
1363 3911 1509 3982 ὕδωρ
1553 3913 1615 3964 τὸ
1652 3912 1762 3967 ἀπὸ
1809 3915 1902 3967 τοῦ

326 4024 343 4057 ι
394 4002 646 4075 ποταμοῦ
693 4003 1016 4074 σχιζόμενον
1077 4004 1264 4067 καλεῖς
1293 4002 1564 4072 ποταμὸν,
1605 4003 1723 4055 ἀλλ’
1760 4002 1904 4073 ὕδωρ

322 4116 342 4149 ι
389 4097 639 4168 ἀρδείας.
695 4097 809 4151 Καὶ
838 4095 908 4149 τά
958 4096 1059 4166 μὲν
1112 4096 1356 4166 ὀνόματα
1420 4095 1718 4165 τέμνεται,
1770 4098 1804 4165 ή
1846 4097 1904 4151 δὲ

322 4210 343 4244 ι
392 4189 560 4258 φύσις
616 4188 934 4259 ἀμέριστος.
978 4186 1136 4241 Οῦτω
1190 4187 1286 4241 τὸν
1365 4188 1464 4258 μὲν
1499 4187 1718 4258 Πατέρα
1774 4188 1905 4244 Υίὸν

324 4302 342 4334 ι
391 4282 625 4336 καλέσαι
659 4283 719 4334 ού
752 4282 1002 4350 δυνατὸν,
1046 4281 1170 4335 ούδὲ
1207 4282 1301 4336 τὸν
1339 4280 1470 4335 Υίδν
1523 4281 1767 4352 Πατέρα,
1813 4282 1905 4336 ἴνα

322 4398 341 4429 ι
395 4376 474 4456 μὴ
503 4377 585 4439 εἰς
612 4375 716 4446 τὴν
748 4373 1040 4427 Σαδελλίου
1061 4373 1219 4437 δόξαν
1254 4374 1604 4445 ἐκπέσωμεν.

929 4466 1317 4520 Ἔπιστασία.

2009 3294 2028 3327 ι
2068 3289 2329 3331 emanans
2350 3273 2543 3339 Filius,
2574 3288 2716 3343 aqua
2749 3272 2897 3326 ﬂuvii
2937 3270 3175 3340 Spiritus
3225 3277 3473 3324 sanctus.
3504 3267 3588 3323 Me

2011 3385 2029 3418 ι
2069 3365 2477 3437 dereliquerunt
2505 3364 2711 3420 fontem
2764 3377 2917 3433 aquae
2963 3361 3122 3417 vivae.
3176 3359 3435 3414 Enuntiet
3472 3359 3587 3414 luet:

2013 3475 2030 3507 ι
2069 3456 2258 3512 eadem
2300 3458 2368 3513 de
2392 3455 2534 3511 Filio
2552 3456 2722 3512 Isaias
2757 3454 3039 3524 propheta.
3079 3452 3143 3506 Et
3175 3452 3356 3506 veniet
3394 3450 3581 3504 Domi-

2011 3570 2030 3604 ι
2074 3566 2177 3607 nus
2201 3559 2260 3606 ut
2304 3549 2505 3605 ﬂuvius
2554 3548 2827 3619 gloriosus
2866 3556 3024 3601 terrae
3067 3544 3274 3600 sitienti
3307 3544 3375 3599 ³⁸.
3428 3542 3589 3597 Vides

2012 3663 2031 3696 ι
2073 3643 2304 3709 fontem,
2357 3643 2605 3706 ﬂuvium,
2642 3654 2839 3710 aquam
2882 3638 3080 3693 vivam.
3131 3634 3197 3690 Et
3228 3634 3588 3705 quemadmo-

2014 3754 2031 3788 ι
2070 3735 2197 3789 dum
2241 3749 2352 3789 non
2403 3735 2552 3789 vales
2589 3732 2793 3786 fontem
2848 3744 3046 3784 vocare
3099 3727 3351 3794 ﬂuvium,
3415 3727 3588 3780 donec

2014 3846 2032 3878 ι
2075 3824 2311 3881 radicem
2356 3824 2667 3894 conspicis;
2718 3835 2896 3890 neque
2943 3834 3135 3875 rursus
3183 3819 3407 3872 ﬂuvium
3460 3816 3588 3870 fou-

2013 3936 2031 3968 ι
2075 3929 2222 3982 tem;
2259 3931 2434 3986 neque
2474 3930 2672 3985 aquam
2704 3929 2826 3984 qua:
2856 3929 2887 3967 a
2918 3910 3081 3965 ﬂuvio
3115 3909 3451 3965 exscinditur
3482 3907 3586 3961 ﬂu-

2016 4026 2033 4059 ι
2078 4008 2221 4065 vium
2262 4007 2524 4077 appellas,
2569 4005 2663 4061 sed
2710 4019 2908 4076 aquam
2947 4001 3350 4072 adaquationis.
3381 3999 3447 4054 Et
3486 4013 3589 4054 no-

2014 4118 2032 4152 ι
2072 4099 2217 4154 mina
2248 4098 2467 4169 quidem
2495 4098 2840 4164 scinduntur,
2877 4106 3071 4151 natura
3119 4109 3247 4150 vero
3288 4092 3584 4148 individua.

2015 4208 2033 4242 ι
2071 4190 2165 4246 Sic
2223 4189 2388 4246 Pater
2449 4205 2632 4245 vocari
2685 4189 2857 4245 Filius
2919 4188 3131 4255 nequit,
3192 4201 3367 4256 neque
3415 4182 3588 4241 Filius

2015 4303 2033 4336 ι
2069 4282 2250 4349 Pater,
2277 4299 2344 4339 ne
2369 4283 2426 4338 in
2463 4282 2686 4339 Sabellii
2719 4281 3045 4338 sententiam
3077 4278 3438 4334 incidamus.»

2588 4463 3009 4519 Animadversio.

394 4582 415 4613 ι
464 4562 611 4632 Ὀρα
640 4560 738 4615 καὶ
768 4560 863 4613 τὸν
899 4560 1077 4630 μέγαν
1104 4561 1204 4629 τῆς
1255 4561 1589 4632 οἰκουμένης
1635 4563 1901 4634 φωστῆρα

2083 4577 2102 4610 ι
2138 4556 2275 4613 Vide
2305 4556 2453 4611 orbis
2479 4564 2745 4633 terrarum
2777 4555 2956 4607 lumen
2993 4561 3047 4607 et
3075 4550 3422 4621 magistrum,
3455 4561 3590 4617 qua-

332 4676 350 4708 ι
410 4654 511 4707 καὶ
541 4653 889 4715 διδάσκαλον,
921 4651 1045 4715 πῶς
1093 4652 1279 4723 πηγὴν
1334 4652 1432 4706 τοῦ
1466 4652 1786 4723 Πνεύματος
1811 4655 1905 4708 τὸν

325 4766 344 4798 ι
406 4746 631 4816 Πατέρα
658 4747 899 4813 διδάξας,
953 4746 1202 4814 ποταμὸν
1247 4745 1305 4798 δὲ
1335 4746 1435 4813 τῆς
1475 4746 1660 4815 πηγῆς
1698 4763 1901 4818 προερ-

324 4859 344 4893 ο
390 4840 624 4910 χόμενον
645 4838 738 4891 τὸν
757 4839 910 4904 Υίὸν,
929 4837 1074 4906 ὕδωρ
1096 4837 1155 4891 δὲ
1173 4836 1270 4892 τοῦ
1294 4838 1546 4907 ποταμοῦ
1568 4838 1628 4890 τὸ
1654 4837 1901 4910 Πνεῦμα,

322 4949 342 4982 ι
391 4930 574 5002 ῥητῶς
605 4930 945 5000 ἀπαγορεύει
969 4928 1063 4982 τὸν
1104 4929 1350 4999 ποταμὸν
1400 4931 1584 5000 πηγὴν
1637 4930 1904 5002 ὀνομάζει

324 5040 348 5077 τ.
391 5023 541 5077 σθαι.
572 5023 635 5074 Et
666 5022 803 5091 γοῦν
839 5020 917 5092 μὴ
947 5022 1100 5092 πηγὴ
1123 5024 1151 5075 6
1185 5022 1338 5085 Υίδς,
1372 5021 1490 5084 πῶς
1540 5024 1901 5095 ἐκπορεύεται

321 5138 340 5167 ο
388 5112 584 5166 τούτου
612 5111 675 5164 τὸ
706 5110 1028 5180 Πνεῦματὺ
1053 5111 1250 5178 ἆγιον;
1289 5128 1307 5161 ι

670 5276 673 5277 ν
915 5203 1320 5271 Ἀντίρῤησις.

385 5298 462 5350 Σὺ
495 5295 599 5368 μὲν
631 5297 693 5349 τὸ
724 5295 1086 5367 παραληφθὲν
1117 5294 1194 5366 τῷ
1224 5293 1557 5366 Χρυσολόγῳ
1587 5297 1764 5368 Πατρὶ
1792 5313 1901 5350 πα-

319 5390 593 5459 ράδειγμα
628 5389 730 5459 τῆς
761 5388 948 5460 πηγῆς
973 5387 1072 5440 τοῦ
1109 5387 1361 5457 ποταμοῦ
1414 5388 1510 5440 καὶ
1551 5389 1647 5442 τοῦ
1676 5387 1896 5455 ὕδατος,

252 5483 257 5487 ’
316 5483 396 5544 εἰς
430 5481 622 5535 εἰκόνα
645 5481 748 5550 τῆς
772 5479 1150 5534 ἀνεικονίστου
1190 5480 1235 5532 Τ
1242 5480 1446 5550 ριάδος,
1499 5482 1580 5543 εἰς
1619 5481 1898 5547 ἀπόδειξιν

315 5572 458 5641 τάχα
488 5571 773 5643 προϐάλλῃ
803 5570 897 5623 τοῦ
934 5570 1010 5640 μὴ
1045 5564 1187 5623 εἶναι
1214 5570 1273 5622 τὸ
1311 5570 1532 5640 Πνεῦμα
1563 5573 1665 5625 καὶ·
1703 5573 1769 5626 ἐκ
1800 5571 1895 5626 τοῦ

316 5662 471 5717 ἰ’ίοῦ’
540 5663 699 5717 τοῦτο
727 5663 832 5733 γάρ
858 5680 939 5716 σοι
967 5662 1030 5717 τὸ
1082 5662 1523 5732 σκοπιμώτατον.
1571 5663 1642 5718 T6
1675 5664 1733 5718 δὲ
1766 5665 1896 5721 κάλ-

393 5818 437 5852 ³⁶
460 5817 663 5884 .lerem.
699 5835 757 5889 lt,
797 5819 881 5887 1‘2,
912 5818 1000 5874 15.
1077 5817 1119 5849 ²¹
1146 5816 1252 5873 lsa.
1278 5831 1423 5886 ιιι-ι,
1452 5814 1537 5869 t2.

2015 4671 2032 4704 ι
2072 4667 2198 4706 nam
2236 4650 2469 4713 ratione,
2492 4663 2618 4703 cum
2665 4647 2904 4717 Spiritus
2949 4644 3155 4700 inritent
3193 4643 3409 4698 Patrem
3447 4641 3589 4695 iudi-

2018 4764 2034 4796 ε
2070 4752 2270 4809 casset,
2298 4743 2520 4797 ﬂuvium
2555 4757 2621 4796 ex
2658 4738 2809 4794 fonte
2849 4739 3187 4794 exsilientcm
3231 4736 3450 4801 Filium,
3481 4734 3591 4789 ﬂu-

2015 4855 2032 4888 ι
2072 4835 2142 4890 vii
2181 4850 2378 4906 aquam
2409 4833 2695 4905 Spiritum,
2734 4845 2996 4901 expresse
3027 4829 3315 4899 prohibeat
3362 4826 3587 4880 ﬂuvium

2015 4945 2033 4978 ι
2073 4925 2277 4981 fontem
2305 4922 2587 4995 appellari.
2637 4920 2694 4975 Si
2746 4921 2933 4990 itaque
2975 4916 3146 4974 Filius
3172 4916 3296 4972 fons
3328 4933 3437 4970 non
3474 4926 3585 4980 est,

2014 5035 2033 5069 ι
2072 5032 2181 5087 qua
2211 5017 2421 5071 ratione
2454 5030 2518 5069 ex
2551 5029 2614 5069 eo
2646 5012 2882 5083 Spiritus
2915 5017 3141 5067 sanctus
3167 5008 3453 5081 procedit?
3491 5023 3510 5057 ο

2656 5199 2948 5270 Refutatio.

2076 5295 2156 5353 Tu
2189 5296 2409 5367 quidem
2450 5294 2757 5363 exemplum
2809 5292 2977 5349 fontis
3009 5290 3183 5356 ﬂuvii,
3217 5298 3267 5344 et
3316 5301 3472 5357 aqum
3509 5284 3581 5341 ab

1999 5390 2150 5444 aurei
2195 5388 2466 5445 sermonis
2502 5387 2728 5442 doctore
2757 5386 2812 5440 in”
2843 5383 3146 5446 Trinitatis,
3178 5395 3298 5451 quae
3342 5378 3475 5434 nulli
3505 5380 3581 5435 si-

2001 5480 2293 5537 militudini
2350 5479 2585 5534 obnoxia
2634 5486 2740 5544 est,
2768 5473 3182 5533 similitudinem
3233 5472 3582 5541 desumptam

2003 5575 2068 5629 ad
2095 5572 2605 5630 rdemonstrandum
2650 5570 2808 5625 nobis
2861 5565 3078 5635 ohjicis,
3140 5560 3400 5631 Spiritum
3468 5577 3576 5617 non

1950 5676 1958 5689 '
2005 5681 2130 5725 esse
2162 5667 2326 5722 etiam
2355 5681 2421 5721 ex
2454 5663 2616 5731 Filio,
2659 5660 2805 5733 quod
2857 5659 2952 5715 tibi
2998 5669 3199 5725 scopus
3258 5652 3579 5725 potissimus
