4002 6442
425 401 528 487 ιιι

1453 401 1662 464 JOAN.
1705 400 1920 461 VECCI
1967 399 2082 460 (ΞΡ.
2121 399 2632 476 PATBIARCILE

3565 410 3669 472 41⁸2

424 527 533 573 est.
589 517 971 573 Verumtamen
1023 516 1128 571 hoc
1182 514 1646 571 accommodatius
1711 515 1992 584 adaptatur

2101 511 2256 564 λιστα
2287 513 2490 582 μᾶλλον
2519 517 2584 583 τῇ
2611 511 2861 584 θεολογίᾳ
2891 513 3197 586 ἐφαρμόζει
3227 516 3338 571 τῶν
3361 517 3425 572 ἐκ
3459 519 3670 590 Πατρὺς

427 611 590 665 dictis
619 626 810 664 eorum
845 608 1182 678 theologicis,
1209 608 1302 677 qui
1335 616 1592 662 asserunt
1627 605 1888 678 Spiritum
1929 624 1995 663 ex

425 700 588 755 Patre
621 717 715 769 per
757 699 952 753 Filium
981 714 1122 762 esse,
1163 702 1307 754 unde
1344 701 1494 754 nullo
1525 702 1778 756 obstante
1811 703 1994 771 sequi-

427 805 540 856 tur,
569 808 633 847 ex
661 802 890 862 utroque
927 793 1186 862 Spiritum
1243 792 1483 848 decerni.
1521 793 1994 859 Quemadmodum

371 927 378 937 τ
429 884 572 937 enim
606 899 800 952 aquam
838 899 931 952 per
959 883 1184 938 ﬂuvium
1225 899 1291 939 ex
1329 882 1474 940 fonte
1521 894 1884 945 eiiianantem.
1927 899 1996 939 ex

426 985 658 1042 utroque
686 975 910 1039 eﬂ'undi,
943 975 1127 1032 nullus
1161 985 1267 1044 est,
1299 976 1392 1045 qui
1430 986 1610 1046 negat,
1663 976 1742 1032 sic
1775 987 1825 1032 et
1875 976 1997 1048 Spi-

429 1068 571 1120 ritus
633 1083 730 1137 per
782 1067 980 1121 Filium
1016 1084 1349 1138 promanans
1379 1071 1447 1124 ab
1508 1083 1741 1141 utroque
1793 1069 1992 1127 exsilit.

424 1157 577 1222 Quod
616 1158 660 1211 si
695 1174 762 1211 ex
801 1173 868 1212 eo
914 1159 1054 1226 quod
1087 1159 1510 1230 Chrysostomus
1555 1173 1719 1228 vetat,
1771 1161 1992 1216 ﬂuvium

425 1252 636 1304 fontem
669 1250 874 1315 vocari,
927 1260 982 1303 tu
1019 1267 1238 1321 quoque
1274 1253 1430 1307 nobis
1466 1254 1741 1320 prohibes,
1776 1271 1844 1309 ne
1871 1256 1994 1310 fon-

424 1350 532 1394 tem
565 1357 688 1395 esse
735 1342 967 1411 Spiritus
995 1341 1192 1397 Filium
1241 1361 1636 1409 asseveremus,
1683 1349 1818 1402 scito
1869 1358 1919 1403 te
1963 1364 1993 1404 a

425 1432 613 1501 regula
655 1441 707 1487 et
737 1435 1145 1502 prmseriptione
1195 1437 1442 1492 veritatis
1475 1439 1840 1503 aberrantem,
1877 1442 1995 1496 haec

422 1525 736 1592 prohibere,
773 1536 825 1579 et
861 1541 1058 1595 magno
1100 1528 1422 1593 Athanasio,
1475 1546 1691 1586 necnon
1749 1532 1992 1605 Chryso-

424 1627 604 1669 stomo
637 1615 736 1685 ipsi
766 1619 1158 1672 contradicere.
1184 1618 1337 1674 Licet
1365 1623 1508 1676 enim
1548 1623 1637 1678 hic
1660 1639 1860 1681 aureus
1890 1626 1996 1681 Pa-

425 1720 506 1760 ter
529 1708 673 1762 clare
703 1710 969 1764 rationem
1003 1713 1254 1778 reddens,
1287 1715 1356 1768 ob
1386 1731 1549 1783 quam
1587 1718 1854 1787 quispiam
1893 1719 1994 1776 ﬂu-

427 1800 572 1853 vium
609 1814 804 1888 vocare
837 1799 1038 1855 fontem
1073 1818 1180 1856 non
1216 1805 1414 1870 valeat,
1443 1822 1622 1877 neque
1652 1825 1845 1866 rursus
1873 1811 1994 1866 l'on-

425 1904 532 1948 tem
566 1893 784 1948 (luvium
825 1913 839 1948 :
879 1895 939 1950 Et
973 1897 1110 1950 ratio
1139 1908 1241 1958 est.
1281 1901 1424 1968 quod
1475 1901 1616 1957 inter
1669 1919 1728 1958 se
1773 1907 1995 1962 nomina

425 2001 534 2038 non
572 1995 974 2053 permutantur,
1010 2003 1074 2041 ne
1106 1987 1158 2041 in
1189 1987 1408 2044 Sabellii
1435 1995 1758 2049 sententiain
1793 1997 1998 2053 incida-

423 2089 568 2137 mus,
603 2075 715 2128 haec
747 2074 836 2127 ille
864 2074 932 2128 de
965 2074 1125 2131 dictis
1169 2078 1482 2134 nominibus
1525 2081 1709 2148 lentis,
1747 2085 1916 2152 ﬂuvii,
1945 2098 2000 2144 et

424 2178 578 2232 aquae
615 2164 838 2232 protulit
873 2181 1211 2236 qua-cunque
1249 2167 1336 2222 illa
1367 2170 1514 2238 sintj;
1539 2185 1907 2231 verumtamen
1942 2179 1996 2233 in

423 2268 457 2306 ο
491 2255 671 2308 atim.e
695 2271 789 2308 sua
840 2258 904 2310 de
935 2267 1280 2312 sacramento
1297 2259 1658 2329 baptismatis,
1685 2266 1841 2334 cujus
1869 2267 1994 2323 illud

425 2346 750 2415 principium
791 2359 873 2402 est
905 2363 920 2400 :
956 2365 974 2400 ι
1014 2347 1222 2405 Rursus
1249 2352 1409 2408 nobis
1450 2354 1590 2410 bcati
1629 2355 1848 2414 Davidis
1885 2362 1996 2429 spi-

423 2438 599 2492 ritalis
648 2439 855 2491 cithara
888 2480 901 2500 ,
950 2457 968 2492 ι
1007 2441 1149 2495 hunc
1177 2442 1228 2494 in
1262 2444 1500 2511 modum,
1543 2461 1642 2500 nec
1682 2447 1997 2503 halsitantcr

423 2528 634 2584 locutus
667 2538 750 2583 est
789 2541 805 2583 ι
850 2547 868 2582 ι
907 2531 1194 2601 Propterea
1231 2533 1479 2591 Salvator
1522 2540 1763 2594 ostendit
1801 2552 1996 2598 semet-

420 2625 600 2688 ipsum
663 2622 866 2676 l‘ontem
926 2623 1080 2686 vitae,
1123 2633 1178 2679 et
1239 2642 1434 2695 aquam
1499 2629 1674 2684 vivam
1729 2629 1992 2700 Spiritum

421 2724 693 2767 Sanctum.
738 2733 756 2763 ι
794 2715 857 2767 Et
916 2715 969 2768 in
1023 2717 1182 2772 rebus
1238 2718 1556 2790 tlteologicis
1604 2726 1996 2792 pertractandis

422 2817 655 2870 magnus
713 2806 1044 2860 Athanasius
1102 2809 1350 2864 oratione
1401 2811 1468 2864 de
1509 2813 1786 2883 Unigeniti
1832 2813 1992 2868 Verbi

421 2893 816 2959 incarnatione,
843 2908 894 2950 et
918 2899 985 2951 de
1021 2895 1079 2952 S.
1111 2897 1324 2963 Triade,
1343 2903 1500 2974 cujus
1528 2903 1851 2974 principium
1889 2916 1991 2971 est,

427 3001 445 3033 ι
489 2979 594 3048 Qui
637 2983 905 3038 malitiose
953 2987 1168 3042 divinas
1216 2989 1527 3058 Scripturas
1565 2993 1868 3064 intelligere
1903 3012 1994 3050 νυ-

419 3071 564 3136 lunt,
604 3091 622 3125 ι
657 3073 736 3128 sic
767 3075 842 3130 ait
884 3093 897 3130 :
938 3095 956 3129 ι
995 3076 1280 3148 Propterea
1312 3082 1478 3137 David
1527 3098 1728 3140 canens
1767 3088 1992 3141 Domino

417 3163 648 3216 etiatur:
684 3163 838 3233 Apud
893 3176 944 3221 te
984 3167 1107 3221 l'ons
1139 3170 1284 3236 vitae,
1323 3171 1376 3224 in
1421 3172 1626 3228 lumine
1657 3186 1751 3228 tuo
1779 3175 1987 3230 videbi-

417 3266 542 3306 mus
565 3253 769 3308 lumen.
791 3253 948 3312 Novit
967 3259 1234 3328 siquidem
1254 3261 1398 3330 apud
1417 3262 1630 3318 Patrem
1655 3263 1852 3320 Filium
1872 3281 1992 3323 esse

417 3343 620 3402 fontem
654 3347 888 3417 Spiritus
915 3352 1111 3406 sancti.
1139 3373 1157 3405 ι
1199 3353 1330 3420 Quae
1347 3370 1469 3410 cum
1503 3359 1789 3426 agnoveris
1805 3360 1992 3418 Patres

421 3449 642 3494 nostros
669 3439 1124 3512 Chrysostomnm
1159 3455 1214 3500 et
1253 3447 1611 3504 Athanasium
1647 3451 1820 3516 etfari,
1863 3469 1993 3510 cave

419 3543 488 3582 nc
525 3529 577 3582 in
610 3541 887 3598 posterum
931 3535 1295 3605 impudenter,
1339 3555 1393 3594 et
1419 3555 1605 3609 parum
1645 3545 1993 3601 considerate

418 3619 594 3686 dicas,
643 3619 838 3676 Filium
887 3640 992 3678 non
1049 3641 1171 3681 esse
1215 3627 1420 3684 fontem
1467 3629 1726 3701 Spiritus,
1758 3644 1992 3691 attente-

419 3729 530 3782 que
569 3715 877 3783 considera,
928 3733 1033 3787 qua
1080 3721 1291 3776 ratione
1337 3725 1690 3793 opprobrium
1744 3727 1990 3798 effugias,

420 3809 488 3873 si,
525 3821 648 3862 cum
705 3815 760 3862 tu
811 3810 1035 3878 dixeris,
1081 3811 1136 3867 Si
1171 3829 1304 3884 ergo
1357 3832 1462 3881 non
1493 3827 1578 3873 est
1621 3821 1741 3874 fons
1797 3819 1990 3887 Filius,

419 3898 698 3966 quomodo
730 3900 976 3966 procedit
1007 3915 1072 3954 ex
1121 3902 1221 3957 hoc
1272 3902 1508 3972 Spiritus
1539 3909 1799 3963 sanctus?
1830 3909 1992 3964 Italus

421 3987 647 4042 inducat
681 3989 848 4042 illud:
885 3990 1090 4055 Quodsi
1115 3991 1238 4046 lotis
1275 3992 1511 4062 Spiritus
1535 3995 1705 4052 Filius
1729 4007 1828 4064 est,
1850 4015 1991 4069 quo-

419 4079 584 4134 modo
617 4095 724 4135 non
751 4082 994 4151 procedit
1027 4099 1093 4139 ex
1123 4099 1190 4141 eo
1219 4084 1456 4157 Spiritus
1489 4091 1758 4144 sanctus?

621 4265 876 4337 Ejusdem
914 4283 978 4323 ea;
1001 4268 1218 4325 homilia
1239 4271 1302 4326 de
1336 4271 1539 4343 Spiritu
1571 4283 1780 4328 sancto.

2103 602 2170 655 6t’
2201 602 2332 655 Υίοῦ
2381 604 2441 656 τὸ
2497 604 2722 674 Πνεῦμα
2759 599 2902 656 εἶναι
2946 606 3432 678 τεθεολογηκότων,
3477 610 3672 666 ὁπόθεν

2103 693 2391 748 ἀκολουθεῖ
2411 695 2470 748 τὸ
2507 695 2788 749 ἀκώλυτον
2816 696 2907 751 τοῦ
2963 695 3021 764 ἐξ
3073 697 3278 768 ἀμφοῖν
3327 701 3388 754 τὸ
3447 701 3668 772 Πνεῦμα

2103 787 2498 854 θεολογεῖσθαι’
2521 788 2597 851 ὡς
2634 790 2744 860 γὰρ
2773 788 2833 842 τὸ
2867 787 3011 862 ὕδωρ
3060 791 3151 844 διὰ
3185 791 3282 846 τοῦ
3333 795 3581 864 ποταμοῦ
3609 797 3672 851 ἐκ

2102 878 2201 948 τῆς
2235 879 2420 948 πηγῆς
2449 881 2823 952 προχεόμενον
2871 883 2966 936 καὶ
3008 883 3068 948 ἐξ
3106 885 3313 954 ἀμφοῖν
3341 887 3668 956 προχεῖσθαι

2102 970 2518 1042 ἀνωμολόγηται
2547 987 2564 1004 ⁸
2599 969 2740 1026 οὕτω
2761 974 2855 1028 καὶ
2893 973 2955 1026 τὸ
2984 974 3212 1046 Πνεῦμα
3243 978 3309 1030 ἐκ
3341 977 3436 1031 τοῦ
3460 979 3672 1050 Πατρδς

2101 1060 2188 1115 ala
2209 1062 2300 1115 τοῦ
2328 1061 2460 1116 Υίοῦ
2484 1064 2906 1134 προερχόμενον,
2981 1065 3041 1130 ἐξ
3072 1067 3276 1136 ἀμφοῖν
3307 1067 3426 1122 ἐστι
3463 1087 3670 1142 προερ-

2100 1153 2352 1224 χόμενον.
2387 1151 2448 1206 El
2477 1153 2533 1207 δὲ
2557 1155 2694 1208 διότι
2719 1157 2748 1208 6
2773 1157 3194 1229 Χρυσορῤήμων
3221 1159 3560 1230 ἀπαγορεύει
3583 1163 3674 1218 τὸν

2102 1243 2346 1312 ποταμὸν
2381 1244 2564 1314 πηγὴν
2613 1245 3004 1314 ὀνομάζεσθαι,
3055 1248 3425 1319 ἀπαγορεύεις
3459 1250 3556 1304 καὶ
3608 1250 3671 1304 σὺ

2100 1333 2285 1402 πηγὴν
2311 1327 2448 1385 εἶναι
2481 1335 2575 1386 τοῦ
2605 1333 2921 1403 Πνεύματος
2952 1336 3043 1388 τὸν
3069 1332 3198 1389 Ῡίόν
3231 1352 3244 1366 ·
3281 1337 3400 1390 ἀλλ’
3441 1337 3574 1400 ίσθι,
3601 1337 3672 1400 ὡς

2100 1423 2421 1494 ἐπισφαλῶς
2467 1425 2837 1496 ἀπαγορεύεις
2912 1427 3114 1481 τοῦτο·
3169 1430 3266 1482 καὶ.
3311 1430 3392 1495 τῷ
3451 1429 3673 1500 μεγάλῳ

2111 1518 2436 1590 Ἀθανασίῳ,
2492 1520 2586 1573 καὶ
2633 1520 2782 1591 αῦτῷ
2843 1521 2902 1574 δὲ
2937 1520 3014 1592 τῷ
3060 1523 3490 1593 Χρυσορῤήμονι
3531 1521 3674 1575 τοῦδ’

2100 1609 2263 1665 ἕνεκα
2295 1612 2620 1680 ἀντιλέγεις.
2649 1613 2709 1664 Εἰ
2739 1612 2844 1682 γὰρ
2875 1613 2970 1665 καὶ
3031 1613 3266 1666 ἐνταῦθα
3299 1615 3328 1666 6
3349 1615 3674 1686 Χρυσοῤῥήο

2103 1721 2219 1772 μων
2246 1703 2457 1774 Πατὴρ.
2491 1702 2676 1772 σαςῶς
2705 1703 2796 1758 τὸν
2831 1703 2991 1770 λόγον
3020 1702 3214 1768 διδοὺς,
3245 1703 3367 1756 καθ’
3396 1704 3454 1756 ὅν
3486 1721 3570 1768 τις
3609 1704 3668 1758 οὔ

2099 1795 2321 1849 δύναται
2353 1797 2580 1849 καλέσαι
2621 1796 2866 1864 ποταμὸν
2889 1795 2984 1865 τὴν
3007 1796 3212 1866 πηγὴν,
3237 1794 3361 1848 οὔτε
3395 1795 3562 1848 πάλιν
3583 1795 3674 1852 τὸν

2031 1864 2072 1918 Β
2099 1888 2344 1956 ποταμὸν
2374 1887 2601 1940 καλέσαι
2624 1889 2807 1956 πηγήν
2833 1903 2848 1919 ο
2910 1864 2948 1938 6
2989 1887 3046 1939 δὲ
3073 1864 3080 1866 ν
3105 1864 3261 1954 λόγος
3293 1886 3355 1940 τὸ
3401 1886 3477 1958 μὴ
3507 1903 3673 1956 μετα-

2099 1979 2391 2034 ϐάλλεσθαι
2418 1981 2498 2040 είς
2530 1978 2737 2048 ἄλληλα
2771 1979 2841 2032 τὰ
2880 1978 3144 2048 ὀνόματα,
3179 1978 3269 2030 ῖνα
3315 1977 3390 2048 μὴ
3433 1979 3516 2042 είς
3573 1980 3673 2048 τὴν

2099 2071 2390 2124 Σαϐελλίου
2429 2069 2588 2134 δόξαν
2642 2071 2992 2140 ἐκπέσωμεν,
3021 2069 3248 2124 τοιαῦτα
3294 2069 3490 2139 εἴρηκε
3539 2069 3673 2139 περὶ

2097 2160 2205 2216 τῶν
2237 2161 2522 2230 ὀνομάτων
2551 2160 2650 2230 τῆς
2705 2161 2912 2230 πηγῆς,
2942 2160 3038 2214 τοῦ
3089 2160 3363 2231 ποταμοῦ,
3421 2159 3519 2213 καὶ
3579 2158 3670 2213 τοῦ

2100 2251 2309 2317 ὕδατος,
2343 2247 2538 2320 οἷάπερ
2561 2252 2655 2304 καὶ
2693 2250 2916 2319 εἴρηκεν
2935 2266 2950 2281 ⁸
2982 2249 3099 2304 ἀλλ’
3126 2251 3184 2304 ἐν
3217 2249 3296 2320 τῷ
3325 2250 3472 2322 λόγῳ
3503 2247 3671 2304 αὐτοῦ

2097 2345 2173 2414 τῷ
2203 2347 2280 2407 εἰς
2321 2344 2380 2396 τὸ
2415 2344 2716 2413 μυστήριον
2743 2344 2838 2396 τοῦ
2873 2342 3272 2412 βαπτίσματος,
3303 2339 3366 2397 οὗ
3402 2344 3435 2414 ἡ
3483 2342 3628 2413 ἀρχή
3653 2354 3668 2371 ⁸

2103 2455 2122 2487 ‹
2169 2435 2342 2490 Πάλιν
2364 2437 2496 2505 ἡμῖν
2558 2436 2590 2504 ἡ
2630 2434 2722 2487 τοῦ
2783 2435 3058 2503 μακαρίου
3095 2433 3262 2488 Δαυῒδ
3315 2431 3676 2504 πνευματικὴ

2097 2530 2318 2596 κιθάρα,
2361 2547 2378 2579 ι
2418 2527 2603 2594 σαφῶς
2632 2526 2857 2596 εἴρηκεν
2891 2525 3036 2579 οὕτω
3061 2544 3073 2557 ·
3111 2545 3130 2578 ι
3171 2525 3273 2580 Διά
3299 2525 3460 2580 τοῦτο
3493 2527 3521 2579 6
3557 2527 3676 2579 Σω-

2095 2620 2198 2691 τὴρ
2229 2620 2502 2674 δείκνυσιν
2532 2620 2724 2674 ἑαυτὸν
2759 2619 2942 2690 πηγὴν
2965 2618 3144 2688 ζωῆς,
3173 2621 3270 2672 καὶ
3297 2617 3443 2689 ὕδωρ
3475 2617 3584 2684 ζῶν
3609 2617 3674 2671 τὺ

2097 2712 2321 2780 Πνεῦμα
2353 2713 2414 2763 τὸ
2443 2712 2616 2779 ἅγιον.
2653 2731 2672 2764 ι
2727 2713 2835 2766 Καὶ
2863 2713 2892 2764 6
2917 2711 3014 2782 τὴν
3065 2709 3346 2778 θεολογίαν
3395 2709 3452 2762 δὲ
3501 2709 3674 2772 πολὺς

2109 2803 2425 2867 Ἀθανάσιος
2457 2805 2514 2856 ἐν
2542 2804 2618 2873 τῷ
2652 2803 2904 2874 περὶτῆς
2935 2803 3204 2874 ὲνσὰρκου
3231 2801 3546 2872 οἰκονομίας
3573 2799 3671 2854 τοῦ

2096 2895 2233 2948 Θεοῦ
2261 2894 2457 2962 Λόγου,
2491 2895 2584 2946 καὶ
2637 2896 2768 2964 περὶ
2790 2894 2888 2964 τῆς
2929 2894 3093 2964 ἁγίας
3129 2893 3361 2964 Τριὰδος
3389 2893 3538 2964 λόγῳ
3569 2893 3672 2946 αύ-

2094 2988 2211 3048 τοῦ,
2238 2982 2297 3041 οῦ
2326 2989 2358 3056 ἡ
2392 2988 2568 3058 ἀρχή·
2609 3005 2628 3039 t
2667 2987 2730 3041 υί
2765 2987 3111 3057 κακοτέχνως
3133 2987 3231 3049 τὰς
3260 2985 3413 3049 θείας
3445 2985 3674 3056 Γῳφάς

2097 3080 2410 3150 βουλόμενοι
2435 3081 2597 3146 νοεῖν,
2637 3097 2655 3132 ι
2685 3079 2827 3134 οὕτω
2855 3081 3019 3150 φησιν
3038 3096 3052 3110 ο
3083 3097 3102 3132 ι
3132 3079 3232 3132 Διά
3262 3079 3421 3133 τοῦτο
3450 3079 3478 3131 6
3507 3077 3673 3132 Δαυῒδ

2091 3172 2310 3240 ψάλλων
2347 3171 2424 3242 τῷ
2450 3171 2571 3240 Θεῷ
2610 3188 2775 3240 φησιν
2806 3172 2890 3226 ὅτι
2927 3191 2946 3225 ι
2986 3173 3146 3240 Παρά
3201 3170 3286 3224 σοὶ
3311 3169 3465 3243 πηγὴ
3495 3168 3669 3239 ζωῆς,

2093 3265 2150 3316 ὲν
2178 3263 2254 3334 τῷ
2279 3265 2416 3330 φωτί
2466 3281 2560 3317 σου
2598 3264 2842 3335 ὀψόμεθα
2873 3266 3047 3334 φῶς.»
3085 3261 3208 3319 οῐδε
3259 3263 3370 3336 γὰρ
3393 3266 3546 3336 ’πιτιρδι
3589 3264 3672 3334 τῷ

2095 3357 2271 3426 Πατρὶ
2309 3357 2438 3410 ὅντα
2469 3357 2560 3409 τὸν
2587 3357 2737 3422 Υίῦν,
2774 3355 2873 3427 τὴν
2898 3357 3084 3427 πηγὴν
3138 3356 3234 3410 τοῦ
3284 3357 3448 3426 ἁγίου
3493 3355 3671 3410 Πνεύ·

2095 3464 2284 3518 ματος.
2332 3467 2351 3500 ι
2413 3449 2584 3502 Ταῦτ’
2624 3445 2717 3502 οῦν
2759 3447 3016 3516 ἐγνωκὼς
3062 3450 3190 3513 τοὺς
3219 3449 3473 3520 Πατέρα-ς
3509 3449 3669 3520 ἡμῶν

2093 3541 2346 3608 λέγοντας
2383 3541 2772 3611 Χρυσόστομόν
2800 3557 2859 3593 τε
2920 3541 3017 3595 καὶ
3077 3541 3414 3606 ’Δθανὰσιον,
3469 3541 3669 3612 μηκέτ’

2093 3631 2286 3700 ἀνέδην
2315 3632 2410 3685 καὶ
2437 3632 2861 3702 ἀπερισκέπτως
2909 3633 3058 3702 ἐρεῖς
3089 3631 3166 3693 ὡς
3193 3635 3294 3686 οὐκ
3342 3633 3460 3686 ἐστι
3517 3632 3671 3704 πηγὴ

2091 3725 2188 3778 τοῦ
2215 3725 2529 3794 Πνεύματος
2551 3727 2581 3778 6
2610 3726 2750 3790 Υἱός.
2783 3725 3067 3792 Σκόπησον
3096 3725 3172 3789 δὲ,
3219 3725 3336 3788 πῶς
3375 3726 3448 3781 ,ἰν
3481 3743 3564 3778 σοι.
3589 3725 3674 3790 ἐξ·

2093 3817 2244 3873 ἐσται
2273 3818 2371 3890 τὴν
2401 3817 2665 3888 αἰσχύνην
2696 3821 2911 3888 φυγεῖν,
2941 3818 3039 3871 ἐὰν
3076 3817 3327 3886 λέγοντός
3363 3833 3461 3870 σου
3498 3819 3582 3880 τὸ.
3607 3818 3670 3870 Ei

2092 3911 2225 3980 γοῦν
2259 3909 2336 3982 μὴ
2366 3911 2515 3980 πηγὴ
2539 3912 2568 3963 6
2598 3909 2747 3974 Υίὸς,
2797 3909 2918 3972 πῶς
2957 3908 3321 3980 ἐκπορεύεται
3363 3908 3557 3962 τούτου
3611 3907 3674 3962 τὸ

2094 4005 2320 4073 Πνεῦμα
2349 4003 2412 4056 τὸ
2441 4003 2595 4071 ἀγιον
2623 4005 2988 4074 ἀντεπαγάγῃ
3025 4020 3107 4056 σοι
3135 4003 3165 4054 6
3223 4001 3450 4068 Ἰταλὸς,
3489 4002 3575 4067 τὸ,
3607 4003 3672 4054 Ei

2093 4094 2150 4148 δὲ
2183 4093 2334 4164 πηγὴ
2365 4095 2462 4147 τοῦ
2495 4093 2816 4162 Πνεύματος
2843 4097 2871 4148 ὁ
2904 4095 3054 4159 Υἱὸς,
3093 4093 3212 4160 πῶς
3241 4095 3342 4148 οὐκ
3363 4095 3673 4167 ἐκπορεύε-

2094 4200 2183 4239 ται
2211 4185 2407 4238 τούτου
2435 4184 2498 4240 τὸ
2529 4187 2754 4258 Πνεῦμα
2781 4187 2840 4240 τὸ
2862 4186 3055 4256 ἀγιον;

2101 4275 2216 4330 Τοῦ
2254 4279 2443 4332 αὐτοῦ
2487 4279 2560 4332 ἐκ
2583 4279 2696 4348 τῆς
2737 4280 2916 4402 agaplu
2940 4279 3048 4333 τοῦ
3087 4279 3264 4348 ἁγίου
3323 4282 3676 4349 Πνεὺματος

2789 4367 2862 4402 ιιι.
2919 4369 3012 4402 ac.

2783 4367 3012 4418 ψιηιιας.

490 4456 580 4514 iX.
605 4477 624 4510 ι
658 4457 842 4529 itaque
861 4460 1061 4516 dicitur
1081 4459 1318 4531 Spiritus
1350 4472 1594 4518 sanctus.
1616 4463 1722 4519 Ista
1739 4465 1882 4519 enim
1911 4475 1992 4522 est

2165 4460 2240 4514 ϐ’.
2281 4479 2300 4512 t
2347 4461 2584 4530 Λέγεται
2629 4463 2811 4516 τοίνυν
2861 4461 3086 4532 Πνεῦμα
3128 4462 3305 4531 ἅγιον.
3361 4463 3516 4534 Αὕτη
3563 4465 3676 4536 γάρ

314 4613 319 4618 _
424 4571 443 4603 ι
483 4551 655 4621 prima
687 4559 741 4606 et
780 4553 998 4622 prnpria
1050 4553 1374 4622 appellatio,
1429 4563 1483 4608 et
1512 4563 1570 4608 ut
1599 4555 1987 4612 evidentiorem

2102 4571 2120 4604 ι
2169 4555 2368 4625 ἐστινὴ
2403 4555 2568 4623 κυρία
2599 4555 2694 4608 acati.
2715 4553 2906 4624 πρώτη
2931 4557 3299 4626 προσηγορία,
3323 4558 3682 4624 ὲκφαντικω-
3723 4591 3764 4622 __,,-

425 4662 445 4694 ι
481 4643 684 4698 habens
735 4643 1149 4713 intelligentiam
1215 4645 1453 4716 Spiritus
1503 4647 1680 4701 sancti
1739 4656 1989 4704 naturam

2102 4661 2121 4694 ι
2165 4644 2330 4713 τέραν
2356 4645 2557 4713 ἔχουσα
2599 4645 2699 4714 τὴν
2741 4645 3008 4708 διάνοιαν,
3062 4647 3158 4699 καὶ
3206 4647 3536 4714 παριστῶσα
3568 4635 3749 4716 τοῦ

425 4753 442 4784 ι
480 4735 855 4798 demonstrat,
889 4735 1125 4804 Spiritus
1169 4747 1392 4792 sanctus
1444 4737 1672 4806 spiritus
1707 4737 1822 4794 Dei.
1859 4742 1992 4808 Quis

2101 4753 2120 4786 ι
2166 4735 2321 4801 ἁγίου
2348 4735 2663 4805 Πνεῦματος
2681 4735 2781 4806 τὴν
2797 4735 2980 4804 φύσιν,
3001 4738 3224 4806 Πνεῦμα
3248 4737 3424 4805 ἆγιον,
3446 4735 3731 4836 Πνεῦμαέ

423 4845 442 4876 ι
477 4827 620 4880 enim
644 4837 805 4882 vocat
836 4826 1097 4896 Spiritum
1125 4825 1409 4883 Dei?Audi
1445 4829 1779 4886 Salv-storem
1801 4833 1992 4890 dicen-

2100 4845 2118 4878 α
2164 4827 2256 4880 τοῦ
2295 4825 2451 4882 6505.-
2483 4826 2582 4890 Τίς
2619 4827 2756 4880 αὐτὸ
2790 4829 2949 4882 καλεῖ
2975 4829 3203 4899 Πνεῦμα
3257 4829 3432 4896 Θεοῦ;
3469 4831 3678 4885 ’Ἄκουε
3708 4825 3744 4894 ῗ,

422 4939 441 4971 ι
479 4929 619 4974 tem:
647 4921 802 4988 Quod
840 4921 884 4974 si
915 4934 1016 4990 ego
1049 4921 1100 4973 in
1129 4920 1322 4988 spiritu
1361 4920 1454 4976 Dei
1496 4923 1658 4992 ejicio
1692 4925 1989 4982 Daemonia.

423 5030 443 5064 ι
483 5009 552 5068 Ut
575 5013 760 5083 igitur,
787 5011 1216 5078 sicutdicebam,
1239 5028 1307 5066 ne
1324 5014 1448 5082 quis
1475 5015 1703 5071 audiens
1727 5017 1990 5088 Spiritum

423 5124 443 5156 ‹
480 5103 597 5166 Dei,
638 5113 786 5173 putet
825 5105 1107 5172 proprium
1148 5104 1404 5172 quiddam
1441 5107 1736 5176 signiﬁcari
1785 5119 1839 5165 et
1881 5126 1990 5166 non

423 5214 441 5247 ι
486 5209 780 5249 commune
804 5203 1032 5258 naturae,
1058 5193 1260 5249 Paulus
1284 5196 1411 5249 dicit
1436 5214 1449 5250 :
1481 5196 1645 5254 Nobis
1673 5209 1854 5254 autem
1879 5217 1988 5254 non

421 5304 441 5336 ι
481 5285 641 5338 datus
693 5293 777 5337 est
810 5281 1033 5351 spiritus
1085 5285 1317 5347 mundi,
1364 5285 1457 5341 scd
1499 5288 1725 5356 spiritus
1775 5289 1869 5357 qui
1922 5305 1990 5344 ex

423 5396 442 5429 ι
480 5375 592 5430 Deo
625 5383 726 5429 est.
755 5373 954 5428 lterum
983 5375 1180 5430 dicitur
1201 5377 1422 5446 spiritus
1455 5377 1648 5448 Patris,
1686 5382 1831 5436 sicut
1861 5381 1990 5436 Sal-

423 5487 442 5518 c
480 5477 634 5520 vator
679 5467 938 5536 apostolis
967 5470 1127 5524 dicit:
1161 5469 1236 5524 Ne
1266 5471 1487 5526 solliciti
1531 5475 1672 5540 sitis,
1715 5475 1991 5544 quomodo

427 5578 446 5608 ι
481 5558 565 5612 vel
614 5559 742 5626 quid
795 5559 1138 5628 loquamini:
1174 5577 1278 5615 non
1330 5564 1475 5616 enim
1533 5579 1624 5617 vos
1669 5565 1841 5628 estis,
1897 5564 1989 5633 qui

430 5669 448 5701 ι
484 5649 790 5719 loquimini,
823 5654 938 5716 sed,
971 5655 1194 5722 spiritus
1214 5652 1390 5709 Patris
1412 5656 1606 5719 nostri,
1636 5657 1726 5723 qui
1753 5657 1991 5724 loquitur

431 5759 451 5791 ι
489 5740 540 5794 in
573 5743 744 5798 vobis.
773 5743 923 5799 Sicut
954 5757 1130 5800 autem
1168 5747 1306 5800 dixit
1332 5747 1555 5815 spiritus
1589 5747 1704 5810 Dei,
1733 5757 1782 5799 et
1811 5746 1994 5801 subdit

401 5812 453 5882 ἰ
495 5831 801 5903 Scriptura,
833 5836 924 5904 qui
950 5852 1011 5891 cx
1047 5835 1152 5890 Dco
1193 5848 1272 5891 est
1305 5853 1318 5889 :
1357 5837 1434 5890 sic
1468 5837 1660 5889 iterum
1696 5835 1872 5888 dictus
1911 5843 1992 5889 cst

2105 4939 2124 4972 ι
2164 4921 2257 4972 τοῦ
2291 4921 2580 4989 Σωτῆροςο
2617 4939 2634 4971 ι
2674 4919 2740 4972 Ei
2763 4919 2819 4973 δὲ
2843 4919 2956 4989 ἐγὼ
2983 4922 3042 4974 ἐν
3081 4921 3361 4990 [Ινεύματι
3393 4921 3532 4975 Θεοῦ
3572 4903 3715 5004 ex-f

2097 5031 2116 5065 ι
2167 5011 2350 5066 ϐάλλω
2372 5012 2442 5064 τὰ
2467 5011 2745 5080 δαιμόνια.
2799 5031 2819 5063 ι
2861 5014 2979 5066 Ἵνα
3008 5013 3214 5081 τοίνυν,
3245 5013 3322 5078 ὡς
3366 5013 3540 5084 ἔφθην
3589 5015 3670 5068 εί·

2101 5123 2119 5156 ι
2163 5102 2301 5166 πὼν,
2337 5103 2412 5172 μή
2444 5121 2528 5166 τις
2559 5102 2798 5166 ἀκούσας
2833 5103 3079 5172 Πνεῦμα,
3111 5104 3312 5178 νομίσῃ
3358 5105 3678 5174 οἰκειότητα

2101 5212 2120 5244 ι
2168 5194 2528 5264 σημαίνεσθαι
2555 5195 2650 5248 καὶ
2685 5194 2763 5264 μὴ
2788 5193 3004 5262 φύσεως
3037 5197 3344 5263 κοινωνίαν,
3378 5199 3406 5250 6
3458 5197 3677 5260 Παῦλος

2101 5303 2120 5336 ι
2165 5286 2314 5352 λέγει
2337 5299 2352 5315 ³
2392 5303 2412 5337 t
2463 5285 2626 5355 Ὑμῖν
2651 5287 2709 5340 δὲ
2734 5286 2835 5340 οῦκ
2865 5285 3024 5356 ἐδόθη
3055 5289 3117 5340 τὸ
3157 5286 3382 5357 πνεῦμα
3419 5287 3512 5342 τοῦ
3547 5289 3679 5341 κόσ-

2100 5393 2121 5427 ι
2175 5390 2300 5446 μου,
2325 5377 2464 5430 ἀλλά
2491 5376 2553 5430 τὸ
2581 5377 2800 5448 πνεῦμα
2823 5377 2884 5430 τὸ
2912 5379 2978 5431 ὲκ
2995 5377 3090 5432 τοῦ
3121 5379 3280 5432 Θεοῦ.
3319 5379 3491 5434 Πάλιν
3512 5380 3676 5448 λέγει

2100 5485 2120 5520 t
2171 5479 2262 5521 ται
2318 5467 2535 5537 πνεῦμα
2591 5471 2832 5538 Πατρὸς,
2893 5469 2970 5535 ὡς
3022 5473 3051 5524 6
3103 5469 3299 5544 Stati-,9
3325 5474 3440 5536 τοῖς
3493 5473 3673 5540 ἁγίοις

2102 5577 2121 5610 ι
2170 5560 2491 5623 ἀποστόλοις
2515 5561 2666 5629 λέγει
2695 5576 2708 5591 ·
2772 5579 2792 5614 t
2833 5561 2924 5631 Μὴ
2990 5561 3358 5633 μεριμνήσετε
3393 5563 3508 5626 πῶς
3553 5563 3588 5633 ἦ
3615 5564 3676 5618 τί

2103 5669 2123 5703 ι
2168 5650 2455 5722 λειλήσετε.
2493 5653 2570 5707 Ού
2604 5654 2712 5724 γὰρ
2748 5654 2908 5723 ὑμεῖς
2929 5654 3055 5706 ἐστε
3085 5655 3133 5707 oi
3189 5653 3500 5721 λαλοῦντες,
3535 5657 3676 5710 ἀλλά

2104 5763 2122 5796 t
2166 5744 2229 5798 τὸ
2255 5746 2476 5814 Πνεῦμα
2508 5745 2601 5798 τοῦ
2640 5748 2855 5816 Πατρὶς
2892 5745 3046 5816 ὑμῶν
3063 5747 3124 5798 τὸ
3145 5745 3344 5799 λαλοῦν
3373 5747 3429 5798 ὲν
3458 5749 3612 5818 ὑμῖν.
3645 5769 3668 5804 ι

2105 5855 2121 5885 ι
2172 5836 2381 5906 Ὥσπερ
2420 5838 2474 5889 δὲ
2533 5834 2653 5890 εἷπε
2716 5837 2931 5907 πνεῦμα
2974 5836 3134 5903 Θεοῦ,
3171 5840 3261 5892 καὶ
3308 5840 3591 5910 ἐπήγαγεν
3639 5843 3679 5914 ἡ
