4002 6424
249 393 360 458 ιιι

1213 399 1299 460 IN
1337 399 1727 459 CAMA'I‘ERI
1762 400 2520 464 ANIMADVERSIONES.

3420 397 3527 463 414

260 534 278 564 ι
329 510 528 582 Γραφὴ
561 512 646 577 τὸ,
672 511 737 565 ἐκ
766 511 929 579 Θεοῦ,
963 512 1107 566 οὕτω
1140 513 1304 567 πάλιν
1345 514 1560 584 εἴρηται
1617 513 1838 584 πνεῦμα

2002 517 2228 579 spiritus
2258 516 2460 573 Patris.
2500 517 2565 571 Et
2604 534 2671 572 ne
2705 517 2903 587 putetis
2941 517 3043 571 hoc
3070 513 3373 571 secundum
3404 531 3532 583 pro-

250 620 269 653 ι
330 600 577 669 Πατρός.
609 600 722 653 Καὶ
758 601 849 654 ἴνα
888 603 963 671 μὴ
1010 604 1240 673 νομίσῃς
1273 603 1433 656 τοῦτο
1465 604 1586 656 κατ’
1618 604 1833 655 οἰκείω-

250 711 269 742 c
328 707 423 743 σιν
452 689 734 756 λέγεσθαι,
771 691 799 743 6
830 692 1018 762 Σωτὴρ
1040 691 1269 760 βεϐαιοῖ,
1308 712 1326 745 ι
1363 693 1531 746 Ὅταν
1558 693 1615 746 δὲ
1637 693 1765 765 ἔλοῃ
1808 695 1835 746 ὁ

250 801 269 834 ι
319 782 717 852 Παράκλητος,
760 783 820 837 τὸ
861 785 1086 856 Πνεῦμα
1135 786 1236 855 τῆς
1291 786 1568 857 ἀληθείας,
1613 785 1640 838 ὃ
1685 786 1836 854 παρὰ

252 890 271 922 ι
330 873 435 924 τοῦ
466 872 686 943 Πατρδς
734 875 1113 946 ἐκπορεύεται.
1156 895 1175 928 ι
1225 877 1375 929 Ἐκεῖ
1416 879 1480 929 ἐκ
1534 876 1694 941 Θεοῦ,
1734 870 1838 928 ὧδε

252 982 271 1014 ι
331 966 497 1034 παρὰ
543 965 640 1018 τοῦ
680 966 935 1034 Πατρός·
985 968 1122 1038 ὅπερ
1160 969 1449 1038 ἐπήγαγεν
1505 968 1705 1038 ἐαυτῷ,
1754 969 1837 1032 τὸ,

255 1076 274 1108 ι
340 1055 493 1124 Ἐγὼ
521 1057 677 1127 παρὰ
702 1057 800 1110 τοῦ
833 1060 1050 1129 Πατρὸς
1083 1059 1332 1127 ἐξῆλθον,
1371 1079 1390 1111 ι
1419 1059 1578 1113 τοῦτο
1608 1060 1705 1112 καὶ
1758 1058 1840 1129 τῷ

259 1166 276 1198 ι
331 1147 480 1216 ἁγίῳ
510 1145 810 1215 Πνεύματι,
844 1147 873 1200 ὃ
910 1149 1060 1218 παρὰ
1080 1147 1172 1201 τοῦ
1203 1148 1413 1214 Πατρδς
1431 1145 1838 1213 ἐκπορεύεται.

256 1260 275 1293 ι
330 1242 530 1293 Ἔστιν
561 1241 656 1294 οὖν
682 1241 819 1294 Θεοῦ
848 1242 1100 1313 Πνεῦμα,
1132 1243 1229 1296 καὶ
1260 1246 1325 1297 ὲκ
1353 1241 1488 1294 Θεοῦ
1507 1243 1603 1304 καὶ
1627 1242 1843 1310 Πατρὸς

261 1349 278 1381 ι
327 1332 583 1400 Πνεῦμα,
604 1334 711 1384 ,καὶ
742 1335 894 1402 παρὰ
925 1335 1022 1386 τοῦ
1050 1336 1261 1405 Πατρδς
1312 1334 1697 1404 ἐκπορεύεται.
1730 1334 1844 1386 Οὐκ

263 1443 280 1473 ι
324 1418 453 1475 εἷπε
484 1423 774 1476 Γεννᾶται.
813 1425 879 1475 Ἃ
902 1426 1011 1496 γὰρ
1043 1425 1100 1476 οὐ
1136 1428 1472 1493 γέγραπται,
1506 1425 1568 1476 οὐ
1602 1425 1682 1475 δεῖ
1712 1440 1846 1491 φρο-

266 1534 284 1565 ι
334 1518 474 1570 νεῖν.
506 1513 638 1576 Υἱὸς
659 1517 721 1566 ἐκ
749 1515 968 1581 Πατρὺς
1010 1516 1320 1585 γεννηθεὶς,
1359 1516 1586 1582 Πνεῦμα
1623 1517 1685 1565 ἐκ
1734 1516 1845 1566 [lat-

270 1624 288 1657 ι
330 1609 457 1676 ’πρὸς
486 1608 964 1675 ἐκπορευόμενον.
1008 1609 1200 1677 Ζητεῖς
1236 1608 1365 1675 παρ’
1396 1607 1532 1675 ἐμοῦ
1573 1606 1673 1675 τὴν
1722 1606 1853 1670 διατ

275 1722 292 1749 ι
336 1701 509 1769 φορὰν
534 1700 790 1762 πάντωςς
820 1698 945 1761 Πῶς
977 1698 1244 1768 ἐγεννήθη
1275 1697 1484 1766 μαθὼν,
1512 1697 1717 1767 ἔμαθες
1750 1696 1846 1749 καὶ

286 1809 303 1841 ι
342 1790 435 1841 τὸν
467 1791 682 1858 τρόπον,
709 1789 803 1841 καὶ
827 1789 1131 1851 κατέλαὸες
1154 1789 1466 1858 γεννήσεως
1487 1790 1580 1841 τὴν
1614 1788 1842 1856 τρόπον.

285 1921 301 1932 .
361 1857 628 1947 Ὀνόματά
650 1881 770 1933 ἐστι
798 1881 982 1932 πίστει
1005 1857 1319 1948 τιμώμενα,
1352 1879 1572 1932 εὐσεϐεῖ
1596 1877 1845 1948 λογισμῷ
1875 1857 1920 1915 Β

271 1989 291 2021 ι
338 1969 672 2040 τηρούμενα.
698 1971 794 2032 Τίς
819 1969 878 2023 δὲ
922 1971 955 2040 ἡ
995 1969 1223 2040 δύναμις
1264 1969 1359 2022 τοῦ
1409 1969 1841 2039 Ἐκπορεύεται;

267 2077 286 2110 ι
339 2060 430 2112 ἵνα
454 2060 519 2112 τὸ
544 2060 643 2128 τῆς
688 2061 1001 2130 γεννήσεως
1045 2060 1219 2130 ὄνομα
1254 2060 1503 2130 παρέλθῃ
1543 2062 1577 2130 ή
1627 2060 1844 2131 Γραφὴ,

262 2172 280 2203 ι
326 2153 416 2205 ἵνα
448 2154 526 2221 μὴ
560 2151 689 2205 Υίδν
724 2152 860 2204 αὐτὸ
902 2152 1137 2223 καλέσῃ,
1186 2151 1337 2219 λέγει
1381 2153 1613 2221 Πνεῦμα
1664 2152 1844 2219 ἅγιον,

264 2263 283 2295 ι
329 2244 360 2297 ὃ
394 2246 556 2313 παρὰ
586 2246 682 2297 τοῦ
714 2244 931 2311 Πατρὸς
989 2245 1376 2314 ἐκπορεύεται.
1430 2246 1662 2307 Εἱσάγει
1714 2245 1849 2298 αὐτὸ

255 2354 273 2384 ι
323 2334 782 2403 ἐκπορευόμενον
805 2334 881 2397 ὡς
907 2332 1055 2405 ὕδωρ
1083 2336 1195 2387 ἀπὸ
1228 2335 1434 2403 πηγῆς,
1488 2334 1631 2386 κατὰ
1662 2334 1724 2387 τὸ
1772 2335 1850 2387 εὶ-

253 2443 271 2476 t
324 2426 576 2495 ρημένον
610 2427 737 2495 περὶ
767 2427 861 2478 τοῦ
912 2426 1263 2495 παραδείσου.
1302 2445 1322 2478 ι
1379 2428 1631 2497 Ποταμὸς
1663 2427 1719 2478 δὲ
1746 2427 1841 2479 ὲκ-

255 2538 271 2567 ι
319 2517 625 2587 πορεύεται
679 2519 738 2584 ἐξ
812 2519 997 2588 Ἐδὲμ,
1046 2518 1407 2591 ἐκπορεύεται
1451 2520 1546 2571 καὶ
1583 2520 1847 2588 πηγάζει.

257 2631 274 2662 ι
338 2613 411 2665 '0
447 2614 640 2681 Πατὴρ
671 2611 822 2683 πηγὴ
857 2613 1049 2676 ὓδατος
1078 2613 1276 2678 ζῶντος
1313 2613 1555 2681 λέγεται,
1587 2614 1728 2666 κατὰ
1760 2614 1850 2666 τὸν

253 2724 272 2756 ι
328 2707 635 2774 προφήτην
678 2705 956 2775 Ἰερεμίαν
1010 2709 1103 2760 τὸν
1141 2706 1410 2773 λέγοντα·
1474 2725 1492 2757 ι
1557 2705 1784 2774 Ἐξέστη
1823 2706 1852 2758 ὁ

253 2815 270 2847 ι
317 2798 567 2866 οὐρανὸς
598 2797 695 2850 ἐπὶ
729 2797 929 2868 τούτῳ,
985 2800 1081 2851 καὶ
1120 2798 1341 2868 ἔφριξεν
1390 2798 1713 2868 ἐπιπλέονὴ
1755 2799 1851 2866 γῆ,

174 2932 177 2935 η
253 2908 270 2940 ι
325 2888 422 2942 ὅτι
462 2887 558 2940 δύο
590 2888 686 2940 καὶ
727 2889 944 2958 πονηρὰ
998 2882 1257 2958 ἐποίησεν
1290 2891 1319 2941 6
1362 2889 1494 2950 λαός
1546 2906 1669 2958 μου.
1722 2888 1854 2957 Ἐμὲ

250 2998 270 3031 ι
324 2980 666 3048 ἐγκατέλιπε
713 2982 899 3051 πηγὴν
949 2979 1138 3043 ὕδατος
1169 2980 1392 3044 ζῶντος.
1428 2999 1448 3033 ι
1507 2978 1857 3050 Ὀριζόμενος

251 3091 271 3123 ι
330 3073 532 3152 πηγὴν
558 3072 750 3138 ὓδατος
783 3074 1009 3139 ζῶντος,
1061 3073 1154 3126 τὸν
1184 3074 1404 3145 Πατέρα
1438 3077 1465 3127 ὁ
1495 3074 1637 3135 θεῖος
1701 3073 1856 3141 λόγος

253 3183 273 3216 ι
333 3166 649 3233 εἰσήγαγεν
679 3168 745 3218 ἐκ
778 3164 878 3234 τῆς
922 3163 1113 3235 πηγῆς
1177 3164 1279 3231 τῆς
1323 3164 1470 3233 ζωῆς
1520 3167 1582 3218 τὸ
1620 3164 1765 3234 ὕδωρ
1795 3165 1857 3217 τὺ
1885 3189 1925 3241 c

254 3276 275 3308 ι
327 3257 450 3320 ζῶν
483 3259 942 3327 ἐκπορευόμενον,
987 3257 1016 3310 ὃ
1072 3257 1228 3323 παρὰ
1273 3257 1370 3309 τοῦ
1421 3258 1634 3326 Πατρὸς
1693 3259 1859 3310 ἐκπο-

255 3371 279 3403 «
336 3351 589 3422 petierat.
613 3350 679 3403 Τί
713 3350 1083 3421 ἐκπορεύεται
1109 3367 1125 3416 ;
1155 3350 1230 3403 Τὸ
1266 3350 1494 3419 Πνεῦμα
1541 3351 1602 3401 τὸ
1654 3350 1815 3418 ἆγιον
1841 3389 1855 3404 .

258 3466 283 3497 ε
336 3444 504 3509 Πῶς;
542 3442 618 3505 ὡς
644 3443 756 3497 ἀπὸ
791 3444 976 3512 πηγῆς
1006 3442 1171 3512 ὕδωρ.
1214 3443 1390 3495 Πόθεν
1440 3441 1623 3506 τοῦτο,
1679 3445 1852 3498 ὅτιτὸ

260 3559 284 3592 ε
334 3539 572 3607 Πνεῦμα
600 3538 664 3590 τὸ
695 3539 852 3606 ἅγιον
880 3537 1025 3606 ὕδωρ
1060 3536 1351 3602 καλεῖται;
1385 3537 1602 3605 Λέγειό
1642 3536 1858 3609 Σωτὴρ,

261 3649 287 3682 ε
345 3628 417 3682 Ὅ
444 3629 719 3682 πιστεύων
746 3630 823 3691 εἰς
854 3628 975 3697 ἐμὲ,
1002 3626 1184 3690 καθὼς
1210 3621 1363 3679 εἶπεν
1396 3628 1430 3697 ή
1459 3627 1675 3697 Γραφὶε,
1693 3645 1862 3681 ποτα-

263 3742 286 3774 ‹
341 3723 439 3792 μοὶ
472 3721 766 3793 ῥεύσουσιν
794 3723 858 3773 ἐκ
904 3720 1004 3789 τῆς
1033 3719 1246 3781 κοιλίας
1274 3718 1443 3771 αὐτοῦ
1495 3717 1688 3779 ὓδατος
1719 3719 1859 3782 ζῶν-

267 3834 288 3868 σ
336 3831 454 3877 τας.
498 3834 516 3865 ι
555 3816 667 3867 Καὶ
697 3811 1025 3883 ἑρμηνεύων
1082 3816 1109 3865 ὁ
1154 3810 1565 3881 Εὐαγγελιστὴς
1615 3811 1774 3864 τοῦτο
1800 3811 1861 3864 τὸ

268 3929 289 3960 ι
342 3908 516 3974 ὕδωρ,
544 3907 777 3973 ἐπάγει·
815 3923 834 3956 ι
892 3903 1070 3958 Τοῦτο
1115 3904 1172 3958 δὲ
1207 3903 1363 3972 ἔλεγε
1408 3904 1538 3972 περὶ
1571 3902 1666 3956 τοῦ
1701 3904 1861 3971 ἁγίου

270 4018 292 4050 ι
338 3996 693 4065 Πνεύματος,
758 3995 787 4048 ὃ
836 3974 1066 4067 ἔμελλον
1125 3993 1430 4064 λαμϐάνειν
1475 3993 1524 4044 οἱ
1570 3992 1863 4046 πιστεύον.

272 4112 293 4145 ι
348 4109 465 4155 τες,
507 4110 526 4143 ι
565 4092 626 4143 Εἰ
656 4090 839 4143 τοίνυν
888 4092 916 4145 ὁ
948 4087 1354 4159 εὐαγγελιοτὴς
1397 4087 1654 4158 Ἰωάννης
1688 4104 1864 4158 σαφη-

275 4204 296 4239 ι
349 4183 518 4248 νὶζων
553 4184 614 4237 τὸ
655 4183 880 4252 Πνεῦμα
908 4184 971 4235 τὸ
1002 4183 1156 4249 ἆγιον
1202 4177 1360 4234 εἷπε·
1402 4198 1422 4231 ι
1483 4181 1549 4232 Γὸ
1604 4179 1748 4247 ὕδωρ
1800 4180 1864 4233 τὺ

278 4296 297 4328 ι
347 4276 485 4342 ζῶν,
536 4294 555 4326 ι
591 4275 619 4327 6
665 4274 722 4327 δὲ
774 4275 967 4345 Πατὴρ
1021 4273 1171 4341 λέγει
1199 4290 1214 4304 ο
1259 4291 1278 4324 ι
1327 4271 1457 4341 Ἑμέ
1503 4270 1864 4338 ἐγκατέλιπον

278 4386 298 4420 ι
346 4367 537 4437 πηγὴν
578 4365 772 4428 ὓδατος
810 4365 1038 4429 ζῶντος,
1074 4382 1094 4416 ι
1121 4363 1271 4431 πηγὴ
1318 4361 1412 4414 τοῦ
1469 4360 1786 4430 [Ινεύματος
1835 4360 1865 4413 6

278 4480 299 4512 ι
350 4459 569 4527 Πατὴρ,
598 4457 687 4510 διὰ
709 4456 867 4510 τοῦτο
888 4458 986 4509 καὶ
1016 4457 1080 4508 ἐκ
1108 4454 1203 4507 τοῦ
1228 4451 1442 4522 Πατρδς
1468 4452 1861 4523 ἐκπορεύεται.

1944 628 1962 660 ι
2004 609 2290 674 prietatem
2335 610 2465 674 dici,
2510 610 2758 664 Salvator
2790 610 3082 665 confirmat
3131 607 3407 673 :Quando
3437 621 3530 661 ve—

1944 718 1963 749 ι
2003 700 2142 754 nerit
2186 701 2506 757 Paracletus
2556 701 2797 770 Spiritus
2841 702 3088 756 veritatis
3114 740 3129 763 ,
3162 700 3256 769 qui
3300 715 3330 752 a
3361 697 3525 752 Patre

1945 811 1962 841 ‹
2003 790 2267 859 procedit.
2329 791 2443 847 Illic
2496 808 2564 848 ex
2597 792 2707 847 Deo
2732 832 2747 857 ,
2799 792 2888 847 hic
2940 807 2970 846 a
3008 791 3165 845 Patre
3193 789 3402 843 dicitur
3427 829 3442 855 ,
3476 789 3527 842 id

1945 901 1965 932 ι
2002 882 2148 950 quod
2182 883 2284 937 sibi
2313 883 2414 952 ipsi
2436 883 2698 937 tribuerat
2727 883 2945 937 dicens:
2986 881 3095 951 Ego
3116 897 3145 935 a
3170 880 3330 934 Patre
3350 881 3524 944 exivi;

1948 992 1966 1023 ι
2001 972 2106 1026 hoc
2132 981 2185 1027 et
2212 972 2439 1041 Spiritui
2469 983 2659 1030 sancto
2681 974 2909 1028 ascribit
2932 973 3159 1027 dicens:
3191 971 3293 1036 Qui
3323 985 3352 1023 a
3376 971 3534 1023 Patre

1948 1083 1966 1116 ι
2008 1065 2272 1133 procedit.
2304 1063 2519 1119 Dicitur
2578 1065 2745 1134 igitur
2796 1064 3025 1134 spiritus
3067 1063 3183 1128 Dei,
3214 1071 3268 1117 et
3305 1062 3531 1131 spiritus

1949 1175 1967 1207 ι
2008 1156 2098 1224 qui
2131 1171 2197 1209 ex
2229 1155 2376 1223 Deo;
2410 1156 2636 1225 spiritus
2663 1153 2841 1209 Patris
2877 1161 2931 1208 ct
2978 1154 3205 1221 spiritus
3237 1153 3329 1221 qui
3365 1167 3394 1203 a
3427 1151 3542 1224 Pa-'

1951 1267 1969 1300 ι
2005 1256 2089 1302 tre
2116 1248 2384 1316 procedit.
2418 1247 2538 1301 Non
2570 1247 2738 1309 dixit,
2767 1246 3028 1316 gignitur.
3055 1244 3209 1310 Quod
3242 1244 3388 1298 enim
3420 1258 3528 1295 non

1951 1358 1969 1391 ι
2006 1349 2089 1393 est
2139 1341 2425 1410 scriptum,
2458 1338 2753 1393 tenendum
2789 1354 2897 1392 non
2949 1345 3054 1392 est.
3104 1336 3274 1390 Filius
3308 1351 3338 1390 a
3374 1336 3532 1388 Patre

1955 1445 1972 1479 ι
2012 1428 2231 1497 genitus
2264 1436 2387 1482 est:
2419 1427 2655 1496 Spiritus
2686 1443 2717 1481 a
2755 1426 2913 1480 Patre
2941 1426 3211 1493 procedit.
3249 1423 3465 1488 Quatris
3502 1442 3529 1476 a

1954 1537 1971 1569 ι
2009 1534 2095 1572 me
2118 1520 2457 1582 varietatem,
2491 1519 2770 1588 quomodo
2791 1520 3006 1587 genitus
3035 1518 3144 1579 ille,
3175 1525 3230 1570 et
3256 1514 3536 1584 quomodo

1954 1630 1973 1663 ι
2011 1612 2257 1680 procedit
2310 1612 2450 1666 iste?
2487 1611 2623 1666 Cum
2670 1611 2928 1664 didiceris
2976 1610 3120 1679 quod
3171 1608 3387 1677 genitus
3431 1616 3538 1672 est,

1957 1723 1975 1755 ι
2012 1705 2250 1759 didicisti
2284 1712 2340 1759 et
2370 1704 2616 1766 modum,
2644 1712 2698 1757 et
2725 1701 3191 1770 comprehendisu
3226 1701 3415 1767 utique
3444 1714 3538 1765 ge-

1958 1814 1977 1842 ι
2016 1795 2316 1850 nerationis
2367 1794 2614 1848 modum.
2670 1793 2906 1848 Nomina
2951 1803 3118 1855 sunt,
3152 1806 3273 1859 quer
3322 1789 3407 1856 pia
3437 1789 3540 1841 [ide

1955 1905 1973 1937 ι
2013 1887 2354 1942 honorantur
2379 1926 2395 1952 ,
2428 1893 2483 1940 et
2521 1885 2607 1951 pia
2637 1886 2848 1939 ratione
2876 1892 3147 1938 tenentur.
3189 1880 3320 1947 Quae
3352 1889 3535 1933 autem

1956 1999 1973 2031 ι
2010 1980 2094 2034 vis
2143 1978 2420 2041 nominis,
2475 1975 2767 2031 Procedit?
2814 1985 2874 2028 ut
2910 1989 3111 2028 nomen
3165 1971 3539 2042 generationis

1958 2092 1976 2123 ι
2015 2080 2305 2141 praetereat
2337 2069 2644 2138 Scriptura,
2676 2082 2746 2123 ne
2779 2067 2979 2121 Filium
3029 2067 3208 2133 ipsum
3243 2074 3539 2130 Itutlcupel,

1957 2180 1975 2213 ι
2015 2162 2166 2227 dicit,
2208 2159 2445 2231 Spiritus
2470 2167 2694 2214 sanctus
2717 2198 2732 2222 ,
2767 2159 2917 2228 quia
2953 2157 3113 2211 Patre
3152 2156 3415 2224 procedit.
3456 2155 3543 2207 ln-

1958 2274 1975 2305 ι
2014 2254 2164 2307 ducit
2194 2268 2319 2307 eum
2349 2251 2756 2320 procedentem,
2794 2258 2855 2303 nt
2900 2263 3098 2317 aquam
3134 2246 3200 2300 de
3238 2247 3389 2300 fonte
3421 2261 3542 2299 sca-

1959 2366 1976 2397 ι
2012 2346 2324 2407 turientem,
2343 2343 2542 2398 sicutet
2566 2343 2630 2395 de
2654 2341 2909 2411 paradiso
2927 2340 3127 2393 dictum
3141 2347 3253 2393 est:
3286 2357 3304 2389 ι
3322 2336 3546 2390 Flurius

1958 2456 1976 2488 ι
2013 2447 2189 2491 autem
2217 2435 2459 2505 procedit
2483 2448 2548 2488 ex
2578 2433 2764 2494 Edent,
2790 2431 3034 2499 procedit
3058 2444 3105 2484 et
3137 2430 3418 2483 scaturit.»
3443 2426 3546 2480 Pa-

1958 2548 1975 2579 ι
2022 2537 2103 2582 ter
2154 2527 2277 2581 fons
2312 2542 2468 2594 aquae
2499 2524 2733 2578 viventis
2761 2523 2995 2588 dicitur,
3028 2533 3088 2574 ut
3111 2519 3380 2575 Jeremias
3414 2535 3543 2586 pro-

1962 2639 1979 2671 ι
2025 2622 2218 2688 pheta:
2247 2637 2266 2669 ι
2294 2616 2589 2685 Obstupuit
2617 2614 2815 2668 ctelum
2848 2627 3011 2681 super
3037 2612 3158 2672 hoc,
3191 2621 3244 2664 et
3276 2607 3548 2663 inhorruit

1960 2730 1978 2761 ι
2016 2712 2170 2764 valde
2209 2720 2376 2763 terra.
2413 2708 2683 2773 Quoniam
2715 2705 2823 2758 duo
2853 2714 2906 2757 et
2959 2705 3099 2755 mala
3137 2700 3264 2754 fecit
3310 2699 3547 2769 pOpqus

1963 2822 1979 2853 ι
2016 2818 2190 2866 meus,
2221 2816 2308 2854 tne
2334 2798 2625 2867 dereliquit
2645 2798 2844 2852 fontem
2879 2809 3031 2862 aquae
3054 2791 3311 2845 viventis.
3342 2809 3359 2840 ι
3405 2790 3549 2841 Divi-

1971 2915 1989 2947 ι
2027 2908 2131 2948 nus
2154 2907 2336 2947 sermo
2362 2891 2629 2945 deﬁniens
2660 2889 2874 2943 Patrem
2899 2886 3105 2940 fontem
3130 2899 3307 2953 aquas,
3337 2881 3548 2935 induxit

1963 3006 1981 3037 ι
2025 3002 2088 3041 ex
2122 2984 2275 3040 ionte
2305 2984 2429 3038 vive
2455 2997 2655 3051 aquam
2689 2980 2869 3034 vivam
2896 3017 2910 3040 ,
2945 2993 3067 3047 qua:
3096 2976 3362 3046 procedit.
3398 2972 3542 3039 Quid

1964 3099 1981 3130 ι
2017 3092 2179 3148 porro
2209 3076 2478 3145 est/quod
2510 3074 2752 3143 procedit
2784 3072 2807 3125 Ἰ
2842 3070 3076 3140 Spiritus
3138 3076 3381 3122 sanctus.
3430 3063 3550 3130 Quo

1969 3189 1985 3220 ι
2027 3184 2155 3223 vero
2221 3166 2424 3221 modo?
2451 3167 2593 3220 sicut
2625 3180 2655 3218 a
2687 3163 2834 3217 fonte
2877 3176 3034 3229 aqua.
3071 3156 3227 3211 Unde
3274 3159 3375 3209 hoc
3402 3196 3416 3219 ,
3442 3170 3551 3225 quo

1969 3280 1987 3313 ι
2030 3259 2267 3329 Spiritus
2317 3268 2540 3313 sanctus
2589 3269 2731 3324 aqua
2783 3251 3047 3307 vocetur?
3079 3248 3219 3303 Dicit
3251 3246 3543 3301 Salvator:

1969 3372 1987 3405 ι
2027 3353 2127 3419 Qui
2160 3351 2335 3406 credit
2363 3351 2417 3403 in
2460 3363 2567 3411 me,
2596 3348 2739 3402 sicut
2800 3346 2938 3399 dixit
2967 3341 3250 3411 Scriptura
3276 3379 3292 3405 ,
3324 3339 3549 3392 ﬂumina

1971 3464 1990 3496 ι
2024 3461 2088 3499 ex
2117 3452 2308 3499 ventre
2337 3442 2458 3511 ejus
2492 3440 2659 3494 (luent
2683 3454 2839 3508 aqua:
2890 3436 3046 3489 vivae.
3084 3434 3149 3488 Et
3187 3436 3551 3500 interpretans

1969 3554 1987 3590 ι
2026 3536 2368 3607 Evangelista
2402 3536 2542 3589 hanc
2565 3547 2763 3602 aquam
2788 3529 3009 3595 subdit;
3057 3528 3163 3582 hoc
3193 3537 3374 3579 autem
3406 3523 3554 3576 dice-

1971 3652 1989 3683 ι
2028 3633 2120 3686 bat
2140 3630 2208 3684 de
2243 3628 2471 3696 Spiritu,
2498 3641 2663 3697 quem
2696 3623 2973 3692 accepturi
3006 3629 3162 3674 erant
3185 3617 3470 3673 credentes
3496 3614 3551 3666 in

1975 3741 1992 3771 ι
2031 3736 2178 3774 cum.
2223 3736 2244 3770 ι
2292 3716 2348 3770 Si
2404 3716 2569 3785 igitur
2612 3712 2942 3782 evangelista
2976 3708 3215 3764 Joannes
3266 3707 3555 3761 declarans

1972 3830 1991 3861 ι
2023 3808 2290 3879 Spiritum
2316 3815 2590 3867 sanctum,
2630 3802 2764 3856 dixit
2796 3816 2994 3869 aquam
3024 3799 3227 3859 vivam,
3261 3795 3424 3849 Pater
3452 3809 3551 3847 au-

1973 3920 1990 3953 ι
2030 3913 2134 3955 ιειιι
2162 3899 2321 3954 dicit:
2362 3917 2381 3949 ι
2407 3897 2487 3950 Me
2510 3894 2915 3963 dereliquerunt
2939 3892 3138 3945 fontem
3161 3902 3316 3957 aquae
3340 3887 3492 3946 vivae,
3524 3903 3544 3936 ι

1975 4012 1996 4046 ι
2032 3992 2154 4047 fons
2182 3992 2411 4061 spiritus
2443 3991 2623 4054 Pater,
2648 3994 3048 4057 proptereaque
3076 3983 3241 4036 etiam
3280 3995 3345 4033 ex
3386 3976 3549 4030 Patre

1972 4106 1990 4136 ι
2036 4083 2302 4156 procedit.
2342 4082 2488 4137 Dicit
2533 4081 2699 4150 igitur
2723 4117 2737 4145 ,
2773 4087 2957 4147 repeto
2990 4074 3288 4144 siquidem,
3318 4069 3547 4139 spiritus

1972 4195 1991 4228 ι
2035 4178 2152 4243 Dei,
2202 4186 2257 4230 et
2306 4175 2535 4246 spiritus
2582 4173 2676 4243 qui
2723 4186 2788 4226 ex
2821 4168 2955 4233 Deo,
3009 4165 3239 4236 spiritus
3269 4160 3449 4215 Patris
3496 4166 3553 4212 ct

1972 4289 1991 4321 ι
2036 4268 2265 4338 spiritus
2294 4267 2389 4336 qui
2422 4282 2493 4322 ex
2530 4265 2710 4319 Patre.
2757 4260 3021 4330 Spiritum
3066 4254 3284 4310 Domini
3317 4258 3550 4338 testatur

1972 4376 1990 4411 ι
2030 4334 2220 4414 Esaias
2242 4334 2571 4427 exrpersona
2590 4352 2791 4408 Christi
2811 4366 2857 4406 ιι
2886 4349 3122 4417 Spiritus
3146 4341 3358 4397 Domini
3390 4334 3555 4408 super

1974 4470 1993 4503 ι
2031 4466 2117 4505 me
2137 4466 2202 4506 eo
2236 4450 2375 4520 quod
2425 4448 2643 4502 unxerit
2692 4460 2797 4509 me,
2838 4460 2857 4494 ι
2885 4452 2938 4496 et
2970 4437 3205 4493 Paulus:
3234 4453 3253 4487 ι
3293 4432 3554 4487 Dominus

278 4568 299 4602 ι
351 4526 523 4617 Λέγει
553 4547 754 4611 τοίνυν,
787 4544 1238 4614 ἐπαναλαμϐάνω
1270 4544 1401 4612 γὰρ,
1435 4545 1656 4612 πνεῦμα
1696 4541 1856 4608 Θεοῦ,

1973 4562 1993 4596 ι
2033 4552 2216 4599 autem
2277 4542 2504 4611 spiritus
2532 4547 2637 4613 est.
2659 4556 2678 4588 ›

280 4662 299 4695 ι
349 4614 455 4695 καὶ.
480 4640 704 4711 πνεῦμα
732 4641 786 4694 τὸ
814 4641 880 4692 ἐκ
911 4639 1005 4692 τοῦ
1029 4636 1188 4702 Θεοῦ,
1222 4637 1316 4690 καὶ
1377 4635 1599 4705 πνεῦμα
1648 4635 1890 4704 Πατρδς,
1931 4638 2028 4689 καὶ
2088 4634 2309 4706 πνεῦμα
2372 4634 2433 4686 τὸ
2496 4632 2649 4702 παρὰ
2679 4628 2774 4682 τοῦ
2838 4625 3073 4696 Πατρός.
3101 4618 3326 4689 Πνεῦμα
3349 4614 3558 4686 Κυρίου

282 4758 302 4790 ι
353 4734 628 4806 μαρτυρεῖ
683 4731 910 4793 Ἡσαΐας
974 4732 1038 4784 ἐκ
1102 4729 1395 4799 προσώπου
1444 4728 1538 4782 τοῦ
1589 4727 1827 4799 Χριστοῦ
1888 4742 1904 4759 ο

288 4848 305 4882 ι
352 4826 466 4879 Καὶ
498 4824 749 4889 Παῦλος·
788 4843 807 4876 ι
859 4823 918 4875 Ὀ
951 4824 1008 4875 δέ
1049 4822 1252 4892 Κύριος
1288 4822 1348 4874 τὸ
1380 4819 1606 4890 πνεῦμὰ
1652 4821 1792 4873 ἐστι.
1841 4837 1861 4869 ι

887 4914 1282 4969 Ἐπιστασία.

357 5027 377 5061 ι
427 5007 495 5060 Τί
525 5007 627 5077 τῆς
654 5021 916 5074 τοιαύτης
941 5003 1294 5066 διδασκαλίας
1338 5001 1728 5073 καθαρώτερον
1776 5001 1873 5054 καὶ

288 5118 307 5151 ι
353 5099 699 5167 σαφέστερον
726 5114 741 5162 ;
773 5096 1063 5165 Πολλαχῶς
1086 5095 1196 5165 γὰρ
1217 5095 1312 5148 καὶ
1337 5096 1400 5146 ἐκ
1427 5093 1701 5162 διαφόρων
1730 5104 1872 5162 μαρι-

290 5208 308 5243 ι
353 5190 562 5261 τυριῶν
594 5188 691 5259 τὴν
725 5188 816 5241 τοῦ
851 5187 1174 5257 Πνεύματος
1201 5184 1570 5254 καταγγέλλει
1605 5182 1873 5254 ἓκπόρευι

290 5299 309 5333 ι
356 5297 465 5345 σιν,
496 5278 559 5331 ἓν
586 5280 682 5332 καὶ
706 5277 906 5332 ταυτὸν
940 5273 1082 5331 εἷναι
1104 5277 1401 5339 διδάσκων,
1431 5277 1493 5327 τὸ
1520 5277 1584 5327 ἐκ
1609 5274 1704 5327 τοῦ
1735 5273 1870 5326 Θεοῦ

292 5389 310 5423 ι
369 5371 555 5425 καὶτὸ
584 5369 741 5437 παρὰ
760 5368 855 5422 τοῦ
883 5369 1121 5439 Πατρὺς,
1156 5368 1243 5422 ἵνα
1278 5368 1353 5437 μὴ
1399 5366 1528 5419 ἔνθα
1563 5383 1649 5429 τις
1699 5365 1762 5419 τὸ
1802 5366 1867 5419 ἐκ

292 5479 312 5513 ι
372 5460 468 5514 τοῦ
498 5462 640 5514 Θεοῦ
677 5461 838 5530 μόνον
862 5460 1240 5533 ἁναγινώσκῃ,
1272 5461 1373 5512 καὶ
1401 5459 1468 5512 ἐκ
1510 5456 1607 5511 τοῦ
1632 5455 1764 5510 Υἱοῦ
1793 5472 1875 5511 νο-

295 5571 314 5605 ι
366 5554 503 5624 μίζῃ
528 5552 616 5605 διὰ
642 5551 740 5622 τὴν
776 5552 1069 5622 ὁμοτιμίαν
1087 5553 1187 5619 τῆς
1217 5550 1456 5619 φύσεως.
1493 5568 1511 5601 ι

522 5660 537 5673 ‘
895 5643 1283 5713 Ἇντίρῤησις.

362 5738 657 5809 Πολλαχῶς
690 5740 788 5791 καὶ
809 5739 877 5792 ἐκ
909 5738 1186 5805 διαφόρων
1220 5735 1541 5807 μαρτυριῶν
1570 5735 1597 5786 ὁ
1623 5734 1874 5804 Χρυσορο

295 5831 487 5909 ἐρήμων
516 5831 710 5907 Πατὴρ
744 5830 841 5900 τὴν
872 5829 965 5883 τοῦ
994 5827 1310 5899 Πνεύματος
1359 5828 1747 5897 καταγγέλλων
1783 5828 1873 5879 ἐκ·

1973 4727 2203 4798 Πνεῦμα
2265 4725 2476 4796 Κυρίου
2529 4724 2619 4777 ἐπ’
2673 4723 2792 4792 ἐμὲ,
2823 4713 2883 4773 οὗ
2949 4718 3157 4769 εἵνεκεν
3207 4710 3393 4782 ἔχρισε
3453 4723 3544 4778 με,

2376 4970 2381 4977 .
2550 4897 2973 4954 Animadversio.

2044 5015 2063 5047 ι
2108 4995 2273 5051 Estne
2304 4992 2512 5063 aliquid
2565 4991 2669 5046 hac
2730 4989 2976 5045 doctrina
3008 4987 3221 5056 purius,
3264 4995 3359 5039 aut
3387 4992 3563 5053 magis

1972 5106 1990 5137 ι
2032 5084 2415 5157 perspicuum?
2452 5081 2628 5137 Variis
2679 5082 2948 5151 siquidem
2988 5078 3257 5142 modis,et
3309 5075 3559 5139 diversis,

1976 5198 1996 5231 ε
2032 5179 2335 5247 multisque
2355 5174 2686 5232 testimoniis
2712 5172 2950 5243 Spiritus
2966 5172 3366 5241 processionem
3390 5180 3564 5219 enun-

1979 5290 1997 5322 ι
2037 5271 2133 5325 tiat
2168 5284 2337 5323 unum
2370 5267 2622 5335 idemque
2660 5279 2780 5320 esse
2825 5263 3110 5317 insinuans
3133 5297 3150 5326 ,
3178 5267 3233 5311 et
3263 5273 3324 5310 ex
3356 5256 3466 5310 Deo
3506 5262 3560 5310 et

1980 5382 2000 5415 ι
2038 5376 2105 5417 ex
2130 5362 2286 5415 l’atre
2328 5374 2453 5414 esse
2488 5374 2502 5409 :
2537 5373 2604 5411 ne
2644 5359 2768 5425 quis
2791 5356 2987 5420 ubi,ex
3017 5354 3148 5416 Deo,
3188 5348 3563 5405 tantummodo

1980 5471 1997 5505 ι
2038 5453 2248 5521 legerit,
2284 5462 2339 5505 et
2366 5467 2430 5505 ex
2468 5448 2607 5503 Filio
2633 5464 2754 5503 esse
2796 5456 3016 5517 propter
3051 5454 3260 5497 natura:
3304 5436 3552 5492 eamdem

1983 5563 2001 5596 ι
2035 5544 2352 5614 dignitatem
2383 5543 2715 5612 suspicetur.
2754 5559 2772 5590 ι

2591 5632 2884 5704 ΗιεῙιιιαιὶο.

2052 5729 2450 5800 Frequentibus
2505 5727 2781 5793 variisque
2835 5716 3161 5774 testimoniis
3222 5729 3319 5771 ore
3360 5729 3563 5771 aureus

1975 5822 2135 5878 Pater
2156 5823 2390 5892 Spiritus
2415 5816 2819 5889 processiuuem
2845 5811 3168 5879 explanatis,
3195 5824 3365 5865 unum
3391 5809 3587 5884 idetr.
