4002 6408
492 378 596 443 415

1511 385 1722 446 ΞΟᾹΝ.
1768 388 1981 447 VECCI
2025 389 2133 448 Cl’.
2182 387 2692 452 PATRIARCILE

3627 403 3730 469 4Ῑὸ

489 516 595 570 quc
628 514 750 553 esse
778 498 1041 565 insinuat,
1072 511 1122 555 et
1169 518 1232 556 ex
1279 498 1387 555 Deo
1411 544 1424 566 ,
1458 514 1509 555 et
1539 518 1602 556 ex
1638 502 1798 557 Patre
1827 520 1968 559 esse.
2007 506 2045 559 Ε

2175 506 2456 575 πόρευσιν,
2499 510 2593 562 καὶ
2624 509 2682 561 ἓν
2725 510 2921 564 ταυτὸν
2955 508 3092 567 εἶναι
3128 514 3369 570 διδάσκει
3421 518 3481 571 τὸ
3531 521 3590 574 ἐκ
3640 522 3733 576 τοῦ

493 608 604 646 rem
643 592 715 646 ita
747 607 806 647 se
847 594 1066 659 habere,
1102 611 1261 649 neruo
1296 595 1541 663 ainbigit.
1580 594 1657 647 Ex
1693 594 1803 649 Deo
1827 596 2065 660 cnim,et

488 693 553 731 ex
589 677 747 733 Patre
778 680 916 733 idem
955 681 1055 734 ltoc
1103 683 1154 735 in
1193 684 1310 736 loco
1348 694 1450 737 est.
1489 684 1567 736 'l‘u
1626 701 1788 752 porro
1816 688 2061 740 animuut

492 768 664 836 ﬁgens
713 768 818 823 illis
850 810 864 832 ,
919 786 1039 839 quae
1089 781 1318 828 sanctus
1348 776 1675 838 enuntiavit,
1728 776 2062 845 signiﬁcans,

492 861 760 914 undenam
824 860 1062 930 Spiritus
1094 876 1317 919 sanctus
1350 868 1434 919 sui
1469 867 1736 935 principia
1779 866 2064 936 fontesque

492 952 705 1015 habeat,
751 968 856 1018 qua
903 956 1111 1009 ratione
1161 957 1293 1010 illud
1330 959 1539 1027 absque
1591 959 2065 1015 animadversione

489 1045 815 1111 pratteriisti,
844 1063 906 1100 ex
939 1064 1045 1116 quo
1069 1061 1311 1118 apparet,
1336 1050 1604 1119 Spiritum
1631 1053 1792 1106 etiam
1823 1068 1886 1106 ex
1916 1053 2056 1107 Filio

488 1138 649 1191 esse?
684 1137 871 1207 Neque
915 1141 1059 1193 enim
1092 1184 1105 1202 ,
1132 1141 1257 1194 licet
1291 1142 1439 1195 radix
1474 1153 1526 1196 et
1558 1144 1766 1210 absque
1794 1144 2063 1213 principio

487 1244 651 1283 causa
684 1232 905 1298 spiritus
939 1230 1099 1285 Pater
1129 1244 1231 1294 est,
1270 1233 1523 1302 ideojam
1551 1247 1603 1289 et
1638 1234 1811 1289 Filius
1847 1236 1897 1289 in
1935 1250 2060 1304 pro-

486 1322 735 1375 cessioue
773 1320 1009 1390 Spiritus
1040 1339 1070 1378 a
1115 1324 1275 1379 Patre
1317 1325 1650 1396 seiungitur.
1690 1325 1891 1381 Verum
1934 1342 2059 1379 cum

486 1427 581 1479 per
616 1411 807 1465 Filium
859 1430 924 1468 ex
971 1414 1127 1469 Patre
1182 1417 1296 1485 ipse
1341 1419 1638 1487 procedat,
1693 1426 1777 1471 est
1824 1416 2061 1486 Spiritus

487 1505 650 1557 etiam
679 1520 741 1557 ex
766 1504 927 1562 Filio.
959 1522 1064 1560 non
1092 1517 1347 1577 tanquam
1388 1524 1452 1562 ex
1484 1510 1587 1563 alia
1620 1520 1817 1579 praeter
1847 1511 2058 1566 Patrem

487 1607 648 1645 euulsa
689 1602 739 1644 et
770 1594 1036 1663 p:ipcipio
1063 1638 1076 1659 ,
1116 1596 1211 1649 sed
1266 1608 1521 1666 tanquam
1554 1600 1644 1666 qui
1679 1613 1744 1651 ex
1777 1598 1935 1651 Patre
1967 1613 2061 1666 per

488 1683 682 1738 Filium
736 1688 1010 1755 procedat.
1053 1688 1333 1753 Quodnam
1386 1704 1517 1742 vero
1567 1699 1669 1756 est,
1716 1690 1862 1758 quod
1907 1689 2058 1743 illum

483 1777 647 1829 etiam
680 1794 742 1829 es
782 1777 918 1831 Filio
954 1794 1074 1833 esse
1124 1780 1730 1835 manifestat?Attende
1760 1789 1813 1834 et
1860 1779 2059 1833 intelli-

2167 598 2302 650 Θεοῦ
2332 600 2429 651 καὶ
2458 600 2518 651 τὸ
2552 602 2705 670 παρὰ
2733 602 2829 655 τοῦ
2858 605 3090 672 Πατρός,
3123 607 3230 660 Καὶ
3288 606 3403 679 ἔχει
3456 627 3519 678 γε
3567 610 3728 666 οὕτω.

2166 690 2239 742 Τὸ
2265 690 2372 757 γὰρ
2400 694 2461 743 ἐκ
2487 692 2619 744 Θεοῦ
2657 695 2748 745 καὶ
2776 694 2840 747 ἐκ
2861 696 2954 749 τοῦ
2989 698 3199 769 Πατρός
3260 700 3456 754 ταυτὸν
3495 704 3727 760 ἐνταῦθὰ

2167 780 2305 833 ἐστι.
2339 781 2410 832 Σὺ
2438 781 2494 834 δέ
2537 782 2748 846 τούτοις
2797 787 3120 855 ἐπιστήσας,
3156 788 3300 860 ἅπερ
3339 791 3367 842 ό
3419 791 3571 859 ἆγιος
3632 793 3734 864 ἔφη

2165 869 2362 940 δηλῶν,
2396 873 2519 925 ὅθεν
2550 873 2612 927 τὸ
2637 876 2862 947 Πνεῦμα
2886 878 2945 931 τδ
2976 878 3134 946 ἅγιον
3150 883 3247 944 τὰς
3279 881 3374 935 τοῦ
3402 878 3540 936 εἶναι
3567 885 3738 954 ἀρχὰς

2165 961 2261 1013 καὶ
2290 963 2471 1032 πηγὰς
2499 963 2631 1032 ἔχει,
2666 968 2783 1029 πῶς
2813 970 2991 1022 ἐκεῖνο
3021 972 3347 1036 ἐπιστασίας
3386 974 3736 1045 παρέδραμες

2165 1052 2412 1121 ἄμοιρον,
2448 1053 2509 1116 ἐξ
2539 1050 2715 1124 οὗπερ
2750 1059 3077 1127 ἐμφαίνεται
3109 1058 3338 1116 εἶναιτὸ
3378 1063 3606 1135 Πνεῦμα
3643 1066 3737 1118 καὶ

2166 1145 2231 1195 ἐκ
2260 1143 2353 1196 τοῦ
2386 1144 2515 1197 Υῐοῦ
2541 1162 2574 1211 ;.
2596 1147 2731 1200 Οὐδὲ
2762 1151 2871 1220 γὰρ
2903 1151 2998 1203 ἐὰν
3020 1153 3145 1223 ῥίζα
3176 1154 3271 1206 καὶ
3313 1155 3547 1226 ἄναρχος
3591 1156 3740 1209 αἰτία

2165 1234 2260 1286 τοῦ
2297 1235 2614 1305 Πνεῦματος
2641 1239 2670 1289 ό
2694 1239 2905 1309 Πατὴρ,
2963 1242 3062 1311 ἤδη
3108 1243 3136 1295 ό
3178 1243 3311 1307 Υἱὸς
3355 1244 3609 1315 διῄρηται
3646 1245 3737 1297 τοῦ

2164 1327 2380 1394 Πατρδς
2414 1330 2473 1381 ἐν
2502 1332 2565 1400 τῇ
2612 1331 2823 1401 προόδῳ
2877 1332 2971 1386 τοῦ
3020 1334 3367 1404 Πνεῦματος.
3442 1336 3586 1388 Ἀλλ’
3619 1333 3740 1387 ἐπεὶ

2162 1416 2249 1469 διὰ
2276 1418 2367 1469 τοῦ
2402 1418 2535 1471 Υἱοῦ
2566 1421 2630 1472 ἐκ
2656 1419 2751 1474 τοῦ
2786 1421 3000 1491 Πατρὺς
3036 1422 3166 1475 αὐτὸ
3201 1423 3589 1495 ἐκπορεύεται,
3626 1425 3740 1475 ἐστι

2163 1508 2222 1559 τὸ
2250 1509 2475 1578 Πνεῦμα
2504 1513 2599 1563 καὶ
2630 1513 2694 1565 ἐκ
2730 1514 2824 1567 τοῦ
2865 1514 3021 1580 Υίοῦ,
3074 1512 3344 1583 οῦμενουν
3381 1518 3458 1577 ὡς
3484 1512 3546 1579 ἐξ
3567 1513 3735 1581 ἄλλης

2164 1598 2316 1667 παρὰ
2357 1600 2446 1651 τὸν
2472 1601 2689 1670 Πατέρα
2720 1603 2900 1665 αἰτίας
2933 1605 3025 1658 καὶ
3050 1605 3251 1675 ἀρχῆς,
3289 1605 3406 1658 ἀλλ’
3441 1603 3518 1667 ὡς
3547 1608 3614 1657 ἐκ
3635 1600 3741 1656 Πα-

2161 1690 2289 1759 τρός
2342 1692 2780 1760 ἐκπορευόμενον
2822 1694 2911 1748 διὰ
2964 1696 3115 1750 Υίοῦ,
3155 1695 3221 1750 Τί
3276 1696 3333 1749 δέ
3359 1698 3420 1749 τὺ
3471 1698 3738 1765 ἐμφαῖνον

2166 1781 2257 1832 καὶ
2281 1784 2343 1832 ἐκ
2369 1782 2461 1834 τοῦ
2486 1783 2614 1835 Υίοῦ
2635 1780 2775 1837 εἶναι
2799 1787 2929 1839 αὐτό
2953 1803 2967 1852 ;
2993 1788 3270 1858 Πρόσσχες
3286 1788 3502 1859 ἧδηίκαὶ
3531 1788 3738 1858 γνώσῃ.

482 1885 601 1936 ges.
637 1867 872 1923 Sanetus
908 1872 994 1924 llic
1040 1870 1302 1941 Spiritum
1358 1872 1451 1926 Dei
1487 1882 1646 1926 vocat
1675 1872 1960 1940 Spiritum,
2004 1880 2052 1925 et

2161 1871 2380 1941 Πνεῦμα
2412 1873 2546 1926 Θεοῦ
2573 1875 2718 1942 λέγει
2748 1880 2806 1929 τὸ
2832 1848 3059 1949 Πνεῦμα
3095 1882 3123 1933 ό
3340 1896 3355 1911 ·
3375 1848 3477 1935 ’καὶ
3498 1848 3595 1933 τόν

484 1962 816 2015 Salvaturem
872 1972 1062 2015 testem
1125 1962 1368 2025 adducit,
1440 1963 1592 2016 illum
1629 1962 1737 2015 dici
1792 1962 2055 2026 Spiritum

481 2052 597 2113 Dei,
632 2062 742 2106 tum
771 2055 980 2107 subdit:
1019 2074 1036 2103 ι
1066 2053 1142 2106 Ne
1174 2054 1293 2120 quis
1326 2054 1553 2109 audiens
1602 2054 1852 2123 spiritum
1883 2094 1898 2118 ,
1928 2068 2057 2122 pro-

483 2144 767 2211 prii-tatem
794 2144 1089 2209 signiﬁcari
1120 2145 1417 2207 existimet,
1442 2153 1495 2198 ct
1535 2160 1640 2198 non
1678 2153 1883 2197 naturae
1909 2159 2060 2197 com-

483 2233 819 2295 munionem,
846 2233 1045 2300 Paulus
1078 2233 1247 2287 dicit:
1280 2233 1447 2287 Nobis
1492 2250 1618 2287 vero
1651 2251 1756 2287 non
1794 2244 1875 2289 est
1900 2234 2059 2288 datus

482 2324 707 2390 Spiritus
760 2323 965 2388 mundi,
1021 2324 1111 2375 sed
1162 2323 1396 2391 Spiritus
1449 2326 1542 2393 qui
1592 2339 1656 2377 ex
1728 2323 1838 2379 Deo
1880 2331 1985 2379 est.
2031 2343 2049 2375 ι

481 2418 705 2469 Attento
756 2416 831 2469 sis
892 2416 1094 2478 animo,
1146 2431 1350 2483 qumso.
1411 2416 1876 2487 Chrysostomus,
1912 2420 2055 2486 quod

479 2506 621 2559 idum
648 2515 732 2561 est
763 2507 963 2571 dicere,
998 2522 1061 2560 ex
1091 2523 1225 2560 auro
1247 2511 1405 2561 ducta
1444 2506 1680 2576 Spiritus
1719 2506 2052 2569 tuba,dicit:

486 2619 505 2649 r
545 2600 835 2667 Propterea
880 2598 1110 2653 Paulum
1148 2614 1213 2652 ex
1249 2599 1362 2653 Deo
1414 2600 1619 2653 dixisse
1668 2598 1951 2667 Spiritum,
1985 2613 2053 2652 ne

480 2690 607 2758 quis
639 2688 868 2742 audiens
904 2688 1049 2757 quod
1084 2688 1337 2742 Salvator
1386 2688 1438 2740 in
1471 2687 1764 2756 Evangelio
1809 2687 2050 2752 dixerat,

480 2778 708 2846 spiritus
737 2776 854 2836 Dei,
888 2777 1163 2830 existimet
1208 2777 1591 2845 proprietatem
1634 2777 1930 2844 signiﬁcari
1956 2817 1972 2842 ,
1998 2784 2053 2831 et

479 2882 587 2920 non
616 2878 822 2920 naturze
850 2866 1315 2919 communionem.
1350 2884 1368 2916 ›
1410 2866 1591 2931 Quare
1626 2880 1747 2934 qua:
1780 2868 1920 2919 inter
1949 2864 2052 2919 Pa-

480 2965 618 3009 trem
665 2966 716 3007 et
754 2954 1018 3023 Spiritum
1066 2956 1381 3008 communio
1412 2968 1618 3009 naturae
1658 2963 1761 3016 est,
1794 2956 1918 3010 inde
1947 2965 2050 3022 est,

480 3047 628 3115 quod
660 3046 777 3115 ipse
806 3062 871 3100 ett
906 3046 1011 3099 Deo
1040 3055 1144 3111 est,
1190 3054 1241 3098 et
1265 3044 1448 3099 Patre.
1488 3044 1563 3098 Ex
1614 3046 1716 3099 hoc
1739 3046 1882 3099 enim
1912 3046 2049 3111 solo,

478 3138 622 3205 qttnd
655 3139 743 3191 ille
768 3137 967 3191 dicitur
999 3136 1236 3205 Spiritus
1262 3135 1378 3200 Dei,
1413 3136 1551 3190 forte
1573 3136 1737 3190 etiam
1772 3137 2053 3191 existima—
2080 3174 2123 3232 Ο

476 3229 643 3292 bitur,
695 3228 1078 3298 proprietatem
1138 3228 1291 3281 inuui
1347 3244 1376 3282 a
1409 3229 1801 3282 communione
1845 3237 2053 3282 naturae

475 3321 746 3374 diversam
775 3359 791 3385 ,
828 3328 882 3375 et
950 3321 1278 3390 procedente
1331 3322 1579 3375 oratione
1626 3321 2053 3392 Cbrysostomus

478 3412 671 3479 repetit
705 3427 720 3463 :
760 3431 779 3463 ι
815 3409 908 3465 Sic
938 3426 1133 3465 rurStts
1166 3411 1363 3466 dicitur
1388 3413 1625 3481 Spiritus
1673 3411 1868 3477 Patris,
1898 3425 1950 3467 et
1987 3431 2053 3469 ne

475 3501 757 3556 etisumes
791 3500 838 3553 id
875 3501 1176 3555 secundum
1223 3502 1609 3570 proprietattun
1646 3505 1774 3568 dici,
1801 3504 2054 3559 Salvator

478 3592 786 3645 continuat.
818 3590 953 3643 Cum
1006 3593 1216 3645 venerit
1252 3590 1567 3647 Paracletns
1588 3634 1602 3658 ,
1643 3593 1878 3661 Spiritus
1908 3595 2053 3648 veri-

479 3685 626 3748 tatis,
645 3684 810 3752 quiex
834 3685 993 3737 Patre
1022 3685 1284 3752 procedit.
1322 3703 1341 3736 ›
1370 3682 1425 3738 Si
1457 3685 1641 3754 itaque
1666 3702 1728 3738 ex
1768 3686 1880 3740 Deo
1905 3700 2050 3750 esse,

477 3784 531 3830 et
556 3792 619 3829 ex
658 3774 815 3830 Patre
846 3775 1106 3844 Spiritum
1158 3786 1408 3830 sanctum
1452 3778 1765 3844 procedere,
1806 3791 2054 3831 commu-

477 3868 698 3921 nionem
731 3877 941 3920 naturaa
983 3882 1107 3920 cttm
1154 3866 1312 3922 Patre
1349 3867 1642 3921 manifesto
1684 3868 1953 3931 iudicant,
1983 3883 2052 3923 ne

478 3977 543 4012 ex
581 3975 646 4012 v0
670 3961 815 4028 quod
864 3959 1184 4027 simpliciter
1217 3960 1431 4014 dicatur
1472 3961 1560 4012 ille
1595 3960 1836 4029 Spiritus
1873 3959 1964 4012 Dei
1995 3968 2050 4013 et

478 4049 714 4118 Spiritus
754 4048 925 4102 Patris
974 4049 1078 4101 alia
1110 4050 1416 4117 proprietas
1465 4049 1535 4103 ab
1558 4064 1620 4101 ea
1645 4088 1659 4111 ,
1693 4063 1815 4117 quae
1845 4056 1928 4103 est
1956 4065 2050 4102 ua-

478 4149 613 4191 tura:
668 4138 984 4192 communio
1038 4140 1447 4202 introducatur,
1511 4157 1617 4210 qua
1686 4142 1896 4196 ratione
1954 4142 2047 4210 qui

477 4236 734 4281 asserunt
761 4229 907 4282 illum
941 4231 1203 4299 Spiritum
1258 4230 1381 4285 Filii
1414 4240 1468 4285 et
1508 4232 1771 4300 Spiritum
1803 4231 2047 4287 veritatis

475 4322 770 4375 serendum
806 4323 967 4376 aliam
1035 4324 1358 4393 simpliciter
1403 4326 1817 4394 proprietatem,
1855 4333 2048 4393 praeter

474 4428 615 4479 eam,
646 4429 767 4484 qua:
796 4424 877 4468 est
936 4428 1144 4470 natura:
1209 4416 1528 4471 communio
1554 4456 1569 4481 ,
1602 4432 1709 4470 non
1759 4415 2047 4471 manifeste

2161 1962 2302 2032 τῆρα
2332 1965 2586 2035 μάρτυρα
2627 1970 2867 2038 παράγει
2902 1971 2995 2024 τοῦ
3027 1972 3283 2041 λέγεσθαι
3334 1974 3474 2026 αὐτὸ
3514 1972 3740 2042 Πνεῦμα

2160 2049 2316 2105 Θεοῦ.
2356 2049 2488 2105 Εἶτα
2517 2055 2752 2122 ἐπάγει·
2789 2077 2807 2108 ι
2854 2060 2969 2113 Ἵνα
3000 2063 3072 2131 μή
3101 2078 3184 2125 τις
3220 2063 3463 2127 ἀκούσας
3514 2064 3732 2134 Πνεῦμα

2159 2144 2471 2212 οἰκειότητα
2507 2146 2704 2219 νομίσῃ
2746 2150 3111 2218 σημαίνεσθαι
3143 2152 3237 2205 καὶ
3267 2154 3345 2224 μὴ
3374 2153 3591 2223 φύσεως
3625 2171 3730 2207 κοι-

2160 2234 2378 2301 νωνίαν,
2412 2237 2440 2287 ό
2468 2236 2681 2301 Παῦλος
2735 2239 2925 2308 λέγει’
2962 2260 2980 2293 ι
3029 2241 3190 2313 Ὑμῖν
3248 2245 3304 2297 δὲ
3346 2246 3449 2299 οῦκ
3495 2244 3656 2317 ἐδόθη
3684 2244 3738 2297 τὸ

2161 2324 2377 2395 πνεῦμα
2407 2327 2497 2379 τοῦ
2547 2328 2779 2400 κόσμου,
2817 2332 2954 2386 ἀλλὰ
3003 2333 3064 2386 τὸ
3114 2335 3340 2405 Πνεῦμα
3407 2335 3469 2389 τδ
3518 2338 3584 2390 ἐκ
3648 2336 3738 2390 τοῦ

2157 2413 2318 2467 Θεοῦ.
2377 2435 2396 2467 ι
2461 2420 2730 2490 Πρόσεχε,
2801 2425 3127 2494 παρακαλῶ.
3172 2429 3232 2480 '0
3296 2429 3738 2500 Χρυσορρήμων,

2157 2506 2351 2559 ταύτὸν
2380 2508 2425 2560 δ’
2451 2511 2649 2575 εἰπεῖν,
2684 2513 2715 2583 ἡ
2751 2515 3094 2586 χρυσήλατος
3126 2518 3368 2587 σάλπιγξ
3412 2519 3509 2573 τοῦ
3557 2520 3737 2573 Πνεῦ-

2161 2616 2349 2667 ματος,
2377 2600 2546 2668 λέγει,
2581 2621 2599 2653 ι
2630 2604 2728 2656 Διὰ
2752 2605 2909 2660 τοῦτο
2939 2609 2968 2660 ό
2990 2608 3201 2673 Παῦλος
3236 2612 3298 2663 ἐκ
3322 2610 3421 2664 τοῦ
3444 2612 3580 2667 Θεοῦ
3618 2608 3740 2666 εἷπε

2155 2691 2216 2741 τὸ
2244 2692 2486 2762 Πνεῦμα,
2518 2695 2604 2745 ἵνα
2636 2697 2715 2765 μή
2736 2714 2822 2760 τις
2853 2700 3092 2764 ἀκούσας
3121 2701 3214 2754 τοῦ
3264 2704 3519 2774 Σωτῆρος
3552 2704 3738 2756 εἰπόν-

2170 2798 2259 2845 τος
2289 2783 2419 2835 αὐτὸ
2452 2788 2509 2837 ἐν
2546 2785 2898 2855 Εὐαγγελίοις
2938 2790 3163 2861 Πνεῦμα
3197 2794 3359 2858 Θεοῦ,
3409 2794 3609 2866 νομίσῃ
3670 2796 3741 2848 0i-

2157 2874 2413 2942 κειότητα
2449 2879 2812 2945 σημαίνεσθαι
2859 2870 2959 2935 καί
2991 2882 3065 2953 μὴ
3109 2883 3325 2951 φύσεως
3355 2888 3676 2941 κοινωνίαν.
3720 2907 3736 2940 ι

2159 2962 2371 3037 Ὠσῑεή
2401 2969 2566 3035 μέσον
2593 2971 2806 3041 Πατρός
2840 2974 2933 3026 καὶ
2984 2974 3306 3046 Πνεῦματος
3342 2978 3598 3031 κοινωνία
3633 2982 3736 3051 τῆς

2155 3053 2373 3122 φύσεως
2436 3059 2685 3113 ἐντεῦθέν
2733 3063 2882 3116 ἐστιν
2936 3065 3001 3116 ἐκ
3047 3065 3142 3117 τοῦ
3177 3061 3319 3121 είναι
3372 3068 3507 3120 αὐτὸ
3545 3070 3608 3121 ἐκ
3642 3070 3739 3124 τοῦ

2155 3144 2290 3197 Θεοῦ
2317 3148 2411 3198 καὶ
2441 3148 2675 3219 Πατρός.
2717 3152 2811 3205 Ἐκ
2846 3154 2955 3223 γὰρ
2992 3156 3155 3224 μόνου
3184 3157 3275 3210 τοῦ
3307 3158 3564 3226 λέγεσθαι
3595 3162 3738 3215 αὐτὸ

2167 3236 2392 3307 Πνεῦμα
2429 3238 2564 3292 Θεοῦ
2603 3241 2809 3312 τάχ’-ἄν
2856 3261 2943 3308 τις
2991 3248 3089 3298 καὶ
3116 3249 3406 3319 νομισθείη
3453 3253 3737 3322 οἰκειότης

2158 3327 2541 3394 σημαίνεσθαι,
2586 3330 2722 3401 ἄλλη
2804 3334 2956 3404 παρὰ
3007 3337 3106 3406 τὴν
3154 3341 3442 3394 κοινωνίαν
3466 3342 3570 3412 τῆς
3624 3345 3735 3414 φύ-

2157 3432 2313 3480 σεως.
2361 3436 2382 3469 ι
2453 3421 2564 3473 Καὶ
2612 3423 2777 3475 πάλιν
2833 3427 3191 3494 παρακατιὼν
3236 3432 3264 3482 ό
3312 3429 3738 3504 Χρυσορρήμων

2154 3509 2319 3577 φησίν
2345 3525 2360 3540 ο
2388 3529 2408 3561 ι
2450 3511 2607 3565 Οὕτω
2638 3514 2804 3567 πάλιν
2835 3517 3054 3587 εἴρηται
3082 3519 3312 3590 Πνεῦμα
3341 3523 3554 3592 Πατρός
3584 3541 3598 3556 ·
3634 3528 3737 3580 καὶ

2155 3600 2242 3653 ἵνα
2276 3601 2351 3672 μὴ
2407 3607 2636 3676 νομίσῃς
2670 3608 2828 3662 τοῦτο
2886 3610 3010 3665 κατ’
3067 3613 3345 3668 οίκείωσιν
3383 3617 3664 3683 λέγεσθαι,
3706 3623 3734 3673 ό

2153 3693 2345 3763 Σωτὴρ
2405 3696 2619 3765 βεϐαιοῖ
2652 3714 2666 3728 ·
2716 3701 2883 3753 Ὅταν
2919 3702 2976 3756 δὲ
3031 3701 3163 3777 ἐλθῃ
3203 3708 3232 3759 ό
3271 3708 3627 3779 Παράκλητο;
3670 3713 3735 3767 τὸ

2153 3787 2379 3856 Πνεῦμα
2418 3790 2521 3859 τῆς
2548 3793 2827 3862 ἀληθείας,
2879 3796 2908 3849 ὃ
2944 3799 3092 3868 παρὰ
3147 3801 3241 3853 τοῦ
3287 3803 3502 3874 Πατρός
3555 3806 3732 3860 ἐκπο-

2156 3880 2391 3949 ρεύεται.
2426 3901 2444 3934 ι
2477 3885 2538 3937 El
2563 3886 2695 3952 γοῦν
2721 3889 2814 3942 καὶ
2846 3891 2998 3945 τὸέκ
3023 3892 3158 3945 Θεοῦ
3190 3889 3330 3949 εἶναι
3353 3899 3446 3950 καὶ
3479 3900 3542 3952 τῦ
3573 3901 3731 3971 παρὰ

2151 3971 2247 4063 τοῦ
2287 3972 2505 4063 Πατρὸς
2534 3977 2596 4029 τὸ
2630 3978 2856 4050 Πνεῦμα
2890 3983 2950 4034 τὸ
2981 3984 3137 4052 ἅγιον
3187 3989 3588 4059 ἐκπορεύεσθαι
3628 3993 3733 4063 τὴν

2151 4062 2287 4127 πρὸς
2307 4062 2400 4116 τὸν
2419 4064 2638 4136 Πατέρα
2671 4069 2957 4124 κοινωνίαν
2987 4073 3087 4143 τῆς
3121 4075 3335 4143 φύσεως
3370 4078 3537 4131 αὑτοῦ
3574 4062 3723 4149 παῤ

2155 4152 2410 4217 ιστῶσιν,
2454 4154 2541 4208 ἵνα
2586 4157 2662 4229 μὴ
2718 4160 2830 4212 ἀπὸ
2877 4161 2973 4215 τοῦ
3026 4165 3283 4233 λέγεσθαι
3351 4169 3537 4233 ἁπλῶς
3595 4170 3731 4224 αὐτὸ

2150 4242 2375 4313 Πνεῦμα
2403 4245 2536 4299 Θεοῦ
2566 4250 2662 4301 καὶ
2696 4250 2920 4320 Πνεῦμα
2946 4255 3162 4328 Πατρὸς
3214 4259 3348 4328 ἄλλη
3414 4278 3498 4321 τις
3555 4264 3729 4316 οἰκεία

2149 4334 2276 4404 ότης
2298 4338 2582 4408 νομισθείη
2602 4340 2710 4392 τινὶ
2743 4344 2893 4413 παρὰ
2917 4346 3016 4416 τὴν
3038 4349 3326 4402 κοινωνίαν
3349 4353 3448 4421 τῆς
3480 4352 3726 4420 φύσεως’

2149 4428 2267 4489 πῶς
2300 4428 2350 4479 οί
2408 4430 2659 4497 λέγοντες
2711 4435 2843 4486 αὐτὸ
2905 4438 3125 4509 Πνεῦμα
3185 4439 3315 4493 Υίοῦ
3372 4446 3466 4496 καὶ
3494 4445 3727 4515 Πνεῦμα

471 4505 776 4559 dividunta
812 4505 948 4559 Filio
1019 4506 1281 4575 Spiritum
1353 4508 1653 4561 secundum
1728 4508 1898 4576 ipsam
1957 4524 2038 4563 es.

2155 4518 2407 4591 ἀληθείας
2435 4526 2574 4579 κατά
2612 4544 2733 4581 τινα
2766 4529 2931 4602 ἄλλην
2979 4497 3169 4597 ἁπλῶς
3207 4537 3520 4610 οἰκειότητα

471 4596 751 4649 scntialem
814 4598 1226 4665 naturalemque
1266 4598 1438 4665 ipsius
1497 4598 1907 4653 existentiam?
1962 4601 2042 4655 vel

471 4686 615 4740 enim
650 4697 703 4738 et
741 4702 803 4739 ex
839 4686 978 4739 Filio
1012 4689 1158 4749 erit,
1190 4688 1358 4742 veluti
1413 4687 1652 4756 Spiritus
1705 4690 1850 4755 Filii,
1884 4694 2043 4748 sicuti

469 4788 551 4831 est
573 4792 638 4830 ex
673 4775 800 4841 Duo,
827 4778 901 4831 uti
924 4770 1161 4846 Spiritus
1181 4777 1292 4834 Dei.
1327 4780 1393 4832 Et
1439 4779 1485 4833 si
1545 4795 1612 4833 ex
1648 4784 1874 4838 veritate
1920 4782 2044 4840 fue-

472 4871 577 4930 rit,
621 4869 697 4921 uti
732 4870 966 4937 Spiritus
1012 4873 1256 4927 veritatis
1292 4912 1307 4938 ,
1355 4874 1811 4942 quemadmodum
1849 4887 1933 4934 est
1975 4894 2042 4933 ex

474 4960 630 5014 Patre
688 4962 762 5013 uti
809 4961 1047 5030 Spiritus
1101 4962 1303 5017 Patris.
1340 4966 1405 5018 Et
1438 4965 1541 5020 hac
1582 4968 1792 5024 ratione
1822 4971 2044 5026 habebit

472 5067 598 5120 erga
629 5050 824 5105 Filium
862 5063 1070 5108 naturae
1098 5058 1540 5112 communionem
1573 5101 1586 5119 .
1618 5060 1664 5114 si
1704 5064 2043 5117 communio-

472 5160 595 5199 nem
628 5160 833 5201 natura:
864 5161 991 5215 erga
1021 5149 1237 5203 Patrem
1274 5149 1516 5212 habebit,
1556 5155 1815 5209 velutiex
1853 5155 1963 5209 Deo
1989 5165 2044 5210 et

474 5253 538 5292 ex
576 5240 733 5292 Patre
762 5241 1067 5305 exsistens;
1095 5257 1223 5311 erga
1256 5258 1382 5297 vero
1404 5242 1602 5299 Filium
1639 5247 1785 5301 illam
1820 5248 2044 5303 habebit

472 5332 880 5397 proprietatem,
911 5331 988 5383 uti
1020 5333 1341 5400 simpliciter
1391 5336 1628 5405 Spiritus
1663 5337 1807 5401 Filii,
1833 5348 1885 5392 et
1918 5337 2044 5408 Spi-

470 5420 611 5471 ritus
644 5419 889 5474 veritatis
910 5459 925 5482 ,
957 5435 1078 5491 quae
1107 5423 1282 5491 ipsum
1323 5428 1524 5479 nudum
1574 5430 1642 5481 ab
1675 5444 1737 5482 ea
1787 5445 1910 5496 quae
1942 5438 2029 5484 est

470 5520 597 5575 erga
629 5505 821 5562 Filium
866 5512 1127 5567 naturalis
1168 5518 1503 5582 communio,
1533 5521 1768 5573 deserat.
1803 5517 1959 5584 Quod
1992 5519 2036 5573 si

475 5601 599 5650 novi
626 5599 712 5654 isti
747 5602 976 5673 theologi
1002 5607 1204 5675 'magni
1244 5606 1427 5663 Basilii
1460 5612 1809 5665 enuntiatum
1847 5627 2039 5681 repro-

474 5686 697 5751 bantes,
749 5694 890 5760 quod
940 5700 1158 5762 asserit,
1224 5717 1240 5746 ι
1280 5698 1538 5768 Spiritum
1584 5700 1813 5768 quidem
1862 5702 2038 5758 Patris

474 5774 755 5847 Sptrrluttt,
783 5785 925 5852 quod
950 5800 1014 5839 ex
1040 5785 1197 5842 Patre
1235 5808 1244 5841 :
1272 5789 1533 5858 Spirituttt
1572 5806 1697 5844 \‘cro
1718 5788 1858 5856 Filii,
1894 5794 2037 5861 quod

646 5967 671 5994 ι

2146 4613 2243 4702 τὴν
2275 4617 2560 4702 κοινωνίαν
2592 4620 2689 4689 τῆς
2727 4621 2942 4688 φύσεως
3002 4627 3065 4678 οὐ
3100 4628 3385 4699 προδήλως
3415 4632 3689 4702 διαιροῦσι

2145 4701 2254 4754 ἀπὸ
2278 4701 2372 4754 τοῦ
2405 4704 2536 4758 Υἱοῦ
2566 4707 2627 4759 τὸ
2681 4709 2903 4781 Πνεῦμα
2953 4715 3075 4767 κατ’
3111 4718 3281 4786 αὐτὴν
3336 4719 3438 4787 τὴν
3484 4722 3705 4775 οὐσιὼδτ

2144 4794 2240 4846 καὶ
2282 4795 2519 4864 φυσικὴν
2553 4799 2718 4853 αὑτοῦ
2751 4801 3021 4872 ῦπαρξιν;
3048 4806 3080 4878 ἦ
3109 4809 3217 4877 γὰρ
3250 4810 3344 4863 καὶ⁵
3370 4811 3435 4865 ἐκ
3455 4812 3552 4867 τοῦ
3590 4814 3717 4869 Υίοῦ

2147 4883 2299 4939 ἐσται
2329 4887 2647 4959 ὡςΠνεῦμα
2674 4893 2827 4959 Υίοῦ,
2861 4897 3114 4970 καθάπερ
3149 4902 3299 4955 ἐστὶν
3332 4904 3395 4956 ἐκ
3429 4903 3524 4957 τοῦ
3558 4905 3715 4970 Θεοῦ,

2144 4974 2222 5038 ὡς
2253 4976 2474 5047 Πνεῦμα
2500 4981 2635 5035 Θεοῦ
2658 5000 2671 5015 ⁸
2703 4984 2736 5054 ἢ
2771 4989 2866 5040 καὶ
2900 4990 2965 5042 ἐκ
2994 4992 3094 5061 τῆς
3139 4992 3397 5062 ἀληθείας
3453 4995 3606 5050 ἔσται
3644 4998 3722 5060 ὡς

2144 5067 2373 5159 Πνεῦμα
2403 5071 2680 5142 ἀληθείας,
2717 5077 2972 5151 καθάπερ
3022 5084 3172 5138 ἐστὶν
3222 5087 3287 5138 ἐκ
3325 5089 3419 5141 τοῦ
3482 5089 3718 5159 Πατρὸς,

2142 5156 2218 5219 ὡς
2249 5158 2475 5231 Πνεῦμα
2506 5164 2759 5235 Πατρός*
2808 5168 2904 5220 καὶ
2933 5169 3105 5234 οὕτως
3136 5172 3248 5238 ἐξει
3302 5175 3398 5228 καὶ
3449 5175 3549 5243 τὴν
3580 5156 3718 5246 πρὸς

2141 5249 2234 5302 τὸν
2259 5251 2385 5305 Υίὸν
2411 5256 2700 5310 κοινωνίαν
2721 5257 2823 5329 τῆς
2856 5260 3075 5328 φύσεως
3093 5278 3109 5294 ⁸
3142 5264 3173 5334 ἢ
3198 5265 3298 5335 τὴν
3327 5267 3427 5337 μέν
3458 5269 3596 5336 πρὸς
3624 5270 3716 5321 τὸν

2144 5342 2367 5413 Πατέρα
2388 5347 2674 5401 κοινωνίαν
2694 5348 2795 5418 τῆς
2831 5351 3048 5419 φύσεως
3077 5354 3211 5420 ἕξει,
3232 5356 3309 5420 ὡς
3346 5360 3409 5411 ἐκ
3442 5358 3538 5410 τοῦ
3578 5360 3713 5413 Θεοῦ

2143 5437 2237 5485 καὶ
2276 5436 2428 5505 παρὰ
2453 5436 2548 5489 τοῦ
2581 5438 2794 5511 Πατρός
2817 5439 2899 5508 ὃν,
2926 5443 3063 5513 πρὸς
3094 5445 3154 5497 δέ
3198 5446 3290 5498 τὸν
3338 5446 3465 5501 Υίὸν
3497 5450 3715 5519 ἐκείνην

2141 5524 2369 5595 ἐξειτὴν
2398 5527 2704 5600 οἰκειότητα
2739 5532 2817 5596 ὡς
2875 5534 3065 5598 ἁπλῶς
3117 5536 3344 5607 Πνεῦμα
3401 5539 3556 5604 Υίοῦ,
3610 5542 3706 5594 καὶ

2142 5616 2366 5687 Πνεῦμα
2425 5619 2705 5690 ἀληθείας,
2764 5625 2888 5695 ἥτις
2948 5627 3235 5699 ἀλλότριον
3291 5630 3389 5699 τῆς
3437 5631 3573 5701 πρὸς
3620 5633 3708 5684 τὸν

2144 5708 2271 5761 Υίὺν
2296 5712 2531 5780 φυσικῆς
2562 5717 2848 5780 κοινωνίας
2898 5718 3047 5771 ἐάσει
3076 5721 3229 5775 αὐτό.
3266 5723 3328 5774 Ei
3358 5723 3416 5775 δὲ
3464 5725 3708 5777 θέλουσιν

2141 5801 2187 5852 οἱ
2214 5799 2319 5855 νέοι
2356 5799 2591 5871 θεολόγοι
2619 5807 2713 5859 καὶ
2753 5808 2847 5876 τὴν
2882 5805 3163 5877 θεολογίαν
3194 5811 3287 5864 τοῦ
3329 5813 3568 5882 μεγάλου
3602 5813 3707 5865 Βα-
