4002 6410
247 296 358 361 “7

1213 290 1296 352 IN
1338 288 1730 350 CAMATERI
1774 288 2414 351 ANIMADVERSION
2427 292 2536 351 ES.
2555 286 2571 347 Ἰ

3422 294 3525 355 416

246 410 455 464 σιλείου
518 401 1019 471 ἁποδοκιμᾶιςοντες
1062 398 1158 466 τὴν
1211 396 1499 464 λέγουσαν,
1535 416 1553 448 ι
1612 396 1833 466 Πνεῦμα

1948 413 2036 466 per
2074 397 2289 462 Filium,
2328 418 2347 451 i
2387 398 2627 468 Spiritus
2657 397 2875 467 quidem
2902 412 3028 469 erga
3062 397 3257 452 Filium
3279 401 3528 470 proprie-

244 503 350 572 μὲν
390 495 605 564 Πατρδς
633 492 692 546 τὸ
722 491 968 559 Πνεῦμα,
998 490 1079 542 ὅτι
1115 492 1179 541 ὲκ
1209 487 1303 539 τοῦ
1331 487 1578 557 Πατρός·
1606 486 1828 556 Πνεῦμα

235 594 303 647 δὲ
340 592 500 660 Υίοῦ,
540 590 622 642 ὅτι
651 585 737 638 διὰ
764 582 858 636 τοῦ
890 581 1044 645 Υἰοῦ,
1085 600 1103 633 ι
1144 580 1243 650 τὴν
1268 582 1369 649 μὲν
1399 580 1535 650 πρὸς
1566 580 1660 632 τὸν
1702 580 1832 633 Υίὸν

235 684 559 753 οἰκειότητα
591 679 686 732 τοῦ
718 675 1041 744 Πνεύματος
1081 690 1224 726 κατα
1259 672 1495 744 φυσικὴν
1544 673 1832 726 κοινωνίαν

230 778 366 848 ὁμο)
379 777 531 842 ογεῖν
555 771 618 824 τὸ
655 768 940 840 προδήλως
969 763 1233 826 δυσσεϐὲς
1265 765 1360 815 καὶ
1388 763 1712 833 βλάσφημον
1736 764 1826 817 εὺ.

229 866 597 934 λαὸοὑμενοι.
640 858 701 910 τδ
730 858 786 910 δὲ
817 856 912 908 καὶ
943 857 1005 908 ἐκ
1034 854 1128 907 τοῦ
1165 852 1296 906 Υίοῦ
1326 848 1469 906 εἶναι
1492 856 1623 905 αὐτὸ
1649 853 1833 923 ἀπαρ-

230 952 499 1009 νεῖσθαι·
540 947 658 1002 ἀλλ’
690 946 928 998 ἴστωσαν
971 944 1045 1013 μὴ
1082 942 1147 996 ἂν
1183 942 1357 1004 ἄλλως
1407 942 1672 995 δύνασθαι
1729 944 1830 1014 τὴν

235 1043 535 1098 κοινωνίαν
566 1041 666 1110 τῆς
701 1037 919 1105 φύσεως
965 1035 1133 1104 μέσον
1181 1035 1396 1104 Πατρδς
1421 1036 1709 1105 τηρεῖσθαι
1735 1036 1832 1089 καὶ

237 1135 588 1206 Πνεῦματος,
620 1133 669 1183 εί
709 1130 785 1198 μὴ
816 1131 879 1180 ὲκ
929 1126 1140 1193 Πατρδς
1171 1127 1232 1178 τὸ
1279 1126 1503 1197 Πνεῦμά
1532 1128 1668 1180 ἐστιι
1728 1129 1826 1180 καὶ

1943 499 2109 544 tatem
2145 490 2444 545 secundum
2470 490 2769 544 naturalem
2795 490 3234 543 communionem
3264 490 3528 558 proﬁten-

1943 590 2054 648 tur,
2084 586 2223 653 quod
2247 582 2531 637 manifeste
2550 583 2780 650 impium
2809 590 2914 643 est,
2933 590 3094 650 atque
3121 582 3528 650 blasphemum,

1944 676 2205 739 vitantes,
2258 675 2391 729 illud
2424 690 2554 730 vero
2577 690 2639 727 ex
2673 672 2809 727 Filio
2832 674 2980 727 illum
3004 689 3125 727 esse
3146 674 3357 728 inticias
3377 682 3531 739 eunt,

1940 769 2116 822 sciant
2171 783 2248 832 se,
2280 784 2383 821 non
2409 767 2514 820 alio
2546 767 2706 820 modo
2736 777 2942 821 naturae
2973 766 3413 820 communionem
3445 766 3531 818 in-

1942 868 2022 914 ter
2054 859 2264 913 Patrem
2315 870 2366 913 et
2403 859 2667 928 Spiritum
2719 873 3066 919 conservare,
3118 858 3223 912 nisi
3270 874 3333 911 ex
3364 857 3529 912 Patre

1941 952 2172 1020 spiritus
2204 960 2322 1012 est;
2356 965 2535 1019 neque
2561 950 2721 1004 etiam
2754 950 2862 1002 alio
2897 951 3061 1003 modo
3111 949 3343 1003 similem
3374 963 3532 1003 eum-

1938 1044 2258 1096 mnnionem
2282 1050 2491 1095 natura:
2521 1042 2662 1094 inter
2687 1039 2949 1110 Spiritum
2979 1050 3034 1093 et
3063 1038 3260 1094 Filium
3288 1055 3531 1105 scrvare,

1938 1132 1994 1184 ni
2028 1150 2123 1202 per
2153 1131 2377 1199 Filium;
2409 1142 2462 1185 et
2498 1148 2564 1187 ex
2602 1131 2743 1184 Filio
2769 1131 3001 1198 Spiritus
3039 1140 3140 1185 est.

234 1235 313 1306 μὴ
347 1234 414 1284 ἂν
448 1231 629 1290 ἄλλως
691 1226 854 1296 μέσον
886 1225 1018 1277 Υἱοῦ
1060 1225 1154 1276 καὶ
1221 1223 1534 1294 Πνεύματος
1565 1224 1666 1293 τὴν
1702 1225 1956 1296 τοιαύτην
2020 1228 2306 1281 κοινωνίαν
2360 1228 2648 1299 τηρεῖσθαι
2709 1229 2805 1296 τῆς
2838 1226 3075 1295 φύσεως,
3107 1225 3156 1277 εί
3186 1226 3261 1294 μὴ
3283 1223 3372 1277 διὰ
3401 1214 3532 1281 Υ,ἱοῦ

234 1325 332 1379 καὶ
362 1322 425 1387 ἐξ
464 1319 597 1374 Υἰοῦ
628 1318 688 1369 τὸ
714 1315 939 1385 Πνεῦμά
969 1318 1139 1367 ἐστιν.

495 1416 608 1471 Τοῦ
644 1412 832 1469 αὑτοῦ
860 1412 929 1464 ἐκ
956 1409 1066 1478 τῆς
1095 1408 1287 1476 αὐτῆς
1344 1409 1601 1479 ὁμιλίας.

312 1514 362 1567 ι’.
393 1534 412 1564 ι
441 1511 669 1577 Πνεῦμα
711 1505 870 1569 Θεοῦ,
909 1503 1126 1571 πνεῦμα
1184 1504 1245 1555 τὸ
1294 1503 1358 1555 ἐκ
1410 1501 1581 1556 Θεοῦο
1617 1500 1835 1571 πνεῦμα

249 1621 268 1653 ί
310 1600 526 1670 Πατρὶς
557 1596 648 1649 καὶ
684 1592 929 1661 Πνεῦμα,
963 1590 990 1642 6
1013 1589 1183 1643 ὲκτοῦ
1207 1592 1412 1662 [ἰατρὸς
1451 1592 1830 1662 ἐκπορεύεται,

250 1712 267 1745 ι
306 1690 539 1758 Πνεῦμα
555 1685 792 1755 Κυρίου,
818 1687 1041 1754 πνεῦμα
1058 1684 1212 1738 Υἱοῦ.
1235 1684 1397 1752 Λέγει
1420 1684 1447 1736 6
1482 1683 1826 1747 Ἀπόστολος,

255 1801 274 1834 t
318 1801 336 1834 ι
368 1780 556 1835 Ὀτιδὲ
578 1780 704 1832 ἐστὲ
733 1779 892 1844 υίοῖς,
912 1777 1296 1845 ἐξαπέστειλεν
1313 1777 1340 1829 6
1357 1775 1486 1838 Θεὸς
1509 1774 1570 1827 τὸ
1608 1774 1825 1842 πνεῦμα

257 1888 276 1922 ι
322 1869 414 1923 τοῦ
456 1869 579 1921 Υῐοῦ
626 1870 792 1922 αὑτοῦ
844 1871 921 1932 είς
959 1868 1055 1931 τὰς
1112 1867 1341 1938 καρδίας
1408 1865 1565 1935 ὑμῶν
1605 1866 1830 1935 κρᾶζον,

251 1981 271 2015 ι
322 1961 491 2015 Ἀὄὸἅ
526 1965 553 2014 6
585 1961 794 2030 Πατήρ.
836 1978 854 2012 ι
905 1959 1033 2013 Ἰδοὺ
1072 1958 1203 2012 αὐτὸ
1225 1959 1284 2011 τὸ
1317 1956 1533 2026 πνεῦμα
1563 1957 1656 2010 τοῦ
1679 1957 1830 2019 Υἱοῦ,

244 2073 266 2105 ‹
323 2051 772 2124 ’Λλλαχοῦίπάλιν
802 2071 821 2104 ι
848 2051 1065 2122 πνεῦμα
1094 2048 1387 2121 Χριστοῦ,ι
1418 2047 1825 2117 λέγειΠαῦλοςο

239 2165 260 2198 ι
305 2146 505 2216 Ὑμεῖς
539 2145 597 2198 δὲ
621 2146 722 2197 οὐκ
757 2143 882 2198 ἐστὲ
911 2145 969 2197 ὲν
999 2145 1186 2214 σαρκὶ,
1212 2141 1329 2196 ἀλλ’
1357 2142 1414 2195 ιν
1436 2140 1830 2213 πνεύματι,¹εί-

235 2258 255 2291 σ
294 2255 405 2308 περ
444 2237 666 2308 πνεῦμα
696 2234 938 2307 Χριστοῦ
962 2237 1106 2289 οἰκεῖ
1145 2238 1202 2288 ὲν
1235 2235 1387 2302 ὑμῖν.
1431 2252 1450 2286 ι
1489 2234 1827 2306 Παρακαλῶ,

233 2349 253 2382 ι
293 2331 544 2401 πρόσεχε
596 2332 663 2399 τῇ
713 2329 888 2399 πλοκῇ
928 2328 1102 2398 ταύτῃ
1158 2330 1225 2399 τῇ
1254 2328 1408 2398 ἁγία,
1465 2327 1583 2388 πῶς
1641 2326 1831 2398 ὥσπερ

230 2443 253 2477 ς
292 2424 519 2495 σχοῖνόν
550 2440 670 2475 τινα
720 2422 883 2489 ἁγίαν
919 2422 1014 2475 καὶ
1039 2419 1222 2484 ζῶσαν
1250 2423 1314 2473 ὲκ
1339 2419 1639 2491 τριπλόκου
1670 2419 1830 2472 δυνά-

229 2534 248 2570 ‹
293 2532 458 2587 μεως
502 2517 801 2585 εἰσήγαγεν
828 2518 855 2568 6
895 2514 1129 2577 Παῦλος,
1168 2509 1271 2584 τὴν
1319 2512 1480 2582 φύσιν
1538 2512 1827 2566 συνάπτων

217 2592 261 2663 ⁸(
308 2609 419 2679 τὴν
449 2608 761 2675 ἀδιαίρετον
786 2608 879 2660 καὶ
910 2608 968 2660 ὲν
990 2607 1272 2677 διαφόροις
1300 2606 1534 2677 ὀνόμασι
1566 2605 1697 2676 μίαν
1736 2606 1831 2674 τὴν

229 2718 253 2740 ι
285 2700 534 2769 δύναμιν
563 2699 996 2769 ἐνδεικνύμενος.
1028 2718 1046 2749 ι
1072 2698 1261 2768 Ὑμεῖς
1299 2698 1375 2762 δὲ,
1417 2717 1435 2750 ι
1471 2698 1658 2768 φησιν,
1684 2715 1702 2749 ι
1733 2697 1833 2749 οὐκ

228 2810 251 2846 ε
299 2793 434 2845 ἐστὲ
464 2792 525 2845 ἐν
557 2790 747 2860 σαρκὶ,
783 2788 901 2843 ἀλλ’
929 2791 988 2842 ὲν
1032 2789 1332 2859 πνεύματι.
1372 2808 1391 2841 ι
1421 2788 1554 2842 Ἰδοὺ
1591 2788 1830 2858 πνεῦμα.

229 2902 254 2937 c
307 2884 495 2952 Εἴπερ
522 2881 742 2951 πνεῦμα
767 2881 901 2934 Θεοῦ
945 2880 1085 2934 olus!
1111 2882 1168 2933 ὲν
1198 2881 1348 2951 ὑμῖν.
1376 2899 1394 2932 ι
1421 2877 1573 2943 Εἶδες
1593 2880 1827 2949 πνεῦμα;

229 2995 253 3030 ‹
295 2975 365 3029 Et
400 2975 458 3027 δέ
472 2992 558 3038 τις
581 2974 798 3044 πνεῦμα
815 2971 1053 3043 Χριστοῦ
1076 2971 1174 3024 οὐκ
1200 2972 1333 3042 ἔχει.
1362 2990 1381 3023 ›
1406 2972 1515 3024 Καὶ
1540 2971 1644 3041 μὴν
1666 2972 1831 3042 ὲχρῆν

2305 1409 2561 1480 Ejusdem
2602 1427 2666 1465 ea:
2700 1412 2880 1465 eadem
2915 1412 3156 1466 humilia.

2016 1502 2102 1556 10.
2141 1523 2158 1554 ι
2202 1502 2437 1571 Spiritus
2468 1503 2585 1562 Dei.
2617 1506 2844 1571 Spiritus
2882 1505 2972 1572 qui
3017 1520 3083 1558 ex
3120 1504 3247 1559 Deo.
3285 1505 3526 1574 Spiritus

1947 1610 1965 1643 ι
2007 1591 2200 1658 Patris,
2224 1594 2448 1661 spiritus
2469 1595 2557 1660 qui
2586 1609 2649 1647 ex
2678 1593 2837 1648 Patre
2862 1596 3129 1663 procedit.
3156 1595 3393 1665 Spiritus
3426 1596 3531 1648 Do-

1944 1701 1963 1734 ι
2003 1686 2156 1747 mini,
2198 1686 2424 1754 Spiritus
2458 1684 2597 1738 Filii.
2626 1685 2764 1739 Dicit
2792 1688 3083 1755 Apostolus
3115 1704 3128 1740 :
3161 1687 3312 1752 Quot
3343 1697 3527 1742 autem

1939 1794 1955 1825 i
1996 1773 2114 1829 Filii
2152 1775 2304 1837 estis,
2340 1777 2523 1829 emisit
2550 1776 2689 1829 Deus
2708 1778 2960 1846 spiritum
2996 1776 3114 1831 Filii
3152 1780 3235 1831 sui
3269 1779 3321 1831 in
3356 1781 3527 1832 corda

1939 1886 1958 1919 ι
1996 1869 2556 1932 vestra,clamantem,
2579 1869 2722 1921 Abba
2748 1880 2920 1937 pater.
2943 1887 2962 1919 ι
2994 1870 3131 1923 Eeee
3163 1871 3277 1939 ipse
3307 1871 3535 1938 Spiritus

1937 1977 1956 2009 ι
1995 1959 2138 2013 Filii.
2193 1958 2314 2013 Alio
2387 1959 2508 2011 loco
2580 1960 2775 2013 iterum
2828 1960 3081 2029 spiritum
3136 1962 3341 2013 Christi
3397 1963 3531 2014 dii-it

1936 2069 1956 2102 ι
1994 2051 2228 2106 Paulus:
2253 2067 2273 2101 ι
2307 2050 2415 2106 Vos
2437 2061 2618 2105 autem
2647 2067 2752 2106 non
2777 2053 2907 2106 estis
2933 2052 2984 2105 in
3021 2067 3203 2117 carne,
3229 2055 3321 2106 sed
3352 2054 3402 2106 in
3431 2057 3533 2124 spi-

1940 2164 1957 2197 i
2000 2147 2130 2211 iitu,
2191 2147 2457 2217 siquidem
2526 2147 2752 2216 spiritus
2818 2146 2910 2202 Dei
2959 2146 3170 2201 habitat
3224 2148 3275 2200 in
3314 2148 3529 2202 vobis.»

1940 2257 1958 2289 i
1996 2238 2260 2302 Obsecro,
2304 2241 2716 2293 animadvertite
2756 2250 2997 2293 sanctam
3059 2239 3197 2292 hanc
3242 2241 3538 2293 connexio-

1938 2350 1955 2381 ι
1995 2346 2136 2395 nem,
2170 2332 2446 2400 quomodo
2483 2332 2636 2398 quasi
2686 2339 2935 2384 catenam
2968 2330 3260 2398 quamdam
3286 2340 3535 2384 sanet-ni

1938 2442 1956 2474 i
1999 2434 2052 2476 et
2097 2424 2275 2476 vivam
2338 2437 2404 2475 ex
2478 2422 2674 2491 triplici
2739 2421 2976 2490 potentia
3037 2415 3239 2474 inducit
3290 2422 3535 2480 Paulus.

1943 2535 1960 2567 i
2003 2523 2253 2569 naturam
2323 2514 2665 2584 cciijuiigens
2722 2513 3184 2582 inseparabilem,
3241 2526 3295 2567 et
3345 2515 3398 2567 in
3449 2514 3536 2567 di-

1941 2626 1957 2657 i
2001 2607 2173 2661 versis
2214 2606 2526 2661 nominibus
2553 2622 2713 2659 unam
2776 2615 3024 2658 naturam
3066 2606 3337 2660 indicans.
3374 2624 3391 2656 i
3431 2606 3538 2659 Vos

1943 2719 1961 2750 ι
2004 2708 2208 2763 autem,
2269 2700 2466 2768 inquit,
2510 2715 2614 2752 non
2650 2698 2782 2753 estis
2823 2700 2875 2751 in
2943 2714 3128 2762 carne,
3182 2699 3273 2753 sed
3324 2699 3375 2750 iii
3425 2699 3537 2767 spi-

1942 2811 1960 2844 ι
2008 2795 2137 2844 ritu.
2187 2808 2205 2842 ι
2255 2791 2391 2844 Ecce
2426 2792 2717 2859 spiritum:
2754 2808 2771 2840 i
2815 2790 3092 2856 Siquidem
3150 2791 3378 2857 spiritus
3440 2790 3535 2844 Dei

1942 2899 1959 2930 ι
2001 2881 2206 2933 lialiitat
2259 2880 2315 2933 in
2374 2882 2546 2933 vobis.
2587 2896 2606 2930 ι
2638 2877 2828 2932 Vidisti
2882 2880 3131 2948 spiritum
3160 2880 3182 2932 ?
3216 2880 3403 2947 Siquis
3436 2896 3537 2931 au-

1944 2992 1963 3025 i
2006 2983 2110 3027 tem
2160 2972 2421 3041 Spiritum
2470 2972 2673 3026 Christi
2724 2988 2827 3026 non
2882 2971 3163 3037 liabet;ct
3214 2989 3345 3026 sane
3387 2988 3539 3042 oper-

230 3089 255 3124 c
306 3070 519 3132 εἰπεῖν,
554 3069 614 3120 Εί
641 3067 699 3119 δέ
717 3084 801 3126 τις
826 3065 1046 3135 πνεῦμα
1068 3063 1203 3118 Θεοῦ
1232 3064 1333 3116 οὐκ
1379 3064 1517 3134 ἔχει,
1560 3064 1673 3116 ἀλλ’
1710 3061 1829 3117 εἷπε

1948 3067 2144 3120 itebat
2201 3066 2402 3119 dicere.
2442 3064 2495 3117 Si
2553 3065 2675 3131 quis
2732 3065 2980 3133 spiritum
3045 3064 3133 3119 Dei
3190 3082 3294 3119 nun
3352 3065 3536 3127 liabet,

227 3178 252 3214 ί
295 3158 527 3229 πνεῦμα
543 3156 803 3229 Χριστοῦ.
824 3153 957 3209 Eine
975 3156 1111 3209 Θεοῦ
1132 3154 1371 3226 πνεῦμα,
1390 3156 1487 3208 καὶ
1522 3156 1768 3224 ἐπήγαγε
1785 3156 1844 3208 τὸ

221 3271 250 3309 ς
294 3250 528 3320 πνεῦμα
544 3248 805 3321 Χριστοῦ.
832 3249 892 3301 Εί
911 3248 969 3302 δέ
986 3266 1065 3312 τις
1092 3246 1311 3317 πνεῦμα
1329 3245 1569 3315 Χριστοῦ
1592 3247 1841 3317 οὖκέχει·

294 3336 464 3404 (οὗτος
480 3342 581 3395 οὐκ
599 3341 745 3395 ἔστιν
772 3339 960 3394 αὐτοῦ.
990 3339 1154 3392 ’Λλλὰ
1177 3339 1335 3392 τοῦτο
1361 3334 1540 3398 εἶπεν,
1573 3340 1661 3393 ἵνα
1686 3338 1840 3408 δείξῃ

230 3455 256 3491 ε
302 3437 419 3501 ὅτι,
454 3437 503 3487 εί
528 3434 769 3502 πνεῦμα,
823 3434 918 3485 καὶ
955 3431 1230 3502 Χριστός·
1267 3433 1359 3485 καὶ
1402 3432 1516 3484 ἴσον
1547 3431 1661 3484 ἐστὶ
1706 3432 1843 3496 Χρι-

229 3550 253 3575 ρ
302 3533 437 3582 στδν
465 3529 748 3597 παρεῖναι,
782 3526 878 3579 καὶ
919 3523 1141 3594 πνεῦμα
1212 3525 1493 3594 παρεῖναι.
1560 3526 1671 3577 Καὶ
1723 3523 1837 3576 ἴσον

228 3641 252 3675 ι
297 3621 458 3674 ἐστὶν
496 3619 693 3682 εἰπεῖν,
728 3616 947 3686 πνεῦμα
1002 3613 1139 3668 Θεοῦ
1186 3618 1280 3667 καὶ
1316 3615 1537 3686 πνεῦμα
1569 3615 1831 3685 Χριστοῦ.

236 3735 258 3767 ι
312 3716 480 3766 Ἐστι
503 3711 686 3764 τοίνυν
715 3709 944 3779 Πνεῦμα
993 3708 1150 3775 ἆγιον
1179 3706 1398 3776 πνεῦμα
1445 3708 1505 3759 τὸ
1553 3707 1653 3776 τῆς
1699 3707 1831 3777 ἀλη-

230 3829 251 3861 ι
304 3806 488 3868 θείας,
521 3803 597 3868 ὡς
631 3804 697 3857 ἄν
718 3820 801 3865 τις
832 3802 1001 3863 εἴποι,
1030 3800 1248 3870 πνεῦμα
1269 3800 1363 3852 τοῦ
1385 3798 1541 3854 Υἰοῦ.
1572 3799 1726 3851 Ἐπεὶ
1751 3799 1838 3851 λέ-

229 3919 249 3951 (
288 3914 383 3967 γει
412 3895 442 3945 6
478 3894 694 3963 Σωτὴρ,
730 3910 750 3943 ι
789 3890 935 3959 Ἐγώ
966 3892 1083 3961 είμι
1117 3891 1426 3962 ήὰλήθεια,
1453 3908 1471 3942 ι
1522 3890 1751 3957 Λέγεται
1778 3891 1837 3943 τὸ

230 4008 250 4040 ι
300 3984 532 4053 πνεῦμα
561 3983 660 4052 τῆς
690 3980 969 4051 ἀληθείας,
1004 3980 1032 4031 δ
1064 3979 1183 4031 ἐστι
1208 3979 1270 4029 τὸ
1299 3977 1522 4046 Πνεῦμα
1552 3976 1644 4028 τοῦ
1674 3975 1829 4040 Υἱοῦ,

231 4100 251 4131 ι
299 4077 381 4141 ὧς
438 4091 606 4145 φησιν
637 4076 665 4126 6
712 4071 925 4134 Παῦλος
960 4088 974 4103 ο
1023 4088 1041 4122 ι
1084 4068 1548 4134 Ἐξαπέστειλενό
1590 4067 1720 4131 Θεὸς
1776 4068 1835 4120 τὸ

234 4189 254 4224 ι
298 4167 534 4237 πνεῦμα
557 4166 651 4219 τοῦ
701 4163 834 4217 Υίοῦ
866 4163 1053 4217 αὐτοῦ.
1095 4180 1113 4213 ι
1149 4161 1339 4214 Ἔστιν
1380 4156 1474 4213 οῦν
1501 4159 1594 4212 καὶ
1618 4158 1834 4227 πνεῦμα

244 4280 266 4314 ι
316 4258 486 4318 Υίοῦ,
546 4260 642 4310 καὶ
673 4255 891 4325 πνεῦμα
954 4253 1269 4324 ἐγείραντος
1325 4252 1534 4322 Ἰησοῦν
1574 4251 1829 4320 Χριστόν.

238 4374 259 4405 ι
302 4353 422 4407 Καὶ
454 4351 623 4404 ἄκουε
655 4348 823 4403 αὐτοῦ
860 4346 954 4400 τοῦ
989 4345 1201 4399 Παύλου
1229 4359 1244 4374 ⁶
1293 4364 1311 4396 ι
1350 4345 1409 4397 Et
1438 4345 1493 4396 δὲ
1517 4343 1576 4396 τὸ
1605 4342 1830 4412 πνεῦμα

1953 3175 1970 3209 i
2010 3160 2102 3213 sed
2138 3158 2543 3226 ilixitspiritiiiii
2580 3156 2780 3211 Christi
2816 3174 2922 3210 non
2965 3158 3150 3222 ilubCl,
3190 3159 3275 3212 liic
3311 3174 3417 3211 non
3455 3169 3538 3211 est

1952 3267 1972 3299 ι
2009 3249 2151 3318 ejus,
2197 3265 2383 3301 verum
2432 3250 2534 3301 hoc
2570 3249 2721 3308 dixit,
2756 3259 2814 3301 iit
2842 3249 3129 3312 ostendat,
3161 3250 3205 3303 si
3243 3251 3462 3318 spiritus
3486 3231 3551 3303 et,~

1951 3360 1968 3393 i
2007 3341 2359 3406 Christiis,et
2413 3340 2552 3393 idem
2598 3348 2680 3393 est
2726 3340 3002 3395 Christum
3053 3343 3282 3404 adesse,
3332 3354 3384 3396 et
3426 3345 3538 3410 Spi-

1949 3450 1968 3483 i
2011 3432 2178 3485 ritum
2214 3433 2429 3496 adesse,
2463 3442 2513 3484 et
2542 3431 2680 3484 idem
2724 3440 2800 3486 est
2864 3434 3115 3500 Spiritum
3154 3432 3244 3488 Dei
3279 3436 3461 3488 dii-ere
3484 3446 3536 3488 et

1949 3542 1967 3574 ι
2013 3526 2267 3593 Spiritum
2324 3510 2552 3578 Christi.
2619 3523 2714 3577 Est
2785 3525 2948 3594 igitur
3006 3525 3243 3593 Spiritus
3308 3540 3537 3582 sanctus

1948 3632 1967 3666 ι
2008 3613 2245 3682 Spiritus
2274 3616 2538 3679 veritatis,
2575 3618 2729 3683 quasi
2766 3634 2889 3685 quis
2937 3618 3102 3683 dicat,
3161 3620 3385 3687 spiritus
3449 3620 3535 3673 Fi-

1947 3720 1966 3753 ι
2008 3704 2089 3757 lii.
2156 3703 2294 3769 Quia
2330 3702 2461 3756 dicit
2508 3705 2803 3757 Saltator:
2844 3707 2952 3774 Ego
2988 3722 3107 3759 sunt
3135 3709 3356 3763 veritas.
3396 3710 3537 3763 Dici-

1956 3812 1974 3844 ι
2017 3802 2106 3849 tur
2141 3796 2380 3862 Spiritus
2408 3796 2673 3858 veritatis,
2711 3800 2805 3863 qui
2839 3806 2921 3849 est
2955 3798 3181 3864 spiiitus
3214 3797 3360 3863 Filii,
3392 3801 3535 3853 sicut

1947 3903 1965 3937 ι
2003 3885 2134 3940 dicit
2167 3884 2408 3939 Paulus:
2440 3886 2631 3939 Emisit
2662 3887 2804 3940 Deus
2842 3888 3093 3956 Spiritum
3142 3887 3260 3941 Filii
3299 3892 3403 3943 sui.
3442 3889 3538 3944 Est

1944 3995 1962 4028 i
2007 3977 2171 4045 igitur
2194 3986 2245 4031 et
2264 3978 2487 4047 spiritus
2512 3976 2657 4039 Filii,
2677 3980 2969 4047 etspiritus
2987 3980 3130 4049 ejus,
3151 3982 3241 4048 qui
3267 3985 3534 4036 exeitatit

1944 4086 1963 4121 ι
2003 4067 2185 4124 Jesum
2210 4072 2509 4125 tilirisluni.
2539 4073 2601 4124 Et
2622 4070 2747 4123 audi
2769 4071 2992 4123 l’aulum
3020 4072 3289 4127 dicentem
3316 4087 3328 4123 :
3357 4074 3410 4127 Si
3435 4090 3533 4127 au-

1943 4177 1962 4211 t.
2012 4170 2119 4215 tem
2157 4162 2381 4230 Spiritus
2412 4164 2551 4230 ejus,
2578 4164 2669 4231 qui
2706 4165 2967 4216 excitavit
3009 4161 3191 4217 Ji-snin
3218 4164 3529 4226 Christum,

1942 4269 1959 4299 i
1997 4249 2206 4304 habitat
2236 4251 2288 4303 in
2328 4253 2503 4306 vobis.
2540 4251 2662 4305 llaec
2697 4253 2885 4304 omnia
2934 4263 3135 4306 sancta:
3176 4262 3229 4305 et
3264 4253 3532 4308 immacu-

1945 4359 1962 4390 ι
2010 4341 2131 4396 lata:
2162 4343 2449 4410 potestatis
2495 4342 2669 4395 sancti
2700 4350 2754 4394 ct
2808 4343 3073 4395 adorandi
3123 4344 3348 4410 spiritus
3380 4353 3530 4399 suit.

240 4465 260 4497 ι
296 4446 395 4498 τοῦ
430 4443 744 4512 ἐγείραντος
779 4440 869 4493 τὸν
902 4438 1137 4509 Χριστὸν
1167 4438 1305 4490 οίκεῖ
1337 4439 1391 4488 ὲν
1417 4436 1578 4506 ὑμῖν)
1611 4455 1626 4487 i
1658 4434 1833 4488 Ταῦτα

1956 4451 1974 4485 ι
2010 4433 2149 4487 Sunt
2180 4443 2234 4488 et
2286 4434 2391 4487 alia
2453 4435 2672 4487 nomina
2718 4451 2824 4487 non
2874 4446 3078 4487 natura:
3123 4438 3527 4498 convenientia.

244 4557 263 4591 ι
300 4538 372 4591 τὰ
402 4537 654 4604 ὀνόματα
679 4533 778 4602 τῆς
803 4531 966 4600 ἁγίας
983 4530 1079 4583 καὶ
1117 4528 1403 4600 ἁχράντου
1439 4527 1725 4596 δυνάμεως
1740 4528 1835 4580 τοῦ

243 4649 261 4682 ι
308 4629 474 4696 ἁγίου
530 4626 650 4677 ἐστὶ
695 4625 791 4676 καὶ
824 4620 1205 4692 προσκυνητοῦ
1271 4619 1605 4689 Πνεύματος.
1668 4618 1826 4671 Ἔστι

245 4739 264 4772 ι
313 4719 373 4771 δὲ
411 4716 512 4768 καὶ
539 4714 674 4769 ἄλλα
703 4714 970 4784 ὀνόματα,
1042 4713 1102 4764 οὐ
1135 4714 1201 4781 τῇ
1251 4712 1410 4779 φύσει
1464 4710 1833 4779 προσήκοντα,

243 4831 262 4863 ι
304 4809 449 4863 ἀλλά
474 4811 542 4879 τῇ
566 4807 837 4876 ἐνεργείᾳ.
872 4804 1047 4867 Βαθὺς
1075 4806 1103 4856 6
1140 4803 1296 4870 λόγος
1324 4803 1417 4854 καὶ
1448 4801 1644 4871 χρῄζει
1668 4800 1836 4868 ἀκοῆς

243 4922 262 4954 ι
305 4896 697 4969 προσεχούσας
764 4898 859 4948 καὶ
888 4894 1170 4964 ἀσφαλοῦς
1208 4894 1469 4957 πίστεως.
1506 4894 1739 4959 Λέγεται
1772 4892 1829 4943 δὲ

240 5013 260 5045 ι
311 4992 482 5045 πάλιν
505 4988 565 5041 τὸ
588 4988 807 5056 πνεῦμα
834 4988 979 5056 ζωῆς
1013 4984 1254 5053 πνεῦμα,
1292 4984 1414 5035 ἐπεὶ
1459 4981 1553 5035 καὶ
1586 4985 1612 5034 6
1640 4981 1833 5053 Σωτὴρ

243 5106 262 5139 ι
298 5084 481 5154 λέγει,
523 5079 667 5151 Ἐγὼ
695 5082 810 5150 είμι
851 5082 883 5148 ἠ
912 5076 1139 5144 ἀλήθεια
1169 5077 1261 5129 καί
1290 5076 1478 5146 ήζωή.
1505 5075 1739 5141 Λέγεται
1770 5071 1862 5126 οὖν

1952 4544 1971 4577 ι
2023 4526 2119 4579 sed
2149 4526 2477 4594 upcrationi.
2520 4524 2836 4580 Prul'undus
2883 4542 3065 4580 St‘lliiO
3100 4537 3149 4577 et
3197 4541 3334 4595 opus
3366 4529 3532 4582 liabet

1948 4635 1966 4668 ι
2004 4616 2233 4671 auribus
2284 4617 2525 4680 attentis,
2577 4617 2821 4682 munitis,
2878 4627 2929 4668 et
2992 4617 3262 4671 liJelibus.
3328 4620 3534 4673 Dicitur

1941 4726 1959 4759 ι
1998 4718 2181 4762 autem
2215 4710 2410 4761 iterum
2448 4710 2675 4777 spiritus
2700 4709 2924 4779 spiritus
2960 4710 3102 4775 vitae,
3127 4713 3253 4781 quia
3289 4711 3537 4767 Salvator

1942 4819 1962 4853 ι
2000 4801 2133 4854 dicit
2162 4801 2306 4871 :Ego
2324 4802 2661 4866 sumjreritas
2678 4814 2726 4855 et
2750 4804 2874 4856 vita.
2894 4800 3538 4872 Dicituritaquespiritus

1949 4911 1968 4942 ι
2010 4893 2131 4945 vitae
2153 4893 2364 4945 sicutet
2397 4891 2601 4946 l’aulus
2633 4890 2928 4945 dicitzLex
2960 4894 3102 4945 enim
3132 4895 3356 4963 sp‘ritus
3388 4898 3534 4951 vitaz.

1950 4998 1968 5030 ι
2010 4980 2133 5035 Πεεο
2168 4983 2389 5035 nomina
2416 4999 2522 5035 non
2559 4983 2912 5038 ascribiintur
2933 4982 3165 5053 Spiritui
3199 4998 3411 5051 sancto,
3432 4989 3526 5042 sed

1965 5091 1983 5125 ι
2020 5074 2230 5137 virtuti,
2258 5085 2310 5126 ct
2338 5076 2638 5138 operatiOni
2667 5077 2805 5144 ejus,
2843 5087 2901 5129 ut
2962 5088 3088 5131 sunt
3140 5080 3278 5131 dona
3331 5080 3471 5147 ejus.
3509 5099 3529 5130 ι

243 5197 262 5229 ι
305 5164 533 5250 πνεῦμα
564 5178 706 5247 ζωῆς
733 5173 914 5238 καθὼς
934 5177 1027 5228 καὶ
1054 5175 1081 5226 6
1113 5170 1325 5233 Παῦλος
1355 5170 1533 5239 λέγει·
1569 5171 1628 5225 Ὀ
1651 5170 1759 5240 γὰρ
1790 5170 1954 5240 νόμος
2002 5167 2094 5221 τοῦ
2151 5168 2457 5237 πνεύματος
2511 5172 2610 5240 τῆς
2651 5171 2817 5240 ζωῆς.
2856 5192 2875 5225 ι
2915 5172 3102 5227 Ταῦτα
3134 5174 3204 5225 τὰ
3239 5175 3473 5241 ὀνόματα
3499 5171 3535 5223 ἃ.

244 5292 264 5325 ι
306 5272 373 5326 οὐ
414 5268 834 5341 προσγράφεται
868 5268 945 5339 τῷ
973 5266 1112 5336 ἁγίῳ
1139 5264 1441 5335 Πνεύματι,
1464 5264 1598 5319 ἀλλὰ
1629 5266 1694 5334 τῇ
1728 5262 1954 5334 δυνάμει
1985 5265 2078 5317 καὶ
2096 5265 2163 5333 τῇ
2190 5264 2441 5333 ἐνεργείᾳ
2470 5264 2657 5330 αὐτοῦ,
2686 5250 2796 5318 οἷον
2830 5268 2884 5318 al
2918 5267 3118 5338 δωρεαὶ
3146 5266 3330 5320 αὐτοῦ.
3367 5284 3385 5316 ι

856 5364 1236 5420 Ἐπιστασία.

318 5481 340 5516 ι
388 5460 712 5530 Σημείωσαι
744 5458 854 5512 ἀπό
919 5475 980 5511 τε
1010 5458 1112 5526 τῆς
1162 5455 1542 5527 προλαόούσης
1593 5456 1845 5526 χρήσεως

245 5576 264 5607 ι
307 5556 409 5609 καὶ
441 5554 549 5607 ἀπὸ
580 5551 789 5622 ταύτης
822 5551 920 5621 τὴν
947 5550 1040 5604 τοῦ
1105 5550 1262 5618 ἁγίου
1319 5549 1535 5620 Πατρὺς
1584 5548 1839 5618 Χρυσορο

245 5668 265 5701 σ
317 5649 563 5720 ρήμονος
619 5645 765 5716 μετὰ
830 5644 1037 5714 πολλῆς
1105 5643 1397 5715 ἀκρισείας
1458 5641 1838 5709 λεπτολογίαν.

248 5761 271 5796 ι
326 5738 475 5794 Ἐκεῖ
506 5742 611 5809 μὲν
642 5739 774 5809 γὰρ,
812 5739 941 5812 περὶ
972 5739 1071 5803 τῆς
1097 5736 1189 5791 τοῦ
1223 5736 1543 5806 Πνεῦματος
1572 5735 1840 5806 ἐκπορεύ-

2527 5360 2953 5416 Aiiiinadversio.

2022 5471 2040 5503 ι
2080 5452 2219 5506 Nota
2274 5468 2340 5509 ex
2382 5467 2548 5523 supra
2609 5455 2789 5522 posito
2843 5457 3010 5515 dicto.
3043 5464 3095 5507 et
3139 5468 3202 5505 ex
3236 5452 3337 5505 tiec
3366 5450 3531 5505 etiam

1951 5563 1967 5592 i
2011 5546 2187 5598 sancti
2219 5543 2399 5600 Putris
2434 5546 2814 5615 Clirysostomi
2863 5560 2986 5600 cum
3025 5545 3191 5597 multa
3220 5545 3305 5626 "ac
3341 5553 3531 5597 exacta

1950 5657 1967 5690 ι
2010 5639 2352 5693 discussione
2381 5637 2636 5692 subtilem
2667 5625 3120 5705 \iisptllallOtli‘ltl.
3162 5625 3259 5687 Ubi
3288 5633 3431 5707 enim
3460 5636 3532 5689 de

1959 5731 2255 5802 «Spiritus
2302 5731 2654 5799 processione
2701 5743 3008 5784 sermonem
3046 5728 3228 5791 liabet,
3267 5732 3535 5799 ρινιιιιιιφει-

3360 5988 3381 6015 ἢ
