4002 6406
470 337 576 402 419

1493 333 1704 398 JOAN.
1745 335 1959 396 VECCI
1997 332 2106 394 CP.
2149 331 2660 392 ΡΑΤΒΙΑΒΟΗιΕ

3617 339 3719 402 ἇῖθ

477 473 498 505 ι
518 453 782 509 .tionibus
815 469 900 519 ex,
917 460 970 507 et
987 453 1074 519 ab,
1103 466 1196 522 per
1215 460 1390 506 totum
1419 451 1609 512 utitur,
1641 458 1694 503 et
1717 464 1782 502 ex
1808 448 1916 502 Deo
1937 456 1990 501 et
2016 463 2027 500 :

2158 463 2176 496 ι
2219 462 2356 508 σεως
2387 447 2728 519 ἑρμηνεύων,
2777 449 2896 510 ταῖς
2919 447 3206 518 προθέσεσι
3237 451 3300 522 τῇ
3334 467 3392 504 τε
3443 450 3512 504 ἐκ
3535 449 3634 504 καὶ
3653 454 3719 522 τῇ

481 565 500 597 ι
536 544 698 600 Patre
727 545 880 601 illum
919 546 1181 601 insinuat.
1239 541 1338 597 Hic
1392 557 1518 596 vero
1552 541 1788 610 Spiritus
1817 549 1872 594 et
1925 539 2045 594 Filii

480 656 497 685 ι
543 637 688 690 idem
741 645 951 691 natura:
975 644 1028 689 et
1057 635 1308 690 essentia:
1359 642 1565 687 tantum
1604 646 1904 701 exponens,
1941 647 2047 686 non

477 746 496 776 ι
531 743 658 782 vero
686 727 1108 802 processionem,
1139 725 1340 780 nullam
1367 740 1430 778 ex
1465 725 1549 778 his
1575 723 2048 794 praepositionibus

478 839 497 868 ι
542 827 786 886 usurpat,
849 819 940 873 sed
1014 818 1338 888 simpliciter
1395 826 1449 872 et
1504 817 1624 869 sine
1688 815 1795 870 illis
1855 813 1947 867 Dei
1996 825 2050 868 et

477 930 496 963 ι
540 909 742 964 Christi
779 909 1043 979 Spiritum
1097 917 1400 980 nuncupat,
1447 909 1689 964 divinum
1743 921 2046 976 przeconem

478 1021 494 1051 ι
531 1001 756 1058 Paulum
795 1003 994 1058 similis
1022 1003 1286 1058 doctrinae
1311 1010 1508 1057 testem
1545 1001 1694 1055 omni
1729 1001 2048 1070 exceptione

477 1111 492 1141 ι
533 1093 792 1162 majorem
823 1094 1124 1151 adducens.
1523 1125 1544 1148 κ

1105 1368 1408 1438 Refutatio.

539 1460 595 1516 Si
620 1476 684 1514 ex
711 1475 778 1514 eo
825 1459 967 1528 quod
1009 1475 1175 1514 aurea
1224 1460 1532 1529 eloquentia
1584 1460 1842 1526 praeditus
1885 1459 2044 1517 Pater

475 1553 717 1622 Spiritus
750 1554 1155 1621 processionetn
1183 1567 1482 1622 exponens,
1512 1566 1577 1605 ea:
1604 1563 1656 1605 et
1683 1551 1747 1605 ab
1783 1555 2044 1622 praeposi-

467 1644 710 1698 tionibus
767 1660 866 1713 per
919 1652 1092 1698 totum
1142 1644 1334 1707 utitur,
1387 1645 1439 1697 itt
1491 1646 1604 1714 jam
1647 1661 1775 1699 vero
1835 1647 2042 1715 digesta

2158 554 2176 587 ι
2234 536 2394 604 παρὰ
2420 537 2593 590 διόλου
2627 537 2827 608 χρῆται
2864 539 2926 590 ἐκ
2949 539 3044 592 τοῦ
3081 539 3242 602 Θεοῦ,
3281 541 3374 592 καὶ
3433 543 3584 608 παρὰ
3632 539 3724 593 τοῦ

2156 650 2174 681 ι
2211 631 2422 700 Πατρδς
2472 630 2674 701 ταύτην
2722 631 3028 686 διδάσκων·
3085 633 3320 688 ἐνταῦθα
3383 632 3440 686 δὲ
3492 632 3592 705 τὴν
3632 631 3725 687 τοῦ

2157 744 2172 772 ι
2215 721 2343 775 Υἱοῦ
2371 723 2571 776 καὶτοῦ
2607 723 2930 793 Πνεὺματος
2971 726 3252 796 παριστὼν
3305 725 3720 794 ὁμοουσιότητα,
3806 787 3816 798 ⁸

2156 833 2174 863 ι
2221 815 2316 867 καὶ
2343 815 2444 884 τὴν
2493 819 2592 884 τῆς
2645 816 2862 882 φύσεως
2908 819 3220 888 ταυτότητα
3273 817 3464 887 μόνην,
3514 817 3577 870 υῦ
3622 819 3725 887 μὴν

2155 925 2173 957 ι
2216 907 2312 960 καὶ
2339 905 2437 976 τὴν
2470 909 2819 976 ὲκπὸρευσιν,
2848 908 3074 978 οὐδεμιᾷ
3099 907 3208 961 τῶν
3244 907 3503 960 τοιούτων
3525 908 3721 978 χρῆται

2154 1016 2172 1044 σ
2223 997 2566 1066 προθέσεων,
2611 999 2722 1050 ἀλλ’
2745 999 2927 1060 ἁπλῶς
2945 998 3112 1060 οὕτως
3137 997 3262 1050 ἄνευ
3287 997 3464 1050 αὐτῶν
3481 998 3572 1050 τοῦ
3595 998 3725 1050 Θεοῦ

2153 1107 2170 1137 ι
2213 1089 2311 1140 καὶ
2355 1088 2448 1140 τοῦ
2495 1089 2736 1157 Χριστοῦ
2791 1089 2947 1157 λέγει
2994 1091 3054 1142 το
3107 1089 3353 1158 Πνεῦμα,
3399 1092 3492 1141 τὸν
3532 1088 3722 1158 θεοκή-

2157 1197 2174 1228 ι
2215 1194 2357 1243 ρυκα
2389 1178 2604 1234 Παῦλον
2631 1179 2900 1250 παράγων
2948 1181 3048 1250 τῆς
3092 1179 3351 1250 τοιαύτης
3376 1180 3722 1244 διδασκαλίας

2153 1287 2170 1319 ι
2212 1269 2655 1341 ἀπαράγραπτον
2687 1272 2968 1342 μάρτυρα.
3008 1291 3026 1322 ι

2742 1363 3140 1430 ἈντΙρῤησις-.

2217 1456 2390 1526 Εἴπερ
2446 1449 2540 1510 οὖν
2613 1455 2702 1508 διὰ
2750 1455 2832 1522 τὸ,
2875 1455 2964 1507 τὸν
3013 1455 3456 1527 Χρυσυρρήμονα
3507 1456 3723 1525 Πατέρα

2146 1548 2328 1618 ἡμῶν,
2383 1547 2514 1618 περ)⁸
2568 1547 2667 1614 μὲν
2701 1545 2804 1614 τῆς
2827 1545 2920 1600 τοῦ
2972 1546 3292 1616 Πνεῦματος
3340 1550 3718 1617 ἐκπορεὺσεως

2149 1637 2524 1707 ἑρμηνεύοντα
2553 1639 2674 1698 ταῖς
2699 1636 2993 1706 προθέσεσι
3015 1639 3082 1707 τῇ
3112 1654 3171 1688 τε
3201 1637 3293 1700 ἐκ,
3327 1638 3422 1690 καὶ
3446 1641 3510 1708 τῇ
3541 1638 3720 1707 παρὰ,

458 1749 680 1787 suorum
710 1749 1022 1787 sermonum
1053 1733 1326 1802 pericope,
1353 1734 1551 1786 nullam
1577 1750 1640 1787 ex
1699 1721 1859 1788 dictis
1907 1751 2027 1802 prze-

2147 1729 2386 1798 χρῆσθαι
2413 1727 2608 1790 διόλου,
2641 1729 2699 1780 ἐν
2731 1727 2788 1778 δὲ
2820 1729 2883 1796 τῇ
2932 1727 3030 1798 ἢδη
3089 1727 3317 1798 ῥηθείσῃ
3384 1728 3494 1782 τῶν
3553 1725 3719 1781 αὐτοῦ

455 1825 819 1894 positionibus
853 1793 1104 1894 usurpa't,
1131 1793 1587 1892 sed-simpliciter
1613 1837 1664 1879 et
1702 1793 2027 1893 absque-illi:

2145 1822 2320 1889 λόγων
2364 1822 2638 1892 περικοπῇ
2688 1819 2916 1888 οὐδεμιᾷ
2961 1817 3067 1870 τῶν
3097 1819 3356 1872 τοιούτων
3411 1818 3724 1888 προθέσεων

461 1914 716 1984 spiritum
742 1915 836 1969 Dei
869 1923 922 1969 et
947 1915 1200 1983 spiritum
1233 1914 1439 1968 Christi
1489 1925 1792 1982 nuncupat,
1833 1915 2035 1969 abnuis

455 2005 636 2060 dicere
670 2006 924 2074 spiritum
951 2006 1114 2059 etiam
1141 2022 1206 2059 ex
1235 2003 1374 2060 Filio
1399 2021 1541 2072 esse,
1583 2005 1728 2060 haud
1777 2005 1924 2075 justa
1955 2004 2040 2058 fa-

454 2095 561 2157 cis,
613 2096 741 2149 dum
800 2095 1006 2164 refugis
1065 2095 1324 2166 spititum
1366 2113 1433 2153 ex
1483 2097 1624 2152 Filio
1663 2099 1934 2167 protiteri,
1992 2097 2037 2151 si

453 2184 708 2238 eumdem
757 2185 933 2254 ipsum
987 2185 1080 2238 tibi
1141 2187 1471 2242 constituam
1513 2191 1918 2251 decernentetn,
1971 2204 2036 2242 cx

453 2273 595 2328 Filio
621 2290 742 2330 esse
795 2274 1063 2344 Spiritum
1119 2291 1400 2336 sanctum.
1460 2276 1560 2333 Hic
1607 2283 1751 2334 enim
1789 2284 2038 2337 oratione

452 2366 522 2420 de
547 2365 926 2422 lncarnatione
959 2367 1172 2424 Domini
1207 2371 1380 2426 nostri
1413 2371 1544 2426 Jesu
1586 2371 1826 2440 Christi,
1879 2377 2034 2445 cujus

452 2458 782 2527 principium
840 2467 920 2516 est
974 2477 989 2514 :
1037 2479 1057 2512 ι
1125 2460 1264 2518 Vere
1315 2464 1568 2532 apparuit
1631 2465 1793 2520 nobis
1849 2467 2032 2522 divina

451 2549 654 2618 gratia,
702 2567 722 2600 ι
759 2549 941 2619 inquit
971 2567 986 2616 ;
1032 2571 1049 2603 ι
1095 2551 1342 2606 Accessit
1373 2551 1624 2607 Christus
1645 2555 1709 2607 ad
1739 2569 1860 2618 nos,
1889 2555 2038 2608 dedit

448 2641 628 2704 nobis.
659 2641 751 2711 qui
774 2656 844 2697 ex
876 2657 942 2697 eo
963 2653 1068 2708 est,
1122 2643 1401 2713 Spiritum,
1438 2654 1492 2700 et
1540 2658 1742 2713 corpus
1786 2656 2033 2700 nostrum

445 2729 766 2796 assumpsit.
795 2747 814 2780 ι
876 2728 943 2783 Ει
971 2739 1226 2785 sanctum
1276 2731 1498 2800 quidem
1526 2731 1580 2786 in
1621 2733 1828 2800 digesta
1895 2735 2037 2802 peri-

446 2831 581 2884 cope
603 2819 762 2872 dictis
799 2821 1299 2888 praepositionibus-
1333 2837 1490 2876 usum
1529 2838 1638 2876 non
1686 2821 1879 2886 fuisse,
1945 2841 2036 2878 ac-

448 2921 633 2960 curata
668 2919 759 2961 tua
799 2910 902 2962 ista
935 2910 1412 2964 animadversione
1443 2911 1714 2984 adnotasti
1761 2931 1774 2966 :
1807 2922 1862 2968 at
1910 2929 2036 2968 vero

446 2995 599 3049 illum
628 2999 957 3063 asseruissc,
989 3000 1131 3054 idem
1163 3017 1286 3056 esse
1316 3002 1497 3058 dicere
1545 3003 1791 3072 spiritum
1847 3005 1961 3071 Dei,
1987 3016 2040 3060 et

452 3087 700 3157 spiritum
755 3089 1012 3155 Chiisti,
1075 3103 1332 3162 tanquam
1410 3103 1498 3148 tua
1568 3096 2038 3151 animadversione

2141 1914 2476 1984 χρήσασθαι,
2518 1912 2646 1964 ἀλλ’
2700 1911 2891 1972 ἁπλῶς
2922 1908 3091 1971 οὕτως
3117 1911 3247 1964 ἄνευ
3274 1911 3384 1964 τῶν
3407 1911 3721 1981 προθέσεων

2140 2004 2351 2056 τούτων
2383 2001 2566 2070 λέγειν
2597 2002 2657 2054 τὸ
2691 2001 2908 2069 πνεῦμα
2970 2001 3060 2054 τοῦ
3095 2000 3254 2066 Θεοῦ,
3305 2001 3400 2054 καὶ
3449 2003 3544 2054 τοῦ
3593 2003 3726 2072 Χρι-

2143 2096 2271 2150 στοῦ
2330 2095 2586 2166 πνεῦμα,
2648 2095 2708 2147 οὐ
2765 2095 2898 2164 δέχῃ
2983 2089 3122 2146 εἶναι
3195 2095 3256 2147 τὸ
3321 2095 3542 2164 πνεῦμα
3625 2095 3714 2147 καὶ

2141 2190 2206 2242 ἐκ
2271 2187 2364 2241 τοῦ
2421 2185 2574 2250 Υἰοῦ,
2627 2186 2807 2240 οὖκέτ’
2853 2188 2918 2240 ἂν
2976 2186 3092 2256 εἴης
3147 2187 3354 2250 δίκαιος
3403 2188 3723 2257 ἀπαρνήσα-

2145 2282 2268 2332 σθαι
2317 2281 2378 2332 τὸ
2402 2283 2465 2334 ὲκ
2513 2278 2610 2334 τοῦ
2663 2278 2798 2332 Υἰοῦ
2855 2279 3034 2346 λέγειν
3072 2278 3132 2331 τὸ
3169 2279 3430 2348 πνεῦμα.
3461 2281 3556 2332 ἐὰν
3619 2282 3721 2333 αὺ-

2141 2373 2234 2425 τὸν
2269 2373 2476 2426 ἐκεῖνον
2544 2388 2624 2423 σοι
2675 2372 3017 2442 παραστήσω
3077 2371 3434 2438 θεολογοῦντα
3503 2374 3567 2426 ἐκ
3629 2373 3726 2425 τοῦ

2141 2461 2274 2514 Υἱοῦ
2310 2457 2448 2515 εἶναι
2484 2463 2544 2515 τὺ
2588 2462 2818 2532 Πνεῦμα
2834 2462 2914 2515 οτὸ
2965 2461 3142 2531 ἅγιον.
3172 2455 3348 2526 Οὗτος
3377 2463 3611 2532 καὶγὰρ
3663 2466 3724 2517 ὲν

2139 2553 2214 2622 τῷ
2249 2555 2324 2616 εις
2356 2554 2453 2622 τὴν
2477 2553 2888 2623 ὲνανθρώπησιν
2919 2553 3010 2606 τοῦ
3063 2554 3268 2624 Κυρίου
3325 2556 3482 2624 ἡμῶν
3541 2557 3718 2622 Ἰησοῦ

2139 2640 2378 2710 Χριστοῦ
2409 2641 2554 2710 λόγῳ
2587 2640 2776 2707 αὐτοῦ,
2813 2634 2942 2710 οῦή
2979 2641 3142 2711 ἀρχὴ.
3173 2659 3192 2692 ι
3233 2643 3442 2704 Ὄντως
3473 2644 3722 2714 ἐπεφάνη

2141 2733 2272 2800 ἡμῖν
2370 2731 2469 2784 τοῦ
2505 2731 2644 2784 Θεοῦ
2679 2731 2864 2800 χάρις,
2905 2750 2922 2782 ι
2957 2731 3122 2804 φησίν
3149 2745 3162 2760 ⁸
3203 2751 3221 2783 ι
3257 2727 3463 2785 Ἦλθεν
3509 2736 3537 2786 6
3589 2735 3728 2803 Χριο

2142 2823 2262 2885 στος
2311 2824 2446 2894 πρὸς
2469 2825 2642 2892 ἡμᾶς,
2671 2824 2872 2878 ἔδωκεν
2900 2825 3032 2894 ἡμῖν
3058 2824 3117 2876 τὸ
3151 2824 3210 2891 ἐξ
3272 2825 3438 2878 αὑτοῦ
3476 2827 3722 2896 πνεῦμα,

2145 2916 2242 2967 καὶ
2287 2916 2584 2968 ἀνελάϐετο
2639 2915 2698 2968 τὸ
2751 2917 3020 2986 ἡμέτερον
3075 2914 3260 2984 σῶμα.
3290 2934 3309 2966 ι
3345 2917 3455 2968 Καὶ
3507 2917 3722 2985 ὅτιμὲν

2141 3006 2198 3056 ἐν
2239 3009 2305 3076 τῇ
2347 3007 2573 3077 τοιαύτῃ
2620 3011 2895 3076 περικοπῇ
2949 3010 2976 3060 ὁ
3036 3007 3188 3074 amo;
3253 3010 3370 3070 ταῖς
3437 3007 3721 3075 ῥηθείσαις

2142 3098 2466 3166 προθέσεσιν
2513 3099 2613 3148 οὐκ
2667 3099 2958 3167 ἐχρήσατο,
3041 3098 3250 3162 πάνυγε
3297 3099 3561 3168 ἀκριϐοῦς
3618 3100 3717 3165 τῆς

455 3179 682 3234 minime
713 3181 936 3248 dignum
979 3183 1286 3251 neglexisti.
1317 3183 1380 3238 Et
1415 3194 1592 3239 tamen
1651 3187 1781 3240 illud
1809 3190 2027 3242 maximi

2140 3189 2458 3250 ἐπιστασίας
2493 3188 2730 3258 ἠξίωσας
2755 3203 2768 3218 ·
2811 3187 2969 3240 ὃτιδέ
3003 3188 3104 3258 ἔφη
3137 3205 3150 3218 ο
3189 3189 3331 3241 Ἴσον
3353 3190 3500 3244 ἐστὶν
3536 3191 3714 3242 εἰπεῖν

446 3269 666 3324 videtur
696 3287 818 3326 esse
859 3276 1120 3348 momenti
1153 3275 1219 3328 ad
1285 3275 1798 3340 demonstrandum,
1859 3277 2031 3347 Spiri-

447 3367 561 3413 tum
597 3377 720 3416 esse
747 3363 910 3417 etiam
938 3381 1003 3418 ex
1028 3363 1189 3418 Filio.
1241 3365 1490 3440 Namque
1523 3368 1568 3422 si
1635 3367 1775 3421 idem
1807 3378 1890 3422 est
1949 3371 2031 3424 di-

446 3467 592 3516 cere,
630 3455 896 3524 spiritum
935 3453 1052 3518 Dei,
1105 3466 1158 3510 et
1189 3457 1440 3526 spiritum
1499 3458 1723 3525 Christi,
1763 3461 2028 3528 quemad-

446 3547 668 3596 modum
701 3560 766 3598 ex
817 3543 926 3599 Deo
975 3557 1076 3610 est,
1135 3549 1263 3616 quia
1306 3549 1526 3617 spiritus
1585 3549 1680 3604 Dei
1738 3562 1821 3606 est
1857 3571 1872 3620 ;
1911 3554 2027 3623 pari

441 3635 651 3690 ratione
682 3643 736 3689 et
795 3651 858 3691 ex
889 3635 1028 3694 Filio
1057 3649 1159 3706 est,
1185 3640 1315 3710 quia
1348 3641 1572 3710 spiritus
1602 3641 1724 3698 Filii
1766 3653 1870 3700 est.

957 3910 1042 3964 Ex
1067 3914 1248 3967 eadem
1281 3913 1526 3970 humilia.

524 3996 616 4054 ΙΧ.
655 4019 672 4050 ι
709 3997 764 4054 Si
795 4009 976 4054 autem
1012 4003 1250 4058 audieris
1286 4005 1550 4060 dicentem
1586 4023 1600 4060 :
1630 4024 1648 4056 ι
1689 4007 1894 4062 Mittam
1928 4026 2022 4062 vo-

439 4109 458 4140 ι
503 4091 582 4144 bis
603 4089 860 4159 Spiritum
885 4101 1154 4158 sanctum,
1175 4094 1222 4126 ”
1257 4115 1275 4145 ι
1308 4111 1376 4149 tte
1407 4098 1706 4151 secundum
1750 4098 2014 4154 Deitatetn

441 4199 459 4231 ι
505 4181 766 4249 accipias.
801 4179 944 4235 Deus
982 4183 1128 4236 enim
1165 4201 1272 4238 non
1323 4185 1576 4241 mittitur.
1611 4188 1846 4242 Nomina
1890 4201 2019 4245 sunt

441 4292 458 4320 ι
508 4273 621 4326 haec
675 4273 1047 4340 operationem
1096 4275 1484 4345 signiﬁcantia,
1533 4294 1598 4333 eo
1645 4281 1789 4347 quod
1837 4280 2015 4335 omnis

438 4380 458 4414 ι
501 4367 592 4432 qui
624 4363 810 4426 tnittit,
845 4365 898 4417 in
927 4365 1018 4417 illa
1052 4368 1218 4420 mittit
1245 4368 1386 4433 loca,
1432 4369 1484 4422 in
1515 4369 1716 4438 quibus
1759 4386 1866 4422 non
1909 4380 2008 4426 est.

2135 3282 2356 3352 πνεῦμα
2403 3281 2539 3335 Θεοῦ
2583 3283 2676 3334 καὶ
2713 3282 2929 3352 πνεῦμα
2965 3281 3226 3352 Χριστοῦ,
3263 3283 3400 3334 ἀλλᾶ
3433 3281 3599 3334 τοῦτό
3630 3299 3696 3350 γε

2135 3373 2364 3444 ἄμοιρον
2428 3374 2755 3436 ἐπιστασίας
2814 3375 3093 3443 παρεῖδες.
3146 3374 3219 3441 Τὸ
3255 3374 3310 3426 δὲ
3368 3373 3570 3442 πολλὴν
3614 3376 3716 3440 τὴν

2136 3465 2292 3534 ἰσχὺν
2342 3463 2452 3534 ἔχει
2519 3465 2656 3533 πρὶς
2717 3465 2993 3530 ἀπόδειξιν
3056 3464 3151 3517 τοῦ
3190 3460 3331 3517 εἶναι
3379 3466 3438 3516 τὸ
3497 3469 3718 3534 πνεῦμα

2135 3556 2226 3607 καὶ
2261 3555 2326 3606 ὲκ
2379 3554 2470 3608 τοῦ
2494 3554 2644 3609 Υἱοῦ.
2683 3555 2742 3606 Εἰ
2790 3553 2900 3626 γὰρ
2927 3555 3212 3606 ἲσονὲστὶν
3264 3556 3438 3606 εἰπεῖν
3492 3555 3713 3624 πνεῦμα

2131 3643 2267 3696 Θεοῦ
2299 3645 2392 3696 καὶ
2428 3643 2645 3713 πνεῦμα
2687 3643 2956 3713 Χριστοῦ,
3000 3643 3188 3712 ὥσπερ
3219 3645 3279 3696 ἑκ
3299 3643 3392 3696 τοῦ
3424 3645 3559 3698 Θεοῦ
3594 3647 3716 3697 ἐστι

2138 3733 2228 3786 διὰ
2267 3736 2326 3786 τὸ
2358 3731 2498 3786 εἶναι
2543 3733 2760 3803 πνεῦμα
2821 3734 2978 3796 Θεοῦ,
3033 3734 3178 3788 οὕτω
3210 3735 3301 3786 καὶ
3335 3736 3400 3788 ἐκ
3435 3735 3532 3787 τοῦ
3579 3735 3713 3788 Υἰοῦ

2129 3826 2245 3876 ἐστὶ
2271 3823 2359 3876 διὰ
2388 3824 2448 3876 τὸ
2478 3819 2613 3876 εἶναι
2652 3824 2878 3892 Πνεῦμα
2915 3824 3071 3876 Υἱοῦ.

2495 3916 2597 3967 Ἐκ
2650 3914 2760 3982 τῆς
2813 3915 3005 3982 αὐτῆς
3055 3919 3316 3983 ὁμιλίας.

2197 4004 2299 4061 ΙΛ’.
2334 4023 2352 4056 ι
2387 4005 2512 4060 Ἐὰν
2541 4008 2597 4059 δὲ
2637 4007 2876 4076 ἀκούσῃς
2901 4007 3148 4074 λέγοντος
3189 4027 3206 4060 ι
3247 4009 3556 4063 Ἀποστελῶ
3581 4008 3713 4081 ὑμῖν

2130 4114 2146 4144 ι
2186 4097 2248 4148 τὸ
2274 4096 2503 4166 Πνεῦμα
2537 4096 2596 4148 τὸ
2652 4096 2829 4162 ἅγιον,
2877 4115 2913 4148 ι.
2937 4097 3011 4166 μὴ
3035 4098 3134 4166 τὴν
3181 4098 3423 4166 Θεότητα
3446 4100 3710 4172 ἐκλὰὅῃς.

2130 4203 2147 4234 ι
2189 4184 2319 4246 Θεὸς
2358 4187 2466 4256 γὰρ
2494 4188 2595 4238 οὐκ
2635 4186 3040 4240 ἀποστέλλεται.
3084 4187 3358 4256 ὐνόματά
3389 4191 3507 4243 ἐστὶ
3530 4192 3708 4244 ταῦτα.

2127 4293 2142 4322 ι
2185 4273 2282 4342 τὴν
2309 4275 2587 4344 ἐνέργειαν
2613 4277 2944 4346 σημαίνοντα
2963 4319 2978 4343 ,
3007 4272 3116 4330 οἷον
3151 4279 3257 4342 πᾶς
3301 4282 3329 4332 6
3360 4282 3710 4336 ἀποστέλλων

2121 4384 2138 4415 ι
2180 4366 2258 4425 εἰς
2290 4367 2526 4428 ἐκείνους
2543 4368 3000 4432 ἀποστέλλειτοὺς
3015 4370 3310 4433 τόπους,ὲν
3340 4365 3420 4435 οἷς
3451 4374 3526 4443 μὴ
3563 4376 3710 4445 πάρ-

437 4473 455 4503 c
495 4451 660 4521 Finge
687 4455 828 4522 quod
857 4469 958 4524 ego
1017 4455 1209 4524 loquar
1234 4457 1395 4509 alicui
1439 4459 1494 4510 in
1551 4459 1652 4510 hac
1707 4457 1854 4512 sedc.
1894 4457 2010 4512 Non

2167 4473 2355 4518 εστιν.
2413 4457 2646 4512 ’Υπόθου
2698 4461 2796 4529 ἐμὲ
2845 4457 2987 4514 εἶναι
3032 4463 3122 4516 τὸν
3192 4462 3454 4518 λαλοῦντα
3515 4469 3571 4518 ὲν
3627 4468 3706 4536 τῷ

437 4564 454 4592 ι
497 4559 722 4613 possunt
759 4545 940 4600 dicere
996 4548 1258 4616 cuipiam.
1323 4545 1482 4610 Veni,
1521 4549 1729 4602 mittam
1766 4559 1820 4602 te
1858 4549 1964 4601 ltue
1996 4565 2012 4613 ;

437 4653 454 4684 ι
501 4639 603 4690 hoc
627 4653 732 4690 non
761 4648 844 4691 est
876 4639 1110 4701 mittere,
1152 4639 1245 4692 sed
1277 4640 1548 4692 collocare
1575 4649 1630 4693 et
1663 4641 1881 4694 adstare
1913 4643 2016 4696 sibi

436 4747 453 4776 ι
495 4725 694 4782 facere.
739 4728 894 4793 Quod
961 4745 1088 4783 cum
1145 4727 1290 4782 Deus
1345 4729 1547 4798 ubique
1577 4741 1706 4784 est:
1743 4748 1760 4780 ι
1805 4733 2012 4786 Caelum

433 4833 450 4863 ι
489 4818 658 4880 enim,
689 4818 886 4884 inquit.
923 4825 977 4870 et
1017 4825 1220 4869 terram
1259 4817 1478 4884 impleo,
1516 4817 1647 4870 dicit
1684 4816 2002 4874 Demittusa

434 4924 450 4955 ι
491 4911 610 4972 Quo
634 4908 800 4960 mittit
834 4909 924 4976 qtti
964 4908 1166 4974 ubique
1192 4916 1275 4960 est
1299 4905 1322 4958 ?
1350 4926 1368 4956 ι
1407 4907 1462 4960 Si
1485 4911 1784 4960 ascentlt-ru
1822 4911 1871 4961 itt
1903 4928 2010 4964 eue-

435 5018 452 5047 ι
497 5002 628 5065 lum,
657 5009 712 5054 tu
739 4999 851 5052 illic
878 5017 936 5052 cs
965 5015 978 5050 :
1009 4999 1054 5051 si
1076 5000 1412 5053 descendere
1434 5000 1484 5052 in
1519 5000 1814 5066 infernum,
1839 5006 2008 5058 ades:

431 5108 450 5140 ι
493 5091 538 5146 si
580 5106 864 5158 sumpsero
904 5104 1112 5157 pennas
1138 5105 1284 5144 meas
1310 5090 1568 5157 diluculo,
1611 5105 1663 5146 et
1694 5097 2006 5150 habitavet'o

432 5202 450 5229 ι
496 5185 548 5234 in
591 5182 854 5234 extremis
901 5179 1113 5232 maris:
1148 5182 1345 5233 etenim
1383 5197 1574 5236 manus
1619 5193 1710 5237 tua
1741 5185 1864 5237 illuc
1911 5188 2004 5238 de-

431 5301 448 5320 .
489 5274 647 5326 ducet
677 5285 762 5322 me
801 5269 865 5322 ”.
906 5289 924 5320 ι
959 5270 1229 5335 Quorsatn
1273 5274 1436 5342 igitur
1489 5276 1629 5331 Deus
1679 5277 1888 5331 mittit?
1929 5283 2007 5332 An

432 5382 450 5413 ι
498 5365 634 5416 l'orte
673 5363 802 5430 quia
859 5364 973 5432 ipse
1019 5367 1238 5433 quidem
1293 5369 1516 5436 ubique,
1580 5371 1625 5423 is
1681 5382 1861 5424 autem
1915 5373 2008 5440 qtti

432 5474 448 5502 ι
494 5456 747 5517 mittitur,
779 5471 886 5509 non
911 5457 1158 5526 ubique?
1187 5459 1332 5514 Misit
1366 5460 1508 5516 Deus
1537 5461 1732 5515 Filium
1766 5481 1922 5516 suum
1953 5467 2005 5516 in

431 5563 450 5595 ε
484 5546 744 5611 maluth
789 5563 962 5603 :num
1023 5561 1230 5610 ulJlOll
1284 5565 1598 5609 ortescntem
1659 5556 1710 5608 in
1752 5557 2008 5610 mundo?

503 5723 705 5780 "'Jtun
777 5747 884 5796 xw,
923 5731 974 5784 7.
1052 5734 1116 5761 ³⁸¹
1148 5731 1343 5787 Ιριυιη.
1383 5749 1532 5801 xxttt,

2131 4568 2148 4598 ι
2196 4551 2498 4620 καθίσματι
2528 4553 2723 4623 τούτῳ·
2755 4557 2814 4608 οὺ
2849 4555 3082 4626 δύναμαι
3121 4560 3297 4612 εἰπεῖν
3348 4577 3476 4626 τινι,
3505 4563 3702 4633 Δεῦρο,

2134 4661 2151 4692 ι
2195 4642 2478 4696 ἀποστελῶ
2521 4662 2578 4696 σε
2603 4641 2728 4699 ὧδε.
2761 4647 2930 4700 Τοῦτο
2981 4650 3083 4702 οὐκ
3117 4650 3233 4704 ἔστι
3286 4653 3523 4723 πέμψαι,
3568 4657 3707 4710 ἀλλὰ

2130 4751 2148 4782 ι
2196 4737 2546 4802 συγκαθίσαι,
2583 4739 2616 4807 ἢ
2645 4741 3014 4810 παραστῆναι.
3048 4741 3112 4795 Et
3145 4743 3200 4795 δὲ
3241 4745 3268 4796 6
3290 4747 3422 4809 Θεὸς
3497 4765 3709 4802 παντα-

2129 4845 2146 4876 ι
2190 4827 2307 4896 χοῦ,
2349 4845 2369 4878 ‹
2399 4829 2504 4881 Τὸν
2533 4830 2762 4897 οὐρανὸν
2793 4835 2902 4902 γὰρ
2935 4834 3030 4886 καὶ
3053 4835 3156 4903 τὴν
3185 4837 3287 4904 γῆν
3317 4837 3427 4904 ἐγὼ
3449 4842 3701 4910 tta-595),.

2119 4937 2137 4968 ι
2189 4919 2286 4970 ποῦ
2313 4919 2514 4987 πέμπει
2545 4925 2571 4972 6
2607 4923 2880 4992 πανταχοῦ
2911 4922 3020 4989 ὧν;
3061 4945 3079 4978 ι
3130 4927 3254 4981 Ἐὰν
3288 4929 3474 4982 ἁναόὦ
3505 4932 3583 4994 εἰς
3609 4937 3698 4984 τὸν

2123 5027 2140 5059 ι
2187 5012 2436 5080 οὐρανὸν,
2464 5012 2526 5066 σὺ
2565 5015 2682 5065 ἐκεῖ
2715 5012 2802 5067 εῐο
2852 5015 2977 5068 Ἐὰν
3004 5018 3230 5070 καταϐῶ
3287 5021 3368 5082 εις
3422 5022 3514 5072 τὸν
3544 5021 3702 5092 ᾅδην,

2124 5121 2139 5150 ι
2183 5105 2348 5172 πάρει
2371 5117 2384 5132 ·
2435 5107 2530 5156 ἐὰν
2593 5106 2852 5159 ἀναλάϐω
2879 5108 2976 5170 τὰς
3005 5109 3287 5178 πτέρυγάς
3313 5129 3413 5179 μου
3456 5112 3580 5166 κατῗ
3607 5115 3703 5184 ὅρ-

2122 5215 2136 5242 ι
2189 5197 2339 5264 θρον,
2375 5201 2468 5250 καὶ
2490 5199 2908 5269 κατασκηνώσω
2935 5202 3015 5262 εἰς
3045 5202 3113 5252 τὰ
3147 5202 3349 5271 ἔσχατα
3377 5205 3474 5273 τῆς
3505 5204 3702 5258 θαλάσο

2123 5305 2139 5335 ι
2187 5304 2311 5356 σης·
2344 5290 2439 5340 καὶ
2469 5290 2576 5361 γὰρ
2609 5293 2724 5343 ἐκεῖ
2754 5293 2784 5361 ἡ
2839 5296 2960 5362 χείρ
3011 5310 3102 5348 σου
3127 5295 3380 5365 ὁδηγήσει
3418 5314 3550 5365 με.»
3584 5300 3692 5351 Ποῦ

2121 5397 2137 5423 ι
2185 5375 2276 5429 οὖν
2309 5378 2337 5428 6
2366 5379 2498 5440 Θεὲς
2527 5381 2878 5448 ἁποστέλλει;
2943 5383 3082 5434 Ἀλλ’
3129 5384 3235 5453 ἄρα
3271 5388 3344 5454 μὴ
3378 5388 3539 5450 αὐτὸς
3599 5388 3698 5459 μὲν

2121 5489 2135 5516 ι
2181 5469 2476 5538 πανταχοῦ,
2497 5474 2523 5524 ὁ
2540 5473 2595 5523 δὲ
2623 5474 3088 5544 ἀποστελλόμενος
3101 5477 3160 5529 οὐ
3185 5477 3464 5547 πανταχῆ;
3494 5497 3512 5528 ι
3537 5480 3698 5532 Ἀιιέο

2124 5579 2140 5608 ι
2194 5561 2400 5614 στειλεν
2437 5563 2464 5614 ὁ
2492 5563 2623 5628 Θεὸς
2649 5565 2738 5620 τὸν
2770 5566 2898 5622 Υἰὸν
2926 5569 3007 5631 εἰς
3030 5569 3123 5624 τὸν
3161 5567 3398 5638 κόσμον·
3429 5587 3449 5621 ι
3490 5566 3580 5642 ἆρ’
3615 5571 3693 5634 ὡς

1735 5735 1778 5770 ³⁵
1802 5734 1944 5791 Ροιιι.
1977 5751 2238 5808 cntutu,
2275 5743 2306 5794 8
2343 5759 2458 5812 sqq.
