4002 6416
283 323 394 391 421

1268 319 1351 381 ΙΝ
1391 315 1781 402 ΟᾼΜΑΤΕΒΙ
1821 310 2580 377 ANIMADVERSIONES.

3468 304 3575 371 4⁵22

293 456 318 488 1
369 434 448 504 μὴ
477 430 732 502 παρόντα
761 429 817 483 ἐν
846 429 921 499 τῷ
960 429 1189 499 κὸσμῳ;
1227 427 1350 490 Πῶς
1391 423 1485 481 οὖν
1542 425 1797 494 Ἰωάννης
1849 425 1876 476 6

1992 442 2005 475 1
2069 423 2356 488 Quomodo
2384 424 2549 492 igitur
2578 423 2814 478 Joannes
2855 421 3185 492 evangelista
3216 421 3384 475 dicit:
3414 419 3577 474 10111-—

288 543 311 576 1
358 521 761 595 εὐαγγελιστὴς
804 519 992 589 λέγει·
1038 537 1056 569 1
1112 519 1199 573 Ἐν
1229 516 1306 587 τῷ
1341 518 1532 587 κόσμῳ
1583 512 1673 588 ἦν,
1730 518 1823 569 καὶ
1853 517 1880 567 ὁ

284 637 307 668 1
357 615 567 686 κόσμος
596 612 667 666 δι’
695 610 861 667 αὐτοῦ
884 612 1132 683 ἐγένετο.
1169 628 1188 661 1
1216 609 1337 674 Πῶς
1360 607 1454 663 οῦν
1481 608 1763 679 ἀπεστάλη
1798 607 1881 671 εἰς

282 724 306 756 1
356 705 452 759 τον
508 703 755 771 κόσμον;
796 702 961 756 πάλιν
1010 700 1290 772 ἀπεστάλη
1343 703 1371 755 6
1400 699 1749 764 ἀποσταλεὶς,
1786 700 1882 753 καὶ

281 814 302 847 1
351 794 622 865 ἔμεινενρ
636 793 968 856 ἀποστείλας
990 793 1103 851 ἄνω
1132 792 1228 845 καὶ
1259 792 1287 843 6
1310 791 1646 854 ἀποσταλεὶς
1675 790 1829 843 κάτω
1856 807 1870 855 ;

279 906 303 939 1
358 884 490 949 Πῶς
514 884 695 954 ἔλεγε,
735 904 752 937 1
790 886 902 939 Καὶ
937 887 964 938 ὁ
994 885 1219 956 πέμψας
1256 902 1323 956 με
1359 886 1476 955 μετ’
1513 884 1644 952 ἐμοῦ
1677 886 1827 947 ἐστι;
1857 901 1874 933 1

281 999 306 1033 1
369 978 707 1050 Ἀσφάλισαι
741 977 1030 1046 τὸνλόγον.
1060 978 1292 1031 Δύναται
1322 977 1431 1051 γὰρ
1468 979 1644 1035 εἰπεῖν
1668 978 1694 1029 ὁ
1726 977 1880 1046 αἱρε-

285 1092 304 1124 1
356 1070 539 1137 τικὸς,
565 1070 705 1124 Μετ’
746 1070 881 1140 ἐμοῦ
905 1071 1019 1129 ἐστι
1042 1074 1107 1143 τῇ
1132 1069 1355 1140 βοηθείᾳ
1380 1086 1393 1098 ’
1428 1068 1502 1133 ὡς
1535 1070 1681 1137 λέγω
1723 1067 1880 1137 κάγὼ

288 1183 308 1216 1
370 1165 431 1218 '0
468 1164 603 1228 Θεὸς
639 1164 761 1233 μετ’
785 1163 921 1234 ἐμοῦ
954 1165 1125 1219 ἐστιν.
1159 1165 1275 1219 Οὐκ
1301 1160 1456 1218 εἶπεν
1475 1163 1697 1227 ἁπλῶς·
1741 1161 1880 1216 ἀλλὰ

284 1277 304 1310 1
346 1257 436 1322 1i;
476 1274 496 1308 1
546 1256 607 1310 ὐ
639 1255 832 1329 Πατὴρ
858 1259 886 1310 6
926 1257 985 1309 ἐν
1023 1258 1149 1327 ἐμοὶ
1196 1258 1397 1328 μένων.
1458 1276 1476 1308 1
1519 1257 1583 1313 Ei
1615 1257 1729 1325 μετ’
1783 1254 1880 1307 αὐ-

283 1368 302 1400 1
340 1347 442 1402 τοῦ
475 1345 544 1420 ἧν
575 1349 672 1400 καὶ
702 1351 760 1401 ὲν
800 1348 950 1420 αὐτῷ
975 1348 1153 1419 ἔμενε,
1202 1349 1319 1412 πῶς
1361 1349 1568 1411 ἐκεῖνος
1623 1348 1880 1400 ἀπέστει-

292 1458 311 1491 1
359 1440 498 1505 λεν;
532 1439 567 1509 ἢ
604 1439 725 1503 πῶς
777 1434 938 1502 οὗτος
966 1439 1284 1510 ὰπεστάλη;
1344 1440 1469 1494 Εἴτε
1499 1438 1644 1510 ,γὰρ
1691 1434 1876 1510 ἦλθον,

293 1551 312 1584 1
350 1535 402 1589 oi
443 1530 540 1584 δύο
579 1527 767 1604 ἦλθον,
806 1534 901 1587 καὶ
935 1532 1110 1595 οὐδεὶς
1156 1530 1438 1602 ἀπεστάλη
1466 1547 1481 1563 '
1515 1530 1624 1584 εἴτε
1663 1531 1880 1601 ἔμεινεν

293 1642 314 1676 1
350 1626 378 1677 6
404 1623 599 1695 Πατὴρ
625 1624 764 1690 ἄνω,
797 1623 916 1688 πῶς
959 1625 1110 1695 λέγει
1133 1628 1160 1679 6
1191 1626 1341 1691 Υίὸς,
1373 1643 1393 1677 1
1445 1623 1504 1678 '0
1535 1622 1720 1693 πατὴρ
1760 1623 1877 1693 μετ’

298 1737 320 1771 1
364 1714 505 1787 ἐμοῦ
539 1717 710 1783 ἐστιν,
750 1735 770 1768 1
808 1718 857 1770 εί
888 1717 1003 1771 ἄνω
1038 1717 1258 1787 ἔμεινεν
1285 1720 1314 1772 6
1355 1717 1718 1784 ἁποστείλας;
1756 1716 1877 1781 Πῶς

1998 538 2015 570 1
2057 518 2144 571 nia
2201 533 2296 586 per
2364 518 2540 585 ipsum
2581 518 2720 575 facta
2772 528 2918 572 sunt.
2976 518 3033 572 In
3069 517 3271 571 mundo
3323 525 3459 578 erat,
3521 527 3577 569 et

1995 624 2014 659 1
2053 609 2289 662 mundus
2343 624 2436 677 per
2504 611 2680 679 ipsum
2731 610 2907 665 factus
2949 620 3034 665 est
3067 608 3163 661 "‘2
3199 628 3217 659 1
3290 606 3576 674 Quomodo

1994 716 2013 749 1
2054 697 2221 769 igitur
2255 703 2448 756 iterum
2490 702 2543 754 in
2580 704 2840 756 mundum
2878 704 3079 756 missus
3125 702 3259 756 est?
3289 700 3424 754 Num
3475 700 3576 753 itc-

1996 809 2014 842 1
2047 808 2166 845 rum
2203 794 2405 846 missus
2429 803 2530 855 est,
2564 793 2657 863 qui
2715 795 2849 848 alias
2886 796 3093 849 missus
3118 802 3222 857 cst,
3285 805 3339 847 et
3373 795 3579 848 mansit

1995 903 2014 937 1
2054 885 2146 954 qui
2181 885 2351 949 misit,
2387 901 2575 955 supra,
2607 895 2665 940 et
2691 888 2783 955 qui
2818 887 3020 941 missus
3048 895 3153 952 est,
3192 886 3384 941 infra?
3418 886 3576 954 Quo-

1995 998 2014 1030 1
2063 977 2226 1031 modo
2268 978 2486 1032 diccbat
2516 995 2572 1030 :1
2604 981 2667 1032 Et
2700 980 2792 1049 qui
2825 980 2974 1034 misit
3000 996 3086 1035 me
3120 996 3333 1033 mecum
3355 977 3570 1032 est”?1

1995 1089 2012 1122 1
2051 1068 2314 1137 Obsecro,
2347 1070 2636 1140 diligenter
2671 1073 2949 1138 attendas,
3011 1088 3207 1128 secure
3239 1087 3396 1128 serva
3455 1087 3577 1126 ser-

1994 1179 2012 1212 1
2052 1177 2291 1216 monent.
2333 1162 2522 1217 Potest
2563 1165 2709 1217 enim
2753 1165 2937 1221 dicere
2983 1164 3328 1219 Ilwreticus:
3365 1165 3574 1218 Mecum

1996 1271 2014 1304 1
2054 1262 2136 1306 est
2170 1267 2272 1306 suo
2299 1253 2529 1315 auxilio,
2557 1255 2701 1309 sicut
2739 1265 2792 1308 et
2839 1270 2939 1323 ego
2972 1255 3097 1309 dico
3127 1272 3141 1308 :
3182 1255 3324 1308 Deus
3362 1269 3575 1307 met-um

1994 1364 2012 1397 1
2053 1355 2156 1401 est.
2207 1345 2324 1400 Non
2354 1347 2488 1401 dixit
2525 1348 2853 1418 simpliciter
2910 1365 2926 1404 :
2981 1350 3074 1403 sed
3112 1348 3241 1418 quid
3281 1347 3491 1401 ?Patcr
3521 1347 3576 1398 in

1994 1455 2012 1488 1
2050 1453 2134 1491 mc
2167 1452 2418 1504 manens,
2466 1439 2511 1493 si
2546 1456 2762 1495 mecum
2818 1451 2955 1507 erat,
2986 1451 3038 1496 et
3082 1457 3297 1497 mecum
3356 1441 3575 1503 mansit,

1993 1548 2014 1581 1
2052 1531 2328 1599 quomodo
2354 1531 2444 1586 ille
2478 1533 2648 1594 ιηίμὶι,
2685 1532 2768 1586 vel
2805 1533 3082 1603 quomodo
3106 1533 3196 1587 hic
3225 1533 3426 1587 missus
3450 1532 3581 1586 est?

1994 1638 2012 1671 1
2053 1621 2107 1674 Si
2136 1621 2283 1677 enim
2307 1632 2594 1689 venerunt,
2625 1625 2733 1678 duo
2756 1634 3048 1691 venerunt,
3074 1635 3128 1678 et
3150 1634 3345 1679 neuter
3375 1626 3579 1679 missus

1993 1732 2012 1764 1
2043 1722 2145 1769 est.
2194 1712 2263 1766 Et
2297 1714 2345 1768 si
2393 1717 2595 1769 mansit
2652 1732 2817 1785 supra
2881 1717 3063 1780 Pater,
3096 1717 3375 1787 quomodo
3433 1718 3570 1772 dicit

307 1829 327 1863 1
365 1810 485 1881 ἕχει
522 1811 650 1880 μετ’
676 1809 845 1863 αὐτοῦ
877 1811 906 1862 6
938 1811 1272 1875 ἀποσταλεὶς
1308 1813 1398 1865 τὸν
1440 1811 1877 1877 ἁποστείλαντα;

1993 1824 2011 1857 ‹
2047 1805 2240 1870 Filius,
2304 1826 2323 1859 1
2354 1807 2516 1862 Pater
2569 1823 2724 1864 meus
2761 1825 2974 1863 mecum
3010 1810 3172 1865 est”
3204 1810 3269 1863 ?1
3323 1811 3366 1864 si
3407 1826 3574 1880 supra

299 1921 323 1958 1
381 1903 521 1972 Ἐγὼ
547 1904 657 1974 γὰρ
698 1922 746 1968 1,
772 1899 951 1969 εἶπεν,
989 1921 1008 1954 1
1065 1904 1123 1956 ἐν
1154 1903 1232 1973 τῷ
1287 1904 1464 1975 Πατρὶ
1494 1903 1589 1957 καὶ
1630 1903 1658 1954 6
1692 1900 1879 1973 Πατὴρ

295 2015 317 2050 1
347 1997 478 2068 μετ’
511 1995 648 2065 ἐμοῦ
678 1996 816 2049 ἐστι.
849 2015 868 2047 1
905 1995 1029 2060 Πῶς
1059 1991 1153 2051 οὖν
1174 1995 1200 2048 6
1233 1995 1562 2059 ἀποσταλεὶς
1580 1994 1752 2064 λέγει,
1781 2014 1800 2047 1
1822 1994 1881 2047 Ὀ

288 2107 309 2141 1
351 2087 539 2159 πατὴρ
580 2088 640 2141 ἐν
696 2087 855 2158 ἐμοί;
896 2106 916 2139 1
980 2087 1105 2151 Πῶς
1175 2087 1233 2140 δὲ
1288 2087 1452 2141 πάλιν
1523 2085 1880 2154 ἀπέστειλεν;

282 2199 304 2233 1
357 2180 536 2235 Ὅταν
592 2180 687 2235 οὖν
755 2182 891 2253 λέγῃ
921 2179 1184 2254 «μέμψω
1241 2181 1370 2251 ὑμῖν
1427 2180 1490 2234 τὸ
1541 2179 1768 2250 Πνεῦμα
1822 2181 1882 2233 16

285 2291 305 2326 1
348 2276 543 2342 ἅγιον,
581 2292 602 2326 1
661 2274 763 2346 τὴν
788 2274 1002 2344 δωρεὰν
1030 2272 1185 2343 λέγει
1248 2272 1351 2326 τοῦ
1401 2271 1744 2343 Πνεύματος,
1787 2272 1883 2325 καὶ

282 2387 302 2419 1
346 2365 443 2420 ἵνα
473 2365 690 2438 μάθητε
728 2367 825 2420 611
853 2367 885 2437 ἡ
916 2366 1096 2437 δωρεὰ
1124 2365 1429 2437 πέμπεται,
1471 2365 1533 2418 16
1559 2364 1616 2418 δέ
1647 2364 1879 2434 Πνεῦμα

282 2478 302 2512 1
346 2459 459 2513 οὐκ
511 2458 930 2522 ἀποστέλλεται,
984 2459 1013 2512 6
1078 2457 1272 2530 Σωτὴρ
1321 2457 1473 2527 λέγει
1504 2458 1618 2520 τοῖς
1650 2458 1884 2509 ἀποστό-

278 2571 299 2604 1
355 2552 505 2615 λοιςο
537 2570 556 2604 1
598 2552 836 2606 Μείνατε
866 2553 924 2604 ἐν
956 2550 1333 2624 Ἰερουσαλὴμ,
1367 2551 1473 2613 ἕως
1498 2549 1563 2604 ἂν
1586 2549 1882 2619 ἐνδύσησθε

279 2662 301 2695 1
343 2642 588 2714 δύναμιν
640 2642 702 2705 ἐξ
741 2641 930 2712 ὕψους.
988 2641 1243 2713 Λήψεσθε
1297 2641 1407 2711 γὰρ
1432 2639 1668 2710 δύναμιν
1714 2639 1880 2694 ἐπελι

280 2758 301 2791 1
352 2738 551 2802 Θόντος
603 2737 701 2791 τοῦ
757 2737 915 2807 ἁγίου
981 2737 1301 2807 Πνεῦματος
1334 2735 1419 2804 ἐφ’
1486 2735 1651 2804 ὑμᾶς.
1692 2752 1711 2785 1
1765 2733 1882 2787 Κᾶν

285 2852 308 2886 1
358 2835 397 2903 ὴ
422 2833 659 2904 δύναμις
687 2828 756 2905 ἦν
806 2831 1217 2905 χορηγουμένη,
1265 2828 1402 2884 ἀλλὰ
1430 2829 1492 2882 16
1526 2828 1757 2898 Πνεῦμα
1812 2828 1880 2881 τὸ

283 2947 304 2981 1
347 2925 657 2999 χορηγοῦν.
693 2926 922 2988 Πάντως
977 2925 1086 2996 γὰρ
1121 2924 1339 2995 ἐνεργεῖ
1360 2922 1422 2976 16
1445 2922 1503 2977 ἓν
1525 2909 1702 2976 καὶτὸ
1752 2922 1884 2975 αὐτὸ

287 3037 309 3073 ‹
361 3017 618 3089 Πνεῦμα,
660 3015 905 3085 διαιροῦν
958 3015 1065 3085 ἰδίᾳ
1107 3015 1324 3085 ἑκάστῳ
1370 3013 1551 3078 καθὼς
1606 3013 1877 3084 βούλεται.

282 3129 305 3161 1
351 3110 434 3164 Σὺ
469 3110 567 3178 μὲν
596 3108 688 3162 οὖν
728 3110 787 3163 οὐ
810 3109 943 3180 δύνῃ
968 3107 1143 3173 δεῖξαι
1178 3108 1536 3177 πεμπόμενον
1560 3107 1622 3159 τὸ
1656 3106 1881 3176 Πνεῦμα

1999 1915 2018 1948 1
2060 1901 2261 1956 mansit
2301 1901 2393 1970 qui
2433 1901 2627 1955 misit:
2666 1903 2944 1973 quomodo
2996 1919 3181 1959 secum
3222 1905 3386 1957 habet
3446 1905 3581 1958 mis-

1995 2009 2013 2041 1
2053 2005 2147 2044 sus
2209 1992 2566 2048 mittentem?
2613 2013 2631 2045 1
2676 1995 2788 2065 Ego
2819 1994 2986 2060 enim,
3015 1996 3189 2058 dixit,
3225 1997 3277 2048 in
3312 1995 3490 2051 Patre.
3523 2004 3578 2051 et

1993 2101 2011 2134 1
2054 2081 2217 2137 Pater
2250 2099 2464 2139 mecum
2497 2094 2581 2140 est
2620 2085 2686 2141 ".
2727 2105 2746 2136 1
2792 2085 3082 2152 Quomodo
3148 2087 3316 2155 igitur
3373 2091 3579 2142 missus

1992 2194 2011 2228 1
2053 2176 2185 2231 dicit
2223 2194 2236 2230 :
2275 2176 2437 2232 Pater
2470 2179 2524 2231 in
2563 2194 2649 2232 me
2682 2188 2764 2233 est
2794 2179 2817 2231 ?
2851 2180 2912 2233 Et
2945 2181 3219 2248 quomodo
3248 2181 3445 2235 iterum
3476 2184 3580 2236 mi-

1992 2286 2010 2319 1
2053 2267 2177 2322 sit?
2207 2268 2382 2338 Igitur
2423 2284 2547 2324 cum
2582 2270 2736 2337 dicit,
2769 2290 2787 2321 1
2825 2269 3032 2326 Mittam
3095 2272 3251 2329 vobis
3311 2273 3575 2343 Spiritum

1991 2377 2008 2410 1
2045 2369 2322 2423 sanctum,
2362 2379 2381 2412 1
2431 2361 2636 2415 donum
2669 2362 2801 2416 dicit
2831 2362 3093 2432 Spiritus,
3129 2375 3185 2418 et
3230 2375 3286 2418 ut
3339 2367 3572 2422 discatis

1992 2469 2009 2502 1
2054 2452 2256 2505 donum
2292 2451 2452 2515 mitti,
2492 2453 2755 2521 Spiritum
2791 2463 2975 2507 autem
3011 2471 3116 2508 non
3183 2455 3350 2525 mitti,
3385 2456 3576 2512 Salva-

1993 2560 2011 2593 1
2050 2551 2135 2596 tor
2166 2540 2300 2596 dicit
2329 2544 2593 2610 apostolis
2621 2560 2634 2595 :
2685 2561 2704 2593 1
2735 2542 2949 2601 Manete
2988 2545 3042 2598 in
3076 2543 3443 2610 Hierusalem,
3478 2551 3578 2603 do-

1991 2652 2009 2684 1
2055 2633 2484 2687 necinduamini
2520 2638 2721 2689 virtute
2756 2652 2822 2690 ex
2864 2637 2996 2699 alto,
3029 2647 3085 2692 et
3117 2641 3351 2695 sumatis
3398 2642 3576 2695 virtu-

1991 2740 2009 2773 1
2049 2731 2156 2777 tem
2211 2726 2651 2794 supervenientis
2706 2725 2943 2795 Spiritus
3003 2729 3181 2782 sancti
3237 2732 3290 2783 in
3324 2732 3511 2786 vos".
3552 2753 3569 2777 ι

1988 2838 2015 2864 α
2048 2814 2198 2871 Licet
2226 2817 2399 2871 virtus
2426 2819 2902 2888 suppeditabatur,
2939 2820 3180 2891 Spiritus
3217 2834 3396 2879 tamen
3434 2835 3573 2889 erat,

1994 2929 2012 2961 1
2049 2910 2145 2981 qui
2178 2911 2555 2983 suppeditabat
2580 2913 2775 2969 Omnia
2829 2915 2976 2969 enim
3036 2928 3298 2988 Operatur
3333 2934 3495 2978 unus,
3524 2927 3578 2972 et

1991 3021 2009 3073 ᾳ
2048 3003 2189 3058 idem
2221 3004 2479 3073 Spiritus,
2545 3006 2795 3061 dividens
2851 3007 3171 3078 unicuique,
3233 3020 3293 3064 ut
3323 3012 3455 3064 vult.
3494 3010 3575 3065 Tu

1991 3115 2010 3149 1
2056 3107 2188 3167 ergo
2220 3114 2328 3154 non
2356 3109 2509 3167 potes
2541 3100 2830 3156 ostendere
2861 3103 2998 3156 mitti
3044 3104 3307 3172 Spiritum
3326 3117 3574 3163 sanctum

288 3221 309 3253 1
352 3205 422 3254 τὸ
449 3200 610 3267 ἆγιον
634 3199 744 3252 ἀπὸ
798 3199 1018 3275 γυμνῆς
1056 3200 1152 3269 τῆς
1202 3199 1476 3269 θεότητος.
1509 3199 1637 3252 Ἐὰν
1690 3199 1747 3252 δέ
1799 3216 1879 3252 σοι

1992 3208 2008 3241 1
2050 3204 2080 3243 a
2123 3205 2257 3258 pura
2329 3190 2542 3246 Deitate
2585 3211 2599 3246 :
2636 3208 2737 3263 ego
2800 3204 2978 3247 autem
3022 3198 3065 3249 si
3122 3197 3419 3250 ostendero
3478 3199 3575 3251 tibi

283 3311 307 3344 1
345 3292 518 3358 δείξω
554 3291 646 3345 τὸν
672 3293 902 3364 ποιητὴν
930 3290 1161 3362 οὐρανοῦ
1195 3291 1291 3345 καὶ
1320 3291 1429 3362 γῆς
1477 3290 1882 3360 ἀποστελλόμε-

291 3406 314 3439 1
358 3403 459 3440 νον
488 3386 714 3440 ἀπὸτοῦ
760 3383 1086 3454 Πνεῦματος
1132 3381 1228 3436 τοῦ
1283 3383 1468 3450 ἁγίου,
1520 3382 1882 3452 τίποιήσεις;

288 3498 313 3531 1
363 3479 401 3548 ἢ
428 3479 666 3547 ἄρνησαι
684 3474 775 3528 τὸν
804 3475 1041 3543 Χριστὸν
1067 3472 1162 3526 καὶ
1183 3472 1488 3541 ἁπὰλειψον
1517 3471 1614 3535 τὰς
1637 3472 1881 3541 Γραφὰς,

284 3589 306 3622 1
352 3567 603 3640 6605210;
623 3566 698 3619 ὢν
725 3566 820 3618 τοῦ
855 3563 1118 3636 Χριστοῦ,
1141 3564 1443 3618 ὑποτάττου
1467 3565 1586 3625 ταῖς
1617 3564 1882 3633 Γραφαῖς.

289 3680 311 3713 1
363 3660 479 3714 Καὶ
505 3658 633 3723 ποῦ,
663 3658 850 3729 φησιν,
869 3656 1087 3727 εἴρηται
1132 3652 1290 3707 τοῦτο
1318 3655 1575 3724 “manus
1605 3655 1699 3707 τοῦ
1746 3652 1883 3707 Θεοῦ

282 3773 308 3808 1
350 3752 609 3821 λέγοντος
621 3751 707 3804 διὰ
725 3750 816 3803 τοῦ
837 3750 1120 3819 προφήτου
1151 3746 1377 3801 Ἦσαῖου
1396 3745 1490 3800 τοῦ
1525 3747 1764 3817 κήρυκος
1782 3746 1883 3815 τῆς

228 3862 246 3874 ⁸
292 3865 313 3899 1
357 3843 652 3905 εὐσεϐείας
680 3858 695 3875 ο
731 3860 749 3893 1
787 3840 983 3893 Ἀκουέ
1033 3857 1158 3911 μου,
1193 3858 1213 3892 1
1267 3841 1452 3909 φησιν,
1487 3856 1505 3890 1
1547 3836 1742 3892 Ίακὼσ
1787 3838 1882 3888 καὶ

286 3956 309 3990 1
372 3935 618 4008 Ἰσραὴλ,
653 3933 711 3988 ὃν
732 3933 842 4001 ἐγὼ
863 3933 1037 3987 καλῶ.
1078 3932 1219 4001 Ἐγὼ
1234 3931 1367 3994 Θεὸς
1392 3931 1608 4001 πρῶτος
1632 3929 1727 3983 καὶ
1767 3927 1879 3997 ἐγὼ

288 4048 311 4079 1
358 4030 506 4101 μετὰ
547 4027 747 4091 ταῦτα,
806 4025 901 4077 καὶ
953 4025 1094 4096 πλὴν
1131 4024 1268 4094 ἐμοῦ
1327 4024 1448 4087 θεὸς
1514 4022 1614 4075 οὐκ
1679 4020 1815 4074 ἔστι.
1852 4038 1911 4081 »ν

287 4139 309 4171 1
366 4114 919 4189 Προσέχετε,λοιπὺν
962 4115 1073 4185 γὰρ
1119 4113 1356 4167 ἐνταῦθα
1406 4112 1470 4163 τὸ
1519 4110 1874 4181 ζητούμενον.

289 4228 313 4262 1
363 4210 469 4272 Τίς
495 4209 524 4261 6
549 4204 723 4260 εἰπὼν
746 4205 943 4268 ταῦτα,
970 4208 997 4258 6
1043 4203 1235 4275 Πατὴρ
1263 4202 1343 4274 ἢὸ
1378 4202 1506 4265 Υἱός
1535 4217 1551 4267 ;
1589 4201 1734 4271 Ὅρα
1761 4198 1877 4263 πῶς

289 4324 311 4356 1
358 4304 416 4355 ἐν
448 4300 752 4371 μοναρχίας
778 4298 937 4367 τύπῳ
966 4298 1064 4366 τὴν
1112 4296 1321 4367 Τριάδα
1359 4293 1623 4366 κηρύττει
1681 4309 1880 4362 συγκε-

294 4416 315 4450 1
356 4394 755 4464 καλυμμένως,
791 4410 810 4442 1
854 4389 1000 4457 Ἐγὼ
1029 4390 1163 4452 Θεὸς
1205 4387 1445 4454 πρῶτος,
1475 4386 1574 4439 καὶ
1596 4385 1710 4454 ἐγὼ
1738 4384 1880 4454 μετὰ

296 4509 314 4541 1
350 4488 554 4551 ταῦτα,
593 4483 690 4538 καὶ
720 4482 858 4553 πλὴν
883 4483 1020 4551 ἐμοῦ
1037 4482 1157 4545 θεδς
1196 4481 1297 4534 οὐκ
1320 4479 1457 4533 ἔστι.
1485 4496 1503 4530 1
1529 4479 1626 4539 Τίς
1653 4479 1682 4530 6
1706 4477 1880 4531 ταῦτα

295 4603 315 4635 1
363 4582 545 4649 λέγων
573 4577 1025 4647 ςόΔημιουργός.
1062 4575 1331 4644 Ἐπάργει
1379 4573 1523 4641 γάρ’
1582 4589 1601 4622 1
1648 4569 1788 4640 Ἐγὼ
1808 4573 1876 4641 τῇ

294 4695 315 4727 1
354 4672 504 4745 χειρί
565 4688 667 4741 μου
711 4668 1055 4737 ἐϐεμελίωσα
1087 4666 1183 4737 τὴν
1249 4665 1374 4734 γῆν.
1421 4682 1441 4716 1
1482 4663 1657 4716 Βλέπε
1693 4662 1811 4726 πῶς
1850 4666 1878 4716 6

295 4786 315 4818 1
356 4761 703 4834 Δημιουργὺς
753 4759 964 4812 λαλεί.‹
1016 4760 1129 4811 Καὶ
1179 4757 1241 4809 16
1292 4754 1518 4826 Πνεῦμά
1568 4772 1671 4827 μου
1724 4757 1880 4807 ἐστε-

294 4875 316 4908 1
368 4855 542 4924 ρέωσε
571 4850 661 4904 τὸν
691 4848 943 4918 οὐρανόν.
986 4845 1128 4914 Ἐγὼ
1149 4849 1283 4900 πᾶσι
1300 4849 1410 4908 τοῖς
1435 4834 1655 4915 ἄστροις
1678 4845 1879 4897 ἐνετει-

296 4968 312 4999 1
356 4946 570 5014 λάμην.
606 4940 753 5010 Ἐγὼ
780 4941 980 5012 ἧγειρα
1041 4939 1181 5008 μετά
1230 4936 1584 5004 δικαιοσύνης
1623 4936 1868 5005 βασιλέα,

295 5060 314 5091 1
364 5038 462 5092 καὶ
486 5037 661 5089 πᾶσαι
690 5033 873 5087 αίὸδοί
902 5050 1005 5102 μου
1034 5032 1293 5083 εὐθεῖαιλ
1330 5030 1514 5083 Εἰπὼν
1559 5029 1754 5082 ἑαυτὸν
1784 5030 1877 5097 δη-

298 5151 317 5182 1
366 5126 637 5200 μιουργδν
691 5125 787 5179 καὶ
823 5125 1057 5194 ποιητὴν
1107 5121 1340 5186 οὐρανοῦ
1398 5121 1493 5174 καὶ
1540 5121 1666 5190 γῆς,
1727 5121 1902 5193 λ,γς.ι¹

294 5244 314 5276 1
355 5221 546 5274 λοιπὸν
568 5220 745 5272 ταῦτα
764 5234 777 5246 ³
811 5236 829 5268 1
850 5219 965 5270 Οὐκ
986 5224 1064 5268 ἀπ
1083 5215 1095 5233 ⁵
1124 5214 1298 5285 ἀρχῆς
1331 5215 1386 5266 ἐν
1417 5216 1599 5284 κρυφῇ
1633 5213 1873 5280 ἐλάλησα

293 5336 314 5369 1
355 5317 491 5387 ὑμῖν
525 5312 723 5376 ταῦτα,
761 5311 883 5364 οὐδέ
916 5313 974 5363 ἐν
1017 5310 1167 5379 τόπῳ
1201 5307 1485 5376 σκοτεινῷ,
1536 5325 1554 5358 1
1595 5306 1776 5359 Εἰπὼν
1797 5307 1877 5356 ὅτι

295 5430 314 5462 1
339 5406 720 5477 Ἐθεμελίωσα
753 5406 853 5476 τὴν
881 5403 1005 5473 γῆν,
1034 5405 1129 5456 καὶ
1146 5403 1381 5466 ἐποίησα
1401 5401 1493 5452 τὸν
1517 5397 1762 5470 οὐρανόν·
1790 5398 1877 5449 ὅτε

294 5521 313 5553 1
355 5501 628 5568 ἐγένοντο,
659 5500 774 5549 ἐκεῖ
800 5496 968 5565 ήμηψ
1004 5514 1022 5546 1
1071 5498 1162 5549 καὶ
1182 5496 1297 5559 νῦν,
1329 5513 1347 5545 1
1387 5493 1591 5563 Κύριος
1620 5492 1879 5543 ἀπέστεικ

386 5682 430 5713 ³⁸
454 5679 621 5735 Joan.
655 5695 694 5743 ι,
723 5678 778 5741 5,
812 5678 898 5732 10.

302 5768 405 5807 xu
444 5768 526 5817 III,
560 5751 646 5805 12.
724 5752 768 5781 δ’
793 5749 926 5804 ibid.
959 5750 1043 5816 15,

1012 5679 1056 5709 ³⁷
1080 5677 1210 5734 ibid.
1248 5693 1363 5738 vtu,
1388 5675 1478 5729 29.

1587 5675 1629 5707 ³³
1656 5676 1785 5729 ibid.
1824 5690 1910 5727 xvt
1934 5717 1947 5739 ,
1976 5675 2062 5728 5‘2.

1120 5749 1332 5815 “Psal.
1364 5764 1534 5815 xxxii,
1568 5747 1621 5800 6.
1696 5745 1916 5800 “Joan.
1949 5762 2100 5812 xt'iu,
2135 5745 2225 5799 20.
2303 5746 2346 5777 ⁸³
2370 5746 2568 5803 Jetcm.
2601 5761 2784 5809 xum,
2823 5745 2902 5796 l5.

1995 3301 2012 3333 1
2065 3283 2324 3338 factorem
2390 3283 2517 3338 coeli
2578 3294 2632 3340 et
2678 3295 2835 3340 terrae
2883 3288 3021 3341 mitti
3056 3302 3084 3340 a
3123 3288 3330 3359 Spiritu
3359 3301 3572 3353 sancto,

1992 3393 2011 3426 1
2064 3375 2196 3444 quid
2248 3374 2473 3432 facies?
2522 3377 2606 3431 vel
2659 3394 2789 3449 nega
2829 3378 3131 3445 Christum,
3192 3381 3275 3435 vel
3327 3397 3577 3451 expuuge

1992 3485 2011 3518 1
2067 3466 2404 3537 Scripturas,
2458 3469 2543 3524 vel
2578 3486 2703 3523 cum
2759 3471 2836 3525 sis
2887 3487 3082 3526 servus
3135 3470 3573 3543 Scriptunarom,

1991 3578 2009 3611 1
2061 3560 2220 3613 ohedi
2254 3560 2577 3629 Scripturis.
2609 3560 2806 3626 Etubi,
2847 3563 3046 3634 inquit,
3079 3564 3282 3622 dictum
3318 3577 3403 3619 est
3425 3565 3576 3620 hoc?

1992 3668 2010 3700 1
2045 3650 2186 3703 Audi
2246 3649 2413 3705 Deum
2462 3652 2735 3706 dicentem
2796 3668 2891 3721 per
2940 3655 3264 3723 prophetam
3325 3656 3572 3722 Esaiam,

1993 3761 2012 3793 1
2047 3744 2266 3812 pietatis
2300 3759 2610 3812 praeconem
2646 3760 2660 3796 :
2699 3763 2718 3796 1
2757 3747 2897 3799 Audi
2930 3763 3036 3811 me,
3101 3747 3253 3812 dicit,
3297 3746 3487 3815 Jacob,
3521 3759 3575 3803 et

1994 3854 2011 3885 1
2053 3834 2244 3898 Israel,
2272 3850 2437 3905 quem
2465 3851 2566 3906 ego
2589 3852 2815 3892 accerso
2850 3853 2863 3890 :
2913 3836 3021 3905 Ego
3055 3837 3200 3893 Deus
3242 3840 3476 3910 primus,
3521 3851 3576 3895 et

1994 3945 2012 3978 1
2044 3927 2189 3981 Deus
2219 3927 2478 3996 posthac,
2537 3936 2593 3980 et
2624 3937 2821 3997 praeter
2866 3944 2952 3982 me
2986 3926 3130 3984 Deus
3177 3946 3283 3983 non
3320 3943 3400 3985 est
3440 3931 3507 3985 “.
3549 3952 3568 3985 1

1994 4039 2013 4071 1
2050 4020 2333 4076 rAtteudite
2360 4036 2483 4086 oro,
2512 4039 2526 4076 :
2564 4032 2739 4077 restat
2768 4024 2912 4077 enim
2963 4025 3051 4078 hic
3085 4026 3231 4094 quod
3283 4025 3569 4096 qureritur.

1995 4130 2013 4163 1
2053 4111 2188 4176 Quis
2221 4112 2336 4168 haec
2370 4113 2528 4181 dicit,
2590 4114 2824 4169 Paterne
2876 4131 2944 4170 an
2989 4114 3162 4172 Filius
3192 4116 3215 4169 ?
3250 4115 3386 4171 Vide
3437 4134 3576 4187 quo.

1991 4223 2011 4256 1
2050 4205 2288 4260 modoin
2345 4206 2519 4277 ﬁgura
2585 4210 2921 4263 monarchia:
2953 4208 3279 4264 Trinitatem
3337 4211 3574 4265 obseure
3617 4216 3630 4232 ‘

1992 4314 2014 4349 1
2045 4297 2323 4367 pradicat.
2362 4317 2380 4350 1
2410 4299 2523 4369 Ego
2554 4300 2690 4355 deus
2735 4302 2948 4371 primus
2976 4340 2991 4364 .
3026 4310 3081 4356 et
3137 4318 3237 4372 ego
3266 4305 3494 4372 posthac
3517 4316 3572 4358 et

1992 4407 2012 4441 1
2049 4400 2246 4461 praeter
2271 4407 2485 4447 menon
2514 4403 2599 4447 est
2625 4395 2787 4448 Deus.
2829 4413 2848 4446 1
2883 4394 3018 4461 Quis
3047 4405 3151 4459 est,
3186 4396 3279 4465 qui
3325 4398 3439 4450 huic
3483 4396 3572 4449 di-

1990 4500 2011 4536 1
2044 4484 2120 4538 cit
2148 4484 2172 4537 ?
2214 4485 2399 4539 mundi
2444 4474 2727 4549 Conditor,
2763 4487 2948 4540 subdit
2979 4487 3124 4541 enim
3157 4504 3172 4541 :
3208 4506 3225 4539 1
3264 4486 3375 4556 Ego
3405 4501 3568 4543 manu

1990 4593 2010 4626 1
2052 4591 2169 4630 mea
2221 4576 2447 4631 fundavi
2483 4590 2682 4632 terram
2713 4580 2776 4631 ".
2814 4597 2832 4629 1
2871 4577 3036 4633 Vides
3067 4579 3316 4648 Opiﬁcem
3367 4580 3513 4648 loqui
3547 4580 3571 4635 ?

1989 4686 2009 4720 1
2049 4668 2114 4722 Et
2148 4668 2387 4739 Spiritus
2414 4686 2568 4724 meus
2604 4670 2843 4724 firmavit
2872 4671 3095 4725 malum.
3140 4671 3261 4741 Ego
3311 4673 3570 4727 omnibus

1990 4778 2009 4813 1
2050 4762 2225 4818 stellis
2256 4765 2530 4818 mandavi.
2565 4762 2677 4833 Ego
2701 4764 2932 4817 excitavi
2969 4763 3327 4834 cumjustitia
3361 4779 3568 4832 regem,

1989 4871 2007 4904 1
2043 4862 2095 4906 et
2113 4868 2304 4910 omnes
2332 4856 2433 4910 viae
2459 4870 2593 4909 meae
2629 4866 2811 4911 rectze.
2851 4874 2867 4905 1
2894 4855 3026 4910 Cum
3060 4856 3303 4919 seipsum
3339 4856 3571 4908 dixisset

1993 4960 2011 4993 1
2048 4944 2310 4998 factorem
2337 4947 2462 5000 caeli
2495 4957 2550 5001 et
2579 4957 2760 5009 terrae,
2800 4947 3074 5001 subnectit
3102 4960 3118 4998 :
3158 4964 3176 4998 1
3216 4945 3333 5001 Non
3358 4948 3424 5000 ah
3458 4945 3565 4999 iui-

1994 5052 2013 5085 1
2053 5034 2127 5088 tio
2164 5035 2215 5088 in
2249 5038 2467 5091 occulto
2492 5038 2709 5092 locutus
2738 5055 2858 5091 sum
2893 5038 3050 5093 vobis
3107 5039 3243 5104 haec,
3301 5052 3479 5106 neque
3512 5038 3564 5090 in

1992 5147 2011 5178 1
2048 5129 2168 5181 loco
2196 5131 2486 5184 tenebroso
2515 5130 2581 5182 δ”.
2629 5150 2648 5181 1
2694 5129 2889 5186 Dicens
2925 5148 2941 5187 :
2987 5155 3005 5182 1
3038 5130 3281 5184 Fnudavi
3340 5142 3560 5189 teriam,

1987 5239 2005 5271 1
2047 5224 2333 5274 etrrravi
2397 5222 2595 5275 caelum
2663 5224 2755 5289 6‘;
2815 5226 3033 5293 quando
3107 5222 3233 5277 facti
3282 5231 3410 5276 sunt
3462 5221 3559 5281 illi,

1984 5329 2003 5360 1
2045 5314 2317 5374 adoratam
2343 5325 2397 5365 et
2424 5331 2615 5379 nunc”
2650 5314 2908 5369 Dominus
2939 5315 3086 5370 misit
3114 5330 3219 5378 mc,
3251 5321 3305 5367 et
3332 5313 3564 5379 Spiritus

1984 5418 2001 5450 1
2042 5402 2241 5456 illius.»
2278 5402 2353 5456 Tc
2379 5404 2611 5467 scilicet,
2639 5405 2731 5474 qui
2791 5403 2965 5458 fecisti
3029 5405 3226 5457 coelum
3277 5410 3331 5454 ct
3366 5411 3562 5452 terram

1986 5510 2003 5542 1
2041 5493 2302 5549 Dominus
2335 5495 2484 5549 misit
2514 5497 2812 5550 secundum
2842 5511 3079 5549 carnem.
3108 5492 3300 5547 Factor
3323 5491 3445 5547 οωιὶ
3478 5491 3563 5543 in-

2746 5675 2791 5705 ⁸⁰
2814 5673 2945 5727 Luc.
2980 5689 3144 5741 _xxtv,
3180 5671 3247 5725 49

2180 5675 2223 5706 ³³
2248 5676 2378 5729 ΗΜ.
2411 5692 2521 5739 xw,
2548 5675 2636 5729 tl.
2746 5675 2791 5705 ⁸ο
2814 5673 2945 5727 Luc.
2980 5689 3144 5741 _xxtv,
3180 5671 3247 5725 49
3324 5738 3331 5742 Α
3384 5671 3423 5704 ⁵¹
3454 5671 3558 5726 lsa.
