4002 6428
398 351 506 419 £93

1421 351 1630 415 JOAN.
1669 303 1884 414 Vt:ch
1925 352 2036 410 CP.
2075 344 2588 413 mutuscae

3548 345 3652 412 424

401 487 423 520 ι
464 472 621 522 tonat
646 481 662 518 :
689 484 707 518 ι
733 463 996 521 Dominus
1017 464 1163 520 misit
1185 479 1267 517 me
1293 475 1344 517 et
1371 462 1606 531 Spiritus
1627 463 1824 516 illiusn
1849 460 1979 514 Μιε-

2094 479 2112 511 ι
2156 461 2214 512 λέ
2253 478 2320 530 με
2357 462 2454 514 καὶ
2487 463 2548 515 τὸ
2573 461 2802 532 Πνεῦμα
2837 462 3024 518 αὐτοῦ.
3064 481 3084 516 ι
3121 457 3190 518 Σὲ
3238 463 3328 518 τὸν
3355 465 3657 536 ποιήσαντα

403 579 423 611 ι
456 563 664 616 sionem
698 557 935 628 Spiritus
956 557 1207 613 Παιωιίοἰ
1230 555 1522 626 capiuntin
1554 553 1968 608 contumeliam.

403 669 422 702 ι
465 649 608 704 Misit
636 648 817 715 Pater,
853 664 958 703 non
981 648 1158 704 locum
1193 648 1470 712 deserens,
1503 660 1604 717 nec
1638 645 1760 700 loco
1799 654 1974 698 trans-

407 759 427 794 ι
470 741 629 796 latus.
668 739 818 794 Misit
861 737 1033 794 Filius
1066 739 1330 808 Spiritum
1357 753 1466 792 non
1519 737 1752 792 divisus.
1800 734 1866 790 Et
1888 735 1972 790 id-

407 849 430 882 ι
459 831 606 885 circo
629 829 911 899 Scriptura
929 829 1058 884 dicit
1083 829 1130 862 "
1159 845 1174 882 :
1199 829 1371 882 «Deus
1394 826 1582 882 effudit
1615 826 1820 880 donum
1849 826 1974 896 Spi-

405 941 424 972 ι
464 922 602 976 ritus
633 921 832 987 saucti,
865 939 884 972 ι
945 919 1215 976 Divinitas
1244 936 1352 975 non
1398 918 1699 974 cﬂ‘unditur
1729 917 1825 972 sed
1877 919 1977 971 do-

406 1033 424 1066 ι
464 995 618 1076 ιιιῖιπι,
649 1023 872 1083 propter
907 1013 1032 1077 hoc,
1065 1021 1126 1068 ut
1152 1015 1645 1075 demonstraretur,
1666 1011 1796 1082 quia
1849 1011 1972 1076 hoc,

407 1124 426 1156 ι
460 1106 604 1174 quod
635 1103 952 1172 effunditur,
987 1121 1094 1160 non
1139 1118 1222 1160 est
1268 1107 1505 1175 Spiritus
1567 1111 1826 1166 sanctus,
1880 1103 1973 1158 sed

404 1195 702 1267 “Spiritus
737 1198 828 1252 Dei
865 1199 1060 1268 gratia,
1090 1197 1221 1252 dicit
1250 1197 1418 1252 David
1454 1195 1712 1251 Christo:
1741 1214 1758 1246 ι
1791 1194 1975 1249 Ellusa

407 1305 426 1338 ι
462 1297 545 1342 est
573 1289 748 1356 gratia
805 1290 861 1343 in
925 1289 1086 1344 labiis
1131 1289 1238 1343 tuis
1269 1289 1336 1342 ".
1377 1307 1394 1338 ι
1425 1287 1608 1342 Gratia
1653 1284 1972 1350 effunditur,

407 1395 427 1429 ι
465 1394 574 1432 non
613 1379 707 1448 qui
756 1381 992 1451 largitur
1019 1382 1272 1449 gratiam.
1299 1380 1356 1436 Si
1382 1381 1608 1449 aequalis
1637 1379 1813 1434 honor
1831 1393 1972 1448 pra:-

413 1486 433 1520 ι
476 1470 710 1536 dicatur,
731 1480 784 1526 et
807 1472 1008 1541 illud,,a
1035 1475 1094 1527 s'e
1117 1471 1258 1542 ipso,
1287 1471 1692 1526 manifestatum
1717 1476 1824 1533 est,
1844 1481 1975 1522 nec-

409 1579 428 1610 ι
472 1575 580 1613 non
614 1570 667 1614 et
699 1562 856 1628 illud,
892 1560 968 1616 De
999 1578 1119 1617 meo
1147 1562 1396 1631 accipiet,
1423 1563 1576 1631 quasi
1605 1575 1636 1614 a
1673 1569 1838 1630 puteo
1892 1559 1978 1612 in-

405 1669 426 1700 ι
456 1655 740 1722 terpretari
773 1655 896 1724 quis
922 1663 1122 1724 potest.
1446 1665 1455 1672 '

2087 571 2105 604 ι
2141 551 2234 606 τὸν
2255 554 2486 624 οὐρανὸν
2509 555 2605 608 καὶ
2633 555 2733 626 τὴν
2763 555 2868 626 γῆν
2899 555 3108 626 Κύριος
3161 557 3450 610 ἀπέστειλε
3512 557 3659 611 κατά

2087 663 2106 697 ι
2151 646 2251 714 τὴν
2281 648 2480 717 σάρκα.
2531 648 2588 700 Ὀ
2619 649 2850 718 ποιητὴς
2883 648 3120 718 οὐρανοῦ
3153 649 3304 716 λέγει
3328 663 3344 679 ⁸
3393 667 3412 700 ι
3449 647 3659 719 Κύριος

2089 756 2108 787 ι
2156 736 2446 790 ἀπέστειλέ
2474 755 2542 807 με
2567 739 2663 792 καὶ
2695 739 2756 791 τὸ
2800 739 3024 810 Πνεῦμα
3071 739 3260 793 αὐτοῦ.
3295 757 3314 790 ι
3377 739 3492 808 Τὴν
3524 740 3662 791 ἀπο-

2091 847 2110 880 ι
2151 829 2342 900 στολὴν
2393 831 2444 883 οἱ
2497 832 2766 904 αἱρετικοὶ
2829 825 2923 885 τοῦ
2989 831 3309 900 Πνεῦματος
3363 833 3444 894 είς
3502 829 3661 901 ὓϐριν

2089 940 2106 972 ι
2148 920 2542 992 λαμϐάνουσιν.
2595 922 2916 978 Ἀπέστειλε
2963 924 3180 994 Πατὴρ,
3245 923 3305 976 οὐ
3357 923 3660 991 μεταστάς.

2089 1035 2107 1066 ι
2161 1013 2512 1070 Ἀπέστειλεν
2567 1019 2596 1070 6
2643 1017 2773 1080 Υίὸς
2822 1017 2883 1070 τὸ
2934 1015 3198 1086 εΠνεῦμα,
3248 1010 3311 1068 οὗ
3337 1011 3660 1084 διαιρεθείς.

2087 1126 2106 1158 ι
2143 1107 2242 1160 Διά
2278 1107 2437 1162 τοῦτο
2481 1110 2516 1180 ἠ
2579 1110 2796 1180 Γραφὴ,
2834 1127 2856 1162 ι
2907 1108 2964 1161 '0
3007 1108 3160 1170 Θεὸς,
3192 1126 3211 1159 ι
3270 1105 3472 1176 φησὶν,
3511 1123 3531 1156 ι
3583 1103 3664 1168 ἐξ·

2089 1217 2109 1250 ι
2155 1199 2276 1270 έχεε
2318 1201 2418 1270 τὴν
2446 1201 2657 1271 δωρεάν
2705 1200 2802 1254 τοῦ
2833 1200 2990 1268 ἁγίου
3039 1199 3410 1270 Πνεῦματος.»
3455 1196 3662 1265 Θεότης

2089 1308 2107 1341 ι
2151 1286 2252 1342 οὐκ
2282 1291 2548 1361 ἐκχεῖται,
2577 1287 2706 1344 ἀλλ’
2737 1292 2770 1361 ἡ
2803 1290 3006 1362 δωρεά.
3061 1289 3158 1342 Διά
3203 1287 3381 1351 τοῦτο,
3409 1287 3497 1340 ἵνα
3549 1287 3664 1340 δει-

2088 1397 2108 1432 ι
2149 1380 2278 1450 χοῇ,
2302 1381 2470 1434 ὅτιτὸ
2507 1380 2872 1452 ἑκχυνόμενον
2891 1382 2954 1434 οὐ
3014 1378 3242 1450 Πνεῦμα
3293 1380 3472 1446 ἅγιον,
3525 1375 3662 1433 ἀλλά

2088 1488 2108 1523 ι
2157 1472 2478 1541 Πνεῦματος
2502 1472 2638 1526 Θεοῦ
2663 1474 2822 1544 χάρις
2840 1515 2856 1539 ,
2892 1474 3041 1542 λέγει
3069 1472 3233 1526 eam
3289 1472 3368 1542 τῷ
3399 1468 3621 1541 Χριστῷ
3642 1483 3658 1499 ⁸

2091 1580 2110 1612 ι
2163 1561 2428 1633 Ἐξεχύθη
2459 1565 2491 1632 ἡ
2538 1564 2702 1636 χάρις
2739 1567 2796 1618 ἐν
2819 1565 3024 1636 χείλεσι
3059 1581 3176 1618 σου.
3213 1582 3233 1616 ι
3273 1565 3447 1634 Χάρις
3483 1562 3663 1631 ἐκχεῖ·-

2093 1674 2110 1706 ι
2150 1674 2264 1720 ται,
2297 1655 2394 1727 οὐχ
2430 1657 2459 1710 6
2491 1657 2832 1729 δωρούμενος
2860 1657 2960 1728 τὴν
2993 1657 3175 1730 χάριν.
3211 1656 3340 1710 Ἐὰν
3390 1659 3422 1726 ἡ
3481 1658 3660 1726 ὁμοτι-

406 1762 425 1795 ι
468 1747 568 1818 μία
591 1747 952 1820 κηρύττηται,
985 1751 1083 1804 καὶ
1106 1751 1191 1816 τὸ,
1234 1751 1328 1820 ἀφ’
1357 1747 1599 1818 ἑαυτοῦ’,
1644 1751 2062 1822 σεσαφήνισται,
2104 1751 2198 1804 καὶ
2232 1751 2320 1814 τὸ,
2357 1751 2454 1804 ἀπ’
2483 1751 2620 1822 ἐμοῦ
2671 1751 2927 1822 λήψεται,
2957 1751 3030 1815 ὡς
3097 1747 3210 1805 ἀπὸ
3240 1748 3542 1820 δεξαμενῆς
3571 1744 3663 1818 ιρ-

407 1857 427 1891 ι
473 1840 791 1909 μηνεύεται.
829 1861 848 1895 ι

961 1933 1404 2003 (Animadversio.

477 2042 498 2076 ι
536 2024 806 2082 Curiosus
842 2035 1080 2082 utentem
1113 2027 1235 2098 ﬁge,
1277 2029 1697 2098 consideraque,
1746 2041 1852 2098 qua
1885 2043 1978 2082 ra-

405 2133 423 2165 ι
467 2117 612 2172 tione
639 2118 855 2172 divinus
886 2118 986 2174 iste
1008 2117 1166 2172 Pater
1191 2117 1508 2174 ell'usionem
1537 2117 1969 2188 missionemth

405 2227 424 2259 ι
463 2206 706 2277 Spiritus
739 2209 1020 2280 intelligat,
1054 2222 1418 2281 cxponatque,
1455 2221 1534 2277 ιιι,
1559 2228 1684 2267 cum
1729 2212 1908 2278 audis,
1949 2227 1977 2264 a

406 2317 428 2347 ι
475 2299 705 2354 Domino
735 2299 998 2371 Spiritum
1051 2301 1277 2363 effundi,
1324 2303 1601 2373 mittique,
1645 2303 1709 2357 ad
1741 2318 1980 2372 praesen-

407 2410 426 2442 ι
462 2400 567 2445 tem
616 2391 758 2447 hanc
786 2393 1184 2462 expositionem
1216 2393 1427 2449 similes
1475 2395 1746 2449 dictiones
1792 2391 1978 2448 conle-

377 2476 382 2480 ’
409 2501 430 2536 ι
469 2498 558 2538 ras
597 2500 1026 2558 comnonasque.

1051 2576 1342 2648 Refulatio.

469 2691 759 2744 ASScrente
782 2688 1204 2761 Chrysostomo,
1236 2689 1406 2744 Deum
1443 2705 1548 2744 non
1611 2692 1779 2757 mitti,
1849 2707 1977 2744 rur-

401 2794 636 2850 sumque
665 2779 870 2835 donum
903 2781 1090 2846 mitti;
1149 2781 1414 2851 Spiritum
1472 2783 1623 2850 vero!
1650 2799 1757 2836 non
1814 2783 1978 2846 mitti,

403 2885 528 2924 cum
564 2866 738 2925 Filius
798 2871 951 2936 dicit,
1005 2872 1263 2927 «Mittam
1319 2873 1474 2928 vobis
1498 2872 1762 2941 Spiritum
1821 2889 1980 2929 sanc-

403 2970 519 3016 tum
556 2979 569 3016 :
603 2981 622 3014 ι
654 2977 888 3030 necnon,
919 2963 1185 3018 Deitatem
1212 2980 1322 3019 non
1341 2964 1568 3031 ell'undi,
1595 2967 1688 3020 sed
1729 2967 1932 3020 donum
1962 2983 1976 3033 ;

405 3051 559 3119 item,
587 3053 733 3122 quod
759 3053 1062 3110 effunditur
1099 3071 1205 3110 non
1243 3072 1363 3113 esse
1406 3057 1670 3126 Spiritmn
1701 3069 1978 3122 sanctum,

405 3143 616 3210 sedIDei
642 3147 898 3214 gratiam,
932 3157 1218 3218 propterea
1264 3165 1371 3204 non
1419 3166 1544 3204 eum
1578 3150 1754 3220 ipsum
1810 3150 1979 3205 Para-

405 3235 604 3289 cletum
637 3235 869 3292 indicari
896 3239 1198 3305 existimas,
1251 3241 1345 3295 sed
1376 3243 1602 3310 gratiam
1661 3243 1976 3312 quamdam,

405 3325 572 3379 veluti
596 3327 665 3379 ab
699 3341 762 3382 eo
793 3328 1057 3384 avulsam.
1088 3328 1221 3383 Cum
1256 3327 1541 3399 Scriptura
1577 3332 1794 3394 asserit,
1857 3332 1982 3401 Spi-

409 3415 577 3468 ritum
605 3427 853 3471 sanctum
885 3433 914 3472 a
951 3419 1178 3474 Domino
1207 3419 1432 3486 effundi,
1467 3424 1749 3492 mittique;
1781 3424 1826 3478 si
1847 3425 1980 3499 lucc,

409 3505 662 3574 inquam,
695 3508 940 3577 opinaris
969 3509 1036 3564 de
1069 3509 1276 3580 Spiritu
1325 3523 1534 3578 sancto,
1569 3516 1718 3584 quia
1749 3515 1982 3570 Domino

407 3596 724 3665 effunditur,
764 3614 819 3654 et
847 3601 1106 3668 mittitur,
1155 3603 1316 3672 plane
1339 3619 1368 3657 a
1405 3621 1526 3658 vera
1553 3614 1810 3676 rectaque
1854 3623 1981 3663 sen-

409 3689 578 3744 tentia
604 3691 761 3761 longe
777 3694 1020 3748 omnium
1051 3697 1320 3766 evagarls.
1349 3698 1411 3751 Et
1440 3715 1682 3753 meorum
1709 3703 1981 3756 dictorum

409 3781 564 3836 testis
592 3781 756 3838 fuerit
796 3786 1029 3853 Spiritus
1078 3787 1264 3850 dator,
1311 3797 1364 3840 et
1410 3790 1809 3860 suppeditator,
1863 3793 1982 3861 qui,

407 3885 533 3926 eum
563 3872 615 3927 in
653 3872 942 3945 Evangelio
971 3877 1125 3945 dicit,
1177 3897 1196 3930 ι
1227 3877 1364 3932 Cum
1400 3881 1610 3934 venerit
1649 3881 1981 3946 Paracletus,

353 4029 358 4034 _
407 3980 568 4035 quem
597 3981 698 4038 ego
719 3969 928 4022 mittam
959 3971 1115 4025 vobis
1145 3987 1213 4024 ex
1245 3967 1402 4026 Patre
1426 3968 1493 4036 ⁸⁸,
1541 3991 1559 4024 ι
1607 3989 1714 4027 non
1752 3976 1980 4044 gratiam

409 4057 704 4126 quamdam
737 4059 1062 4126 spiritalem,
1092 4061 1260 4116 veluti
1321 4064 1389 4118 ab
1440 4067 1684 4119 essentia
1741 4068 1982 4135 Spiritus

409 4147 642 4202 divisam
668 4164 732 4204 ac
759 4153 1064 4218 seiunctam
1093 4154 1356 4221 insinuat,
1382 4159 1472 4211 sed
1507 4158 1850 4214 Paracletum
1899 4159 1989 4228 ip-

412 4254 560 4304 sum,
587 4241 678 4310 qui
715 4251 794 4297 est
855 4243 996 4300 Deus
1041 4246 1338 4315 perfectus,
1371 4257 1425 4302 et
1479 4265 1661 4314 verus,
1716 4252 1788 4303 uti
1827 4250 1986 4306 Pater

409 4340 464 4384 et
493 4327 663 4387 Filius
689 4341 794 4389 est.
855 4335 910 4388 Si
963 4336 1148 4407 itaque
1209 4341 1350 4394 Deus
1401 4353 1506 4402 est.
1561 4344 1719 4412 quia
1753 4343 1984 4399 Domino

406 4419 728 4490 eﬂ'unditur,
770 4426 1111 4497 mittiturque
1137 4428 1394 4498 Spiritus,
1433 4435 1593 4495 scito,
1648 4451 1772 4488 cum
1809 4436 1984 4506 Chry-

405 4523 709 4568 sostomum
743 4518 901 4573 audis
947 4519 1246 4583 dicentem,
1305 4522 1445 4577 Deus
1507 4540 1612 4578 non
1646 4526 1902 4588 mittitur,
1933 4539 1987 4581 et

2706 1928 3091 1986 Ἔπιστασία.

2116 2047 2178 2078 ἰ
2232 2027 2563 2095 Ἐπίστησον
2617 2021 2888 2094 ἀκριϐῶς,
2950 2021 3070 2086 πῶς
3118 2017 3148 2073 6
3181 2019 3444 2091 Θεοφόρος
3501 2008 3661 2085 οὗτος

2088 2139 2106 2170 ι
2149 2119 2248 2188 τὴν
2279 2115 2373 2170 τοῦ
2400 2115 2564 2184 ἁγίου
2607 2114 2925 2186 Πνεῦματος
2957 2109 3178 2182 ἔκχυσιν
3207 2113 3303 2164 καὶ
3351 2111 3655 2181 ἀποστολὴν

2087 2231 2106 2264 ι
2155 2212 2248 2264 καὶ
2304 2209 2413 2261 νοεῖ
2440 2209 2532 2262 καὶ
2579 2207 2846 2271 διδάσκει,
2872 2205 2941 2260 ἶν’
2969 2224 2987 2257 ι
3025 2206 3115 2258 ὅτε
3139 2202 3356 2266 ἀκούεις
3391 2203 3544 2274 παρὰ
3569 2202 3661 2256 τοῦ

2085 2319 2105 2352 ι
2148 2301 2352 2370 Κυρίου
2383 2300 2440 2352 τὸ
2467 2295 2694 2368 Πνεῦμα
2719 2296 3088 2368 προχεόμενον
3131 2296 3226 2348 καὶ
3261 2293 3667 2360 ἀποστελλόμε-

2086 2413 2106 2445 ι
2142 2412 2260 2458 νον,
2287 2394 2424 2464 πρὸς
2462 2391 2560 2462 τὴν
2588 2389 2870 2460 παροῦσαν
2901 2387 3200 2460 ἑρμηνείαν
3227 2388 3441 2450 καὶτὰς
3476 2387 3665 2442 τοιαύά

2088 2507 2107 2540 t
2146 2504 2244 2550 τας
2277 2485 2624 2556 συμϐιϐάζῃς
2649 2483 2856 2552 φωνάς.
2901 2500 2918 2532 ι

2462 2556 2468 2563 ³
2664 2576 3066 2642 Ἀντίρῤησις.

2151 2693 2259 2746 Τοῦ
2288 2691 2752 2762 Χρυσορρήμονος
2781 2685 3054 2750 εἰπόντος,
3109 2685 3242 2747 Θεὸς
3267 2675 3370 2737 οῦκ
3389 2678 3662 2736 ἀπόστελο

2081 2787 2257 2850 λεται,
2281 2785 2375 2836 καὶ
2407 2783 2589 2848 πάλιν,
2633 2781 2696 2834 'H
2724 2781 2900 2851 ῖωρεᾶ
2927 2781 3238 2856 λτέμπεται,
3271 2776 3331 2829 τὸ
3352 2775 3409 2829 δὲ
3433 2773 3664 2844 Πνεῦμα.

2081 2877 2178 2930 οὐκ
2210 2873 2623 2937 ἀποστέλλεται,
2647 2872 2776 2926 ὅταν
2804 2873 2833 2924 6
2854 2870 2983 2933 Υἱὸς
3013 2869 3172 2939 λέγῃ,
3225 2885 3246 2919 ι
3286 2867 3358 2919 Πέ
3372 2865 3500 2935 μψω
3533 2863 3664 2933 ὑμῖν

2080 2968 2142 3020 τὸ
2193 2965 2418 3034 Πνεῦμα
2445 2965 2506 3016 τὸ
2532 2963 2687 3032 ἅγιον
2717 2981 2732 2995 ο
2778 2979 2798 3014 ι
2837 2961 2934 3016 καὶ
2967 2962 3154 3026 πάλιν,
3182 2959 3385 3028 Θεότης
3416 2958 3516 3010 οὐκ
3571 2957 3664 3008 tat-

2082 3066 2284 3132 χεῖται,
2323 3060 2437 3113 ἀλλ’
2471 3057 2737 3129 ἡδωρεά·
2797 3057 2896 3111 καὶ
2937 3057 3126 3122 πάλιν,
3182 3055 3256 3107 Τὸ
3301 3052 3662 3123 ὲκχυνὸμενον

2081 3156 2143 3207 οὐ
2170 3152 2388 3221 πνεῦμά
2419 3153 2568 3204 ἐστιν
2619 3147 2795 3218 ἅγιον,
2829 3147 2962 3200 ἀλλὰ
3004 3146 3320 3216 Πνεῦματος
3373 3142 3511 3196 Θεοῦ
3561 3141 3661 3212 χά-

2087 3263 2196 3316 ρις,
2263 3245 2338 3316 μὴ
2369 3246 2456 3297 διὰ
2477 3242 2656 3296 ταῦτα
2713 3241 2836 3312 οὐχὶ
2897 3240 3062 3293 αὐτὸν
3113 3240 3323 3291 ἐκεῖνον
3367 3229 3661 3305 δηλοῦσθαι

2081 3341 2176 3394 τὸν
2229 3338 2592 3408 Παράκλητον
2627 3337 2737 3407 οἴῃ,
2787 3335 2922 3388 ἀλλὰ
2949 3333 3112 3404 χάριν
3155 3331 3276 3384 τινὰ
3313 3329 3660 3397 ἀποδιεσχοι-

2083 3430 2346 3498 νισμένην
2414 3428 2604 3498 ὥσπερ
2657 3427 2892 3480 ἐκείνου.
2959 3427 3130 3476 Ὅταν
3179 3423 3212 3492 ὴ
3263 3418 3656 3490 Γραφὴτλὲγῃ,

2090 3541 2108 3574 ι
2139 3522 2212 3574 Τὸ
2233 3521 2458 3588 Πνεῦμα
2481 3522 2537 3572 τὶ
2557 3519 2710 3586 ἅγιον
2733 3517 2884 3588 παρὰ
2913 3515 3006 3568 τοῦ
3029 3516 3233 3586 Κυρίου
3265 3507 3660 3581 προχεῖταιυκαὶ

2083 3611 2502 3675 ἀποστέλλεται,
2541 3629 2560 3661 ι
2607 3609 2796 3678 πὸῥρω
2853 3606 3071 3676 βάλλειν
3105 3604 3334 3672 ἴσθιτῆς
3362 3601 3456 3654 τοῦ
3492 3599 3652 3666 ἀγῐου

2085 3704 2345 3766 διανοίας.
2393 3701 2503 3754 Καὶ
2537 3701 2748 3772 μάρτυς
2777 3701 2887 3753 τῶν
2917 3699 3066 3768 ἐμῶν
3095 3697 3279 3763 ’λόγων
3311 3695 3473 3756 αὐτὸς
3506 3695 3534 3746 6
3566 3688 3658 3744 τοῦ

2086 3794 2399 3864 Πνεῦματος
2427 3793 2592 3863 δοτὴρ
2621 3810 2682 3845 τε
2715 3793 2809 3846 καὶ
2833 3791 3092 3863 χορηγός.
3115 3789 3304 3856 Λέγων
3337 3787 3447 3856 γάρ
3473 3787 3530 3837 ὲν
3556 3784 3660 3837 Εὐ-

2085 3886 2383 3953 αγγελίοις,
2423 3903 2442 3935 ι
2485 3885 2657 3938 Ὂταν
2701 3883 2759 3936 δὲ
2788 3881 2915 3954 ἔλθῃ
2942 3887 2968 3935 ὁ
3025 3881 3405 3952 Παράκλητος,
3436 3878 3498 3930 ὃν
3551 3875 3662 3942 ἐγὼ

2087 3976 2288 4045 πέμψω
2315 3977 2442 4046 ὑμῖν
2471 3975 2621 4045 παρὰ
2669 3971 2763 4025 τοῦ
2790 3973 3020 4042 [ἰατρὸς.
3063 3993 3080 4026 ι
3139 3973 3262 4040 οὐχὶ
3313 3970 3473 4040 χάριν
3538 3966 3662 4019 τινὰ

2088 4069 2326 4138 πέμπειν
2388 4067 2644 4135 ἐμφαίνει
2704 4066 3108 4134 πνευματικὴν,
3143 4064 3308 4116 οἱονεὶ
3330 4062 3430 4131 τῆς
3464 4059 3656 4121 οὐσίας

2087 4159 2537 4230 ἁποδιῃρημένην
2641 4157 2733 4210 τοῦ
2809 4157 3146 4227 Πνεῦματος,
3203 4154 3330 4208 ἀλλ’
3387 4153 3548 4206 αὐτὸν
3571 4151 3662 4205 τὸν

2089 4251 2467 4319 Παράκὶητον,
2501 4251 2613 4312 ὅτις
2643 4249 2773 4311 Θεὸς
2817 4251 2930 4300 ἐστι
2959 4247 3180 4308 τέλειος,
3216 4246 3309 4298 καὶ
3336 4243 3562 4315 ἀληθὴς,
3588 4241 3663 4305 ὡς

2087 4347 2115 4396 6
2145 4345 2333 4412 Πατὴρ
2368 4347 2457 4394 καὶ
2490 4345 2516 4395 ὁ
2568 4343 2718 4404 Υἱός.
2777 4343 2836 4393 Εἰ
2865 4340 2994 4408 γοῦν
3019 4340 3151 4402 Θεός
3223 4341 3340 4390 ἐστι
3392 4341 3450 4391 τὸ
3515 4339 3662 4410 παρὰ

2087 4431 2180 4484 τοῦ
2211 4432 2412 4501 Κυρίου
2427 4432 2794 4503 προχεόμενοι]
2815 4433 2908 4484 καὶ
2925 4429 3394 4498 ἀποστελλόμενον
3419 4427 3660 4498 πνεῦμα,

2088 4523 2259 4589 γνῶθι
2309 4525 2522 4576 ἀκούων
2576 4523 2668 4576 τοῦ
2730 4524 3200 4594 Χρυσορρήμενος
3245 4521 3498 4588 λέγοντος
3551 4520 3610 4571 τὸ
3645 4557 3660 4580 ,

404 4607 550 4673 quod
579 4606 871 4664 effunditur
918 4629 1023 4666 non
1057 4625 1142 4668 est
1187 4615 1428 4682 Spiritus
1479 4628 1726 4683 sanctus,
1764 4622 1856 4672 sed
1893 4620 1979 4674 Dei

2091 4613 2224 4676 Θεὸς
2279 4615 2377 4666 οὐκ
2407 4615 2840 4673 ἀποστέλλεται,
2897 4616 3013 4675 καὶ,
3047 4615 3120 4665 Τὸ
3179 4613 3544 4682 ἐκχυνόμενον
3601 4609 3662 4661 οὐ

405 4693 645 4764 Spiritus
683 4703 880 4766 gratia,
901 4703 1044 4759 hanc
1063 4714 1273 4759 tantum
1295 4708 1365 4760 ob
1386 4724 1608 4762 causam
1642 4711 1978 4774 enuntiasse,

405 4801 476 4840 ne
508 4786 634 4856 quis
682 4781 1080 4854 separatioiiem
1143 4795 1405 4864 aliquam,
1469 4807 1630 4865 atque
1655 4798 1978 4854 divisionem

407 4875 636 4928 localem
671 4876 773 4929 sibi
835 4881 1024 4934 animo
1074 4885 1262 4952 lingat,
1323 4900 1445 4937 cum
1492 4886 1654 4938 Deum
1707 4888 1977 4960 intelligit,

406 4967 550 5020 mitti
584 4974 747 5035 atque
781 4968 1008 5027 eﬂ‘undi.
1042 4973 1494 5045 Quandoquidem
1531 4979 1576 5032 si
1615 4980 1667 5034 in
1698 4995 1816 5035 eam
1859 4999 1983 5038 sen-

405 5059 632 5114 tentiam
663 5075 772 5114 non
805 5064 1108 5134 accipiatur
1163 5067 1316 5132 illud,
1359 5070 1503 5125 Deus
1555 5087 1660 5126 non
1724 5077 1975 5138 mittitur,

406 5151 686 5218 quomodo
723 5154 887 5208 Deum
913 5172 1226 5214 asseremus
1253 5160 1448 5217 Filium
1477 5167 1700 5220 missum
1725 5183 1752 5221 a
1782 5165 1980 5224 Patre?

409 5241 471 5297 Et
525 5246 571 5299 si
625 5247 740 5302 lucc
792 5249 885 5303 tibi
928 5265 1050 5304 vera
1099 5254 1350 5310 videntur
1387 5273 1525 5319 esse.
1581 5260 1799 5328 discito,
1851 5263 1977 5317 licet

407 5336 619 5418 missio,
652 5349 708 5393 et
762 5340 1042 5412 demissio,
1103 5363 1224 5414 qua:
1261 5349 1506 5405 innubis
1557 5354 1648 5415 sit,
1718 5354 1977 5424 Spiritus,

2091 4705 2318 4774 Πνεῦμά
2353 4709 2499 4758 ἐστιν
2535 4706 2712 4774 ἆγιον,
2745 4707 2880 4760 ἀλλὰ
2917 4707 3234 4775 Ιινεὺματος
3283 4701 3421 4758 Θεοῦ
3481 4704 3660 4773 χάρις.

2087 4799 2160 4860 ὼς
2201 4799 2290 4851 διὰ
2314 4797 2473 4850 τοῦτο
2503 4799 2668 4851 ταῦτ’
2696 4800 2946 4871 εἴρηκεν,
2979 4800 3066 4852 ἵνα
3102 4801 3176 4870 μή
3239 4815 3322 4860 τις
3377 4795 3663 4850 διάστασίν

2089 4909 2210 4945 τινα
2241 4893 2581 4962 φαντάσηται
2613 4893 2870 4964 τοπικὴν,
2902 4894 3038 4946 Θεὸν
3057 4895 3273 4946 ἁκούων
3309 4891 3664 4962 πεμπόμενον

2089 4985 2182 5038 καὶ
2208 4985 2696 5053 άποστελλόμενον.
2752 4987 2926 5051 Ἐπεὶ,
2958 4988 3008 5039 εἰ
3037 4987 3113 5057 μὴ
3149 4988 3230 5050 είς
3259 4985 3517 5054 τοιαύτην
3574 4985 3664 5037 ἓν·

2087 5095 2236 5131 νοιαν
2298 5077 2599 5148 ὲκληφοείη
2627 5080 2708 5144 τὸ,
2749 5097 2767 5130 ι
2816 5079 2950 5144 Θεὸς
3007 5081 3108 5134 οὐκ
3161 5079 3556 5133 ἀποστέλλεται
3583 5117 3598 5140 ,
3637 5095 3657 5127 ι

2090 5170 2206 5233 πῶς
2253 5171 2319 5224 ἂν
2353 5170 2489 5234 Θεὸς
2539 5173 2904 5243 ὁμολογηθείη
2958 5173 3478 5239 ὸάποστελλόμενος
3539 5171 3666 5232 Υἱὸς

2088 5261 2240 5333 παρὰ
2285 5262 2380 5315 τοῦ
2417 5264 2666 5334 Πατρός;
2693 5263 2802 5318 Καὶ
2853 5267 3008 5338 εἴπερ
3038 5265 3218 5336 ἁληθῆ
3252 5283 3332 5319 σοι
3360 5264 3536 5318 ταῦτα
3573 5265 3663 5317 δο-

2084 5358 2190 5420 κεῖ,
2229 5356 2468 5426 μάνθανε
2500 5358 2576 5421 ὡς
2617 5359 2722 5412 κᾶν
2759 5360 2855 5413 καὶ
2887 5362 2919 5430 ἡ
2951 5360 3159 5431 πέμψις
3186 5362 3280 5412 καὶ
3319 5363 3352 5430 ἡ
3383 5359 3662 5429 ἀποστολὴ

406 5410 737 5482 habitualem
773 5429 1161 5490 habitatio-tem
1197 5440 1488 5510 signiﬁcet,
1551 5460 1615 5497 ex
1653 5410 1776 5512 ipsa.
1840 5445 1979 5498 nihi-

2088 5410 2188 5516 τὴν,
2211 5410 2292 5512 είς
2323 5450 2474 5519 ἡμᾶς
2509 5410 2811 5523 γενομένην
2857 5410 3370 5524 παράιτοῦτΚυρίοῦ
3403 5410 3663 5522 σχετικὴν

406 5516 644 5573 lomiuus
678 5522 958 5591 missione,
1007 5538 1167 5595 atque
1218 5533 1540 5589 dimissione
1569 5537 1776 5590 clarum
1807 5553 1982 5589 rema-

406 5623 554 5663 nere.
587 5610 847 5682 Spiritum
887 5635 952 5676 ex
985 5623 1257 5692 mittente,
1308 5639 1362 5680 et
1397 5628 1706 5682 dimittente
1753 5630 1982 5682 Domino

473 5777 515 5808 ιδ
537 5777 655 5834 Act.
688 5797 743 5847 ll,
774 5783 860 5839 33.
937 5785 980 5816 ⁸⁷
1005 5787 1144 5841 Psal.
1177 5805 1318 5854 utr,
1353 5786 1408 5843 5.
1491 5788 1530 5817 ’³³
1553 5786 1709 5843 Joan.
1743 5806 1830 5844 xv.
1858 5791 1945 5847 9.6.
2027 5787 2038 5798 ”

2082 5541 2360 5612 ἐνοίκησιν
2385 5543 2588 5612 δηλῶσι
2647 5545 2743 5598 τοῦ
2805 5545 3150 5616 Πνεῦματος,
3207 5546 3336 5598 ἀλλ’
3389 5543 3450 5610 ἐξ
3492 5545 3666 5614 αὐτῆς

2085 5636 2478 5706 τῆςηπέελψεώς
2506 5654 2562 5691 τε
2599 5639 2697 5693 καὶ
2737 5640 3046 5710 ἀποστολῆς
3099 5639 3459 5708 ἀναφαίνεται
3492 5637 3664 5710 ὑπάρ-
