4002 6416
253 423 361 485 425

1218 424 1295 482 1N
1336 423 1725 485 CAMATEIKI
1769 428 2512 491 ANlM-iDVERSlO.\'ES.

3394 434 3499 497 £26

252 555 375 609 χειν
405 537 463 590 τὸ
493 537 718 610 Πνεῦμα
774 540 836 592 ἐκ
880 539 970 591 τοῦ
1010 537 1318 606 πέμποντος
1338 537 1431 589 καὶ
1460 537 1817 590 ἀποστέλλον-

1929 556 2069 601 esse,
2107 553 2323 611 propter
2353 561 2466 605 eas,
2506 560 2642 612 quas
2681 544 2732 595 in
2780 555 2942 612 supra
2996 542 3107 613 iam
3142 545 3365 618 digestis
3411 565 3500 604 re-

249 647 342 692 τος
375 629 507 684 αὐτὸ
546 631 753 700 Κυρίου
797 633 866 683 δι’
899 631 992 694 οὓς
1027 632 1084 684 ὲν
1114 631 1233 693 ταῖς
1269 628 1667 698 προλαϐοῦσιις
1724 632 1818 684 ἀν-

246 721 545 792 τιρρήσεσι
569 720 769 790 λόγους
791 723 1130 792 εἰρήκειμεν.

247 827 364 882 Τοῦ
397 828 588 882 αὐτοῦ
631 827 700 880 ἐκ
732 828 837 882 τοῦ
879 830 968 893 εἰς
997 829 1114 894 τὴν
1150 826 1581 895 Πεντηκοστὴν
1613 829 1820 895 λόγου.

220 963 223 972 ι
318 953 339 987 1
392 935 478 1006 ιβ’.
514 937 628 1006 Πρὸ
657 937 788 990 δέκα
817 937 1042 1008 ἡμερῶν
1081 939 1162 1002 είς
1195 940 1284 992 τὸν
1317 937 1504 1006 Θρόνον
1533 938 1561 989 6
1593 935 1826 1006 Χριστὸς

247 1046 268 1080 1
311 1028 486 1100 ἀνέϐη
517 1029 609 1082 τὸν
629 1027 1054 1098 βασιλικὸκίκαὶ
1081 1031 1140 1084 τὸ
1182 1029 1408 1101 Πνεῦμα
1428 1029 1488 1082 τὸ
1517 1030 1671 1096 ἅγιον
1697 1045 1826 1080 κατ-

247 1139 266 1171 1
310 1119 413 1184 ἐϐη
447 1121 689 1190 σήμερον
725 1121 861 1190 πρὸς
905 1120 1002 1192 τὴν
1034 1121 1198 1190 φύσιν
1250 1121 1354 1190 τὴν
1397 1121 1696 1190 ἡμετέραν,
1731 1120 1825 1171 καὶ

249 1228 267 1261 1
311 1211 623 1278 ἀνήνεγκεν
657 1214 685 1264 ὁ
715 1213 953 1281 Χριστὸς
982 1212 1080 1283 τὴν
1108 1211 1364 1282 ἀπαρχὴν
1392 1211 1492 1281 τὴν
1518 1210 1817 1280 ἡμετέραν,

245 1320 263 1354 1
311 1305 412 1356 καὶ
434 1305 744 1372 κατήνεγκε
777 1306 836 1356 τὸ
859 1304 1084 1372 Πνεῦμα
1106 1305 1168 1357 τὸ
1195 1305 1380 1372 ἅγιον·
1406 1303 1594 1372 ἕτερος
1621 1301 1824 1370 Κύριος

245 1411 266 1446 1
311 1395 594 1464 διανέμων
630 1395 699 1448 τὰ
742 1396 892 1465 δῶρα
937 1393 1130 1452 ταῦτα.
1162 1397 1274 1448 Καὶ
1327 1395 1438 1464 γὰρ
1487 1395 1549 1447 τὸ
1597 1393 1822 1463 Πνεῦμα

247 1501 266 1535 1
310 1483 520 1553 Κύριός
555 1486 693 1548 ἐστι,
723 1487 813 1536 καὶ
837 1485 1181 1554 διενείμαντο
1210 1485 1309 1554 τὴν
1330 1485 1470 1554 ὑπὲρ
1493 1483 1648 1552 ἡμῶν
1678 1483 1823 1534 οίκο-

251 1593 268 1625 1
311 1575 526 1644 νομίαν,
561 1577 771 1644 Πατὴρ,
819 1575 966 1641 Υἱὸς,
1031 1577 1124 1628 καὶ
1163 1575 1322 1643 ἅγιον
1372 1575 1615 1644 Πνεῦμα.
1656 1572 1822 1626 Οὔπω

253 1685 270 1716 1
316 1666 450 1719 δέκα
472 1666 687 1735 ἡμέρας
734 1661 879 1738 εἶχεν
910 1665 1150 1722 ἀνελθὼν
1183 1669 1210 1720 6
1239 1666 1494 1736 Χριστὸς,
1522 1667 1616 1717 καὶ
1667 1666 1822 1734 χαρί-

259 1777 279 1809 1
323 1778 499 1830 σματα
522 1765 654 1832 ημῖν
683 1761 898 1832 ἔπεμψε
921 1762 1292 1834 πνευματικὰ,
1318 1763 1468 1831 δῶρα
1488 1761 1589 1830 τῆς
1617 1761 1820 1814 καταλ-

267 1869 285 1901 ‹
330 1853 497 1922 λαγῆς
528 1853 765 1922 ἐκείνης.
799 1853 915 1907 Ἵνα
968 1858 1076 1924 γὰρ
1134 1853 1326 1925 μηδεὶς
1373 1852 1695 1924 ἁμφιϐἀλλῃ
1725 1852 1821 1905 καὶ

260 1961 278 1992 1
316 1944 568 2014 διαπορῇ,
613 1945 668 1996 τί
705 1962 835 1997 τοτε
869 1946 977 2016 ἄρα
1011 1944 1248 1998 ἀνελθὼν
1294 1945 1321 1995 ὁ
1365 1943 1599 2014 Χριστος
1632 1941 1819 2010 ἐποίη-

255 2053 273 2084 ‹
315 2050 440 2101 σεν;
490 2031 638 2105 Ἀρα
686 2037 1134 2106 κατήλλαξειτδν
1190 2035 1452 2105 Πατέρα;
1503 2028 1613 2102 ἄρα
1656 2032 1817 2085 ἵλεων

247 2144 265 2176 1
305 2127 473 2179 αὑτὸν
515 2129 844 2197 είργὰσατο;
905 2129 1228 2199 βουλόμενος
1277 2129 1409 2198 ἡμῖν
1449 2125 1691 2195 δηλῶσαι
1735 2125 1818 2177 ὃτι

244 2236 264 2268 1
312 2218 655 2288 κατήλλαξεν
690 2220 855 2273 αὑτὸν
905 2224 971 2291 τῇ
1005 2221 1166 2289 φύσει
1194 2223 1261 2292 τῇ
1295 2217 1544 2290 ἡμετέρᾳ
1562 2244 1585 2282 ,-
1607 2217 1702 2270 καί⁵
1748 2220 1818 2272 τὰ

239 2327 258 2358 1
307 2309 462 2380 δῶρα
495 2313 595 2380 τῆς
630 2310 982 2381 καταλλαγῆς
1011 2311 1281 2382 ἐπεμψεν.
1324 2331 1342 2364 ι

840 2514 1217 2568 Ἐπιστασιά.

317 2625 336 2658 1
389 2605 625 2676 Ὁμοίως
680 2609 916 2678 πρόσχες
979 2611 1075 2662 καὶ
1124 2615 1190 2681 τῇ
1241 2611 1472 2685 τοιαύτῃ
1521 2617 1815 2685 περικοπῇ,

240 2720 259 2752 1
307 2700 615 2772 συνᾳδούσῃ
633 2701 1005 2773 τῇράνωτέρω,
1037 2704 1132 2756 καὶ
1157 2704 1342 2772 σαφῶς
1363 2706 1693 2778 διδασκούσῃ
1724 2707 1820 2759 καὶ

243 2813 260 2846 ι
307 2795 452 2864 αὐτῇ
503 2793 816 2862 χαρίσματα
844 2796 940 2846 καὶ
969 2795 1172 2864 δωρεὰς
1219 2795 1310 2849 τοῦ
1348 2797 1659 2866 Πνεύματος
1681 2798 1821 2868 πὲμ-

240 2903 260 2936 1
307 2887 483 2938 τξοντα
526 2883 618 2935 τὸν
661 2883 808 2947 Υίὸν,
843 2885 903 2938 οὐ
940 2891 1048 2955 μὴν
1080 2885 1212 2938 αὐτὸ
1259 2887 1320 2939 τὸ
1348 2889 1590 2957 Πνεῦμα.
1651 2907 1670 2940 ι

829 2996 1220 3064 Ἀντίρῤησις.

308 3108 441 3167 υἷόν
492 3129 550 3166 σε
603 3113 733 3176 ἔπος
779 3110 954 3181 φύγεν
989 3110 1148 3180 ἕρκος
1187 3111 1451 3166 ὀδόντωνῑ
1482 3114 1816 3186 Χαρίσματα

1929 634 2284 688 futationibus
2313 637 2550 690 rationes
2569 635 2922 691 adduximus.

2105 837 2356 908 Ejusaem
2399 854 2464 892 ea:
2516 841 2754 893 oratione
2809 840 2861 891 in
2919 837 3282 896 Pentecosten.

2000 945 2086 1000 12.
2149 964 2168 996 1
2218 949 2356 1002 Ante
2404 947 2518 1001 dies
2573 950 2759 1001 decem
2837 947 3086 1002 Christus
3156 950 3221 1003 ad
3274 950 3488 1021 regium

1935 1054 1952 1084 1
1986 1037 2241 1090 thronum
2273 1037 2543 1101 ascendit,
2573 1047 2626 1091 et
2655 1040 2918 1093 hodierno
2953 1042 3040 1095 die
3108 1042 3339 1111 Spiritus
3368 1061 3498 1099 san-

1933 1140 1950 1171 1
1989 1129 2112 1178 ctus
2174 1123 2238 1176 ad
2296 1135 2544 1179 naturam
2599 1137 2843 1181 nostrain
2906 1131 3238 1186 descendit:
3282 1149 3496 1189 nostras

1933 1227 1949 1260 1
1985 1213 2250 1279 primitias
2275 1206 2541 1271 Doniinus
2575 1218 2626 1271 in
2659 1219 2857 1272 malum
2913 1222 3116 1286 evexit,
3146 1231 3200 1277 et
3228 1223 3491 1293 Spiritum

1933 1321 1950 1352 1
1993 1313 2243 1360 sanctum
2284 1306 2555 1364 demisit:
2604 1310 2743 1364 aiius
2773 1321 2856 1366 est
2898 1313 3180 1378 Dominus,
3234 1317 3322 1384 qui
3381 1317 3495 1370 haec

1929 1413 1947 1444 1
1980 1396 2122 1450 dona
2153 1398 2451 1454 distribuit.
2482 1398 2617 1455 Nam
2671 1403 2910 1472 Spiritus
2945 1416 3169 1462 sanctus
3198 1418 3279 1463 est
3317 1410 3498 1464 Domi-

1929 1503 1947 1535 1
1984 1503 2109 1552 nus,
2142 1497 2196 1542 et
2248 1489 2711 1560 dispensationem
2748 1505 2932 1551 nostra
2969 1513 3135 1553 causa
3183 1512 3493 1571 susceptam

1930 1594 1947 1626 1
1989 1577 2146 1632 Pater
2175 1589 2228 1634 et
2259 1579 2429 1637 Filius
2479 1595 2533 1638 et
2570 1585 2810 1654 Spiritus
2871 1599 3098 1644 Sanctus
3149 1591 3292 1646 inter
3321 1606 3381 1647 sc
3411 1594 3489 1646 di-

1930 1688 1948 1720 1
1987 1673 2252 1727 riserunt.
2289 1673 2547 1730 Nondum
2604 1678 2788 1732 decem
2845 1680 3011 1749 elapsi
3071 1683 3188 1737 dies
3213 1695 3385 1748 erant,
3423 1701 3491 1740 ex

1929 1779 1948 1811 1
1981 1777 2092 1830 quo
2128 1762 2382 1820 Christus
2401 1767 2744 1829 ascenderat,
2777 1777 2829 1822 et
2862 1770 3126 1838 spiritalia
3164 1773 3322 1827 nobis
3347 1774 3491 1828 dona

1931 1870 1950 1903 1
1983 1854 2148 1916 misit,
2206 1857 2670 1913 reconciliationis
2717 1860 2862 1915 illius
2927 1877 3172 1918 munera».
3231 1863 3315 1917 Ne
3367 1867 3494 1934 quis

1929 1959 1948 1993 1
1982 1943 2306 2024 ambigeret,
2343 1955 2396 2000 et
2440 1959 2730 2016 quaereret,
2764 1953 2895 2020 quid
2936 1953 3153 2006 tandem
3209 1956 3262 2007 in
3292 1958 3492 2010 coelum

1928 2052 1946 2084 1
1977 2037 2280 2092 ascendens
2321 2037 2575 2094 Christus
2605 2042 2852 2110 egisset?
2889 2060 3018 2098 num
3067 2043 3216 2099 Patri
3245 2062 3352 2102 nos
3407 2063 3496 2102 re.

1925 2144 1942 2176 1
1984 2128 2377 2186 conciliasset?
2417 2148 2548 2188 num
2615 2136 2910 2206 propitium
2961 2139 3138 2206 ipsum
3221 2141 3495 2196 «reddidis-

1923 2236 1943 2269 1
1989 2221 2116 2273 set?
2148 2232 2202 2276 ut
2239 2223 2400 2278 nobis
2424 2227 2736 2282 ostenderet
2773 2244 2830 2282 se
2864 2239 3072 2283 naturae
3102 2231 3251 2284 illum
3299 2243 3495 2287 nostrae

1925 2330 1943 2362 1
1985 2312 2255 2380 placatum
2322 2317 2642 2383 reddidisse,
2681 2319 2971 2375 confestim
3024 2321 3181 2375 nobis
3251 2325 3496 2376 reconci-

1923 2419 1944 2452 1
1983 2403 2225 2461 liationis
2258 2407 2405 2463 illius
2437 2407 2579 2464 dona
2613 2411 2814 2466 misit.»

2509 2518 2926 2572 Anintailt'crst'o.

1998 2629 2016 2661 1
2053 2610 2178 2664 Haec
2211 2609 2338 2664 item
2392 2613 2668 2680 pericope,
2712 2613 2756 2666 si
2801 2614 2986 2667 animo
3039 2617 3309 2683 attendas,
3364 2634 3489 2672 cum

1926 2717 1944 2750 1
1985 2701 2254 2770 superiori
2301 2703 2618 2766 concordat,
2674 2714 2728 2758 et
2761 2705 2919 2772 plane
2968 2715 3018 2759 te
3047 2705 3223 2771 docet,
3261 2707 3402 2762 dona
3437 2721 3490 2764 et

1926 2810 1944 2842 1
1983 2806 2208 2844 munera
2235 2791 2471 2860 Spiritus
2496 2793 2692 2848 Filium
2727 2797 2967 2857 mittere,
2998 2811 3104 2850 non
3142 2808 3321 2851 autem
3371 2799 3492 2867 Spi~

1926 2903 1942 2934 1
1980 2886 2140 2937 ritum
2174 2884 2374 2953 ipsum.
2545 2938 2553 2946 ,
3159 2905 3162 2908 ι

2549 2994 2848 3064 Refulatio.

1989 3109 2162 3176 Quale
2185 3109 2283 3166 tibi
2321 3112 2545 3167 verbum
2587 3110 2726 3181 fugit
2756 3126 2784 3164 a
2827 3122 2980 3180 septo
3017 3112 3261 3166 dentium
3293 3115 3305 3165 ι
3345 3112 3494 3168 Dona

231 3208 336 3260 καὶ
364 3204 574 3275 δωρεὰς
604 3204 698 3258 τοῦ
730 3204 1045 3272 Πνεύματος
1074 3202 1364 3271 πέμποντα
1389 3205 1480 3257 τὸν
1507 3205 1635 3258 Υίδν
1658 3205 1816 3278 ἔφης,

1923 3211 1974 3257 et
2002 3218 2224 3258 munera
2253 3203 2490 3272 Spiritus
2524 3203 2662 3258 mitti
2699 3217 2729 3258 ε
2761 3202 2904 3257 Filio
2928 3203 3136 3269 dixisti,
3167 3221 3272 3259 non
3309 3215 3489 3261 autem

228 3301 299 3351 οὐ
332 3298 443 3368 μὴν
494 3301 624 3352 αὐτὸ
655 3302 714 3352 τὸ
757 3299 1006 3368 Πνεῦμα,
1060 3301 1152 3352 καὶ
1182 3298 1370 3363 ἔοικας
1414 3304 1638 3370 φρονεῖν
1674 3302 1817 3356 οὕτω

233 3395 399 3461 παρα
450 3392 546 3445 τοῦ
576 3393 719 3460 ΙΥίοῦ
761 3391 1082 3461 πέμπεσθαι
1115 3391 1208 3444 τοῦ
1255 3393 1576 3462 Πνεύματος
1620 3395 1690 3447 τὰ
1725 3413 1820 3465 χα-

233 3487 511 3556 ρίσματα.
533 3485 724 3555 ὥσπερ
753 3485 1241 3553 ἀποδιεσπασμένα
1262 3486 1354 3538 καὶ
1377 3486 1820 3556 διεσχοινισμὲνα

227 3573 335 3624 τοῦ
378 3572 716 3640 Πνεῦματος.
750 3573 891 3626 Ἀλλ’
921 3575 948 3626 ὁ
988 3571 1142 3639 ἅγιος
1172 3574 1440 3644 Κύριλλος
1469 3577 1525 3628 ὲν
1556 3577 1632 3646 τῷ
1667 3578 1821 3630 ἐϐδό-

235 3682 330 3732 μῳ
367 3663 478 3714 τῶν
520 3664 654 3732 πρὸς
713 3662 975 3732 Ἑρμείαν
1027 3663 1201 3727 οὕτως
1259 3665 1362 3735 ἔφη
1387 3681 1402 3695 ·
1443 3684 1464 3716 1
1513 3667 1602 3720 Ἐν
1643 3667 1820 3737 τούτῳ

226 3755 588 3821 γινώσκομεν
638 3755 722 3806 ὅτι
771 3756 831 3805 ὲν
875 3756 1010 3823 ἡμῖν
1068 3756 1220 3806 ἐστιν
1278 3757 1306 3807 6
1349 3757 1585 3827 Χριστὸς
1621 3760 1685 3810 ἑκ
1725 3758 1819 3811 τοῦ

233 3846 565 3914 ιΙνεὺματος
610 3839 674 3897 οῦ
717 3845 915 3898 ἔδωκεν
942 3847 1096 3916 ἡμῖν.
1128 3847 1374 3903 Ἐνοικον
1425 3849 1530 3916 γὰρ
1574 3849 1820 3918 ὲνηυλισ·

231 3938 406 4006 μένον
445 3937 849 4006 καταπλουτοίτι
882 3955 962 4000 τις
998 3938 1160 3991 αὑτὸν
1195 3938 1354 4006 φύσει
1388 3955 1447 3991 τε
1478 3938 1571 3991 καὶ
1604 3939 1820 4009 ἀληθῶς

227 4033 369 4086 ὄντα
403 4032 558 4096 Θεὸν,
595 4033 696 4085 οὐκ
737 4033 1017 4103 ἀλλότριόν
1060 4051 1114 4085 τι
1162 4035 1254 4087 καὶ
1305 4035 1706 4104 διεσπασμένον
1728 4037 1820 4088 οὐ·

231 4124 448 4187 σιωόῶς
503 4125 670 4177 αὑτοῦ
715 4125 774 4177 τὸ
825 4125 1046 4195 Πνεῦμα
1071 4123 1274 4188 λαὸὼν,
1306 4126 1441 4178 ἀλλὰ
1463 4127 1525 4179 τὸ
1555 4127 1614 4190 ἐξ
1653 4128 1818 4182 αὐτοῦ

231 4235 294 4268 τε
347 4215 445 4268 καὶ
496 4218 555 4267 ὲν
602 4215 754 4285 αὐτῷ
807 4217 902 4268 xxi.
958 4216 1090 4270 ἴδιον
1119 4216 1310 4278 αὐτοῦ,
1341 4218 1434 4269 καὶ
1469 4219 1567 4287 τὴν
1591 4218 1712 4288 ἴσην
1739 4220 1813 4282 ὡς

229 4310 374 4376 arpi);
423 4307 588 4359 αὑτὸν
631 4305 928 4376 κυριότητα
959 4306 1180 4378 φοροῦν.
1243 4329 1262 4358 ι
1310 4310 1416 4362 Καὶ
1464 4309 1624 4362 πάλιν
1664 4314 1720 4362 ὲν
1751 4313 1815 4380 τῇ

228 4397 508 4468 ἑρμηνείᾳ
552 4397 648 4449 τοῦ
695 4398 835 4450 κατὰ
876 4399 1166 4468 Ἰωάννηνο
1223 4417 1241 4450 1
1290 4399 1422 4462 Θεός
1456 4401 1575 4452 ἐστι
1625 4403 1718 4454 καὶ
1755 4405 1818 4454 ὲκ

227 4486 370 4538 Θεοῦ
404 4485 549 4539 κατὰ
579 4485 743 4554 φύσιν
779 4487 838 4539 τὸ
859 4486 1104 4556 Πνεῦμα,
1126 4481 1188 4541 οὗ
1211 4487 1274 4557 δὴ
1309 4489 1403 4540 καὶ
1440 4489 1714 4560 μετίσχειν
1731 4491 1818 4542 διὰ

1924 3293 2099 3363 ipsum
2159 3291 2443 3363 Spiritum,
2488 3303 2541 3349 et
2589 3295 2735 3349 illius
2783 3310 2904 3350 esse
2947 3297 3221 3365 opinionis
3271 3298 3490 3361 i-i-Jeris,

1923 3403 2044 3456 qua:
2074 3387 2291 3452 asserit,
2321 3403 2348 3442 a
2383 3387 2518 3442 Filio
2549 3388 2688 3442 mitti
2722 3387 2959 3458 Spiritus
2990 3390 3151 3454 dona,
3186 3391 3350 3444 veluti
3397 3407 3488 3444 se-

1919 3476 2108 3546 juncta
2151 3492 2213 3531 ac
2256 3488 2506 3547 separata
2545 3479 2614 3532 ab
2659 3480 2846 3533 eodem
2897 3477 3128 3548 Spiritu.
3172 3479 3280 3534 Sed
3336 3482 3492 3534 divus

1920 3566 2154 3638 Cyrillus
2209 3570 2346 3624 libro
2395 3581 2592 3624 octavo
2623 3571 2688 3624 ad
2717 3568 2986 3624 Hermiam
3021 3571 3274 3641 [scripitz
3325 3591 3343 3623 1
3372 3573 3496 3627 Hec

1923 3675 2092 3714 unum
2123 3660 2352 3725 scimus,
2402 3661 2453 3714 in
2492 3662 2650 3715 nobis
2691 3661 2972 3716 Christum
2999 3678 3121 3717 esse
3153 3679 3216 3717 ex
3263 3663 3494 3732 Spiritu,

1921 3769 2084 3821 quem
2117 3754 2379 3822 elargitus
2406 3761 2488 3808 est
2521 3753 2678 3807 nobis
2714 3771 2726 3806 :
2761 3755 3122 3808 domesticum
3156 3759 3298 3810 enim
3333 3767 3493 3824 atque

1923 3845 2156 3900 incolam
2181 3845 2398 3898 aliunde
2429 3844 2737 3920 possidebit
2791 3860 2942 3906 eum,
3013 3846 3107 3914 qui
3133 3857 3342 3912 ,natnra
3408 3866 3495 3901 rc-

1922 3953 2089 4007 rcque
2166 3936 2308 3990 Deus
2387 3947 2491 3999 cst,
2579 3951 2686 3990 non
2755 3946 3040 3991 externum
3106 3948 3198 3992 ant
3278 3939 3495 4007 disjtttt-

1922 4036 2066 4082 ctum
2147 4034 2214 4082 ab
2304 4029 2425 4098 ipso
2519 4029 2888 4083 cssentialitcr
2986 4026 3249 4098 Spiritum
3352 4033 3496 4085 acci-

1922 4121 2096 4190 piens.
2146 4121 2238 4172 sed
2273 4119 2422 4172 illum
2463 4119 2553 4185 qui
2576 4135 2640 4172 ex
2665 4120 2804 4188 ipso,
2841 4126 2894 4172 et
2919 4119 2969 4171 in
2997 4118 3141 4189 ipso,
3165 4129 3218 4174 et
3243 4125 3495 4190 preprins

1921 4221 2002 4264 est
2033 4211 2199 4274 illius,
2229 4219 2283 4262 et
2316 4209 2602 4277 aequalem,
2637 4211 2680 4264 si
2706 4225 2827 4262 cum
2858 4226 2926 4263 eo
2955 4210 3289 4274 conferatur,
3317 4213 3494 4281 digni-

1880 4322 1890 4332 ·
1922 4311 2086 4356 tatem
2118 4301 2299 4355 habet.
2338 4321 2357 4352 ι
2401 4300 2466 4353 Et
2498 4317 2692 4355 rursus
2737 4302 2790 4354 in
2838 4303 3176 4370 expositione
3217 4303 3490 4370 Evangelii

1922 4394 2224 4449 secundum
2249 4391 2514 4446 Joannem
2546 4407 2561 4444 :
2601 4410 2620 4443 1
2663 4391 2802 4446 Deus
2831 4402 2932 4455 est,
2970 4401 3022 4446 et
3050 4409 3115 4446 cx
3143 4391 3254 4448 Deo
3295 4411 3491 4450 securi--

1921 4487 2047 4539 dum
2087 4495 2336 4539 naturam
2373 4484 2642 4552 Spiritus,
2691 4483 2846 4551 Cujus
2891 4486 3182 4554 participes
3229 4486 3342 4541 ﬁeri
3401 4504 3492 4556 per

231 4577 480 4638 πίστεως
511 4580 612 4645 τῆς
633 4579 713 4638 είς
740 4577 976 4646 Χριστὸν
1005 4578 1334 4648 ἀξιούμεθαο
1371 4581 1494 4632 ἐπεὶ
1522 4581 1666 4633 κατά
1692 4598 1812 4634 τινα

1926 4577 2107 4639 lidem,
2139 4591 2300 4645 quam
2342 4577 2603 4629 habemus
2650 4578 2702 4628 in
2733 4577 2986 4640 Christo,
3028 4577 3176 4646 digni
3208 4579 3492 4643 eﬂicimnr,

225 4671 442 4736 τρόπον
467 4669 586 4721 ναοὶ
617 4667 752 4721 Θεοῦ
806 4671 994 4738 ἐσμεν,
1027 4671 1077 4721 εί
1109 4671 1183 4740 μὴ
1209 4669 1344 4734 Θεὸς
1370 4671 1511 4726 κατὰ
1551 4672 1713 4738 φύσιν
1747 4673 1808 4724 τὸ

227 4758 467 4827 Πνεῦμά
496 4760 634 4812 ἐστι.
675 4777 694 4810 ι
725 4760 835 4812 Καὶ
867 4760 1026 4813 πάλιν
1070 4763 1128 4811 ἐν
1159 4759 1236 4830 τῷ
1265 4760 1477 4830 ἑϐδόμῳ
1514 4761 1622 4815 τῶν
1670 4763 1811 4830 πρὸς

238 4851 513 4920 Ἑρμείαν
533 4851 666 4918 πρὸς
688 4852 814 4913 τοὺς
843 4852 1098 4920 λέγοντας
1119 4852 1192 4914 ὡς
1213 4854 1313 4904 οὐκ
1334 4854 1465 4907 αὐτὸ
1487 4856 1544 4906 τὸ
1567 4854 1807 4922 Πνεῦμα,

233 4943 348 4993 ἀλλ’
379 4944 414 5010 ἡ
443 4943 511 4994 δι’
538 4942 704 4994 αὐτοῦ
734 4943 895 5012 χάρις
927 4943 1317 5012 ἐνσημαίνεται
1359 4946 1514 5014 ἡμῖν,
1544 4945 1729 4998 ὁποῖόν
1757 4962 1809 4997 τι

233 5031 418 5098 λέγεις
451 5033 546 5084 καὶ
572 5033 636 5083 σὺ
674 5033 787 5097 νῦν,
814 5032 987 5094 οὕτως
1021 5033 1125 5102 ἔφη
1153 5047 1168 5062 ⁹
1203 5050 1222 5083 1
1261 5032 1433 5103 Εἴπερ
1465 5034 1524 5086 τὸ
1540 5036 1635 5102 τὴ)
1661 5035 1810 5086 θείαν

239 5123 370 5191 ἡμῖν
401 5123 744 5191 ὲγχαράττον
773 5124 956 5176 εἰκόνα
1010 5126 1108 5177 καὶ
1161 5125 1476 5194 σημάντρου
1511 5126 1665 5195 δίκην
1714 5129 1812 5196 ὲμ-

239 5214 430 5269 ποιοῦν
461 5215 523 5268 το
550 5215 921 5285 ὑπερκόσμιον
952 5216 1072 5286 οὐχὶ
1093 5216 1154 5268 τὸ
1207 5217 1435 5287 Πνεῦμα
1463 5220 1611 5272 ἐστιν
1629 5257 1644 5284 ,
1693 5220 1809 5272 ἀλλ’

240 5308 271 5377 ἡ
300 5307 366 5359 δι’
391 5306 565 5361 αὐτοῦ
594 5306 774 5376 χάρις,
800 5309 1095 5374 ἀναγκαῖον
1121 5303 1190 5380 ἦν
1229 5310 1411 5362 εικόνι
1463 5311 1561 5378 τῆς
1593 5309 1810 5380 χάριτος

238 5401 330 5452 καὶ
358 5400 484 5469 οὐχὶ
515 5397 714 5468 μᾶλλον
741 5398 876 5451 Θεοῦ
903 5399 1292 5467 διακεκλῆσθαι
1320 5401 1412 5454 τὸν
1442 5401 1725 5472 ἄνθρωπον
1744 5420 1758 5434 ο
1784 5422 1803 5454 ι

238 5491 328 5542 καὶ
383 5489 584 5544 πάλιν
623 5507 642 5539 1
691 5489 828 5542 Ἀλλ’
885 5490 936 5543 ει
994 5490 1092 5559 τῆς
1142 5491 1328 5553 οὐσίας
1357 5490 1452 5544 τοῦ
1499 5494 1812 5562 Πνεῦματος

237 5581 674 5651 διευσχοινισμένη
719 5576 908 5651 τι;,ἦν
953 5581 1022 5633 δι’
1070 5582 1236 5634 αὐτοῦ
1280 5583 1437 5652 χάρις
1478 5585 1534 5634 τί
1577 5584 1655 5655 μὴ
1707 5585 1813 5654 ἐστι

240 5674 425 5741 σαφῶς
464 5676 492 5726 6
527 5675 629 5742 μὲν
660 5674 928 5742 μακάριος
963 5675 1201 5744 Μωῦσῆς
1239 5675 1320 5727 ὅτι
1351 5678 1813 5747 παρενηνεγμένῳ

239 5766 313 5833 τῷ
355 5765 481 5832 ζὼῳ
524 5767 661 5835 πρὸς
705 5765 764 5818 τὸ
809 5762 948 5818 εἶναι
993 5767 1180 5820 λοιπὸν
1226 5767 1527 5838 ἐνεφύσησε
1575 5769 1733 5840 χάρις
1785 5776 1813 5824 ὁ

242 5860 452 5912 πάντων
496 5863 873 5929 Δημιουργδς,
917 5860 1015 5928 τὴν
1061 5861 1151 5912 διὰ
1201 5863 1368 5932 πνοῆς
1413 5863 1511 5933 τῆς
1559 5864 1738 5934 ζωῆς,
1785 5868 1814 5920 ὁ

564 5953 834 6013 ΡΑτιςοι..
887 5956 1000 6016 Gn.
1041 5953 1235 6015 CXLI.

1869 4701 1873 4706 -
1922 4682 2046 4721 cum
2077 4668 2212 4722 alias
2244 4667 2650 4736 quodammodo
2681 4670 2876 4737 templa
2909 4667 2999 4722 Dei
3028 4682 3242 4732 sumus,
3277 4671 3322 4724 si
3355 4673 3494 4725 Deus

1919 4761 2216 4814 secundum
2259 4770 2505 4812 naturam
2551 4759 2787 4828 Spiritus
2823 4775 2930 4814 non
2971 4768 3074 4814 est.
3117 4779 3134 4810 ι
3181 4760 3245 4814 Ει
3297 4764 3490 4816 iterum

1920 4853 2062 4906 libro
2092 4854 2324 4920 septimo
2355 4853 2418 4906 ad
2459 4851 2733 4905 Hermiam
2777 4853 3040 4906 adversus
3073 4868 3191 4917 eos,
3222 4857 3314 4923 qui
3342 4869 3495 4909 asse--

1919 4946 2112 4997 rebant
2155 4959 2258 4997 non
2300 4945 2475 5012 ipsum
2519 4944 2815 5013 Spiritum,
2851 4945 2942 4998 sed
2982 4945 3130 4998 illius
3168 4945 3400 5014 gratiam
3441 4948 3492 4997 in

1921 5037 2078 5090 nobis
2123 5037 2364 5103 signari,
2404 5036 2565 5105 quale
2610 5051 2756 5090 nunc
2793 5047 2845 5091 tu
2891 5052 3107 5106 quoque
3148 5039 3384 5102 intonas,
3417 5040 3494 5091 sic

1921 5128 2034 5181 ait:
2070 5145 2088 5176 1
2131 5125 2186 5180 Si
2222 5127 2370 5196 quod
2407 5128 2561 5180 nobis
2593 5127 2832 5181 divinam
2877 5131 3168 5198 imaginem
3207 5132 3489 5200 imprimit.

1919 5229 1973 5273 et
2017 5229 2158 5272 notae
2208 5221 2382 5273 instar
2433 5220 2896 5288 pulchritudinem
2945 5224 3220 5276 cmlestem
3278 5223 3489 5289 ingerit,

1920 5325 2027 5365 non
2055 5320 2141 5364 est
2170 5309 2404 5379 Spiritus
2439 5311 2572 5380 ipse,
2602 5314 2696 5366 sed
2730 5315 2901 5381 gratia
2935 5329 3030 5382 per
3069 5313 3269 5382 ipsum,
3304 5329 3492 5366 neces-

1921 5404 2067 5458 sario
2116 5403 2280 5456 homo
2331 5405 2518 5468 gratiae
2566 5405 2775 5472 imago,
2829 5416 2878 5458 et
2927 5419 3034 5458 non
3076 5405 3167 5458 Dei
3216 5404 3490 5456 vocandus

1920 5506 2086 5550 esset.
2125 5513 2143 5545 ι
2180 5494 2550 5564 Rursumque,
2590 5513 2608 5546 1
2647 5495 2851 5561 Quodsi
2876 5496 2944 5549 ab
2967 5496 3205 5549 essentia
3233 5493 3489 5562 Spiritus,

1921 5604 2086 5655 quam
2118 5604 2214 5657 per
2243 5588 2420 5656 ipsum
2453 5589 2863 5658 consequimur,
2896 5588 3066 5656 gratia
3103 5587 3396 5654 disjuncta,
3429 5606 3493 5642 nc

1921 5683 2110 5738 avulsa
2143 5693 2256 5747 est,
2286 5697 2458 5751 quare
2493 5699 2602 5738 non
2638 5683 2817 5752 palam
2857 5683 3050 5735 beatus
3089 5678 3302 5751 Moyses
3332 5682 3490 5748 dixit,

1921 5787 2046 5824 cum
2090 5771 2294 5824 animal
2346 5770 2412 5824 ad
2464 5769 2530 5822 id‘
2563 5769 2708 5838 quod
2764 5780 2849 5822 est
2901 5768 3225 5836 productum
3278 5770 3491 5834 fuisset,

1922 5865 2269 5932 postmodum
2344 5861 2636 5917 insuiBaVit
2711 5861 2937 5930 gratiam
2999 5876 3182 5914 rerum
3245 5867 3491 5921 omnium

3023 5958 3096 6020 14
