4002 6410
270 402 392 472 433

1239 406 1321 466 IN
1365 407 1450 465 ϐλ
1463 406 1754 466 MATERI
1797 404 1895 464 AN
1908 404 2191 464 [MADVE
2204 406 2240 461 Β
2253 403 2546 466 SIONES.

3421 406 3529 472 431

253 535 306 569 ει
360 530 526 585 ματος
557 513 722 567 αὐτοῦ
753 514 838 567 ἵνα
874 515 950 586 μὴ
992 516 1097 570 τῶν
1134 516 1334 580 ἔξωθέν
1356 535 1408 571 τι
1441 518 1535 571 καὶ
1584 519 1692 570 τῶν
1739 534 1858 570 xst-

1985 533 2014 567 ιο
2038 523 2127 570 aut
2157 526 2459 570 creaturam
2490 529 2609 570 esse
2636 523 2873 584 reputes,
2905 518 2997 573 sed
3038 519 3129 573 uli-
3149 533 3213 575 ex
3246 518 3350 576 Deo
3377 536 3529 576 suam

281 627 300 658 ι
359 605 588 676 σμάτων
615 606 747 659 αὐτὸ
779 607 994 680 κρίνῃς,
1032 607 1145 661 ἀλλ’
1175 608 1250 673 ὡς
1276 611 1339 663 ὲκ
1405 608 1539 663 Θεοῦ
1586 609 1708 679 ἔχον
1755 610 1855 679 τὴν

278 719 318 752 ιι
355 699 660 754 ὑπόστασιν
689 697 936 773 δοξάζῃς.
975 719 995 752 ι

890 794 1272 849 Ἔπιστασία.

358 924 376 954 ι
437 904 605 974 Ὀρᾷς
660 905 959 971 κάνταῦθα,
1016 906 1133 970 πῶς
1165 909 1229 961 ὲκ
1282 907 1376 961 τοῦ
1417 911 1628 980 Πιτρδς
1686 909 1857 963 εἰπὼν

275 1016 296 1046 ι
350 997 757 1068 ἐκπορεύεσθαι
789 997 849 1050 τὸ
877 998 1123 1067 Πνεῦμα,
1161 1002 1226 1054 ἐκ
1258 1000 1352 1054 τοῦ
1392 1001 1525 1055 Θεοῦ
1559 1003 1704 1072 ἔχειν
1727 1003 1860 1055 αὐτὸ

277 1105 299 1138 ι
349 1087 455 1156 τὴν
509 1087 810 1140 ὑπόστασιν
864 1088 1104 1143 διδάσκει
1157 1093 1184 1143 6
1224 1092 1394 1153 πολὺς
1448 1085 1604 1155 οὗτος
1636 1091 1704 1145 τὰ
1737 1091 1858 1144 θεῖα

283 1198 301 1230 ι
355 1181 590 1250 Πατήρ;
626 1179 815 1250 Τούτῳ
845 1181 1027 1235 τοίνυν
1053 1181 1390 1248 ἀκολουθῶν,
1427 1183 1560 1238 ἔνθα
1613 1186 1676 1237 ὲκ
1721 1183 1858 1238 Θεοῦ

283 1289 303 1321 ε
356 1273 417 1325 τὸ
443 1249 673 1340 Πνεῦμα
702 1249 947 1335 ἀκούεις,
979 1271 1042 1324 ἐκ
1064 1271 1156 1325 τοῦ
1190 1273 1401 1347 Πατρὸς
1427 1273 1558 1330 νόει.
1600 1293 1618 1325 ι

894 1434 1295 1503 Ἀντιᾋρησις.

357 1525 449 1575 Δεῖ
485 1522 585 1590 μὲν
611 1525 746 1595 ὀρᾷν
785 1525 869 1578 ὅτι
907 1526 1059 1594 παρὰ
1089 1526 1184 1580 τοῦ
1216 1529 1432 1599 Πατρδς
1459 1531 1860 1601 ἐκπορεύεσθαι

285 1614 346 1664 τὸ
376 1611 604 1683 Πνεῦμα
632 1617 661 1668 6
686 1615 840 1682 ἅγιος
862 1615 987 1686 ἔφη·
1011 1617 1094 1670 δεῖ
1113 1618 1169 1671 δὲ
1188 1617 1319 1689 ὀρᾷν
1345 1620 1439 1673 καὶ
1471 1619 1552 1673 ὄτι
1586 1623 1856 1691 ἐπήγαγε,

295 1725 312 1754 ι
348 1707 626 1759 τουτέστιν
679 1707 743 1760 ἐκ
782 1706 876 1760 τοῦ
924 1709 1192 1777 στόματος
1245 1711 1431 1766 αὐτοῦ.
1501 1731 1519 1764 ι
1573 1713 1680 1766 Τοῦ
1754 1717 1862 1786 γὰρ

292 1797 624 1865 Μονογενοῦς
649 1799 915 1868 στόματος
942 1801 1094 1864 δντος
1141 1801 1231 1855 τοῦ
1288 1804 1520 1875 Πατρδς,
1585 1805 1660 1868 ὡς
1729 1806 1860 1860 πολι

1969 627 1987 660 ι
2036 607 2322 662 habentem
2360 607 2691 678 hypostasim
2731 608 3025 680 gltiriﬂces.
3067 630 3084 662 ι

2534 785 2949 840 Anintadversio.

2037 917 2054 948 ι
2095 897 2328 953 Videsne
2389 897 2475 952 hic
2511 899 2698 959 etiam.
2731 914 2851 952 cum
2883 899 3129 966 dixisset,
3172 900 3435 970 Spiritum
3469 918 3533 956 ex

1968 1011 1986 1044 ι
2034 992 2190 1046 Patre
2236 989 2557 1059 procedere,
2596 1005 2660 1042 ex
2699 989 2806 1044 Deo
2847 989 2997 1044 illum
3037 991 3232 1047 habere
3275 992 3538 1063 hyposta-

1967 1103 1985 1136 ‹
2032 1084 2168 1147 sint,
2245 1085 2296 1134 in
2345 1082 2507 1136 rebus
2557 1080 2758 1136 divinis
2823 1081 2967 1136 hunc
3015 1083 3532 1138 excellentissimum

1967 1193 1986 1226 ι
2034 1173 2249 1228 Patrem
2290 1172 2526 1228 docere?
2565 1171 2716 1226 Illius
2758 1172 2943 1241 itaque
2976 1173 3213 1242 vestigiis
3251 1173 3532 1234 insistens.

1969 1283 1986 1316 ι
2035 1266 2348 1333 ubicunque
2386 1277 2450 1318 ex
2489 1261 2598 1318 Deo
2636 1262 2900 1332 Spiritum
2937 1262 3124 1329 audis,
3167 1279 3230 1316 ex
3259 1260 3419 1318 Patre
3453 1264 3536 1319 lu-

1971 1376 1988 1410 ι
2033 1357 2281 1427 telligito.
2334 1375 2352 1408 ι

2616 1444 2903 1515 Refutalio.

2038 1543 2105 1594 At
2137 1539 2589 1595 considerandum
2636 1548 2741 1601 est.
2779 1546 3027 1594 sanctum
3060 1552 3120 1593 ex
3159 1540 3316 1594 Patre
3349 1554 3540 1608 prore—

1968 1632 2095 1687 dere
2139 1631 2399 1698 Spiritum
2443 1630 2684 1692 dixisse,
2736 1639 2788 1684 et
2837 1631 3096 1684 attentius
3137 1631 3536 1686 observandum

1968 1717 2111 1790 quod
2162 1718 2348 1773 subdit
2377 1759 2391 1783 ,
2440 1735 2457 1770 ι
2497 1719 2600 1772 hoc
2640 1729 2723 1772 est
2755 1735 2817 1772 ex
2870 1733 2964 1773 ore
3012 1718 3176 1774 illius.
3223 1737 3241 1771 ι
3299 1717 3541 1788 Namque

1969 1824 2092 1864 cum
2128 1809 2302 1864 Patris
2331 1824 2394 1865 os
2425 1811 2496 1865 sit
2527 1807 2871 1879 Unigenitus.
2906 1820 2960 1864 ut
2996 1809 3150 1864 multi
3184 1826 3248 1865 ex
3283 1807 3542 1865 Patribus

293 1891 374 1943 ὶοὶ
439 1891 540 1944 τῶν
602 1893 776 1960 ἁγίων
817 1894 1208 1964 διετράνωσαν,
1240 1897 1268 1950 6
1297 1870 1472 1967 λέγων
1534 1902 1687 1972 παρὰ
1757 1900 1853 1955 τοῦ

1985 1904 2334 1965 leclararnnt,
2384 1904 2477 1974 qui
2522 1903 2768 1970 dixit,ex
2813 1903 3010 1967 Patre,
3062 1905 3166 1959 hoc
3207 1912 3288 1959 est
3341 1919 3405 1958 ex
3447 1917 3543 1957 ore

290 1984 518 2053 Πατρὸς,
543 1987 822 2040 τουτέστιν
881 1987 943 2040 εκ
1009 1986 1102 2040 τοῦ
1169 1990 1438 2058 στόματος
1489 1991 1655 2045 αὐτοῦ
1702 1994 1866 2046 ἐκπο-

284 2073 547 2142 ρεύεσθαι
576 2077 637 2130 τὸ
663 2077 892 2146 Πνεῦμα
921 2078 982 2132 τὸ
1009 2078 1187 2146 ἃγιον,
1219 2082 1271 2134 τί
1303 2083 1431 2136 ἄλλο
1478 2082 1511 2154 ἢ
1559 2084 1644 2138 ὅτι
1669 2084 1728 2152 ἐξ
1758 2085 1865 2155 ἀμ-

281 2170 408 2233 φοῖν
435 2167 578 2225 εἶναι
603 2172 662 2226 τὸ
691 2174 916 2245 Πνεῦμα
941 2177 1196 2246 ὁμολογεῖ
1220 2195 1234 2243 ;
1263 2178 1374 2232 Καὶ
1415 2177 1476 2231 τὸ
1520 2179 1583 2230 ὲκ
1637 2177 1774 2232 Θεοῦ
1805 2177 1863 2231 δὲ

280 2261 432 2330 ἔχειν
494 2261 630 2316 αὐτὸ
656 2263 754 2334 τὴν
782 2265 1082 2322 ὑπόστασιν
1113 2269 1188 2332 ὡς
1218 2270 1282 2321 ὲκ
1315 2267 1541 2336 πρώτης
1568 2269 1748 2332 αἰτίας
1775 2269 1866 2322 καὶ

283 2351 489 2419 ἀρχῆς,
524 2351 620 2404 καὶ
649 2353 713 2405 ὲκ
741 2353 838 2407 τοῦ
867 2354 998 2409 Υίοῦ
1058 2355 1115 2410 δὲ
1150 2357 1422 2426 πηγάζειν
1457 2354 1862 2418 ὲνυποστάτως,

281 2441 361 2501 ὡς
389 2440 482 2495 διὰ
514 2441 608 2496 τοῦ
656 2444 791 2498 Υἱοῦ
819 2446 1070 2515 πηγάζον
1093 2449 1156 2500 ἐκ
1182 2448 1280 2519 τῆς
1312 2447 1535 2520 πρώτης
1564 2449 1744 2510 αἰτίας
1771 2445 1866 2501 καὶ

281 2536 491 2604 ἀρχῆς,
509 2535 672 2590 οὐδέν
703 2554 754 2590 τι
777 2538 1036 2611 διαφέρον
1062 2539 1231 2594 ἐστίν.

364 2645 478 2700 Τοῦ
515 2645 720 2702 αὐτοῦ’
739 2647 806 2702 ἐκ
832 2648 941 2716 τῆς
982 2655 1040 2718 μ’
1071 2653 1307 2719 ὁμιλίας
1337 2648 1460 2704 τῶν·
1517 2649 1792 2706 Ἠθικῶν.

232 2752 280 2786 ο
362 2736 450 2790 ιϐ’.
491 2756 510 2788 ι
565 2739 704 2792 Οῦτε
757 2739 851 2792 οῦν
906 2741 1194 2812 ἀλλότριον
1246 2747 1347 2812 τῆς
1405 2740 1544 2795 Θεοῦ
1595 2741 1753 2810 δόξης
1808 2740 1868 2794 τδ

291 2846 312 2878 ι
364 2828 615 2898 Πνεῦμα,
649 2831 713 2882 ἐκ
738 2832 832 2884 τοῦ
860 2834 1102 2902 apparas
1149 2834 1418 2902 στόματος
1454 2833 1715 2904 ἀρρήτως
1765 2849 1868 2885 πει

289 2938 313 2970 σ
366 2920 559 2988 φηγὸς,
590 2921 718 2974 οὔτε
753 2922 915 2986 αὐτὸς
943 2925 971 2976 6
999 2925 1152 2988 Θεὸς,
1184 2924 1320 2978 ἀλλὰ
1347 2923 1484 2978 Θεοῦ
1517 2923 1743 2992 Πνεῦμα
1775 2922 1868 2975 καὶ

291 3025 310 3056 ι
361 3010 520 3078 παρὰ
571 3009 716 3080 Θεῷ,
769 3011 1234 3083 ἀποστελλόμενον
1275 3013 1330 3066 δὲ
1387 3014 1540 3085 παρὰ
1570 3013 1730 3075 Θεοῦ,
1771 3013 1868 3066 καὶ

292 3119 313 3151 ι
365 3098 436 3153 δι’
490 3099 620 3154 Υἰοῦ
673 3102 1109 3176 χορηγούμενον,
1158 3103 1232 3168 ώς
1266 3104 1484 3172 λέγεται
1522 3103 1620 3175 μὲν
1655 3106 1719 3158 ὲκ
1771 3102 1883 3176 τοῦ,

1967 1993 2142 2060 illius,
2199 1994 2462 2066 Spiritum
2512 2005 2759 2050 sanctum
2811 1995 3143 2066 procedere,
3188 1996 3318 2066 qttid
3367 1995 3538 2056 aliud.

1965 2102 2128 2156 quam
2177 2103 2239 2142 ex
2287 2099 2519 2158 utroque
2548 2101 2669 2143 esse
2701 2107 2718 2139 ι
2749 2089 3012 2157 Spiritum
3044 2087 3374 2143 conﬁtetur?
3405 2087 3540 2143 Illud

1965 2178 2154 2241 etiam,
2201 2194 2263 2232 ex
2319 2176 2429 2231 Deo
2472 2178 2720 2232 eumdem
2763 2177 2964 2232 habere
3003 2177 3380 2250 hypostasim.
3425 2185 3542 2232 tan-

1966 2283 2128 2337 quam
2163 2285 2226 2323 ex
2263 2269 2436 2337 prima
2471 2285 2633 2323 causa
2672 2278 2835 2340 atque
2872 2270 3164 2340 principio.
3203 2280 3258 2325 et
3291 2286 3354 2325 ex
3405 2270 3544 2325 Filio

1967 2359 2182 2414 elﬂuere
2237 2361 2288 2413 in
2344 2361 2660 2430 hyposlasi,
2714 2373 2770 2414 ut
2813 2377 2906 2430 per
2960 2360 3158 2416 Filium
3210 2347 3437 2416 efﬂuens
3478 2377 3544 2415 ex

1967 2453 2139 2521 prima
2167 2466 2334 2506 causa
2365 2462 2418 2506 et
2445 2452 2734 2521 principio,
2765 2451 2900 2506 nihil
2930 2452 3210 2508 diﬂ‘erunt.

2112 2649 2361 2718 Ejusdem
2389 2667 2454 2704 ea:
2487 2651 2894 2721 quadragesima
2933 2651 3154 2705 homilia
3189 2653 3400 2706 morali.

2040 2741 2126 2792 l9.
2169 2757 2186 2789 ι
2231 2737 2419 2810 Neque
2455 2741 2637 2810 itaque
2663 2741 2872 2795 alienus
2904 2751 2987 2795 est
3019 2756 3050 2795 a
3086 2740 3178 2797 Dei
3220 2742 3388 2812 gloria
3424 2739 3546 2809 Spi-

1975 2850 1992 2884 ‹
2037 2833 2194 2894 ritus,
2225 2845 2289 2884 ex
2319 2829 2578 2886 ineffabili
2612 2847 2707 2886 ore
2736 2831 3080 2888 inell‘abilitcr
3119 2847 3407 2902 apparens,
3449 2849 3548 2888 ne-

1975 2941 1994 2974 c
2041 2937 2146 2990 que
2178 2923 2293 2992 ipse
2334 2921 2498 2990 Deus,
2546 2924 2638 2979 sed
2677 2923 2768 2978 Dei
2802 2924 3039 2994 Spiritus
3071 2933 3126 2981 et
3173 2926 3313 2996 apud
3349 2923 3543 2978 Deum.

1977 3030 1994 3064 ι
2036 3011 2265 3068 Mittitur
2312 3029 2441 3068 vero
2470 3029 2501 3081 a_
2533 3014 2663 3082 Deo,
2709 3025 2761 3069 et
2791 3030 2886 3084 per
2916 3012 3112 3069 Filium
3145 3013 3546 3086 suppeditatur.

1977 3121 1995 3154 ι
2040 3111 2098 3156 ιιι
2125 3118 2188 3158 ex
2223 3118 2454 3173 persona
2501 3104 2679 3160 Patris
2707 3103 2930 3171 dicitur,
2963 3103 3203 3175 Spiritus
3246 3119 3420 3168 meus,
3452 3107 3547 3175 qui

288 3212 310 3243 ε
366 3193 644 3265 Πατρικοῦ
698 3196 1016 3266 προσώπου,
1058 3175 1109 3249 «Ι
1134 3197 1206 3251 Τὸ
1263 3196 1488 3266 Πνεῦμα
1539 3196 1600 3250 τδ
1653 3195 1806 3264 ὲμδν,
1840 3195 1867 3249 ὅ

1985 3211 1997 3244 l
2037 3202 2120 3249 est
2155 3195 2206 3249 in
2256 3203 2350 3258 te;
2392 3195 2592 3250 dicitur
2636 3195 2800 3251 etiam
2841 3211 2872 3251 ο
2902 3193 3090 3252 Filio:
3129 3214 3148 3247 ι
3199 3194 3564 3251 Paracletum

293 3305 314 3336 ε
364 3286 514 3340 ἐστιν
541 3287 634 3340 ἐπὶ
684 3287 786 3342 σοί·
830 3307 850 3341 ι
893 3289 1116 3358 λέγεται
1143 3288 1199 3342 δὲ
1234 3289 1339 3342 ὑπὸ
1377 3287 1473 3342 τοῦ
1524 3287 1733 3358 Κυρίου
1785 3287 1868 3341 δτι

291 3398 308 3430 ι
362 3377 718 3449 Παρᾶκλητον
764 3379 966 3453 πέμψω
1019 3382 1168 3452 ὑμῖν,
1201 3399 1220 3435 ι
1259 3383 1440 3438 ὅντινα
1477 3382 1570 3436 καὶ
1605 3380 1761 3434 καλεῖ
1806 3379 1868 3432 τὸ

293 3490 312 3521 ε
366 3469 592 3538 Πνεῦμα
615 3472 715 3543 τῆς
749 3473 1032 3543 ἀληθείας.
1067 3493 1086 3528 ο
1473 3469 1489 3484 “

908 3567 1288 3625 Ἐπιστασία.
1877 3614 1892 3625 .

371 3674 392 3709 ι
439 3656 523 3711 Τὰ
551 3656 689 3711 αὐτὰ
723 3659 789 3728 τῇ
820 3658 1178 3732 προλαόούσῃ
1217 3664 1490 3733 περικοπῇ
1523 3662 1618 3716 καὶ
1665 3663 1697 3732 ἠ
1729 3677 1872 3730 παρ-

296 3767 315 3799 ι
362 3746 502 3802 οῦσα
551 3747 792 3802 διδάσκει
849 3766 935 3804 σε.
1005 3749 1094 3814 ⁸ος
1137 3753 1248 3823 γὰρ
1295 3751 1482 3821 ἐκείνη
1536 3755 1599 3806 ὲκ
1633 3752 1727 3806 τοῦ
1764 3753 1877 3805 Πα-

297 3855 318 3890 ι
373 3839 523 3908 τρδς,
555 3840 673 3911 ἦτοι
705 3841 768 3893 ὲκ
811 3839 905 3894 τοῦ
938 3844 1203 3908 στόματος
1253 3842 1420 3896 αὑτοῦ
1474 3843 1874 3912 ἐκπορεύεσθαι

300 3949 318 3981 ι
365 3931 426 3983 τὸ
455 3930 681 4001 Πνεῦμα
701 3931 1106 3999 ὲδίδαξεν,οῦτω
1126 3934 1220 3989 καὶ
1243 3933 1403 4004 αὕτη,
1430 3935 1493 3988 ἐκ
1511 3934 1602 3988 τοῦ
1632 3935 1874 4006 ἀρρήτου

299 4043 316 4074 ι
367 4022 660 4088 στόματος,
690 4023 948 4094 ἀρρήτως
997 4026 1127 4079 αὐτὸ
1178 4025 1483 4096 πεφηνέναι
1527 4024 1870 4095 δογματίζει.

300 4132 321 4167 ι
369 4112 627 4167 Μάνθανε
657 4113 711 4166 δὲ
739 4115 834 4168 καὶ
881 4115 969 4169 διὰ
991 4115 1194 4184 ταύτης
1224 4117 1308 4180 τὸ,
1343 4117 1493 4187 παρὰ
1524 4115 1662 4169 Θεοῦ
1699 4154 1714 4180 ,
1754 4114 1878 4169 ἀντὶ

301 4223 320 4254 ‹
369 4203 489 4268 τοῦ,
531 4204 682 4275 παρὰ
705 4203 801 4258 τοῦ
833 4205 1064 4276 Πατρδς,
1093 4204 1590 4276 ὲκλαμδανόμενον.
1627 4227 1645 4258 ι

915 4297 1307 4366 Ἀντίρῤησις.

385 4388 637 4460 Ἃληθές.
695 4388 783 4454 Ὦς
811 4389 920 4458 γὰρ
949 4391 983 4460 ἡ
1012 4390 1361 4462 προλαϐοῦσα
1397 4395 1672 4466 περικοπὴ
1729 4406 1881 4466 παρα

300 4480 399 4535 τοῦ
428 4481 648 4551 Πατρὺς
674 4481 1098 4552 ἐκπορεύεσθαι,
1127 4484 1412 4538 τουτέστιν
1443 4487 1508 4538 ὲκ
1535 4485 1629 4539 τοῦ
1671 4488 1878 4557 στόμα-

1978 3302 1996 3335 (
2034 3286 2242 3339 mittam
2301 3287 2454 3343 vobis
2493 3288 2560 3352 '°,
2603 3305 2620 3338 ι
2672 3302 2832 3359 quem
2869 3287 3112 3345 veritatis
3145 3287 3406 3358 Spiritum
3450 3302 3547 3358 ap.

1976 3394 1995 3427 ι
2039 3378 2218 3446 pellat.
2263 3397 2281 3430 ι

2549 3567 2969 3621 Animadversio.

2053 3683 2069 3714 ι
2119 3661 2318 3717 Eadem
2371 3667 2452 3714 est
2492 3667 2547 3712 et
2588 3659 2815 3726 hujusce
2853 3668 2906 3712 et
2934 3657 3291 3727 praecedentis
3325 3659 3553 3728 pericu-

1981 3779 1998 3812 ι
2043 3775 2138 3830 pes
2167 3757 2431 3812 dot-trina.
2483 3751 2953 3818 Quemadmodum
2976 3751 3122 3806 enim
3155 3750 3242 3804 illa
3273 3765 3339 3804 ex
3364 3747 3549 3814 Patro,

1984 3871 2000 3903 ι
2040 3853 2154 3906 sive
2216 3864 2281 3902 ex
2339 3861 2434 3900 ore
2488 3844 2634 3898 illius
2689 3840 2956 3911 Spiritum
3009 3840 3307 3911 procedere
3340 3839 3549 3900 docuit.

1983 3960 2001 3992 ι
2044 3943 2116 3995 ita
2149 3953 2202 3994 et
2253 3939 2376 4001 hac,
2410 3953 2474 3991 ex
2512 3934 2771 3990 ineﬂ'abili
2826 3948 2922 3988 ore
2977 3933 3324 3989 ineﬂ‘abiliter
3371 3936 3549 4002 Ipsum

1985 4052 2002 4082 ι
2043 4045 2304 4101 apparere
2340 4027 2606 4082 decernit.
2662 4025 2866 4082 Discito
2916 4034 3177 4092 praterea
3212 4040 3277 4080 ex
3319 4025 3419 4079 hac
3485 4025 3553 4078 li-

1985 4142 2002 4176 ι
2046 4124 2158 4185 Iud,
2194 4139 2221 4176 a
2259 4119 2386 4187 Deo,
2417 4122 2531 4175 loco
2566 4118 2741 4174 Patris
2763 4117 2996 4172 desumL

3223 4231 3256 4254 Χ

2613 4303 2909 4373 Refutatio.

2053 4399 2250 4454 Verum
2286 4396 2503 4466 quidem
2536 4403 2638 4451 est.
2667 4394 3136 4461 Quemadmodum
3169 4393 3315 4449 enim
3362 4407 3562 4460 συρτει

1989 4491 2157 4553 posita
2203 4487 2455 4558 pericope
2488 4500 2556 4541 ex
2611 4487 2772 4540 Patre
2826 4483 3143 4552 procedere,
3202 4487 3305 4540 hoc
3346 4494 3455 4549 est,
3489 4501 3558 4540 ex

300 4591 396 4637 τος
430 4573 623 4638 αὑτοῦ,
657 4575 719 4628 τὸ
761 4575 986 4646 Πνεῦμα
1013 4575 1365 4642 διδάσκουσα,
1392 4576 1453 4642 ἔξ
1485 4578 1689 4647 ἀμφοῖν
1736 4575 1872 4632 εῖναι

1987 4595 2080 4636 ore
2125 4580 2272 4635 illius
2317 4577 2606 4648 Spiritum,
2637 4576 2866 4641 docens,
2908 4590 3032 4629 eum
3074 4590 3140 4629 ex
3184 4583 3417 4644 utroque
3440 4591 3562 4630 esse

304 4666 443 4719 tat-31:6
503 4665 790 4736 προδήλως
823 4667 1196 4736 παρέστησεν,
1251 4666 1347 4722 ἅτε
1399 4666 1495 4721 τοῦ
1533 4669 1882 4736 Μονογενοῦς

306 4757 582 4826 στόματος
612 4755 764 4820 ὄντος
790 4757 884 4810 τοῦ
909 4757 1146 4828 Πατρόςο
1169 4755 1313 4811 οὕτω
1338 4759 1434 4812 καὶ
1453 4761 1486 4828 ἠ
1519 4761 1635 4828 μετ’
1666 4760 1884 4828 εκείνην

303 4852 366 4904 τὸ
397 4853 497 4903 οὐκ
527 4847 808 4919 ἀλλότριον
836 4849 932 4901 τοῦ
965 4848 1101 4902 Θεοῦ
1146 4849 1368 4920 Πνεῦμα
1417 4853 1674 4922 ἀρρήτως
1701 4866 1881 4920 πεφη-

305 4944 399 5006 νὸς
452 4943 519 4994 ἐκ
570 4940 667 4992 τοῦ
716 4941 961 5011 ἀρρήτου
1009 4940 1279 5009 στόματος
1331 4943 1596 5010 λέγουσα,
1640 4943 1710 4994 τὰ
1740 4941 1884 4995 αὑτὰ

306 5032 495 5102 ἐκείνῃ
541 5031 996 5102 διατετρὰνωκεν.
1054 5032 1200 5103 Πλὴν
1251 5034 1570 5087 ἐπισκοπεῖν
1624 5034 1736 5095 δεῖ,
1788 5033 1884 5086 καὶ

309 5128 460 5186 ὅπως
495 5127 553 5177 ὲν
581 5127 650 5193 τῇ
700 5123 800 5194 ἤδη
852 5121 1079 5195 ῥηθείσῃ
1132 5126 1433 5196 περικοπῇ,
1477 5123 1656 5179 κοινδν
1705 5121 1884 5194 Πατρὶ

310 5220 406 5273 καὶ
431 5215 550 5287 Υἱῷ
582 5218 611 5270 6
638 5214 793 5283 ἅγιος
827 5215 887 5268 τὸ
920 5215 1145 5286 Πνεῦμα
1170 5215 1440 5283 δεδήλωκε
1471 5215 1618 5270 κατὰ
1661 5215 1724 5270 τὸ
1747 5215 1887 5268 ἀπο-

322 5307 643 5363 στέλλεσθαι
673 5306 774 5376 μὲν
800 5307 935 5362 αὐτὸ
967 5307 1119 5378 παρὰ
1140 5305 1234 5361 τοῦ
1267 5307 1500 5379 Πατρὸς,
1525 5307 1884 5378 χορηγεῖσθαι

315 5403 374 5456 δὲ
401 5402 492 5455 διὰ
523 5400 680 5455 Υίοῦ.
713 5400 887 5454 Τοῦτο
915 5398 1022 5470 γὰρ
1043 5399 1331 5470 προδήλως
1362 5399 1699 5474 παρίστησιν
1728 5399 1788 5452 ἒν
1810 5399 1890 5468 τῷ

319 5495 572 5563 ἐπάγειν,
605 5511 624 5546 ι
669 5491 759 5555 Ὠς
803 5491 1021 5560 λέγεται
1072 5491 1171 5561 μὲν
1198 5491 1265 5544 ὲκ
1294 5489 1391 5545 τοῦ
1425 5488 1693 5562 πατρικοῦ
1725 5506 1896 5562 προσ-

318 5587 495 5650 ὡπου,
527 5583 601 5638 Τὸ
630 5583 855 5653 Πνεῦμα
882 5583 944 5637 τδ
995 5583 1149 5654 ἐμὸν,
1177 5583 1206 5637 ὃ
1227 5583 1377 5636 ἔστιν
1417 5582 1512 5636 ἐπὶ
1544 5581 1650 5646 σοὶ,
1679 5579 1896 5650 λέγεται

319 5677 415 5730 καὶ
445 5675 548 5730 ὕπὸ
577 5673 670 5728 τοῦ
702 5673 908 5746 Κυρίου
948 5675 1026 5728 ὅτι
1067 5673 1418 5746 Παράκλητον
1453 5674 1666 5754 πέμψω
1689 5674 1836 5745 ὑμῖν.
1873 5693 1890 5726 ι

397 5857 446 5891 ⁸⁸
516 5855 678 5913 Joan.
716 5872 803 5923 xv,
827 5855 918 5910 96.

1983 4674 2162 4742 palam
2225 4670 2659 4733 demonstravit;
2707 4681 2831 4721 cum
2892 4663 3221 4736 Unigenitus
3271 4663 3451 4721 Patris
3500 4684 3564 4723 os

1984 4765 2076 4827 sit,
2103 4765 2176 4818 ita
2202 4771 2256 4818 et
2275 4778 2397 4833 qua:
2431 4776 2554 4816 eam
2585 4759 2956 4830 subsequitur,
2990 4775 3096 4811 non
3128 4757 3422 4812 alienuma
3454 4758 3565 4812 Deo

1983 4854 2242 4927 Spiritum
2273 4851 2620 4908 ineﬂ‘abiliter
2656 4860 3006 4921 apparentem
3046 4865 3110 4903 ex
3159 4847 3422 4904 ineﬂ‘abili
3448 4864 3564 4912 ore,

1985 4959 2262 5009 asserens,
2285 4942 2482 4998 similia
2509 4940 2897 4996 manifestavit.
2954 4938 3325 4993 Nihilominus
3371 4938 3566 4992 adver-

1993 5037 2213 5090 tendum
2246 5042 2352 5100 est,
2387 5033 2440 5087 in
2469 5032 2584 5101 jam
2631 5030 2777 5086 dicta
2803 5031 3058 5101 pericope
3089 5044 3435 5086 communem
3466 5025 3568 5080 Pa-

1994 5126 2064 5180 tri
2095 5133 2149 5178 et
2176 5123 2318 5178 Filio
2349 5121 2614 5191 Spiritum
2655 5137 2684 5175 a
2718 5131 2912 5177 sancto
2937 5122 3225 5186 aflirmari,
3254 5119 3402 5190 quod
3437 5120 3565 5172 mit-

1995 5226 2140 5270 tatur
2167 5214 2389 5286 quidem
2435 5215 2550 5284 ipse
2581 5230 2615 5269 ο
2646 5211 2831 5278 Patre,
2880 5214 3259 5284 suppeditetur
3298 5226 3425 5266 vero
3470 5225 3567 5280 per

1994 5306 2212 5362 Filium.
2244 5305 2356 5361 Hoc
2378 5306 2524 5360 enim
2559 5302 2850 5361 manifesto
2876 5305 3116 5360 ostendit
3143 5303 3406 5367 subdens,
3441 5319 3460 5353 ι
3499 5300 3567 5358 Ut

1993 5400 2196 5455 dicitur
2225 5413 2291 5454 ex
2322 5411 2557 5469 persona
2611 5396 2808 5463 Patris,
2863 5395 3102 5468 Spiritus
3171 5409 3325 5451 meus
3350 5395 3444 5465 qui
3485 5406 3570 5448 est

1997 5493 2050 5547 in
2084 5499 2155 5560 te,
2184 5501 2238 5548 et
2260 5505 2294 5547 ε
2323 5487 2582 5555 Domino,
2607 5487 2950 5547 Paracletum
2986 5488 3197 5544 'mlttam
3230 5485 3406 5542 vobis.
3448 5503 3484 5536 l-
