4002 6406
482 334 595 395 4.9

1510 344 1720 404 JOAN.
1767 345 1973 406 i'ECCl
2016 346 2129 447 CP.
2175 347 2685 412 PATliIAHClIE

3622 354 3725 422 H0

486 482 504 512 ι
546 476 641 515 nes
662 470 857 515 nostra:
873 462 1151 516 sententia:
1181 462 1484 530 cujusmodi
1506 464 2037 532 sint,expeudamus1

2158 484 2175 516 ι
2225 467 2320 529 νὰς
2371 469 2527 538 ἡμῶν
2559 470 2738 523 όποῐαί
2783 470 2925 534 τινές
2956 471 3093 526 είσιν
3144 470 3509 541 ἐξετάσωμεν,
3539 477 3633 538 τὰς
3662 496 3724 530 τε
3794 496 3803 503 ο

486 572 503 597 ι
541 565 631 605 μσς
655 566 868 618 nempe,
893 566 1013 619 quae
1042 552 1197 605 nobis
1239 553 1305 606 de
1327 553 1420 607 illo
1442 568 1473 607 e
1494 551 1795 623 Scripturis
1810 556 2037 611 collecta

2158 574 2176 608 ι
2225 560 2288 609 ἑκ
2318 558 2426 611 τῶν
2455 559 2686 630 Γραφῶν
2715 561 2842 628 περὶ
2889 560 3055 615 αὐτοῦ
3083 562 3440 645 συναχθείσας
3464 565 3614 632 ἡμῖν,
3632 571 3725 621 καὶ

486 662 504 689 ε
542 650 689 703 sunt,
724 651 836 694 tum
864 657 975 705 eas,
996 657 1133 709 quas
1187 641 1408 697 Patrum
1438 646 1731 701 traditione
1761 649 1880 703 sine
1907 649 2047 704 scri-

485 754 500 779 ι
547 743 639 799 pto
665 734 997 801 accepimus.
1025 731 1266 788 Primum
1293 736 1479 805 igitur,
1505 739 1596 806 qui
1625 739 1839 794 audivit
1865 742 2048 811 appel-

485 846 500 872 ι
547 816 773 877 lationes
803 820 1038 891 Spiritus
1067 824 1295 894 erigitur
1329 826 1539 889 animo,
1571 837 1626 882 et
1646 828 1714 884 ad
1752 845 2045 899 supernam

484 934 499 959 ε
544 922 790 967 naturam
842 914 1226 983 cogitationem
1269 918 1485 973 attollit.
1522 918 1653 974 Nam
1685 918 1917 989 Spiritus
1953 922 2045 978 Dei

482 1026 497 1054 ι
541 1005 722 1061 dictus
772 1013 878 1067 est,
933 1014 987 1059 et
1026 1003 1262 1075 Spiritus
1306 1008 1576 1076 veritatis,
1614 1011 1709 1081 qui
1762 1026 1830 1068 ex
1880 1011 2044 1071 Patre

480 1118 497 1148 ι
541 1097 805 1165 procedit.
847 1115 867 1148 ι

1038 1193 1456 1251 Animadvertit).

548 1303 565 1334 ι
604 1283 742 1339 Nota
780 1286 1071 1356 diligenter
1097 1288 1275 1357 magni
1304 1288 1528 1357 hujusce
1557 1286 1732 1344 Patris
1765 1288 2045 1346 sublimis-

478 1395 496 1425 ε
539 1378 732 1429 simam
788 1377 1132 1445 prudentiam
1163 1416 1178 1441 ,
1230 1393 1337 1448 qua
1395 1380 1605 1435 ratione
1654 1378 1931 1449 propriam
1977 1381 2044 1435 de

476 1485 499 1516 ι
540 1469 889 1523 sanctissimo
927 1469 1131 1538 Spiritu
1160 1470 1495 1539 opinionem,
1522 1469 1786 1529 adversus
1806 1486 1924 1536 eos,
1949 1475 2040 1541 qui

478 1579 496 1607 ι
538 1557 641 1613 sibi
679 1560 959 1615 contraire
988 1562 1246 1615 tentaturi
1279 1573 1455 1627 erant,
1489 1563 1872 1618 inconcussam
1906 1580 2041 1620 con-

475 1669 493 1697 ι
545 1665 769 1705 servare
792 1652 998 1715 volens,
1044 1662 1157 1707 tum
1193 1668 1223 1707 a
1259 1653 1454 1709 divinis
1500 1653 1819 1725 Scripturis,
1863 1664 1983 1710 tum
2010 1672 2041 1711 a

474 1761 491 1792 ι
531 1740 752 1796 Patrum
812 1759 919 1796 non
976 1742 1198 1812 scriptis
1238 1742 1509 1812 publicata
1538 1746 1848 1808 traditione,
1892 1748 2037 1804 illam

476 1852 497 1882 ι
537 1833 788 1903 colligere
869 1835 1293 1904 praenuntiavit;

475 1946 491 1974 ι
534 1926 947 1981 sanctissimum
1038 1925 1305 1996 Spiritum
1364 1942 1486 1981 esse
1552 1928 1825 1994 veritatis,
1918 1929 2041 1985 Filii

476 2038 491 2067 ι
536 2032 760 2088 nempe.
784 2027 1006 2088 prepter
1049 2018 1296 2074 eamdem
1334 2030 1607 2084 naturam,
1646 2036 1834 2075 verum
1872 2038 1900 2076 a
1934 2021 2043 2077 Deo

474 2128 499 2159 ι»
536 2120 588 2164 et
622 2109 782 2165 Patre
813 2111 1124 2180 procedere.
1172 2129 1193 2161 ι

1108 2201 1403 2272 Refutatio.

538 2290 985 2359 Quotiescunque
1030 2302 1083 2346 tu
1127 2294 1352 2356 dixeris,
1402 2291 1665 2359 Spiritum
1709 2294 1829 2349 Filii
1866 2296 2042 2366 Spiri-

468 2398 581 2438 tum
614 2384 719 2438 dici
767 2396 988 2454 propter
1024 2386 1271 2439 eamdem
1314 2396 1589 2448 naturam,
1650 2389 1812 2442 toties
1842 2403 1894 2442 et
1938 2405 2040 2459 ego

467 2474 561 2528 tibi
628 2476 1000 2529 contradieam
1061 2476 1248 2530 dicens
1281 2475 1373 2530 :Si
1429 2474 1548 2529 Filii
1605 2474 1840 2547 Spiritus
1896 2491 2039 2534 esset

466 2578 683 2634 propter
728 2567 976 2622 eamdem
1034 2578 1309 2631 naturam,
1368 2579 1517 2624 esset
1572 2571 1733 2625 etiam
1779 2584 1832 2625 et
1864 2571 2037 2628 Filius

465 2657 699 2726 Spiritus
721 2667 938 2727 prapter
959 2659 1202 2712 eamdem
1231 2671 1507 2714 naturam:
1530 2677 1765 2732 namque
1784 2666 1924 2718 inter
1941 2679 2037 2718 eos

461 2749 650 2802 ealcm
709 2750 1026 2804 eornmdem
1067 2764 1261 2805 natura
1321 2755 1907 2833 contravertitiir.\Sed
1954 2766 2037 2811 est

462 2853 612 2903 vere,
648 2849 709 2895 ut
763 2855 995 2910 magnus
1040 2857 1127 2896 me
1154 2841 1315 2896 docet
1366 2840 1628 2909 Basilius,
1667 2842 1905 2914 Spiritus
1938 2847 2037 2901 Pa-

460 2930 585 2996 tris,
611 2930 744 3000 quia
767 2945 833 2984 ex
868 2929 1048 2994 Patre,
1101 2940 1155 2984 et
1211 2929 1455 3000 Spiritus
1488 2929 1632 2995 Filii,
1660 2935 1785 3003 quia
1819 2949 1917 3005 per
1946 2934 2037 2990 Fi-

461 3022 618 3087 Lium,
701 3022 1164 3091 consequiturque
1224 3021 1407 3077 statim
1465 3038 1499 3078 a
1558 3024 1720 3081 nobis
1805 3030 2033 3099 percipi,

460 3114 705 3184 ejusdem
734 3129 859 3170 esse
890 3130 1012 3169 cum
1040 3113 1202 3170 Patre
1246 3123 1460 3171 natura:
1488 3115 1775 3187 Spiritum,
1808 3120 1932 3188 quia
1963 3136 2029 3177 ex
2059 3146 2106 3210 ρ

461 3205 626 3261 Patre
656 3206 925 3276 procedit,
949 3215 1003 3260 et
1033 3206 1278 3277 ejusdem
1317 3216 1532 3263 natura:
1567 3223 1693 3264 cum
1720 3208 1876 3277 Filio,
1905 3214 2032 3282 quia

459 3313 558 3368 per
590 3297 786 3353 Filium
819 3315 886 3353 ex
936 3296 1098 3353 Patre
1157 3299 1424 3369 procedit.
1476 3299 1724 3366 Namque
1772 3317 1837 3357 ex
1875 3301 2036 3361 Patre

461 3405 584 3445 esse
606 3389 894 3459 Spiritum,
932 3401 988 3446 et
1039 3405 1133 3461 per
1184 3390 1382 3446 Filium
1422 3392 1738 3462 procedere,
1789 3395 2033 3464 ejusdem

462 3496 590 3551 erga
653 3478 852 3535 Filium
918 3482 1165 3537 eamdem
1224 3492 1473 3537 naturam
1527 3485 1889 3554 praecedunt:
1927 3502 2034 3542 non

462 3590 592 3629 vero
619 3575 748 3644 quia
790 3573 1033 3645 ejusdem
1062 3590 1186 3630 cum
1220 3573 1382 3631 Patre
1404 3583 1615 3631 natura
1650 3584 1735 3632 est
1767 3577 2031 3648 Spiritus,

463 3676 752 3737 propterea
779 3675 863 3721 est
892 3681 959 3721 ex
985 3667 1171 3734 Patre,
1206 3673 1261 3721 et
1291 3666 1420 3736 quia
1452 3666 1698 3737 ejusdem
1728 3683 1851 3721 cum
1895 3667 2036 3723 Filio

462 3768 671 3812 natura:
710 3767 813 3823 est,
872 3768 1157 3827 propterea
1211 3758 1303 3813 ille
1348 3756 1585 3829 Spiritus
1620 3756 1743 3813 Filii
1792 3770 1921 3814 est:
1967 3776 2036 3815 ne

461 3849 593 3904 illud
644 3849 954 3905 necessario
992 3859 1386 3921 consequatur,
1430 3849 1647 3906 Patrem
1694 3865 1760 3906 ex
1822 3852 2031 3920 Spiritu

460 3958 604 4007 esse,
645 3953 700 3997 et
730 3941 929 3996 Filium
961 3940 1205 4011 Spiritus
1238 3943 1375 3998 dici.
1406 3942 1635 4009 Quando
1670 3944 1859 3999 eadem
1895 3944 2035 4001 inter

460 4033 609 4100 ipsos
644 4031 965 4085 earumdem
1001 4042 1199 4086 natura
1234 4034 1680 4089 contravertitur.

694 4110 775 4177 Εῖε
812 4125 1018 4178 decimo
1047 4134 1193 4181 sexta
1223 4125 1524 4179 earumdem
1560 4129 1815 4195 capitum.

529 4215 620 4269 εει
657 4234 675 4265 ι
717 4213 779 4267 Et
824 4230 988 4270 nemo
1030 4231 1117 4271 me
1179 4216 1367 4271 credat
1417 4226 1526 4271 tres
1557 4218 1851 4289 originales
1900 4223 2033 4275 sub-

520 4309 753 4362 stantias
797 4322 1017 4378 ponere,
1049 4319 1143 4363 aut
1187 4306 1310 4363 Filii
1368 4310 1745 4380 operationem
1782 4313 2035 4382 imperfe-

462 4417 481 4447 ι
519 4408 664 4452 ctam
700 4413 847 4455 esse.
876 4396 1221 4468 Principium
1269 4398 1415 4454 enim
1462 4414 1653 4456 eorum
1704 4416 1829 4471 quae
1877 4413 2028 4467 sunt,

2155 666 2174 698 ‹
2220 647 2284 706 ἃς
2314 649 2378 701 ὲκ
2423 649 2522 718 τῆς
2574 650 2829 720 ἀγράφου
2881 651 3235 722 παραδόσεως
3297 652 3407 706 τῶν
3464 656 3725 725 Πατέρῳν

2155 757 2174 789 ι
2220 741 2597 810 διεδεξάμεθα.
2647 743 2869 814 Πρῶτον
2922 744 3023 813 μὲν
3062 744 3177 806 οὖν,
3218 744 3303 803 τίς
3339 746 3581 810 ἀκούσας
3614 749 3724 801 τῶν

2155 850 2174 881 ι
2222 833 2599 902 προσηγοριῶν
2620 834 2738 887 ⁴’τοῦ
2773 835 3200 906 Πνεῦματος,οὒ
3253 836 3593 893 διανίσταται
3652 843 3720 911 τῇ

2154 942 2173 974 ι
2218 925 2360 995 ψυχῇ
2396 927 2653 997 καὶπρὸς
2686 929 2784 1001 τὴν
2839 929 3103 984 ἀνωτάτω
3163 930 3329 998 φύσιν
3374 930 3473 1000 τὴν
3511 931 3724 985 ἔννοιαν
3784 986 3793 991 ,

2154 1034 2172 1065 ι
2214 1015 2540 1086 ὑπεραίρει;
2579 1017 2800 1088 Πνεῦμα
2832 1021 2939 1090 γὰρ
2991 1018 3125 1073 θεοῦ
3175 1021 3413 1091 εἴρηται,
3431 1022 3524 1075 καὶ
3553 1012 3725 1077 Πνεῦ-

2153 1124 2171 1156 ι
2220 1123 2295 1176 μα
2309 1107 2406 1177 τῆς
2428 1106 2706 1178 ἀληθείας,
2723 1109 2753 1162 δ
2776 1112 2924 1180 παρά
2939 1111 3031 1163 τοῦ
3054 1109 3270 1182 Πατρδς
3299 1110 3716 1183 ικπορεύεταιδ

2746 1192 3126 1259 Ἐπιοίτάσία.

2221 1308 2240 1340 ι
2286 1290 2529 1361 Πρότχες
2578 1291 2820 1363 ἀκριϐῶς
2847 1296 2912 1365 τῇ
2948 1294 3041 1348 τοῦ
3103 1295 3348 1364 μεγάλου
3377 1295 3571 1350 τούτου
3607 1296 3727 1349 Πα-

2150 1396 2169 1429 ι
2216 1379 2343 1447 πρὸς
2375 1380 2683 1452 ὑψηλοτάτῃ
2714 1384 2990 1453 φρονήσει,
3019 1384 3135 1445 πῶς
3160 1385 3258 1455 τὴν
3290 1386 3416 1456 περὶ
3447 1385 3541 1439 τοῦ
3570 1400 3724 1438 παν-

2151 1488 2169 1522 ι
2213 1471 2379 1539 αγῑου
2418 1472 2735 1543 Πνεύματος
2766 1474 2975 1528 οίκείαν
3035 1474 3195 1538 δόξαν
3219 1477 3332 1537 τοῖς
3384 1476 3516 1537 Ictu;
3565 1476 3728 1529 ἐναν-

2147 1580 2167 1613 ι
2214 1561 2472 1631 τιωθῆναι
2507 1562 2677 1635 ταύτῃ
2722 1564 3222 1633 πειραθησομένοις
3282 1564 3726 1634 ἀπερικλόνητον

2150 1670 2167 1702 ι
2215 1650 2552 1721 συντηρῆσαι
2582 1652 2930 1724 βουλόμενος,
2960 1654 3070 1708 ἀπό
3106 1671 3166 1707 τε
3206 1655 3318 1708 τῶν
3363 1655 3527 1709 θείων
3577 1657 3726 1726 Γρα-

2149 1760 2167 1793 ι
2216 1742 2353 1812 φῶν,
2379 1743 2488 1797 ἀπό
2517 1761 2576 1797 τε
2607 1745 2704 1816 τῆς
2732 1745 2981 1816 ἀγράφου
3034 1745 3143 1798 τῶν
3190 1745 3451 1816 Πατέρων
3480 1749 3727 1817 παραδό-

1380 1846 1491 1889 ιιιιιι
1560 1838 1818 1906 deinceps
1855 1842 2037 1894 docuit

2148 1852 2166 1884 ι
2217 1849 2373 1897 σεως,
2425 1834 2755 1902 συναγαγεῖν
2814 1834 3044 1906 ταύτην,
3096 1833 3567 1905 προανεφώνησε·
3622 1839 3722 1889 καὶ

2151 1941 2169 1973 ι
2216 1922 2388 1986 οὕτως
2419 1924 2622 1989 ἐδίδαξε
2669 1923 2730 1978 τὸ
2760 1926 2937 1991 πανάγ
2950 1943 3028 1979 ιον
3064 1924 3289 1995 Πνεῦμα
3316 1923 3455 1978 εἷναι
3486 1925 3585 1995 μὲν
3617 1927 3723 1996 τῆς

2152 2034 2170 2066 ι
2211 2015 2487 2085 ἀληθείας,
2534 2016 2630 2070 τοῦ
2666 2016 2797 2069 Υίοῦ
2850 2018 3113 2088 δηλονότι,
3131 2017 3206 2080 ὡς
3245 2017 3719 2089 ὁμοούσιον,παρά

2149 2127 2168 2159 ι
2213 2106 2309 2161 τοῦ
2360 2108 2495 2162 Θεοῦ
2531 2107 2591 2163 δὲ
2621 2111 2715 2163 καὶ
2777 2110 2988 2180 Πατρός
3047 2109 3461 2180 ικπορςύεσθαι.

2696 2204 3086 2271 ἎντΙρῤησις.

2222 2296 2445 2360 Ὁσάκις
2489 2297 2632 2366 ipsi;
2661 2296 2723 2349 cii
2778 2295 3013 2366 Πνεῦμα.
3046 2294 3174 2348 Υἰοῦ
3212 2296 3274 2349 τὸ
3308 2296 3533 2365 Πνεῦμα
3560 2296 3725 2364 λέγει

2143 2389 2266 2442 σθαι
2294 2387 2381 2441 διά
2424 2388 2484 2441 τὸ
2512 2387 2815 2457 όμοούσιον,
2863 2387 3195 2452 τοσαυτάκις
3229 2388 3323 2441 καὶ
3360 2388 3525 2450 αὐτὸς
3584 2388 3723 2441 ἀντ·

2140 2480 2273 2551 ερῶ,
2308 2479 2481 2543 λέγων
2516 2495 2599 2531 σοι
2647 2478 2745 2541 ὡς,
2790 2478 2951 2547 εἴπερ
2997 2476 3223 2545 Πνεῦμα
3260 2476 3390 2530 Υἱοῦ
3420 2473 3489 2547 ἦν
3514 2478 3606 2531 διὰ
3656 2479 3728 2531 τδ

2139 2570 2449 2640 όμοούσιον,
2472 2565 2540 2641 ἦν
2561 2569 2625 2623 ἂν
2659 2569 2754 2622 καὶ
2794 2569 2921 2632 Υίδς
2958 2568 3276 2639 Πνεῦματος
3300 2568 3391 2623 διὰ
3419 2570 3480 2621 τὸ
3513 2569 3727 2638 ὁμοσύ-

2142 2681 2272 2717 σιον.
2316 2663 2688 2734 Ἀντιστρέφει
2720 2661 2828 2731 γὰρ
2850 2660 2912 2714 τὸ
2929 2660 3061 2731 πρὸς
3083 2659 3288 2731 ἄλληλα
3312 2659 3493 2715 αὐτῶν
3515 2660 3728 2731 ὁμοούο

2142 2769 2278 2807 σιον.
2335 2752 2476 2805 Ἀλλ’
2529 2751 2679 2805 ἐστιν
2717 2750 2957 2821 ἀληθῶς,
2986 2751 3061 2815 ὼς
3092 2752 3119 2803 6
3155 2750 3328 2820 μέγας
3369 2767 3436 2819 με
3474 2750 3726 2805 διδάσκει

2140 2846 2437 2909 Βασίλειος,
2490 2843 2712 2915 Πνεῦμα
2743 2842 2978 2914 Πατρὶς,
3027 2844 3107 2897 ὅτι
3137 2845 3200 2897 ἐκ
3226 2842 3319 2896 τοῦ
3365 2842 3598 2912 Πατρὺς,
3620 2845 3727 2896 καὶ

2138 2935 2365 3006 Πνεῦμα
2399 2934 2550 2997 Υίοῦ,
2577 2935 2657 2989 δτι
2687 2934 2776 2988 διά
2812 2934 2906 2988 τοῦ
2938 2933 3089 2988 Υίοῦ.
3118 2934 3227 2988 Καὶ
3244 2934 3529 2988 ἀκολουθεί
3555 2950 3715 3004 παρ-

2138 3026 2333 3080 αυτίκα
2367 3027 2504 3080 νοεῖν
2554 3026 2700 3096 ἡμᾶς
2734 3024 3016 3095 όμοούσιον
3036 3025 3136 3095 μὲν
3163 3024 3339 3096 Πατρὶ
3382 3024 3446 3077 τὸ
3467 3023 3724 3095 Πνεῦμα,

2139 3118 2220 3171 ὅτι
2253 3118 2318 3172 ἐκ
2348 3117 2441 3172 τοῦ
2497 3116 2709 3188 Πατρδς
2760 3115 3142 3187 ἐκπορεύεται,
3175 3117 3459 3187 όμοούσιον
3483 3116 3541 3171 δὲ
3575 3116 3723 3186 Υίῷ,

2142 3210 2225 3262 ὅτι
2250 3209 2337 3263 διὰ
2361 3208 2455 3262 τοῦ
2492 3206 2622 3261 Υίοῦ
2654 3209 2718 3261 ἐκ
2743 3207 2835 3261 τοῦ
2861 3206 3073 3277 Πατρὸς
3102 3205 3484 3277 ἐκπορεύεται.
3504 3206 3580 3258 Τὸ
3605 3207 3728 3276 γὰρ

2139 3301 2204 3353 ὲκ
2234 3299 2328 3353 τοῦ
2362 3298 2573 3371 Πατρδς
2603 3296 2745 3352 εἶναι
2779 3299 2838 3352 τὸ
2872 3298 3116 3365 Πνεῦμα,
3138 3300 3229 3351 καὶ
3256 3298 3315 3350 τὸ
3343 3297 3432 3351 διὰ
3452 3296 3548 3351 τοῦ
3589 3296 3726 3350 Υίοῦ

2140 3389 2275 3443 αὐτὸ
2303 3387 2720 3459 ἐκπορεύεσθαι,
2752 3390 2850 3458 τῆς
2882 3387 3020 3459 πρὸς
3075 3389 3165 3442 τὸν
3221 3387 3442 3458 Πατέρα
3490 3387 3583 3441 καὶ
3622 3386 3729 3441 τὸν

2141 3480 2268 3534 Υίδν
2306 3479 2723 3551 ὁμοουσιότητος
2771 3479 2938 3533 αὑτοῦ
2998 3477 3395 3550 προηγοῦνται.
3436 3463 3726 3546 Οῦμῇουν

2136 3573 2271 3627 διότι
2296 3571 2583 3641 ὁμοούσιον
2630 3572 2809 3642 Πλτρὶ
2859 3571 2922 3624 τὸ
2952 3568 3199 3640 Πνεῦμα,
3225 3569 3313 3623 διὰ
3345 3567 3503 3622 τοῦτο
3528 3568 3593 3621 ὲκ
3621 3566 3723 3621 τοῦ

2139 3663 2372 3735 Πατρδς,
2422 3664 2517 3716 καὶ
2551 3662 2685 3717 διότι
2736 3663 3022 3734 όμοούσιον
3067 3660 3201 3731 Υῐῷ,
3242 3661 3329 3715 διὰ
3370 3659 3530 3715 τοῦτο
3581 3658 3723 3713 Υἱοῦ

2139 3750 2362 3824 Πνεῦμά
2393 3757 2559 3817 ἐστιν,
2590 3754 2674 3805 ἵνα
2712 3754 2785 3822 μὴ
2817 3751 2879 3817 ἐξ
2921 3752 3171 3822 ἀνάγκης
3224 3749 3566 3820 ἀκολουθήσῃ
3621 3753 3725 3805 καὶ

2136 3846 2230 3898 τὸν
2265 3844 2484 3915 Πατέρα
2515 3845 2580 3898 ἐκ
2611 3843 2704 3897 τοῦ
2739 3844 3060 3914 Πνεῦματος
3110 3837 3253 3895 εῖναι
3307 3840 3404 3893 καὶ
3459 3839 3553 3891 τὸν
3586 3838 3722 3894 Υίδν

2137 3936 2230 3988 τοῦ
2272 3936 2594 4007 Πνεύματος
2644 3935 2923 4003 λέγεσθαι.
2988 3932 3210 4005 Ἐπειδὴ
3265 3932 3611 4000 ἀντιστρέφει
3655 3933 3721 3985 τὸ

2138 4030 2273 4101 πρὸς
2312 4028 2518 4099 ἄλληλα
2558 4030 2741 4083 αὐτῶν
2769 4027 3078 4100 ὁμοούσιον.

2361 4121 2506 4179 Ἀπὸ
2539 4122 2644 4175 τοῦ
2675 4119 2749 4185 ις’
2779 4118 2899 4174 τῶν
2918 4118 3118 4175 αὐτῶν
3138 4117 3499 4188 κεφαλαίων.

2208 4216 2306 4270 κδ’.
2330 4235 2349 4266 ι
2400 4216 2508 4269 Καὶ
2539 4214 2729 4284 μηδεὶς
2756 4213 2954 4267 οἰέσθω
2988 4229 3055 4283 με
3091 4212 3122 4281 ἢ
3152 4214 3298 4282 τρεῖς
3342 4206 3486 4264 εἶναι
3529 4209 3721 4277 λέγε.ν

2142 4324 2161 4359 ι
2209 4305 2439 4378 ἀρχικὰς
2466 4304 2867 4374 ὑποστάσιις,ἧ
2898 4302 3060 4372 ἀτελῆ
3081 4304 3310 4369 φάσκειν
3341 4299 3437 4354 τοῦ
3461 4298 3595 4354 Υίοῦ
3618 4299 3723 4370 τὴν

2144 4418 2168 4450 ι.
2210 4399 2508 4470 ὲνέργειαν.
2564 4397 2733 4467 Ἀρχὴ
2776 4398 2886 4466 τάρ
2933 4394 3044 4448 τῶν
3073 4395 3241 4447 όντων
3295 4393 3397 4461 μία
3451 4392 3543 4447 διὰ
3582 4390 3718 4445 Υίοῦ

464 4509 483 4542 ι
525 4507 690 4545 unum
747 4501 832 4546 est
885 4506 983 4561 per
1036 4488 1233 4545 Filium
1293 4491 1562 4559 condens,
1618 4508 1713 4563 per
1765 4492 2029 4563 Spiritum

2148 4511 2159 4543 i
2207 4489 2525 4561 ὲνεργοῦσα,
2557 4488 2657 4542 καὶ
2686 4486 2969 4540 τελειοῦσα
2999 4487 3056 4537 ἐν
3097 4484 3401 4554 Πνεύματι.
3440 4482 3553 4535 Καὶ
3589 4480 3719 4534 οὔτε

464 4618 481 4632 .
522 4592 773 4637 sanctum
807 4580 1117 4652 periit-iens.
1162 4584 1240 4636 Ac
1295 4580 1609 4649 nec-Pater,
1640 4585 1735 4654 qui
1768 4595 2030 4655 operatur

464 4692 479 4722 ι
519 4673 786 4725 omniain
839 4671 1118 4735 omnibus,
1156 4673 1533 4743 imperfectam
1558 4675 1726 4730 habet
1757 4678 2033 4745 operatio-

465 4783 481 4807 .
524 4775 670 4821 nem.
716 4776 891 4829 neque
918 4759 1087 4816 Filius
1119 4763 1617 4818 inconsummatum
1659 4766 2020 4831 creationem,

464 4871 481 4900 ι
529 4851 630 4905 nisi
656 4867 684 4903 a
702 4850 907 4916 Spiritu
936 4852 1385 4918 perticiatur.lloc
1404 4852 1549 4909 enim
1571 4853 1733 4909 modo
1755 4869 1857 4910 nec
1873 4853 2034 4911 Pater

464 4964 481 4989 ι
526 4958 661 5006 opus
714 4943 927 4997 habebit
976 4941 1141 5005 Filio,
1179 4945 1296 4999 sola
1336 4945 1613 4999 voluntate
1647 4960 1862 5008 creans,
1896 4957 2035 5000 atta.

461 5053 478 5080 ι
525 5048 647 5086 men
682 5031 796 5085 vuit
821 5041 873 5085 et
898 5030 1038 5085 solet
1066 5049 1254 5088 creare
1283 5048 1377 5103 per
1395 5030 1615 5087 Filium.
1640 5031 1828 5104 Neque
1856 5031 2027 5090 Filius

464 5146 483 5171 σ
523 5125 919 5192 i-gebitauxilio
940 5126 1095 5194 juxta
1120 5123 1301 5181 Patris
1321 5123 1739 5182 similitudinem
1769 5143 2028 5197 operans,

461 5236 478 5264 σ
523 5214 614 5269 sed
650 5228 702 5268 et
753 5211 925 5270 Filius
957 5217 1076 5269 vult
1125 5215 1374 5284 soletque
1405 5229 1500 5284 per
1563 5213 1826 5285 Spiritum
1866 5220 2031 5287 perii-

464 5327 480 5353 α
519 5318 663 5361 cere.
700 5324 725 5354 ι
760 5306 893 5360 Nam
924 5302 1111 5361 Verbo.
1144 5305 1360 5360 Domini
1398 5307 1529 5361 cteli-
1559 5307 1754 5362 firmati
1780 5321 1931 5370 sunt,
1979 5319 2038 5363 et-

464 5420 479 5445 .
525 5398 729 5467 Spiritu
762 5400 874 5452 oris
900 5398 1018 5467 i-jus
1040 5396 1222 5451 omnis
1260 5397 1433 5450 virtus
1458 5412 1647 5451 eorum
1681 5398 1746 5453 ⁸⁸.
1795 5417 1814 5449 ι
1845 5401 2033 5469 itaque

466 5509 486 5537 ι
530 5507 624 5543 nnc
668 5490 900 5545 Verbum
952 5488 1349 5559 signiﬁcativus
1383 5491 1527 5544 aeris
1571 5490 1712 5545 ictus
1756 5506 1851 5559 per
1882 5492 2033 5546 vocis

470 5602 486 5627 ι
535 5584 895 5633 instrumenta
924 5580 1187 5649 prolatus,
1221 5594 1320 5636 nec
1365 5580 1602 5649 Spiritus
1642 5582 1754 5636 oris
1801 5580 2027 5648 halitus,

539 5758 587 5789 η
607 5756 755 5817 ι’δυι.
793 5776 964 5827 xxxii,
1000 5764 1051 5815 li.

2141 4602 2158 4632 ι
2209 4583 2397 4653 Πατὴρ
2426 4583 2454 4634 6
2490 4581 2560 4634 τά
2588 4581 2766 4635 πάντα
2815 4581 2873 4638 ἐν
2914 4580 3079 4631 πᾶσιν
3116 4574 3355 4646 ἐνεργῶν
3402 4574 3568 4645 ἀτελῆ
3601 4572 3717 4640 ἔχει

2141 4692 2162 4727 ι
2210 4673 2309 4744 τὴν
2386 4674 2689 4742 ἐνέργειαν,
2723 4670 2848 4725 οὔτε
2880 4669 3007 4732 Υἱὸς
3050 4668 3247 4738 ἐλλιπῆ
3298 4669 3396 4739 τὴν
3450 4666 3712 4737 δημιουρ-

2141 4783 2167 4807 ι
2209 4764 2354 4832 γίαν,
2382 4765 2457 4836 μὴ
2479 4763 2865 4834 τελειουμένην
2896 4762 3047 4832 παρὰ
3068 4760 3169 4813 τοῦ,
3187 4759 3529 4830 Πνεῦματος.
3557 4756 3719 4809 οὕτω

2141 4879 2158 4910 ι
2207 4859 2316 4930 γὰρ
2345 4859 2411 4911 ἂν
2440 4858 2565 4913 οὔτε
2618 4857 2815 4926 Πατὴρ.
2853 4854 2986 4909 Υίοῦ
3033 4853 3391 4923 προσδεηθείη
3447 4852 3591 4920 μόνῳ
3636 4849 3723 4919 τῷ

2141 4968 2159 5000 ι
2204 4948 2379 5002 θέλειν
2407 4946 2775 5018 δημιουργῶν,
2817 4946 2934 4999 ἀλλ’
2962 4946 3108 5013 ὅμως
3154 4943 3296 4995 θέλει
3322 4941 3390 4995 δι’
3427 4939 3579 5006 Υἱοῦ,
3600 4937 3717 4992 οὔτ’

2142 5059 2162 5091 ι
2209 5040 2275 5093 ἂν
2304 5042 2332 5092 6
2364 5039 2490 5101 Υἱὸς
2557 5039 2847 5112 συνεργίας
2899 5035 3231 5106 προσδεηθῇ,
3257 5032 3382 5086 καθ’
3421 5034 3714 5101 ὁμοιότητα

2144 5150 2165 5181 ι
2174 5128 2304 5198 ,τοῦ
2350 5129 2565 5198 Πατρδς
2614 5125 2874 5195 ινεργῶν,
2927 5124 3066 5179 ἀλλὰ
3101 5124 3190 5197 καὶ
3226 5124 3407 5186 ὁίἹὸς
3439 5125 3583 5178 θέλει
3627 5124 3712 5176 διὰ

2143 5239 2163 5270 ι
2212 5219 2305 5274 τοῦ
2335 5220 2654 5288 Πνεύματος
2687 5215 2955 5271 τελειοῦν·
2986 5214 3065 5284 τῷ
3095 5216 3204 5284 γὰρ
3232 5215 3378 5285 λόγῳ
3408 5214 3622 5285 Κυρίου
3665 5216 3711 5266 οι

2145 5332 2166 5364 ι
2206 5312 2423 5383 οὐρανοὶ
2455 5310 2890 5381 ἐστερεώθησαν,
2920 5310 3013 5362 καὶ
3047 5308 3137 5376 Τῷ
3172 5308 3448 5376 Πνεῦματι
3476 5306 3570 5359 τοῦ
3596 5306 3709 5357 στό-

2146 5425 2163 5453 ι
2214 5418 2382 5473 ματος
2422 5401 2585 5455 αὑτοῦ
2616 5404 2764 5455 πᾶσα
2824 5403 2858 5471 ἡ
2886 5401 3115 5469 δύναμις
3159 5398 3520 5453 αὐτῶν.οῦτε
3574 5397 3712 5451 οῦνὸ

2145 5514 2162 5544 ι
2211 5495 2367 5562 λόγος
2397 5496 2557 5566 ἀέρος
2586 5495 2829 5557 τύπωσις
2865 5495 3203 5565 σημαντικὴ,
3248 5493 3339 5546 διὰ
3390 5491 3710 5562 φωνητικῶν

2148 5604 2169 5633 ι
2211 5584 2459 5655 ὁργάνων
2494 5584 2861 5655 ἐκφερομένη,
2896 5582 3019 5637 οὔτε
3047 5585 3107 5637 τὸ
3159 5583 3385 5653 Πνεῦμα
3446 5582 3709 5652 στόματος
