  <div class='ocr_page' id='page_1' title='image "/cluster/home/n/w/nwhite01/storage/ocr_20150623/141/coo.31924054870468/224.png"; bbox 0 0 4002 6404; ppageno 0'>
   <div class='ocr_carea' id='block_1_1' title="bbox 266 367 373 434">
    <p class='ocr_par' dir='ltr' id='par_1_1' title="bbox 266 367 373 434">
     <span class='ocr_line' id='line_1_1' title="bbox 266 367 373 434; baseline -0.019 0"><span class='ocrx_word' id='word_1_1' title='bbox 266 367 373 434; x_wconf 65' lang='lat' dir='ltr'><strong>Ml</strong></span> 
     </span>
    </p>
   </div>
   <div class='ocr_carea' id='block_1_2' title="bbox 1226 365 2531 432">
    <p class='ocr_par' dir='ltr' id='par_1_2' title="bbox 1226 365 2531 432">
     <span class='ocr_line' id='line_1_2' title="bbox 1226 365 2531 432; baseline -0.001 -3"><span class='ocrx_word' id='word_1_2' title='bbox 1226 367 1305 430; x_wconf 76' lang='lat' dir='ltr'><strong>IN</strong></span> <span class='ocrx_word' id='word_1_3' title='bbox 1347 365 1735 431; x_wconf 68' lang='lat' dir='ltr'><strong>CAMATERI</strong></span> <span class='ocrx_word' id='word_1_4' title='bbox 1771 365 2531 432; x_wconf 68' lang='lat' dir='ltr'><strong>ANIMADVERSIONES.</strong></span> 
     </span>
    </p>
   </div>
   <div class='ocr_carea' id='block_1_3' title="bbox 3377 359 3528 427">
    <p class='ocr_par' dir='ltr' id='par_1_3' title="bbox 3377 359 3528 427">
     <span class='ocr_line' id='line_1_3' title="bbox 3377 359 3528 427; baseline -0.02 0"><span class='ocrx_word' id='word_1_5' title='bbox 3377 397 3387 407; x_wconf 65' lang='grc' dir='ltr'><strong>ε</strong></span> <span class='ocrx_word' id='word_1_6' title='bbox 3412 359 3528 427; x_wconf 71' lang='grc'><strong>442</strong></span> 
     </span>
    </p>
   </div>
   <div class='ocr_carea' id='block_1_4' title="bbox 195 472 1875 557">
    <p class='ocr_par' dir='ltr' id='par_1_4' title="bbox 195 481 1847 556">
     <span class='ocr_line' id='line_1_4' title="bbox 195 481 1847 556; baseline -0.002 -19"><span class='ocrx_word' id='word_1_7' title='bbox 195 510 211 523; x_wconf 80' lang='grc' dir='ltr'><strong><em>ο</em></strong></span> <span class='ocrx_word' id='word_1_8' title='bbox 272 506 292 537; x_wconf 71' lang='grc' dir='ltr'><strong>ι</strong></span> <span class='ocrx_word' id='word_1_9' title='bbox 344 484 520 556; x_wconf 69' lang='grc' dir='ltr'>ἀτμδς</span> <span class='ocrx_word' id='word_1_10' title='bbox 545 483 608 539; x_wconf 80' lang='grc' dir='ltr'><strong>ἐκ</strong></span> <span class='ocrx_word' id='word_1_11' title='bbox 631 484 739 538; x_wconf 86' lang='grc' dir='ltr'><strong>τῶν</strong></span> <span class='ocrx_word' id='word_1_12' title='bbox 780 482 1222 537; x_wconf 81' lang='grc' dir='ltr'>ἅναπνευστικῶν</span> <span class='ocrx_word' id='word_1_13' title='bbox 1243 482 1427 551; x_wconf 80' lang='grc' dir='ltr'>μερῶν</span> <span class='ocrx_word' id='word_1_14' title='bbox 1457 481 1658 548; x_wconf 73' lang='grc' dir='ltr'>ἐξωοού</span> <span class='ocrx_word' id='word_1_15' title='bbox 1668 498 1847 552; x_wconf 81' lang='grc' dir='ltr'>μενος,</span> 
     </span>
    </p>
   </div>
   <div class='ocr_carea' id='block_1_5' title="bbox 1986 472 3527 557">
    <p class='ocr_par' dir='ltr' id='par_1_5' title="bbox 2018 472 3527 552">
     <span class='ocr_line' id='line_1_5' title="bbox 2018 472 3527 552; baseline -0.006 -15"><span class='ocrx_word' id='word_1_16' title='bbox 2018 499 2048 537; x_wconf 91' lang='lat' dir='ltr'><strong>e</strong></span> <span class='ocrx_word' id='word_1_17' title='bbox 2100 481 2346 552; x_wconf 84' lang='lat' dir='ltr'><strong>partibus</strong></span> <span class='ocrx_word' id='word_1_18' title='bbox 2403 476 2777 549; x_wconf 85' lang='lat' dir='ltr'><strong>respiratoriis</strong></span> <span class='ocrx_word' id='word_1_19' title='bbox 2810 476 3066 541; x_wconf 67' lang='lat' dir='ltr'><strong>dilatus;</strong></span> <span class='ocrx_word' id='word_1_20' title='bbox 3120 476 3214 530; x_wconf 85' lang='lat' dir='ltr'><strong>sed</strong></span> <span class='ocrx_word' id='word_1_21' title='bbox 3268 472 3527 537; x_wconf 81' lang='lat' dir='ltr'><strong>Verbum,</strong></span> 
     </span>
    </p>
   </div>
   <div class='ocr_carea' id='block_1_6' title="bbox 272 571 1853 644">
    <p class='ocr_par' dir='ltr' id='par_1_6' title="bbox 272 571 1853 644">
     <span class='ocr_line' id='line_1_6' title="bbox 272 571 1853 644; baseline -0.001 -20"><span class='ocrx_word' id='word_1_22' title='bbox 272 596 289 624; x_wconf 74' lang='grc' dir='ltr'><strong>ι</strong></span> <span class='ocrx_word' id='word_1_23' title='bbox 342 576 483 629; x_wconf 78' lang='grc' dir='ltr'><strong>ἀλλά</strong></span> <span class='ocrx_word' id='word_1_24' title='bbox 514 574 672 642; x_wconf 77' lang='grc' dir='ltr'>λόγος</span> <span class='ocrx_word' id='word_1_25' title='bbox 707 574 805 644; x_wconf 82' lang='grc' dir='ltr'>μὲν</span> <span class='ocrx_word' id='word_1_26' title='bbox 832 575 861 626; x_wconf 99' lang='lat'><strong>6</strong></span> <span class='ocrx_word' id='word_1_27' title='bbox 886 574 1021 643; x_wconf 72' lang='grc' dir='ltr'>πρὸς</span> <span class='ocrx_word' id='word_1_28' title='bbox 1050 573 1140 626; x_wconf 78' lang='grc' dir='ltr'><strong>τὸν</strong></span> <span class='ocrx_word' id='word_1_29' title='bbox 1173 572 1306 626; x_wconf 79' lang='grc' dir='ltr'>Θεὸν</span> <span class='ocrx_word' id='word_1_30' title='bbox 1333 571 1411 625; x_wconf 83' lang='grc' dir='ltr'>ὢν</span> <span class='ocrx_word' id='word_1_31' title='bbox 1457 574 1514 625; x_wconf 82' lang='grc' dir='ltr'><strong>ἐν</strong></span> <span class='ocrx_word' id='word_1_32' title='bbox 1557 573 1701 643; x_wconf 83' lang='grc' dir='ltr'>ἀρχῇ</span> <span class='ocrx_word' id='word_1_33' title='bbox 1758 572 1853 626; x_wconf 66' lang='grc' dir='ltr'><strong>καὶ</strong></span> 
     </span>
    </p>
   </div>
   <div class='ocr_carea' id='block_1_7' title="bbox 271 660 1852 734">
    <p class='ocr_par' dir='ltr' id='par_1_7' title="bbox 271 660 1852 734">
     <span class='ocr_line' id='line_1_7' title="bbox 271 660 1852 734; baseline -0.001 -18"><span class='ocrx_word' id='word_1_34' title='bbox 271 686 290 716; x_wconf 71' lang='grc' dir='ltr'><strong>ε</strong></span> <span class='ocrx_word' id='word_1_35' title='bbox 343 666 478 729; x_wconf 74' lang='grc' dir='ltr'>Θεὸς</span> <span class='ocrx_word' id='word_1_36' title='bbox 502 665 599 730; x_wconf 84' lang='grc' dir='ltr'><strong>ὢν,</strong></span> <span class='ocrx_word' id='word_1_37' title='bbox 630 663 858 734; x_wconf 79' lang='grc' dir='ltr'><strong>Πνεῦμα</strong></span> <span class='ocrx_word' id='word_1_38' title='bbox 909 664 965 717; x_wconf 85' lang='grc' dir='ltr'><strong>δὲ</strong></span> <span class='ocrx_word' id='word_1_39' title='bbox 1018 665 1282 732; x_wconf 74' lang='grc' dir='ltr'>στόματος</span> <span class='ocrx_word' id='word_1_40' title='bbox 1344 663 1500 726; x_wconf 70' lang='grc' dir='ltr'>Θεοῦ,</span> <span class='ocrx_word' id='word_1_41' title='bbox 1533 663 1593 715; x_wconf 85' lang='grc' dir='ltr'>τὸ</span> <span class='ocrx_word' id='word_1_42' title='bbox 1632 660 1852 723; x_wconf 79' lang='grc' dir='ltr'><strong>Πνεῦμα</strong></span> 
     </span>
    </p>
   </div>
   <div class='ocr_carea' id='block_1_8' title="bbox 272 754 1851 827">
    <p class='ocr_par' dir='ltr' id='par_1_8' title="bbox 272 754 1851 827">
     <span class='ocr_line' id='line_1_8' title="bbox 272 754 1851 827; baseline -0.003 -19"><span class='ocrx_word' id='word_1_43' title='bbox 272 778 291 808; x_wconf 74' lang='grc' dir='ltr'><strong>ι</strong></span> <span class='ocrx_word' id='word_1_44' title='bbox 340 757 443 825; x_wconf 78' lang='grc' dir='ltr'>τῆς</span> <span class='ocrx_word' id='word_1_45' title='bbox 503 755 836 827; x_wconf 83' lang='grc' dir='ltr'>ἀληθείας,ὃ</span> <span class='ocrx_word' id='word_1_46' title='bbox 867 756 994 826; x_wconf 81' lang='grc' dir='ltr'>παρ’</span> <span class='ocrx_word' id='word_1_47' title='bbox 1038 756 1204 808; x_wconf 77' lang='grc' dir='ltr'>αὐτοῦ</span> <span class='ocrx_word' id='word_1_48' title='bbox 1258 754 1352 808; x_wconf 79' lang='grc' dir='ltr'>τοῦ</span> <span class='ocrx_word' id='word_1_49' title='bbox 1406 754 1622 823; x_wconf 71' lang='grc' dir='ltr'>[ἰατρὸς</span> <span class='ocrx_word' id='word_1_50' title='bbox 1683 755 1851 805; x_wconf 75' lang='grc' dir='ltr'>ἔκπο-</span> 
     </span>
    </p>
   </div>
   <div class='ocr_carea' id='block_1_9' title="bbox 271 847 593 918">
    <p class='ocr_par' dir='ltr' id='par_1_9' title="bbox 271 847 593 918">
     <span class='ocr_line' id='line_1_9' title="bbox 271 847 593 918; baseline 0.006 -18"><span class='ocrx_word' id='word_1_51' title='bbox 271 870 289 900; x_wconf 78' lang='grc'><strong><em>‹</em></strong></span> <span class='ocrx_word' id='word_1_52' title='bbox 344 847 593 918; x_wconf 84' lang='grc' dir='ltr'>ρεύεται.</span> 
     </span>
    </p>
   </div>
   <div class='ocr_carea' id='block_1_10' title="bbox 812 943 1282 997">
    <p class='ocr_par' dir='ltr' id='par_1_10' title="bbox 812 943 1282 997">
     <span class='ocr_line' id='line_1_10' title="bbox 812 943 1282 997; baseline -0.009 0"><span class='ocrx_word' id='word_1_53' title='bbox 812 952 817 957; x_wconf 91' lang='grc'><em>’</em></span> <span class='ocrx_word' id='word_1_54' title='bbox 900 943 1282 997; x_wconf 65' lang='lat' dir='ltr'><strong>&#39;Erz&#39;wtao&#39;iu.</strong></span> 
     </span>
    </p>
   </div>
   <div class='ocr_carea' id='block_1_11' title="bbox 348 1028 1857 1109">
    <p class='ocr_par' dir='ltr' id='par_1_11' title="bbox 348 1028 1857 1109">
     <span class='ocr_line' id='line_1_11' title="bbox 348 1028 1857 1109; baseline -0.003 -26"><span class='ocrx_word' id='word_1_55' title='bbox 348 1051 369 1083; x_wconf 75' lang='grc' dir='ltr'><strong>ι</strong></span> <span class='ocrx_word' id='word_1_56' title='bbox 431 1030 763 1102; x_wconf 81' lang='grc' dir='ltr'>Ἐπίστησον</span> <span class='ocrx_word' id='word_1_57' title='bbox 816 1033 1056 1109; x_wconf 70' lang='grc' dir='ltr'>ἀκριϐῶς</span> <span class='ocrx_word' id='word_1_58' title='bbox 1109 1035 1174 1103; x_wconf 78' lang='grc' dir='ltr'>τῇ</span> <span class='ocrx_word' id='word_1_59' title='bbox 1232 1031 1518 1101; x_wconf 78' lang='grc' dir='ltr'>Θαυμαστῇ</span> <span class='ocrx_word' id='word_1_60' title='bbox 1572 1029 1664 1082; x_wconf 81' lang='grc' dir='ltr'>τοῦ</span> <span class='ocrx_word' id='word_1_61' title='bbox 1699 1028 1857 1096; x_wconf 85' lang='grc' dir='ltr'>ἁγίου</span> 
     </span>
    </p>
   </div>
   <div class='ocr_carea' id='block_1_12' title="bbox 276 1118 1857 1193">
    <p class='ocr_par' dir='ltr' id='par_1_12' title="bbox 276 1118 1857 1193">
     <span class='ocr_line' id='line_1_12' title="bbox 276 1118 1857 1193; baseline -0.003 -18"><span class='ocrx_word' id='word_1_62' title='bbox 276 1142 294 1174; x_wconf 80' lang='grc' dir='ltr'><strong>ι</strong></span> <span class='ocrx_word' id='word_1_63' title='bbox 341 1122 659 1193; x_wconf 79' lang='grc' dir='ltr'><strong>προσθήκῃ,</strong></span> <span class='ocrx_word' id='word_1_64' title='bbox 691 1121 934 1191; x_wconf 85' lang='grc' dir='ltr'>δηλονότι</span> <span class='ocrx_word' id='word_1_65' title='bbox 968 1126 1032 1192; x_wconf 79' lang='grc' dir='ltr'>τῇ</span> <span class='ocrx_word' id='word_1_66' title='bbox 1071 1123 1201 1193; x_wconf 79' lang='grc' dir='ltr'>παρ’</span> <span class='ocrx_word' id='word_1_67' title='bbox 1256 1120 1421 1175; x_wconf 81' lang='grc' dir='ltr'>αὐτοῦ</span> <span class='ocrx_word' id='word_1_68' title='bbox 1500 1120 1595 1174; x_wconf 83' lang='lat'><strong>106</strong></span> <span class='ocrx_word' id='word_1_69' title='bbox 1646 1118 1857 1189; x_wconf 71' lang='grc' dir='ltr'>[ἰατρὸς</span> 
     </span>
    </p>
   </div>
   <div class='ocr_carea' id='block_1_13' title="bbox 278 1210 1627 1283">
    <p class='ocr_par' dir='ltr' id='par_1_13' title="bbox 278 1210 1627 1283">
     <span class='ocr_line' id='line_1_13' title="bbox 278 1210 1627 1283; baseline 0 -20"><span class='ocrx_word' id='word_1_70' title='bbox 278 1231 295 1263; x_wconf 79' lang='grc' dir='ltr'><strong>ι</strong></span> <span class='ocrx_word' id='word_1_71' title='bbox 346 1211 540 1281; x_wconf 82' lang='grc' dir='ltr'>σαφῶς</span> <span class='ocrx_word' id='word_1_72' title='bbox 567 1211 784 1276; x_wconf 77' lang='grc' dir='ltr'>πάντως</span> <span class='ocrx_word' id='word_1_73' title='bbox 807 1211 1039 1282; x_wconf 78' lang='grc' dir='ltr'><strong>δηλούσῃ</strong></span> <span class='ocrx_word' id='word_1_74' title='bbox 1063 1213 1124 1265; x_wconf 88' lang='grc' dir='ltr'>τὸ</span> <span class='ocrx_word' id='word_1_75' title='bbox 1154 1213 1228 1283; x_wconf 80' lang='grc' dir='ltr'>μὴ</span> <span class='ocrx_word' id='word_1_76' title='bbox 1254 1211 1385 1281; x_wconf 76' lang='grc' dir='ltr'>παρ’</span> <span class='ocrx_word' id='word_1_77' title='bbox 1416 1210 1627 1281; x_wconf 78' lang='grc' dir='ltr'>ἑτέρου.</span> 
     </span>
    </p>
   </div>
   <div class='ocr_carea' id='block_1_14' title="bbox 867 1326 1263 1393">
    <p class='ocr_par' dir='ltr' id='par_1_14' title="bbox 867 1326 1263 1393">
     <span class='ocr_line' id='line_1_14' title="bbox 867 1326 1263 1393; baseline -0.003 -14"><span class='ocrx_word' id='word_1_78' title='bbox 867 1326 1028 1379; x_wconf 77' lang='grc' dir='ltr'>Ἀντί</span> <span class='ocrx_word' id='word_1_79' title='bbox 1022 1327 1263 1393; x_wconf 78' lang='grc' dir='ltr'>ῤῥησις.</span> 
     </span>
    </p>
   </div>
   <div class='ocr_carea' id='block_1_15' title="bbox 352 1435 1863 1507">
    <p class='ocr_par' dir='ltr' id='par_1_15' title="bbox 352 1435 1863 1507">
     <span class='ocr_line' id='line_1_15' title="bbox 352 1435 1863 1507; baseline -0.003 -14"><span class='ocrx_word' id='word_1_80' title='bbox 352 1441 425 1493; x_wconf 82' lang='grc' dir='ltr'><strong>Ἦ</strong></span> <span class='ocrx_word' id='word_1_81' title='bbox 452 1437 749 1492; x_wconf 77' lang='grc' dir='ltr'><strong>ἐπιστασία</strong></span> <span class='ocrx_word' id='word_1_82' title='bbox 784 1437 885 1507; x_wconf 83' lang='grc' dir='ltr'>τῆς</span> <span class='ocrx_word' id='word_1_83' title='bbox 924 1437 1245 1507; x_wconf 80' lang='grc' dir='ltr'>θαυμαστῆς</span> <span class='ocrx_word' id='word_1_84' title='bbox 1304 1437 1509 1507; x_wconf 79' lang='grc' dir='ltr'><strong>ταύτης</strong></span> <span class='ocrx_word' id='word_1_85' title='bbox 1567 1437 1659 1490; x_wconf 77' lang='grc' dir='ltr'>τοῦ</span> <span class='ocrx_word' id='word_1_86' title='bbox 1706 1435 1863 1503; x_wconf 72' lang='grc' dir='ltr'>ἁγίου</span> 
     </span>
    </p>
   </div>
   <div class='ocr_carea' id='block_1_16' title="bbox 277 1528 1860 1601">
    <p class='ocr_par' dir='ltr' id='par_1_16' title="bbox 277 1528 1860 1601">
     <span class='ocr_line' id='line_1_16' title="bbox 277 1528 1860 1601; baseline -0.002 -21"><span class='ocrx_word' id='word_1_87' title='bbox 277 1530 609 1601; x_wconf 73' lang='grc' dir='ltr'><strong>προσθήκης</strong></span> <span class='ocrx_word' id='word_1_88' title='bbox 630 1528 797 1592; x_wconf 75' lang='grc' dir='ltr'>ὅντως</span> <span class='ocrx_word' id='word_1_89' title='bbox 819 1529 1054 1599; x_wconf 81' lang='grc' dir='ltr'>ἀκριϐὴς</span> <span class='ocrx_word' id='word_1_90' title='bbox 1107 1529 1284 1592; x_wconf 78' lang='grc' dir='ltr'>ἔσται,</span> <span class='ocrx_word' id='word_1_91' title='bbox 1306 1530 1400 1581; x_wconf 78' lang='grc' dir='ltr'><strong>ἐάν</strong></span> <span class='ocrx_word' id='word_1_92' title='bbox 1436 1546 1519 1591; x_wconf 88' lang='grc' dir='ltr'><strong>τις</strong></span> <span class='ocrx_word' id='word_1_93' title='bbox 1575 1528 1860 1594; x_wconf 75' lang='grc' dir='ltr'>ἐξεταστι-</span> 
     </span>
    </p>
   </div>
   <div class='ocr_carea' id='block_1_17' title="bbox 280 1612 1866 1692">
    <p class='ocr_par' dir='ltr' id='par_1_17' title="bbox 280 1612 1866 1692">
     <span class='ocr_line' id='line_1_17' title="bbox 280 1612 1866 1692; baseline -0.002 -17"><span class='ocrx_word' id='word_1_94' title='bbox 280 1621 525 1692; x_wconf 79' lang='grc' dir='ltr'>κώτερον</span> <span class='ocrx_word' id='word_1_95' title='bbox 552 1621 914 1691; x_wconf 77' lang='grc' dir='ltr'>ἑπιστήσειεν,</span> <span class='ocrx_word' id='word_1_96' title='bbox 944 1612 1025 1678; x_wconf 75' lang='grc' dir='ltr'>οἷς</span> <span class='ocrx_word' id='word_1_97' title='bbox 1053 1621 1082 1672; x_wconf 90' lang='lat'><strong>6</strong></span> <span class='ocrx_word' id='word_1_98' title='bbox 1135 1621 1297 1683; x_wconf 80' lang='grc' dir='ltr'>αὐτὸς</span> <span class='ocrx_word' id='word_1_99' title='bbox 1325 1619 1517 1686; x_wconf 76' lang='grc' dir='ltr'>Πατὴρ</span> <span class='ocrx_word' id='word_1_100' title='bbox 1564 1619 1658 1672; x_wconf 73' lang='grc' dir='ltr'><strong>καὶ</strong></span> <span class='ocrx_word' id='word_1_101' title='bbox 1717 1617 1866 1672; x_wconf 54' lang='lat'><em>6:66-</em></span> 
     </span>
    </p>
   </div>
   <div class='ocr_carea' id='block_1_18' title="bbox 286 1708 1865 1783">
    <p class='ocr_par' dir='ltr' id='par_1_18' title="bbox 286 1708 1865 1783">
     <span class='ocr_line' id='line_1_18' title="bbox 286 1708 1865 1783; baseline -0.004 -17"><span class='ocrx_word' id='word_1_102' title='bbox 286 1713 483 1777; x_wconf 80' lang='grc' dir='ltr'>σκαλος</span> <span class='ocrx_word' id='word_1_103' title='bbox 495 1713 551 1766; x_wconf 72' lang='grc' dir='ltr'>ἐν</span> <span class='ocrx_word' id='word_1_104' title='bbox 568 1729 672 1766; x_wconf 88' lang='grc' dir='ltr'>τινι</span> <span class='ocrx_word' id='word_1_105' title='bbox 695 1711 852 1781; x_wconf 82' lang='grc' dir='ltr'>μέρει</span> <span class='ocrx_word' id='word_1_106' title='bbox 871 1711 965 1763; x_wconf 77' lang='grc' dir='ltr'>τοῦ</span> <span class='ocrx_word' id='word_1_107' title='bbox 986 1711 1323 1781; x_wconf 80' lang='grc' dir='ltr'><strong>ἀντιγράφου</strong></span> <span class='ocrx_word' id='word_1_108' title='bbox 1343 1714 1438 1783; x_wconf 78' lang='grc' dir='ltr'><strong>τῆς</strong></span> <span class='ocrx_word' id='word_1_109' title='bbox 1468 1708 1865 1780; x_wconf 85' lang='grc' dir='ltr'>ὑπαγορευθεί-</span> 
     </span>
    </p>
   </div>
   <div class='ocr_carea' id='block_1_19' title="bbox 1963 567 3531 644">
    <p class='ocr_par' dir='ltr' id='par_1_19' title="bbox 1963 567 3531 644">
     <span class='ocr_line' id='line_1_19' title="bbox 1963 567 3531 644; baseline -0.005 -17"><span class='ocrx_word' id='word_1_110' title='bbox 1963 594 1981 627; x_wconf 75' lang='grc' dir='ltr'><strong>ι</strong></span> <span class='ocrx_word' id='word_1_111' title='bbox 2023 576 2171 644; x_wconf 92' lang='lat' dir='ltr'><strong>quod</strong></span> <span class='ocrx_word' id='word_1_112' title='bbox 2220 575 2275 629; x_wconf 92' lang='lat' dir='ltr'><strong>iu</strong></span> <span class='ocrx_word' id='word_1_113' title='bbox 2319 573 2590 643; x_wconf 89' lang='lat' dir='ltr'><strong>principio</strong></span> <span class='ocrx_word' id='word_1_114' title='bbox 2623 571 2723 624; x_wconf 83' lang='lat' dir='ltr'><strong>fuit</strong></span> <span class='ocrx_word' id='word_1_115' title='bbox 2766 569 2909 637; x_wconf 86' lang='lat' dir='ltr'><strong>apud</strong></span> <span class='ocrx_word' id='word_1_116' title='bbox 2942 569 3133 633; x_wconf 88' lang='lat' dir='ltr'><strong>Deum,</strong></span> <span class='ocrx_word' id='word_1_117' title='bbox 3162 567 3308 620; x_wconf 82' lang='lat' dir='ltr'><strong>Deus</strong></span> <span class='ocrx_word' id='word_1_118' title='bbox 3342 577 3447 628; x_wconf 90' lang='lat' dir='ltr'><strong>est,</strong></span> <span class='ocrx_word' id='word_1_119' title='bbox 3476 574 3531 619; x_wconf 89' lang='lat' dir='ltr'><strong>ct</strong></span> 
     </span>
    </p>
   </div>
   <div class='ocr_carea' id='block_1_20' title="bbox 1962 655 3533 736">
    <p class='ocr_par' dir='ltr' id='par_1_20' title="bbox 1962 655 3533 736">
     <span class='ocr_line' id='line_1_20' title="bbox 1962 655 3533 736; baseline -0.008 -15"><span class='ocrx_word' id='word_1_120' title='bbox 1962 686 1985 720; x_wconf 78' lang='lat' dir='ltr'><strong>r</strong></span> <span class='ocrx_word' id='word_1_121' title='bbox 2023 665 2258 736; x_wconf 77' lang='lat' dir='ltr'><strong>Spiritus</strong></span> <span class='ocrx_word' id='word_1_122' title='bbox 2300 665 2415 720; x_wconf 88' lang='lat' dir='ltr'><strong>oris</strong></span> <span class='ocrx_word' id='word_1_123' title='bbox 2460 662 2574 726; x_wconf 89' lang='lat' dir='ltr'><strong>Dei,</strong></span> <span class='ocrx_word' id='word_1_124' title='bbox 2616 662 2855 731; x_wconf 85' lang='lat' dir='ltr'><strong>Spiritus</strong></span> <span class='ocrx_word' id='word_1_125' title='bbox 2901 669 2986 715; x_wconf 85' lang='lat' dir='ltr'><strong>est</strong></span> <span class='ocrx_word' id='word_1_126' title='bbox 3023 658 3289 722; x_wconf 74' lang='lat' dir='ltr'><strong>veritatis,</strong></span> <span class='ocrx_word' id='word_1_127' title='bbox 3334 659 3427 727; x_wconf 87' lang='lat' dir='ltr'><strong>qui</strong></span> <span class='ocrx_word' id='word_1_128' title='bbox 3463 655 3533 709; x_wconf 87' lang='lat' dir='ltr'><strong>ab</strong></span> 
     </span>
    </p>
   </div>
   <div class='ocr_carea' id='block_1_21' title="bbox 1965 755 2674 829">
    <p class='ocr_par' dir='ltr' id='par_1_21' title="bbox 1965 755 2674 829">
     <span class='ocr_line' id='line_1_21' title="bbox 1965 755 2674 829; baseline -0.007 -17"><span class='ocrx_word' id='word_1_129' title='bbox 1965 777 1985 812; x_wconf 71' lang='grc' dir='ltr'><strong>ι</strong></span> <span class='ocrx_word' id='word_1_130' title='bbox 2022 759 2139 829; x_wconf 78' lang='lat' dir='ltr'><strong>ipso</strong></span> <span class='ocrx_word' id='word_1_131' title='bbox 2169 760 2327 812; x_wconf 81' lang='lat' dir='ltr'><strong>l‘atre</strong></span> <span class='ocrx_word' id='word_1_132' title='bbox 2358 755 2621 828; x_wconf 76' lang='lat' dir='ltr'><strong>procedit.</strong></span> <span class='ocrx_word' id='word_1_133' title='bbox 2655 773 2674 807; x_wconf 68' lang='grc' dir='ltr'><strong>ι</strong></span> 
     </span>
    </p>
   </div>
   <div class='ocr_carea' id='block_1_22' title="bbox 2530 936 2961 991">
    <p class='ocr_par' dir='ltr' id='par_1_22' title="bbox 2530 936 2961 991">
     <span class='ocr_line' id='line_1_22' title="bbox 2530 936 2961 991; baseline -0.007 0"><span class='ocrx_word' id='word_1_134' title='bbox 2530 936 2937 991; x_wconf 74' lang='grc' dir='ltr'>Ληὲνηαάυεηὶο</span> <span class='ocrx_word' id='word_1_135' title='bbox 2948 974 2961 989; x_wconf 95' lang='grc'><em>.</em></span> 
     </span>
    </p>
   </div>
   <div class='ocr_carea' id='block_1_23' title="bbox 2037 1020 3537 1100">
    <p class='ocr_par' dir='ltr' id='par_1_23' title="bbox 2037 1020 3537 1100">
     <span class='ocr_line' id='line_1_23' title="bbox 2037 1020 3537 1100; baseline -0.007 -13"><span class='ocrx_word' id='word_1_136' title='bbox 2037 1054 2056 1087; x_wconf 77' lang='grc' dir='ltr'><strong>ι</strong></span> <span class='ocrx_word' id='word_1_137' title='bbox 2086 1033 2326 1089; x_wconf 81' lang='lat' dir='ltr'><strong>Observa</strong></span> <span class='ocrx_word' id='word_1_138' title='bbox 2351 1031 2638 1100; x_wconf 77' lang='lat' dir='ltr'><strong>diligenter</strong></span> <span class='ocrx_word' id='word_1_139' title='bbox 2668 1027 3046 1083; x_wconf 85' lang='lat' dir='ltr'><strong>admirabilem</strong></span> <span class='ocrx_word' id='word_1_140' title='bbox 3095 1023 3269 1078; x_wconf 83' lang='lat' dir='ltr'><strong>sancti</strong></span> <span class='ocrx_word' id='word_1_141' title='bbox 3302 1020 3537 1077; x_wconf 86' lang='lat' dir='ltr'><strong>additio-</strong></span> 
     </span>
    </p>
   </div>
   <div class='ocr_carea' id='block_1_24' title="bbox 1968 1113 3537 1195">
    <p class='ocr_par' dir='ltr' id='par_1_24' title="bbox 1968 1113 3537 1195">
     <span class='ocr_line' id='line_1_24' title="bbox 1968 1113 3537 1195; baseline -0.007 -16"><span class='ocrx_word' id='word_1_142' title='bbox 1968 1147 1986 1179; x_wconf 85' lang='grc'><strong>‹</strong></span> <span class='ocrx_word' id='word_1_143' title='bbox 2030 1143 2153 1182; x_wconf 91' lang='lat' dir='ltr'><strong>nem</strong></span> <span class='ocrx_word' id='word_1_144' title='bbox 2194 1129 2262 1179; x_wconf 86' lang='lat' dir='ltr'><strong>ab</strong></span> <span class='ocrx_word' id='word_1_145' title='bbox 2299 1126 2416 1195; x_wconf 88' lang='lat' dir='ltr'><strong>ipso</strong></span> <span class='ocrx_word' id='word_1_146' title='bbox 2443 1122 2603 1176; x_wconf 88' lang='lat' dir='ltr'><strong>Patre</strong></span> <span class='ocrx_word' id='word_1_147' title='bbox 2626 1161 2641 1186; x_wconf 91' lang='lat'><strong>,</strong></span> <span class='ocrx_word' id='word_1_148' title='bbox 2677 1137 2782 1191; x_wconf 91' lang='lat' dir='ltr'><strong>qua</strong></span> <span class='ocrx_word' id='word_1_149' title='bbox 2816 1120 2972 1190; x_wconf 80' lang='lat' dir='ltr'><strong>plane</strong></span> <span class='ocrx_word' id='word_1_150' title='bbox 2998 1129 3052 1174; x_wconf 90' lang='lat' dir='ltr'><strong>et</strong></span> <span class='ocrx_word' id='word_1_151' title='bbox 3081 1116 3259 1172; x_wconf 91' lang='lat' dir='ltr'><strong>modis</strong></span> <span class='ocrx_word' id='word_1_152' title='bbox 3282 1113 3537 1170; x_wconf 85' lang='lat' dir='ltr'><strong>omnibus</strong></span> 
     </span>
    </p>
   </div>
   <div class='ocr_carea' id='block_1_25' title="bbox 1967 1211 3023 1287">
    <p class='ocr_par' dir='ltr' id='par_1_25' title="bbox 1967 1211 3023 1287">
     <span class='ocr_line' id='line_1_25' title="bbox 1967 1211 3023 1287; baseline -0.009 -15"><span class='ocrx_word' id='word_1_153' title='bbox 1967 1238 1988 1272; x_wconf 74' lang='grc' dir='ltr'><strong>ι</strong></span> <span class='ocrx_word' id='word_1_154' title='bbox 2030 1226 2306 1275; x_wconf 88' lang='lat' dir='ltr'><strong>asseverat</strong></span> <span class='ocrx_word' id='word_1_155' title='bbox 2336 1218 2487 1271; x_wconf 88' lang='lat' dir='ltr'><strong>illum</strong></span> <span class='ocrx_word' id='word_1_156' title='bbox 2520 1230 2629 1287; x_wconf 82' lang='lat' dir='ltr'><strong>non</strong></span> <span class='ocrx_word' id='word_1_157' title='bbox 2651 1227 2777 1268; x_wconf 90' lang='lat' dir='ltr'><strong>esse</strong></span> <span class='ocrx_word' id='word_1_158' title='bbox 2803 1220 2871 1266; x_wconf 80' lang='lat' dir='ltr'><strong>ab</strong></span> <span class='ocrx_word' id='word_1_159' title='bbox 2894 1211 3023 1264; x_wconf 87' lang='lat' dir='ltr'><strong>alio.</strong></span> 
     </span>
    </p>
   </div>
   <div class='ocr_carea' id='block_1_26' title="bbox 2618 1324 2904 1394">
    <p class='ocr_par' dir='ltr' id='par_1_26' title="bbox 2618 1324 2904 1394">
     <span class='ocr_line' id='line_1_26' title="bbox 2618 1324 2904 1394; baseline -0.01 -14"><span class='ocrx_word' id='word_1_160' title='bbox 2618 1324 2904 1394; x_wconf 76' lang='lat' dir='ltr'><strong>Refutatio.</strong></span> 
     </span>
    </p>
   </div>
   <div class='ocr_carea' id='block_1_27' title="bbox 2038 1429 3538 1512">
    <p class='ocr_par' dir='ltr' id='par_1_27' title="bbox 2038 1429 3538 1512">
     <span class='ocr_line' id='line_1_27' title="bbox 2038 1429 3538 1512; baseline -0.011 -12"><span class='ocrx_word' id='word_1_161' title='bbox 2038 1443 2385 1500; x_wconf 79' lang='lat' dir='ltr'><strong>Admirabilis</strong></span> <span class='ocrx_word' id='word_1_162' title='bbox 2421 1442 2651 1512; x_wconf 83' lang='lat' dir='ltr'><strong>hujusce</strong></span> <span class='ocrx_word' id='word_1_163' title='bbox 2697 1437 2989 1494; x_wconf 88' lang='lat' dir='ltr'><strong>additionis</strong></span> <span class='ocrx_word' id='word_1_164' title='bbox 3042 1451 3073 1490; x_wconf 87' lang='lat' dir='ltr'><strong>a</strong></span> <span class='ocrx_word' id='word_1_165' title='bbox 3121 1440 3311 1490; x_wconf 83' lang='lat' dir='ltr'><strong>sancto</strong></span> <span class='ocrx_word' id='word_1_166' title='bbox 3362 1429 3538 1496; x_wconf 62' lang='lat' dir='ltr'><strong>lactat,</strong></span> 
     </span>
    </p>
   </div>
   <div class='ocr_carea' id='block_1_28' title="bbox 1971 1524 3545 1594">
    <p class='ocr_par' dir='ltr' id='par_1_28' title="bbox 1971 1524 3545 1594">
     <span class='ocr_line' id='line_1_28' title="bbox 1971 1524 3545 1594; baseline -0.011 -1"><span class='ocrx_word' id='word_1_167' title='bbox 1971 1555 2053 1594; x_wconf 64' lang='lat' dir='ltr'><strong>uae</strong></span> <span class='ocrx_word' id='word_1_168' title='bbox 2085 1539 2172 1592; x_wconf 91' lang='lat' dir='ltr'><strong>illa</strong></span> <span class='ocrx_word' id='word_1_169' title='bbox 2215 1544 2469 1591; x_wconf 86' lang='lat' dir='ltr'><strong>accurata</strong></span> <span class='ocrx_word' id='word_1_170' title='bbox 2504 1533 2667 1588; x_wconf 79' lang='lat' dir='ltr'><strong>fuerit</strong></span> <span class='ocrx_word' id='word_1_171' title='bbox 2700 1529 3124 1588; x_wconf 80' lang='lat' dir='ltr'><strong>animadversio.</strong></span> <span class='ocrx_word' id='word_1_172' title='bbox 3172 1526 3218 1580; x_wconf 89' lang='lat' dir='ltr'><strong>si</strong></span> <span class='ocrx_word' id='word_1_173' title='bbox 3250 1524 3374 1592; x_wconf 83' lang='lat' dir='ltr'><strong>quis</strong></span> <span class='ocrx_word' id='word_1_174' title='bbox 3411 1538 3545 1592; x_wconf 84' lang='lat' dir='ltr'><strong>pen-</strong></span> 
     </span>
    </p>
   </div>
   <div class='ocr_carea' id='block_1_29' title="bbox 1972 1614 3543 1689">
    <p class='ocr_par' dir='ltr' id='par_1_29' title="bbox 1972 1614 3543 1689">
     <span class='ocr_line' id='line_1_29' title="bbox 1972 1614 3543 1689; baseline -0.014 -3"><span class='ocrx_word' id='word_1_175' title='bbox 1972 1629 2251 1686; x_wconf 87' lang='lat' dir='ltr'><strong>siculatius</strong></span> <span class='ocrx_word' id='word_1_176' title='bbox 2294 1628 2536 1681; x_wconf 85' lang='lat' dir='ltr'><strong>animum</strong></span> <span class='ocrx_word' id='word_1_177' title='bbox 2569 1623 2742 1677; x_wconf 81' lang='lat' dir='ltr'><strong>ﬁxerit</strong></span> <span class='ocrx_word' id='word_1_178' title='bbox 2792 1621 2922 1683; x_wconf 89' lang='lat' dir='ltr'><strong>illis,</strong></span> <span class='ocrx_word' id='word_1_179' title='bbox 2955 1636 3075 1689; x_wconf 67' lang='lat' dir='ltr'><strong>qua:</strong></span> <span class='ocrx_word' id='word_1_180' title='bbox 3105 1618 3262 1686; x_wconf 63' lang='lat' dir='ltr'><strong>ﬁdem</strong></span> <span class='ocrx_word' id='word_1_181' title='bbox 3292 1617 3455 1671; x_wconf 88' lang='lat' dir='ltr'><strong>Pater</strong></span> <span class='ocrx_word' id='word_1_182' title='bbox 3488 1614 3543 1665; x_wconf 84' lang='lat' dir='ltr'><strong>in</strong></span> 
     </span>
    </p>
   </div>
   <div class='ocr_carea' id='block_1_30' title="bbox 1972 1704 3543 1791">
    <p class='ocr_par' dir='ltr' id='par_1_30' title="bbox 1972 1704 3543 1791">
     <span class='ocr_line' id='line_1_30' title="bbox 1972 1704 3543 1791; baseline -0.013 -14"><span class='ocrx_word' id='word_1_183' title='bbox 1972 1720 2309 1791; x_wconf 81' lang='lat' dir='ltr'><strong>antigrapho‘</strong></span> <span class='ocrx_word' id='word_1_184' title='bbox 2337 1719 2457 1772; x_wconf 87' lang='lat' dir='ltr'><strong>tidei</strong></span> <span class='ocrx_word' id='word_1_185' title='bbox 2503 1718 2571 1770; x_wconf 88' lang='lat' dir='ltr'><strong>ab</strong></span> <span class='ocrx_word' id='word_1_186' title='bbox 2609 1704 2802 1769; x_wconf 88' lang='lat' dir='ltr'><strong>eodem</strong></span> <span class='ocrx_word' id='word_1_187' title='bbox 2849 1714 3086 1775; x_wconf 70' lang='lat' dir='ltr'><strong>dictatas,</strong></span> <span class='ocrx_word' id='word_1_188' title='bbox 3141 1712 3297 1776; x_wconf 89' lang='lat' dir='ltr'><strong>cujus</strong></span> <span class='ocrx_word' id='word_1_189' title='bbox 3335 1706 3543 1777; x_wconf 88' lang='lat' dir='ltr'><strong>princi-</strong></span> 
     </span>
    </p>
   </div>
   <div class='ocr_carea' id='block_1_31' title="bbox 296 1794 1875 1885">
    <p class='ocr_par' dir='ltr' id='par_1_31' title="bbox 296 1794 1863 1875">
     <span class='ocr_line' id='line_1_31' title="bbox 296 1794 1863 1875; baseline -0.003 -18"><span class='ocrx_word' id='word_1_190' title='bbox 296 1822 400 1869; x_wconf 72' lang='grc' dir='ltr'><strong>σης</strong></span> <span class='ocrx_word' id='word_1_191' title='bbox 425 1803 546 1875; x_wconf 85' lang='grc' dir='ltr'>παρ’</span> <span class='ocrx_word' id='word_1_192' title='bbox 567 1802 732 1858; x_wconf 77' lang='grc' dir='ltr'>αὐτοῦ</span> <span class='ocrx_word' id='word_1_193' title='bbox 779 1801 1037 1866; x_wconf 83' lang='grc' dir='ltr'>πίστεως,</span> <span class='ocrx_word' id='word_1_194' title='bbox 1066 1794 1128 1855; x_wconf 75' lang='grc' dir='ltr'>οὗ</span> <span class='ocrx_word' id='word_1_195' title='bbox 1159 1803 1193 1872; x_wconf 78' lang='grc' dir='ltr'><strong>ἡ</strong></span> <span class='ocrx_word' id='word_1_196' title='bbox 1227 1805 1390 1873; x_wconf 80' lang='grc' dir='ltr'>ἁρχὴ,</span> <span class='ocrx_word' id='word_1_197' title='bbox 1423 1820 1444 1855; x_wconf 74' lang='grc' dir='ltr'><strong>ι</strong></span> <span class='ocrx_word' id='word_1_198' title='bbox 1486 1803 1625 1865; x_wconf 83' lang='grc' dir='ltr'>Τοὺς</span> <span class='ocrx_word' id='word_1_199' title='bbox 1658 1802 1691 1870; x_wconf 83' lang='grc' dir='ltr'>ἢ</span> <span class='ocrx_word' id='word_1_200' title='bbox 1730 1816 1863 1869; x_wconf 77' lang='grc' dir='ltr'>προσ</span> 
     </span>
    </p>
   </div>
   <div class='ocr_carea' id='block_1_32' title="bbox 1986 1794 3547 1885">
    <p class='ocr_par' dir='ltr' id='par_1_32' title="bbox 1986 1798 3547 1874">
     <span class='ocr_line' id='line_1_32' title="bbox 1986 1798 3547 1874; baseline -0.013 -6"><span class='ocrx_word' id='word_1_201' title='bbox 1986 1817 2121 1870; x_wconf 75' lang='lat' dir='ltr'><strong>)inm</strong></span> <span class='ocrx_word' id='word_1_202' title='bbox 2157 1823 2241 1867; x_wconf 89' lang='lat' dir='ltr'><strong>est</strong></span> <span class='ocrx_word' id='word_1_203' title='bbox 2272 1828 2288 1865; x_wconf 86' lang='lat'><strong>:</strong></span> <span class='ocrx_word' id='word_1_204' title='bbox 2336 1828 2353 1862; x_wconf 80' lang='grc' dir='ltr'><strong>ι</strong></span> <span class='ocrx_word' id='word_1_205' title='bbox 2403 1808 2536 1862; x_wconf 89' lang='lat' dir='ltr'><strong>Tam</strong></span> <span class='ocrx_word' id='word_1_206' title='bbox 2572 1808 2647 1861; x_wconf 89' lang='lat' dir='ltr'><strong>illi</strong></span> <span class='ocrx_word' id='word_1_207' title='bbox 2684 1806 2775 1874; x_wconf 91' lang='lat' dir='ltr'><strong>qui</strong></span> <span class='ocrx_word' id='word_1_208' title='bbox 2827 1804 2930 1857; x_wconf 84' lang='lat' dir='ltr'><strong>alia</strong></span> <span class='ocrx_word' id='word_1_209' title='bbox 2965 1805 3228 1856; x_wconf 78' lang='lat' dir='ltr'><strong>hactenus</strong></span> <span class='ocrx_word' id='word_1_210' title='bbox 3265 1798 3385 1852; x_wconf 90' lang='lat' dir='ltr'><strong>lidei</strong></span> <span class='ocrx_word' id='word_1_211' title='bbox 3418 1811 3547 1864; x_wconf 87' lang='lat' dir='ltr'><strong>pro-</strong></span> 
     </span>
    </p>
   </div>
   <div class='ocr_carea' id='block_1_33' title="bbox 292 1892 1863 1967">
    <p class='ocr_par' dir='ltr' id='par_1_33' title="bbox 292 1892 1863 1967">
     <span class='ocr_line' id='line_1_33' title="bbox 292 1892 1863 1967; baseline -0.003 -19"><span class='ocrx_word' id='word_1_212' title='bbox 292 1896 587 1967; x_wconf 73' lang='grc' dir='ltr'>ληφθέντας</span> <span class='ocrx_word' id='word_1_213' title='bbox 621 1896 785 1965; x_wconf 75' lang='grc' dir='ltr'>ἑτέρᾳ</span> <span class='ocrx_word' id='word_1_214' title='bbox 815 1895 1052 1957; x_wconf 89' lang='grc' dir='ltr'>πίστεως</span> <span class='ocrx_word' id='word_1_215' title='bbox 1073 1895 1353 1967; x_wconf 79' lang='grc' dir='ltr'><strong>ὁμολογίᾳ,</strong></span> <span class='ocrx_word' id='word_1_216' title='bbox 1386 1914 1405 1947; x_wconf 75' lang='grc' dir='ltr'><strong>ι</strong></span> <span class='ocrx_word' id='word_1_217' title='bbox 1436 1895 1556 1949; x_wconf 85' lang='grc' dir='ltr'>κατ’</span> <span class='ocrx_word' id='word_1_218' title='bbox 1577 1894 1734 1948; x_wconf 76' lang='grc' dir='ltr'>ἄλλον</span> <span class='ocrx_word' id='word_1_219' title='bbox 1758 1892 1863 1962; x_wconf 75' lang='grc' dir='ltr'><strong>ἔφη</strong></span> 
     </span>
    </p>
   </div>
   <div class='ocr_carea' id='block_1_34' title="bbox 290 1986 1867 2059">
    <p class='ocr_par' dir='ltr' id='par_1_34' title="bbox 290 1986 1867 2059">
     <span class='ocr_line' id='line_1_34' title="bbox 290 1986 1867 2059; baseline -0.001 -18"><span class='ocrx_word' id='word_1_220' title='bbox 290 1988 499 2055; x_wconf 80' lang='grc' dir='ltr'>καιρόν.</span> <span class='ocrx_word' id='word_1_221' title='bbox 533 1988 593 2042; x_wconf 90' lang='lat'><strong>&#39;0</strong></span> <span class='ocrx_word' id='word_1_222' title='bbox 631 1988 740 2059; x_wconf 75' lang='grc' dir='ltr'><strong>γὰρ</strong></span> <span class='ocrx_word' id='word_1_223' title='bbox 773 1989 1002 2051; x_wconf 73' lang='grc' dir='ltr'>ἐκείνοις</span> <span class='ocrx_word' id='word_1_224' title='bbox 1048 1989 1357 2058; x_wconf 78' lang='grc' dir='ltr'>ὲπιστήσων</span> <span class='ocrx_word' id='word_1_225' title='bbox 1386 1988 1469 2051; x_wconf 89' lang='grc' dir='ltr'><strong>είς</strong></span> <span class='ocrx_word' id='word_1_226' title='bbox 1517 1986 1706 2056; x_wconf 83' lang='grc' dir='ltr'><strong>βάθος,</strong></span> <span class='ocrx_word' id='word_1_227' title='bbox 1751 1986 1867 2040; x_wconf 87' lang='grc' dir='ltr'>δια-</span> 
     </span>
    </p>
   </div>
   <div class='ocr_carea' id='block_1_35' title="bbox 284 2080 1869 2153">
    <p class='ocr_par' dir='ltr' id='par_1_35' title="bbox 284 2080 1869 2153">
     <span class='ocr_line' id='line_1_35' title="bbox 284 2080 1869 2153; baseline 0 -22"><span class='ocrx_word' id='word_1_228' title='bbox 284 2081 558 2148; x_wconf 79' lang='grc' dir='ltr'>γνώσεται</span> <span class='ocrx_word' id='word_1_229' title='bbox 586 2080 660 2144; x_wconf 76' lang='grc' dir='ltr'>ὥς</span> <span class='ocrx_word' id='word_1_230' title='bbox 687 2083 716 2135; x_wconf 89' lang='lat'><strong>6</strong></span> <span class='ocrx_word' id='word_1_231' title='bbox 752 2081 905 2148; x_wconf 82' lang='grc' dir='ltr'>ἀγιος</span> <span class='ocrx_word' id='word_1_232' title='bbox 937 2083 1068 2153; x_wconf 86' lang='grc' dir='ltr'>παρ’</span> <span class='ocrx_word' id='word_1_233' title='bbox 1093 2080 1257 2136; x_wconf 79' lang='grc' dir='ltr'>αὐτοῦ</span> <span class='ocrx_word' id='word_1_234' title='bbox 1289 2081 1382 2135; x_wconf 83' lang='grc' dir='ltr'><strong>τοῦ</strong></span> <span class='ocrx_word' id='word_1_235' title='bbox 1434 2080 1645 2150; x_wconf 83' lang='grc' dir='ltr'>Πατρδς</span> <span class='ocrx_word' id='word_1_236' title='bbox 1705 2081 1869 2132; x_wconf 76' lang='grc' dir='ltr'>ἐκπο-</span> 
     </span>
    </p>
   </div>
   <div class='ocr_carea' id='block_1_36' title="bbox 283 2171 1866 2242">
    <p class='ocr_par' dir='ltr' id='par_1_36' title="bbox 283 2171 1866 2242">
     <span class='ocr_line' id='line_1_36' title="bbox 283 2171 1866 2242; baseline 0 -19"><span class='ocrx_word' id='word_1_237' title='bbox 283 2171 546 2240; x_wconf 82' lang='grc' dir='ltr'>ρεύεσθαι</span> <span class='ocrx_word' id='word_1_238' title='bbox 583 2172 754 2240; x_wconf 77' lang='grc' dir='ltr'>λέγων</span> <span class='ocrx_word' id='word_1_239' title='bbox 788 2171 850 2226; x_wconf 81' lang='grc' dir='ltr'>τδ</span> <span class='ocrx_word' id='word_1_240' title='bbox 894 2172 1139 2242; x_wconf 79' lang='grc' dir='ltr'><strong>Πνεῦμα,</strong></span> <span class='ocrx_word' id='word_1_241' title='bbox 1168 2172 1227 2226; x_wconf 86' lang='grc' dir='ltr'><strong>οὑ</strong></span> <span class='ocrx_word' id='word_1_242' title='bbox 1261 2172 1475 2242; x_wconf 80' lang='grc' dir='ltr'>Πατρὸς</span> <span class='ocrx_word' id='word_1_243' title='bbox 1529 2171 1866 2224; x_wconf 82' lang='grc' dir='ltr'>ἀντιδιαστο-</span> 
     </span>
    </p>
   </div>
   <div class='ocr_carea' id='block_1_37' title="bbox 280 2260 1868 2334">
    <p class='ocr_par' dir='ltr' id='par_1_37' title="bbox 280 2260 1868 2334">
     <span class='ocr_line' id='line_1_37' title="bbox 280 2260 1868 2334; baseline 0.001 -23"><span class='ocrx_word' id='word_1_244' title='bbox 280 2261 384 2329; x_wconf 82' lang='grc' dir='ltr'>λὴν</span> <span class='ocrx_word' id='word_1_245' title='bbox 411 2261 570 2315; x_wconf 84' lang='grc' dir='ltr'>ταῦτ’</span> <span class='ocrx_word' id='word_1_246' title='bbox 590 2260 745 2330; x_wconf 74' lang='grc' dir='ltr'>ἔλεγε</span> <span class='ocrx_word' id='word_1_247' title='bbox 775 2262 869 2315; x_wconf 90' lang='lat'><strong>106</strong></span> <span class='ocrx_word' id='word_1_248' title='bbox 904 2261 1061 2324; x_wconf 78' lang='grc' dir='ltr'><strong>Υίοῦ,</strong></span> <span class='ocrx_word' id='word_1_249' title='bbox 1087 2262 1226 2317; x_wconf 86' lang='grc' dir='ltr'><strong>ἀλλά</strong></span> <span class='ocrx_word' id='word_1_250' title='bbox 1268 2263 1404 2334; x_wconf 85' lang='grc' dir='ltr'>πρὸς</span> <span class='ocrx_word' id='word_1_251' title='bbox 1442 2260 1723 2331; x_wconf 86' lang='grc' dir='ltr'>ἀναίρεσιν</span> <span class='ocrx_word' id='word_1_252' title='bbox 1771 2260 1868 2314; x_wconf 79' lang='grc' dir='ltr'><strong>καὶ</strong></span> 
     </span>
    </p>
   </div>
   <div class='ocr_carea' id='block_1_38' title="bbox 281 2349 1864 2426">
    <p class='ocr_par' dir='ltr' id='par_1_38' title="bbox 281 2349 1864 2426">
     <span class='ocr_line' id='line_1_38' title="bbox 281 2349 1864 2426; baseline 0 -21"><span class='ocrx_word' id='word_1_253' title='bbox 281 2352 548 2423; x_wconf 69' lang='grc' dir='ltr'>ἀθέτησιν</span> <span class='ocrx_word' id='word_1_254' title='bbox 595 2354 944 2425; x_wconf 84' lang='grc' dir='ltr'>φρονήματός</span> <span class='ocrx_word' id='word_1_255' title='bbox 995 2371 1138 2418; x_wconf 88' lang='grc' dir='ltr'>τινος</span> <span class='ocrx_word' id='word_1_256' title='bbox 1189 2354 1455 2426; x_wconf 78' lang='grc' dir='ltr'>πονηροῦ.</span> <span class='ocrx_word' id='word_1_257' title='bbox 1482 2349 1591 2406; x_wconf 80' lang='lat' dir='ltr'><strong>&#39;Hv</strong></span> <span class='ocrx_word' id='word_1_258' title='bbox 1637 2354 1743 2425; x_wconf 80' lang='grc' dir='ltr'>γὰρ</span> <span class='ocrx_word' id='word_1_259' title='bbox 1775 2354 1864 2406; x_wconf 84' lang='grc' dir='ltr'><strong>ὅτε</strong></span> 
     </span>
    </p>
   </div>
   <div class='ocr_carea' id='block_1_39' title="bbox 280 2440 1869 2516">
    <p class='ocr_par' dir='ltr' id='par_1_39' title="bbox 280 2440 1869 2516">
     <span class='ocr_line' id='line_1_39' title="bbox 280 2440 1869 2516; baseline 0.001 -21"><span class='ocrx_word' id='word_1_260' title='bbox 280 2440 429 2514; x_wconf 69' lang='grc' dir='ltr'>ἦσαν</span> <span class='ocrx_word' id='word_1_261' title='bbox 478 2461 628 2507; x_wconf 80' lang='grc' dir='ltr'>τινες</span> <span class='ocrx_word' id='word_1_262' title='bbox 679 2445 761 2508; x_wconf 83' lang='grc' dir='ltr'><strong>είς</strong></span> <span class='ocrx_word' id='word_1_263' title='bbox 815 2444 973 2499; x_wconf 80' lang='grc' dir='ltr'>τοῦτο</span> <span class='ocrx_word' id='word_1_264' title='bbox 1026 2445 1378 2516; x_wconf 81' lang='grc' dir='ltr'>βλασφημίας</span> <span class='ocrx_word' id='word_1_265' title='bbox 1420 2443 1869 2514; x_wconf 56' lang='lat' dir='ltr'><strong>mulcari-15.7.11);</strong></span> 
     </span>
    </p>
   </div>
   <div class='ocr_carea' id='block_1_40' title="bbox 281 2535 1865 2607">
    <p class='ocr_par' dir='ltr' id='par_1_40' title="bbox 281 2535 1865 2607">
     <span class='ocr_line' id='line_1_40' title="bbox 281 2535 1865 2607; baseline -0.002 -17"><span class='ocrx_word' id='word_1_266' title='bbox 281 2537 381 2590; x_wconf 75' lang='grc' dir='ltr'><strong>τὸν</strong></span> <span class='ocrx_word' id='word_1_267' title='bbox 428 2535 561 2599; x_wconf 74' lang='grc' dir='ltr'>Υίὸν</span> <span class='ocrx_word' id='word_1_268' title='bbox 597 2536 778 2606; x_wconf 82' lang='grc' dir='ltr'>λέγειν</span> <span class='ocrx_word' id='word_1_269' title='bbox 837 2539 973 2606; x_wconf 83' lang='grc' dir='ltr'>μήτε</span> <span class='ocrx_word' id='word_1_270' title='bbox 1008 2539 1071 2590; x_wconf 79' lang='grc' dir='ltr'><strong>ὲκ</strong></span> <span class='ocrx_word' id='word_1_271' title='bbox 1120 2538 1219 2607; x_wconf 84' lang='grc' dir='ltr'>τῆς</span> <span class='ocrx_word' id='word_1_272' title='bbox 1250 2538 1442 2600; x_wconf 79' lang='grc' dir='ltr'>οὐσίας</span> <span class='ocrx_word' id='word_1_273' title='bbox 1489 2536 1585 2590; x_wconf 84' lang='lat'><strong>106</strong></span> <span class='ocrx_word' id='word_1_274' title='bbox 1631 2536 1865 2605; x_wconf 78' lang='grc' dir='ltr'>Πατρὸς,</span> 
     </span>
    </p>
   </div>
   <div class='ocr_carea' id='block_1_41' title="bbox 290 2627 1870 2700">
    <p class='ocr_par' dir='ltr' id='par_1_41' title="bbox 290 2627 1870 2700">
     <span class='ocr_line' id='line_1_41' title="bbox 290 2627 1870 2700; baseline -0.002 -19"><span class='ocrx_word' id='word_1_275' title='bbox 290 2629 433 2700; x_wconf 80' lang='grc' dir='ltr'>μήτε</span> <span class='ocrx_word' id='word_1_276' title='bbox 464 2630 530 2685; x_wconf 81' lang='grc' dir='ltr'><strong>ὲκ</strong></span> <span class='ocrx_word' id='word_1_277' title='bbox 556 2627 657 2699; x_wconf 81' lang='grc' dir='ltr'>τῆς</span> <span class='ocrx_word' id='word_1_278' title='bbox 684 2629 1063 2694; x_wconf 78' lang='grc' dir='ltr'><strong>ὑποστάσεως,</strong></span> <span class='ocrx_word' id='word_1_279' title='bbox 1092 2629 1210 2683; x_wconf 80' lang='grc' dir='ltr'>ἀλλ’</span> <span class='ocrx_word' id='word_1_280' title='bbox 1247 2629 1305 2696; x_wconf 75' lang='grc' dir='ltr'>ἐξ</span> <span class='ocrx_word' id='word_1_281' title='bbox 1344 2628 1512 2697; x_wconf 81' lang='grc' dir='ltr'>ἄλλης</span> <span class='ocrx_word' id='word_1_282' title='bbox 1559 2628 1702 2689; x_wconf 81' lang='grc' dir='ltr'>τινὸς</span> <span class='ocrx_word' id='word_1_283' title='bbox 1733 2628 1870 2679; x_wconf 71' lang='lat'><em>6110-</em></span> 
     </span>
    </p>
   </div>
   <div class='ocr_carea' id='block_1_42' title="bbox 290 2717 1870 2790">
    <p class='ocr_par' dir='ltr' id='par_1_42' title="bbox 290 2717 1870 2790">
     <span class='ocr_line' id='line_1_42' title="bbox 290 2717 1870 2790; baseline -0.003 -17"><span class='ocrx_word' id='word_1_284' title='bbox 290 2722 540 2787; x_wconf 79' lang='grc' dir='ltr'>στάσεως</span> <span class='ocrx_word' id='word_1_285' title='bbox 566 2717 730 2777; x_wconf 79' lang='grc' dir='ltr'>εῖναι.</span> <span class='ocrx_word' id='word_1_286' title='bbox 753 2718 850 2786; x_wconf 77' lang='grc' dir='ltr'><strong>Οἷς</strong></span> <span class='ocrx_word' id='word_1_287' title='bbox 877 2721 1177 2790; x_wconf 83' lang='grc' dir='ltr'><strong>ἀντιλέγων</strong></span> <span class='ocrx_word' id='word_1_288' title='bbox 1199 2723 1226 2775; x_wconf 89' lang='lat'><strong>6</strong></span> <span class='ocrx_word' id='word_1_289' title='bbox 1251 2722 1408 2790; x_wconf 78' lang='grc' dir='ltr'>ἅγιος</span> <span class='ocrx_word' id='word_1_290' title='bbox 1459 2723 1517 2774; x_wconf 82' lang='grc' dir='ltr'>ὲν</span> <span class='ocrx_word' id='word_1_291' title='bbox 1577 2723 1736 2789; x_wconf 80' lang='grc' dir='ltr'>μέρει</span> <span class='ocrx_word' id='word_1_292' title='bbox 1774 2717 1870 2770; x_wconf 89' lang='lat'><strong>106</strong></span> 
     </span>
    </p>
   </div>
   <div class='ocr_carea' id='block_1_43' title="bbox 290 2808 1873 2884">
    <p class='ocr_par' dir='ltr' id='par_1_43' title="bbox 290 2808 1873 2884">
     <span class='ocr_line' id='line_1_43' title="bbox 290 2808 1873 2884; baseline -0.01 -8"><span class='ocrx_word' id='word_1_293' title='bbox 290 2813 554 2883; x_wconf 75' lang='grc' dir='ltr'><strong>ῥηθέντος</strong></span> <span class='ocrx_word' id='word_1_294' title='bbox 583 2812 917 2884; x_wconf 63' lang='grc' dir='ltr'>ἀντιγράφου</span> <span class='ocrx_word' id='word_1_295' title='bbox 942 2812 1042 2881; x_wconf 80' lang='grc' dir='ltr'>τῆς</span> <span class='ocrx_word' id='word_1_296' title='bbox 1074 2814 1330 2877; x_wconf 80' lang='grc' dir='ltr'>πίστεως,</span> <span class='ocrx_word' id='word_1_297' title='bbox 1357 2811 1532 2874; x_wconf 74' lang='grc' dir='ltr'>οὕτως</span> <span class='ocrx_word' id='word_1_298' title='bbox 1556 2811 1648 2865; x_wconf 73' lang='grc' dir='ltr'><strong>ἐπὶ</strong></span> <span class='ocrx_word' id='word_1_299' title='bbox 1673 2808 1873 2873; x_wconf 79' lang='grc' dir='ltr'>λέξεων</span> 
     </span>
    </p>
   </div>
   <div class='ocr_carea' id='block_1_44' title="bbox 295 2900 1873 2976">
    <p class='ocr_par' dir='ltr' id='par_1_44' title="bbox 295 2900 1873 2976">
     <span class='ocr_line' id='line_1_44' title="bbox 295 2900 1873 2976; baseline -0.003 -18"><span class='ocrx_word' id='word_1_300' title='bbox 295 2909 407 2976; x_wconf 71' lang='grc' dir='ltr'><strong>ἔφη</strong></span> <span class='ocrx_word' id='word_1_301' title='bbox 430 2922 446 2938; x_wconf 78' lang='grc' dir='ltr'><strong><em>ο</em></strong></span> <span class='ocrx_word' id='word_1_302' title='bbox 489 2926 508 2957; x_wconf 72' lang='grc' dir='ltr'>ς</span> <span class='ocrx_word' id='word_1_303' title='bbox 545 2907 702 2969; x_wconf 81' lang='grc' dir='ltr'>Τινὲς</span> <span class='ocrx_word' id='word_1_304' title='bbox 726 2907 782 2958; x_wconf 76' lang='grc' dir='ltr'><strong>δὲ</strong></span> <span class='ocrx_word' id='word_1_305' title='bbox 812 2906 920 2959; x_wconf 87' lang='grc' dir='ltr'><strong>τῶν</strong></span> <span class='ocrx_word' id='word_1_306' title='bbox 959 2906 1067 2958; x_wconf 77' lang='grc' dir='ltr'>ἀπὸ</span> <span class='ocrx_word' id='word_1_307' title='bbox 1092 2906 1190 2973; x_wconf 74' lang='grc' dir='ltr'>τῆς</span> <span class='ocrx_word' id='word_1_308' title='bbox 1216 2904 1532 2966; x_wconf 82' lang='grc' dir='ltr'>δυσσεϐείας</span> <span class='ocrx_word' id='word_1_309' title='bbox 1551 2903 1646 2956; x_wconf 83' lang='grc' dir='ltr'>τοῦ</span> <span class='ocrx_word' id='word_1_310' title='bbox 1676 2900 1873 2964; x_wconf 87' lang='grc' dir='ltr'>Λίϐυος</span> 
     </span>
    </p>
   </div>
   <div class='ocr_carea' id='block_1_45' title="bbox 288 2989 1874 3061">
    <p class='ocr_par' dir='ltr' id='par_1_45' title="bbox 288 2989 1874 3061">
     <span class='ocr_line' id='line_1_45' title="bbox 288 2989 1874 3061; baseline -0.006 -10"><span class='ocrx_word' id='word_1_311' title='bbox 288 2997 611 3061; x_wconf 78' lang='grc' dir='ltr'>Σαϐελλίου,</span> <span class='ocrx_word' id='word_1_312' title='bbox 642 2997 942 3050; x_wconf 82' lang='grc' dir='ltr'>ὑπόστασιν</span> <span class='ocrx_word' id='word_1_313' title='bbox 973 2998 1068 3050; x_wconf 80' lang='grc' dir='ltr'>καὶ</span> <span class='ocrx_word' id='word_1_314' title='bbox 1100 2995 1289 3049; x_wconf 83' lang='grc' dir='ltr'>οὐσίαν</span> <span class='ocrx_word' id='word_1_315' title='bbox 1316 2995 1516 3048; x_wconf 70' lang='grc' dir='ltr'>ταύτὸν</span> <span class='ocrx_word' id='word_1_316' title='bbox 1561 2989 1703 3047; x_wconf 79' lang='grc' dir='ltr'>εἶναι</span> <span class='ocrx_word' id='word_1_317' title='bbox 1740 2991 1874 3043; x_wconf 82' lang='grc' dir='ltr'>ὑπο-</span> 
     </span>
    </p>
   </div>
   <div class='ocr_carea' id='block_1_46' title="bbox 288 3082 1875 3158">
    <p class='ocr_par' dir='ltr' id='par_1_46' title="bbox 288 3082 1875 3158">
     <span class='ocr_line' id='line_1_46' title="bbox 288 3082 1875 3158; baseline -0.006 -15"><span class='ocrx_word' id='word_1_318' title='bbox 288 3089 685 3157; x_wconf 69' lang='grc' dir='ltr'>λαμϐάνοντες,</span> <span class='ocrx_word' id='word_1_319' title='bbox 712 3089 925 3142; x_wconf 70' lang='grc' dir='ltr'>ἐκεῖθεν</span> <span class='ocrx_word' id='word_1_320' title='bbox 951 3089 1171 3142; x_wconf 73' lang='grc' dir='ltr'>ἕλκουσι</span> <span class='ocrx_word' id='word_1_321' title='bbox 1201 3088 1299 3151; x_wconf 77' lang='grc' dir='ltr'>τὰς</span> <span class='ocrx_word' id='word_1_322' title='bbox 1328 3085 1585 3158; x_wconf 82' lang='grc' dir='ltr'>ἀφορμὰς</span> <span class='ocrx_word' id='word_1_323' title='bbox 1608 3083 1744 3154; x_wconf 84' lang='grc' dir='ltr'>πρὸς</span> <span class='ocrx_word' id='word_1_324' title='bbox 1774 3082 1875 3152; x_wconf 83' lang='grc' dir='ltr'><strong>τὴν</strong></span> 
     </span>
    </p>
   </div>
   <div class='ocr_carea' id='block_1_47' title="bbox 1976 1885 3542 1971">
    <p class='ocr_par' dir='ltr' id='par_1_47' title="bbox 1976 1885 3542 1971">
     <span class='ocr_line' id='line_1_47' title="bbox 1976 1885 3542 1971; baseline -0.015 -11"><span class='ocrx_word' id='word_1_325' title='bbox 1976 1905 2214 1960; x_wconf 77' lang='lat' dir='ltr'><strong>fessione</strong></span> <span class='ocrx_word' id='word_1_326' title='bbox 2246 1899 2630 1971; x_wconf 65' lang='lat' dir='ltr'><strong>prmocrupati,</strong></span> <span class='ocrx_word' id='word_1_327' title='bbox 2674 1915 2693 1948; x_wconf 70' lang='grc' dir='ltr'><strong>ι</strong></span> <span class='ocrx_word' id='word_1_328' title='bbox 2733 1896 2840 1950; x_wconf 89' lang='lat' dir='ltr'><strong>alio</strong></span> <span class='ocrx_word' id='word_1_329' title='bbox 2878 1905 3123 1963; x_wconf 88' lang='lat' dir='ltr'><strong>tempore</strong></span> <span class='ocrx_word' id='word_1_330' title='bbox 3157 1891 3403 1961; x_wconf 81' lang='lat' dir='ltr'><strong>digessit.</strong></span> <span class='ocrx_word' id='word_1_331' title='bbox 3436 1885 3542 1952; x_wconf 83' lang='lat' dir='ltr'><strong>Qui</strong></span> 
     </span>
    </p>
   </div>
   <div class='ocr_carea' id='block_1_48' title="bbox 1974 1980 3547 2051">
    <p class='ocr_par' dir='ltr' id='par_1_48' title="bbox 1974 1980 3547 2051">
     <span class='ocr_line' id='line_1_48' title="bbox 1974 1980 3547 2051; baseline -0.014 0"><span class='ocrx_word' id='word_1_332' title='bbox 1974 1998 2116 2051; x_wconf 89' lang='lat' dir='ltr'><strong>enim</strong></span> <span class='ocrx_word' id='word_1_333' title='bbox 2164 1995 2272 2048; x_wconf 72' lang='lat' dir='ltr'><strong>‘illa</strong></span> <span class='ocrx_word' id='word_1_334' title='bbox 2335 1991 2617 2045; x_wconf 81' lang='lat' dir='ltr'><strong>enucleate</strong></span> <span class='ocrx_word' id='word_1_335' title='bbox 2681 1985 3153 2047; x_wconf 73' lang='lat' dir='ltr'><strong>considet-merit,</strong></span> <span class='ocrx_word' id='word_1_336' title='bbox 3204 1980 3547 2051; x_wconf 81' lang='lat' dir='ltr'><strong>dijudicabit,</strong></span> 
     </span>
    </p>
   </div>
   <div class='ocr_carea' id='block_1_49' title="bbox 1975 2068 3549 2153">
    <p class='ocr_par' dir='ltr' id='par_1_49' title="bbox 1975 2068 3549 2153">
     <span class='ocr_line' id='line_1_49' title="bbox 1975 2068 3549 2153; baseline -0.015 -8"><span class='ocrx_word' id='word_1_337' title='bbox 1975 2098 2225 2145; x_wconf 88' lang='lat' dir='ltr'><strong>sanctum</strong></span> <span class='ocrx_word' id='word_1_338' title='bbox 2279 2085 2347 2140; x_wconf 88' lang='lat' dir='ltr'><strong>ab</strong></span> <span class='ocrx_word' id='word_1_339' title='bbox 2393 2084 2511 2153; x_wconf 84' lang='lat' dir='ltr'><strong>ipso</strong></span> <span class='ocrx_word' id='word_1_340' title='bbox 2558 2081 2715 2135; x_wconf 84' lang='lat' dir='ltr'><strong>Patre</strong></span> <span class='ocrx_word' id='word_1_341' title='bbox 2766 2078 3057 2149; x_wconf 88' lang='lat' dir='ltr'><strong>procedere</strong></span> <span class='ocrx_word' id='word_1_342' title='bbox 3102 2075 3360 2144; x_wconf 89' lang='lat' dir='ltr'><strong>Spiritum</strong></span> <span class='ocrx_word' id='word_1_343' title='bbox 3409 2068 3549 2124; x_wconf 89' lang='lat' dir='ltr'><strong>seri-</strong></span> 
     </span>
    </p>
   </div>
   <div class='ocr_carea' id='block_1_50' title="bbox 1975 2165 3547 2253">
    <p class='ocr_par' dir='ltr' id='par_1_50' title="bbox 1975 2165 3547 2253">
     <span class='ocr_line' id='line_1_50' title="bbox 1975 2165 3547 2253; baseline -0.015 -15"><span class='ocrx_word' id='word_1_344' title='bbox 1975 2184 2169 2253; x_wconf 89' lang='lat' dir='ltr'><strong>psisse,</strong></span> <span class='ocrx_word' id='word_1_345' title='bbox 2219 2194 2327 2233; x_wconf 92' lang='lat' dir='ltr'><strong>non</strong></span> <span class='ocrx_word' id='word_1_346' title='bbox 2373 2178 2439 2232; x_wconf 90' lang='lat' dir='ltr'><strong>ad</strong></span> <span class='ocrx_word' id='word_1_347' title='bbox 2485 2176 2881 2231; x_wconf 84' lang='lat' dir='ltr'><strong>excludendum</strong></span> <span class='ocrx_word' id='word_1_348' title='bbox 2911 2170 3131 2235; x_wconf 86' lang='lat' dir='ltr'><strong>Filium,</strong></span> <span class='ocrx_word' id='word_1_349' title='bbox 3170 2170 3260 2223; x_wconf 90' lang='lat' dir='ltr'><strong>sed</strong></span> <span class='ocrx_word' id='word_1_350' title='bbox 3297 2165 3361 2219; x_wconf 86' lang='lat' dir='ltr'><strong>ad</strong></span> <span class='ocrx_word' id='word_1_351' title='bbox 3409 2178 3547 2219; x_wconf 83' lang='lat' dir='ltr'><strong>con-</strong></span> 
     </span>
    </p>
   </div>
   <div class='ocr_carea' id='block_1_51' title="bbox 1973 2256 3552 2343">
    <p class='ocr_par' dir='ltr' id='par_1_51' title="bbox 1973 2256 3552 2343">
     <span class='ocr_line' id='line_1_51' title="bbox 1973 2256 3552 2343; baseline -0.013 -17"><span class='ocrx_word' id='word_1_352' title='bbox 1973 2273 2275 2329; x_wconf 83' lang='lat' dir='ltr'><strong>vellendam</strong></span> <span class='ocrx_word' id='word_1_353' title='bbox 2317 2266 2823 2343; x_wconf 82' lang='lat' dir='ltr'><strong>reprobandaniqne</strong></span> <span class='ocrx_word' id='word_1_354' title='bbox 2869 2278 3089 2332; x_wconf 86' lang='lat' dir='ltr'><strong>pravam</strong></span> <span class='ocrx_word' id='word_1_355' title='bbox 3156 2262 3220 2312; x_wconf 87' lang='lat' dir='ltr'><strong>de</strong></span> <span class='ocrx_word' id='word_1_356' title='bbox 3257 2256 3393 2311; x_wconf 86' lang='lat' dir='ltr'><strong>Filio</strong></span> <span class='ocrx_word' id='word_1_357' title='bbox 3423 2269 3552 2309; x_wconf 84' lang='lat' dir='ltr'><strong>sen-</strong></span> 
     </span>
    </p>
   </div>
   <div class='ocr_carea' id='block_1_52' title="bbox 1977 2344 3549 2427">
    <p class='ocr_par' dir='ltr' id='par_1_52' title="bbox 1977 2344 3549 2427">
     <span class='ocr_line' id='line_1_52' title="bbox 1977 2344 3549 2427; baseline -0.015 -8"><span class='ocrx_word' id='word_1_358' title='bbox 1977 2365 2219 2420; x_wconf 86' lang='lat' dir='ltr'><strong>tentiam.</strong></span> <span class='ocrx_word' id='word_1_359' title='bbox 2238 2358 2483 2427; x_wconf 85' lang='lat' dir='ltr'><strong>Namque</strong></span> <span class='ocrx_word' id='word_1_360' title='bbox 2513 2366 2624 2411; x_wconf 93' lang='lat' dir='ltr'><strong>tum</strong></span> <span class='ocrx_word' id='word_1_361' title='bbox 2654 2354 2898 2410; x_wconf 87' lang='lat' dir='ltr'><strong>nonnulli</strong></span> <span class='ocrx_word' id='word_1_362' title='bbox 2931 2355 2984 2406; x_wconf 91' lang='lat' dir='ltr'><strong>in</strong></span> <span class='ocrx_word' id='word_1_363' title='bbox 3007 2364 3126 2405; x_wconf 90' lang='lat' dir='ltr'><strong>eam</strong></span> <span class='ocrx_word' id='word_1_364' title='bbox 3154 2344 3549 2415; x_wconf 76' lang='lat' dir='ltr'><strong>blasphemiam</strong></span> 
     </span>
    </p>
   </div>
   <div class='ocr_carea' id='block_1_53' title="bbox 1978 2437 3548 2527">
    <p class='ocr_par' dir='ltr' id='par_1_53' title="bbox 1978 2437 3548 2527">
     <span class='ocr_line' id='line_1_53' title="bbox 1978 2437 3548 2527; baseline -0.016 -16"><span class='ocrx_word' id='word_1_365' title='bbox 1978 2457 2110 2527; x_wconf 90' lang='lat' dir='ltr'><strong>lapsi</strong></span> <span class='ocrx_word' id='word_1_366' title='bbox 2163 2455 2398 2516; x_wconf 77' lang='lat' dir='ltr'><strong>fuerant,</strong></span> <span class='ocrx_word' id='word_1_367' title='bbox 2433 2459 2492 2506; x_wconf 91' lang='lat' dir='ltr'><strong>ut</strong></span> <span class='ocrx_word' id='word_1_368' title='bbox 2537 2465 2644 2504; x_wconf 91' lang='lat' dir='ltr'><strong>nou</strong></span> <span class='ocrx_word' id='word_1_369' title='bbox 2696 2453 3012 2500; x_wconf 84' lang='lat' dir='ltr'><strong>vererentur</strong></span> <span class='ocrx_word' id='word_1_370' title='bbox 3055 2454 3336 2500; x_wconf 84' lang='lat' dir='ltr'><strong>asserere,</strong></span> <span class='ocrx_word' id='word_1_371' title='bbox 3370 2437 3548 2503; x_wconf 86' lang='lat' dir='ltr'><strong>ipsqu</strong></span> 
     </span>
    </p>
   </div>
   <div class='ocr_carea' id='block_1_54' title="bbox 1977 2528 3551 2616">
    <p class='ocr_par' dir='ltr' id='par_1_54' title="bbox 1977 2528 3551 2616">
     <span class='ocr_line' id='line_1_54' title="bbox 1977 2528 3551 2616; baseline -0.018 -12"><span class='ocrx_word' id='word_1_372' title='bbox 1977 2547 2197 2614; x_wconf 88' lang='lat' dir='ltr'><strong>Filium,</strong></span> <span class='ocrx_word' id='word_1_373' title='bbox 2236 2560 2413 2616; x_wconf 80' lang='lat' dir='ltr'><strong>neque</strong></span> <span class='ocrx_word' id='word_1_374' title='bbox 2460 2559 2527 2597; x_wconf 84' lang='lat' dir='ltr'><strong>ex</strong></span> <span class='ocrx_word' id='word_1_375' title='bbox 2561 2540 2803 2596; x_wconf 83' lang='lat' dir='ltr'><strong>essentia</strong></span> <span class='ocrx_word' id='word_1_376' title='bbox 2846 2535 3043 2597; x_wconf 82' lang='lat' dir='ltr'><strong>Patris,</strong></span> <span class='ocrx_word' id='word_1_377' title='bbox 3079 2546 3253 2599; x_wconf 84' lang='lat' dir='ltr'><strong>neque</strong></span> <span class='ocrx_word' id='word_1_378' title='bbox 3278 2546 3341 2583; x_wconf 77' lang='lat' dir='ltr'><strong>ex</strong></span> <span class='ocrx_word' id='word_1_379' title='bbox 3375 2528 3551 2597; x_wconf 79' lang='lat' dir='ltr'><strong>hypo-</strong></span> 
     </span>
    </p>
   </div>
   <div class='ocr_carea' id='block_1_55' title="bbox 1979 2616 3554 2707">
    <p class='ocr_par' dir='ltr' id='par_1_55' title="bbox 1979 2616 3554 2707">
     <span class='ocr_line' id='line_1_55' title="bbox 1979 2616 3554 2707; baseline -0.02 -7"><span class='ocrx_word' id='word_1_380' title='bbox 1979 2641 2135 2707; x_wconf 89' lang='lat' dir='ltr'><strong>stasi,</strong></span> <span class='ocrx_word' id='word_1_381' title='bbox 2191 2639 2283 2695; x_wconf 90' lang='lat' dir='ltr'><strong>sed</strong></span> <span class='ocrx_word' id='word_1_382' title='bbox 2337 2653 2404 2692; x_wconf 84' lang='lat' dir='ltr'><strong>ex</strong></span> <span class='ocrx_word' id='word_1_383' title='bbox 2463 2635 2567 2690; x_wconf 88' lang='lat' dir='ltr'><strong>alia</strong></span> <span class='ocrx_word' id='word_1_384' title='bbox 2616 2631 2870 2703; x_wconf 87' lang='lat' dir='ltr'><strong>quapiam</strong></span> <span class='ocrx_word' id='word_1_385' title='bbox 2923 2623 3200 2699; x_wconf 88' lang='lat' dir='ltr'><strong>bypostasi</strong></span> <span class='ocrx_word' id='word_1_386' title='bbox 3255 2636 3416 2684; x_wconf 84' lang='lat' dir='ltr'><strong>esse;</strong></span> <span class='ocrx_word' id='word_1_387' title='bbox 3467 2616 3554 2671; x_wconf 89' lang='lat' dir='ltr'><strong>bis</strong></span> 
     </span>
    </p>
   </div>
   <div class='ocr_carea' id='block_1_56' title="bbox 1979 2710 3555 2791">
    <p class='ocr_par' dir='ltr' id='par_1_56' title="bbox 1979 2710 3555 2791">
     <span class='ocr_line' id='line_1_56' title="bbox 1979 2710 3555 2791; baseline -0.017 -1"><span class='ocrx_word' id='word_1_388' title='bbox 1979 2742 2202 2790; x_wconf 87' lang='lat' dir='ltr'><strong>sanctus</strong></span> <span class='ocrx_word' id='word_1_389' title='bbox 2231 2729 2631 2791; x_wconf 87' lang='lat' dir='ltr'><strong>contradiccns,</strong></span> <span class='ocrx_word' id='word_1_390' title='bbox 2680 2726 2733 2778; x_wconf 94' lang='lat' dir='ltr'><strong>in</strong></span> <span class='ocrx_word' id='word_1_391' title='bbox 2777 2739 2883 2777; x_wconf 91' lang='lat' dir='ltr'><strong>una</strong></span> <span class='ocrx_word' id='word_1_392' title='bbox 2915 2720 3045 2775; x_wconf 89' lang='lat' dir='ltr'><strong>dicti</strong></span> <span class='ocrx_word' id='word_1_393' title='bbox 3074 2713 3390 2787; x_wconf 58' lang='lat' dir='ltr'><strong>fantigraphi</strong></span> <span class='ocrx_word' id='word_1_394' title='bbox 3430 2710 3555 2763; x_wconf 66' lang='lat' dir='ltr'><strong>ﬁdei</strong></span> 
     </span>
    </p>
   </div>
   <div class='ocr_carea' id='block_1_57' title="bbox 1934 2804 3550 2898">
    <p class='ocr_par' dir='ltr' id='par_1_57' title="bbox 1934 2804 3550 2898">
     <span class='ocr_line' id='line_1_57' title="bbox 1934 2804 3550 2898; baseline -0.017 -15"><span class='ocrx_word' id='word_1_395' title='bbox 1934 2862 1941 2867; x_wconf 72' lang='grc' dir='ltr'><strong><em>ο</em></strong></span> <span class='ocrx_word' id='word_1_396' title='bbox 1980 2837 2132 2898; x_wconf 89' lang='lat' dir='ltr'><strong>parte</strong></span> <span class='ocrx_word' id='word_1_397' title='bbox 2162 2825 2250 2879; x_wconf 87' lang='lat' dir='ltr'><strong>his</strong></span> <span class='ocrx_word' id='word_1_398' title='bbox 2283 2819 2576 2893; x_wconf 90' lang='lat' dir='ltr'><strong>ipsissimis</strong></span> <span class='ocrx_word' id='word_1_399' title='bbox 2627 2818 2808 2871; x_wconf 84' lang='lat' dir='ltr'><strong>verbis</strong></span> <span class='ocrx_word' id='word_1_400' title='bbox 2843 2813 3031 2869; x_wconf 90' lang='lat' dir='ltr'><strong>scribit</strong></span> <span class='ocrx_word' id='word_1_401' title='bbox 3065 2827 3081 2864; x_wconf 87' lang='lat'><strong>:</strong></span> <span class='ocrx_word' id='word_1_402' title='bbox 3147 2828 3164 2861; x_wconf 77' lang='grc' dir='ltr'><strong>ι</strong></span> <span class='ocrx_word' id='word_1_403' title='bbox 3198 2810 3263 2864; x_wconf 82' lang='grc' dir='ltr'>Ει</span> <span class='ocrx_word' id='word_1_404' title='bbox 3297 2804 3550 2861; x_wconf 78' lang='lat' dir='ltr'><strong>nonnulli</strong></span> 
     </span>
    </p>
   </div>
   <div class='ocr_carea' id='block_1_58' title="bbox 1978 2901 3546 2986">
    <p class='ocr_par' dir='ltr' id='par_1_58' title="bbox 1978 2901 3546 2986">
     <span class='ocr_line' id='line_1_58' title="bbox 1978 2901 3546 2986; baseline -0.017 -11"><span class='ocrx_word' id='word_1_405' title='bbox 1978 2935 2043 2976; x_wconf 81' lang='lat' dir='ltr'><strong>ex</strong></span> <span class='ocrx_word' id='word_1_406' title='bbox 2075 2917 2200 2980; x_wconf 86' lang='lat' dir='ltr'><strong>illis,</strong></span> <span class='ocrx_word' id='word_1_407' title='bbox 2232 2915 2324 2986; x_wconf 90' lang='lat' dir='ltr'><strong>qui</strong></span> <span class='ocrx_word' id='word_1_408' title='bbox 2369 2901 2700 2981; x_wconf 83' lang='lat' dir='ltr'><strong>impietatem</strong></span> <span class='ocrx_word' id='word_1_409' title='bbox 2750 2905 2969 2960; x_wconf 65' lang='lat' dir='ltr'><strong>Salrsllii</strong></span> <span class='ocrx_word' id='word_1_410' title='bbox 3004 2901 3187 2969; x_wconf 85' lang='lat' dir='ltr'><strong>Libyci</strong></span> <span class='ocrx_word' id='word_1_411' title='bbox 3235 2907 3546 2958; x_wconf 80' lang='lat' dir='ltr'><strong>sectantur,</strong></span> 
     </span>
    </p>
   </div>
   <div class='ocr_carea' id='block_1_59' title="bbox 1981 2983 3552 3078">
    <p class='ocr_par' dir='ltr' id='par_1_59' title="bbox 1981 2983 3552 3078">
     <span class='ocr_line' id='line_1_59' title="bbox 1981 2983 3552 3078; baseline -0.017 -17"><span class='ocrx_word' id='word_1_412' title='bbox 1981 2983 2317 3078; x_wconf 78' lang='lat' dir='ltr'><strong>bypostasim</strong></span> <span class='ocrx_word' id='word_1_413' title='bbox 2353 3008 2408 3056; x_wconf 88' lang='lat' dir='ltr'><strong>et</strong></span> <span class='ocrx_word' id='word_1_414' title='bbox 2435 2994 2728 3054; x_wconf 76' lang='lat' dir='ltr'><strong>essentiam</strong></span> <span class='ocrx_word' id='word_1_415' title='bbox 2774 2994 2913 3048; x_wconf 88' lang='lat' dir='ltr'><strong>idem</strong></span> <span class='ocrx_word' id='word_1_416' title='bbox 2948 3006 3070 3046; x_wconf 89' lang='lat' dir='ltr'><strong>esse</strong></span> <span class='ocrx_word' id='word_1_417' title='bbox 3113 2986 3382 3047; x_wconf 81' lang='lat' dir='ltr'><strong>arbitrati,</strong></span> <span class='ocrx_word' id='word_1_418' title='bbox 3425 2983 3552 3037; x_wconf 88' lang='lat' dir='ltr'><strong>inde</strong></span> 
     </span>
    </p>
   </div>
   <div class='ocr_carea' id='block_1_60' title="bbox 1982 3079 3555 3166">
    <p class='ocr_par' dir='ltr' id='par_1_60' title="bbox 1982 3079 3555 3166">
     <span class='ocr_line' id='line_1_60' title="bbox 1982 3079 3555 3166; baseline -0.017 -13"><span class='ocrx_word' id='word_1_419' title='bbox 1982 3102 2302 3166; x_wconf 79' lang='lat' dir='ltr'><strong>argumenta</strong></span> <span class='ocrx_word' id='word_1_420' title='bbox 2341 3092 2408 3147; x_wconf 86' lang='lat' dir='ltr'><strong>ad</strong></span> <span class='ocrx_word' id='word_1_421' title='bbox 2448 3094 2703 3144; x_wconf 89' lang='lat' dir='ltr'><strong>tuendam</strong></span> <span class='ocrx_word' id='word_1_422' title='bbox 2734 3084 3057 3140; x_wconf 84' lang='lat' dir='ltr'><strong>sententiam</strong></span> <span class='ocrx_word' id='word_1_423' title='bbox 3092 3095 3245 3137; x_wconf 80' lang='lat' dir='ltr'><strong>suam</strong></span> <span class='ocrx_word' id='word_1_424' title='bbox 3304 3079 3555 3136; x_wconf 86' lang='lat' dir='ltr'><strong>trahunt,</strong></span> 
     </span>
    </p>
   </div>
   <div class='ocr_carea' id='block_1_61' title="bbox 291 3168 1875 3259">
    <p class='ocr_par' dir='ltr' id='par_1_61' title="bbox 291 3181 1875 3255">
     <span class='ocr_line' id='line_1_61' title="bbox 291 3181 1875 3255; baseline -0.004 -17"><span class='ocrx_word' id='word_1_425' title='bbox 291 3185 647 3255; x_wconf 78' lang='grc' dir='ltr'>κατασκευὴν</span> <span class='ocrx_word' id='word_1_426' title='bbox 673 3187 772 3255; x_wconf 80' lang='grc' dir='ltr'>τῆς</span> <span class='ocrx_word' id='word_1_427' title='bbox 825 3184 1032 3238; x_wconf 81' lang='grc' dir='ltr'>ἑαυτῶν</span> <span class='ocrx_word' id='word_1_428' title='bbox 1066 3183 1435 3255; x_wconf 77' lang='grc' dir='ltr'>βλασφημίας,</span> <span class='ocrx_word' id='word_1_429' title='bbox 1485 3184 1550 3237; x_wconf 82' lang='grc' dir='ltr'><strong>ἐκ</strong></span> <span class='ocrx_word' id='word_1_430' title='bbox 1582 3182 1676 3234; x_wconf 81' lang='grc' dir='ltr'><strong>τοῦ</strong></span> <span class='ocrx_word' id='word_1_431' title='bbox 1722 3181 1875 3249; x_wconf 85' lang='grc' dir='ltr'>ἐγγε-</span> 
     </span>
    </p>
   </div>
   <div class='ocr_carea' id='block_1_62' title="bbox 1986 3168 3554 3259">
    <p class='ocr_par' dir='ltr' id='par_1_62' title="bbox 1986 3168 3554 3259">
     <span class='ocr_line' id='line_1_62' title="bbox 1986 3168 3554 3259; baseline -0.017 -16"><span class='ocrx_word' id='word_1_432' title='bbox 1986 3188 2126 3259; x_wconf 91' lang='lat' dir='ltr'><strong>quod</strong></span> <span class='ocrx_word' id='word_1_433' title='bbox 2158 3188 2212 3241; x_wconf 93' lang='lat' dir='ltr'><strong>in</strong></span> <span class='ocrx_word' id='word_1_434' title='bbox 2242 3199 2304 3240; x_wconf 87' lang='lat' dir='ltr'><strong>ea</strong></span> <span class='ocrx_word' id='word_1_435' title='bbox 2337 3185 2440 3239; x_wconf 79' lang='lat' dir='ltr'><strong>(ide</strong></span> <span class='ocrx_word' id='word_1_436' title='bbox 2471 3183 2544 3238; x_wconf 89' lang='lat' dir='ltr'><strong>ita</strong></span> <span class='ocrx_word' id='word_1_437' title='bbox 2579 3181 2842 3247; x_wconf 79' lang='lat' dir='ltr'><strong>scriptum</strong></span> <span class='ocrx_word' id='word_1_438' title='bbox 2876 3184 2960 3231; x_wconf 86' lang='lat' dir='ltr'><strong>est</strong></span> <span class='ocrx_word' id='word_1_439' title='bbox 2993 3191 3009 3228; x_wconf 87' lang='lat'><strong>:</strong></span> <span class='ocrx_word' id='word_1_440' title='bbox 3039 3173 3097 3227; x_wconf 92' lang='lat' dir='ltr'><strong>Si</strong></span> <span class='ocrx_word' id='word_1_441' title='bbox 3128 3186 3254 3225; x_wconf 90' lang='lat' dir='ltr'><strong>vero</strong></span> <span class='ocrx_word' id='word_1_442' title='bbox 3285 3168 3554 3239; x_wconf 88' lang='lat' dir='ltr'><strong>quispiam</strong></span> 
     </span>
    </p>
   </div>
   <div class='ocr_carea' id='block_1_63' title="bbox 290 3274 1885 3349">
    <p class='ocr_par' dir='ltr' id='par_1_63' title="bbox 290 3274 1885 3349">
     <span class='ocr_line' id='line_1_63' title="bbox 290 3274 1885 3349; baseline 0.006 -22"><span class='ocrx_word' id='word_1_443' title='bbox 290 3275 539 3345; x_wconf 83' lang='grc' dir='ltr'>γράφθαι</span> <span class='ocrx_word' id='word_1_444' title='bbox 569 3278 634 3346; x_wconf 79' lang='grc' dir='ltr'>τῇ</span> <span class='ocrx_word' id='word_1_445' title='bbox 672 3275 875 3349; x_wconf 84' lang='grc' dir='ltr'>πίστει,</span> <span class='ocrx_word' id='word_1_446' title='bbox 925 3277 1005 3330; x_wconf 81' lang='grc' dir='ltr'><strong>ὅτι</strong></span> <span class='ocrx_word' id='word_1_447' title='bbox 1066 3276 1193 3330; x_wconf 84' lang='grc' dir='ltr'>Ἐὰν</span> <span class='ocrx_word' id='word_1_448' title='bbox 1215 3275 1274 3329; x_wconf 74' lang='grc' dir='ltr'><strong>δέ</strong></span> <span class='ocrx_word' id='word_1_449' title='bbox 1301 3293 1387 3338; x_wconf 86' lang='grc' dir='ltr'><strong>τις</strong></span> <span class='ocrx_word' id='word_1_450' title='bbox 1420 3276 1557 3346; x_wconf 82' lang='grc' dir='ltr'>λέγῃ</span> <span class='ocrx_word' id='word_1_451' title='bbox 1589 3274 1649 3340; x_wconf 78' lang='grc' dir='ltr'>ἐξ</span> <span class='ocrx_word' id='word_1_452' title='bbox 1679 3274 1885 3342; x_wconf 73' lang='grc' dir='ltr'>ἑτέρας</span> 
     </span>
    </p>
   </div>
   <div class='ocr_carea' id='block_1_64' title="bbox 290 3361 1877 3445">
    <p class='ocr_par' dir='ltr' id='par_1_64' title="bbox 290 3361 1877 3436">
     <span class='ocr_line' id='line_1_64' title="bbox 290 3361 1877 3436; baseline -0.002 -16"><span class='ocrx_word' id='word_1_453' title='bbox 290 3366 489 3427; x_wconf 84' lang='grc' dir='ltr'>οὐσίας</span> <span class='ocrx_word' id='word_1_454' title='bbox 517 3366 550 3436; x_wconf 83' lang='grc' dir='ltr'><strong>ἥ</strong></span> <span class='ocrx_word' id='word_1_455' title='bbox 584 3366 935 3428; x_wconf 74' lang='grc' dir='ltr'>ὑποστάσεως</span> <span class='ocrx_word' id='word_1_456' title='bbox 969 3366 1061 3419; x_wconf 68' lang='grc' dir='ltr'>τὸν</span> <span class='ocrx_word' id='word_1_457' title='bbox 1084 3364 1232 3428; x_wconf 72' lang='grc' dir='ltr'>Υίδν,</span> <span class='ocrx_word' id='word_1_458' title='bbox 1253 3364 1446 3418; x_wconf 80' lang='grc' dir='ltr'>τοῦτον</span> <span class='ocrx_word' id='word_1_459' title='bbox 1481 3361 1877 3432; x_wconf 76' lang='grc' dir='ltr'>ἀναθεματίζει</span> 
     </span>
    </p>
   </div>
   <div class='ocr_carea' id='block_1_65' title="bbox 294 3454 1878 3528">
    <p class='ocr_par' dir='ltr' id='par_1_65' title="bbox 294 3454 1878 3528">
     <span class='ocr_line' id='line_1_65' title="bbox 294 3454 1878 3528; baseline -0.003 -16"><span class='ocrx_word' id='word_1_460' title='bbox 294 3460 329 3528; x_wconf 85' lang='grc' dir='ltr'><strong>ἡ</strong></span> <span class='ocrx_word' id='word_1_461' title='bbox 354 3457 620 3528; x_wconf 57' lang='lat' dir='ltr'><strong>War;</strong></span> <span class='ocrx_word' id='word_1_462' title='bbox 668 3458 763 3512; x_wconf 80' lang='grc' dir='ltr'>καὶ</span> <span class='ocrx_word' id='word_1_463' title='bbox 791 3457 1123 3528; x_wconf 78' lang='grc' dir='ltr'>ἀποστολικὴ</span> <span class='ocrx_word' id='word_1_464' title='bbox 1155 3456 1478 3526; x_wconf 80' lang='grc' dir='ltr'>Ἐκκλησία.</span> <span class='ocrx_word' id='word_1_465' title='bbox 1512 3454 1652 3509; x_wconf 84' lang='grc' dir='ltr'>Ἀλλ’</span> <span class='ocrx_word' id='word_1_466' title='bbox 1683 3455 1743 3508; x_wconf 88' lang='grc' dir='ltr'><strong>οὐ</strong></span> <span class='ocrx_word' id='word_1_467' title='bbox 1768 3454 1878 3525; x_wconf 84' lang='grc' dir='ltr'>γὰρ</span> 
     </span>
    </p>
   </div>
   <div class='ocr_carea' id='block_1_66' title="bbox 294 3546 1880 3618">
    <p class='ocr_par' dir='ltr' id='par_1_66' title="bbox 294 3546 1880 3618">
     <span class='ocr_line' id='line_1_66' title="bbox 294 3546 1880 3618; baseline -0.003 -13"><span class='ocrx_word' id='word_1_468' title='bbox 294 3551 504 3605; x_wconf 71' lang='grc' dir='ltr'>ταύτὸν</span> <span class='ocrx_word' id='word_1_469' title='bbox 551 3546 707 3605; x_wconf 77' lang='grc' dir='ltr'>εἷπον</span> <span class='ocrx_word' id='word_1_470' title='bbox 759 3553 1116 3616; x_wconf 68' lang='grc' dir='ltr'>ὲκεῖοὐσίαν</span> <span class='ocrx_word' id='word_1_471' title='bbox 1164 3552 1260 3606; x_wconf 75' lang='grc' dir='ltr'>καὶ</span> <span class='ocrx_word' id='word_1_472' title='bbox 1319 3550 1718 3605; x_wconf 85' lang='grc' dir='ltr'>ὑπόστασιν.Εί</span> <span class='ocrx_word' id='word_1_473' title='bbox 1769 3546 1880 3618; x_wconf 83' lang='grc' dir='ltr'><strong>γὰρ</strong></span> 
     </span>
    </p>
   </div>
   <div class='ocr_carea' id='block_1_67' title="bbox 1980 3260 3557 3344">
    <p class='ocr_par' dir='ltr' id='par_1_67' title="bbox 1980 3260 3557 3344">
     <span class='ocr_line' id='line_1_67' title="bbox 1980 3260 3557 3344; baseline -0.015 -8"><span class='ocrx_word' id='word_1_474' title='bbox 1980 3297 2043 3337; x_wconf 82' lang='lat' dir='ltr'><strong>ex</strong></span> <span class='ocrx_word' id='word_1_475' title='bbox 2074 3281 2180 3334; x_wconf 89' lang='lat' dir='ltr'><strong>alia</strong></span> <span class='ocrx_word' id='word_1_476' title='bbox 2211 3277 2469 3340; x_wconf 87' lang='lat' dir='ltr'><strong>essentia,</strong></span> <span class='ocrx_word' id='word_1_477' title='bbox 2500 3284 2591 3329; x_wconf 89' lang='lat' dir='ltr'><strong>aut</strong></span> <span class='ocrx_word' id='word_1_478' title='bbox 2618 3270 2891 3344; x_wconf 85' lang='lat' dir='ltr'><strong>hypostasi</strong></span> <span class='ocrx_word' id='word_1_479' title='bbox 2930 3266 3124 3320; x_wconf 85' lang='lat' dir='ltr'><strong>Filium</strong></span> <span class='ocrx_word' id='word_1_480' title='bbox 3160 3279 3280 3319; x_wconf 90' lang='lat' dir='ltr'><strong>esse</strong></span> <span class='ocrx_word' id='word_1_481' title='bbox 3334 3260 3557 3324; x_wconf 73' lang='lat' dir='ltr'><strong>dixerit.</strong></span> 
     </span>
    </p>
   </div>
   <div class='ocr_carea' id='block_1_68' title="bbox 1983 3350 3562 3432">
    <p class='ocr_par' dir='ltr' id='par_1_68' title="bbox 1983 3350 3562 3432">
     <span class='ocr_line' id='line_1_68' title="bbox 1983 3350 3562 3432; baseline -0.015 -6"><span class='ocrx_word' id='word_1_482' title='bbox 1983 3371 2132 3426; x_wconf 89' lang='lat' dir='ltr'><strong>hunc</strong></span> <span class='ocrx_word' id='word_1_483' title='bbox 2182 3367 2527 3425; x_wconf 88' lang='lat' dir='ltr'><strong>anathemate</strong></span> <span class='ocrx_word' id='word_1_484' title='bbox 2598 3362 2775 3432; x_wconf 73' lang='lat' dir='ltr'><strong>reiicit</strong></span> <span class='ocrx_word' id='word_1_485' title='bbox 2835 3358 3101 3414; x_wconf 79' lang='lat' dir='ltr'><strong>catholica</strong></span> <span class='ocrx_word' id='word_1_486' title='bbox 3148 3364 3203 3408; x_wconf 89' lang='lat' dir='ltr'><strong>et</strong></span> <span class='ocrx_word' id='word_1_487' title='bbox 3262 3350 3562 3422; x_wconf 84' lang='lat' dir='ltr'><strong>apostolica</strong></span> 
     </span>
    </p>
   </div>
   <div class='ocr_carea' id='block_1_69' title="bbox 1986 3445 3566 3519">
    <p class='ocr_par' dir='ltr' id='par_1_69' title="bbox 1986 3445 3566 3519">
     <span class='ocr_line' id='line_1_69' title="bbox 1986 3445 3566 3519; baseline -0.015 -1"><span class='ocrx_word' id='word_1_488' title='bbox 1986 3462 2249 3519; x_wconf 87' lang='lat' dir='ltr'><strong>Ecclesia.</strong></span> <span class='ocrx_word' id='word_1_489' title='bbox 2280 3464 2349 3515; x_wconf 89' lang='lat' dir='ltr'><strong>At</strong></span> <span class='ocrx_word' id='word_1_490' title='bbox 2372 3473 2503 3513; x_wconf 83' lang='lat' dir='ltr'><strong>vero</strong></span> <span class='ocrx_word' id='word_1_491' title='bbox 2532 3470 2639 3511; x_wconf 90' lang='lat' dir='ltr'><strong>nou</strong></span> <span class='ocrx_word' id='word_1_492' title='bbox 2659 3455 2797 3508; x_wconf 91' lang='lat' dir='ltr'><strong>idem</strong></span> <span class='ocrx_word' id='word_1_493' title='bbox 2829 3468 2950 3508; x_wconf 80' lang='lat' dir='ltr'><strong>esse</strong></span> <span class='ocrx_word' id='word_1_494' title='bbox 2972 3451 3228 3504; x_wconf 80' lang='lat' dir='ltr'><strong>dixerunt</strong></span> <span class='ocrx_word' id='word_1_495' title='bbox 3260 3445 3334 3499; x_wconf 93' lang='lat' dir='ltr'><strong>illi</strong></span> <span class='ocrx_word' id='word_1_496' title='bbox 3378 3458 3566 3498; x_wconf 80' lang='lat' dir='ltr'><strong>essen-</strong></span> 
     </span>
    </p>
   </div>
   <div class='ocr_carea' id='block_1_70' title="bbox 1986 3540 3566 3624">
    <p class='ocr_par' dir='ltr' id='par_1_70' title="bbox 1986 3540 3566 3624">
     <span class='ocr_line' id='line_1_70' title="bbox 1986 3540 3566 3624; baseline -0.015 -15"><span class='ocrx_word' id='word_1_497' title='bbox 1986 3555 2118 3610; x_wconf 88' lang='lat' dir='ltr'><strong>tiam</strong></span> <span class='ocrx_word' id='word_1_498' title='bbox 2151 3559 2204 3608; x_wconf 90' lang='lat' dir='ltr'><strong>et</strong></span> <span class='ocrx_word' id='word_1_499' title='bbox 2250 3548 2607 3624; x_wconf 85' lang='lat' dir='ltr'><strong>hypostasim.</strong></span> <span class='ocrx_word' id='word_1_500' title='bbox 2655 3543 2712 3601; x_wconf 90' lang='lat' dir='ltr'><strong>Si</strong></span> <span class='ocrx_word' id='word_1_501' title='bbox 2750 3547 2894 3599; x_wconf 91' lang='lat' dir='ltr'><strong>enim</strong></span> <span class='ocrx_word' id='word_1_502' title='bbox 2932 3556 3095 3596; x_wconf 87' lang='lat' dir='ltr'><strong>voces</strong></span> <span class='ocrx_word' id='word_1_503' title='bbox 3142 3540 3260 3594; x_wconf 70' lang='lat' dir='ltr'><strong>istae</strong></span> <span class='ocrx_word' id='word_1_504' title='bbox 3305 3553 3466 3590; x_wconf 90' lang='lat' dir='ltr'><strong>unam</strong></span> <span class='ocrx_word' id='word_1_505' title='bbox 3510 3541 3566 3587; x_wconf 90' lang='lat' dir='ltr'><strong>et</strong></span> 
     </span>
    </p>
   </div>
   <div class='ocr_carea' id='block_1_71' title="bbox 272 3627 1875 3713">
    <p class='ocr_par' dir='ltr' id='par_1_71' title="bbox 272 3638 1875 3713">
     <span class='ocr_line' id='line_1_71' title="bbox 272 3638 1875 3713; baseline -0.002 -19"><span class='ocrx_word' id='word_1_506' title='bbox 272 3638 433 3709; x_wconf 74' lang='grc' dir='ltr'>’μίαν</span> <span class='ocrx_word' id='word_1_507' title='bbox 464 3640 560 3693; x_wconf 72' lang='grc' dir='ltr'><strong>καὶ</strong></span> <span class='ocrx_word' id='word_1_508' title='bbox 587 3640 686 3711; x_wconf 80' lang='grc' dir='ltr'><strong>τὴν</strong></span> <span class='ocrx_word' id='word_1_509' title='bbox 717 3641 892 3713; x_wconf 81' lang='grc' dir='ltr'>αὐτὴν</span> <span class='ocrx_word' id='word_1_510' title='bbox 947 3640 1174 3711; x_wconf 81' lang='grc' dir='ltr'>ἐδήλουν</span> <span class='ocrx_word' id='word_1_511' title='bbox 1217 3640 1431 3696; x_wconf 73' lang='grc' dir='ltr'>ἔννοιαν</span> <span class='ocrx_word' id='word_1_512' title='bbox 1483 3642 1539 3695; x_wconf 78' lang='lat' dir='ltr'><strong>al</strong></span> <span class='ocrx_word' id='word_1_513' title='bbox 1585 3638 1780 3711; x_wconf 71' lang='grc' dir='ltr'>φωναὶ,</span> <span class='ocrx_word' id='word_1_514' title='bbox 1798 3639 1875 3701; x_wconf 86' lang='grc' dir='ltr'><strong>τίς</strong></span> 
     </span>
    </p>
   </div>
   <div class='ocr_carea' id='block_1_72' title="bbox 1986 3627 3563 3713">
    <p class='ocr_par' dir='ltr' id='par_1_72' title="bbox 1986 3627 3563 3711">
     <span class='ocr_line' id='line_1_72' title="bbox 1986 3627 3563 3711; baseline -0.017 -10"><span class='ocrx_word' id='word_1_515' title='bbox 1986 3646 2230 3700; x_wconf 87' lang='lat' dir='ltr'><strong>eamdem</strong></span> <span class='ocrx_word' id='word_1_516' title='bbox 2287 3636 2740 3711; x_wconf 78' lang='lat' dir='ltr'><strong>signiﬁcationem</strong></span> <span class='ocrx_word' id='word_1_517' title='bbox 2801 3633 3106 3692; x_wconf 88' lang='lat' dir='ltr'><strong>haberent,</strong></span> <span class='ocrx_word' id='word_1_518' title='bbox 3162 3629 3290 3696; x_wconf 91' lang='lat' dir='ltr'><strong>quid</strong></span> <span class='ocrx_word' id='word_1_519' title='bbox 3355 3627 3563 3679; x_wconf 84' lang='lat' dir='ltr'><strong>alteru-</strong></span> 
     </span>
    </p>
   </div>
   <div class='ocr_carea' id='block_1_73' title="bbox 296 3727 1884 3803">
    <p class='ocr_par' dir='ltr' id='par_1_73' title="bbox 296 3727 1884 3803">
     <span class='ocr_line' id='line_1_73' title="bbox 296 3727 1884 3803; baseline -0.002 -18"><span class='ocrx_word' id='word_1_520' title='bbox 296 3732 465 3803; x_wconf 82' lang='grc' dir='ltr'>χρεία</span> <span class='ocrx_word' id='word_1_521' title='bbox 500 3727 569 3802; x_wconf 85' lang='grc' dir='ltr'>ἦν</span> <span class='ocrx_word' id='word_1_522' title='bbox 617 3733 932 3803; x_wconf 77' lang='grc' dir='ltr'>ἑκατέρωνς</span> <span class='ocrx_word' id='word_1_523' title='bbox 980 3734 1117 3787; x_wconf 87' lang='grc' dir='ltr'><strong>ἀλλά</strong></span> <span class='ocrx_word' id='word_1_524' title='bbox 1151 3733 1310 3803; x_wconf 79' lang='grc' dir='ltr'>δῆλον</span> <span class='ocrx_word' id='word_1_525' title='bbox 1356 3735 1462 3797; x_wconf 79' lang='grc' dir='ltr'>ὅτι,</span> <span class='ocrx_word' id='word_1_526' title='bbox 1492 3732 1570 3794; x_wconf 83' lang='grc' dir='ltr'><strong>ὡς</strong></span> <span class='ocrx_word' id='word_1_527' title='bbox 1624 3731 1735 3788; x_wconf 86' lang='grc' dir='ltr'><strong>τῶν</strong></span> <span class='ocrx_word' id='word_1_528' title='bbox 1784 3731 1884 3800; x_wconf 83' lang='grc' dir='ltr'><strong>μὲν</strong></span> 
     </span>
    </p>
   </div>
   <div class='ocr_carea' id='block_1_74' title="bbox 297 3819 1885 3893">
    <p class='ocr_par' dir='ltr' id='par_1_74' title="bbox 297 3819 1885 3893">
     <span class='ocr_line' id='line_1_74' title="bbox 297 3819 1885 3893; baseline -0.004 -15"><span class='ocrx_word' id='word_1_529' title='bbox 297 3824 655 3893; x_wconf 78' lang='grc' dir='ltr'>ἀρνουμένων</span> <span class='ocrx_word' id='word_1_530' title='bbox 683 3823 743 3876; x_wconf 79' lang='grc' dir='ltr'><strong>τὸ</strong></span> <span class='ocrx_word' id='word_1_531' title='bbox 774 3826 836 3876; x_wconf 82' lang='grc' dir='ltr'><strong>ὲκ</strong></span> <span class='ocrx_word' id='word_1_532' title='bbox 863 3824 961 3893; x_wconf 79' lang='grc' dir='ltr'>τῆς</span> <span class='ocrx_word' id='word_1_533' title='bbox 994 3824 1180 3885; x_wconf 81' lang='grc' dir='ltr'>οὐσίας</span> <span class='ocrx_word' id='word_1_534' title='bbox 1209 3819 1349 3878; x_wconf 77' lang='grc' dir='ltr'>εἶναι</span> <span class='ocrx_word' id='word_1_535' title='bbox 1376 3822 1475 3876; x_wconf 87' lang='lat'><strong>106</strong></span> <span class='ocrx_word' id='word_1_536' title='bbox 1512 3822 1745 3893; x_wconf 70' lang='grc' dir='ltr'>Πατρὸς,</span> <span class='ocrx_word' id='word_1_537' title='bbox 1773 3821 1885 3873; x_wconf 83' lang='grc' dir='ltr'><strong>τῶν</strong></span> 
     </span>
    </p>
   </div>
   <div class='ocr_carea' id='block_1_75' title="bbox 298 3912 1886 3984">
    <p class='ocr_par' dir='ltr' id='par_1_75' title="bbox 298 3912 1886 3984">
     <span class='ocr_line' id='line_1_75' title="bbox 298 3912 1886 3984; baseline -0.003 -14"><span class='ocrx_word' id='word_1_538' title='bbox 298 3918 355 3970; x_wconf 78' lang='grc' dir='ltr'><strong>δὲ</strong></span> <span class='ocrx_word' id='word_1_539' title='bbox 384 3916 661 3984; x_wconf 81' lang='grc' dir='ltr'>λεγόντων</span> <span class='ocrx_word' id='word_1_540' title='bbox 699 3914 824 3968; x_wconf 77' lang='grc' dir='ltr'>οὗτε</span> <span class='ocrx_word' id='word_1_541' title='bbox 850 3917 913 3969; x_wconf 83' lang='grc' dir='ltr'><strong>ὲκ</strong></span> <span class='ocrx_word' id='word_1_542' title='bbox 940 3917 1039 3984; x_wconf 79' lang='grc' dir='ltr'>τῆς</span> <span class='ocrx_word' id='word_1_543' title='bbox 1069 3916 1441 3980; x_wconf 77' lang='grc' dir='ltr'>ὑποστάσεως,</span> <span class='ocrx_word' id='word_1_544' title='bbox 1462 3915 1579 3970; x_wconf 84' lang='grc' dir='ltr'>ἀλλ’</span> <span class='ocrx_word' id='word_1_545' title='bbox 1625 3914 1683 3980; x_wconf 79' lang='grc' dir='ltr'><strong>ἐξ</strong></span> <span class='ocrx_word' id='word_1_546' title='bbox 1718 3912 1886 3979; x_wconf 73' lang='grc' dir='ltr'>ἄλλης</span> 
     </span>
    </p>
   </div>
   <div class='ocr_carea' id='block_1_76' title="bbox 298 4001 1884 4078">
    <p class='ocr_par' dir='ltr' id='par_1_76' title="bbox 298 4001 1884 4078">
     <span class='ocr_line' id='line_1_76' title="bbox 298 4001 1884 4078; baseline -0.004 -17"><span class='ocrx_word' id='word_1_547' title='bbox 298 4009 447 4071; x_wconf 79' lang='grc' dir='ltr'>τινὸς</span> <span class='ocrx_word' id='word_1_548' title='bbox 472 4006 850 4069; x_wconf 77' lang='grc' dir='ltr'>ὑποστάσεως,</span> <span class='ocrx_word' id='word_1_549' title='bbox 875 4006 1048 4070; x_wconf 77' lang='grc' dir='ltr'>οὕτως</span> <span class='ocrx_word' id='word_1_550' title='bbox 1081 4007 1367 4078; x_wconf 73' lang='grc' dir='ltr'>ἀμφότερα</span> <span class='ocrx_word' id='word_1_551' title='bbox 1398 4005 1759 4076; x_wconf 73' lang='grc' dir='ltr'>(ὓς-ἀλλότρια</span> <span class='ocrx_word' id='word_1_552' title='bbox 1784 4001 1884 4056; x_wconf 91' lang='lat'><strong>106</strong></span> 
     </span>
    </p>
   </div>
   <div class='ocr_carea' id='block_1_77' title="bbox 303 4096 1887 4170">
    <p class='ocr_par' dir='ltr' id='par_1_77' title="bbox 303 4096 1887 4170">
     <span class='ocr_line' id='line_1_77' title="bbox 303 4096 1887 4170; baseline -0.005 -16"><span class='ocrx_word' id='word_1_553' title='bbox 303 4098 768 4168; x_wconf 77' lang='grc' dir='ltr'>ἑκκλησιαστικοῦ</span> <span class='ocrx_word' id='word_1_554' title='bbox 821 4099 1171 4169; x_wconf 79' lang='grc' dir='ltr'>φρονήματος</span> <span class='ocrx_word' id='word_1_555' title='bbox 1231 4098 1646 4170; x_wconf 76' lang='grc' dir='ltr'>ἀπηγόρευσαν.</span> <span class='ocrx_word' id='word_1_556' title='bbox 1711 4096 1887 4161; x_wconf 76' lang='grc' dir='ltr'>Ἐπεὶ,</span> 
     </span>
    </p>
   </div>
   <div class='ocr_carea' id='block_1_78' title="bbox 1987 3717 3562 3804">
    <p class='ocr_par' dir='ltr' id='par_1_78' title="bbox 1987 3717 3562 3804">
     <span class='ocr_line' id='line_1_78' title="bbox 1987 3717 3562 3804; baseline -0.016 -12"><span class='ocrx_word' id='word_1_557' title='bbox 1987 3746 2123 3793; x_wconf 88' lang='lat' dir='ltr'><strong>tram</strong></span> <span class='ocrx_word' id='word_1_558' title='bbox 2163 3747 2365 3804; x_wconf 90' lang='lat' dir='ltr'><strong>ponere</strong></span> <span class='ocrx_word' id='word_1_559' title='bbox 2416 3745 2555 3798; x_wconf 91' lang='lat' dir='ltr'><strong>opus</strong></span> <span class='ocrx_word' id='word_1_560' title='bbox 2585 3726 2813 3781; x_wconf 80' lang='lat' dir='ltr'><strong>fuisset?</strong></span> <span class='ocrx_word' id='word_1_561' title='bbox 2844 3723 2950 3777; x_wconf 89' lang='lat' dir='ltr'><strong>Sed</strong></span> <span class='ocrx_word' id='word_1_562' title='bbox 2983 3722 3149 3789; x_wconf 90' lang='lat' dir='ltr'><strong>liquet</strong></span> <span class='ocrx_word' id='word_1_563' title='bbox 3192 3720 3312 3773; x_wconf 89' lang='lat' dir='ltr'><strong>ideo</strong></span> <span class='ocrx_word' id='word_1_564' title='bbox 3336 3717 3562 3785; x_wconf 85' lang='lat' dir='ltr'><strong>positas,</strong></span> 
     </span>
    </p>
   </div>
   <div class='ocr_carea' id='block_1_79' title="bbox 1986 3807 3568 3898">
    <p class='ocr_par' dir='ltr' id='par_1_79' title="bbox 1986 3807 3568 3898">
     <span class='ocr_line' id='line_1_79' title="bbox 1986 3807 3568 3898; baseline -0.014 -16"><span class='ocrx_word' id='word_1_565' title='bbox 1986 3826 2131 3898; x_wconf 91' lang='lat' dir='ltr'><strong>quod</strong></span> <span class='ocrx_word' id='word_1_566' title='bbox 2185 3839 2308 3878; x_wconf 84' lang='lat' dir='ltr'><strong>cum</strong></span> <span class='ocrx_word' id='word_1_567' title='bbox 2354 3822 2447 3876; x_wconf 89' lang='lat' dir='ltr'><strong>alii</strong></span> <span class='ocrx_word' id='word_1_568' title='bbox 2496 3807 2717 3889; x_wconf 88' lang='lat' dir='ltr'><strong>quidam</strong></span> <span class='ocrx_word' id='word_1_569' title='bbox 2769 3815 2969 3868; x_wconf 90' lang='lat' dir='ltr'><strong>Filium</strong></span> <span class='ocrx_word' id='word_1_570' title='bbox 3003 3827 3125 3867; x_wconf 90' lang='lat' dir='ltr'><strong>esse</strong></span> <span class='ocrx_word' id='word_1_571' title='bbox 3161 3827 3225 3866; x_wconf 84' lang='lat' dir='ltr'><strong>ex</strong></span> <span class='ocrx_word' id='word_1_572' title='bbox 3268 3809 3444 3865; x_wconf 77' lang='lat' dir='ltr'><strong>Patris</strong></span> <span class='ocrx_word' id='word_1_573' title='bbox 3479 3821 3568 3861; x_wconf 76' lang='lat' dir='ltr'><strong>es~</strong></span> 
     </span>
    </p>
   </div>
   <div class='ocr_carea' id='block_1_80' title="bbox 1987 3911 3568 3987">
    <p class='ocr_par' dir='ltr' id='par_1_80' title="bbox 1987 3911 3568 3987">
     <span class='ocr_line' id='line_1_80' title="bbox 1987 3911 3568 3987; baseline -0.015 -11"><span class='ocrx_word' id='word_1_574' title='bbox 1987 3919 2165 3976; x_wconf 84' lang='lat' dir='ltr'><strong>scntia</strong></span> <span class='ocrx_word' id='word_1_575' title='bbox 2215 3922 2520 3987; x_wconf 79' lang='lat' dir='ltr'><strong>negarent,</strong></span> <span class='ocrx_word' id='word_1_576' title='bbox 2575 3911 2665 3965; x_wconf 83' lang='lat' dir='ltr'><strong>alii</strong></span> <span class='ocrx_word' id='word_1_577' title='bbox 2724 3925 2852 3963; x_wconf 68' lang='lat' dir='ltr'><strong>vero</strong></span> <span class='ocrx_word' id='word_1_578' title='bbox 2903 3923 3010 3961; x_wconf 90' lang='lat' dir='ltr'><strong>non</strong></span> <span class='ocrx_word' id='word_1_579' title='bbox 3071 3920 3194 3960; x_wconf 90' lang='lat' dir='ltr'><strong>esse</strong></span> <span class='ocrx_word' id='word_1_580' title='bbox 3249 3918 3312 3958; x_wconf 78' lang='lat' dir='ltr'><strong>ex</strong></span> <span class='ocrx_word' id='word_1_581' title='bbox 3376 3915 3568 3954; x_wconf 69' lang='grc' dir='ltr'>εδει-ιι-</span> 
     </span>
    </p>
   </div>
   <div class='ocr_carea' id='block_1_81' title="bbox 1990 3990 3566 4070">
    <p class='ocr_par' dir='ltr' id='par_1_81' title="bbox 1990 3990 3566 4070">
     <span class='ocr_line' id='line_1_81' title="bbox 1990 3990 3566 4070; baseline -0.015 -4"><span class='ocrx_word' id='word_1_582' title='bbox 1990 4013 2062 4066; x_wconf 91' lang='lat' dir='ltr'><strong>tia</strong></span> <span class='ocrx_word' id='word_1_583' title='bbox 2111 4009 2388 4070; x_wconf 88' lang='lat' dir='ltr'><strong>dicereut,</strong></span> <span class='ocrx_word' id='word_1_584' title='bbox 2441 4004 2534 4059; x_wconf 91' lang='lat' dir='ltr'><strong>sed</strong></span> <span class='ocrx_word' id='word_1_585' title='bbox 2581 4016 2647 4056; x_wconf 77' lang='lat' dir='ltr'><strong>ex</strong></span> <span class='ocrx_word' id='word_1_586' title='bbox 2697 4000 2799 4055; x_wconf 88' lang='lat' dir='ltr'><strong>alia</strong></span> <span class='ocrx_word' id='word_1_587' title='bbox 2847 3998 3081 4068; x_wconf 90' lang='lat' dir='ltr'><strong>quadam</strong></span> <span class='ocrx_word' id='word_1_588' title='bbox 3139 3990 3457 4066; x_wconf 82' lang='lat' dir='ltr'><strong>hypostasi,</strong></span> <span class='ocrx_word' id='word_1_589' title='bbox 3492 3993 3566 4044; x_wconf 85' lang='lat' dir='ltr'><strong>ita</strong></span> 
     </span>
    </p>
   </div>
   <div class='ocr_carea' id='block_1_82' title="bbox 1991 4089 3564 4173">
    <p class='ocr_par' dir='ltr' id='par_1_82' title="bbox 1991 4089 3564 4173">
     <span class='ocr_line' id='line_1_82' title="bbox 1991 4089 3564 4173; baseline -0.015 -15"><span class='ocrx_word' id='word_1_590' title='bbox 1991 4090 2103 4173; x_wconf 77' lang='lat' dir='ltr'><strong>ipsi</strong></span> <span class='ocrx_word' id='word_1_591' title='bbox 2124 4111 2414 4169; x_wconf 89' lang='lat' dir='ltr'><strong>utramque</strong></span> <span class='ocrx_word' id='word_1_592' title='bbox 2442 4095 2754 4167; x_wconf 89' lang='lat' dir='ltr'><strong>opinionem</strong></span> <span class='ocrx_word' id='word_1_593' title='bbox 2788 4101 3045 4161; x_wconf 89' lang='lat' dir='ltr'><strong>tauquam</strong></span> <span class='ocrx_word' id='word_1_594' title='bbox 3083 4089 3319 4142; x_wconf 80' lang='lat' dir='ltr'><strong>alienant</strong></span> <span class='ocrx_word' id='word_1_595' title='bbox 3342 4100 3373 4139; x_wconf 89' lang='lat' dir='ltr'><strong>a</strong></span> <span class='ocrx_word' id='word_1_596' title='bbox 3401 4098 3564 4137; x_wconf 77' lang='lat' dir='ltr'><strong>Sensu</strong></span> 
     </span>
    </p>
   </div>
   <div class='ocr_carea' id='block_1_83' title="bbox 303 4181 1875 4261">
    <p class='ocr_par' dir='ltr' id='par_1_83' title="bbox 303 4183 1875 4261">
     <span class='ocr_line' id='line_1_83' title="bbox 303 4183 1875 4261; baseline -0.004 -15"><span class='ocrx_word' id='word_1_597' title='bbox 303 4194 445 4246; x_wconf 77' lang='grc' dir='ltr'>ὅπου</span> <span class='ocrx_word' id='word_1_598' title='bbox 479 4206 542 4259; x_wconf 80' lang='grc' dir='ltr'><strong>γε</strong></span> <span class='ocrx_word' id='word_1_599' title='bbox 580 4189 640 4242; x_wconf 74' lang='grc' dir='ltr'>τὸ</span> <span class='ocrx_word' id='word_1_600' title='bbox 672 4189 881 4242; x_wconf 79' lang='grc' dir='ltr'>ἑαυτῶν</span> <span class='ocrx_word' id='word_1_601' title='bbox 924 4188 1145 4261; x_wconf 76' lang='grc' dir='ltr'>ἐδήλουν</span> <span class='ocrx_word' id='word_1_602' title='bbox 1176 4188 1450 4260; x_wconf 73' lang='grc' dir='ltr'>φρόνημα,</span> <span class='ocrx_word' id='word_1_603' title='bbox 1476 4183 1630 4242; x_wconf 78' lang='grc' dir='ltr'>εἷπον</span> <span class='ocrx_word' id='word_1_604' title='bbox 1682 4188 1748 4240; x_wconf 77' lang='grc' dir='ltr'><strong>ἐκ</strong></span> <span class='ocrx_word' id='word_1_605' title='bbox 1790 4189 1875 4256; x_wconf 73' lang='grc' dir='ltr'><strong>τῆς</strong></span> 
     </span>
    </p>
   </div>
   <div class='ocr_carea' id='block_1_84' title="bbox 1986 4181 3560 4261">
    <p class='ocr_par' dir='ltr' id='par_1_84' title="bbox 1989 4181 3560 4257">
     <span class='ocr_line' id='line_1_84' title="bbox 1989 4181 3560 4257; baseline -0.016 -6"><span class='ocrx_word' id='word_1_606' title='bbox 1989 4191 2359 4251; x_wconf 86' lang='lat' dir='ltr'><strong>ecclesiastico</strong></span> <span class='ocrx_word' id='word_1_607' title='bbox 2390 4188 2716 4257; x_wconf 79' lang='lat' dir='ltr'><strong>reiecerunt.</strong></span> <span class='ocrx_word' id='word_1_608' title='bbox 2754 4182 2973 4252; x_wconf 78' lang='lat' dir='ltr'><strong>Alioqui</strong></span> <span class='ocrx_word' id='word_1_609' title='bbox 3018 4181 3110 4234; x_wconf 89' lang='lat' dir='ltr'><strong>ubi</strong></span> <span class='ocrx_word' id='word_1_610' title='bbox 3145 4190 3379 4233; x_wconf 88' lang='lat' dir='ltr'><strong>mentem</strong></span> <span class='ocrx_word' id='word_1_611' title='bbox 3406 4188 3560 4229; x_wconf 89' lang='lat' dir='ltr'><strong>suam</strong></span> 
     </span>
    </p>
   </div>
   <div class='ocr_carea' id='block_1_85' title="bbox 304 4264 1875 4355">
    <p class='ocr_par' dir='ltr' id='par_1_85' title="bbox 304 4281 1875 4354">
     <span class='ocr_line' id='line_1_85' title="bbox 304 4281 1875 4354; baseline -0.003 -15"><span class='ocrx_word' id='word_1_612' title='bbox 304 4285 503 4347; x_wconf 79' lang='grc' dir='ltr'>οὐσίας</span> <span class='ocrx_word' id='word_1_613' title='bbox 535 4284 631 4338; x_wconf 84' lang='lat'><strong>106</strong></span> <span class='ocrx_word' id='word_1_614' title='bbox 663 4282 879 4353; x_wconf 83' lang='grc' dir='ltr'>Πατρὸς</span> <span class='ocrx_word' id='word_1_615' title='bbox 912 4283 1002 4337; x_wconf 83' lang='grc' dir='ltr'><strong>τὸν</strong></span> <span class='ocrx_word' id='word_1_616' title='bbox 1036 4284 1186 4346; x_wconf 83' lang='grc' dir='ltr'>Υίὸν,</span> <span class='ocrx_word' id='word_1_617' title='bbox 1213 4284 1401 4338; x_wconf 79' lang='grc' dir='ltr'>οὐκέτι</span> <span class='ocrx_word' id='word_1_618' title='bbox 1435 4282 1762 4354; x_wconf 82' lang='grc' dir='ltr'>προσθέντες</span> <span class='ocrx_word' id='word_1_619' title='bbox 1791 4281 1875 4335; x_wconf 45' lang='grc' dir='ltr'><strong>καὑ</strong></span> 
     </span>
    </p>
   </div>
   <div class='ocr_carea' id='block_1_86' title="bbox 1986 4264 3566 4355">
    <p class='ocr_par' dir='ltr' id='par_1_86' title="bbox 1992 4264 3566 4355">
     <span class='ocr_line' id='line_1_86' title="bbox 1992 4264 3566 4355; baseline -0.017 -13"><span class='ocrx_word' id='word_1_620' title='bbox 1992 4285 2309 4355; x_wconf 87' lang='lat' dir='ltr'><strong>simpliciter</strong></span> <span class='ocrx_word' id='word_1_621' title='bbox 2353 4281 2726 4341; x_wconf 85' lang='lat' dir='ltr'><strong>declararunt,</strong></span> <span class='ocrx_word' id='word_1_622' title='bbox 2765 4293 2832 4330; x_wconf 80' lang='lat' dir='ltr'><strong>ex</strong></span> <span class='ocrx_word' id='word_1_623' title='bbox 2883 4273 3060 4328; x_wconf 83' lang='lat' dir='ltr'><strong>Patris</strong></span> <span class='ocrx_word' id='word_1_624' title='bbox 3091 4269 3329 4325; x_wconf 88' lang='lat' dir='ltr'><strong>essentia</strong></span> <span class='ocrx_word' id='word_1_625' title='bbox 3369 4264 3566 4319; x_wconf 83' lang='lat' dir='ltr'><strong>Filium</strong></span> 
     </span>
    </p>
   </div>
   <div class='ocr_carea' id='block_1_87' title="bbox 302 4358 1875 4444">
    <p class='ocr_par' dir='ltr' id='par_1_87' title="bbox 302 4374 1875 4444">
     <span class='ocr_line' id='line_1_87' title="bbox 302 4374 1875 4444; baseline -0.003 -14"><span class='ocrx_word' id='word_1_626' title='bbox 302 4376 366 4430; x_wconf 83' lang='lat'><strong>16</strong></span> <span class='ocrx_word' id='word_1_627' title='bbox 396 4377 462 4429; x_wconf 73' lang='grc' dir='ltr'><strong>ὲκ</strong></span> <span class='ocrx_word' id='word_1_628' title='bbox 491 4377 591 4444; x_wconf 80' lang='grc' dir='ltr'><strong>τῆς</strong></span> <span class='ocrx_word' id='word_1_629' title='bbox 620 4374 988 4439; x_wconf 82' lang='grc' dir='ltr'>ὑποστάσεως,</span> <span class='ocrx_word' id='word_1_630' title='bbox 1019 4374 1092 4438; x_wconf 85' lang='grc' dir='ltr'>ὥς</span> <span class='ocrx_word' id='word_1_631' title='bbox 1122 4392 1181 4427; x_wconf 79' lang='grc' dir='ltr'><strong>τε</strong></span> <span class='ocrx_word' id='word_1_632' title='bbox 1200 4374 1376 4428; x_wconf 80' lang='grc' dir='ltr'>ἐκεῖνο</span> <span class='ocrx_word' id='word_1_633' title='bbox 1400 4375 1497 4444; x_wconf 78' lang='grc' dir='ltr'><strong>μὲν</strong></span> <span class='ocrx_word' id='word_1_634' title='bbox 1520 4376 1606 4427; x_wconf 73' lang='grc' dir='ltr'><strong>ἐπ’</strong></span> <span class='ocrx_word' id='word_1_635' title='bbox 1637 4375 1875 4444; x_wconf 63' lang='grc' dir='ltr'>ἀθετήσει</span> 
     </span>
    </p>
   </div>
   <div class='ocr_carea' id='block_1_88' title="bbox 1986 4358 3571 4444">
    <p class='ocr_par' dir='ltr' id='par_1_88' title="bbox 1992 4358 3571 4435">
     <span class='ocr_line' id='line_1_88' title="bbox 1992 4358 3571 4435; baseline -0.016 -3"><span class='ocrx_word' id='word_1_636' title='bbox 1992 4391 2114 4432; x_wconf 84' lang='lat' dir='ltr'><strong>esse</strong></span> <span class='ocrx_word' id='word_1_637' title='bbox 2140 4375 2420 4435; x_wconf 80' lang='lat' dir='ltr'><strong>dixerunt,</strong></span> <span class='ocrx_word' id='word_1_638' title='bbox 2475 4385 2572 4423; x_wconf 89' lang='lat' dir='ltr'><strong>nec</strong></span> <span class='ocrx_word' id='word_1_639' title='bbox 2598 4366 2979 4433; x_wconf 74' lang='lat' dir='ltr'><strong>adjumerunt,</strong></span> <span class='ocrx_word' id='word_1_640' title='bbox 3023 4363 3089 4416; x_wconf 84' lang='lat' dir='ltr'><strong>Et</strong></span> <span class='ocrx_word' id='word_1_641' title='bbox 3121 4377 3187 4414; x_wconf 84' lang='lat' dir='ltr'><strong>ex</strong></span> <span class='ocrx_word' id='word_1_642' title='bbox 3224 4360 3366 4411; x_wconf 89' lang='lat' dir='ltr'><strong>illius</strong></span> <span class='ocrx_word' id='word_1_643' title='bbox 3400 4358 3571 4426; x_wconf 82' lang='lat' dir='ltr'><strong>hypo-</strong></span> 
     </span>
    </p>
   </div>
   <div class='ocr_carea' id='block_1_89' title="bbox 302 4448 1875 4538">
    <p class='ocr_par' dir='ltr' id='par_1_89' title="bbox 302 4466 1875 4538">
     <span class='ocr_line' id='line_1_89' title="bbox 302 4466 1875 4538; baseline -0.001 -17"><span class='ocrx_word' id='word_1_644' title='bbox 302 4472 487 4521; x_wconf 80' lang='grc' dir='ltr'>κεῖται</span> <span class='ocrx_word' id='word_1_645' title='bbox 514 4467 608 4521; x_wconf 82' lang='lat'><strong>106</strong></span> <span class='ocrx_word' id='word_1_646' title='bbox 636 4467 871 4536; x_wconf 82' lang='grc' dir='ltr'>πονηροῦ</span> <span class='ocrx_word' id='word_1_647' title='bbox 909 4469 1275 4538; x_wconf 78' lang='grc' dir='ltr'>φρονήματος.</span> <span class='ocrx_word' id='word_1_648' title='bbox 1316 4466 1478 4521; x_wconf 81' lang='grc' dir='ltr'>τοῦτο</span> <span class='ocrx_word' id='word_1_649' title='bbox 1498 4468 1552 4521; x_wconf 83' lang='grc' dir='ltr'><strong>δὲ</strong></span> <span class='ocrx_word' id='word_1_650' title='bbox 1577 4467 1875 4537; x_wconf 62' lang='grc' dir='ltr'>φανέρωσιη</span> 
     </span>
    </p>
   </div>
   <div class='ocr_carea' id='block_1_90' title="bbox 1986 4448 3568 4538">
    <p class='ocr_par' dir='ltr' id='par_1_90' title="bbox 1995 4448 3568 4534">
     <span class='ocr_line' id='line_1_90' title="bbox 1995 4448 3568 4534; baseline -0.016 -10"><span class='ocrx_word' id='word_1_651' title='bbox 1995 4467 2154 4524; x_wconf 86' lang='lat' dir='ltr'><strong>stasi.</strong></span> <span class='ocrx_word' id='word_1_652' title='bbox 2188 4466 2377 4534; x_wconf 87' lang='lat' dir='ltr'><strong>Itaque</strong></span> <span class='ocrx_word' id='word_1_653' title='bbox 2406 4462 2538 4516; x_wconf 91' lang='lat' dir='ltr'><strong>illud</strong></span> <span class='ocrx_word' id='word_1_654' title='bbox 2571 4458 2791 4531; x_wconf 85' lang='lat' dir='ltr'><strong>quidem</strong></span> <span class='ocrx_word' id='word_1_655' title='bbox 2822 4457 2890 4511; x_wconf 91' lang='lat' dir='ltr'><strong>ad</strong></span> <span class='ocrx_word' id='word_1_656' title='bbox 2927 4451 3330 4522; x_wconf 87' lang='lat' dir='ltr'><strong>reprobandum</strong></span> <span class='ocrx_word' id='word_1_657' title='bbox 3363 4448 3568 4500; x_wconf 87' lang='lat' dir='ltr'><strong>malum</strong></span> 
     </span>
    </p>
   </div>
   <div class='ocr_carea' id='block_1_91' title="bbox 307 4530 1875 4631">
    <p class='ocr_par' dir='ltr' id='par_1_91' title="bbox 307 4530 1875 4631">
     <span class='ocr_line' id='line_1_91' title="bbox 307 4530 1875 4631; baseline -0.001 -18"><span class='ocrx_word' id='word_1_658' title='bbox 307 4562 431 4631; x_wconf 75' lang='grc' dir='ltr'>ἔχει</span> <span class='ocrx_word' id='word_1_659' title='bbox 463 4558 557 4612; x_wconf 81' lang='grc' dir='ltr'>τοῦ</span> <span class='ocrx_word' id='word_1_660' title='bbox 621 4530 894 4629; x_wconf 70' lang='grc' dir='ltr'>σωτηρίου</span> <span class='ocrx_word' id='word_1_661' title='bbox 921 4530 932 4537; x_wconf 31' lang='grc' dir='ltr'><em>υ</em></span> <span class='ocrx_word' id='word_1_662' title='bbox 952 4530 1243 4626; x_wconf 53' lang='grc' dir='ltr'>δόγματος.</span> <span class='ocrx_word' id='word_1_663' title='bbox 1270 4579 1290 4612; x_wconf 71' lang='grc' dir='ltr'><strong>ι</strong></span> <span class='ocrx_word' id='word_1_664' title='bbox 1326 4559 1514 4613; x_wconf 79' lang='grc' dir='ltr'>Ταῦτα</span> <span class='ocrx_word' id='word_1_665' title='bbox 1547 4530 1648 4630; x_wconf 57' lang='grc' dir='ltr'><strong>μεν</strong></span> <span class='ocrx_word' id='word_1_666' title='bbox 1680 4530 1875 4628; x_wconf 45' lang='grc' dir='ltr'>δ’ἆγιος</span> 
     </span>
    </p>
   </div>
   <div class='ocr_carea' id='block_1_92' title="bbox 1986 4530 3572 4631">
    <p class='ocr_par' dir='ltr' id='par_1_92' title="bbox 1995 4539 3572 4631">
     <span class='ocr_line' id='line_1_92' title="bbox 1995 4539 3572 4631; baseline -0.018 -13"><span class='ocrx_word' id='word_1_667' title='bbox 1995 4574 2216 4618; x_wconf 87' lang='lat' dir='ltr'><strong>sensum</strong></span> <span class='ocrx_word' id='word_1_668' title='bbox 2250 4559 2487 4628; x_wconf 91' lang='lat' dir='ltr'><strong>positum</strong></span> <span class='ocrx_word' id='word_1_669' title='bbox 2519 4562 2603 4607; x_wconf 89' lang='lat' dir='ltr'><strong>est</strong></span> <span class='ocrx_word' id='word_1_670' title='bbox 2624 4571 2645 4631; x_wconf 83' lang='lat'><strong>_:</strong></span> <span class='ocrx_word' id='word_1_671' title='bbox 2679 4552 2783 4606; x_wconf 89' lang='lat' dir='ltr'><strong>hoc</strong></span> <span class='ocrx_word' id='word_1_672' title='bbox 2808 4564 2934 4604; x_wconf 88' lang='lat' dir='ltr'><strong>vero</strong></span> <span class='ocrx_word' id='word_1_673' title='bbox 2959 4545 3382 4601; x_wconf 86' lang='lat' dir='ltr'><strong>declarationem</strong></span> <span class='ocrx_word' id='word_1_674' title='bbox 3410 4539 3572 4594; x_wconf 80' lang='lat' dir='ltr'><strong>habet</strong></span> 
     </span>
    </p>
   </div>
   <div class='ocr_carea' id='block_1_93' title="bbox 306 4628 1875 4723">
    <p class='ocr_par' dir='ltr' id='par_1_93' title="bbox 306 4628 1875 4723">
     <span class='ocr_line' id='line_1_93' title="bbox 306 4628 1875 4723; baseline -0.001 -19"><span class='ocrx_word' id='word_1_675' title='bbox 418 4652 678 4719; x_wconf 69' lang='grc' dir='ltr'>ἀθέτησιν</span> <span class='ocrx_word' id='word_1_676' title='bbox 705 4628 797 4703; x_wconf 90' lang='lat'><strong>106</strong></span> <span class='ocrx_word' id='word_1_677' title='bbox 844 4650 1085 4719; x_wconf 75' lang='grc' dir='ltr'>πονηροῦ</span> <span class='ocrx_word' id='word_1_678' title='bbox 1116 4652 1326 4705; x_wconf 75' lang='grc' dir='ltr'>ἐκείνου</span> <span class='ocrx_word' id='word_1_679' title='bbox 1360 4628 1743 4723; x_wconf 78' lang='grc' dir='ltr'>φρονήματοςο</span> <span class='ocrx_word' id='word_1_680' title='bbox 1771 4651 1800 4703; x_wconf 88' lang='lat'><strong>6</strong></span> <span class='ocrx_word' id='word_1_681' title='bbox 1832 4650 1875 4704; x_wconf 68' lang='grc' dir='ltr'><strong>δί</strong></span> 
     </span>
    </p>
   </div>
   <div class='ocr_carea' id='block_1_94' title="bbox 1986 4628 3572 4723">
    <p class='ocr_par' dir='ltr' id='par_1_94' title="bbox 1997 4628 3572 4717">
     <span class='ocr_line' id='line_1_94' title="bbox 1997 4628 3572 4717; baseline -0.018 -7"><span class='ocrx_word' id='word_1_682' title='bbox 1997 4653 2253 4710; x_wconf 89' lang='lat' dir='ltr'><strong>salutaris</strong></span> <span class='ocrx_word' id='word_1_683' title='bbox 2289 4646 2579 4717; x_wconf 83' lang='lat' dir='ltr'><strong>dogmatis.</strong></span> <span class='ocrx_word' id='word_1_684' title='bbox 2621 4628 2657 4698; x_wconf 60' lang='grc' dir='ltr'><strong>δ’</strong></span> <span class='ocrx_word' id='word_1_685' title='bbox 2691 4643 2757 4697; x_wconf 84' lang='lat' dir='ltr'><strong>Et</strong></span> <span class='ocrx_word' id='word_1_686' title='bbox 2792 4643 2908 4696; x_wconf 86' lang='lat' dir='ltr'><strong>haec</strong></span> <span class='ocrx_word' id='word_1_687' title='bbox 2941 4638 3196 4709; x_wconf 85' lang='lat' dir='ltr'><strong>equidem</strong></span> <span class='ocrx_word' id='word_1_688' title='bbox 3245 4641 3470 4690; x_wconf 86' lang='lat' dir='ltr'><strong>sanctus</strong></span> <span class='ocrx_word' id='word_1_689' title='bbox 3504 4633 3572 4683; x_wconf 88' lang='lat' dir='ltr'><strong>ad</strong></span> 
     </span>
    </p>
   </div>
   <div class='ocr_carea' id='block_1_95' title="bbox 307 4723 1894 4811">
    <p class='ocr_par' dir='ltr' id='par_1_95' title="bbox 307 4723 1894 4811">
     <span class='ocr_line' id='line_1_95' title="bbox 307 4723 1894 4811; baseline -0.003 -12"><span class='ocrx_word' id='word_1_690' title='bbox 307 4746 527 4799; x_wconf 69' lang='grc' dir='ltr'>τούτοις</span> <span class='ocrx_word' id='word_1_691' title='bbox 558 4744 871 4811; x_wconf 82' lang='grc' dir='ltr'>ὲπιστήσων</span> <span class='ocrx_word' id='word_1_692' title='bbox 900 4736 1108 4795; x_wconf 68' lang='grc' dir='ltr'>εἵσεται</span> <span class='ocrx_word' id='word_1_693' title='bbox 1134 4723 1402 4810; x_wconf 75' lang='grc' dir='ltr'>ἀκριϐῶς,</span> <span class='ocrx_word' id='word_1_694' title='bbox 1429 4743 1505 4805; x_wconf 87' lang='grc' dir='ltr'>ὡς</span> <span class='ocrx_word' id='word_1_695' title='bbox 1536 4742 1894 4811; x_wconf 68' lang='grc' dir='ltr'>τῆςπροσϐήι</span> 
     </span>
    </p>
   </div>
   <div class='ocr_carea' id='block_1_96' title="bbox 1997 4725 3574 4816">
    <p class='ocr_par' dir='ltr' id='par_1_96' title="bbox 1997 4725 3574 4816">
     <span class='ocr_line' id='line_1_96' title="bbox 1997 4725 3574 4816; baseline -0.018 -14"><span class='ocrx_word' id='word_1_696' title='bbox 1997 4759 2218 4816; x_wconf 86' lang='lat' dir='ltr'><strong>pravam</strong></span> <span class='ocrx_word' id='word_1_697' title='bbox 2267 4741 2415 4796; x_wconf 89' lang='lat' dir='ltr'><strong>illam</strong></span> <span class='ocrx_word' id='word_1_698' title='bbox 2477 4737 2792 4805; x_wconf 86' lang='lat' dir='ltr'><strong>opinionem</strong></span> <span class='ocrx_word' id='word_1_699' title='bbox 2853 4729 3232 4788; x_wconf 82' lang='lat' dir='ltr'><strong>refellendam.</strong></span> <span class='ocrx_word' id='word_1_700' title='bbox 3287 4725 3391 4791; x_wconf 81' lang='lat' dir='ltr'><strong>Qui</strong></span> <span class='ocrx_word' id='word_1_701' title='bbox 3445 4736 3574 4777; x_wconf 85' lang='lat' dir='ltr'><strong>vero</strong></span> 
     </span>
    </p>
   </div>
   <div class='ocr_carea' id='block_1_97' title="bbox 308 4814 1875 4906">
    <p class='ocr_par' dir='ltr' id='par_1_97' title="bbox 308 4829 1872 4906">
     <span class='ocr_line' id='line_1_97' title="bbox 308 4829 1872 4906; baseline -0.001 -19"><span class='ocrx_word' id='word_1_702' title='bbox 308 4851 439 4906; x_wconf 75' lang='grc' dir='ltr'>κης,</span> <span class='ocrx_word' id='word_1_703' title='bbox 464 4829 609 4906; x_wconf 76' lang='grc' dir='ltr'>ᾗτινι</span> <span class='ocrx_word' id='word_1_704' title='bbox 647 4834 710 4885; x_wconf 80' lang='grc' dir='ltr'><strong>σύ</strong></span> <span class='ocrx_word' id='word_1_705' title='bbox 741 4832 832 4886; x_wconf 72' lang='grc' dir='ltr'>τὸν</span> <span class='ocrx_word' id='word_1_706' title='bbox 861 4832 952 4885; x_wconf 77' lang='grc' dir='ltr'>σὸν</span> <span class='ocrx_word' id='word_1_707' title='bbox 982 4833 1259 4902; x_wconf 82' lang='grc' dir='ltr'>ἀκροατὴν</span> <span class='ocrx_word' id='word_1_708' title='bbox 1302 4831 1548 4903; x_wconf 86' lang='grc' dir='ltr'>ἀκριϐῶς</span> <span class='ocrx_word' id='word_1_709' title='bbox 1596 4832 1872 4901; x_wconf 82' lang='grc' dir='ltr'>ὲπιστῆσα</span> 
     </span>
    </p>
   </div>
   <div class='ocr_carea' id='block_1_98' title="bbox 1986 4814 3575 4906">
    <p class='ocr_par' dir='ltr' id='par_1_98' title="bbox 1999 4814 3575 4892">
     <span class='ocr_line' id='line_1_98' title="bbox 1999 4814 3575 4892; baseline -0.016 -1"><span class='ocrx_word' id='word_1_710' title='bbox 1999 4837 2146 4892; x_wconf 86' lang='lat' dir='ltr'><strong>hisce</strong></span> <span class='ocrx_word' id='word_1_711' title='bbox 2182 4842 2418 4887; x_wconf 84' lang='lat' dir='ltr'><strong>mentem</strong></span> <span class='ocrx_word' id='word_1_712' title='bbox 2440 4827 2739 4884; x_wconf 88' lang='lat' dir='ltr'><strong>adverterit</strong></span> <span class='ocrx_word' id='word_1_713' title='bbox 2772 4833 3046 4884; x_wconf 84' lang='lat' dir='ltr'><strong>accurate,</strong></span> <span class='ocrx_word' id='word_1_714' title='bbox 3076 4822 3271 4883; x_wconf 88' lang='lat' dir='ltr'><strong>discet,</strong></span> <span class='ocrx_word' id='word_1_715' title='bbox 3300 4817 3445 4872; x_wconf 92' lang='lat' dir='ltr'><strong>illius</strong></span> <span class='ocrx_word' id='word_1_716' title='bbox 3475 4814 3575 4885; x_wconf 85' lang='lat' dir='ltr'><strong>ad:</strong></span> 
     </span>
    </p>
   </div>
   <div class='ocr_carea' id='block_1_99' title="bbox 310 4923 1895 4996">
    <p class='ocr_par' dir='ltr' id='par_1_99' title="bbox 310 4923 1895 4996">
     <span class='ocr_line' id='line_1_99' title="bbox 310 4923 1895 4996; baseline -0.001 -17"><span class='ocrx_word' id='word_1_717' title='bbox 310 4926 695 4996; x_wconf 72' lang='grc' dir='ltr'>προστάττεις,</span> <span class='ocrx_word' id='word_1_718' title='bbox 751 4924 838 4978; x_wconf 72' lang='grc' dir='ltr'><strong>διὰ</strong></span> <span class='ocrx_word' id='word_1_719' title='bbox 870 4923 963 4978; x_wconf 85' lang='lat'><strong>106</strong></span> <span class='ocrx_word' id='word_1_720' title='bbox 975 4928 1021 4976; x_wconf 83' lang='grc' dir='ltr'>τ’</span> <span class='ocrx_word' id='word_1_721' title='bbox 1053 4926 1288 4995; x_wconf 77' lang='grc' dir='ltr'>ἐμέλησε</span> <span class='ocrx_word' id='word_1_722' title='bbox 1314 4924 1579 4996; x_wconf 68' lang='grc' dir='ltr'>τῷςὰγίῳ,</span> <span class='ocrx_word' id='word_1_723' title='bbox 1598 4924 1686 4977; x_wconf 80' lang='grc' dir='ltr'>ἵνα</span> <span class='ocrx_word' id='word_1_724' title='bbox 1713 4925 1787 4995; x_wconf 86' lang='grc' dir='ltr'>μή</span> <span class='ocrx_word' id='word_1_725' title='bbox 1813 4942 1895 4989; x_wconf 85' lang='grc' dir='ltr'><strong>τις</strong></span> 
     </span>
    </p>
   </div>
   <div class='ocr_carea' id='block_1_100' title="bbox 308 5012 1897 5083">
    <p class='ocr_par' dir='ltr' id='par_1_100' title="bbox 308 5012 1897 5083">
     <span class='ocr_line' id='line_1_100' title="bbox 308 5012 1897 5083; baseline 0 -15"><span class='ocrx_word' id='word_1_726' title='bbox 308 5018 424 5068; x_wconf 69' lang='grc' dir='ltr'><strong>τῶν</strong></span> <span class='ocrx_word' id='word_1_727' title='bbox 456 5016 553 5069; x_wconf 77' lang='grc' dir='ltr'>καὶ</span> <span class='ocrx_word' id='word_1_728' title='bbox 579 5014 742 5068; x_wconf 76' lang='grc' dir='ltr'>αὑτὸν</span> <span class='ocrx_word' id='word_1_729' title='bbox 771 5012 864 5066; x_wconf 75' lang='grc' dir='ltr'><strong>τὸν</strong></span> <span class='ocrx_word' id='word_1_730' title='bbox 906 5015 1036 5068; x_wconf 65' lang='grc' dir='ltr'>Υίὸν</span> <span class='ocrx_word' id='word_1_731' title='bbox 1069 5015 1499 5083; x_wconf 81' lang='grc' dir='ltr'>ἀλλοτριούντων</span> <span class='ocrx_word' id='word_1_732' title='bbox 1541 5014 1639 5068; x_wconf 84' lang='lat'><strong>106</strong></span> <span class='ocrx_word' id='word_1_733' title='bbox 1684 5013 1897 5082; x_wconf 80' lang='grc' dir='ltr'>Πατρὸς</span> 
     </span>
    </p>
   </div>
   <div class='ocr_carea' id='block_1_101' title="bbox 1996 4913 3570 4990">
    <p class='ocr_par' dir='ltr' id='par_1_101' title="bbox 1996 4913 3570 4990">
     <span class='ocr_line' id='line_1_101' title="bbox 1996 4913 3570 4990; baseline -0.015 -8"><span class='ocrx_word' id='word_1_734' title='bbox 1996 4926 2244 4990; x_wconf 84' lang='lat' dir='ltr'><strong>ditionis,</strong></span> <span class='ocrx_word' id='word_1_735' title='bbox 2278 4924 2366 4979; x_wconf 92' lang='lat' dir='ltr'><strong>cui</strong></span> <span class='ocrx_word' id='word_1_736' title='bbox 2399 4932 2454 4976; x_wconf 88' lang='lat' dir='ltr'><strong>tu</strong></span> <span class='ocrx_word' id='word_1_737' title='bbox 2500 4920 2804 4975; x_wconf 86' lang='lat' dir='ltr'><strong>auditorem</strong></span> <span class='ocrx_word' id='word_1_738' title='bbox 2849 4926 3001 4971; x_wconf 89' lang='lat' dir='ltr'><strong>tuum</strong></span> <span class='ocrx_word' id='word_1_739' title='bbox 3030 4913 3301 4969; x_wconf 83' lang='lat' dir='ltr'><strong>meditate</strong></span> <span class='ocrx_word' id='word_1_740' title='bbox 3332 4918 3570 4963; x_wconf 89' lang='lat' dir='ltr'><strong>mentem</strong></span> 
     </span>
    </p>
   </div>
   <div class='ocr_carea' id='block_1_102' title="bbox 1998 5002 3572 5089">
    <p class='ocr_par' dir='ltr' id='par_1_102' title="bbox 1998 5002 3572 5089">
     <span class='ocr_line' id='line_1_102' title="bbox 1998 5002 3572 5089; baseline -0.014 -15"><span class='ocrx_word' id='word_1_741' title='bbox 1998 5020 2163 5089; x_wconf 77' lang='lat' dir='ltr'><strong>[igere</strong></span> <span class='ocrx_word' id='word_1_742' title='bbox 2198 5013 2525 5077; x_wconf 88' lang='lat' dir='ltr'><strong>adhortaris,</strong></span> <span class='ocrx_word' id='word_1_743' title='bbox 2552 5026 2741 5068; x_wconf 89' lang='lat' dir='ltr'><strong>curam</strong></span> <span class='ocrx_word' id='word_1_744' title='bbox 2781 5017 2970 5065; x_wconf 89' lang='lat' dir='ltr'><strong>sancto</strong></span> <span class='ocrx_word' id='word_1_745' title='bbox 3016 5005 3207 5068; x_wconf 62' lang='lat' dir='ltr'><strong>fuisse,</strong></span> <span class='ocrx_word' id='word_1_746' title='bbox 3245 5019 3311 5058; x_wconf 86' lang='lat' dir='ltr'><strong>ne</strong></span> <span class='ocrx_word' id='word_1_747' title='bbox 3339 5002 3464 5072; x_wconf 88' lang='lat' dir='ltr'><strong>quis</strong></span> <span class='ocrx_word' id='word_1_748' title='bbox 3503 5013 3572 5053; x_wconf 77' lang='lat' dir='ltr'><strong>ex</strong></span> 
     </span>
    </p>
   </div>
   <div class='ocr_carea' id='block_1_103' title="bbox 314 5092 1875 5178">
    <p class='ocr_par' dir='ltr' id='par_1_103' title="bbox 314 5105 1875 5178">
     <span class='ocr_line' id='line_1_103' title="bbox 314 5105 1875 5178; baseline -0.003 -19"><span class='ocrx_word' id='word_1_749' title='bbox 314 5106 710 5178; x_wconf 73' lang='grc' dir='ltr'>βλασφημῆσαι</span> <span class='ocrx_word' id='word_1_750' title='bbox 740 5106 1006 5177; x_wconf 81' lang='grc' dir='ltr'>τολμήσῃ,</span> <span class='ocrx_word' id='word_1_751' title='bbox 1037 5106 1096 5171; x_wconf 76' lang='grc' dir='ltr'><strong>ἐξ</strong></span> <span class='ocrx_word' id='word_1_752' title='bbox 1121 5107 1315 5176; x_wconf 78' lang='grc' dir='ltr'>ἑτέρας</span> <span class='ocrx_word' id='word_1_753' title='bbox 1338 5107 1527 5168; x_wconf 86' lang='grc' dir='ltr'>οὐσίας</span> <span class='ocrx_word' id='word_1_754' title='bbox 1559 5106 1655 5159; x_wconf 63' lang='grc' dir='ltr'><strong>καὶ</strong></span> <span class='ocrx_word' id='word_1_755' title='bbox 1681 5105 1875 5175; x_wconf 66' lang='grc' dir='ltr'>φύσεως</span> 
     </span>
    </p>
   </div>
   <div class='ocr_carea' id='block_1_104' title="bbox 1986 5092 3581 5178">
    <p class='ocr_par' dir='ltr' id='par_1_104' title="bbox 2000 5092 3581 5177">
     <span class='ocr_line' id='line_1_104' title="bbox 2000 5092 3581 5177; baseline -0.011 -15"><span class='ocrx_word' id='word_1_756' title='bbox 2000 5108 2067 5162; x_wconf 71' lang='lat' dir='ltr'><strong>iis</strong></span> <span class='ocrx_word' id='word_1_757' title='bbox 2091 5106 2185 5177; x_wconf 90' lang='lat' dir='ltr'><strong>qui</strong></span> <span class='ocrx_word' id='word_1_758' title='bbox 2222 5105 2419 5161; x_wconf 79' lang='lat' dir='ltr'><strong>Filium</strong></span> <span class='ocrx_word' id='word_1_759' title='bbox 2465 5119 2493 5158; x_wconf 89' lang='lat' dir='ltr'><strong>a</strong></span> <span class='ocrx_word' id='word_1_760' title='bbox 2526 5103 2686 5157; x_wconf 85' lang='lat' dir='ltr'><strong>Patre</strong></span> <span class='ocrx_word' id='word_1_761' title='bbox 2729 5101 3007 5156; x_wconf 89' lang='lat' dir='ltr'><strong>dimovent</strong></span> <span class='ocrx_word' id='word_1_762' title='bbox 3053 5096 3370 5166; x_wconf 82' lang='lat' dir='ltr'><strong>blaspltelna</strong></span> <span class='ocrx_word' id='word_1_763' title='bbox 3393 5092 3581 5145; x_wconf 78' lang='lat' dir='ltr'><strong>dicere</strong></span> 
     </span>
    </p>
   </div>
   <div class='ocr_carea' id='block_1_105' title="bbox 313 5182 1875 5266">
    <p class='ocr_par' dir='ltr' id='par_1_105' title="bbox 313 5195 1875 5266">
     <span class='ocr_line' id='line_1_105' title="bbox 313 5195 1875 5266; baseline -0.002 -14"><span class='ocrx_word' id='word_1_764' title='bbox 313 5196 457 5252; x_wconf 78' lang='grc' dir='ltr'>εἶναι</span> <span class='ocrx_word' id='word_1_765' title='bbox 488 5197 550 5248; x_wconf 80' lang='grc' dir='ltr'>τδ</span> <span class='ocrx_word' id='word_1_766' title='bbox 581 5195 809 5265; x_wconf 78' lang='grc' dir='ltr'>Πνεῦμα</span> <span class='ocrx_word' id='word_1_767' title='bbox 843 5196 904 5249; x_wconf 77' lang='grc' dir='ltr'>τὸ</span> <span class='ocrx_word' id='word_1_768' title='bbox 931 5197 1087 5265; x_wconf 78' lang='grc' dir='ltr'>ἅγιον</span> <span class='ocrx_word' id='word_1_769' title='bbox 1120 5198 1251 5266; x_wconf 77' lang='grc' dir='ltr'>παρ’</span> <span class='ocrx_word' id='word_1_770' title='bbox 1294 5197 1464 5266; x_wconf 85' lang='grc' dir='ltr'>αὐτὴν</span> <span class='ocrx_word' id='word_1_771' title='bbox 1518 5197 1618 5266; x_wconf 79' lang='grc' dir='ltr'><strong>τὴν</strong></span> <span class='ocrx_word' id='word_1_772' title='bbox 1655 5195 1751 5249; x_wconf 82' lang='grc' dir='ltr'>τοῦ</span> <span class='ocrx_word' id='word_1_773' title='bbox 1788 5198 1875 5249; x_wconf 76' lang='lat' dir='ltr'><strong>ﬂat</strong></span> 
     </span>
    </p>
   </div>
   <div class='ocr_carea' id='block_1_106' title="bbox 1986 5182 3578 5266">
    <p class='ocr_par' dir='ltr' id='par_1_106' title="bbox 2001 5182 3578 5261">
     <span class='ocr_line' id='line_1_106' title="bbox 2001 5182 3578 5261; baseline -0.011 -7"><span class='ocrx_word' id='word_1_774' title='bbox 2001 5197 2217 5261; x_wconf 88' lang='lat' dir='ltr'><strong>audeat,</strong></span> <span class='ocrx_word' id='word_1_775' title='bbox 2252 5210 2317 5250; x_wconf 81' lang='lat' dir='ltr'><strong>ex</strong></span> <span class='ocrx_word' id='word_1_776' title='bbox 2349 5197 2518 5251; x_wconf 84' lang='lat' dir='ltr'><strong>altera</strong></span> <span class='ocrx_word' id='word_1_777' title='bbox 2565 5192 2803 5248; x_wconf 86' lang='lat' dir='ltr'><strong>essentia</strong></span> <span class='ocrx_word' id='word_1_778' title='bbox 2834 5201 3163 5260; x_wconf 80' lang='lat' dir='ltr'><strong>naturaque,</strong></span> <span class='ocrx_word' id='word_1_779' title='bbox 3202 5196 3355 5241; x_wconf 77' lang='lat' dir='ltr'><strong>extra</strong></span> <span class='ocrx_word' id='word_1_780' title='bbox 3390 5182 3578 5237; x_wconf 62' lang='lat' dir='ltr'><strong>Patris</strong></span> 
     </span>
    </p>
   </div>
   <div class='ocr_carea' id='block_1_107' title="bbox 310 5270 1875 5360">
    <p class='ocr_par' dir='ltr' id='par_1_107' title="bbox 310 5286 1875 5360">
     <span class='ocr_line' id='line_1_107' title="bbox 310 5286 1875 5360; baseline -0.003 -17"><span class='ocrx_word' id='word_1_781' title='bbox 310 5291 440 5360; x_wconf 70' lang='grc' dir='ltr'>τρὺξ</span> <span class='ocrx_word' id='word_1_782' title='bbox 466 5287 656 5342; x_wconf 72' lang='grc' dir='ltr'>οὐσίαν</span> <span class='ocrx_word' id='word_1_783' title='bbox 686 5289 776 5341; x_wconf 70' lang='grc' dir='ltr'>καὶ</span> <span class='ocrx_word' id='word_1_784' title='bbox 803 5288 987 5357; x_wconf 81' lang='grc' dir='ltr'>φύσιν.</span> <span class='ocrx_word' id='word_1_785' title='bbox 1018 5289 1184 5342; x_wconf 78' lang='grc' dir='ltr'>Οὐδὲν</span> <span class='ocrx_word' id='word_1_786' title='bbox 1213 5291 1322 5359; x_wconf 73' lang='grc' dir='ltr'><strong>γὰρ</strong></span> <span class='ocrx_word' id='word_1_787' title='bbox 1351 5288 1613 5359; x_wconf 83' lang='grc' dir='ltr'>δυσχερὲς</span> <span class='ocrx_word' id='word_1_788' title='bbox 1634 5286 1875 5354; x_wconf 60' lang='grc' dir='ltr'><strong>τοιαύτη1</strong></span> 
     </span>
    </p>
   </div>
   <div class='ocr_carea' id='block_1_108' title="bbox 1986 5270 3581 5360">
    <p class='ocr_par' dir='ltr' id='par_1_108' title="bbox 2000 5270 3581 5355">
     <span class='ocr_line' id='line_1_108' title="bbox 2000 5270 3581 5355; baseline -0.011 -7"><span class='ocrx_word' id='word_1_789' title='bbox 2000 5291 2330 5355; x_wconf 89' lang='lat' dir='ltr'><strong>essentiam,</strong></span> <span class='ocrx_word' id='word_1_790' title='bbox 2382 5295 2436 5343; x_wconf 91' lang='lat' dir='ltr'><strong>et</strong></span> <span class='ocrx_word' id='word_1_791' title='bbox 2481 5297 2731 5342; x_wconf 90' lang='lat' dir='ltr'><strong>naturam</strong></span> <span class='ocrx_word' id='word_1_792' title='bbox 2786 5280 3046 5353; x_wconf 71' lang='lat' dir='ltr'><strong>Spiritum</strong></span> <span class='ocrx_word' id='word_1_793' title='bbox 3109 5270 3356 5336; x_wconf 84' lang='lat' dir='ltr'><strong>sanctum</strong></span> <span class='ocrx_word' id='word_1_794' title='bbox 3404 5291 3525 5331; x_wconf 82' lang='lat' dir='ltr'><strong>esse</strong></span> <span class='ocrx_word' id='word_1_795' title='bbox 3554 5292 3581 5329; x_wconf 68' lang='grc' dir='ltr'><strong>ε</strong></span> 
     </span>
    </p>
   </div>
   <div class='ocr_carea' id='block_1_109' title="bbox 318 5379 1896 5452">
    <p class='ocr_par' dir='ltr' id='par_1_109' title="bbox 318 5379 1896 5452">
     <span class='ocr_line' id='line_1_109' title="bbox 318 5379 1896 5452; baseline -0.005 -18"><span class='ocrx_word' id='word_1_796' title='bbox 318 5383 450 5452; x_wconf 82' lang='grc' dir='ltr'><strong>περὶ</strong></span> <span class='ocrx_word' id='word_1_797' title='bbox 509 5380 606 5432; x_wconf 82' lang='grc' dir='ltr'>τοῦ</span> <span class='ocrx_word' id='word_1_798' title='bbox 644 5379 984 5450; x_wconf 82' lang='grc' dir='ltr'>-Πνεύματος</span> <span class='ocrx_word' id='word_1_799' title='bbox 1041 5381 1448 5450; x_wconf 82' lang='grc' dir='ltr'>ἀπερεύξασθαι</span> <span class='ocrx_word' id='word_1_800' title='bbox 1520 5379 1896 5449; x_wconf 78' lang='grc' dir='ltr'>βλασφημίαν,</span> 
     </span>
    </p>
   </div>
   <div class='ocr_carea' id='block_1_110' title="bbox 316 5471 1895 5545">
    <p class='ocr_par' dir='ltr' id='par_1_110' title="bbox 316 5471 1895 5545">
     <span class='ocr_line' id='line_1_110' title="bbox 316 5471 1895 5545; baseline -0.003 -17"><span class='ocrx_word' id='word_1_801' title='bbox 316 5478 447 5537; x_wconf 69' lang='grc' dir='ltr'>τοὺς</span> <span class='ocrx_word' id='word_1_802' title='bbox 484 5473 582 5526; x_wconf 68' lang='grc' dir='ltr'>καὶ</span> <span class='ocrx_word' id='word_1_803' title='bbox 613 5472 857 5541; x_wconf 76' lang='grc' dir='ltr'>περὶτοῦ</span> <span class='ocrx_word' id='word_1_804' title='bbox 908 5474 1038 5527; x_wconf 80' lang='grc' dir='ltr'><strong>Υίοῦ</strong></span> <span class='ocrx_word' id='word_1_805' title='bbox 1085 5473 1612 5545; x_wconf 69' lang='grc' dir='ltr'>βεϐλασφημηκότας</span> <span class='ocrx_word' id='word_1_806' title='bbox 1638 5471 1895 5526; x_wconf 80' lang='grc' dir='ltr'>τοιαῦτα.</span> 
     </span>
    </p>
   </div>
   <div class='ocr_carea' id='block_1_111' title="bbox 323 5584 1901 5658">
    <p class='ocr_par' dir='ltr' id='par_1_111' title="bbox 323 5584 1901 5658">
     <span class='ocr_line' id='line_1_111' title="bbox 323 5584 1901 5658; baseline -0.006 -13"><span class='ocrx_word' id='word_1_807' title='bbox 323 5584 663 5644; x_wconf 60' lang='grc' dir='ltr'>Τοῦίιὺτοῦ</span> <span class='ocrx_word' id='word_1_808' title='bbox 694 5586 814 5639; x_wconf 77' lang='grc' dir='ltr'><strong>ἀπὸ</strong></span> <span class='ocrx_word' id='word_1_809' title='bbox 862 5587 968 5642; x_wconf 82' lang='grc' dir='ltr'>τοῦ</span> <span class='ocrx_word' id='word_1_810' title='bbox 1005 5593 1071 5658; x_wconf 80' lang='grc' dir='ltr'>ιη’</span> <span class='ocrx_word' id='word_1_811' title='bbox 1122 5586 1240 5640; x_wconf 77' lang='grc' dir='ltr'>τῶν</span> <span class='ocrx_word' id='word_1_812' title='bbox 1284 5584 1484 5640; x_wconf 78' lang='grc' dir='ltr'>αὐτῶν</span> <span class='ocrx_word' id='word_1_813' title='bbox 1535 5585 1901 5655; x_wconf 64' lang='grc' dir='ltr'>κεφαλαίων,</span> 
     </span>
    </p>
   </div>
   <div class='ocr_carea' id='block_1_112' title="bbox 395 5698 1904 5772">
    <p class='ocr_par' dir='ltr' id='par_1_112' title="bbox 395 5698 1904 5772">
     <span class='ocr_line' id='line_1_112' title="bbox 395 5698 1904 5772; baseline -0.002 -18"><span class='ocrx_word' id='word_1_814' title='bbox 395 5722 414 5754; x_wconf 80' lang='grc' dir='ltr'><strong>ι</strong></span> <span class='ocrx_word' id='word_1_815' title='bbox 465 5708 561 5755; x_wconf 84' lang='grc' dir='ltr'>κε’.</span> <span class='ocrx_word' id='word_1_816' title='bbox 590 5700 701 5771; x_wconf 82' lang='grc' dir='ltr'>Τῆς</span> <span class='ocrx_word' id='word_1_817' title='bbox 734 5703 832 5772; x_wconf 83' lang='grc' dir='ltr'><strong>μὲν</strong></span> <span class='ocrx_word' id='word_1_818' title='bbox 863 5698 953 5756; x_wconf 72' lang='grc' dir='ltr'><strong>οὖν</strong></span> <span class='ocrx_word' id='word_1_819' title='bbox 976 5702 1197 5772; x_wconf 78' lang='grc' dir='ltr'>κτιστῆς</span> <span class='ocrx_word' id='word_1_820' title='bbox 1229 5701 1462 5772; x_wconf 80' lang='grc' dir='ltr'>φύσεως·</span> <span class='ocrx_word' id='word_1_821' title='bbox 1483 5698 1736 5754; x_wconf 72' lang='grc' dir='ltr'>τοσοῦτον</span> <span class='ocrx_word' id='word_1_822' title='bbox 1761 5700 1904 5754; x_wconf 80' lang='grc' dir='ltr'>ἀπα-</span> 
     </span>
    </p>
   </div>
   <div class='ocr_carea' id='block_1_113' title="bbox 331 5793 1898 5867">
    <p class='ocr_par' dir='ltr' id='par_1_113' title="bbox 331 5793 1898 5867">
     <span class='ocr_line' id='line_1_113' title="bbox 331 5793 1898 5867; baseline -0.003 -18"><span class='ocrx_word' id='word_1_823' title='bbox 331 5813 358 5848; x_wconf 66' lang='lat' dir='ltr'><strong>e</strong></span> <span class='ocrx_word' id='word_1_824' title='bbox 396 5795 732 5867; x_wconf 61' lang='grc' dir='ltr'>κειέτιρηκεν,</span> <span class='ocrx_word' id='word_1_825' title='bbox 755 5795 874 5848; x_wconf 75' lang='grc' dir='ltr'>ὅσον</span> <span class='ocrx_word' id='word_1_826' title='bbox 900 5795 1044 5859; x_wconf 74' lang='grc' dir='ltr'>εἰκὸς</span> <span class='ocrx_word' id='word_1_827' title='bbox 1074 5795 1131 5849; x_wconf 74' lang='grc' dir='ltr'>τὸ</span> <span class='ocrx_word' id='word_1_828' title='bbox 1164 5794 1446 5866; x_wconf 72' lang='grc' dir='ltr'>μοναδικὸν</span> <span class='ocrx_word' id='word_1_829' title='bbox 1491 5793 1598 5848; x_wconf 85' lang='grc' dir='ltr'><strong>τῶν</strong></span> <span class='ocrx_word' id='word_1_830' title='bbox 1627 5808 1898 5863; x_wconf 77' lang='grc' dir='ltr'>συστημο-</span> 
     </span>
    </p>
   </div>
   <div class='ocr_carea' id='block_1_114' title="bbox 2003 5366 3576 5452">
    <p class='ocr_par' dir='ltr' id='par_1_114' title="bbox 2003 5366 3576 5452">
     <span class='ocr_line' id='line_1_114' title="bbox 2003 5366 3576 5452; baseline -0.013 -15"><span class='ocrx_word' id='word_1_831' title='bbox 2003 5397 2178 5452; x_wconf 82' lang='lat' dir='ltr'><strong>neque</strong></span> <span class='ocrx_word' id='word_1_832' title='bbox 2198 5378 2750 5451; x_wconf 53' lang='lat' dir='ltr'><strong>euitnzdiliicilell&#39;ucrit</strong></span> <span class='ocrx_word' id='word_1_833' title='bbox 2763 5377 2829 5432; x_wconf 90' lang='lat' dir='ltr'><strong>de</strong></span> <span class='ocrx_word' id='word_1_834' title='bbox 2844 5376 3047 5447; x_wconf 88' lang='lat' dir='ltr'><strong>Spiritu</strong></span> <span class='ocrx_word' id='word_1_835' title='bbox 3063 5372 3294 5428; x_wconf 90' lang='lat' dir='ltr'><strong>similem</strong></span> <span class='ocrx_word' id='word_1_836' title='bbox 3319 5366 3576 5435; x_wconf 77' lang='lat' dir='ltr'><strong>blasphe-</strong></span> 
     </span>
    </p>
   </div>
   <div class='ocr_carea' id='block_1_115' title="bbox 2005 5460 3579 5542">
    <p class='ocr_par' dir='ltr' id='par_1_115' title="bbox 2005 5460 3579 5542">
     <span class='ocr_line' id='line_1_115' title="bbox 2005 5460 3579 5542; baseline -0.013 -11"><span class='ocrx_word' id='word_1_837' title='bbox 2005 5479 2168 5531; x_wconf 87' lang='lat' dir='ltr'><strong>miam</strong></span> <span class='ocrx_word' id='word_1_838' title='bbox 2197 5486 2469 5540; x_wconf 83' lang='lat' dir='ltr'><strong>eructare,</strong></span> <span class='ocrx_word' id='word_1_839' title='bbox 2497 5471 2589 5542; x_wconf 90' lang='lat' dir='ltr'><strong>qui</strong></span> <span class='ocrx_word' id='word_1_840' title='bbox 2611 5470 2678 5526; x_wconf 91' lang='lat' dir='ltr'><strong>de</strong></span> <span class='ocrx_word' id='word_1_841' title='bbox 2705 5468 2840 5524; x_wconf 84' lang='lat' dir='ltr'><strong>Filio</strong></span> <span class='ocrx_word' id='word_1_842' title='bbox 2861 5484 2979 5523; x_wconf 80' lang='lat' dir='ltr'><strong>eam</strong></span> <span class='ocrx_word' id='word_1_843' title='bbox 3008 5475 3257 5522; x_wconf 76' lang='lat' dir='ltr'><strong>eructare</strong></span> <span class='ocrx_word' id='word_1_844' title='bbox 3279 5460 3394 5515; x_wconf 88' lang='lat' dir='ltr'><strong>ausi</strong></span> <span class='ocrx_word' id='word_1_845' title='bbox 3423 5467 3579 5513; x_wconf 79' lang='lat' dir='ltr'><strong>sunt.</strong></span> 
     </span>
    </p>
   </div>
   <div class='ocr_carea' id='block_1_116' title="bbox 2221 5574 3384 5650">
    <p class='ocr_par' dir='ltr' id='par_1_116' title="bbox 2221 5574 3384 5650">
     <span class='ocr_line' id='line_1_116' title="bbox 2221 5574 3384 5650; baseline -0.015 -8"><span class='ocrx_word' id='word_1_846' title='bbox 2221 5587 2303 5642; x_wconf 74' lang='lat' dir='ltr'><strong>Ex</strong></span> <span class='ocrx_word' id='word_1_847' title='bbox 2335 5587 2535 5640; x_wconf 78' lang='lat' dir='ltr'><strong>decimo</strong></span> <span class='ocrx_word' id='word_1_848' title='bbox 2566 5595 2748 5640; x_wconf 84' lang='lat' dir='ltr'><strong>octavo</strong></span> <span class='ocrx_word' id='word_1_849' title='bbox 2784 5582 3012 5650; x_wconf 66' lang='lat' dir='ltr'><strong>capitum</strong></span> <span class='ocrx_word' id='word_1_850' title='bbox 3045 5574 3384 5644; x_wconf 42' lang='lat' dir='ltr'><strong>earumdem,</strong></span> 
     </span>
    </p>
   </div>
   <div class='ocr_carea' id='block_1_117' title="bbox 2075 5687 3582 5755">
    <p class='ocr_par' dir='ltr' id='par_1_117' title="bbox 2075 5687 3582 5755">
     <span class='ocr_line' id='line_1_117' title="bbox 2075 5687 3582 5755; baseline -0.015 -2"><span class='ocrx_word' id='word_1_851' title='bbox 2075 5701 2165 5755; x_wconf 67' lang='lat'><strong>95.</strong></span> <span class='ocrx_word' id='word_1_852' title='bbox 2210 5718 2227 5751; x_wconf 78' lang='grc' dir='ltr'><strong>ι</strong></span> <span class='ocrx_word' id='word_1_853' title='bbox 2267 5700 2305 5752; x_wconf 82' lang='grc' dir='ltr'>Α</span> <span class='ocrx_word' id='word_1_854' title='bbox 2338 5706 2711 5752; x_wconf 86' lang='lat' dir='ltr'><strong>creaturarum</strong></span> <span class='ocrx_word' id='word_1_855' title='bbox 2743 5702 2932 5746; x_wconf 86' lang='lat' dir='ltr'><strong>natura</strong></span> <span class='ocrx_word' id='word_1_856' title='bbox 2960 5695 3165 5743; x_wconf 88' lang='lat' dir='ltr'><strong>tantum</strong></span> <span class='ocrx_word' id='word_1_857' title='bbox 3197 5690 3437 5739; x_wconf 86' lang='lat' dir='ltr'><strong>semotus</strong></span> <span class='ocrx_word' id='word_1_858' title='bbox 3468 5687 3582 5741; x_wconf 85' lang='lat' dir='ltr'><strong>est,</strong></span> 
     </span>
    </p>
   </div>
   <div class='ocr_carea' id='block_1_118' title="bbox 2012 5780 3590 5863">
    <p class='ocr_par' dir='ltr' id='par_1_118' title="bbox 2012 5780 3590 5863">
     <span class='ocr_line' id='line_1_118' title="bbox 2012 5780 3590 5863; baseline -0.012 -17"><span class='ocrx_word' id='word_1_859' title='bbox 2012 5814 2031 5846; x_wconf 84' lang='grc'><em>‹</em></span> <span class='ocrx_word' id='word_1_860' title='bbox 2070 5801 2331 5863; x_wconf 66' lang='lat' dir='ltr'><strong>quantum</strong></span> <span class='ocrx_word' id='word_1_861' title='bbox 2381 5786 2658 5858; x_wconf 82' lang='lat' dir='ltr'><strong>probabile</strong></span> <span class='ocrx_word' id='word_1_862' title='bbox 2715 5794 2798 5842; x_wconf 84' lang='lat' dir='ltr'><strong>est</strong></span> <span class='ocrx_word' id='word_1_863' title='bbox 2852 5780 3181 5850; x_wconf 57' lang='lat' dir='ltr'><strong>singularem</strong></span> <span class='ocrx_word' id='word_1_864' title='bbox 3222 5787 3515 5832; x_wconf 80' lang='lat' dir='ltr'><strong>numerum</strong></span> <span class='ocrx_word' id='word_1_865' title='bbox 3544 5786 3590 5827; x_wconf 60' lang='grc' dir='ltr'><strong>λ</strong></span> 
     </span>
    </p>
   </div>
  </div>
