4002 6450
476 385 588 453 M3

1504 376 1718 440 JOAN.
1766 379 1985 440 VECCI
2029 378 2139 439 ΕΡ.
2183 374 2701 438 PATRIARCfLE

3660 368 3779 436 444

484 523 505 556 ι
539 498 863 572 compositis
909 497 1137 554 distare.
1192 493 1341 549 Patri
1397 507 1526 548 vero
1579 502 1635 549 et
1682 493 1820 549 Filio
1853 502 2063 548 tantum

2190 509 2196 543 l
2243 489 2413 545 τικῶν
2446 492 2541 545 καὶ
2593 488 2914 560 πληθυσμδν
2947 486 3207 559 ἐχόντων.
3242 488 3414 560 Πατρὶ
3444 490 3500 543 δὲ
3535 493 3630 543 καὶ
3659 491 3782 561 Υῐῷ

485 616 506 650 ι
542 594 733 649 unitus
764 600 870 655 est,
902 596 1166 659 quantum
1201 587 1464 641 consortii
1500 586 1662 640 habet
1710 585 1893 641 unitas
1938 600 2063 640 cum

483 704 505 738 ι
541 687 771 741 unitate.
833 680 939 736 Sed
978 694 1076 734 nec
1108 677 1257 733 'hine
1287 678 1490 733 "solum
1529 676 1796 748 probatur
1853 684 2067 730 natura:

486 800 507 833 σ
548 776 882 841 communio,
938 788 1128 828 verum
1169 772 1320 826 illinc
1369 786 1615 841 quoque,
1668 769 1814 841 quod
1854 784 1921 824 ex
1959 768 2068 821 Deo

480 891 506 926 ‹
544 886 669 927 esse
702 870 925 932 dicitur,
981 882 1089 920 non
1132 864 1214 920 sic
1262 879 1326 918 ex
1367 862 1478 917 Deo
1520 863 1768 924 veniens,
1799 860 2066 932 quemad~

480 980 502 1013 ι
541 960 761 1013 modum
806 973 871 1011 ex
912 956 1023 1011 Deo
1049 964 1179 1009 sunt
1199 955 1409 1017 omnia,
1443 952 1537 1007 sed
1570 962 1832 1022 tauquam
1860 967 1927 1006 ex
1961 951 2071 1007 Deo
2110 1006 2117 1009 Α

481 1068 503 1101 ι
543 1060 834 1110 emanans,
877 1062 1055 1118 neque
1100 1062 1196 1116 per
1225 1048 1659 1119 generationem,
1697 1045 2065 1114 quemadmo-

479 1158 505 1192 ς
541 1140 672 1195 dum
713 1138 906 1201 Filius,
953 1140 1047 1194 sed
1104 1151 1363 1208 tanquam
1409 1138 1647 1206 Spiritus
1689 1138 1868 1193 Patris
1900 1137 2066 1205 ejus:

488 1251 511 1286 ι
549 1233 777 1287 omnino
823 1242 1003 1285 tamen
1039 1245 1142 1285 nec
1175 1246 1239 1285 os
1276 1230 1578 1284 membrum
1606 1240 1714 1291 est,
1766 1244 1869 1283 nec
1907 1230 2071 1284 ﬂatile

484 1342 508 1375 ς
553 1323 867 1379 reatilnhilis
912 1322 1174 1391 Spiritus,
1211 1321 1307 1376 sed
1339 1331 1393 1376 et
1419 1336 1482 1375 os
1525 1319 1729 1374 dicitur
1756 1329 1918 1389 prout
1962 1320 2071 1375 Deo

484 1433 508 1466 r
548 1416 827 1476 convenit,
868 1425 919 1468 et
968 1412 1207 1482 Spiritus
1250 1412 1490 1467 essentia
1529 1414 1740 1475 vivens,
1795 1411 2051 1467 sanctifi-

488 1523 511 1555 ι
555 1505 793 1559 cationis
823 1505 1042 1558 domina
1072 1523 1086 1570 ;
1125 1505 1267 1558 unde
1297 1504 1377 1559 sic
1408 1504 1718 1558 declaratur
1749 1503 1897 1559 illius
1936 1520 2073 1559 con-

489 1615 509 1647 ι
554 1597 807 1660 sortium,
845 1606 902 1650 ut
936 1596 1228 1650 inetl'abilis
1261 1597 1515 1649 essentia:
1557 1597 1754 1651 modus
1790 1602 2070 1652 servetur.

496 1708 517 1742 ι
560 1689 700 1757 Quin
732 1702 783 1743 et
810 1688 1013 1744 Christi
1045 1688 1281 1759 Spiritus
1308 1689 1532 1756 dicitur,
1568 1700 1828 1760 tanquam
1856 1689 1932 1745 illi
1970 1705 2074 1746 na-

491 1798 514 1835 t
555 1790 675 1836 tura
709 1782 1090 1852 conjunctum.
1137 1800 1155 1832 ι

1073 1874 1499 1930 Animadversio.

634 1968 712 2022 Ex
765 1970 867 2023 hac
919 1969 1178 2037 perit-ope
1220 1983 1449 2036 prorsus
1503 1967 1738 2034 discito,
1799 1968 2077 2037 quomodo

492 2081 514 2114 ε
557 2060 793 2130 Spiritus
840 2077 971 2129 erga
1026 2060 1237 2113 Patrem
1291 2070 1345 2114 et
1398 2060 1596 2114 Filium
1642 2061 1983 2115 consortium
2025 2072 2080 2116 et

494 2173 514 2206 ι
553 2154 999 2223 conjunctionem
1059 2164 1285 2207 sanctus
1341 2152 1627 2219 insinuet,
1666 2152 1812 2208 Patri
1857 2154 2076 2223 quidem

496 2263 516 2296 ι
560 2245 713 2298 illum
739 2243 995 2311 conjungi
1027 2243 1350 2303 dect-ruens,
1385 2246 1528 2313 quod
1565 2259 1627 2297 ex
1663 2260 1728 2297 eo
1757 2255 1994 2307 emanet,
2026 2253 2081 2299 et

493 2354 516 2389 ι
553 2351 677 2391 esse
705 2336 929 2401 haheat;
966 2333 1105 2390 Filio
1142 2351 1290 2401 vero,
1322 2345 1581 2406 tanquam
1614 2336 1688 2389 illi
1714 2348 1909 2390 natura
1945 2350 2079 2391 con-

488 2448 513 2482 ς
545 2430 820 2500 junctum.
862 2447 880 2479 ν

1132 2516 1433 2585 Refutatt'o.

565 2609 984 2665 Auimadversio
1013 2607 1130 2663 lucc
1161 2619 1248 2661 tua
1280 2609 1352 2660 uti
1385 2599 1611 2661 minime
1638 2608 1819 2671 docta,
1859 2608 1956 2662 sed
1986 2622 2077 2663 ca-

492 2703 639 2758 villis
680 2702 911 2756 subnixa
965 2700 1208 2754 eliditur.
1269 2699 1515 2767 Namque
1563 2701 1771 2754 asseris
1818 2700 2081 2756 Basiliam

495 2793 751 2863 conjungi
816 2792 959 2845 Patri
1007 2791 1272 2859 Spiritum
1338 2791 1656 2855 derernere,
1687 2791 1832 2861 quod
1892 2807 1959 2847 ex
2015 2808 2081 2846 eo

498 2892 738 2950 emanet,
775 2893 829 2937 et
882 2899 1005 2936 esse
1043 2883 1241 2936 haheat
1277 2896 1292 2934 :
1334 2878 1475 2934 Filio
1513 2896 1645 2935 vero
1690 2892 1953 2951 tanquam
2005 2883 2083 2937 illi

501 2987 694 3032 natura
748 2974 1125 3047 coniunctum.
1195 2972 1258 3026 Et
1343 2974 1483 3027 ratio
1562 2973 1781 3043 quidem
1849 2974 2085 3045 Spiritus

498 3085 623 3122 cum
669 3069 827 3122 Patre
861 3064 1291 3134 roiijunutionis,
1323 3064 1462 3118 bene
1513 3079 1577 3118 se
1622 3065 1783 3119 habet
1817 3081 1830 3119 :
1868 3082 2085 3119 verum-

2109 1826 2159 1885 B

2175 599 2196 634 ι
2243 584 2387 637 κατὰ
2415 582 2672 637 τοσοῦτον
2698 582 2926 652 ἥνωται,
2979 580 3213 635 καθόσον
3259 581 3371 651 ἔχει
3429 584 3598 652 μονὰς
3634 585 3784 654 πρὸς

2175 694 2194 727 ι
2242 676 2450 739 μονάδα
2481 676 2582 746 τὴν
2627 676 2960 745 οἰκειότητα.
3015 674 3126 726 Καὶ
3159 674 3262 727 οὐκ
3314 675 3570 728 ἐντεῦθεν
3609 675 3786 745 μόνον
3851 688 3869 697 ’

2178 787 2196 820 ι
2242 769 2342 836 τῆς
2374 768 2517 821 κατὰ
2548 767 2714 836 φύσιν
2752 766 3038 828 γοινωνξας
3076 767 3131 818 αἱ
3167 765 3494 830 ἀποδείξεις,
3524 768 3639 819 ἀλλ’
3677 769 3774 822 ὅτι

2183 874 2203 908 ι
2252 857 2347 910 καὶ
2381 858 2445 909 ἐκ
2467 856 2565 907 τοῦ
2592 854 2727 908 Θεοῦ
2772 850 2914 908 εἶναι
2960 854 3203 917 λέγεται,
3250 852 3349 921 οὐχ
3386 853 3462 915 ὡς
3496 852 3565 905 τὰ
3594 854 3791 906 πάντα

2184 964 2204 999 ι
2251 949 2316 1001 ὲκ
2341 947 2432 1001 τοῦ
2456 944 2753 1005 Θεοῦ.ἁλλ’
2797 943 2873 1008 ὡς
2924 946 2989 996 ἑκ
3048 941 3144 996 τοῦ
3178 941 3315 994 Θεοῦ
3371 941 3667 1011 προελθὸν,
3720 943 3790 996 οὐ

2180 1057 2201 1092 ι
2247 1038 2527 1109 γεννητῶς
2575 1039 2650 1101 ὼς
2679 1040 2707 1091 ὁ
2736 1037 2889 1099 Υἱδς,
2917 1034 3035 1088 ἀλλ’
3087 1033 3164 1097 ὡς
3215 1033 3445 1103 Πνεῦμα
3506 1034 3795 1103 στόματος

2178 1147 2202 1183 ε
2245 1128 2445 1184 αὐτοῦ*
2481 1132 2701 1192 πάντως
2728 1129 2783 1181 δὲ
2817 1128 2938 1180 οὐδὲ
2960 1126 3023 1179 τὸ
3054 1125 3232 1194 στόμα
3264 1125 3444 1192 μέλος,
3474 1123 3600 1177 οὔτε
3636 1126 3794 1196 πνοὴ

2181 1240 2200 1274 ι
2248 1222 2484 1289 λυομένη
2515 1219 2575 1274 τὸ
2594 1221 2839 1289 Πνεῦμα,
2863 1217 3001 1271 ἀλλὰ
3017 1218 3113 1269 καὶ
3138 1215 3201 1268 τὸ
3227 1216 3403 1285 στόμα
3429 1215 3791 1291 θεοπρεπῶς,

2181 1331 2201 1365 ι
2247 1313 2422 1367 καὶτὸ
2457 1312 2681 1382 Πνεῦμα
2710 1311 2869 1364 ούσὶα
2901 1311 3073 1375 ζῶσα,
3108 1306 3388 1377 ἁγιασμοῦ
3446 1309 3636 1376 κυρία.
3658 1308 3789 1377 Τῆς

2179 1421 2201 1456 t
2250 1404 2352 1476 μὲν
2376 1405 2709 1475 οἰκειότητος
2730 1400 3070 1473 δηλουμένης
3116 1398 3392 1462 ἐντεῦθεν,
3428 1396 3522 1451 τοῦ
3557 1398 3618 1451 δὲ
3648 1399 3795 1465 τρύ-

2181 1515 2201 1549 t
2248 1512 2351 1549 που
2382 1497 2480 1563 τῆς
2530 1495 2822 1564 ὑπάρξεως
2877 1494 3123 1564 ἀρρήτου
3162 1491 3608 1560 φυλασσομένου,
3636 1490 3791 1544 ἀλλὰ

2179 1606 2201 1641 ι
2248 1589 2344 1642 καὶ
2405 1588 2632 1656 Πνεῦμα
2692 1586 2934 1655 Χριστοῦ
2999 1585 3244 1653 λέγεται,
3292 1582 3369 1647 ὡς
3430 1582 3796 1653 ᾠκειωμένον

2182 1699 2203 1733 ι
2248 1682 2394 1734 κατὰ
2430 1681 2592 1750 φύσιν
2626 1677 2798 1749 αὐτῷ.
2828 1696 2846 1727 ι

2801 1868 3184 1925 Ἐαιστασίιι

2256 1980 2275 2013 ι
2320 1963 2518 2032 Σαφῶς
2548 1963 2653 2016 ἀπὸ
2677 1961 2886 2030 ταύτης
2911 1960 3011 2030 τῆς
3029 1957 3337 2027 περικοπῆς
3368 1956 3635 2026 μάνθανε.
3658 1942 3785 2022 ἆεῶς

2186 2076 2205 2110 t
2251 2060 2350 2128 τὴν
2379 2060 2473 2112 τοῦ
2508 2058 2825 2126 Πνεύματος
2855 2056 2990 2127 πρὸς
3027 2054 3120 2108 τον
3146 2038 3367 2121 Πατέρα
3398 2053 3492 2105 καὶ
3522 2052 3612 2105 τὸν
3644 2052 3771 2106 mu

2188 2171 2205 2202 ι
2253 2150 2529 2204 οἰκείωσιν
2582 2150 2825 2203 διδάσκει
2857 2150 2886 2201 ό
2921 2148 3096 2216 ἅγιος,
3131 2145 3208 2214 τῷ
3245 2143 3345 2213 μὲν
3402 2142 3582 2212 Πατρὶ
3607 2145 3776 2197 οἰκει-

2189 2262 2208 2295 t
2253 2243 2449 2296 οῦσθαι
2481 2242 2637 2296 τοῦτο
2656 2241 3044 2310 δογματίζων,
3071 2240 3146 2303 ὡς
3195 2236 3255 2301 ἐξ
3286 2234 3452 2289 αὑτοῦ
3486 2236 3587 2306 τὴν
3643 2236 3785 2307 πρύ-

2202 2358 2222 2391 ι
2273 2340 2391 2391 οδον
2422 2338 2515 2391 καὶ
2550 2337 2609 2390 τὸ
2644 2332 2786 2389 εἶναι
2818 2335 2966 2405 ἔχον,
2995 2332 3073 2402 τῷ
3092 2332 3148 2385 δὲ
3180 2329 3319 2400 rte,
3346 2329 3419 2393 ὡς
3445 2329 3590 2383 κατὰ
3619 2329 3788 2385 φύσιν

2185 2448 2206 2483 ι
2254 2429 2603 2501 ᾡκειωμένον
2637 2426 2808 2498 αὐτῷ.
2845 2445 2864 2479 ι

2788 2516 3181 2585 Ἀντίρῤησις.

2253 2609 2368 2664 Οὐκ
2393 2608 2630 2681 ἀληθὴς,
2665 2609 2802 2662 ἀλλᾶ
2848 2606 3217 2677 σεσοφισμένη
3262 2621 3359 2660 σου
3390 2607 3424 2676 ἡ
3459 2606 3786 2660 ἐπιστασία.

2184 2699 2380 2769 Λέγεις
2429 2701 2541 2772 γὰρ
2575 2700 2651 2764 ὡς
2690 2703 2718 2754 ὁ
2754 2699 2914 2768 ἅγιος
2948 2700 3026 2769 τῷ
3078 2699 3177 2765 μὲν
3214 2698 3390 2767 Πατρὶ
3435 2697 3790 2752 οἰκειοῦσθαι

2185 2790 2505 2861 δογματίζει
2548 2791 2611 2844 τὸ
2647 2790 2895 2860 Πνεῦμα,
2931 2789 3008 2851 ὡς
3060 2788 3119 2853 ἐξ
3180 2787 3352 2842 αὐτοῦ
3401 2789 3503 2859 τὴν
3551 2788 3792 2860 πρόοδον

2186 2884 2282 2936 καὶ
2306 2883 2367 2935 τὸ
2396 2879 2537 2936 εἶναι
2567 2883 2713 2954 ἔχον,
2742 2884 2820 2953 τῷ
2843 2883 2899 2938 δὲ
2926 2883 3063 2951 Υἱῷ,
3090 2882 3164 2942 ὼς
3200 2881 3343 2934 κατὰ
3373 2880 3540 2949 φύσιν
3566 2880 3791 2952 ᾠκειω·

2191 2974 2351 3044 μένον
2382 2976 2555 3048 αύτῷ.
2585 2979 2693 3031 Καὶ
2718 2977 2809 3030 τὸν
2840 2976 2939 3046 μὲν
2967 2975 3128 3044 λόγον
3159 2973 3261 3043 τῆς
3287 2974 3427 3045 πρὸς
3450 2975 3541 3029 τὸν
3562 2974 3794 3045 Πατέρα

2188 3065 2523 3129 οἰκειώσεως
2551 3065 2646 3120 τοῦ
2684 3065 3025 3135 Πνεύματος,
3059 3063 3329 3126 ἀπεδίδως
3352 3064 3535 3128 καλῶς
3558 3081 3574 3094 ⁸
3602 3065 3701 3118 τὸν
3730 3065 3791 3119 δι

497 3171 679 3214 tamen
731 3157 970 3228 Spiritus
1006 3156 1447 3225 coniunctionem
1498 3171 1620 3210 cum
1652 3155 1813 3219 Filio,
1849 3157 2079 3212 stultam

2190 3155 2345 3225 λόγον
2369 3159 2469 3228 τῆς
2503 3157 2600 3211 τοῦ
2651 3158 2974 3228 Πνεύματος
3010 3156 3145 3227 πρὸς
3172 3156 3266 3210 τὸν
3293 3157 3421 3210 Υξὸν
3450 3158 3794 3221 οἰκειώσεως

494 3253 742 3324 prot‘eeto
803 3252 951 3304 illam
986 3290 1000 3310 ,
1048 3258 1101 3302 et
1155 3264 1309 3318 teque
1364 3250 1658 3303 absurdam
1720 3249 1774 3303 in
1840 3251 2077 3305 medium

493 3344 678 3407 aﬂrrs,
705 3362 802 3397 nec
833 3359 898 3395 eo
928 3342 1112 3406 modo,
1149 3357 1256 3411 quo
1284 3354 1511 3395 sanctus
1542 3341 1798 3395 instituit.
1833 3336 2081 3413 Namun

495 3446 553 3490 tu
599 3435 823 3494 asseris,
873 3433 1131 3486 Basilinm
1185 3431 1326 3485 Filio
1371 3429 1636 3498 Spiritum
1672 3433 1936 3504 conjungi
1978 3433 2078 3490 de-

495 3541 742 3588 cernere.
778 3526 1007 3593 ﬁgurate
1060 3525 1502 3595 pronuntiantem
1542 3539 1573 3579 a
1613 3525 1916 3588 communi.
1961 3536 2085 3582 lan-

495 3633 660 3688 qnam
700 3617 773 3671 illi
815 3627 1006 3670 natura
1041 3616 1424 3683 conjunetutn,
1452 3616 1599 3685 quod
1642 3617 1803 3686 plane
1832 3633 1942 3673 non
1973 3619 2084 3672 alio

498 3711 660 3764 modo
698 3725 757 3765 se
804 3710 988 3774 habet,
1040 3724 1201 3777 quam
1241 3708 1285 3763 si
1333 3709 1454 3777 quis
1505 3707 1897 3779 interrogatus,
1943 3710 2084 3777 Quid

495 3801 745 3857 esthoc?
777 3801 1152 3869 responderet,
1184 3801 1284 3853 hoc
1314 3814 1459 3855 esse.
1487 3799 1563 3853 Ad
1594 3801 1724 3869 quid
1757 3800 1902 3856 enim
1935 3801 2084 3856 aliud

498 3895 751 3963 respicis,
781 3909 904 3949 cum
939 3894 1099 3957 dicis,
1126 3892 1262 3946 Filio
1294 3909 1425 3948 vero
1463 3892 1797 3963 coniunctus
1822 3892 2084 3964 Spiritus,

497 3995 758 4054 tanquam
789 3986 890 4054 ipsi
915 3984 1277 4053 conjunetns?
1306 3985 1691 4039 Verumtamen
1716 3996 1944 4042 sanctus
1977 4003 2085 4042 non

500 4078 573 4131 ita
616 4076 832 4129 lncntus
875 4084 979 4130 est.
1043 4074 1148 4128 Sed
1178 4091 1304 4128 eum
1352 4085 1512 4129 antea
1553 4076 1804 4139 dixisset,
1855 4079 2087 4134 indicari

505 4166 743 4232 Spiritus
781 4180 905 4218 cum
939 4163 1098 4218 Patre
1136 4167 1502 4226 consortium,
1534 4172 1680 4235 quod
1716 4167 1833 4234 ipse
1862 4184 1927 4222 ex
1980 4170 2117 4241 Deo,

504 4272 612 4311 non
647 4265 706 4310 ut
730 4257 932 4325 reliqua
963 4258 1148 4309 omnia
1179 4266 1418 4321 emanat,
1444 4259 1537 4311 sed
1569 4266 1627 4312 ut
1650 4257 1763 4313 oris
1799 4259 1945 4314 illius
1966 4260 2088 4339 Spi-

502 4346 665 4411 ritus,
691 4349 1135 4420 tntnsubjnnxit,
1161 4347 1264 4403 Sed
1284 4359 1338 4402 et
1367 4348 1603 4419 Spiritus
1630 4350 1833 4406 Christi
1867 4352 2088 4417 dicitur,

507 4419 884 4511 tanquam-illi
919 4419 1111 4495 natura
1166 4442 1532 4509 conjunctus;
1582 4444 1728 4512 quod
1768 4454 1938 4510 notat,
1974 4455 2095 4499 tan-

2187 3251 2505 3322 ἀδιανόητον
2537 3254 2840 3323 προφέρεις
2879 3253 2974 3305 καὶ
3020 3251 3411 3316 ἀνακόλουθον,
3443 3252 3540 3305 καὶ
3588 3252 3651 3305 ού
3684 3270 3794 3306 κα-

2188 3342 2299 3406 θὼς
2360 3344 2526 3398 αὐτὸν
2556 3348 2583 3399 ὁ
2613 3344 2769 3412 ἅγιος
2799 3344 3134 3414 προήνεγκε.
3173 3344 3244 3397 Σὺ
3282 3345 3383 3413 μὲν
3413 3345 3523 3413 γὰρ
3578 3343 3790 3410 λέγεις,

2185 3436 2261 3498 ὡς
2296 3437 2325 3489 ὁ
2381 3436 2557 3504 ἅγιος,
2587 3437 2663 3507 τῷ
2697 3437 2753 3491 δὲ
2804 3436 2918 3506 Υἰῷ
2949 3436 3305 3499 οἰκειοῦσθαι,
3356 3436 3685 3505 δογματίζει
3733 3437 3794 3488 τὴ

2185 3528 2434 3599 Πνεῦμα,
2468 3527 2630 3584 τοῦτο
2682 3528 2794 3599 γὰρ
2827 3528 3065 3582 νοεῖσθαι
3106 3529 3214 3582 ἀπὸ
3246 3529 3452 3593 κοινοῦ,
3482 3529 3555 3591 ὡς
3583 3527 3797 3597 ᾠκειωο

2189 3620 2353 3690 μένον
2389 3621 2538 3690 αύτῴ
2591 3621 2735 3674 κατὰ
2787 3620 2972 3689 φύσιν.
3021 3620 3132 3674 Καὶ
3165 3619 3326 3683 τοῦτό
3368 3620 3485 3671 ἐστι
3517 3617 3793 3684 τοιοῦτον,

2196 3709 2310 3767 οἷον
2338 3714 2405 3767 ἄν
2435 3731 2517 3776 τις
2564 3712 2943 3782 ἐρωτώμενος,
2994 3712 3047 3765 τι
3094 3712 3214 3764 ἑστι
3248 3710 3402 3776 τόδε,
3428 3708 3796 3780 ἀποκρίναιτο

2186 3803 2271 3857 ὃτι
2305 3803 2460 3855 Ἐστι
2518 3803 2661 3857 τόδε.
2704 3803 2796 3865 Εἰς
2834 3802 2887 3856 τι
2919 3801 3031 3872 γὰρ
3061 3800 3190 3853 ἄλλο
3239 3801 3342 3871 ὁρᾷ
3372 3800 3555 3869 λέγειν
3608 3816 3673 3854 σε
3703 3801 3796 3853 ὅτι

2189 3894 2281 3964 Τῷ
2312 3896 2368 3949 δὲ
2400 3894 2518 3965 Υἱῷ
2546 3896 2749 3948 οἰκεῖον
2783 3894 2845 3947 τὸ
2875 3892 3124 3963 Πνεῦμα,
3154 3895 3230 3955 ὡς
3259 3894 3460 3946 οἰκεῖον
3497 3891 3648 3962 αύτῷ
3673 3908 3688 3955 ;
3732 3893 3798 3947 '0

2188 3985 2245 4040 δὲ
2278 3986 2433 4058 ἅγιος
2458 3988 2558 4056 οὐχ
2578 3985 2755 4050 οὕτως
2782 3986 2914 4055 ἔφη,
2942 3984 3078 4039 ἀλλὰ
3107 3986 3376 4056 πρότερον
3398 3983 3570 4037 εἰπὼν
3598 3984 3799 4056 δηλοῦ-

2190 4077 2315 4132 σθαι
2344 4079 2441 4146 τὴν
2468 4078 2603 4148 πρὸς
2629 4077 2722 4130 τὸν
2747 4078 2967 4147 Πατέρα
3013 4077 3328 4145 οἰκειότητα
3349 4076 3443 4129 τοῦ
3470 4076 3798 4146 Πνιύματος

2189 4170 2300 4223 ἀπὸ
2326 4168 2422 4222 τοῦ
2460 4167 2746 4237 προελθεῖν
2773 4168 2926 4231 αὐτὸ,
2959 4168 3061 4239 οὐχ
3089 4167 3166 4231 ὡς
3211 4169 3279 4222 τὰ
3317 4168 3497 4223 πάντα
3531 4171 3600 4223 ὲκ
3627 4169 3794 4232 Θεοῦ,

2192 4260 2307 4315 ἀλλ’
2360 4261 2437 4323 ὡς
2473 4259 2702 4331 Πνεῦμα
2730 4260 3001 4329 στόματος
3030 4257 3198 4312 αὑτοῦ
3223 4274 3240 4291 ·
3264 4258 3441 4321 οὕτως
3474 4260 3791 4328 ἐπήγαγεν,

2207 4351 2372 4406 Ἀλλὰ
2402 4352 2499 4406 καὶ
2529 4352 2755 4420 Πνεῦμα
2789 4349 3029 4421 Χριστοῦ
3065 4350 3306 4417 λέγεται,
3331 4349 3407 4411 ὡς
3434 4349 3796 4418 (ξικειωμένον

2195 4443 2345 4513 αὐτῷ
2386 4444 2528 4499 κατὰ
2560 4443 2747 4511 φύσιν,
2775 4444 2912 4512 ὅπερ
2944 4441 3117 4505 ἐστὶν,
3166 4440 3241 4504 ὡς
3275 4441 3523 4512 ὑπάρχον
3562 4442 3652 4495 διὰ
3694 4442 3795 4496 τοῦ

495 4551 667 4602 squam
712 4551 806 4603 per
849 4534 1027 4602 ipsum
1089 4534 1399 4594 exsistens,
1448 4537 1909 4604 quennnltnodum
1975 4538 2079 4607 ipse

2200 4536 2329 4590 Υἰοῦ
2354 4552 2369 4566 °
2403 4535 2587 4599 καθὼς
2622 4536 2785 4599 αὐτὸς
2814 4529 2970 4600 οὗτος
2997 4539 3056 4589 ὲν
3084 4535 3266 4598 ἄλλοις
3301 4535 3488 4603 σαφῶς
3521 4533 3796 4605 δεδογμά-

499 4625 642 4678 ltieis
677 4626 729 4677 in
765 4625 885 4677 aliis
938 4633 1121 4693 aperte
1177 4625 1584 4679 determinavit.
1641 4626 1786 4679 ltlem
1819 4630 1964 4680 enim
2008 4641 2079 4681 ρει

2193 4644 2332 4682 τικεο
2361 4628 2560 4683 ταύτὸν
2593 4629 2702 4700 γάρ
2736 4629 2888 4682 ἐστιν
2935 4631 3112 4682 εἰπεῖν
3142 4628 3370 4697 Πνεῦμα
3405 4626 3560 4690 Υἱοῦ,
3591 4628 3674 4681 ὅτι
3702 4627 3795 4681 διὰ

504 4717 694 4770 dicere
742 4715 981 4784 Spiritus
1016 4714 1161 4780 Filii,
1195 4717 1340 4785 quod
1371 4731 1465 4785 per
1502 4715 1722 4780 Filium,
1761 4726 1814 4771 et
1847 4718 2079 4787 Spiritus

2194 4718 2288 4772 τοῦ
2322 4720 2475 4783 Υἱοῦ,
2514 4721 2609 4773 καὶ
2651 4719 2879 4790 Πνεῦμα
2911 4720 3064 4785 Υἱοῦ,
3087 4721 3177 4772 ’ὅτι
3204 4720 3407 4773 οἰκεῖον
3458 4720 3610 4790 αὐτῷ
3648 4720 3796 4775 κατὰ

504 4804 654 4869 Filii,
700 4806 848 4874 quod
892 4816 1088 4860 natura
1146 4812 1473 4876 conjunctus
1522 4817 1605 4863 est
1657 4825 1783 4862 eum
1833 4826 1918 4864 eo.
1965 4812 2079 4866 [ndt

2198 4810 2380 4881 φύσιν.
2426 4810 2491 4864 Ἦ
2516 4811 2625 4883 γὰρ
2659 4812 2796 4882 πρὸς
2828 4812 2920 4865 τὸν
2948 4813 3074 4866 Υιὸν
3105 4814 3383 4874 οἰκείωσις
3414 4811 3508 4865 τοῦ
3540 4814 3795 4884 Πνεῦμα-

503 4899 656 4951 enim
685 4897 922 4967 Spiritus
952 4901 1267 4969 conjunctio
1300 4917 1425 4956 cum
1462 4901 1600 4953 Filio
1652 4915 1947 4956 consecuta
1990 4914 2079 4958 est

2197 4919 2309 4968 τος,
2336 4902 2543 4956 ἐκεῖθεν
2577 4902 2972 4973 ἠκολούθησεν,
3029 4905 3095 4955 ἐκ
3127 4902 3222 4956 τοῦ
3252 4900 3393 4957 εἶναι
3420 4905 3555 4957 αὐτὸ
3577 4907 3667 4960 διὰ
3697 4907 3793 4961 τοῦ

508 4991 786 5060 quod/ille
819 5008 913 5060 per
944 4991 1140 5047 Filium
1193 5010 1258 5048 ex
1305 4992 1467 5048 Patre
1501 5004 1628 5050 est:
1671 4995 1773 5048 alia
1822 4996 2076 5065 siqniden

2201 4996 2333 5050 Υἱοῦ
2372 4998 2436 5049 ἐκ
2494 4994 2708 5065 Πατρός
2733 5010 2748 5025 ο
2783 4996 2883 5047 οὐκ
2914 4995 2979 5048 ἂν
3007 4996 3121 5065 γὰρ
3156 4995 3334 5058 ἄλλως
3383 4993 3451 5066 ἦν
3483 4999 3687 5051 οἰκεῖον
3714 5000 3794 5068 τῷ

509 5083 729 5137 ratione
776 5100 884 5138 non
932 5096 1077 5139 esset
1099 5087 1427 5154 conjunetus
1478 5085 1645 5151 Filio,
1696 5085 1739 5141 si
1771 5102 1867 5156 per
1897 5086 2079 5144 Filiun

2205 5092 2341 5160 Υἱῷ,
2373 5093 2421 5144 εἰ
2448 5090 2524 5162 μὴ
2551 5091 2641 5144 διὰ
2657 5091 2752 5143 τοῦ
2774 5090 2909 5144 Υὶοῦ
2939 5086 3026 5161 ἦν.
3065 5091 3273 5144 Οὐδένα
3303 5092 3413 5162 γὰρ
3436 5092 3595 5161 λόγον
3618 5094 3795 5159 ἄλλως

512 5190 623 5229 non
651 5184 815 5230 esset.
870 5174 1090 5232 INullam
1126 5180 1271 5231 enim
1306 5178 1467 5232 aliam
1517 5181 1779 5234 rationem
1815 5180 2079 5249 assignari

2204 5185 2318 5254 εχει
2356 5200 2439 5247 τις
2465 5182 2652 5235 δοῦναι
2686 5182 2783 5252 τῆς
2830 5181 2925 5234 τοῦ
2960 5180 3275 5250 Πνεύματος
3324 5183 3461 5251 πρὸς
3528 5184 3619 5237 τὸν
3663 5182 3793 5237 Υἰὸν

515 5270 792 5339 quispiam
837 5273 1035 5341 poterit
1085 5270 1495 5340 conjunctionis
1544 5271 1666 5325 Filii
1700 5287 1825 5326 cum
1862 5272 2072 5345 Spiritu

2206 5256 2540 5342 οἰκειότητος
2570 5273 2736 5342 εἰμὴ
2764 5272 2823 5325 τὸ
2846 5271 2934 5324 διὰ
2998 5272 3092 5324 τοῦ
3125 5271 3256 5326 Υιοῦ
3283 5269 3422 5326 εἶναι
3452 5272 3608 5329 αὐτό.
3635 5273 3772 5327 Οὐδὲ

516 5360 623 5414 nisi
658 5360 803 5428 quod
839 5362 925 5416 ille
962 5378 1058 5430 per
1094 5360 1287 5414 Filium
1324 5372 1427 5415 est.
1483 5361 1669 5430 Neque
1703 5365 1847 5416 enim
1882 5380 2002 5428 nos,
2045 5381 2079 5419 u

2210 5365 2320 5436 γὰρ
2349 5365 2445 5419 καὶ
2475 5367 2641 5435 ἡμεῖς
2673 5361 2931 5433 ἐροῦμεν,
2955 5362 3033 5427 ὡς
3085 5363 3273 5417 πολλοὶ
3333 5362 3444 5417 τῶν
3495 5364 3794 5435 ἀπερισκέ-

521 5450 679 5505 multi
730 5467 795 5505 ex
831 5453 920 5519 iis,
962 5453 1054 5520 qui
1097 5466 1289 5520 parum
1355 5452 1704 5506 considerate
1749 5453 2013 5522 quidquid
2052 5457 2079 5508 it

2214 5472 2364 5519 πτως
2409 5454 2874 5527 ἁπερευγομένων
2910 5456 3134 5524 σύμπαν
3164 5456 3223 5508 τὸ
3279 5456 3793 5526 περιστάμενον,ὼς

526 5539 754 5597 buccam
786 5545 1016 5609 venerit,
1062 5541 1344 5608 ell‘utiunt,
1369 5543 1636 5607 dicemus,
1685 5542 1948 5613 Spiritum
1976 5562 2077 5600 con

2216 5553 2414 5606 οἰκεῖον
2443 5552 2557 5622 Υἱῴ
2584 5552 2646 5605 τὸ
2678 5552 2923 5620 Πνεῦμα,
2953 5551 3035 5604 ὅτι
3099 5549 3389 5620 ὁμοούσιον
3417 5549 3552 5620 Υἰῴ.
3592 5550 3655 5603 Εἰ
3686 5548 3790 5618 γὰρ

515 5632 778 5704 junctum
835 5650 955 5689 esse
1018 5632 1176 5697 Filio,
1215 5635 1357 5702 quod
1405 5635 1648 5702 ejusdem
1684 5651 1808 5690 cum
1847 5635 1980 5689 Filio
2012 5655 2076 5691 na

2222 5647 2515 5715 προηγεῖτο
2573 5645 2632 5697 τὸ
2674 5644 2959 5714 ὁμιοέσιον
2983 5645 3083 5712 τῆς
3140 5642 3397 5711 τοιαύτης
3447 5642 3794 5708 οἰκειότητος,

528 5732 669 5776 tura:
710 5734 811 5778 est.
867 5724 999 5780 Nam
1050 5739 1258 5783 naturae
1328 5729 1650 5789 similitudo,
1691 5745 1807 5797 quae
1845 5731 1983 5784 inter
2015 5751 2079 5786 (υ

2225 5735 2345 5787 ἐπεὶ
2375 5733 2435 5787 ιδ
2464 5735 2596 5805 πρὸς
2648 5734 2854 5802 ἄλληλα
2885 5734 3068 5786 αὐτῶν
3102 5734 3388 5801 όμοούσιον
3426 5733 3790 5803 ἀντιστρέφει,

538 5813 825 5871 intercedit
854 5858 868 5887 ,
912 5822 1372 5888 contravertitur,
1410 5833 1456 5875 et
1484 5834 1665 5892 posset
1699 5839 1852 5893 ιιι-μισ
1899 5828 2077 5880 ration

2228 5824 2295 5898 ἦν
2330 5830 2392 5882 5v
2430 5845 2461 5880 κ
2483 5828 2520 5880 πὶ
2553 5828 2767 5894 ἐλέγετο
2805 5827 2897 5879 καὶ
2928 5828 2953 5878 ὀ
2991 5825 3114 5889 Υἱὸς
3141 5829 3224 5879 οἰκ
3258 5829 3336 5891 io;
3382 5825 3458 5895 τῷ
3493 5824 3789 5895 Πνεύματιο
