4002 6404
461 355 574 422 tt‘t
1493 346 1704 422 JOAN.
1743 361 1957 422 VECCI
2001 363 2107 424 cr.
2153 363 2423 426 PATR‘IA
2441 366 2660 428 nam:
3613 351 3720 429 tis

470 495 490 525 ε
529 489 694 544 quam
751 489 939 530 secum
975 472 1194 544 cogitet,
1255 489 1416 543 quem
1466 490 1571 528 non
1605 484 1763 528 antea
1805 475 2046 530 illustra-

2220 479 2344 544 Υἱὸς
2391 482 2417 534 6
2448 482 2509 534 τὸ
2554 482 2618 533 ὲκ
2673 477 2884 548 Πατρὺς
2937 477 3372 546 ἐκπορευόμενον
3405 478 3627 546 Πνεῦμα
3655 472 3722 533 δι’

472 586 491 616 ε
536 567 675 620 verit
724 566 987 634 Spiritus.
1041 565 1309 632 Quoniam
1358 566 1522 636 igitur
1571 567 1830 635 Spiritus,
1863 582 1891 621 a
1935 582 2045 636 quo

2213 566 2408 622 ἑαυτοῦ
2439 571 2533 623 καὶ
2561 570 2676 639 μετ’
2700 568 2864 622 αὑτοῦ
2895 569 3201 635 γνωρίζων,
3230 569 3389 637 μόνος
3421 569 3724 637 μονογενῶς

473 675 493 706 ς
534 658 716 713 omnis
763 659 909 712 velut
957 673 1024 712 ex
1092 657 1238 712 fonte
1296 656 1362 710 ad
1421 666 1702 710 creaturas
1760 668 2048 725 promanat

2216 664 2279 713 ὲκ
2301 659 2396 713 τοῦ
2427 662 2724 728 ἀγεννήτου
2753 661 2930 728 φωτὸς
2953 660 3265 728 ἐκλάμψας,
3298 658 3558 726 οὐδεμίαν
3586 661 3734 713 κατὰ

475 768 490 794 ι
534 749 798 802 bonorum
832 749 1215 818 suppeditatio,
1244 764 1272 801 a
1317 745 1454 802 Filio
1489 749 1708 816 duidem
1737 749 2044 818 dependet:

2217 751 2277 804 τὸ
2314 751 2519 814 ἰδιάζον
2552 751 2660 804 τῶν
2699 752 3102 822 γνωρισμάτων
3144 753 3242 820 τὴν
3297 750 3587 804 κοινωνίαν
3615 750 3730 818 ἔχει

475 857 496 887 ι
535 841 794 907 quoniam
872 855 980 894 una
1060 841 1179 894 sine
1234 841 1343 894 ulla
1418 839 1680 894 distantia
1743 841 2050 910 concipitur

2217 843 2356 913 πρὸς
2381 843 2472 897 τὸν
2499 843 2773 914 Πατέραῆ
2805 842 2866 896 τὸ
2892 842 3115 912 Πνεῦμα
3147 842 3208 894 τὸ
3242 841 3418 909 ἆγιον,
3458 841 3594 895 ἀλλὰ
3619 842 3734 903 τοῖς

470 950 492 978 ‹
534 943 711 985 mente
751 949 764 984 :
794 947 974 986 causa:
1003 947 1132 986 vero
1160 932 1339 987 Patris
1372 933 1634 986 insertam
1676 932 1840 986 habet
1863 948 2052 987 essen-

2223 934 2534 1002 εἰρημένοις
2567 933 2811 1006 σημείοις
2841 936 3001 1004 μόνος
3025 932 3379 1003 γνωρίζεται.
3421 950 3440 983 ο

469 1047 491 1074 1
535 1030 686 1094 tiam,
727 1029 973 1082 unde‘et
1021 1029 1386 1097 progreditur,
1430 1029 1573 1081 hanc
1655 1029 1948 1090 notionem,
2002 1044 2065 1084 ac
2127 1030 2493 1099 cognoscibile
2577 1032 2796 1100 signum
2856 1031 2998 1100 ejus,
3036 1044 3159 1098 qua!
3229 1028 3524 1083 secundum
3559 1029 3736 1097 hypo-

471 1139 490 1170 ‹
530 1122 715 1176 stasim
767 1132 870 1186 est,
917 1124 1262 1192 proprietatis
1315 1124 1496 1187 habet,
1559 1137 1671 1192 quo
1716 1139 1836 1176 cum
1898 1122 2034 1177 Filio
2099 1125 2260 1178 simul
2307 1137 2361 1177 et
2388 1127 2503 1195 ipse
2578 1141 2638 1180 se
2702 1126 2832 1179 l'acit
2903 1125 3219 1190 internosci,
3249 1132 3304 1178 et
3343 1138 3451 1190 quo
3478 1137 3542 1176 ex
3575 1121 3739 1179 Patre

475 1238 493 1267 ε
537 1213 833 1268 subsistit:
876 1214 1042 1267 Filius
1113 1230 1238 1269 vero
1293 1215 1383 1284 qui
1412 1230 1476 1269 ex
1526 1215 1683 1270 Patre
1741 1216 2169 1283 progredientem
2236 1217 2496 1286 Spiritum
2530 1233 2626 1286 per
2694 1217 3041 1284 seipsutn,et
3104 1215 3263 1281 cum;
3300 1215 3481 1281 seipso
3546 1222 3738 1269 notum

475 1324 492 1352 ι
533 1303 680 1364 facit.
728 1305 880 1358 solus
932 1303 1250 1374 Uuigenitus
1331 1320 1396 1358 ex
1441 1304 1682 1372 ingenito
1750 1304 1956 1360 lumine
2019 1307 2238 1369 reluxit,
2312 1308 2623 1376 nullamque
2688 1323 2911 1377 prorsus
2980 1309 3262 1363 uotionum
3361 1307 3741 1361 communica-

473 1414 495 1447 ‹
538 1397 737 1448 tionem
773 1395 1072 1450 secundum
1123 1396 1506 1462 proprietatem
1551 1411 1707 1448 suam
1777 1404 1886 1449 tam
1955 1412 2080 1452 cum
2133 1397 2315 1464 Patre,
2383 1415 2544 1470 quam
2595 1415 2719 1454 cum
2771 1401 2979 1470 Spiritu
3057 1408 3248 1456 sancto
3333 1399 3514 1463 habet,
3545 1399 3648 1454 sed
3678 1413 3742 1454 cx

479 1509 497 1540 ε
541 1489 701 1543 dictis
734 1489 845 1558 jam
875 1489 1046 1557 signis
1076 1488 1226 1540 solus
1260 1489 1601 1555 agnoscitur.
1645 1506 1662 1539 ι

1065 1580 1486 1634 Δηίηιτιάυενείο.

551 1689 570 1721 ι
613 1671 808 1722 Eadem
869 1687 1084 1739 quoque
1137 1673 1189 1726 in
1225 1681 1486 1740 praesente
1525 1672 1782 1741 pericopo
1841 1670 2055 1736 edocet,

2765 1581 3143 1634 Ἑπιστασὶα.

2243 1690 2262 1723 t
2310 1671 2390 1725 Τὰ
2419 1672 2560 1726 αὐτὰ
2610 1672 2796 1743 σχεδὸν
2825 1673 2926 1724 κάν
2957 1675 3023 1742 τῇ
3060 1675 3312 1742 παρούσῃ
3364 1676 3646 1744 περικοπῇ
3675 1677 3749 1729 6t-

481 1781 500 1812 ε
543 1779 605 1814 ex
658 1762 818 1814 Patre
865 1763 1082 1826 quidem
1121 1764 1420 1817 subsistere
1456 1761 1746 1830 Spiritum,
1781 1763 2058 1825 scribens,

2180 1781 2189 1816 ι
2238 1763 2425 1817 δάσκει
2453 1767 2480 1816 6
2510 1764 2685 1832 ἅγιος,
2712 1765 2776 1817 ὲκ
2803 1763 2898 1817 τοῦ
2955 1763 3167 1832 Πατρὸς
3196 1764 3295 1831 μὲν
3325 1764 3627 1831 ὑφεστάναι
3660 1767 3746 1821 M-

483 1872 499 1901 ε
539 1852 630 1906 sed
664 1867 786 1906 cum
831 1850 988 1913 Filio,
1022 1863 1076 1906 et
1105 1869 1229 1906 cum
1258 1869 1322 1907 eo
1351 1853 1633 1923 cognosci.

1124 2041 1414 2109 Refutatio.

552 2126 692 2183 Vere
747 2129 968 2196 quidem
1018 2132 1226 2194 dixisti,
1274 2149 1336 2186 ex
1375 2132 1535 2188 Patre
1577 2145 1827 2192 sanctum
1877 2139 2062 2193 subsi-

502 2231 649 2272 s'ere
683 2219 948 2288 Spiritum
988 2223 1212 2277 dicere:
1257 2224 1617 2282 nihilominus
1651 2229 1811 2295 scito,
1870 2247 2060 2286 verum

481 2327 630 2373 esse,
685 2313 935 2366 eumdem
989 2314 1044 2366 in
1097 2314 1219 2369 aliis
1253 2317 1368 2372 suis
1418 2319 1642 2386 scriptis
1684 2338 1956 2384 asserere,
1993 2342 2056 2379 ex

489 2401 633 2456 Filio
682 2404 882 2458 habere
926 2404 1190 2474 Spiritum
1225 2409 1370 2477 quod
1412 2412 1503 2465 sit.
1533 2413 1599 2466 Et
1630 2415 1674 2467 si
1709 2415 1850 2469 dicta
1887 2415 2068 2472 Patris

489 2495 726 2549 invicem
759 2498 1086 2552 conferenda
1129 2511 1279 2561 sunt,
1330 2511 1389 2556 ut
1421 2506 1646 2560 omnino
1687 2507 1801 2561 ﬁeri
1840 2524 2068 2566 necesse

481 2594 591 2644 est,
621 2585 766 2652 quod
800 2597 1030 2656 utraque
1059 2603 1125 2643 ex
1160 2591 1350 2644 eodem
1388 2591 1594 2660 Spiritu
1632 2597 1762 2660 sint,
1815 2613 1880 2653 ex
1907 2597 2069 2654 Patre

485 2675 706 2743 quidem
743 2676 979 2745 Spiritus
1005 2691 1108 2744 est,
1141 2682 1284 2751 quod
1320 2682 1479 2737 Pater
1517 2687 1588 2738 sit
1627 2689 1822 2753 prima,
1857 2697 1907 2741 et
1939 2691 2068 2744 abs-

487 2781 594 2834 que
655 2768 926 2836 principio
973 2786 1140 2826 causa
1185 2785 1236 2826 et
1264 2772 1386 2828 Filii
1421 2785 1474 2828 et
1505 2775 1783 2844 Spiritus;
1819 2794 1884 2832 ex
1934 2779 2073 2835 Filio

488 2874 620 2911 νμτο
668 2858 810 2927 quod
863 2876 972 2914 non
1035 2862 1351 2918 immediate
1385 2905 1400 2930 ,
1449 2868 1542 2920 sed
1599 2883 1694 2936 per
1745 2867 1942 2924 Filium
2008 2886 2074 2925 ex

491 2946 652 3000 Patre
688 2959 928 3002 emanat.
987 2950 1051 3002 Et
1105 2962 1390 3020 propterea
1439 2971 1612 3025 neque
1657 2959 1748 3026 qui
1801 2959 1956 3022 dicit,
2006 2975 2070 3015 ex

493 3036 653 3092 Patre
679 3055 798 3094 esse
833 3039 1118 3108 Spiritum,
1157 3045 1321 3099 etiam
1365 3049 1410 3101 si
1470 3065 1574 3102 una
1607 3065 1732 3104 cum
1787 3051 1945 3107 Patre
1979 3052 2076 3107 Fi-

2172 1875 2190 1906 ε
2238 1871 2349 1922 γων
2379 1856 2442 1908 τὸ
2476 1855 2700 1926 Πνεῦμα
2729 1857 2792 1909 τὸ
2848 1855 3031 1924 δγιον,
3063 1857 3200 1925 μετὰ
3233 1854 3324 1910 τοῦ
3363 1855 3496 1909 Υίοῦ
3546 1856 3602 1911 δὲ
3659 1861 3748 1913 καὶ

2168 1965 2186 1998 ι
2232 1949 2329 2001 σὺν
2365 1946 2516 2018 αὐτῷ
2547 1946 2936 2018 γνωρίζεσθαι.
2979 1968 2997 1997 ο

2769 2040 3164 2108 Ἄντίρῤησις.

2249 2131 2490 2203 Ἀληθῶς
2536 2131 2639 2200 ἔφη
2667 2132 2750 2184 ὅτι
2783 2132 2848 2184 ἐκ
2878 2131 2974 2184 τοῦ
3010 2131 3222 2204 Πατρὺς
3255 2131 3285 2184 6
3331 2131 3489 2201 ἅγιος
3514 2133 3746 2201 ὑφεστὰ-

2166 2244 2249 2279 ναι
2281 2226 2426 2293 λέγει
2458 2225 2519 2276 τὸ
2557 2225 2804 2292 Πνεῦμα·
2839 2223 2957 2276 ἀλλ’
3006 2223 3112 2276 ῐσθι
3143 2224 3342 2294 ἀληθὲς
3372 2221 3512 2278 εἶναι
3543 2226 3642 2279 καὶ
3673 2227 3751 2280 ὅτι

2167 2317 2328 2378 αὐτός
2356 2319 2504 2370 ἐστιν
2539 2318 2567 2369 6
2597 2315 2773 2382 λέγων
2828 2316 2884 2368 ὲν
2917 2314 3100 2378 ἄλλοις
3132 2315 3192 2368 τὸ
3222 2315 3446 2385 Πνεῦμα
3473 2317 3628 2386 παρὰ
3656 2316 3753 2372 τοῦ

2170 2409 2300 2462 Υἱοῦ
2332 2409 2456 2479 ἔχον
2489 2409 2549 2463 τὸ
2585 2403 2748 2460 εἶναι.
2799 2407 2907 2460 Καὶ
2976 2407 3022 2459 εί
3063 2406 3146 2458 δεῖ
3197 2405 3560 2476 συμϐιϐάζειν
3617 2409 3756 2472 πρὸξ

2169 2481 2375 2571 ἄλληλα
2413 2504 2479 2556 τὰ
2534 2501 2626 2555 τοῦ
2681 2499 2836 2567 ἁγίου
2879 2500 3038 2568 ῥητὰ,
3091 2498 3307 2561 πάντως
3339 2498 3395 2551 6‘3
3441 2499 3540 2564 δεῖ,
3575 2500 3664 2553 ὅτι
3700 2502 3762 2554 ιιι

2169 2594 2266 2648 τοῦ
2305 2593 2622 2662 Πνεῦματος
2666 2593 2764 2644 καὶ
2795 2591 3103 2660 ἀμφότερα,
3160 2592 3224 2642 ὲκ
3276 2590 3372 2644 τοῦ
3409 2591 3626 2660 Πατρδς
3659 2592 3759 2661 μὲν

2171 2688 2233 2739 τὸ
2267 2684 2490 2753 Πνεῦμά
2521 2686 2690 2747 ἐστιν,
2750 2683 2830 2735 ὅτι
2867 2684 2894 2735 6
2932 2683 3121 2751 Πατήρ
3156 2683 3308 2735 ἐστιν
3343 2683 3373 2750 ἡ
3408 2681 3600 2753 πρώτη
3665 2683 3762 2736 καὶ

2174 2777 2409 2845 ἄναρχος
2445 2774 2594 2828 αἰτία
2652 2774 2780 2828 Υἱοῦ
2830 2792 2889 2826 τε
2927 2774 3018 2827 καὶ
3063 2773 3404 2841 Πνεῦματος,
3459 2775 3619 2844 παρὰ
3663 2773 3762 2828 τοῦ

2175 2869 2307 2922 Υἱοῦ
2339 2868 2415 2931 δὲ,
2448 2869 2530 2921 ὅτι
2562 2867 2661 2920 οὐκ
2684 2868 2928 2936 ἁμέσως,
2953 2865 3088 2919 ἀλλὰ
3111 2866 3199 2920 διὰ
3225 2866 3322 2918 τοῦ
3349 2866 3477 2920 Υίοῦ
3506 2868 3763 2935 πρόεισιν

2177 2958 2308 3012 αὐτὸ
2338 2961 2401 3012 ὲκ
2457 2960 2688 3029 Πατρός.
2726 2960 2836 3014 Καὶ
2883 2959 2972 3012 διὰ
3025 2959 3195 3012 ταῦτα
3243 2957 3370 3012 οὔτε
3403 2959 3432 3012 6
3480 2958 3660 3027 λέγων
3706 2962 3766 3014 ἐκ

2177 3050 2271 3103 τοῦ
2304 3051 2518 3120 Πατρδς
2550 3047 2690 3104 εἶναι
2717 3050 2780 3103 τὸ
2818 3049 3070 3120 Πνεῦμα,
3126 3050 3199 3120 μὴ
3234 3052 3767 3121 συνεκφωνουμένου

494 3131 628 3183 lium
663 3145 788 3195 {non
843 3135 1112 3199 enuntiet,
1165 3138 1485 3193 adversatur
1527 3141 1624 3206 illi,
1659 3146 1751 3212 qui
1800 3145 1978 3214 ipsum
2007 3161 2071 3201 ex

2180 3145 2272 3194 καὶ
2306 3141 2400 3196 τοῦ
2431 3142 2562 3196 Υίοῦ
2590 3142 2666 3212 τῷ
2703 3142 2898 3212 Πατρὶ,
2932 3142 3274 3195 ἐναντιοῦται
3309 3142 3386 3213 τῷ
3414 3144 3478 3196 ὲκ
3509 3144 3605 3196 τοῦ
3633 3143 3768 3198 Υἱοῦ

499 3221 634 3276 Filio
655 3238 778 3278 esse
809 3228 1156 3291 pronuntiat:
1191 3244 1365 3297 neque
1387 3232 1481 3300 qui
1506 3233 1639 3287 dicit
1673 3250 1793 3287 cum
1825 3251 1890 3289 ex
1919 3235 2075 3298 Filio,

497 3328 618 3366 sese
650 3315 878 3382 opponit
912 3315 1012 3381 illi,
1059 3318 1154 3386 qui
1189 3321 1413 3386 asserit,
1451 3335 1576 3376 eum
1612 3340 1676 3378 ex
1712 3325 1871 3379 Patre
1901 3341 2025 3380 esse
2062 3345 2076 3382 :

499 3408 641 3471 quod
700 3409 1044 3466 manifestius
1088 3413 1516 3482 dijudicaveris,
1567 3419 1614 3474 si
1657 3419 1767 3485 jam
1815 3421 2080 3490 digesta’m

500 3499 807 3570 pericopem
848 3506 1160 3560 accuratius
1199 3509 1618 3566 examinaveris.
1658 3513 1713 3566 ln
1747 3529 1808 3566 ea
1848 3530 2084 3583 namque

504 3601 729 3646 sanctus
764 3595 1048 3652 Trinitatis
1084 3598 1471 3656 inconcussam
1509 3603 1951 3670 conjunctiouem
1984 3622 2080 3660 ex-

505 3683 752 3752 planans,
775 3698 828 3742 et
858 3689 1277 3759 inseparabilem
1316 3697 1620 3750 naturalem
1653 3697 1797 3752 illius
1824 3700 2077 3754 unionem

505 3793 785 3846 exponens
838 3783 967 3837 dicit
1000 3802 1012 3838 :
1072 3803 1090 3836 (
1125 3785 1444 3851 Quaerentes
1485 3804 1634 3851 vero,
1682 3806 1748 3844 an
1787 3791 1857 3844 ita
1889 3792 2072 3860 dignis

505 3868 646 3922 adsit
682 3872 946 3926 bonorum
994 3875 1388 3944 suppeditatio,
1437 3886 1499 3931 ut
1533 3893 1654 3946 qum
1701 3895 1764 3932 ex
1801 3879 1922 3934 Solo
1959 3879 2085 3950 Spi-

2179 3233 2393 3300 λέγοντι
2429 3229 2571 3287 εἶναι
2601 3234 2755 3300 αὐτὸ,
2804 3232 2928 3286 οῦτε
2959 3235 2987 3286 6
3020 3233 3193 3302 λέγων
3222 3235 3287 3285 ὲκ
3315 3233 3410 3287 τοῦ
3447 3233 3580 3288 Υἱοῦ
3618 3231 3768 3290 εῖναι

2181 3325 2313 3378 αὐτὸ
2346 3325 2581 3395 μάχεται
2621 3325 2695 3394 τῷ
2732 3325 2946 3391 λέγοντι
2975 3325 3037 3379 ὲκ
3064 3325 3159 3379 τοῦ
3195 3325 3407 3395 Πατρδς
3434 3323 3576 3379 εἶναι
3607 3327 3772 3382 αὑτό.

2181 3419 2292 3473 Καὶ
2321 3417 2467 3487 ἔχοις
2495 3419 2562 3472 ἂν
2599 3417 2900 3486 διαγνῶναι
2934 3419 3085 3471 τουτὶ
3129 3417 3534 3489 καθαρώτερον,
3565 3421 3617 3473 εί
3673 3420 3769 3492 τὴν

2181 3509 2283 3580 ἠδη
2317 3510 2576 3579 ῥηθεῖσαν
2604 3509 2914 3580 περικοπὴν
2956 3508 3453 3580 ὲξεταστικώτερον
3499 3509 3776 3565 διαϐασα-

2184 3600 2361 3671 νίσῃς.
2409 3601 2497 3654 Ἐν
2541 3601 2712 3673 ταύτῃ
2776 3601 2886 3671 γὰρ
2945 3602 2974 3653 6
3035 3601 3189 3665 ἅγιος
3235 3601 3328 3654 τὸν
3367 3603 3469 3671 τῆς
3534 3603 3774 3673 Τριάδος

2185 3693 2466 3763 ἐμφαίνων
2524 3695 2894 3766 ἀδιάρρηκτον
2944 3694 3264 3761 σύνδεσμον,
3322 3695 3418 3748 καὶ
3457 3694 3559 3764 τὴν
3611 3696 3772 3750 ἀδιά-

2189 3801 2382 3838 στατον
2428 3785 2664 3857 φυσικὴν
2700 3786 2874 3854 αὐτῆς
2921 3785 3096 3856 δηλῶν
3143 3786 3361 3848 ἕνωσιν,
3408 3783 3584 3850 οὕτως
3626 3787 3771 3860 ἔφη’

2194 3890 2212 3922 ι
2257 3872 2556 3942 Ζητοῦντες
2587 3875 2670 3936 δὲ,
2729 3875 2777 3927 εί
2812 3876 2876 3927 ὲκ
2915 3874 3077 3942 μόνου
3108 3873 3203 3926 τοῦ
3245 3875 3404 3942 ἁγίου
3448 3877 3774 3946 Πνεῦματος

510 3960 614 4013 ritu
679 3973 868 4017 sancto
901 3974 1082 4018 sumat
1111 3965 1350 4031 initium,
1397 3967 1592 4020 iterum
1630 3983 1723 4036 per
1749 3967 2071 4036 Scripturan

2192 3964 2222 4030 ἡ
2281 3963 2390 4016 τῶν
2465 3964 2692 4030 ἀγαθῶν
2756 3966 2992 4036 χορηγία
3049 3964 3193 4018 οὕτω
3231 3966 3599 4035 παραγίνεται
3657 3973 3775 4032 τοῖς

512 4053 792 4115 ducimur,
827 4066 880 4109 ct
929 4057 1277 4118 instruimur,
1309 4066 1368 4111 ut
1415 4059 1868 4126 suppeditationis
1897 4077 2071 4118 eorun

2189 4053 2379 4118 ἀξίοις.
2427 4056 2590 4110 πάλιν
2631 4056 2737 4109 ὑπὸ
2775 4059 2873 4125 τῆς
2932 4057 3152 4128 Γραφῆς
3210 4056 3558 4126 ὁδηγούμεθι
3600 4062 3684 4124 είς
3717 4063 3776 4114 τὸ

509 4145 806 4210 bonorum,
839 4163 960 4216 quae
995 4149 1232 4218 Spiritus
1264 4160 1489 4206 sanctus
1523 4153 1575 4204 in
1606 4153 1762 4206 nobis
1799 4163 2071 4222 Operatur,

2189 4143 2289 4209 τῆς
2320 4145 2542 4213 χάριτος
2586 4145 2699 4197 τῶν
2761 4145 2985 4210 ἀγαθῶν
3034 4147 3142 4197 τῶν
3197 4145 3288 4199 διὰ
3318 4146 3410 4200 τοῦ
3449 4149 3778 4219 Πνεῦματος

513 4248 792 4293 auctorem
826 4250 880 4295 ει
901 4256 1122 4297 causam
1158 4243 1497 4310 unigenitum
1531 4242 1704 4297 Deum
1748 4260 1869 4300 csse
1901 4247 2071 4300 credat

2193 4236 2602 4305 ἐνεργουμένων
2628 4237 2780 4307 ἡμῖν,
2803 4237 3046 4309 ἀρχηγὸν
3073 4239 3168 4291 καὶ
3194 4239 3368 4293 αῖτιον
3386 4240 3478 4293 τὸν
3507 4243 3779 4312 μονογενῆ

515 4347 658 4393 mus,
689 4351 707 4383 ›
740 4340 846 4386 etc.
875 4333 930 4387 Si
965 4335 1148 4402 itaque
1181 4343 1464 4389 auctorem
1515 4345 1570 4389 et
1602 4351 1826 4390 causam
1862 4337 2066 4391 allirma

2193 4324 2326 4377 Θεὸν
2371 4321 2512 4379 εἶναι
2559 4327 2839 4380 πιστεύειν
2864 4345 2879 4361 ο
2920 4347 2938 4380 ι
2997 4331 3092 4382 καὶ
3124 4328 3192 4383 τὰ
3227 4329 3378 4399 ἑξῆς.
3412 4331 3477 4386 Ei
3513 4333 3646 4400 γοῦν
3676 4336 3780 4403 ἁρ-

516 4421 870 4492 Unigenitum
931 4433 1117 4493 gratia:
1184 4425 1450 4479 b0u0rum
1486 4465 1502 4488 ,
1565 4443 1685 4493 quae
1746 4428 1980 4495 Spiritus
2039 4429 2071 4481 it

2194 4415 2363 4486 Χηγδν
2419 4416 2514 4470 καὶ
2559 4416 2733 4471 αἴτιόν
2766 4434 2898 4488 φησι
2932 4417 3024 4470 τὸν
3069 4418 3350 4488 Μονογενῆ
3404 4419 3504 4488 τῆς
3556 4420 3779 4492 χάριτος

519 4512 676 4566 nobis
706 4521 986 4580 operatur,
1018 4514 1345 4569 attendenda
1373 4525 1503 4569 sunt
1529 4519 1599 4571 ab
1635 4534 1721 4582 eo,
1751 4521 1850 4588 qui
1889 4533 1976 4571 res
2007 4517 2071 4571 di-

2197 4505 2304 4558 τῶν
2331 4507 2552 4574 ἀγαθῶν
2588 4507 2698 4562 τῶν
2727 4507 2818 4562 διὰ
2859 4507 2953 4562 τοῦ
2993 4506 3314 4578 Πνεῦματος
3355 4511 3780 4579 ἐνεργουμένων

521 4605 775 4671 ligentius
824 4593 1074 4672 inquirit,
1107 4615 1160 4659 et
1191 4622 1295 4658 non
1348 4623 1448 4676 per
1483 4616 1839 4665 transennam
1877 4607 2071 4662 divina:

2197 4597 2350 4667 ἡμῖν,
2400 4599 2624 4652 σκοπεῖν
2664 4599 2747 4652 δεῖ
2796 4599 2887 4652 τὸν
2938 4599 3286 4666 ἐξεταστικὸν
3324 4599 3517 4671 ἄνδρα,
3563 4603 3660 4655 καὶ
3703 4603 3780 4672 μὴ

520 4696 831 4762 scripturas
881 4697 1170 4763 percurrit,
1204 4711 1312 4766 qua
1337 4698 1566 4764 [ratione
1615 4706 1808 4751 auctor
1835 4703 1890 4752 et
1926 4712 2071 4752 caus:

2200 4690 2512 4758 παροδικῶς
2529 4691 2629 4754 τὰς
2654 4691 2803 4755 θείας
2820 4691 3042 4762 Γραφὰς
3069 4691 3462 4761 ἐπερχόμενον,
3486 4693 3606 4755 πῶς
3629 4693 3781 4748 ἔστιν

516 4785 789 4839 donorum
843 4784 1075 4853 Spiritus
1125 4784 1442 4854 Unigenitus
1482 4788 1707 4855 intelligi
1752 4787 1985 4851 debeat,
2050 4803 2071 4842 ε

2201 4782 2445 4852 ἀρχηγὸν
2480 4783 2575 4836 καὶ
2603 4784 2774 4837 αίτιον
2803 4783 2915 4836 τῶν
2939 4782 3032 4836 τοῦ
3061 4783 3380 4851 Πνεῦματος
3415 4785 3782 4868 χαρισμάτων

509 4876 719 4930 similia
737 4878 876 4930 dona
897 4875 1412 4947 elargiensSpiritus
1429 4894 1492 4934 ex
1509 4877 1626 4932 solo
1647 4876 1804 4930 Patre
1817 4885 1988 4931 etnon
2005 4891 2070 4944 pe

2200 4871 2293 4924 τὸν
2327 4873 2610 4943 Μονογενῆ
2643 4874 2929 4945 νοηθῆναι,
2961 4877 3010 4928 εί
3047 4874 3109 4928 τὸ
3163 4872 3411 4942 πηγάξον
3449 4873 3519 4927 τὰ
3558 4876 3782 4929 τοιαῦτα

515 4967 699 5035 ipsum
743 4966 1087 5038 Unigenitum
1124 4971 1397 5039 prepriam
1440 4967 1817 5024 exsistentiam
1871 4976 1924 5022 et
1971 4968 2071 5022 sub

2203 4965 2520 5036 χαρίσματα
2553 4965 2779 5036 Πνεῦμα
2809 4969 2872 5021 ἐκ
2919 4966 3080 5036 μόνου
3107 4966 3202 5019 τοῦ
3233 4965 3470 5030 Πατρὸς,
3499 4969 3593 5019 καὶ
3622 4969 3684 5021 οὑ
3715 4967 3784 5022 δι’

511 5061 830 5114 .sistentiam
869 5062 1054 5115 habet.
1106 5060 1358 5130 Namque
1401 5061 1444 5114 si
1472 5075 1568 5129 per
1599 5058 1947 5125 Unigenitum
1982 5058 2071 5128 Spi

2206 5057 2372 5112 αὑτοῦ
2403 5057 2497 5111 τοῦ
2527 5057 2868 5127 Μονογενοῦς
2902 5059 3000 5128 τὴν
3047 5053 3243 5110 ἑαυτοῦ
3294 5054 3530 5121 ὓπαρξιν
3558 5058 3654 5112 καὶ
3689 5060 3780 5112 o6-

518 5153 668 5208 .ritus
701 5169 768 5208 ex
803 5152 965 5210 Patre
994 5156 1230 5221 exsistit,
1262 5156 1366 5208 erit
1400 5153 1588 5221 utique
1625 5152 1948 5222 Unigeuitus
2003 5156 2071 5205 do

2209 5151 2398 5205 σίωσιν
2425 5152 2560 5222 ἔχει.
2599 5151 2663 5204 Ei
2700 5152 2801 5220 μὲν
2837 5153 2947 5221 γὰρ
2975 5151 3062 5204 διὰ
3100 5151 3196 5203 τοῦ
3227 5150 3572 5218 Μονογενοῦς
3604 5151 3783 5220 ὑπάρ-

523 5259 720 5300 norum
751 5247 917 5310 illius,
961 5262 1081 5315 qua:
1109 5262 1203 5316 per
1244 5247 1418 5316 ipsum
1458 5254 1512 5299 et
1543 5253 1829 5314 propterea
1877 5260 1943 5299 ex
1985 5245 2066 5313 ips

2205 5260 2292 5314 χει
2323 5242 2385 5295 τὸ
2444 5240 2670 5312 Πνεῦμα
2716 5244 2780 5294 ἐκ
2837 5241 2932 5297 τοῦ
2974 5241 3212 5309 Πατρὸς,
3243 5241 3328 5309 εῐη
3375 5240 3443 5295 ἂν
3483 5244 3512 5294 6
3543 5242 3787 5310 Μονογεο

515 5334 840 5390 exsistentis
873 5335 1108 5400 Spiritus
1151 5352 1315 5392 causa
1343 5345 1398 5390 et
1425 5345 1639 5399 auctor,
1675 5350 1801 5390 cum
1847 5344 1903 5390 et
1943 5335 2071 5389 Pate

2208 5334 2303 5406 vi};
2334 5334 2443 5388 τῶν
2477 5334 2841 5405 χαρισμάτων
2871 5332 2965 5387 τοῦ
3005 5333 3076 5386 δι’
3103 5332 3296 5395 αὑτοῦ,
3324 5332 3420 5386 καὶ
3459 5333 3602 5386 κατὰ
3625 5332 3786 5386 τοῦτο

519 5428 847 5482 eorumdem
887 5427 1156 5483 donorum
1191 5436 1404 5494 auctor,
1437 5439 1492 5482 et
1524 5440 1688 5482 causa
1717 5435 1823 5491 est,
1852 5427 2014 5496 quod,
2041 5441 2070 5482 e

2211 5429 2304 5482 καὶ
2361 5427 2420 5493 ὲξ
2461 5425 2626 5481 αὑτοῦ
2691 5425 3029 5494 ὑπάρχοντος
3093 5422 3411 5492 Πνεῦματος
3463 5422 3640 5488 αἴτιος
3694 5425 3783 5478 καὶ

527 5518 675 5588 ipso,
699 5519 794 5590 qui
827 5519 1034 5587 similia.
1075 5520 1217 5575 dona
1263 5520 1544 5590 elargitur,
1601 5519 1839 5589 Spiritus
1883 5530 2071 5573 sanctu

2213 5521 2453 5589 ἀρχηγός
2480 5535 2492 5548 ο
2530 5520 2655 5572 ἐπεὶ
2693 5518 2789 5570 καὶ
2819 5519 2848 5569 6
2895 5515 3083 5586 Πατὴρ
3133 5514 3241 5568 τῶν
3287 5514 3471 5569 αὐτῶν
3511 5518 3782 5586 χαρισμά-

527 5618 642 5663 est.
665 5610 822 5677 Quod
871 5613 916 5667 si
951 5628 1017 5668 ex
1069 5614 1185 5669 solo
1234 5612 1415 5676 Patre,
1459 5615 1553 5682 qui
1599 5627 1660 5665 ea
1702 5611 1964 5681 elargitur
1993 5610 2066 5680 Sp

2214 5630 2321 5666 των
2345 5615 2513 5676 αίτιος
2542 5613 2635 5666 καὶ
2667 5612 2909 5683 ἀρχηγός
2941 5613 3080 5672 ἐστι,
3101 5608 3192 5662 διὰ
3222 5608 3284 5660 τὸ
3317 5605 3374 5671 ἐξ
3407 5607 3578 5660 αὑτοῦ
3608 5609 3783 5680 ὑπάρ-

537 5702 682 5758 ritus
747 5707 999 5772 exsistit,
1044 5723 1206 5763 causa
1288 5708 1506 5776 quidem
1568 5717 1621 5759 et
1671 5716 1862 5759 auctor
1921 5721 2071 5760 corut

2218 5722 2335 5772 χειν
2383 5705 2442 5755 rb
2499 5703 2744 5768 πηγάζον
2798 5701 2972 5754 ταῦτα
3014 5699 3172 5768 ἅγιον
3223 5697 3470 5765 Πνεῦμα.
3528 5698 3588 5751 Εἰ
3629 5698 3685 5750 6k
3725 5699 3784 5748 ἐκ

543 5793 720 5850 Filius
771 5799 995 5855 minime
1033 5802 1135 5854 crit
1167 5841 1179 5860 .
1241 5801 1333 5870 sed
1391 5799 1616 5854 forsitan
1666 5797 1990 5854 administer
2019 5815 2071 5856 ,ι

2224 5798 2383 5860 μόνου
2429 5794 2516 5846 τοῦ
2563 5793 2771 5864 Πατρδς
2805 5793 2860 5845 τὸ
2897 5791 3138 5862 πηγάζον
3173 5788 3314 5844 αὐτὰ
3348 5788 3570 5858 Πνεῦμα
3608 5789 3772 5857 ὑπάρ-
