4002 6434
281 393 407 458 149

1261 397 1342 456 IN
1382 393 1771 455 CAMATERI
1811 393 2591 459 ANIMADVERSIUNES.‘

3411 379 3417 384 ’
3448 403 3555 466 ιῑιο

291 523 409 574 χει,
463 506 635 568 αἰτιος
677 506 774 575 μὲν
818 509 910 561 καὶ
959 508 1204 580 ἀρχηγὸς
1251 508 1432 562 αὐτῶν
1467 507 1569 560 οὐκ
1622 509 1688 560 ἄν
1728 507 1812 576 είη
1853 525 1862 558 ι

1985 520 2201 570 servus.
2230 509 2385 578 'quod
2413 510 2573 578 plane
2619 524 2864 565 asserere
2925 511 3149 583 impium
3181 518 3265 568 est
3320 523 3372 569 et
3405 514 3555 570 hlaso

294 593 456 657 Υἱὸς,
503 596 787 666 ὑπηρέτης
828 596 884 650 δὲ
926 595 1055 661 ίσως
1099 597 1192 650 καὶ
1245 597 1514 664 διάκονος,
1568 596 1706 668 ὅπερ
1760 596 1877 650 ἐστὶ

290 686 565 748 δυσσεϐὲς
597 704 655 740 τε
689 688 781 742 καὶ
823 688 1183 761 β).άσφημον;

699 780 810 833 Τοῦ
840 780 1026 835 αὐτοῦ
1051 781 1120 834 ἐκ
1145 781 1256 851 τῆς
1285 779 1495 851 αὐτῆς.

379 883 404 920 ι
451 866 557 932 κζ’.
603 867 743 922 Ἀλλ’
777 871 805 922 ὁ
839 871 931 924 τὸν
963 870 1180 940 Πατέρα
1224 875 1426 942 νοήσας
1480 872 1642 926 αὐτόν
1693 889 1751 926 τε
1791 870 1875 942 ἐφ’

293 975 317 1009 ι
363 957 566 1012 ἑαυτοῦ
605 960 814 1031 ἐνόησε,
838 962 1051 1015 καὶτὸν
1095 963 1222 1014 Υίδν
1263 966 1330 1034 τῇ
1358 964 1568 1035 διανοίᾳ
1611 980 1872 1036 συμπαρ-

285 1067 321 1102 ⁴ι
359 1049 604 1118 ιδέξατο.
656 1050 716 1104 '0
759 1051 816 1104 δὲ
835 1049 1026 1105 τοῦτον
1068 1051 1248 1106 λαϐὼν
1271 1055 1364 1108 τοῦ
1409 1054 1539 1108 Υίοῦ
1570 1055 1632 1109 τὸ
1654 1056 1876 1125 Πνεῦμα

299 1159 322 1190 ι
366 1138 473 1192 οὐκ
529 1139 908 1209 ἀπεμέρισεν’
941 1141 1055 1194 ἀλλ’
1106 1143 1417 1208 ἀκολούθως
1473 1145 1573 1215 μὲν
1602 1148 1742 1200 κατὰ
1776 1148 1876 1219 τὴν

296 1248 317 1281 ι
368 1229 548 1294 τάξιν,
573 1230 931 1301 συνημμένως
959 1233 1014 1286 δὲ
1052 1237 1192 1290 κατά
1238 1236 1337 1306 τὴν
1379 1236 1539 1305 φύσιν
1577 1239 1684 1291 τῶν
1709 1240 1875 1309 τριῶν

289 1340 319 1372 1
370 1324 517 1376 κατὰ
550 1324 748 1376 ταύτὸν
784 1329 1284 1399 συγκεκραμμένην
1314 1332 1372 1383 ὲν
1413 1330 1592 1401 ἑαυτῷ
1629 1331 1728 1402 τὴν
1781 1332 1874 1384 πί-

295 1431 316 1463 (
366 1429 489 1467 στιν
529 1417 938 1472 ἀνετυπώσατο.
967 1419 1076 1471 Καὶ
1108 1421 1136 1471 ό
1161 1421 1223 1472 τὸ
1254 1421 1480 1492 Πνεῦμα
1503 1424 1665 1492 μόνον
1701 1425 1872 1478 εἰπὼν

285 1522 318 1554 1
369 1505 786 1575 συμπεριέλαϐε
826 1512 890 1579 τῇ
916 1510 1174 1582 ὁμολογίᾳ
1190 1513 1384 1584 ταύτῃ,
1411 1517 1503 1578 καὶ.
1522 1515 1632 1577 τὸν,
1666 1510 1726 1569 οὗ
1758 1520 1873 1571 ἐστι

300 1613 316 1644 ι
366 1594 430 1647 τὸ
475 1595 724 1667 Πνεῦμα.
775 1599 884 1652 Καὶ
949 1602 1138 1672 ἐπειδὴ
1185 1604 1278 1655 τοῦ
1341 1605 1579 1674 Χριστοῦ
1633 1609 1750 1660 ἐστι
1811 1610 1871 1661 τὸ

302 1706 320 1736 ι
372 1687 622 1757 Πνεῦμα,
648 1691 742 1742 καὶ
767 1693 834 1744 ἐκ
861 1691 953 1744 τοῦ
981 1693 1136 1755 Θεοῦ,
1168 1695 1349 1757 καθώς
1381 1713 1545 1765 φησιν
1580 1700 1607 1750 ὁ
1637 1698 1868 1766 Παῦλος,

303 1796 328 1827 1
369 1778 548 1849 ῶσπερ
583 1779 643 1844 ἐξ
683 1781 926 1845 ἁλύσεως
962 1785 990 1835 ὁ
1041 1785 1134 1837 τοῦ
1195 1786 1316 1847 ἐνὸς
1352 1787 1522 1857 ἄκρου
1566 1788 1867 1860 ἁψάμενος,

305 1888 328 1919 4
376 1873 468 1923 καὶ
507 1873 562 1924 τὸ
594 1872 786 1944 ἓτερον
812 1875 981 1944 ἄκρον
1022 1880 1475 1932 συνεπεσπάσατο
1510 1897 1523 1910 ο
1555 1880 1726 1944 οὕτως
1755 1882 1783 1932 ὁ
1809 1883 1870 1936 τὸ
1904 1853 1943 1911 Β

303 1976 319 2008 ι
370 1959 595 2030 Πνεῦμα
635 1961 894 2028 ἑλκύσας,
942 1965 1123 2027 καθώς
1164 1983 1331 2036 φησιν
1383 1971 1410 2020 ὁ
1455 1968 1766 2040 Προφήτης,
1801 1970 1892 2025 δι’.

270 2069 310 2100 -ι
361 2051 535 2104 αὑτοῦ
566 2054 778 2108 καὶτὸν
811 2056 1028 2127 Πατέρα
1076 2059 1170 2109 καὶ
1209 2059 1302 2110 τὸν
1347 2058 1476 2111 Υἱὸν
1539 2063 1869 2130 συνεφελκύ-

292 2160 310 2190 ι
362 2157 520 2198 σατο.
565 2145 677 2198 Καὶ
725 2147 774 2199 εί
802 2146 896 2200 τὸν
936 2148 1062 2202 Υἱὸν
1097 2148 1366 2218 ἀληθινῶς
1401 2168 1486 2214 τις
1538 2151 1715 2218 λάϐοι,
1756 2154 1868 2219 ἕξει

287 2250 306 2281 ι
355 2233 529 2287 αὐτὸν
574 2236 940 2307 ἑκατέρωθεν,
988 2239 1063 2307 πῆ
1121 2239 1220 2308 μὲν
1264 2241 1356 2292 τὸν
1388 2241 1581 2294 ἑαυτοῦ
1628 2243 1865 2312 Πατέρα,

287 2342 305 2373 ι
359 2323 438 2392 πῆ
464 2325 522 2377 δὲ
559 2328 619 2378 τὸ
645 2325 800 2395 ἅγιον
825 2330 1048 2400 Πνεῦμα
1095 2333 1551 2402 συνεπαγόμενον.
1583 2331 1721 2386 Οὔτε
1758 2335 1867 2406 γὰρ

286 2433 306 2464 ι
355 2416 454 2468 τοῦ
486 2417 700 2488 Πατρὸς
737 2421 766 2472 ὁ
795 2423 882 2474 ἀεὶ
927 2421 1003 2474 ὢν
1042 2422 1099 2475 ἐν
1136 2412 1216 2492 τῷ
1252 2424 1429 2491 Πατρὶ
1478 2425 1868 2497 ἀποτμηθῆναι

283 2526 303 2556 ε
354 2507 607 2575 δύναται,
652 2509 778 2565 οὔτε
836 2514 932 2567 τοῦ
990 2513 1308 2584 Πνεύματὸς
1357 2532 1492 2569 ποτε
1536 2517 1863 2588 διαζευχθῆ-

286 2618 305 2650 ι
358 2616 515 2654 σεται
539 2601 635 2654 τοῦ
673 2603 803 2656 ἰδίου
835 2608 863 2658 ὁ
891 2606 1070 2659 πάντα
1099 2609 1156 2659 ὲν
1192 2606 1343 2678 αὐτῷ
1363 2608 1624 2680 ἐνεργῶν.
1672 2611 1864 2664 Ὡσαύ-

259 2709 303 2739 -ε
355 2707 465 2753 τως
495 2693 589 2744 καὶ
641 2694 668 2744 ὁ
710 2695 803 2746 τὸν
844 2695 1064 2767 Πατέρα
1096 2697 1403 2766 δεξάμενος,
1464 2697 1677 2752 καὶτὸν
1713 2701 1860 2766 Υἰὸν,

284 2799 302 2830 ι
360 2783 458 2833 καὶ
487 2782 548 2834 τὸ
571 2783 796 2855 Πνεῦμα
819 2787 1264 2858 συμπαρεδέξατο
1283 2792 1349 2858 τῇ
1375 2789 1623 2862 δυνάμει.
1649 2792 1720 2845 Ού
1753 2796 1862 2861 γὰρ

263 2893 302 2924 -σ
355 2875 478 2928 ἐστι
511 2877 681 2948 τομὴν
713 2881 998 2951 ἐπινοῆσαι
1023 2882 1056 2951 ἢ
1083 2883 1347 2953 διαίρεσιν
1379 2885 1498 2938 κατ’
1521 2885 1714 2940 οὐδένα
1735 2888 1862 2958 τρό-

283 2985 302 3015 ς
361 2983 486 3033 πον,
519 2968 594 3032 ὡς
637 2969 670 3042 ἢ
721 2970 847 3024 my
875 2973 1040 3042 χωρὶς
1070 2974 1390 3043 Πνεῦματος
1419 2976 1703 3047 νοηθῆναι,
1735 2977 1765 3050 ἢ
1799 2979 1859 3031 τὸ

263 3075 302 3106 ς(
359 3057 585 3128 Πνεῦμα
636 3061 732 3113 τοῦ
784 3061 914 3114 Υίοῦ
961 3063 1375 3135 διαζευχθῆναι·
1425 3066 1562 3121 ἀλλά
1618 3084 1703 3132 τις
1760 3071 1860 3141 ἄῤ-

1985 596 2267 666 phemum.

2471 782 2723 854 Ejusdem
2757 801 2822 839 ea:
2857 787 3058 841 eadem.

2048 871 2142 927 27.
2177 891 2196 924 ι
2227 871 2330 930 Sed
2365 874 2458 944 qui
2488 891 2582 944 per
2629 875 2846 930 Patrem
2879 876 3166 942 intellexit,
3204 888 3256 932 et
3289 880 3464 948 ipsum
3499 880 3555 935 in

1983 981 2003 1015 ι
2039 966 2221 1033 seipso
2270 966 2568 1032 intellexit,
2605 977 2656 1021 et
2686 968 2884 1021 Filium
2916 970 3079 1022 simul
3110 985 3170 1023 ea
3199 970 3420 1037 intelligi
3444 975 3555 1026 ntia

1980 1071 2000 1106 ι
2035 1056 2352 1124 complexus
2381 1065 2482 1111 est.
2516 1057 2617 1123 Qui
2648 1074 2776 1112 vero
2801 1059 2944 1114 hunc
2972 1063 3262 1130 acceperit,
3291 1062 3552 1130 Spiritum

1982 1166 2002 1199 ι
2040 1163 2069 1201 a
2101 1146 2240 1202 Filio
2280 1163 2387 1202 non
2427 1149 2610 1205 divisit
2653 1167 2666 1204 :
2701 1153 2794 1204 sed
2827 1151 2982 1220 juxta
3035 1153 3281 1207 ordinem
3329 1155 3551 1222 quidem

1981 1255 2002 1290 ι
2043 1253 2404 1308 personarum
2458 1244 3064 1314 consequenter,juxta
3130 1259 3259 1297 vero
3301 1253 3553 1298 naturam

1981 1347 2000 1381 ι
2025 1317 2397 1398 ὀοηῙυηοῑίιιι,
2444 1331 2610 1384 trium
2649 1347 3003 1400 personarum
3053 1333 3208 1387 fidem
3244 1335 3430 1388 eadem
3466 1349 3554 1387 [ει-

1983 1436 2001 1469 ι
2041 1418 2187 1472 tione
2223 1429 2688 1488 conteinperatam
2720 1421 2774 1473 in
2812 1421 2993 1489 seipsu
3023 1423 3310 1488 expressit.
3355 1422 3417 1474 Et
3459 1425 3552 1490 qui

1980 1523 1998 1557 ι
2039 1505 2107 1560 de
2133 1507 2339 1576 Spiritu
2402 1509 2520 1562 solo
2560 1509 2824 1578 loquitur,
2863 1509 3027 1564 simul
3072 1513 3171 1566 ista
3209 1512 3555 1567 confessione

1981 1613 1999 1646 ι
2035 1605 2088 1650 et
2137 1611 2255 1650 eam
2291 1613 2410 1666 qua:
2451 1599 2602 1652 illum
2643 1601 2941 1665 coneernit,
2977 1601 3132 1669 cujus
3162 1601 3398 1670 Spiritus
3431 1613 3541 1667 est,

1981 1705 1999 1738 ι
2041 1688 2346 1757 conjunxit.
2384 1689 2449 1743 Et
2479 1692 2738 1758 quoniam
2774 1689 2978 1745 Christi
3021 1692 3258 1760 Spiritus
3289 1694 3449 1746 etiam
3482 1710 3550 1748 ex

1982 1795 2000 1826 ε
2043 1775 2151 1830 Deo
2183 1786 2285 1842 est,
2319 1787 2453 1832 teste
2486 1777 2676 1842 Paulo,
2714 1780 2771 1832 iit
2803 1790 2860 1834 ut
2883 1783 3344 1850 quemadmodum
3381 1785 3431 1836 in
3459 1800 3552 1838 ca-

1977 1883 1996 1917 t
2039 1877 2183 1931 lena,
2217 1870 2307 1936 qui
2345 1857 2507 1923 nn'ius
2536 1872 2723 1924 annuli
2763 1873 3132 1926 summitatem
3167 1873 3549 1942 apprehendit,

1977 1977 1995 2010 ι
2036 1960 2140 2014 hoc
2170 1961 2288 2030 ipso
2314 1965 2479 2016 simul
2509 1971 2564 2017 et
2597 1964 2828 2017 alterum
2862 1965 3128 2017 insertum
3168 1965 3392 2018 attrahit
3421 1981 3433 2017 :
3477 1966 3551 2019 ita

1976 2068 1995 2101 ι
2033 2061 2085 2106 et
2117 2052 2224 2116 hic,
2273 2053 2368 2121 qui
2402 2053 2669 2122 Spiritum
2718 2053 2905 2120 trahit,
2949 2064 3006 2108 ut
3047 2052 3317 2123 Propheta
3351 2056 3546 2128 inquit.

1975 2160 1994 2194 ι
2037 2158 2132 2212 per
2161 2147 2336 2213 ipsum
2359 2153 2413 2198 et
2433 2144 2628 2198 Filium
2655 2155 2708 2198 et
2740 2145 2955 2198 Patrem
2986 2161 3092 2198 una
3119 2145 3282 2198 simul
3309 2157 3551 2200 attraxe-

1976 2249 1992 2282 ι
2034 2233 2120 2286 rit.
2160 2233 2224 2286 Et
2261 2233 2305 2286 si
2342 2234 2464 2301 quis
2496 2249 2622 2287 vere
2671 2231 2866 2285 Filium
2906 2235 3341 2302 apprelienderit,
3379 2234 3550 2290 habe-

1973 2343 1991 2375 ι
2037 2323 2112 2377 bit
2141 2335 2195 2377 et
2227 2325 2404 2392 ipsum
2450 2325 2727 2392 utrinque,
2765 2327 2894 2380 hinc
2928 2324 3145 2380 Patrem
3184 2327 3350 2392 illius,
3397 2328 3550 2383 illinc

1972 2435 1989 2466 ι
2030 2415 2293 2483 Spiritum
2327 2425 2578 2469 sanctum
2638 2432 2743 2469 una
2779 2417 3154 2485 coniunctum.
3183 2418 3371 2488 Neque
3400 2423 3548 2474 enim

1972 2527 1990 2558 ‹
2025 2523 2056 2561 a
2092 2508 2253 2561 Patre
2287 2508 2533 2560 abscindi
2563 2510 2785 2576 poterit,
2819 2509 2908 2577 qui
2937 2524 3152 2577 semper
3175 2520 3255 2562 est
3287 2511 3338 2563 in
3367 2510 3546 2574 Patre,

1968 2616 1989 2650 ε
2030 2613 2205 2667 neque
2239 2615 2267 2652 a
2299 2596 2518 2667 prOprio
2554 2597 2763 2667 Spiritu
2797 2599 3120 2667 sejungetur
3155 2615 3423 2670 unquam,
3449 2603 3544 2669 qui

1970 2709 1988 2742 ι
2029 2692 2082 2744 in
2113 2691 2233 2760 ipso
2265 2701 2524 2760 operatur
2559 2689 2767 2745 omnia.
2804 2689 3174 2746 Consimiliter
3218 2702 3268 2747 et
3313 2694 3402 2762 qui
3437 2692 3549 2746 Pa-

1969 2802 1988 2836 r
2036 2794 2172 2837 trem
2204 2793 2494 2837 assecutus
2523 2780 2710 2847 tuerit,
2742 2791 2798 2836 et
2823 2783 3021 2837 Filium
3060 2799 3167 2838 una
3202 2801 3326 2839 cum
3353 2786 3463 2852 illo,
3492 2797 3549 2840 et

1967 2894 1986 2930 ι
2033 2875 2292 2946 Spiritum
2343 2883 2594 2930 sanctum
2643 2873 2834 2930 eadem
2874 2877 3071 2930 virtute
3094 2878 3394 2944 [assecutus
3442 2888 3547 2934 est.

1967 2985 1987 3020 ι
2026 2965 2145 3020 Non
2179 2966 2324 3021 enim
2360 2973 2537 3035 potest
2575 2965 2758 3036 aliqua
2787 2963 2898 3020 ullo
2925 2976 3085 3036 pacto
3110 2969 3431 3038 excogitari,
3461 2968 3548 3023 vel

1969 3081 1987 3114 ‹
2026 3061 2217 3127 sectio,
2248 3061 2331 3114 vel
2363 3059 2584 3122 divisio,
2624 3067 2680 3112 ut
2707 3059 2822 3114 sive
2845 3058 3019 3112 Filius
3047 3073 3078 3112 a
3100 3058 3258 3114 Patre
3294 3061 3546 3134 cogitari,

284 3166 304 3198 ς
360 3151 528 3218 ρητος
550 3154 640 3203 καὶ
666 3152 1038 3224 ἀκατανόητος
1062 3156 1121 3207 ὲν
1145 3155 1354 3218 τούτοις
1376 3159 1856 3229 καταλαμϐάνεται

1970 3171 1986 3206 ι
2027 3154 2142 3208 sive
2176 3153 2415 3222 Spiritus
2445 3167 2476 3206 a
2505 3150 2643 3205 Filio
2673 3151 2888 3221 sejungi
2938 3158 3124 3220 queat,
3159 3151 3256 3206 sed
3291 3152 3545 3208 inelI‘abi-

255 3257 304 3291 η(
359 3241 458 3293 καὶ
507 3243 541 3312 ἡ
597 3244 848 3296 κοινωνία
900 3246 1058 3316 καὶὴ
1113 3238 1410 3316 διάκρισις,
1455 3246 1579 3302 οὔτε
1608 3249 1710 3318 τῆς
1753 3251 1859 3305 τῶν

257 3353 301 3383 ιι
357 3334 712 3390 ὐποστάσεων
763 3335 1028 3406 διαφορᾶς
1084 3337 1146 3390 τὸ
1198 3339 1296 3409 τῆς
1356 3337 1606 3407 φύσεως
1639 3347 1862 3414 συνεχὲς

284 3442 302 3472 ι
344 3421 692 3496 διασπώσης,
718 3423 841 3479 οὕτε
876 3427 971 3495 τῆς
1007 3428 1150 3481 κατὰ
1176 3426 1274 3498 τὴν
1299 3428 1487 3482 ούσίαν
1522 3431 1858 3501 κοινότητος,

253 3532 300 3563 ιι
355 3515 417 3565 τὸ
448 3513 648 3580 ἰδιάζον
680 3515 788 3570 τῶν
825 3517 1222 3587 γνωρισμάτων
1252 3519 1639 3591 ἀναχεούσης.»

890 3806 1270 3862 Ἐπιστασία.

357 3920 376 3952 ι
426 3900 568 3968 Ὅρα
596 3898 872 3955 κάνταῦθα
891 3906 974 3965 τὸ,
999 3902 1062 3952 ὲκ
1087 3898 1181 3952 τοῦ
1207 3897 1364 3964 Θεοῦ,
1391 3898 1511 3952 ἀντὶ
1533 3897 1647 3966 τοῦ,
1667 3900 1729 3954 ὲκ
1755 3902 1854 3956 τοῦ

261 4014 302 4047 .0
355 3993 593 4061 Πατρὸς,
636 3992 713 4060 τῷ
749 3992 893 4060 ἁγίῳ
936 3991 1454 4062 ἐκλαμϐανόμενον·
1495 3993 1592 4045 καὶ
1634 3993 1848 4064 θαύμα-

269 4107 298 4136 -ι
346 4101 442 4136 σον
485 4084 586 4154 τὴν
629 4083 722 4136 τοῦ
763 4084 1042 4152 πανσόφου
1093 4083 1289 4136 τούτου
1328 4083 1650 4137 διδασκάλου
1701 4088 1855 4158 ἀκρί-

263 4197 301 4224 ,ι
348 4175 528 4240 ϐειαν,
579 4173 694 4236 πῶς
721 4173 814 4226 ἐπὶ
853 4176 950 4245 μὲν
991 4172 1088 4226 τοῦ
1114 4174 1246 4226 Θεοῦ
1280 4173 1374 4226 καὶ
1425 4175 1523 4243 τὴν
1561 4176 1631 4228 ἐκ
1683 4193 1853 4246 προσ-

263 4285 301 4315 .‹
351 4264 509 4317 έθετο
535 4263 812 4333 πρόθεσιν,
841 4263 934 4315 ἐπὶ
975 4264 1032 4315 δὲ
1074 4263 1168 4316 τοῦ
1191 4263 1427 4333 Χριστοῦ
1464 4264 1668 4335 ταύτην
1702 4283 1847 4339 παρ-

261 4379 299 4410 -ι
346 4357 551 4426 ἑλειψε,
584 4357 834 4427 φανερῶς
863 4357 1082 4417 πάντως
1130 4353 1473 4424 δογματίζων
1497 4355 1749 4410 ἐντεῦθεν
1787 4360 1852 4411 ὲκ

259 4471 301 4503 ,ι
341 4449 440 4503 τοῦ
515 4449 726 4520 Πατρὸς
780 4445 917 4502 εἶναι
985 4451 1146 4518 μόνον
1209 4447 1310 4518 τὴν
1358 4445 1456 4500 τοῦ
1531 4445 1850 4519 Πνεύματος

261 4562 298 4594 .ι
342 4539 614 4611 ὓπαρξιν.

859 4632 1250 4700 Ἄντίρῤησις.

352 4726 507 4778 Πάνυ
532 4741 615 4776 τοι
649 4723 964 4793 συνίστησιν
990 4721 1288 4791 ὲναργῶςή
1314 4719 1545 4790 meam
1571 4721 1844 4791 περικοπή

261 4818 377 4886 ,τὴν
406 4816 674 4885 δηλοῦσαν
712 4813 803 4868 διὰ
837 4813 933 4866 τοῦ
968 4811 1096 4864 Υίοῦ
1137 4809 1277 4866 εἶναι
1323 4812 1384 4865 τὸ
1412 4811 1637 4882 Πνεῦμα
1667 4811 1848 4864 θεολο-

264 4905 429 4978 γίαν,
460 4910 554 4960 καὶ
597 4908 666 4958 δι’
692 4907 868 4961 ἄλλων
907 4905 1006 4975 μὲν
1033 4903 1143 4956 τῶν
1178 4906 1235 4957 ὲν
1266 4904 1402 4973 αὐτῇ
1437 4904 1676 4972 ῥήσεων,
1713 4902 1854 4956 κατὰ

255 5005 332 5055 ,δὲ
363 5001 642 5070 ἐξαίρετον
677 4998 768 5051 διὰ
811 4999 911 5066 τῆς
952 4995 1219 5066 λεγούσης
1255 4996 1485 5066 ῥήσεως,
1517 4995 1566 5047 ει
1599 4994 1690 5048 τὸν
1722 4995 1851 5048 Υἱὺν

272 5093 554 5164 ἀληθινῶς
588 5109 670 5154 τις
691 5089 868 5156 λάϐοι,
909 5088 1021 5153 ἕξει
1055 5087 1216 5142 αὑτὸν
1250 5087 1616 5156 ἑκατέρωθεν,
1648 5087 1724 5155 πῆ
1752 5088 1850 5158 μὲν

272 5191 364 5244 τὸν
397 5185 593 5241 ἑαυτοῦ
620 5185 856 5254 Πατέρα,
890 5183 968 5253 πῆ
1011 5182 1067 5234 δὲ
1094 5181 1155 5233 τὸ
1197 5179 1328 5232 ἴδιον
1356 5177 1581 5246 Πνεῦμα
1615 5195 1849 5232 συνεπα-

271 5286 534 5355 γόμενον.
568 5281 639 5333 Σὺ
669 5280 748 5342 δὲ,
776 5281 875 5348 τὴν
913 5278 1094 5329 πᾶσαν
1123 5275 1224 5344 τῆς
1272 5275 1579 5342 περικοπῆς
1618 5273 1849 5341 δύναμιν

273 5376 547 5447 παριδὼν,
598 5372 881 5442 θαύματος
925 5369 1120 5435 ἀξιοῖς,
1145 5367 1283 5430 πῶς
1333 5366 1425 5418 ἐπὶ
1461 5363 1561 5434 μὲν
1591 5367 1684 5416 τοῦ
1715 5365 1849 5419 Θεοῦ

273 5474 372 5525 καὶ
397 5468 496 5539 τὴν
523 5469 593 5520 ἐκ
624 5464 922 5536 προσέθετο
955 5461 1234 5532 πρόθεσιν,
1268 5459 1362 5511 ἐπὶ
1391 5457 1446 5510 δὲ
1485 5456 1578 5528 τοῦ
1610 5457 1849 5526 Χριστοῦ

274 5563 485 5630 ταύτην
537 5557 873 5630 παρελειψε·
953 5552 1247 5607 κάντεῦθεν
1305 5550 1562 5617 συνάγεις
1618 5551 1681 5600 ὲκ
1751 5547 1847 5600 τοῦ

269 5654 494 5724 Harpe;
535 5648 679 5704 εἶναι
725 5650 885 5719 μόνον
937 5647 1035 5716 τὴν
1088 5643 1182 5698 τοῦ
1225 5643 1539 5710 Πνεύματος
1588 5639 1846 5710 ὓπαρξιν.

289 5745 456 5798 Ἀλλὰ
478 5743 540 5796 οὐ
571 5741 750 5804 καλῶς
779 5739 888 5791 οὐδ’
911 5738 1079 5803 ἀξίως
1101 5739 1199 5806 τῆς
1224 5735 1324 5804 σῆς
1359 5734 1640 5803 ἀγχινοίας
1666 5732 1850 5784 ἐντεῦ-

266 5839 371 5891 θεν
431 5833 687 5902 συνάγεις
746 5832 805 5884 τὸ
863 5833 924 5883 ἐκ
979 5831 1140 5900 μόνου
1170 5828 1262 5881 τοῦ
1321 5825 1530 5896 Harpe;
1586 5821 1725 5876 εἶναι
1786 5824 1847 5877 τὸ

1887 4531 1935 4587 D

1967 3265 1987 3298 ι
2031 3246 2098 3300 lis
2129 3248 2374 3315 quaedam
2406 3247 2462 3298 in
2490 3244 2631 3309 istis,
2663 3251 2718 3299 et
2743 3258 2864 3312 qua:
2889 3241 3034 3295 nulla
3060 3242 3386 3311 cogitatione
3446 3259 3546 3314 ap-

1970 3356 1988 3390 i
2029 3338 2292 3408 prehendi
2324 3338 2526 3408 poterit
2558 3347 2666 3391 tam
2703 3336 3044 3399 communio,
3088 3351 3251 3406 quam
3281 3337 3544 3392 discretio

1967 3443 1986 3478 ι
2026 3426 2479 3495 deprehenditur,
2513 3440 2621 3496 qua
2653 3439 2830 3495 neque
2859 3441 2956 3495 per
2985 3424 3345 3479 diﬂ‘erentiam
3377 3429 3545 3496 hypo-

1966 3539 1984 3571 ι
2026 3527 2246 3573 staseon
2305 3519 2658 3573 continuatio
2709 3526 2919 3572 naturae
2972 3517 3312 3587 dissipatur:
3367 3533 3544 3587 neque

1966 3629 1985 3663 ι
2027 3627 2124 3680 per
2183 3625 2302 3664 eam
2350 3612 2650 3666 secundum
2731 3611 3025 3665 essentiam
3101 3611 3541 3666 communionem

1966 3722 1983 3753 ‹
2022 3705 2329 3773 proprietas
2359 3703 2640 3756 notionum
2675 3699 3048 3756 confunditur.
3084 3720 3103 3753 υ

2523 3793 2947 3849 Animadversio.

2038 3907 2056 3939 ι
2099 3887 2233 3943 Vide
2277 3887 2443 3942 etiam
2492 3887 2582 3940 hic
2613 3886 2766 3974 illud,
2800 3901 2867 3941 ex
2904 3887 3034 3952 Deo,
3087 3885 3208 3942 loco
3241 3887 3411 3953 illius,
3470 3905 3536 3942 ex

1965 3999 1983 4033 ι
2023 3979 2205 4044 Patre,
2246 3995 2274 4033 a
2320 3987 2510 4035 sancto
2557 3978 2814 4034 desumi:
2865 3987 2917 4034 et
2952 3979 3226 4034 admirare
3255 3981 3540 4049 sapientis-

1962 4091 1980 4124 ι
2022 4073 2148 4128 simi
2204 4071 2448 4128 doctoris
2509 4070 2741 4142 hujusce
2790 4071 3122 4140 exquisitam
3175 4071 3535 4140 diligentiam,

1959 4182 1980 4217 ι
2019 4165 2114 4235 qui
2151 4164 2218 4219 de
2272 4162 2383 4218 Deo
2435 4162 2875 4233 praepositionem
2915 4177 2978 4216 ex
3032 4164 3360 4232 usurpavit;
3410 4178 3534 4218 cum

1960 4274 1980 4308 ι
2017 4271 2146 4311 vero
2174 4265 2320 4308 esset
2353 4269 2531 4309 sermo
2559 4256 2626 4309 de
2655 4253 2896 4316 Christo,
2930 4269 3194 4324 prorsum
3217 4270 3335 4309 eam
3364 4257 3536 4310 silen-

1957 4368 1986 4396 ιι
2020 4348 2095 4402 tio
2125 4347 2406 4417 praeteriit,
2449 4347 2575 4401 hinc
2609 4343 2898 4400 manifeste
2926 4346 3248 4411 decernens,
3282 4361 3346 4400 ex
3376 4346 3538 4400 Patre

1959 4457 1978 4492 ι
2016 4435 2390 4492 tantummodo
2418 4451 2540 4492 esse
2565 4435 2802 4506 Spiritus
2843 4437 3240 4490 exsistentiam.
3285 4454 3303 4488 ι

2577 4619 2870 4690 Refutatio.

2026 4719 2328 4777 Conﬁrmat
2376 4718 2563 4786 utique
2607 4725 2662 4771 et
2707 4715 3053 4784 apertissime
3087 4699 3346 4788 praesens
3390 4729 3536 4784 pert-

1956 4828 2089 4882 cope
2121 4810 2444 4867 sententiam
2489 4816 2847 4872 asserentem,
2901 4821 2996 4876 per
3017 4805 3214 4860 Filium
3270 4806 3532 4876 Spiritum

1955 4921 2100 4974 esse,
2130 4915 2185 4961 et
2210 4905 2330 4958 aliis
2361 4905 2478 4959 suis
2511 4903 2694 4966 dictis,
2731 4910 2784 4954 et
2816 4900 2907 4952 illo
2940 4900 3321 4968 potissimum:
3353 4897 3410 4953 Si
3443 4899 3536 4953 Fi-

1954 4999 2092 5054 lium
2137 4999 2263 5067 quis
2313 5010 2437 5050 rere
2487 4985 2929 5063 apprehenderit,
2985 4991 3208 5046 habebit
3257 4999 3311 5046 et
3358 4992 3535 5062 ipsum

1957 5093 2213 5160 utrinque
2255 5089 2384 5141 hinc
2434 5087 2648 5140 Patrem
2699 5084 2867 5158 illius,
2918 5083 3069 5139 illinc
3100 5084 3362 5154 Spiritum
3407 5102 3536 5138 san-

1955 5191 2100 5235 ctum
2159 5179 2264 5233 sibi
2341 5175 2715 5244 conjunctnm.
2765 5176 2834 5228 At
2882 5184 2958 5240 tu,
3017 5175 3266 5228 universa
3305 5176 3536 5242 χρονίαν

1955 5287 2050 5342 pes
2105 5269 2150 5324 \‘i
2217 5270 2501 5338 neglecta,
2565 5277 2823 5337 tanquam
2893 5267 3254 5322 admiratione
3309 5267 3532 5334 dignum

1954 5363 2235 5432 pr0punis,
2285 5362 2437 5414 illum
2489 5361 2556 5415 de
2615 5361 2722 5414 Deo
2773 5360 3084 5428 loquentem
3160 5373 3224 5410 ex
3275 5361 3535 5425 prwpusi-

1955 5457 2152 5512 tionem
2194 5468 2510 5522 usurpasse,
2546 5453 2612 5507 de
2651 5452 2870 5507 Christo
2908 5463 3037 5504 vero
3081 5461 3383 5503 sermonem
3440 5449 3525 5500 lia-

1953 5550 2168 5604 bentem
2230 5547 2376 5601 illam
2432 5547 2646 5600 silentio
2685 5546 2992 5608 inrolvisse,
3031 5541 3265 5610 Indeque
3321 5541 3480 5611 collig
3509 5562 3534 5595 s

1951 5659 2018 5698 ex
2046 5643 2204 5696 Patre
2229 5619 2349 5701 esse
2378 5649 2586 5694 tantum
2611 5637 2848 5708 Spiritus
2870 5634 3268 5690 exsistentiaim.
3300 5630 3534 5687 Verum-

1948 5745 2130 5790 tamen
2165 5747 2344 5802 neque
2372 5732 2531 5795 bene,
2571 5746 2742 5794 Inque
2777 5743 2874 5797 pro
2907 5735 2998 5779 tua
3047 5737 3210 5793 quam
3263 5726 3534 5794 proliteiis

1952 5823 2193 5886 Sult‘rliu,
2243 5829 2294 5877 et
2346 5819 2793 5890 perspicacita‘tu,
2860 5814 2981 5868 inde
3043 5813 3251 5884 Colligis
3299 5831 3362 5870 ex
3418 5823 3532 5872 solo
