4002 6416
492 378 598 445 με

1559 370 1767 432 ΙΟᾹΝ.
1806 367 2022 431 VECCI
2061 365 2173 428 ΕΡ.
2212 364 2720 429 ΡΑΤΒΙᾹΗΟΗΑΞ

3628 365 3732 432 456

500 499 592 540 lus
630 480 1006 538 exsistentiam
1040 518 1056 546 ,
1093 491 1201 534 non
1251 488 1431 536 autem
1489 495 1555 535 ex
1611 477 1898 550 Unigenito
1936 476 2054 532 edo-

2172 475 2284 527 τῶν
2321 471 2583 528 τοιούτων
2607 477 2635 529 ό
2673 474 2829 542 ἅγιος
2859 472 2958 543 τήν
2990 473 3055 527 ix
3084 472 3178 529 τοῦ
3244 474 3457 542 Πατρὸς
3499 474 3738 548 ὕπαρξιν

491 589 640 630 cere.

756 776 880 833 DIC
893 778 968 831 ΤΑ
1013 772 1391 831 THEOLUGI
1427 769 1804 829 CREGORII.

490 869 550 926 S.
584 867 821 941 Gregorii
847 867 1094 937 Theologi
1126 882 1191 921 ea:
1232 866 1463 923 secunda
1498 864 1752 921 Oratione
1793 865 1856 919 de
1896 861 2057 917 Pace.

552 1051 643 1108 30.
683 1069 703 1104 ι
744 1050 954 1106 Etenim
1010 1049 1057 1105 si
1095 1048 1240 1120 Filii,
1257 1057 1312 1104 et
1344 1047 1582 1117 Spiritus
1624 1046 1798 1101 sancti
1828 1045 2061 1117 dignita-

490 1163 512 1199 ι
552 1154 656 1198 tem
688 1146 1031 1205 confitentes,
1085 1156 1181 1196 eos
1221 1142 1307 1195 vel
1366 1141 1617 1211 principii
1671 1146 1920 1208 expertes
1976 1139 2060 1193 in-

489 1256 509 1289 ι
551 1239 897 1298 duceremus,
929 1236 1016 1289 vel
1043 1234 1111 1288 ad
1164 1233 1396 1287 alterum
1449 1233 1780 1304 principium
1830 1230 2061 1287 referre-

488 1348 508 1381 ε
547 1344 693 1391 mus,
726 1327 1027 1381 timendum
1057 1340 1241 1379 revera
1272 1333 1436 1392 esset,
1469 1341 1536 1380 ne
1569 1326 1711 1380 Deus
1738 1332 2054 1393 contemptu

491 1438 511 1470 ο
548 1418 872 1482 alliceretnr,
904 1426 999 1471 aut
1026 1415 1136 1471 Deo
1160 1417 1495 1471 contrarium
1535 1416 1742 1487 aliquid
1771 1416 2059 1471 invehere-

490 1526 511 1562 ι
555 1518 664 1562 tur.
698 1510 834 1562 Cum
867 1518 1076 1572 autem,
1109 1506 1508 1576 quantumlibet
1538 1503 1736 1560 Filium
1763 1514 1857 1559 aut
1881 1504 2058 1576 Spiri-

490 1620 509 1653 ε
556 1613 668 1655 tum
700 1600 986 1667 extuleris,
1020 1613 1299 1667 nunquam
1324 1610 1503 1652 tamen
1524 1613 1620 1652 eos
1649 1612 1815 1669 supra
1840 1596 2056 1653 Patrem

490 1712 509 1745 ι
555 1709 747 1762 portas,
785 1707 884 1747 nec
914 1706 944 1745 a
972 1707 1134 1746 causa
1168 1705 1450 1746 removeas
1481 1710 1494 1745 :
1530 1706 1719 1746 verum
1755 1689 1885 1745 illuc
1914 1704 2059 1760 prae-

492 1786 749 1837 c‘claram
784 1782 1191 1851 generationem
1221 1789 1277 1835 et
1319 1780 1698 1835 admirabilem
1733 1780 2058 1850 processio-

490 1894 510 1926 ε
550 1890 671 1928 nem
724 1872 952 1938 referas,
992 1872 1357 1942 percontabor
1412 1888 1478 1927 ex
1529 1880 1603 1935 te,
1641 1871 1736 1941 qui
1784 1868 2058 1941 Unigeniti

488 1984 506 2015 ε
544 1976 598 2018 et
622 1965 870 2033 principii
888 1965 1386 2033 expertisamorem
1417 1969 1698 2031 tantopere
1720 1977 1829 2031 pra:
1849 1971 1902 2016 te
1925 1960 2056 2027 fers,

488 2077 507 2109 ε
547 2067 666 2111 uter
716 2057 933 2110 tandem
978 2054 1145 2108 Deum
1201 2055 1375 2124 magis
1435 2064 1767 2121 contemnat,
1803 2054 1920 2125 ipse
1963 2054 2056 2125 qui

490 2167 507 2199 ι
545 2150 724 2216 ipsum
791 2147 1003 2210 talium,
1062 2144 1252 2216 quales
1306 2155 1364 2200 tu
1421 2145 1659 2213 inducis,
1721 2146 2056 2217 principium

490 2260 510 2292 ‹
550 2240 870 2305 constituat,
928 2256 995 2295 an
1043 2242 1137 2313 qui
1188 2257 1295 2295 non
1361 2241 1574 2307 talium,
1611 2241 1707 2297 sed
1760 2250 1955 2297 natura
2003 2249 2059 2297 et

488 2352 508 2384 ι
545 2333 714 2403 gloria
748 2335 1061 2404 aequalium,
1095 2344 1149 2388 et
1175 2334 1364 2402 quales
1398 2334 1645 2389 doctrina
1672 2343 1860 2391 nostra
1887 2333 2056 2406 proii-

489 2443 510 2477 ι
548 2423 726 2478 tetur?
755 2428 836 2479 Au
874 2440 1004 2479 vero
1039 2425 1133 2479 tibi
1183 2428 1251 2480 ad
1288 2426 1552 2481 honorem
1601 2427 1865 2497 amplum,
1891 2436 2054 2497 atque

488 2536 505 2570 ι
545 2518 681 2571 adeo
770 2518 1166 2588 amplissimum
1214 2519 1362 2586 erit,
1407 2521 1549 2590 quod
1608 2519 1778 2574 lilium
1827 2519 2050 2585 habeas,

486 2629 505 2659 ε
549 2609 711 2678 idque
764 2624 832 2662 eu
909 2609 1088 2679 uiagis
1160 2610 1208 2664 si
1264 2620 1471 2680 patrem
1531 2609 1586 2663 iu
1647 2611 1905 2665 omnibus
1962 2624 2055 2665 re-

410 2710 417 2717 '
486 2720 505 2751 ο
546 2701 647 2755 bus
703 2698 942 2764 referat,
1009 2715 1311 2770 verumque
1364 2701 1629 2770 genitoris
1677 2701 1762 2757 sui
1819 2701 2049 2756 simula-

487 2815 505 2846 c
543 2810 697 2848 crum
753 2800 931 2863 gerat,
981 2793 1194 2863 tibique
1235 2793 1511 2848 sexcentis
1554 2797 1733 2849 servis
1781 2794 2054 2864 imperare

487 2904 504 2937 ι
547 2886 729 2941 minus
791 2884 1098 2955 jucundum
1153 2884 1396 2940 futurum
1451 2894 1573 2952 est,
1644 2900 1812 2956 quam
1882 2886 2051 2942 unius

488 2995 507 3027 ε
554 2976 647 3030 lilii
707 2984 985 3046 parentem
1039 2991 1203 3031 esse:
1239 2975 1350 3030 Deo
1397 2985 1581 3031 autem
1617 2977 1898 3047 quidpiam
1934 2993 2054 3032 ma-

487 3087 506 3116 ι
538 3064 627 3135 jus
657 3079 722 3119 ac
751 3065 1118 3134 praestabilius
1155 3065 1291 3133 erit,
1314 3080 1475 3136 quam
1502 3065 1627 3121 Filii
1656 3066 1868 3123 Patrem
1904 3084 2048 3138 esse,

484 3174 503 3207 ι
540 3158 684 3226 quod
722 3157 941 3227 quidem
971 3158 1155 3228 gloriae
1186 3160 1433 3215 accessio
1468 3167 1573 3226 est,
1625 3174 1735 3215 non
1773 3160 2043 3228 decessio,
2078 3180 2126 3247 ρ

487 3265 506 3297 σ
542 3249 1005 3316 quemadmodum
1054 3260 1108 3305 et
1162 3249 1400 3320 Spiritus
1451 3251 1835 3321 productorem
1890 3251 2053 3309 esse?

484 3357 502 3387 ο
540 3339 620 3392 Αη
657 3349 707 3393 te
740 3341 870 3394 illud
911 3341 1067 3412 fugit,
1111 3358 1236 3397 cum
1273 3343 1466 3410 Deum,
1510 3341 1657 3411 Filii,
1691 3358 1754 3400 ac
1785 3343 2047 3415 Spiritus,

484 3452 501 3482 ε
542 3432 692 3485 velut
715 3442 1090 3488 creaturarum
1116 3433 1443 3505 principium
1475 3436 1694 3503 statuis,
1720 3451 1819 3493 nec
1844 3437 2053 3507 princi-

484 3539 501 3569 ι
540 3521 691 3590 pimn
749 3523 848 3576 abs
900 3532 951 3577 te
992 3524 1273 3590 honorari,
1322 3536 1521 3596 etquae
1566 3540 1635 3580 ex
1680 3541 1747 3581 eo
1796 3536 2045 3593 manant,

482 3631 501 3663 ε
545 3615 841 3683 ignominia
871 3616 1032 3680 allici,
1065 3616 1202 3671 illud
1231 3617 1359 3687 quia
1387 3618 1573 3672 vilium
1603 3631 1659 3674 et
1693 3621 2042 3691 exiguarum,

483 3726 500 3758 σ
542 3722 605 3761 ac
666 3708 868 3763 dcitate
922 3710 1276 3781 indignorum
1322 3711 1654 3782 principium
1712 3715 2045 3783 constituis,

481 3818 498 3850 ι
541 3800 654 3852 haec
682 3802 812 3869 quia
846 3816 1036 3870 parva,
1075 3817 1175 3856 nec
1206 3812 1388 3857 creata
1421 3812 1656 3871 tantum,
1687 3804 1779 3860 sed
1803 3805 2045 3860 muniunt

479 3910 497 3943 ι
536 3894 696 3946 etiam
730 3908 851 3963 qum
879 3905 1063 3948 creata
1114 3906 1263 3959 sunt,
1302 3896 1776 3967 contemptissima
1812 3907 1868 3953 et
1899 3899 2050 3968 abje-

479 4005 496 4034 ε
540 3986 784 4039 ctissime
838 3983 978 4040 facis
1011 3985 1321 4056 :siquidem
1377 3989 1574 4043 horum
1623 4004 1810 4056 causa,
1856 4000 1911 4045 et
1950 3992 2046 4045 ali-

479 4095 497 4125 ο
536 4077 760 4144 quando
790 4078 1007 4132 condita
1039 4087 1190 4143 sunt,
1222 4094 1332 4133 non
1381 4094 1541 4136 secus
1582 4096 1646 4136 ac
1683 4082 2047 4138 instrumenta

478 4184 496 4215 ε
537 4166 605 4218 ab
656 4166 889 4229 artiﬁce,
939 4181 1063 4231 qua:
1111 4176 1240 4222 ante
1291 4168 1529 4225 artifices
1575 4185 1684 4225 non
1734 4180 1913 4237 erant,
1949 4187 2049 4228 nec

481 4273 500 4306 ι
538 4255 676 4310 alias
726 4256 1089 4325 exstitissent,
1140 4259 1248 4314 nisi
1288 4259 1418 4329 quid
1469 4276 1658 4315 eorum
1705 4276 1869 4331 Opera
1907 4262 2050 4317 Dens

481 4367 501 4399 ο
540 4364 731 4405 creare
781 4350 1071 4418 voluisset,
1115 4352 1344 4421 perinde
1386 4352 1638 4409 videlicet
1685 4370 1751 4410 ac
1792 4357 2047 4409 voluntas

482 4458 501 4492 ‹
538 4442 653 4512 ipsa
690 4457 1036 4514 nequaquam
1070 4444 1377 4499 suﬂiceret?
1430 4446 1708 4516 Quidquid
1753 4447 1898 4500 enim
1946 4448 2048 4501 ali-

2164 567 2258 620 τοῦ
2313 566 2659 640 Πνεύματος,
2716 566 2776 619 οὐ
2838 566 2955 638 μὴν
2985 568 3050 621 ὲκ
3072 566 3167 621 τοῦ
3224 568 3566 638 Μονογενοῦς
3599 569 3739 625 διδά-

2168 673 2317 713 σκει.

2237 771 2500 825 ΡΗΣΕΙΣ
2583 772 2724 824 ΤΟΥ
2780 771 3175 825 ’ΘΕΟΛΟΓΟΥ
3235 770 3676 826 ΓΡΗΓΟΡΙΟΥ.
3725 761 3729 765 ’

2169 861 2281 916 ποῦ
2308 861 2484 932 ἁγίου
2517 862 2855 931 Γρηγορίω
2886 862 2995 917 τοῦ
3023 863 3341 931 Θεολότου,
3369 863 3438 916 ἐκ
3463 862 3568 917 τοῦ
3599 862 3740 918 δευ-

2544 933 2721 1000 τέρου
2762 932 3070 1003 εἰρηνικοῦ
3118 933 3327 1002 λόγου.

2234 1045 2314 1099 Λ⁹.
2341 1045 2403 1099 Εἰ
2429 1044 2529 1116 μὲν
2557 1045 2665 1116 γὰρ
2692 1044 2991 1116 ἐμέλλομεν
3013 1044 3143 1100 Υἰοῦ
3170 1046 3264 1100 καὶ
3287 1046 3601 1118 Πνεύματος
3638 1047 3741 1119 τὴν

2168 1154 2189 1187 ι
2235 1137 2394 1202 ἀξίαν
2417 1135 2888 1208 ὀμολογοῦντες,ή
2929 1137 3139 1209 ἀναρχα
3189 1137 3367 1194 ταῦτα
3423 1139 3742 1210 είσάγειν,ή

2171 1246 2191 1280 ι
2232 1230 2312 1291 εἰς
2365 1228 2563 1298 ἑτέραν
2592 1228 2767 1300 ἀρχὴν
2793 1230 3040 1298 ἀνάγειν,
3067 1229 3189 1290 δέος
3214 1227 3283 1284 ἂν
3311 1225 3381 1301 ἦν
3427 1229 3595 1293 ὅντως
3657 1231 3739 1301 μὴ

2169 1340 2189 1373 ι
2227 1320 2506 1391 ἀτιμασθῇ
2545 1322 2700 1387 Θεὸς,
2733 1322 3118 1394 ἦκινδυνεύσῃ
3176 1322 3309 1392 παρ’
3338 1324 3371 1393 ή
3383 1323 3499 1392 μῶν
3521 1323 3581 1376 τὸ
3640 1324 3743 1376 ἀν-

2177 1430 2195 1464 ι
2235 1410 2449 1465 τίθεον·
2505 1414 2555 1467 εἰ
2593 1412 2651 1466 δὲ
2702 1414 2827 1467 ὅσον
2892 1413 2960 1467 ἂν
3023 1413 3225 1484 sed”;
3255 1414 3346 1466 τὸν
3406 1414 3532 1466 Υἰὸν
3574 1414 3611 1485 ἢ
3682 1413 3746 1466 τὸ

2168 1519 2189 1555 ι
2232 1506 2483 1575 Πνευμα,
2523 1505 2623 1575 οὐχ
2657 1505 2800 1577 ὑπὲρ
2835 1505 2928 1558 τὸν
2972 1505 3198 1575 Πατέρα
3228 1504 3431 1575 θήσεις,
3487 1503 3610 1556 οὐδὲ
3641 1503 3742 1573 τῆς

2170 1616 2190 1650 ι
2232 1597 2412 1660 αἰτίας
2433 1597 2831 1666 ἀποξενώσεις,
2859 1597 2975 1652 ἀλλ’
3007 1600 3198 1651 ἐκεῖσε
3227 1597 3463 1659 ἀνοίσεις
3489 1594 3548 1647 τὸ
3577 1595 3746 1648 καλὸν

2168 1707 2188 1743 ι
2225 1690 2477 1760 γέννημα
2503 1690 2597 1744 καὶ
2611 1689 2710 1761 τὴν
2728 1689 3039 1760 Θαυμασίαν
3058 1690 3302 1761 πρόοδον,
3323 1689 3744 1760 προσερήσομαί

2173 1803 2192 1838 ι
2242 1801 2324 1850 σε,
2352 1779 2398 1839 ὧ
2427 1785 2547 1839 λίαν
2586 1785 2949 1854 φιλαγὲννητε
2975 1785 3039 1838 σὺ
3078 1789 3172 1837 καὶ
3205 1782 3539 1852 φιλάναρχε,
3568 1781 3736 1834 πότε-

2168 1893 2189 1929 (
2234 1893 2334 1948 ρος,
2354 1877 2610 1947 ἀτιμάζει
2645 1875 2781 1931 Θεὸν
2820 1876 3049 1947 μᾶλλον,
3078 1876 3107 1928 ὁ
3144 1875 3406 1928 τοιούτων
3430 1872 3601 1936 τιθεὶς
3636 1874 3737 1941 ἀρ-

2169 1987 2188 2021 (
2229 1968 2330 2040 χὴν
2356 2008 2392 2037 ,_
2414 1968 2549 2022 οῖων
2578 1967 2742 2031 αὐτὸς
2779 1968 3045 2037 εἰσάγεις,
3080 1965 3114 2036 ἢ
3142 1968 3171 2019 ὁ
3202 1965 3278 2037 μὴ
3306 1964 3591 2027 τοιούτων,
3621 1963 3738 2045 ἀλλ’

2167 2078 2186 2113 ι
2225 2060 2429 2130 ὁμοίων
2452 2059 2549 2129 τὴν
2569 2058 2731 2129 φύσιν
2761 2060 2857 2113 καὶ
2881 2057 3173 2130 ὁμοδόξων,
3199 2058 3299 2110 καὶ
3318 2056 3447 2109 οἴων
3471 2058 3499 2109 ὁ
3526 2055 3722 2125 mttu-

2168 2170 2188 2206 ι
2232 2169 2321 2224 ρος
2341 2151 2593 2224 βούλεται
2616 2150 2808 2222 λόγος;
2850 2151 3014 2205 Ἀλλά
3035 2152 3118 2206 σοὶ
3145 2150 3243 2222 μὲν
3271 2150 3353 2213 εἰς
3380 2149 3549 2219 τιμὴν
3564 2148 3730 2217 μέγα,

2166 2265 2185 2300 ι
2233 2248 2330 2301 καὶ
2382 2247 2639 2317 μέγιστον
2687 2248 2714 2299 ὁ
2748 2245 2839 2308 σὸς
2889 2245 3025 2310 υἱὸς,
3076 2245 3171 2298 κα)⁸
3220 2244 3464 2311 τοσούτῳ
3510 2239 3734 2309 μᾶλλον,

2165 2358 2186 2394 ι
2220 2339 2439 2411 ὅσῳπερ
2483 2337 2551 2393 ἂν
2577 2339 2647 2392 τὰ
2697 2340 2878 2393 πάντα
2893 2333 3182 2410 πατρὼζη.
3218 2335 3314 2389 καὶ
3368 2332 3658 2405 χαρακτὴρ
3703 2327 3737 2406 ᾗ

2166 2450 2186 2485 ι
2221 2432 2446 2504 γνήσιος
2495 2429 2586 2486 τοῦ
2625 2431 3012 2501 γεννήσαντος,
3070 2430 3169 2482 καὶ
3198 2428 3299 2481 οὐκ
3325 2426 3391 2481 ἂν
3423 2427 3606 2491 δέξαιο
3631 2443 3739 2495 μυ.
3808 2426 3811 2429 ⁷

2163 2539 2185 2575 ε
2229 2523 2360 2593 ρίων
2392 2521 2741 2593 ἀνδραπόδων
2774 2516 2916 2573 εἰναι
2950 2516 3154 2588 μᾶλλον
3204 2515 3472 2583 δεσπότης
3526 2513 3561 2584 ἢ
3616 2513 3742 2576 ἐνὸς

2164 2632 2186 2669 ι
2229 2614 2513 2685 γεννήτωρ
2543 2612 2762 2676 παιδός*
2787 2611 2865 2683 τῷ
2880 2611 2999 2681 Θεῷ
3021 2610 3078 2664 δὲ
3108 2608 3237 2665 ἄλλο
3259 2626 3314 2662 τι
3333 2605 3578 2679 μεῖζονξῆ
3604 2605 3738 2660 Υἰοῦ

2169 2723 2191 2757 ι
2228 2705 2526 2775 τυγχάνειν
2550 2701 2828 2773 Πατέρα,δ
2863 2701 3158 2773 προσθήκη
3216 2696 3376 2769 δόξης
3427 2698 3604 2761 ἐστὶν,
3636 2696 3741 2766 οὐχ

2162 2812 2182 2848 ε
2224 2795 2533 2866 ὑφαίρεσις,
2565 2793 2722 2858 ὡςδὲ
2774 2793 2871 2848 καὶ
2929 2790 3198 2864 προϐολέα
3246 2789 3607 2859 Πνεῦματοςς
3670 2788 3743 2841 ’Ἡ

2163 2902 2182 2937 ι
2218 2885 2435 2953 ἀγνοεῖς
2489 2885 2576 2938 ὅτι
2613 2884 2679 2936 σὺ
2720 2882 2819 2954 μὶν
2848 2880 3168 2950 κτισμάτων
3215 2879 3388 2942 τιθεὶς
3419 2875 3600 2949 ἀρχὴν
3621 2874 3733 2945 τὴν

2161 2993 2182 3029 ε
2226 2975 2424 3047 ἀρχὴν,
2460 2974 2606 3044 λέγω
2638 2973 2695 3027 δὲ
2723 2972 2853 3026 Υίοῦ
2877 2972 2972 3027 κα)⁵
2998 2969 3338 3041 Πνεῦματος,
3358 2967 3482 3022 οὔτε
3508 2966 3608 3037 τὴν
3630 2968 3738 3036 ἁρ-

2162 3086 2181 3120 ι
2219 3068 2322 3140 χὴν
2358 3068 2549 3139 τιμᾷς,
2583 3066 2680 3121 καὶ
2706 3064 2997 3136 ἀτιμάζεις
3027 3065 3097 3117 τὰ
3123 3063 3183 3127 ἐξ
3209 3061 3403 3131 αὐτῆς,
3460 3060 3561 3130 τὴν
3611 3059 3740 3127 μὲν,

2163 3180 2183 3214 ι
2221 3163 2305 3217 ὅτι
2338 3159 2554 3233 μικρῶν
2582 3159 2828 3228 εἰσάγεις
2853 3157 3033 3230 ἀρχὴν
3056 3156 3152 3210 καὶ
3181 3152 3418 3218 ἀναξίων
3450 3152 3739 3221 θεότητος.

2163 3273 2181 3307 ι
2217 3255 2285 3307 τά
2314 3252 2400 3319 δὲ,
2431 3254 2513 3307 ὅτι
2551 3250 2728 3323 μικρὰ
2758 3251 2854 3304 καὶ
2909 3250 2985 3320 μὴ
3025 3248 3302 3318 κτίσματα
3344 3245 3532 3316 μόνον,
3592 3242 3738 3296 ἀλλά

2160 3332 2180 3400 ι
2222 3347 2318 3402 καὶ
2368 3347 2588 3402 πάντων
2640 3344 2958 3415 κτισμάτων
3016 3343 3205 3405 ποιεῖς
3239 3339 3559 3409 ἀτιμότερα,
3612 3336 3733 3404 είγε

2158 3458 2177 3493 ι
2209 3437 2416 3493 τούτων
2443 3437 2632 3491 ἕνεκεν
2681 3436 2892 3504 ὑπέστη
2957 3432 3054 3487 καί
3094 3448 3223 3486 ποτε
3278 3429 3469 3500 ὥσπερ
3521 3427 3736 3497 ὄργανα

2160 3550 2180 3585 ι
2215 3533 2440 3601 τεχνίτῃ
2475 3527 2582 3600 πρὸ
2605 3527 2715 3581 τῶν
2778 3524 3055 3597 τεχνητῶν
3109 3521 3378 3593 πρότερον
3413 3522 3510 3571 οὐκ
3572 3517 3733 3583 ὄντα,

2158 3642 2177 3678 ε
2216 3624 2325 3678 οὐδ’
2352 3623 2418 3676 ἂν
2437 3622 2610 3686 ἄλλως
2631 3636 2696 3689 γε
2711 3619 2922 3690 ιόμενα,
2959 3622 3008 3669 εἰ
3047 3616 3123 3686 μή
3152 3614 3408 3685 τιςκτίσαι
3438 3611 3507 3664 δι’
3540 3610 3730 3663 αὐτῶν

2159 3734 2177 3768 ι
2215 3714 2497 3787 ἠϐουλήθη
2554 3712 2709 3779 Θεὸς,
2739 3712 2812 3774 ὡς
2836 3710 2935 3763 οὐκ
2957 3707 3253 3778 ἀρκοῦντος
3282 3705 3376 3757 τοῦ
3403 3700 3731 3774 βούλεσθαις

2156 3826 2176 3861 ι
2219 3808 2333 3862 Πᾶν
2360 3807 2490 3876 γὰρ,
2513 3804 2542 3858 δ
2568 3803 2715 3867 τινὸς
2768 3803 2983 3868 ἕνεκεν,
3003 3802 3333 3869 ἀτιμότερον
3375 3796 3445 3850 δι’
3504 3793 3535 3846 δ
3567 3794 3738 3862 γεγέ-

2158 3920 2176 3952 ι
2223 3915 2407 3970 νηται.
2443 3896 2589 3966 Ἐγὼ
2617 3896 2675 3951 δὲ
2701 3895 2979 3967 θεότητος,
3005 3893 3181 3964 ἀρχὴν
3209 3890 3447 3958 εἰσάγων
3470 3890 3729 3957 ἄχρονον,

2159 4010 2177 4043 ι
2216 3992 2311 4045 καὶ
2349 3989 2674 4061 ἀχώριστον,
2709 3987 2806 4040 καὶ
2844 3987 3122 4057 ἀόριστον,
3149 3985 3253 4056 τήν
3276 4000 3336 4036 τε
3360 3982 3537 4054 ἀρχὴν
3556 3982 3730 4050 τιμῶ,

2157 4104 2176 4137 ι
2216 4083 2313 4137 καὶ
2335 4082 2404 4136 τὰ
2429 4084 2493 4134 ὲκ
2520 4081 2622 4151 τῆς
2658 4080 2837 4152 ἀρχῆς
2868 4082 3097 4149 ἐπίσηςδ
3151 4080 3251 4149 τὴν
3278 4080 3403 4148 μὲν,
3437 4077 3519 4131 ὅτι
3546 4078 3724 4131 τοιού-

2158 4192 2177 4226 ι
2214 4190 2322 4225 των
2357 4171 2558 4243 ἀρχὴν,
2593 4171 2660 4223 τὰ
2687 4170 2766 4234 δὲ,
2797 4172 2885 4223 ὃτι
2946 4168 3090 4222 οὕτω
3128 4170 3222 4222 καὶ
3271 4169 3502 4223 τοιαῦτα
3533 4172 3599 4221 ὲκ
3625 4168 3723 4221 τοῦ

2156 4281 2176 4314 ι
2214 4262 2482 4325 τοιούτου,
2509 4265 2644 4331 μήτε
2674 4260 2752 4330 τῷ
2811 4261 2964 4323 ποτὲ,
3029 4258 3171 4331 μήτε
3216 4262 3284 4330 τῇ
3337 4257 3521 4327 φύσει,
3584 4261 3726 4329 μήτε

2155 4374 2174 4408 ι
2218 4355 2294 4425 τῷ
2331 4354 2515 4425 σεπτῷ
2538 4353 2918 4423 διειργόμενα,
2947 4352 3005 4405 ἓν
3032 4352 3161 4409 ὄντα
3197 4350 3575 4422 διῃρημένως,
3636 4354 3732 4403 καὶ

2156 4467 2174 4500 ι
2214 4439 2569 4517 διαιρούμενα
2595 4444 2977 4514 συνημμένως,
3020 4445 3069 4497 εί
3108 4443 3202 4496 καὶ
3226 4442 3534 4513 παράδοξον
3565 4442 3729 4496 τοῦτο

478 4550 497 4582 ο
536 4532 697 4603 cuius
742 4535 821 4587 rei
870 4534 1044 4603 gratia
1090 4535 1291 4589 factum
1341 4545 1446 4601 est,
1499 4515 1767 4607 abjcctius
1817 4548 1901 4592 est
1953 4553 2041 4605 eo,

2165 4559 2175 4591 ι
2211 4515 2386 4594 εἰπεῖν
2433 4515 2530 4607 οὐχ
2560 4531 2725 4607 ἧττον
2756 4535 3021 4589 ἐπαινετά
3070 4535 3172 4605 τῆς
3200 4534 3338 4604 πρὸς
3364 4533 3571 4606 ἄλληλα
3597 4536 3728 4605 σχέ-

480 4641 499 4675 ι
543 4634 765 4692 propter
795 4623 943 4693 quod
975 4624 1177 4678 factum
1211 4636 1318 4679 est.
1350 4629 1419 4680 At
1451 4642 1552 4697 ego
1583 4628 1804 4682 deitatis
1837 4628 2039 4697 princi-

2165 4649 2173 4681 ι
2215 4646 2374 4693 σεως,
2429 4629 2464 4699 ἢ
2515 4628 2637 4682 καθ’
2683 4627 2841 4680 ἑαυτὸ
2895 4628 3126 4682 ἕκαστον
3174 4624 3467 4696 νοούμενόν
3516 4643 3578 4679 τε
3626 4630 3724 4681 καὶ

481 4732 498 4764 ι
538 4716 685 4783 pium
724 4714 987 4783 temporis
1033 4731 1251 4785 expers,
1297 4718 1658 4786 inseparabile
1724 4731 1886 4786 atque
1919 4720 2041 4773 iuli-

2165 4742 2173 4773 l
2214 4720 2649 4791 λαμϐανόμενον,
2686 4719 2894 4788 Τριάδα
2950 4719 3163 4772 τελείαν
3193 4721 3258 4773 ὲκ
3280 4718 3507 4773 τελείων
3556 4721 3724 4789 τριῶν

480 4824 499 4856 ε
542 4805 716 4858 nitum
771 4815 1051 4872 statuens,
1104 4816 1160 4861 et
1210 4810 1536 4878 principium
1585 4819 1638 4863 et
1685 4824 1785 4875 ea,
1844 4825 1966 4880 qua:
2010 4825 2041 4864 a

2165 4834 2174 4865 l
2216 4813 2441 4882 μονάδος
2476 4813 2574 4881 μὲν
2601 4811 2913 4881 κινηθείσης
2942 4811 3031 4864 διὰ
3064 4811 3126 4865 τὸ
3178 4805 3468 4876 πλούσιον,
3530 4812 3723 4875 δυάδος

477 4917 495 4951 ε
536 4896 801 4967 principio
848 4908 1093 4962 manant,
1121 4899 1238 4968 pari
1269 4901 1480 4954 bonure
1520 4916 1860 4971 prosequor:
1901 4902 2034 4956 illud

2165 4925 2168 4956 ί
2207 4906 2263 4957 δὲ
2292 4902 2720 4973 ὑπερϐαθείσης.
2766 4901 2936 4972 ’Υπὲρ
2958 4901 3068 4972 γὰρ
3099 4901 3199 4972 τὴν
3228 4900 3363 4972 ὓλην
3385 4903 3561 4955 καὶτὸ
3584 4901 3722 4965 εἶδος

475 5007 493 5041 ι
535 4988 662 5059 quia
697 4989 883 5042 taliqu
917 4998 999 5043 est
1024 4989 1375 5059 principium,
1407 4992 1522 5045 haec
1555 4992 1680 5060 quia
1726 4993 1817 5046 tali
1851 4995 2034 5058 modo,

2165 5012 2169 5045 ι
2210 4992 2268 5057 ὲξ
2323 4988 2397 5046 ὧν
2420 4991 2488 5044 τά
2535 4991 2783 5062 σώματα,
2832 4991 3058 5062 Τριὰδος
3106 4990 3161 5044 δὲ
3190 4991 3506 5063 ὁρισθείσης
3537 4992 3623 5045 διὰ
3658 4992 3719 5044 τὸ

474 5102 497 5132 ε
535 5090 588 5135 et
620 5081 771 5148 talia,
809 5092 861 5134 et
913 5096 978 5135 ex
1032 5082 1147 5145 tali,
1205 5096 1307 5135 nec
1366 5090 1634 5150 tempore,
1673 5099 1774 5139 nec
1818 5095 2036 5151 natura,

2165 5105 2169 5136 π
2206 5086 2433 5139 τέλειον.
2468 5101 2486 5134 ι
2678 5148 2679 5151 η

475 5195 493 5227 ι
534 5191 632 5230 nec
666 5176 842 5240 cultu,
874 5185 928 5229 et
958 5176 1312 5230 veneratione
1385 5175 1665 5243 distincta,
1709 5194 1879 5235 unum
1952 5181 2170 5237 divisim
2231 5177 2576 5242 exsistenlia,
2642 5187 2696 5231 et
2762 5177 3097 5244 conjunctim
3161 5179 3361 5242 divisa,
3418 5178 3564 5233 dictu
3593 5179 3715 5231 licet
3760 5206 3765 5213 ~

474 5287 493 5321 ι
538 5269 757 5333 mirum,
805 5284 911 5322 non
950 5268 1130 5322 minus
1184 5267 1255 5320 ob
1334 5268 1650 5323 relationem
1683 5311 1697 5334 ,
1747 5288 1909 5341 quam
1988 5276 2128 5330 inter
2198 5291 2255 5328 se
2312 5274 2529 5335 habent,
2582 5271 2873 5334 laudanda,
2949 5286 3112 5338 quam
3158 5273 3586 5341 unumquodque
3623 5285 3715 5339 per

477 5381 493 5411 ι
538 5378 595 5415 se
619 5372 930 5429 acceptum,
958 5367 1010 5412 et
1040 5359 1395 5426 intellectum,
1429 5362 1723 5429 perfectam
1755 5379 1821 5418 ex
1855 5367 2031 5424 tribus
2114 5365 2370 5437 perfectis
2432 5362 2773 5428 Trinitatem,
2839 5363 3046 5418 unitate
3080 5364 3337 5417 nimirum
3402 5366 3473 5417 ob
3499 5365 3709 5418 divitias

468 5473 490 5507 ι
532 5468 697 5519 ruma,
752 5453 965 5509 binario
1015 5463 1195 5507 autem
1237 5463 1513 5523 superato,
1570 5468 1854 5526 propterea
1909 5462 2067 5532 quod
2121 5462 2295 5516 dcitas
2336 5473 2496 5528 supra
2563 5462 2846 5515 materiam
2915 5470 2968 5515 et
3003 5460 3233 5516 formam
3290 5462 3384 5526 sit,
3416 5477 3480 5516 ex
3514 5461 3709 5533 quibus

472 5567 491 5598 ι
534 5562 765 5617 corpora
810 5556 1062 5607 coiistant
1102 5564 1116 5601 :
1152 5544 1420 5602 Trinita'e
1472 5563 1600 5604 vero
1648 5561 1871 5622 propter
1965 5555 2354 5626 perfectionem
2390 5554 2632 5609 deiinitn.
2668 5573 2693 5605 ε

1038 5638 1467 5692 Animadversio.

2733 5645 3091 5701 Ἐπιστασία

541 5748 559 5780 ε
598 5729 827 5784 Videsne
857 5729 1038 5793 etiam,
1070 5732 1161 5799 qui
1201 5731 1464 5800 profunda
1526 5732 1764 5802 Spirius
1799 5738 2028 5789 investi-

2205 5756 2224 5787 ι
2276 5737 2439 5809 Ὁρᾷς
2469 5739 2566 5791 καὶ
2596 5739 2689 5791 τὸν
2714 5741 2781 5792 τὰ
2816 5739 2954 5813 βάθη
2999 5743 3093 5796 τοῦ
3145 5745 3466 5817 Πνεύματος
3493 5750 3709 5820 ἐρευνήσ

470 5835 490 5869 ι
524 5818 692 5890 gavit,
737 5827 789 5873 et
817 5830 941 5890 post
978 5819 1235 5875 uili-etum
1285 5821 1455 5888 illum,
1512 5833 1562 5876 et
1601 5827 1690 5896 qui
1751 5827 1802 5879 in
1836 5835 2035 5897 pectus

2165 5847 2167 5877 ς
2216 5844 2401 5894 σαντα,
2439 5831 2536 5883 καὶ
2583 5831 2723 5901 μετά
2748 5829 2841 5886 τὸν
2872 5836 3194 5909 ὲπιστήθιον
3226 5840 3320 5897 καὶ
3354 5818 3706 5912 ἠγαπημένον
