4002 6428
222 403 335 467 4.λῖ

1189 398 1272 464 1N
1311 397 1704 461 CAMATERI
1743 361 2502 462 ANIMADVERSIONES.
3405 415 3420 450 μ
3441 400 3526 461 5s.
3579 437 3581 440 ‹

226 537 247 570 ι
298 514 552 588 μαθητὴν
584 514 676 570 τὸν
706 515 969 586 Θεολόγος
999 515 1323 584 ἐπωνυμίαν
1381 514 1814 585 κληρωσάμενον

1934 514 2242 568 trecubuit
2293 514 2650 584 discipulum,
2705 529 2767 568 ex
2822 513 3097 585 theologia
3146 513 3249 568 sibi
3307 530 3508 569 nomen

229 629 250 660 ι
296 608 481 677 ἄτιον,
515 608 635 672 πῶς
664 608 755 662 διὰ
784 610 884 679 τῆς
910 610 1041 679 ὅλης
1071 606 1384 679 περικοπῆς
1436 606 1645 677 ταύτης
1672 606 1818 662 διδά-

299 716 449 764 σκει,
487 698 588 769 τὴν
614 701 680 752 ὲκ
735 700 831 753 τοῦ
891 701 1106 772 [ἰατρὸς
1154 699 1250 753 τοῦ
1277 701 1438 768 ἁγίου
1495 699 1817 767 Πνεύματος

225 815 243 838 ι
288 790 560 860 ὕπαρξιν,
599 792 658 843 ὲν
678 785 762 854 οἷς
787 791 918 845 ποτὲ
953 792 1052 861 μὲν
1087 791 1238 860 λέγει
1269 791 1411 862 περὶ·
1431 791 1524 843 τοῦ
1561 788 1694 843 Υἰοῦ
1720 790 1818 842 καὶ

218 902 241 935 ι
291 882 394 936 τοῦ
429 883 754 946 Πνεύματος
773 882 852 946 ὡς
895 885 1010 954 Οὐχ
1033 882 1174 952 ὑπὲρ
1208 883 1300 937 τὸν
1327 883 1552 953 Πατέρα
1606 882 1816 953 θήσεις,

221 992 242 1026 ι
285 973 529 1044 οὐδὲ-τῆς
552 974 734 1037 αἰτίας
761 975 1073 1043 ἀποξενὼσε
1083 993 1150 1042 ις,
1170 976 1287 1029 ἀλλ’
1304 976 1484 1028 ἐκεῖσε
1503 974 1741 1037 ἀνοίσεις
1757 973 1820 1027 τὸ

225 1081 244 1117 ι
281 1063 455 1118 καλὸν
470 1066 851 1135 γέννημα,καί
872 1066 972 1137 τὴν
989 1065 1301 1137 θαυμασίαν
1320 1064 1544 1136 πρόοδον
1566 1063 1818 1117 ἐντεῦθεν

230 1174 248 1206 ι
289 1154 387 1209 τὸν
417 1156 642 1225 Πατέρα
675 1157 771 1210 καὶ
803 1157 1142 1229 ἀμφοτέρων
1175 1155 1270 1209 τοῦ
1301 1174 1360 1210 τε
1394 1154 1550 1221 Υἰοῦ,
1585 1156 1680 1207 καὶ
1723 1154 1818 1207 τοῦ

225 1267 245 1300 ι
291 1247 622 1317 Πνεύματος
651 1247 944 1320 κηρύττων
992 1249 1249 1322 φανερῶς
1286 1249 1485 1313 αἴτιον,
1558 1248 1658 1300 καὶ
1718 1247 1817 1302 τοῦ

225 1359 245 1392 ι
285 1341 394 1409 μὲν
445 1342 778 1412 γεννήτορα,
813 1341 907 1394 τοῦ
933 1341 990 1394 δὲ
1018 1341 1321 1413 προϐολέα·
1355 1340 1488 1394 ποτὲ
1539 1339 1618 1404 δὲ,
1648 1341 1707 1394 ὲν
1736 1334 1820 1404 οἷς

221 1452 232 1476 ι
284 1431 470 1503 ἀρχὴν
513 1433 608 1484 τὸν
665 1433 891 1504 Πατέρα
927 1434 1166 1500 δοξάζει,
1204 1433 1488 1504 ὁμοτίμων
1505 1433 1603 1486 καὶ
1627 1433 1821 1504 ὁμοδό-

226 1537 243 1577 t-
290 1522 426 1588 ξωνο
484 1522 648 1576 πάλιν
675 1524 732 1576 ἐν
758 1517 844 1586 οἷς
874 1524 1200 1596 προσθήκην
1255 1523 1417 1592 δόξης
1478 1517 1623 1576 εἶναι
1670 1523 1820 1589 λέγει

229 1652 235 1662 ι
291 1615 372 1686 τῷ
388 1615 568 1684 Πατρί
583 1617 646 1669 τὸ
672 1617 895 1686 Πατέρα
923 1616 1117 1670 τοῦτον
1145 1612 1288 1670 εἶναι
1314 1616 1470 1681 Υἱοῦ,
1496 1617 1590 1669 καὶ
1616 1615 1819 1686 προδο-

231 1728 251 1762 ι
288 1711 394 1764 λέα
430 1710 757 1782 Πνεύματος
785 1728 799 1744 ο
831 1712 926 1768 καὶ
961 1709 1119 1777 αὖθις
1144 1714 1204 1767 έν
1221 1707 1303 1776 οἷς
1347 1712 1444 1766 καὶ
1493 1711 1822 1783 ἀμφοτέρων

241 1821 260 1854 ι
298 1804 470 1874 ἀρχὴν
498 1804 584 1858 τὸν
607 1805 832 1877 Πατέρα
867 1807 1029 1860 καλεῖ
1055 1824 1106 1875 ;ι

849 1921 1244 1990 ἊντΙῤῥησις.

301 2029 375 2082 Ἠ
405 2028 658 2100 παροῦσα
699 2031 994 2084 ἐπιστασία
1047 2030 1201 2084 οὐδέν
1272 2046 1326 2084 τι
1365 2031 1642 2083 συντεῖνον
1699 2028 1816 2098 ἔχει

221 2119 364 2190 πρδς
392 2122 488 2176 τὸν
514 2122 755 2187 σκοπὸν,
790 2121 859 2174 δι’
893 2121 953 2174 ὃν
974 2122 1003 2174 6
1027 2120 1170 2174 κατὰ
1199 2119 1300 2188 τῆς
1347 2119 1665 2190 Ῥωμαῖκῆς
1688 2119 1816 2173 Ἐκ-

219 2214 460 2282 uincta;
489 2212 864 2267 ὲσπούδασταί
893 2230 974 2266 σοι
995 2212 1166 2281 ἀγών.
1200 2213 1297 2276 Τίς
1324 2213 1435 2284 γὰρ
1457 2212 1566 2264 τῶν
1607 2212 1816 2282 ταύτης

213 2306 512 2376 τροφίμων
533 2306 595 2358 ού
632 2305 832 2358 πλατεῖ
881 2304 1149 2376 κηρύττει
1181 2303 1261 2375 τῷ
1303 2305 1541 2374 στόματι
1573 2303 1651 2366 ὡς
1702 2305 1817 2374 ἅμα

214 2400 496 2470 φοτέρων,
534 2397 672 2452 Υἰοῦ
706 2414 766 2452 τε
793 2397 889 2453 καὶ
921 2399 1242 2468 Πνεύματος
1296 2396 1526 2468 δηλαδὴ,
1552 2397 1730 2460 αἴτιος
1789 2400 1818 2451 6

217 2491 454 2560 11ατήρ;
501 2488 657 2542 Ἀλλ’
682 2490 784 2542 οὐκ
821 2487 1077 2542 ἐντεῦθεν
1116 2488 1177 2542 τδ
1231 2488 1295 2540 ὲκ
1354 2488 1518 2559 μόνου
1567 2487 1664 2540 τοῦ
1702 2487 1834 2539 Παον

220 2582 354 2653 τρδς
394 2578 540 2634 εἶναι
587 2579 650 2634 τὸ
679 2581 929 2652 Πνεῦμα,
970 2579 1134 2634 τοῦτο
1157 2581 1220 2650 δὴ
1263 2579 1327 2633 τὸ
1361 2579 1456 2632 τοῦ
1489 2578 1701 2648 ἀγῶνός
1735 2595 1818 2633 σοι

212 2675 665 2746 σκοπιμάπατον,
706 2675 1203 2745 διαγνωσθήσεται.
1224 2672 1289 2726 Εἰ
1319 2672 1420 2741 μὲν
1452 2672 1565 2744 γὰρ
1586 2672 1818 2742 ἀδιάφο-

214 2783 308 2840 ρον
324 2768 502 2820 αἴτιον
529 2766 662 2820 Υἱοῦ
695 2767 792 2820 καὶ
824 2766 1148 2834 Πνεύματος
1173 2761 1243 2837 ἦν
1262 2765 1291 2817 6
1317 2764 1510 2836 Πατὴρ
1555 2759 1624 2838 ἦν
1664 2764 1730 2818 ἂν
1759 2765 1822 2819 τὸ

213 2860 283 2912 ὲκ
339 2859 506 2929 μόνου
535 2859 629 2913 τοῦ
667 2858 883 2927 Πατρδς
905 2852 1046 2912 εἶναι
1075 2857 1138 2910 τὸ
1175 2855 1404 2927 Πνεῦμα
1467 2855 1821 2910 παντάπασιν

207 2951 594 3021 ἁναμφίὁολον
613 2968 628 2984 ·
659 2950 785 3004 ἐπεὶ
804 2952 862 3005 δὲ
889 2950 1152 3024 διάφορόν
1173 2951 1324 3004 ἐστιν
1351 2949 1529 3005 αἴτιον
1551 2951 1579 3002 6
1602 2949 1820 3020 Πατὴρ,

209 3045 251 3113 ή
274 3044 333 3098 δὲ
361 3045 600 3116 διαφορὰ
631 3045 731 3117 τῆς
761 3044 944 3108 αἰτίας
972 3047 1037 3098 ὲκ
1095 3043 1198 3114 τῆς
1255 3043 1518 3115 διαφόρου
1588 3041 1820 3112 προόδου

207 3137 330 3190 τῶν
376 3138 592 3191 ἐκεῖθεν
648 3136 915 3192 αἰτιατῶν
964 3137 1106 3191 κατὰ
1152 3133 1252 3206 τὴν
1306 3135 1401 3189 τοῦ
1449 3133 1675 3203 Νύσσης
1729 3134 1822 3186 ἐπὶ

1928 625 1946 658 ι
1984 605 2199 671 ascivit,
2238 605 2481 668 Patrem,
2527 608 2604 660 uti
2639 622 2735 676 per
2765 605 3082 661 universam
3117 607 3259 660 hanc
3294 609 3507 674 perico-

1927 714 1947 747 ι
1982 711 2103 766 pem
2147 697 2343 752 doceat
2387 711 2454 752 ex
2492 696 2655 752 Patre
2708 697 2950 767 Spiritus
3001 697 3178 752 sancti
3239 697 3512 750 exsistvn-

1925 806 1946 840 ι
1983 788 2141 855 tiam,
2174 789 2305 844 dum
2353 805 2502 844 nunc
2547 790 2678 844 dicit
2715 790 2782 845 de
2806 788 2947 844 Filio
2978 797 3032 843 et
3065 787 3310 858 Spiritu;
3345 803 3512 858 Sttpot‘

1925 894 1944 929 1
1977 878 2193 932 Patrem
2233 895 2299 933 ne
2347 894 2542 948 ponas,
2586 894 2764 949 neque
2814 894 2842 932 a
2874 894 3039 934 causa
3082 893 3386 943 removeas,
3424 893 3512 931 νοι-

1926 988 1945 1021 ι
1985 986 2105 1024 rum
2149 971 2282 1027 illuc
2327 971 2642 1041 prwclaram
2696 972 3129 1041 generationem,
3173 980 3226 1026 et
3274 971 3512 1023 admira-

1927 1081 1947 1116 ι
1988 1063 2156 1119 bilem
2221 1065 2630 1135 processionem
2701 1065 2952 1130 referas,
3019 1065 3222 1134 quibus
3290 1065 3506 1118 Patrem

1926 1172 1946 1206 ι
1989 1155 2300 1225 utriusque,
2335 1155 2460 1210 Filii
2493 1171 2689 1225 nempe
2715 1165 2768 1210 et
2795 1155 3037 1226 Spiritus
3071 1159 3249 1228 palum
3281 1170 3507 1224 aperte-

1927 1265 1947 1299 ι
1984 1263 2091 1316 que
2133 1263 2386 1315 causam,
2413 1257 2469 1303 et
2509 1248 2676 1318 hujus
2726 1250 2948 1319 quidem
2995 1250 3410 1317 productorcm,
3448 1250 3513 1300 il-’

1928 1360 1947 1395 ι
1986 1342 2094 1397 lius
2141 1353 2422 1412 parentem
2477 1343 2770 1413 publicat:
2806 1357 2952 1398 nunc
3004 1358 3171 1402 vero.
3219 1358 3347 1396 cum
3405 1341 3510 1394 Pa-

1930 1451 1949 1484 ι
1988 1445 2125 1486 trem
2157 1433 2493 1503 principium
2545 1435 2838 1488 constituit
2879 1447 3096 1493 eorum,
3127 1435 3219 1502 qui
3256 1435 3370 1502 pari
3410 1433 3511 1485 ho-

1929 1542 1948 1576 ι
1987 1538 2119 1578 nore
2161 1533 2217 1578 et
2274 1525 2446 1594 gloria
2499 1526 2722 1595 prazdita
2771 1535 2901 1580 sunt
2963 1541 2977 1579 :
3033 1540 3243 1580 necnon
3304 1527 3511 1588 etiam,

1930 1635 1950 1668 ι
1988 1631 2113 1670 cum
2163 1618 2541 1673 accessionem
2596 1617 2788 1686 gloriae
2837 1615 2960 1670 Filii
3011 1615 3226 1671 Patrem
3278 1633 3402 1670 esse
3457 1626 3513 1668 et
3559 1642 3567 1648 -

1929 1725 1947 1759 ι
1988 1706 2378 1777 productorem
2452 1707 2693 1776 Spiritus
2771 1718 3054 1777 nuncupat
3111 1725 3125 1761 :
3181 1710 3515 1776 tandemque

1930 1814 1950 1848 ι
1988 1813 2112 1851 cum
2147 1798 2436 1867 utriusque
2477 1799 2812 1868 principium
2850 1798 3066 1852 Patrem
3100 1799 3342 1852 fatetur?
3380 1817 3397 1847 ι

2558 1909 2858 1981 Relulatio.

1990 2021 2118 2079 Haec
2142 2023 2307 2093 plane
2341 2025 2752 2080 animadversio
2788 2026 2926 2081 nihil
2959 2025 3089 2080 facit
3147 2029 3214 2081 ad
3263 2043 3405 2091 rem,
3439 2027 3511 2080 de

1917 2130 2028 2184 qua
2060 2117 2298 2186 agimus,
2346 2125 2403 2171 et
2448 2118 2519 2171 ob
2555 2131 2724 2186 quam
2755 2117 2854 2171 tibi
2897 2117 3166 2172 adversus
3205 2117 3513 2171 Romanam

1919 2211 2223 2266 Ecclesiam
2284 2220 2564 2266 certamen
2595 2221 2912 2281 susceptum
2946 2222 3050 2267 est.
3081 2211 3216 2278 Quis
3261 2213 3407 2268 enim
3446 2229 3514 2268 ex

1921 2303 2071 2357 illius
2110 2303 2348 2359 alumnis
2387 2319 2493 2358 non
2537 2315 2728 2374 aperto
2757 2321 2852 2360 ore
2884 2306 3165 2376 praedii-at,
3199 2306 3512 2376 utriusque,

1920 2393 2047 2450 Filii
2115 2410 2314 2466 nempe
2371 2405 2428 2451 et
2460 2397 2723 2467 Spiritus,
2783 2413 2909 2452 esse
2966 2413 3195 2453 causam
3248 2397 3514 2455 Patrem?

1921 2485 2044 2543 Non
2077 2496 2262 2543 tamen
2302 2488 2430 2545 inde
2459 2503 2526 2544 ex
2558 2489 2676 2544 solo
2708 2488 2872 2544 Patre
2905 2490 3162 2558 spiritum
3194 2507 3337 2556 esse,
3367 2492 3514 2562 quod

1922 2577 2243 2633 certaminis
2311 2593 2412 2648 per
2478 2588 2533 2633 te
2581 2579 2704 2633 initi
2769 2579 3095 2648 putissimus
3162 2595 3366 2651 SCOleS
3427 2593 3516 2636 est

1925 2671 2203 2741 quispiam
2239 2671 2483 2742 colliget.
2515 2671 2764 2734 Namque
2785 2672 2832 2750 si
2867 2671 3185 2727 indilIcrcns
3215 2689 3383 2728 causa
3407 2673 3516 2729 Pa-

1925 2775 2008 2819 ter
2028 2773 2179 2819 esset
2208 2763 2334 2818 Filii
2384 2774 2439 2820 et
2469 2762 2734 2835 Spiritus,
2763 2775 2910 2820 esset
2941 2765 3131 2835 utique
3163 2766 3372 2836 absque
3404 2767 3514 2821 ullo

1925 2856 2096 2912 dubio
2131 2872 2196 2912 ex
2248 2857 2369 2911 solo
2414 2855 2576 2911 Patre
2607 2857 2892 2924 Spiritus:
2925 2865 2981 2910 at
3025 2873 3149 2912 cum
3198 2858 3417 2913 diversa
3453 2875 3518 2913 ac

1927 2950 2187 3007 diﬂ‘erens
2236 2964 2404 3005 causa
2453 2950 2525 3005 sit
2563 2947 2744 3015 Pater,
2799 2958 2854 3004 et
2885 2964 3067 3005 causae
3106 2950 3415 3006 diﬂ'erentia
3448 2967 3518 3006 ex

1929 3042 2097 3097 modo
2124 3041 2512 3112 productionis
2556 3055 2777 3105 eorum,
2821 3055 2946 3110 quae
2980 3039 3108 3095 inde
3142 3050 3388 3105 manant,
3425 3057 3516 3097 sc-

1928 3135 2173 3191 cundum
2209 3133 2460 3206 Gregorii
2509 3133 2742 3204 Nysseni
2777 3134 3143 3204 theologicam
3175 3137 3494 3207 explanatio

207 3229 477 3301 θεολογία
502 3229 872 3300 διασάφησινο
911 3247 931 3282 ι
969 3229 1042 3283 T6
1066 3227 1166 3300 μὲν
1200 3227 1310 3300 γάρ
1363 3229 1482 3280 ἐστι
1536 3224 1821 3296 προσεχῶς

1934 3243 2056 3283 nem
2088 3227 2347 3297 pendeat,
2381 3244 2402 3278 ‹
2439 3224 2598 3292 Quod
2636 3228 2742 3283 hoc
2787 3227 3009 3298 quidem
3047 3228 3119 3281 sit
3165 3229 3424 3284 continue
3451 3245 3519 3284 ex

203 3325 280 3375 ἐκ
319 3323 418 3375 τοῦ
477 3323 722 3391 πρώτου,
758 3322 820 3375 τὸ
853 3322 911 3376 δὲ
966 3322 1057 3376 διὰ
1115 3321 1211 3375 τοῦ
1258 3319 1549 3391 προσεχῶς
1603 3321 1668 3373 ἐκ
1719 3318 1828 3373 τοῦ

202 3412 444 3483 πρώτου
463 3429 477 3444 ·
517 3432 536 3465 ι
575 3413 957 3484 ἀληθέστατόν
984 3415 1104 3468 ἐστι
1124 3412 1226 3466 καὶ
1263 3411 1357 3465 τὸν
1382 3411 1605 3483 Πατέρα
1639 3410 1814 3465 αἰτιον

205 3501 367 3560 εἶναι
398 3506 534 3560 Υἰοῦ
573 3523 634 3559 τε
687 3508 782 3559 καὶ
821 3506 1170 3576 Πνεύματος,
1223 3503 1402 3558 καὶτὸ
1441 3503 1668 3573 Πνεῦμα
1730 3503 1808 3572 μὴ

204 3603 282 3654 ἐκ
332 3601 506 3671 μόνου
531 3601 628 3654 τοῦ
691 3599 907 3671 Πατρδς
969 3595 1135 3661 εἶναι,
1197 3597 1259 3651 τὸ
1314 3597 1405 3651 διὰ
1469 3597 1530 3649 τὸ
1592 3595 1685 3650 τὸν
1719 3597 1820 3666 μὲν

206 3694 352 3748 Υἰδν
406 3693 697 3768 προσεχῶς
757 3692 822 3745 ὲκ
876 3690 973 3744 τοῦ
1031 3689 1209 3744 αἰτίου
1253 3691 1465 3761 [lat-cpi);
1490 3684 1739 3754 εἷναι,τδ
1766 3687 1825 3741 δὲ

165 3795 170 3798 ’
208 3784 453 3854 Πνεῦμα
494 3785 585 3838 διὰ
613 3784 711 3839 τοῦ
740 3783 874 3837 Υἰοῦ
923 3784 988 3836 ἐκ
1039 3781 1134 3836 τοῦ
1189 3781 1364 3835 αἰτίου
1422 3781 1826 3853 ἐκπορεύεσθαι

207 3877 561 3949 προϐολέως.
609 3897 628 3930 ο

215 3994 338 4050 Τοῦ
370 3993 588 4062 αὐτοῦ,
649 3992 772 4049 ἀπὸ
828 3955 936 4048 τοῦ
977 4011 994 4046 ι
1035 3984 1232 4047 Πάλιν
1268 3989 1513 4062 Ἰησοῦς
1539 3994 1571 4046 o’
1598 3990 1763 4062 ἐμός.
1803 4008 1822 4044 ι

288 4177 426 4230 AA'.
465 4193 484 4226 ι
527 4173 720 4244 Πατὴρ
749 4175 777 4228 6
799 4173 992 4244 Πατὴρ
1023 4174 1116 4228 καὶ
1137 4175 1394 4246 ἄναρχος.
1419 4175 1498 4230 Ού
1521 4175 1630 4248 γὰρ
1652 4175 1718 4230 ἔκ
1743 4194 1829 4231 τι-

226 4285 250 4321 ι
288 4285 410 4332 νος,
441 4265 572 4331 Υἰδς
613 4268 641 4319 6
667 4266 796 4330 Υἰὺς
837 4266 934 4319 καὶ
984 4266 1088 4320 οὐκ
1135 4267 1390 4337 ἄναρχος.
1444 4268 1539 4321 Ἐκ
1568 4267 1664 4321 τοῦ
1713 4271 1829 4322 Πα-

222 4379 242 4413 ι
282 4359 419 4430 τρδς
444 4357 578 4428 γάρ.
610 4358 675 4411 Εἰ
704 4358 762 4410 δὲ
786 4359 885 4428 τὴν
909 4357 1020 4411 ἀπὸ
1052 4357 1247 4429 χρόνου
1300 4358 1601 4430 λαμϐάνεις
1625 4360 1827 4432 ἀρχὴν,

219 4469 239 4502 ι
277 4449 380 4502 καὶ
412 4446 674 4518 ἄναρχος.
711 4447 952 4518 Ποιητὴς
987 4445 1098 4518 γὰρ
1133 4445 1366 4517 χρόνων.
1414 4448 1646 4520 Πνεῦμα
1673 4449 1832 4518 ἅγιον

1889 3320 2130 3391 primo,
2183 3321 2292 3376 hoc
2339 3334 2471 3375 vero
2520 3335 2616 3390 per
2664 3320 2718 3374 id
2769 3315 2936 3388 'quod
2983 3321 3244 3375 continue
3289 3331 3396 3388 est,
3447 3339 3515 3376 ex

1925 3412 2126 3483 primo,
2167 3431 2185 3464 ι
2221 3412 2575 3468 verissimum
2616 3421 2704 3468 est
2756 3411 2971 3468 Patrem
3025 3428 3251 3469 causam
3301 3430 3421 3469 esse
3465 3427 3520 3469 et

1926 3503 2052 3560 Filii
2096 3514 2152 3560 et
2190 3502 2455 3575 Spiritus,
2509 3515 2564 3560 et
2617 3489 2885 3575 Spiritum
2932 3520 3044 3560 non
3063 3493 3143 3562 ἐκ
3195 3506 3314 3561 solo
3354 3507 3520 3562 Patre

1926 3612 2072 3664 esse,
2126 3597 2273 3667 quod
2322 3595 2496 3652 Filius
2530 3598 2795 3652 continue
2847 3613 2911 3652 ex
2960 3597 3124 3653 Patre
3183 3614 3350 3652 causa
3395 3611 3482 3654 est

1928 3687 2171 3760 Spiritus
2200 3703 2328 3745 vero
2359 3703 2457 3759 per
2484 3687 2687 3744 Filium
2715 3705 2781 3746 ex
2813 3705 2980 3745 causa
3011 3691 3364 3760 productricc
3385 3708 3517 3761 pro-

1928 3783 2098 3838 cedit.
3070 3797 3079 3806 '

1931 3988 2190 4062 Ejusdem
2219 4006 2285 4045 ex
2317 3993 2582 4057 oratione,
2625 4011 2744 4064 qua:
2778 3993 3012 4064 incipit:
3050 4012 3068 4045 ι
3111 3994 3313 4052 Rursus
3355 3998 3515 4054 Jesus

2603 4081 2772 4120 metu.
2811 4085 2830 4119 ι
2938 4075 2944 4079 ’

2001 4171 2197 4230 XXXI.
2246 4193 2265 4226 ι
2298 4172 2464 4231 Pater
2502 4176 2664 4233 Pater
2706 4189 2790 4234 est
2815 4219 2831 4244 ,
2885 4190 2940 4236 et
2973 4181 3228 4252 principii
3269 4199 3465 4254 expers
3499 4204 3514 4240 :

1935 4283 1955 4316 ι
1994 4280 2171 4335 neque
2204 4266 2353 4320 enim
2392 4283 2457 4323 ex
2493 4269 2602 4323 alio
2627 4277 2730 4324 est.
2760 4269 2936 4327 Filius
2966 4272 3138 4328 Filius
3180 4285 3285 4340 est,
3325 4287 3378 4329 et
3407 4293 3510 4332 non

1938 4375 1958 4411 ι
1999 4358 2254 4429 principii
2288 4373 2488 4429 expers
2515 4377 2614 4416 :ex
2648 4361 2810 4417 Patre
2839 4364 3112 4434 siquidem
3144 4375 3248 4421 est.
3280 4367 3436 4432 Quod
3471 4385 3516 4422 st

1939 4467 1958 4500 ι
1996 4449 2264 4518 temporis
2300 4450 2632 4521 principium
2667 4454 2897 4523 accipis,
2923 4457 3194 4525 principio
3223 4459 3389 4511 etiam
3421 4473 3502 4512 ca-

221 4559 241 4593 ι
284 4536 518 4609 ἀληθῶς
566 4537 628 4590 τὸ
661 4536 943 4609 ιΠνεῦμα,
999 4538 1190 4610 προϊὸν
1224 4538 1324 4610 μὲν
1356 4540 1422 4593 ἐκ
1460 4540 1554 4592 τοῦ
1587 4541 1821 4612 Πατρὺς,

1939 4555 1960 4590 ι
1996 4547 2099 4594 ret.
2157 4537 2346 4608 Neque
2414 4541 2561 4595 enim
2622 4551 2932 4614 temporum
2999 4544 3227 4600 eﬂ‘ector
3288 4550 3521 4615 tempori

223 4653 242 4686 ι
285 4633 390 4703 οὐχ
452 4630 647 4696 υἰῖκῶς
700 4631 759 4686 δέ
786 4647 799 4662 ·
844 4631 908 4684 οὐ
963 4629 1076 4702 γὰρ
1109 4630 1422 4703 γεννητῶς,
1496 4631 1616 4687 ἀλλ’
1658 4634 1825 4688 ἐκπο-

223 4743 244 4778 ι
290 4722 531 4796 ρευτῶς.
571 4740 592 4775 ι

826 4909 1213 4965 Ἐπίστασία.

299 5023 320 5058 ι
369 5005 442 5058 Ὅ
476 5004 537 5056 έν
561 5003 629 5074 τῇ
691 5001 955 5071 ἀνωτέρω
983 5001 1301 5070 περισκοπῇ
1329 4997 1592 5064 ποικίλως
1623 4999 1691 5054 δι’
1731 4999 1828 5053 ἄλ-

229 5116 250 5151 ι
293 5098 410 5150 λων
447 5097 545 5149 καὶ
580 5093 759 5148 ἄλλων
789 5093 991 5160 λέξεων
1015 5092 1257 5145 διδάσκει
1284 5093 1312 5145 6
1343 5092 1522 5162 ἅγιος,
1571 5090 1827 5162 φανερῶς

232 5209 250 5243 ι
298 5187 544 5244 ὶνταῦθα
575 5185 741 5240 τοῦτο
783 5185 1143 5256 παρίστησιν.
1189 5202 1208 5236 ι

841 5301 1247 5372 Ἀντίρῤησις.

303 5400 432 5454 Ἔτι
463 5397 858 5468 σαφέστερονὸ
908 5395 1065 5466 ἅγιος
1123 5395 1363 5450 ἐνταῦθα
1407 5394 1714 5466 παρίστησι
1765 5392 1825 5445 τὸ

239 5493 310 5562 μὴ
347 5495 414 5545 ἐκ
449 5491 618 5560 μόνου
645 5488 742 5542 τοῦ
799 5489 1016 5559 Πατρδς
1045 5484 1273 5542 εἶναιτὸ
1319 5486 1570 5557 Πνεῦμα.
1638 5483 1825 5538 Εἰπὼν

235 5584 338 5652 γὰρ
368 5579 600 5650 Πνεῦμα
625 5577 786 5646 ἄτιον
821 5578 1044 5647 ἀληθῶς
1074 5577 1137 5630 τὸ
1177 5577 1432 5647 Πνεῦμα,
1466 5575 1660 5647 προϊὸν
1705 5575 1824 5652 ,μὲν

236 5675 294 5725 ὲκ
316 5671 412 5725 τοῦ
456 5671 692 5742 Πατρὶς,
741 5670 840 5738 οὐχ
872 5669 1066 5733 υἱῖκὼς
1117 5668 1208 5734 δὲ,
1243 5669 1304 5721 ού
1363 5669 1473 5738 γὰρ
1527 5667 1824 5737 γεννητῶς,

239 5765 350 5816 ἀλλ’
389 5761 773 5832 ἐκπορευτῶς,
809 5761 1019 5826 ἐδίδαξε
1051 5760 1312 5832 καθαρῶς
1353 5761 1428 5824 ὡς
1461 5760 1522 5813 τὸ
1570 5759 1824 5830 προϊέναι

240 5857 332 5928 την
389 5855 631 5926 ὓπαρξιν
681 5854 777 5907 καὶ
841 5856 1172 5924 ἀμφοτέρων
1215 5854 1328 5908 τῶν
1398 5853 1823 5925 προερχομένων

555 5949 826 6009 ΡΑἸἮοι.
872 5950 982 6009 Ga.
1035 5949 1244 6011 CXII.

1944 4649 1964 4683 ι
1999 4631 2216 4686 subest.
2254 4631 2495 4710 Spiritus
2527 4646 2756 4691 sanctus
2790 4652 2920 4692 vere
2968 4638 3212 4709 Spiritus
3243 4651 3349 4705 est,
3393 4657 3521 4711 pro-

1940 4743 1959 4776 ι
1996 4738 2230 4780 manans
2257 4725 2476 4794 quidem
2515 4742 2582 4782 ex
2613 4725 2795 4795 Patre,
2839 4743 2949 4784 non
2999 4738 3179 4786 tamen
3216 4732 3517 4801 tiliationis,

1934 4831 1956 4868 ι
1999 4824 2058 4870 ιιι
2080 4830 2182 4872 nec
2213 4817 2586 4885 generationis
2620 4822 2807 4884 modo,
2832 4823 2925 4876 sed
2956 4827 3350 4894 processionis.
3387 4848 3407 4881 ›

2503 4908 2942 4966 Animadversio.

2012 5015 2031 5049 ι
2068 4995 2222 5064 Quod
2257 5000 2529 5068 superiori
2571 5002 2830 5072 pericope
2892 5003 3016 5060 aliis
3051 5015 3216 5077 atque
3247 5009 3368 5064 aliis
3394 5026 3519 5064 ver-

1941 5107 1960 5141 ι
1999 5090 2082 5145 his
2116 5091 2266 5146 varie
2316 5101 2543 5148 sanctus
2592 5094 2812 5162 edocet,
2849 5095 2954 5151 hac
3000 5100 3347 5169 apertissime
3391 5115 3518 5158 ante

1935 5199 1955 5232 ι
1996 5182 2189 5238 oculos
2216 5184 2389 5252 ponit.
2426 5203 2446 5236 ι

2574 5295 2882 5369 Refutatio.
3518 5366 3522 5369 _

2003 5386 2228 5444 Planius
2259 5397 2407 5445 certe
2442 5388 2536 5447 hic
2576 5402 2803 5448 sanctus
2833 5405 2960 5451 ante
2983 5398 3175 5454 oculos
3200 5397 3372 5468 ponit.
3409 5415 3516 5456 non

1930 5495 1993 5536 ex
2019 5480 2140 5535 solo
2162 5478 2324 5535 Patre
2349 5481 2600 5551 spiritum
2632 5500 2775 5541 esse.
2801 5483 2938 5541 Nam
2969 5505 3091 5544 cum
3117 5489 3351 5545 dixisset
3392 5489 3517 5561 Spi-

1933 5575 2098 5628 ritum
2151 5583 2406 5629 sanctunt
2456 5591 2580 5631 esse
2608 5595 2736 5632 vere
2771 5581 3050 5649 spiritmn,
3103 5595 3518 5652 promanantem

1930 5667 2151 5736 quidem
2191 5683 2258 5721 ex
2307 5665 2488 5732 Patre,
2542 5683 2651 5722 non
2699 5669 3016 5738 ﬁliationis;
3053 5683 3112 5726 ut
3152 5688 3254 5728 nec
3292 5691 3519 5746 genera-

1932 5758 2099 5812 tionis
2147 5759 2337 5823 modo,
2389 5759 2485 5814 sed
2531 5761 2924 5828 processionis,
2972 5762 3264 5820 manifesto
3306 5767 3520 5842 docuit,

1935 5850 2103 5905 simili
2137 5851 2493 5922 processionc
2517 5866 2729 5920 eorum,
2765 5851 2858 5922 qui
2891 5855 3216 5925 procedunt,
3250 5856 3516 5914 ex‘sisteu-

3046 5950 3114 6014 ιὸ
