4002 6406
213 400 332 468 465

1185 405 1276 467 ΙΝ
1305 402 1700 468 CAMATERI
1746 397 2509 465 ANIMADVERSIONES.

3409 388 3526 450 U36

211 515 314 570 τὸν
343 511 604 585 διάφορον
655 515 857 587 τρόπον
886 519 1092 588 μᾶλλον
1136 521 1362 593 δηλοῦσι
1403 522 1498 576 τοῦ
1545 539 1603 576 τε
1641 522 1820 575 αἰτίου

1956 530 2110 586 ;ante,
2139 517 2515 573 concluditur.
2550 513 2802 584 Namque
2831 509 3102 567 dictiones
3133 509 3216 564 ba:
3247 507 3525 564 diversum

211 605 318 660 τοῦ
366 621 427 659 τε
479 607 750 664 αἰτιατοῦ.
782 610 857 664 To
905 613 1014 684 γὰρ
1054 612 1230 668 αἴτιον
1280 614 1371 668 διὰ
1400 613 1560 668 τοῦτο
1610 615 1672 667 τὺ
1730 613 1824 667 τοῦ

212 695 554 767 γεννήτορος
571 698 665 750 καὶ
688 698 998 770 προϐολέως
1016 701 1251 772 ἔσχηκεν
1269 703 1460 775 ὄνομα,
1477 705 1560 759 ὅτι
1579 704 1825 773 διαφόρῳ

211 787 413 858 τρόπῳ
449 789 599 842 ἐστὶν
645 790 836 846 αἴτιον.
870 795 981 848 καὶ
1022 793 1086 848 eo
1122 793 1369 848 αἰτιατόν
1402 796 1498 850 διὰ
1539 795 1699 849 τοῦτο
1729 795 1826 850 τοῦ

211 879 572 950 γεννήματος
616 883 712 934 καὶ
773 884 1158 954 προϐλήματος
1205 887 1443 957 ἔσχηκεν
1495 887 1693 958 δνομα,
1743 889 1827 942 ὅτι

213 970 500 1041 διαφόρως
549 974 820 1043 πρόεισιν-
847 976 912 1028 ὲκ
955 974 1052 1030 τοῦ
1088 978 1290 1034 αἰτίου.
1329 979 1440 1032 Καὶ
1489 980 1522 1049 ή
1580 978 1681 1050 μὲν
1716 980 1827 1032 τῶν

215 1059 426 1126 λέξεων
469 1063 704 1134 διαφορὰ
730 1066 791 1120 τὸ
827 1064 1083 1139 διάφορον
1122 1073 1221 1140 τῆς
1255 1069 1486 1142 προόδου
1513 1069 1823 1142 δεδήλωκεν

230 1171 250 1206 t
277 1153 356 1206 Τὸ
383 1153 443 1208 δὲ
471 1155 572 1224 τῆς
602 1157 831 1227 προόδου
869 1158 1127 1232 διάφορον
1157 1162 1263 1216 ὑπὸ
1294 1162 1550 1234 μάρτυρι·
1569 1163 1648 1234 τῷ
1680 1162 1829 1218 Νῦσα

221 1262 328 1314 σης
359 1287 375 1311 ,
407 1246 472 1300 τὸ
518 1249 806 1320 προσεχῶς
852 1253 990 1316 ἐστι,
1056 1255 1151 1307 καὶ
1196 1253 1288 1309 διὰ
1326 1253 1421 1309 τοῦ
1455 1254 1762 1327 προσεχιῖκ.
1804 1274 1835 1308 »ί

235 1334 336 1390 Ἐκ
371 1337 430 1390 δὲ
458 1337 554 1390 τοῦ
607 1340 894 1410 προσεχίῖκ
929 1343 1023 1396 καὶ
1075 1343 1164 1398 διὰ
1195 1343 1288 1399 τοῦ
1339 1346 1646 1418 προσεχῶς,
1697 1347 1831 1400 ἀνα-

223 1429 485 1496 φαίνεται
513 1429 602 1482 διὰ
654 1431 752 1485 τοῦ
774 1431 917 1498 Ilo?)
962 1437 1214 1506 προϊέναι
1261 1436 1323 1490 τὸ
1354 1439 1581 1507 Πνεῦμα
1634 1437 1700 1492 ὲκ
1732 1436 1829 1491 τοῦ

228 1517 470 1589 Πατρός.
507 1519 683 1572 Τοῦτο
717 1521 849 1589 γοῦν
885 1526 1026 1590 ἐστι,
1058 1526 1119 1579 τὸ
1151 1527 1215 1579 ὲκ
1251 1525 1379 1580 τοῦθ
1416 1546 1436 1580 ‹
1481 1527 1540 1581 ’0
1572 1527 1672 1598 μὲν
1701 1545 1832 1597 γεν-

227 1609 414 1678 νήτωρ
462 1607 558 1660 καὶ
596 1609 921 1680 προϐολεὺς,
955 1612 1064 1667 τῶν
1106 1615 1186 1680 δὲ,
1217 1617 1280 1669 τὸ
1335 1616 1433 1687 μὲν
1463 1615 1734 1685 γέννημα,
1769 1616 1831 1669 τὸ

229 1699 290 1780 δὲ
329 1698 622 1769 πρόϐλημα
661 1721 679 1753 ι
718 1703 1122 1774 συναγόμενον·
1159 1707 1194 1776 ή
1225 1707 1458 1780 δήλωσις
1505 1708 1708 1780 δηλαδή
1734 1708 1830 1762 τοῦ

240 1779 496 1862 διαφόρου
528 1793 629 1861 τῆς
673 1794 854 1859 αἰτίας
890 1798 1118 1867 τρόπου,
1151 1800 1246 1852 καὶ
1282 1779 1390 1870 τῆς
1421 1799 1532 1854 τῶν
1572 1779 1832 1854 αἰτιατῶν

1933 611 2154 666 modum
2183 612 2366 680 potius
2399 608 2643 663 indicant
2674 620 2858 661 causa:
2889 612 2944 658 et
2977 601 3208 656 causali.
3245 600 3423 656 Causa
3449 601 3527 655 si-

1929 702 2150 773 quidem
2188 712 2477 772 propterea
2527 698 2632 755 sibi
2677 708 2730 753 et
2771 695 3038 774 genitoris
3073 703 3128 749 et
3181 693 3530 763 productoris

1931 810 2130 851 nomen
2172 794 2499 858 vindicavit,
2546 791 2694 862 quod
2751 789 2968 844 diverso
3013 786 3176 841 modo
3209 800 3377 841 causa
3426 794 3531 850 cst;
3593 807 3615 828 ι.

1931 898 1989 944 ει
2026 896 2314 945 causatum
2357 899 2652 958 propterea
2693 883 2894 939 sobolis
2929 891 2983 936 et
3019 879 3392 949 processionis
3429 896 3532 932 no-

1930 996 2056 1036 men
2111 979 2324 1046 ascivit,
2383 979 2531 1048 quod
2562 977 2780 1032 diverso
2817 973 2978 1029 modo
3010 987 3077 1027 ex
3111 987 3277 1027 causa
3315 986 3538 1041 promav

1931 1081 2047 1128 nat.
2076 1070 2142 1127 Et
2167 1073 2328 1141 plane
2354 1071 2656 1127 dictionum
2685 1064 3379 1126 diversiuisdiversitatem
3407 1076 3536 1130 pro-

1931 1163 2270 1220 manationis
2295 1163 2559 1219 ostendit.
2592 1159 3041 1216 Promanationis
3064 1154 3536 1216 verodirersitas,

1932 1264 2072 1312 teste
2119 1253 2389 1326 Nysscno,
2448 1272 2466 1305 t
2541 1251 2696 1318 Quod
2759 1249 3084 1305 continuum
3149 1254 3257 1308 est,
3319 1255 3372 1299 ct
3442 1257 3536 1312 per

1933 1347 2066 1402 illud
2158 1346 2302 1415 quod
2369 1344 2690 1400 continuum
2749 1349 2866 1400 est.
2944 1357 2961 1388 ι
3031 1351 3097 1392 eo
3151 1349 3317 1397 vero,
3387 1332 3534 1402 quod

1933 1436 2256 1494 continuum
2336 1445 2462 1499 est,
2519 1441 2576 1487 et
2643 1447 2740 1501 per
2818 1429 2946 1482 illud
3003 1426 3146 1497 quod
3213 1423 3571 1502 continuum.

1933 1537 2050 1593 est,
2107 1535 2331 1598 apparet
2377 1542 2474 1597 per
2521 1524 2729 1580 Filium
2781 1535 3112 1592 promanare
3153 1517 3425 1588 Spiritum
3470 1530 3540 1569 ex

1935 1622 2117 1678 Patre.
2149 1620 2267 1676 Hoc
2314 1620 2500 1690 itaque
2547 1633 2613 1673 ex
2665 1616 2779 1679 illo,
2826 1633 2844 1667 ι
2885 1612 3114 1668 Genitor
3147 1624 3277 1665 vero
3312 1618 3366 1664 et
3411 1624 3540 1677 pro-

1935 1713 2133 1768 dut-tor
2168 1712 2387 1775 borum,
2424 1710 2561 1764 alter
2590 1708 2810 1764 soboles
2841 1715 2949 1770 est,
2997 1705 3132 1758 alter
3163 1701 3468 1772 processio.
3516 1719 3535 1750 ι

1942 1803 2243 1872 colligitur.
2285 1800 2659 1856 manifestatio
2693 1813 2888 1866 nempe
2920 1794 3124 1850 diversi
3153 1809 3334 1849 causa:
3366 1793 3536 1852 modi,

241 1877 495 1980 διαφόρου
544 1883 796 1952 προόδου,
829 1866 1097 1955 οὕμενουν
1129 1887 1317 1952 ἁπλῶς
1345 1866 1508 1943 -οῦτω
1541 1890 1603 1944 τὸ
1626 1891 1686 1957 ἐξ
1721 1889 1840 1954 ὲνδς

1956 1907 2000 1953 ει
2029 1911 2384 1953 causatorum
2418 1897 2650 1951 diversae
2692 1891 3170 1980 promanationis:
3211 1904 3320 1944 non
3357 1898 3539 1942 autem

238 1969 414 2023 αξτίου
444 1966 586 2026 εἶναι
617 1975 778 2038 αὐτὰ,
813 1975 889 2039 ὡς
911 1979 1228 2050 ἐπέστησας
1257 1980 1347 2034 σύ.
1388 1981 1463 2034 Τὸ
1489 1983 1599 2052 γὰρ
1629 1981 1838 2046 ἐξὲνὸς

231 2064 412 2117 αἰτίου
441 2065 509 2118 ὲκ
560 2067 731 2138 μόνης
784 2070 893 2139 τῆς.
924 2072 1140 2141 ρήσεως
1187 2073 1433 2144 ἐδηλώθη
1479 2077 1600 2144 τῆς,
1635 2093 1654 2126 t
1693 2074 1840 2145 Πρὸς

229 2156 292 2207 τὸ
316 2155 378 2208 ἓν
401 2156 514 2211 τῶν
543 2159 605 2226 ἐξ
652 2161 820 2215 αὑτοῦ
866 2161 1141 2226 σύνευσις,
1176 2183 1195 2216 ι
1232 2167 1296 2218 ὲκ
1325 2165 1384 2218 δὲ
1433 2164 1530 2218 τοῦ
1563 2165 1840 2236 διαφόρως

229 2243 377 2302 εἶναι
408 2248 582 2321 ἄμφω
619 2253 689 2306 τὰ
719 2255 942 2308 αἱτιατὰ
976 2255 1036 2308 τὺ
1070 2256 1168 2325 μὲν
1202 2257 1267 2310 ἐκ
1294 2260 1458 2326 μόνου
1506 2258 1708 2328 δηλαδὴ
1744 2258 1839 2312 τοῦ

229 2339 478 2410 πρώτου,
511 2341 586 2407 ὡς
611 2345 898 2415 προσεχῶς
929 2348 988 2413 ἐξ
1022 2347 1212 2412 αὐτοῦ,
1246 2351 1303 2403 τὸ
1343 2351 1400 2404 δὲ
1426 2351 1515 2404 διὰ
1545 2351 1639 2404 τοῦ
1673 2367 1842 2422 προσ·-

229 2431 381 2502 εχῶς
431 2435 498 2486 ἐκ
525 2435 622 2488 τοῦ
659 2437 895 2506 πρώτου,
919 2442 1032 2501 τοῖς
1061 2439 1337 2509 θεολόγοις
1368 2441 1648 2511 Πατράσιν
1681 2441 1840 2514 ήμῷν

228 2528 554 2597 ἐπεγένετο,
586 2533 648 2585 ἐκ
675 2533 888 2604 Πιτρὸς
909 2523 1003 2588 καὶ
1032 2537 1163 2591 Υῑοῦ
1188 2537 1251 2591 τὸ
1273 2537 1501 2608 Πνεῦμα
1533 2541 1731 2596 εἰπεῖν.

315 2715 430 2768 Τοῦ
453 2717 644 2772 αὑτοῦ
683 2718 751 2772 ἐκ
779 2719 886 2772 τοῦ
909 2722 1042 2788 περὶ
1074 2722 1210 2777 Υιοῦ
1241 2722 1528 2792 δευτέρου
1553 2725 1763 2794 λόγου.

307 2806 454 2872 AG’.
491 2825 510 2857 t
553 2807 714 2861 Ἰδιον
757 2808 813 2863 δὲ
858 2810 951 2863 τοῦ
997 2812 1096 2882 μὲν
1140 2813 1377 2884 ἁνάρχου
1414 2815 1642 2887 Πατὴρ,-
1664 2814 1760 2869 τοῦ
1793 2816 1839 2869 δ’

242 2914 263 2947 t
303 2896 568 2968 ἀνάρχως
618 2901 975 2972 γεννηθέντος
1026 2904 1203 2970 Υἱός,
1255 2906 1350 2959 τοῦ
1404 2908 1460 2960 δὲ
1518 2907 1837 2978 ἀγεννήτως

243 3004 264 3038 t
307 2987 690 3058 προελθόντος,
721 2992 753 3063 ἢ
790 2998 1094 3064 προϊόντος,
1136 2997 1198 3051 τὸ
1241 2997 1563 3069 Πνεῦμαατὸ
1599 2999 1778 3069 ἅγιον.
1810 3018 1829 3052 ι

862 3181 1242 3237 Ἐπιστασίαι

323 3291 344 3324 ι
385 3271 480 3342 Μὴ
501 3271 563 3325 τὸ
591 3272 721 3326 ἄνευ
751 3274 1070 3343 προσθήκης
1121 3276 1264 3337 τινὸς
1299 3276 1536 3331 ἐνταῦθα
1563 3277 1852 3350 γραφῆναι

252 3383 272 3416 ι
315 3365 452 3434 περὶ
479 3364 575 3417 τοῦ
610 3363 929 3435 Πνεύμςατος
961 3365 1036 3428 ὡς
1091 3367 1394 3437 προϊόντος,
1439 3368 1473 3439 ἢ
1521 3371 1619 3424 καὶ
1651 3370 1848 3437 προελ-

247 3474 268 3507 ι
317 3456 508 3519 θόντος
557 3455 787 3527 θροειτω
834 3474 913 3521 σε,
967 3457 1107 3511 ἀλλὰ
1159 3459 1296 3527 πρὸς
1338 3462 1408 3513 τὰ
1455 3463 1847 3533 προγραφέντα

249 3564 270 3597 ο
310 3547 405 3600 καὶ
429 3545 590 3601 τοῦτο
611 3545 939 3618 συμϐίὸαξε.
970 3547 1188 3602 Μᾶλλον
1213 3551 1313 3618 μὲν
1345 3546 1438 3605 οὖν
1471 3555 1537 3606 ἐκ
1558 3551 1668 3606 τῶν
1693 3554 1750 3607 ὲν
1777 3556 1846 3626 τῇ

251 3655 270 3688 ι
311 3637 514 3709 ἑφεξῆς
575 3641 851 3709 περικοπῇ
901 3638 1252 3710 προσθηκῶν,
1301 3643 1411 3714 τὴν.
1449 3642 1646 3698 τούτου
1691 3645 1858 3716 δέχου.

253 3751 274 3782 ο
314 3731 641 3800 σαφήνειαν.
683 3749 700 3784 ι
1845 3717 1849 3720 ’

851 3826 1122 3897 Ἀντίρῤη
1135 3842 1257 3895 σις.

335 3914 402 3969 ’11
435 3915 530 3968 τοῦ
563 3915 731 3987 ῥητοῦ
761 3919 1030 3988 σαφήνεια
1056 3922 1384 3990 περιφανῆς.
1411 3921 1714 3993 Παρεστησι
1743 3924 1850 3998 γὰρ

249 4009 326 4072 ὡς
357 4011 392 4079 ἡ
413 4011 619 4080 κυρίως
643 4011 841 4083 ἰδιότης
867 4013 962 4066 τοῦ
983 4015 1120 4067 Πνεύ
1129 4032 1297 4085 ματος
1315 4016 1452 4087 αὐτή
1475 4021 1508 4087 ή
1524 4019 1714 4086 κλῆσις
1735 4021 1852 4074 ἐστι

249 4098 350 4152 τοῦ
381 4099 697 4168 [Ινεὺματος
719 4117 733 4130 ·
765 4103 862 4156 καὶ
892 4103 1014 4156 ὅθεν
1039 4103 1105 4157 ἄν
1135 4107 1250 4156 ἐστι
1275 4105 1559 4174 προελθὸν,
1597 4107 1628 4178 ἢ
1664 4111 1854 4179 προϊὸν

249 4193 312 4242 τὸ
341 4189 569 4260 Πνεῦμα
597 4191 672 4253 ὡς
699 4192 926 4264 Πνεῦμα
961 4195 1316 4265 ἐκπορευτὸν,
1341 4193 1605 4267 οὕμενουν
1625 4199 1700 4263 ὼς
1729 4217 1856 4268 γεν-

250 4282 418 4352 νητὸς
448 4284 697 4354 πρόεισιν
727 4284 874 4347 Υἱός.

255 4395 377 4450 Τοῦ
406 4396 598 4450 αὐτοῦ
650 4396 720 4452 ἐκ
767 4398 876 4454 τοῦ
920 4401 1054 4524 all?!
1115 4400 1221 4456 τοῦ
1271 4401 1450 4472 ἁγίου
1499 4402 1854 4472 Πνεύματος

1018 4489 1147 4524 του.

1018 4489 1147 4539 γου.

1869 3209 1918 3274 C

1944 1990 2268 2058 simpliciter
2292 1991 2364 2046 ita
2390 2005 2456 2045 ex
2487 2003 2596 2043 una
2625 2002 2792 2043 causa
2819 1985 2911 2039 illa
2934 1999 3076 2048 esse,
3111 1992 3170 2037 ut
3200 1991 3256 2038 tu
3289 1980 3541 2035 animad-

1943 2083 2181 2138 vertisti.
2217 2082 2375 2148 Quod
2424 2081 2570 2135 cnim
2604 2096 2669 2135 ex
2709 2093 2815 2134 uua
2849 2090 3017 2132 causa
3049 2085 3168 2137 est,
3206 2089 3272 2128 ex
3299 2073 3543 2128 dictione

1946 2173 2036 2228 illa
2081 2175 2200 2229 sola
2247 2173 2665 2237 manifestatur,
2714 2185 2836 2241 qua:
2877 2169 3041 2232 dicit,
3083 2186 3100 2218 ι
3141 2166 3206 2221 Ει
3248 2165 3314 2220 ad
3347 2180 3539 2226 unum,

1943 2283 2064 2337 qua:
2087 2283 2154 2322 ex
2180 2268 2300 2338 ipso
2323 2276 2472 2330 sunt,
2493 2265 2784 2336 conjuncta
2808 2261 3098 2334 propensio
3132 2277 3146 2314 :
3181 2279 3199 2312 ι
3224 2275 3289 2314 ex
3316 2273 3384 2313 eo
3413 2274 3542 2312 vero

1941 2356 2090 2426 quod
2114 2357 2332 2411 diverso
2365 2356 2529 2410 modo
2554 2364 2778 2408 causata
2805 2367 2864 2407 se
2891 2351 3150 2413 habeant,
3184 2349 3290 2404 boc
3317 2347 3540 2417 quidem

1944 2465 2020 2504 ex.
2045 2449 2166 2504 solo
2207 2449 2369 2504 Patre
2392 2487 2406 2512 ,
2438 2449 2513 2502 nti
2551 2447 2818 2502 continue
2849 2461 2920 2500 ex
2955 2444 3077 2513 ipso
3099 2483 3113 2507 ,
3150 2443 3381 2497 alterum
3415 2455 3545 2494 vero

1947 2558 2046 2606 per
2078 2541 2209 2596 illud
2232 2542 2559 2596 continuum
2594 2551 2768 2594 estex
2803 2539 3001 2608 primo,
3038 2533 3310 2606 theologis
3341 2534 3545 2588 nostris

1941 2635 2208 2692 Patribus
2240 2635 2447 2695 arrisit.
2481 2649 2548 2688 ex
2580 2632 2743 2688 Patre
2772 2642 2827 2686 et
2867 2630 3007 2685 Filio
3043 2628 3306 2698 Spiritum
3340 2625 3541 2681 dicere.

2140 2729 2396 2796 Ejusdem
2427 2743 2491 2782 ea:
2524 2727 2780 2782 Oratione
2811 2725 3043 2779 secunda
3083 2723 3148 2776 de
3184 2719 3350 2776 Filia.

2011 2818 2588 2888 XXXVluj‘roprium
2607 2827 2787 2874 autem
2809 2816 2952 2888 ejus,
2978 2815 3070 2886 qui
3087 2813 3546 2888 principiiechrs

1946 2929 1964 2962 ι
2000 2921 2105 2971 est.
2133 2886 2330 2966 nomen
2355 2886 2438 2968 est
2465 2909 2658 2973 Pater;
2700 2908 2823 2976 ejus
2842 2886 2942 2978 qui
2974 2907 3110 2961 citra
3143 2886 3312 2961 ullum
3343 2903 3546 2973 princi-

1945 3021 1965 3056 ι
2003 3003 2152 3073 pium
2180 3001 2396 3072 genitus
2411 3012 2515 3066 est,
2535 2999 2741 3065 Filius;
2771 3001 2917 3054 illius
2948 2999 3204 3068 quioitra
3233 2996 3542 3068 generatio-

1946 3111 1965 3146 t
2007 3106 2128 3148 nem
2151 3090 2436 3164 processit,
2471 3090 2953 3161 autprogreditur,
2983 3088 3224 3160 Spiritus
3243 3099 3490 3144 sanctus.
3523 3107 3540 3138 ι

2551 3181 2985 3252 Αθιὶιηαάυενῲ.

2027 3293 2046 3329 t
2080 3273 2160 3331 Ne
2191 3283 2244 3330 te
2273 3273 2772 3342 obturbetalisque
2802 3273 2910 3326 ulla
2944 3271 3222 3327 additione
3259 3271 3347 3328 hic
3376 3271 3546 3328 scribi

1957 3366 2083 3423 «vde
2118 3367 2347 3437 Spiritu,
2390 3367 2808 3438 processit,,aut
2841 3367 3208 3436 progreditur,
3254 3365 3348 3420 sed
3415 3363 3548 3420 illud

1958 3477 1994 3510 ι,
2017 3458 2086 3512 ad
2115 3472 2282 3526 supra
2305 3457 2418 3527 jam
2451 3458 2656 3527 scripta
2694 3463 2950 3525 computa
2986 3467 3041 3510 et
3075 3456 3295 3513 confer.
3327 3456 3444 3511 lmo
3479 3469 3546 3510 οι

1962 3568 1997 3604 ι.
2019 3549 2416 3614 additionibus,
2449 3564 2572 3620 quas
2606 3551 2659 3604 in
2687 3549 3050 3619 subsequenti
3078 3549 3332 3618 pericope
3357 3547 3547 3618 legun-

1959 3659 1990 3694 «η
2019 3651 2128 3707 tur,
2163 3641 2308 3696 illius
2340 3641 2769 3698 declarationem
2809 3641 3000 3711 petito.
3039 3658 3060 3692 ι

2605 3825 2901 3898 Refulatio.

2031 3920 2170 3977 Dicti
2196 3921 2427 3991 hujusce
2444 3920 2749 3978 declaratio
2775 3930 2965 3990 aperta
2991 3928 3097 3975 est.
3125 3917 3376 3976 Ostendit
3400 3920 3548 3976 enim

1958 4013 2291 4082 ipsissimam
2321 4013 2716 4084 proprietatem
2751 4013 2991 4085 Spiritus
3019 4012 3438 4084 appellationem
3469 4013 3548 4084 ip-

1956 4120 2075 4161 sam
2108 4106 2353 4174 Spiritus
2385 4121 2546 4174 csse;
2581 4115 2636 4162 et
2671 4109 2816 4163 unde
2845 4107 3157 4176 processit,
3204 4115 3298 4160 aut
3330 4116 3548 4176 pregre-

1955 4198 2104 4252 ditur
2130 4196 2393 4268 Spiritus,
2420 4207 2682 4269 tanquam
2710 4199 2976 4270 Spiritum
3010 4198 3396 4269 procedentem
3422 4214 3547 4270 pro-

1853 4357 1858 4360 _
1958 4289 2132 4362 gredi,
2169 4305 2278 4344 non
2315 4304 2444 4345 vero
2474 4291 2754 4362 genitum,
2787 4293 2864 4346 uti
2897 4290 3123 4348 Filium.

2138 4402 2397 4474 Ejusdem
2433 4420 2500 4459 ea:
2538 4405 2780 4460 oratione
2815 4405 2881 4460 de
2921 4405 3126 4475 Spiritu
3167 4416 3372 4460 taitcto.

323 4555 452 4613 AZ'.
496 4575 514 4610 t
553 4559 663 4613 Καὶ
711 4560 874 4614 πάλιν
920 4561 1074 4632 ήλιον
1125 4562 1467 4635 ἐνεθυμήθην
1513 4565 1608 4618 καὶ
1651 4565 1840 4619 ἀκτῖνα

2027 4565 2294 4622 XXXVII.
2330 4585 2349 4620 ι
2389 4567 2794 4624 Solemrursus
2816 4567 2870 4622 in
2905 4568 3234 4634 radium,'ac
3257 4570 3436 4625 lucem
3461 4587 3548 4626 eo-

257 4671 277 4704 (
319 4652 422 4705 καὶ
476 4651 614 4718 φῶς.
664 4652 826 4706 Ἀλλὰ
883 4653 1163 4708 κάνταῦθα
1218 4655 1337 4719 δέος
1392 4655 1588 4724 πρῶτα
1628 4657 1728 4726 μὲν
1779 4655 1854 4727 μὴ

260 4762 279 4796 t
320 4743 578 4804 σύνθεσις
605 4761 690 4806 τις
719 4745 1006 4816 ὲπινοῆται
1028 4746 1131 4816 τῆς
1156 4747 1454 4801 ἁσυνθέτου
1476 4747 1718 4818 φύσεως,
1743 4746 1854 4802 ὦσ-

261 4855 279 4888 ι
320 4849 432 4905 περ
467 4833 620 4905 ήλιου
660 4835 894 4889 καὶτῶν
937 4838 998 4890 ὲν
1026 4839 1198 4908 ήλίῳ·
1231 4838 1484 4911 δεύτερον
1527 4839 1605 4900 δὲ,
1658 4843 1735 4911 μὴ
1763 4839 1856 4894 τὸν

261 4948 280 4981 t
323 4929 558 5000 Πατέρα
585 4929 969 5000 οὐσιὼσωμεν,
1009 4930 1181 4985 τᾶλλα
1218 4932 1275 4986 δὲ
1321 4932 1396 5002 μὴ
1428 4932 1855 5004 ὕποστήσωμεν,

260 5040 278 5073 t
317 5020 464 5076 ἀλλὰ,
509 5022 767 5092 δυνάμεις
821 5021 958 5076 Θεοῦ
1014 5025 1369 5094 ποιήσωμεν,
1420 5024 1854 5096 ὲνυπαρχούσας,

262 5132 280 5165 t
317 5115 423 5182 οὐκ
471 5113 816 5182 ὑφεστώσας.
861 5113 998 5168 υΰτε
1033 5114 1144 5186 γὰρ
1170 5117 1348 5181 ἀκτὶς,
1380 5116 1512 5170 οὔτε
1533 5115 1651 5186 φῶς
1699 5117 1859 5182 ἄλλος

262 5224 282 5255 ι
321 5205 506 5274 ἥλιος,
535 5205 652 5259 ἀλλ’
685 5207 908 5276 ὴλιακαί
952 5225 1099 5273 τινες
1139 5209 1460 5281 ἀπόρροιαι,
1496 5210 1593 5264 καὶ
1638 5211 1860 5284 ποιότη-

263 5317 283 5350 ‹
321 5314 418 5362 τες
452 5295 754 5364 οὐσιῶδεις.
799 5301 910 5354 Καὶ
955 5301 1074 5371 ἅμα
1100 5301 1161 5355 τὸ
1199 5299 1485 5370 εἷναι,,καὶ
1523 5302 1584 5356 τὸ
1610 5303 1684 5375 μὴ
1715 5299 1858 5358 εἶναι

262 5411 282 5445 ς
327 5390 407 5462 τῷ
441 5391 564 5461 Θεῷ
587 5392 768 5463 δῶμεν
796 5393 855 5446 ιν
881 5393 1092 5459 τούτοις
1130 5396 1253 5450 ὅσον
1293 5397 1359 5450 ἐκ
1393 5395 1488 5450 τοῦ
1518 5395 1856 5466 ὑποδείγμα-

263 5503 287 5536 t
329 5499 446 5551 τος,
481 5482 513 5538 δ
544 5485 640 5538 καὶ
670 5483 779 5539 τῶν
810 5487 1117 5558 εἰρημένων
1152 5489 1521 5561 ἀτοπώτερον.
1563 5509 1583 5542 ι

884 5765 1264 5820 Ἐπισταισιίι.

345 5873 370 5911 ι
415 5857 559 5927 Ὅρα
595 5858 735 5913 πάνυ
771 5857 1102 5929 θαυμαστὸν,
1138 5860 1273 5927 πῶς,
1300 5861 1346 5914 εἰ
1392 5861 1482 5915 καὶ
1528 5861 1602 5930 μὴ
1638 5862 1859 5928 ἀρέσκει

1965 4680 1982 4712 ι
2022 4659 2210 4732 gidavi.
2233 4659 2430 4715 Verum
2455 4659 2541 4715 hic
2571 4676 2792 4730 quoque
2821 4667 3174 4716 metuendum
3193 4673 3300 4730 est,
3317 4663 3552 4734 primum

1966 4772 1984 4806 ι
2028 4770 2094 4809 ne
2128 4755 2503 4825 incomposita
2546 4763 2758 4809 natum.
2828 4754 3216 4823 incompositio
3303 4757 3553 4827 quaedam

1967 4866 1986 4900 ι
2024 4848 2396 4918 εεοοείιειυτ,
2442 4847 2904 4916 quemadmodum
2949 4849 3081 4903 solis
3099 4860 3149 4904 et
3205 4864 3552 4919 cor.nnt,qurr

1968 4960 1997 4995 ιη
2027 4942 2126 4995 soli
2171 4943 2379 4996 insunt.
2428 4940 2638 4996 Deinde
2682 4957 2750 4996 ne
2797 4941 2946 4996 Patri
2990 4943 3210 5012 quidem
3258 4944 3552 4999 essentiam

1967 5061 1985 5087 ι
2034 5035 2364 5097 tribuamus,
2403 5035 2499 5088 sed
2532 5033 2776 5105 reliquos
2807 5033 3106 5089 subsistere
3139 5050 3428 5106 negemus,
3466 5050 3553 5086 ve-

1970 5146 1988 5179 ι
2031 5143 2150 5180 rum
2192 5125 2484 5181 facultates
2521 5128 2790 5196 quasdam
2827 5125 2919 5180 Dei
2951 5127 3388 5189 constituamus,
3434 5140 3552 5194 quae

1968 5237 1987 5270 ι
2029 5217 2132 5286 ipsi
2166 5217 2388 5287 quidem
2421 5216 2613 5282 insint,
2649 5234 2756 5273 non
2787 5229 2972 5274 autem
3007 5233 3103 5288 per
3132 5233 3194 5273 se
3224 5215 3552 5272 subsistant.

1969 5327 1987 5358 ι
2029 5305 2217 5378 Neque
2257 5307 2402 5361 enim
2438 5307 2625 5362 radius
2665 5315 2761 5364 aut
2808 5308 2900 5363 lux
2951 5307 3042 5362 alii
3084 5307 3227 5362 soles
3259 5315 3417 5368 sunt,
3459 5306 3552 5362 sed

1969 5419 1986 5451 ι
2029 5401 2162 5454 solis
2179 5398 2594 5456 velutdeiluxus
2621 5399 2866 5470 quidam,
2891 5410 2949 5456 et
2966 5398 3358 5455 substantiales
3375 5399 3552 5467 quali-

1970 5509 1988 5542 ι
2028 5499 2184 5544 tates.
2207 5489 2284 5546 Ac
2305 5499 2565 5560 prartrrea
2597 5508 2663 5545 ne
2677 5491 2841 5547 simul
2871 5501 3060 5546 etesse
3081 5497 3133 5544 et
3153 5504 3263 5543 non
3282 5503 3428 5557 esse,
3447 5488 3553 5545 Deo

1969 5603 1987 5636 ι
2028 5583 2082 5639 in
2121 5584 2206 5638 bis
2224 5583 2438 5651 demus,
2460 5594 2726 5656 quantum
2747 5601 2810 5638 es
2840 5585 2944 5639 hoc
2977 5580 3228 5650 exemplo
3258 5583 3441 5653 colligi
3463 5601 3552 5653 po-

1973 5697 1992 5731 t
2030 5687 2154 5744 test,
2175 5677 2226 5732 id
2253 5678 2397 5748 quod
2421 5679 2798 5748 superioribus
2815 5677 2977 5732 etiam
2998 5675 3290 5732 absurdius
3309 5674 3490 5734 fuerit.
3531 5699 3548 5732 ι

2553 5771 2892 5827 Animadverti
2901 5770 2970 5826 ἕο.

2043 5885 2061 5918 t
2108 5864 2271 5922 Valde
2329 5864 2649 5922 adtltirabile
2703 5873 2784 5944 cst
2826 5864 2926 5919 huc
2978 5863 3122 5929 quod
3169 5866 3347 5920 audis.
3405 5865 3565 5919 Licia
