4002 6410
482 324 594 387 467

1545 337 1756 402 JOAN.
1793 342 2009 404 VECCI
2049 346 2155 409 cr.
2203 312 2717 444 PATRIARCIIE

3621 353 3720 418 468

487 454 506 484 ε
544 437 691 492 enim
743 453 984 508 przesens
1018 443 1325 513 exemplum
1365 456 1558 501 sancto
1593 464 1701 502 non
1735 453 2052 521 perplacent,

2173 485 2189 515 ι
2227 441 2302 534 τῷ
2358 468 2496 537 ἁγίῳ
2531 471 2590 520 τὸ
2643 469 2814 537 παρὸν
2871 468 3171 538 ὑπόδειγμα
3201 469 3286 522 διὰ
3329 470 3444 533 δέος
3496 468 3738 537 εὔλογον,

484 549 504 581 ‹
543 539 764 600 propter
799 533 1075 597 timorem,
1112 552 1220 590 non
1258 538 1444 607 utique
1476 554 1505 594 a
1537 543 1748 598 ratione
1779 545 2056 610 alienum;

489 643 508 672 ο
546 632 782 678 attamen
825 640 889 678 cx
937 627 1039 680 hoc
1070 642 1288 696 quoque
1332 631 1528 699 probat
1573 635 1953 703 apertissime,
1992 655 2058 694 ex

417 709 423 722 ’
487 731 506 763 ε
547 712 706 769 Patre
761 723 1084 784 utrumque,
1151 717 1348 774 Filium
1429 724 1638 779 scilicet
1684 736 1737 780 et
1795 728 2053 797 Spiritum

485 820 505 853 ι
545 805 705 858 veluti
743 821 805 858 ex
845 807 956 860 sole
986 806 1166 862 lumen
1196 819 1248 863 et
1283 811 1467 868 radius
1513 823 1614 880 est,
1650 831 1786 871 esse.
1832 837 1850 869 ο

1121 900 1422 969 ΒεῙιιιηιὶο.

552 986 749 1042 Verum
791 999 896 1052 est,
934 992 1242 1060 exemplum
1285 995 1459 1062 palam
1495 999 1804 1066 ostendere,
1842 1009 2059 1056 utrum-

475 1091 580 1146 que
617 1093 737 1133 esse
764 1094 828 1132 ex
867 1081 1066 1135 Patre:
1099 1083 1192 1136 sed
1237 1083 1366 1138 illud
1398 1101 1617 1156 quoque
1688 1090 1862 1146 modis
1927 1107 2048 1145 om-

477 1167 641 1223 nibus
679 1173 954 1236 ostendit,
1003 1187 1097 1241 per
1135 1173 1331 1229 Filium
1378 1192 1498 1232 esse
1538 1179 1835 1248 Spiritum,
1876 1181 1950 1235 uti
1993 1197 2060 1238 ex

478 1261 592 1313 sole
619 1275 715 1330 per
746 1262 961 1316 radium
995 1263 1203 1320 lumen.

656 1370 909 1444 Ejusdem
945 1389 1010 1431 ea:
1050 1372 1302 1432 Oratione
1339 1379 1401 1433 de
1433 1378 1640 1449 Spiritu
1671 1392 1880 1437 sancto.

549 1533 836 1591 XXXVIII.
875 1557 892 1588 ‹
926 1535 1194 1603 Quoniam
1230 1555 1390 1608 porro
1422 1541 1741 1598 divisionem
1779 1553 1925 1600 tuam
1955 1548 2052 1617 pri-

480 1647 498 1679 ε
537 1644 818 1696 matn,qna
848 1629 986 1683 inter
1010 1631 1306 1700 ingenitum
1329 1642 1380 1685 et
1403 1634 1641 1703 genitum
1669 1635 1801 1693 nihil
1827 1640 2062 1694 medium

479 1739 496 1768 ι
534 1735 654 1774 esse
670 1719 975 1787 arbitraris,
998 1722 1137 1777 haud
1157 1740 1428 1794 quaquam
1441 1727 1796 1789 admittimus.
1816 1732 2062 1799 protinus

2168 576 2186 608 α
2225 559 2381 625 ὅμως
2409 560 2516 610 κάκ
2543 558 2729 612 τούτου
2765 560 3062 630 παρίστησι
3091 560 3276 628 σαφῶς
3307 560 3381 622 ὡς
3414 561 3477 612 ὲκ
3507 561 3602 613 τοῦ
3630 561 3740 613 Πα-

2167 667 2183 697 t
2225 647 2348 715 τρδς
2376 649 2468 700 καὶ
2498 649 2685 718 ἄμφω,
2715 649 2741 702 ὃ
2764 667 2821 702 τε
2851 650 2978 705 Υἱὸς
3017 649 3218 722 δηλαδὴ
3263 650 3359 704 καὶ
3395 650 3453 702 τὸ
3490 650 3736 720 Πνεῦμα,

2167 756 2186 789 t
2225 739 2299 801 ὡς
2326 736 2385 804 ἐξ
2419 740 2568 809 ἡλίου
2604 739 2717 809 φῶς
2751 741 2843 792 καὶ
2877 739 3054 803 ἀκτίς.
3097 760 3114 790 ι

2757 921 2816 974 Ἀ
2826 919 3152 986 ντίξρῤησις.

2243 1007 2486 1080 Ἀληθῶς
2514 1009 2570 1061 τὸ
2619 1010 2919 1076 ὑπόδειγμα
2949 1011 3011 1062 ὲκ
3058 1010 3150 1062 τοῦ
3203 1009 3411 1079 Πατρός
3457 1004 3594 1061 εἶναι
3644 1009 3748 1061 καὶ

2161 1096 2328 1165 ἄμφω
2359 1096 2723 1167 παρίστησινο
2769 1097 2882 1151 ἀλλ’
2930 1098 3076 1166 ὅμως
3125 1098 3297 1167 πάντη
3343 1097 3530 1165 σαφῶς
3574 1100 3636 1148 τὸ
3669 1095 3750 1150 δι’

2164 1189 2294 1241 Υίοῦ
2341 1190 2406 1242 ἐκ
2446 1190 2656 1260 Πατρδς
2694 1185 2832 1244 εἶναι
2874 1189 2933 1241 τὺ
2982 1187 3222 1258 Πνεῦμα,
3263 1189 3337 1250 ὡς
3379 1189 3435 1254 ἐξ
3471 1187 3622 1241 ἡλίου
3651 1185 3748 1242 διὰ

2162 1279 2262 1347 τῆς
2287 1279 2500 1343 ἀκτῖνος
2528 1281 2588 1333 τὸ
2618 1281 2750 1350 φῶς.

2170 1390 2280 1444 Τοῦ
2330 1390 2516 1446 αὐτοῦ
2559 1391 2678 1446 ἀπὸ
2715 1391 2818 1446 τοῦ
2861 1391 2996 1516 idem
3024 1392 3130 1446 τοῦ
3181 1392 3356 1445 ἁνίου
3389 1392 3745 1460 Πνεύματος

2845 1501 2860 1516 .
2927 1480 3054 1516 νου.

2845 1480 3054 1516 ,ιω-ου.

2845 1482 2919 1516 .ιο
2951 1482 3054 1516 -ου.

2236 1549 2367 1606 ΔΗ¹.
2398 1573 2416 1606 t
2469 1553 2618 1605 Ἐπεὶ
2643 1554 2698 1606 δέ
2734 1570 2826 1606 σου
2862 1482 2959 1624 si}:
2999 1553 3223 1624 πρώτην
3259 1551 3521 1622 διαίρεσιν
3541 1551 3602 1602 οῦ
3653 1550 3744 1602 δε-

2151 1661 2190 1716 ,ι
2229 1643 2456 1712 χόμεθα,
2488 1642 2587 1714 τὴν
2617 1642 2781 1713 μηδὲν
2809 1643 3107 1712 ἀγεννήτου
3153 1642 3248 1694 καὶ
3277 1639 3536 1710 γεννητοῦ
3573 1639 3747 1702 μέσον

2171 1746 2189 1778 t
2227 1722 2734 1799 ὑπολαμϐάνουσαν,
2768 1729 2969 1782 αὐτίκα
3011 1728 3322 1799 οίχήσονταί
3353 1744 3435 1779 σοι
3473 1727 3611 1795 μετὰ
3641 1727 3746 1793 τῆς

480 1829 496 1859 ι
535 1811 628 1864 tibi
661 1827 784 1864 cum
819 1815 1078 1882 praeclara
1113 1825 1202 1870 tua
1235 1817 1500 1872 divisione
1532 1819 1728 1875 fratres
1759 1823 1834 1876 illi
1868 1831 1922 1876 et
1956 1840 2052 1878 ne-

2171 1835 2183 1868 l
2223 1817 2422 1890 σεμνῆς
2453 1819 2769 1889 διαιρέσεως
2795 1821 2841 1872 οί
2873 1819 3090 1886 ἀδελφοὶ
3116 1819 3210 1872 καὶ
3241 1819 3292 1871 οἱ
3319 1818 3520 1880 υἱωνοὶ,
3546 1816 3745 1886 ῶσπερ

476 1920 494 1950 ‹
537 1911 688 1971 poles
728 1905 1018 1972 peribunt,
1064 1917 1122 1961 ιιι
1164 1909 1256 1976 qui
1300 1909 1479 1977 primo
1526 1911 1619 1964 illo
1669 1911 2056 1981 disputationis

480 2013 498 2043 ‹
539 2007 642 2048 tuae
690 1996 906 2065 capite,
954 1998 1110 2067 quasi
1171 2001 1496 2068 multiplicis
1543 2002 1830 2071 cujusdam
1882 2021 2055 2060 nexus

476 2104 498 2136 ε
536 2085 692 2140 initio
734 2089 910 2156 primo
953 2091 1159 2156 soluto,
1218 2091 1379 2146 simul
1419 2108 1635 2162 quoque
1683 2095 1842 2150 soluti
1879 2113 1941 2152 ac
1971 2096 2057 2152 di-

479 2194 498 2226 ‹
538 2177 674 2244 lapsi
703 2179 847 2244 sint,
888 2188 1054 2249 atque
1095 2197 1124 2234 a
1161 2182 1462 2237 divinitatis
1494 2184 1744 2241 doctrina
1784 2200 1905 2241 sese
1929 2188 2056 2243 sub-

481 2284 498 2316 ι
537 2266 812 2323 duxerint.
857 2269 958 2324 Ubi
992 2271 1385 2342 enim,qu;eso,
1425 2289 1594 2344 pones
1653 2276 1704 2331 id
1755 2278 1900 2346 quod
1932 2294 2058 2348 pro.

482 2376 500 2408 ι
534 2359 711 2422 cedit,
767 2361 913 2430 qttod
966 2364 1202 2432 quidem
1237 2365 1378 2420 inter
1422 2365 1559 2422 duas
1603 2369 1892 2424 divisionis
1951 2379 2058 2426 tum

480 2466 499 2498 ε
542 2461 722 2518 partes
761 2452 1102 2524 interjet‘tum
1143 2471 1262 2511 esse
1308 2468 1553 2524 constat,
1597 2469 1762 2530 atque
1795 2445 1835 2515 ’ᾖ
1879 2459 2055 2515 Theo-

478 2561 496 2592 ε
539 2542 660 2612 logo
692 2545 866 2599 multo
905 2556 958 2600 te
998 2551 1410 2616 praestat'tliore,
1441 2551 1700 2605 nimirum
1734 2567 1761 2604 a
1798 2550 2046 2618 Christo,

478 2655 496 2684 ε
539 2637 938 2693 introducitur?
975 2637 1089 2694 Nisi
1132 2641 1360 2697 fortasse
1396 2658 1584 2698 vocem
1628 2645 1774 2696 illam
1825 2653 2046 2714 propter

477 2747 497 2779 ο
536 2729 752 2782 tertium
819 2737 973 2783 tuum
1029 2740 1415 2787 testamentum
1473 2749 1540 2788 ex
1566 2733 1870 2805 Evangeliis
1926 2749 2052 2789 sus-

478 2839 496 2870 ‹
535 2819 734 2880 tulisti,
781 2819 1016 2902 Spiritus
1055 2832 1280 2879 sanctus
1341 2826 1435 2892 qui
1499 2840 1529 2880 a
1574 2827 1734 2880 Patre
1787 2827 2074 2896 procedit.-

476 2926 496 2958 α
534 2907 637 2973 Qui
681 2919 948 2978 quatenus
1003 2913 1072 2967 ab
1125 2913 1217 2969 illo
1292 2915 1555 2984 procedit,
1627 2925 1877 2972 creatura
1948 2932 2054 2972 non

479 3017 498 3049 ε
534 3009 634 3063 est,
681 3009 950 3069 quatenus
1021 3018 1212 3061 rursus
1277 3005 1493 3076 genitus
1557 3021 1666 3061 non
1714 3018 1837 3072 est,
1887 3007 2057 3065 Filius

2163 1927 2182 1959 ι
2217 1910 2361 1972 τινὸς
2406 1909 2606 1979 δεσμοῦ
2636 1910 2976 1962 πολυπλόκου
3016 1909 3115 1978 τῆς
3150 1909 3372 1978 πρώτης
3405 1906 3580 1976 ἀργῆς
3613 1923 3745 1959 συν-

2166 2019 2182 2051 t
2222 1997 2598 2067 διαλυθείσης,
2657 1998 3092 2059 συνδιαλυθέντες
3147 1997 3240 2049 καὶ
3307 1997 3406 2064 τῆς
3461 1994 3742 2061 θεολογίας

2164 2109 2182 2140 t
2226 2091 2700 2161 ὑποχωρήσαντες.
2737 2090 2848 2142 Ποῦ
2893 2089 3001 2158 γὰρ
3044 2088 3232 2157 θήσεις
3275 2086 3335 2138 τὸ
3374 2083 3726 2153 ἐκπορευτὸν,

2164 2201 2181 2232 t
2219 2182 2338 2234 είπέ
2379 2199 2489 2252 μοι,
2520 2181 2684 2250 μέσον
2713 2180 2984 2248 ἁναφανὲν
3007 2179 3108 2248 τῆς
3142 2178 3241 2246 σῆς
3263 2178 3606 2247 διαιρέσεως,
3637 2177 3738 2229 καὶ

2164 2292 2184 2326 ι
2225 2272 2374 2344 παρὰ
2403 2274 2715 2344 κρείσσονος
2757 2273 2790 2344 ἢ
2827 2273 2968 2325 κατὰ
3012 2272 3070 2324 σὲ
3105 2270 3380 2338 θεολόγοι),
3416 2269 3508 2322 τοῦ
3539 2263 3744 2338 ’Σωτῆο

2165 2386 2182 2419 ε
2225 2384 2316 2436 ρος
2347 2367 2526 2436 ἡμῶν,
2553 2366 2946 2434 είσαγόμενον;
2972 2364 3021 2415 εί
3070 2364 3147 2433 μὴ
3176 2365 3273 2432 τὴν
3306 2360 3488 2430 φωνὴν
3515 2360 3744 2429 ἐκείνην

2165 2477 2182 2509 t
2219 2458 2325 2510 τῶν
2353 2457 2462 2510 σῶν
2489 2457 2687 2524 ἐξεῖλες
2734 2453 3101 2524 Εὑαγγελίων.
3145 2455 3244 2507 Διὰ
3275 2453 3374 2523 τὴν
3401 2450 3595 2522 τρίτην
3643 2467 3746 2502 σου

2163 2569 2181 2600 ι
2219 2550 2504 2619 διαθήκην,
2531 2548 2589 2601 τὸ
2615 2547 2840 2616 Πνεῦμα
2862 2547 2922 2599 τὸ
2952 2525 3126 2613 ἆγιοῦ,
3169 2544 3196 2597 ὃ
3224 2541 3373 2614 παρὰ
3398 2541 3492 2594 τοῦ
3525 2539 3748 2612 Πατρδς

2165 2661 2183 2692 ι
2222 2642 2612 2712 ἐκπορεύεται·
2650 2640 2678 2692 ὃ
2714 2639 2947 2692 καθόσον
2979 2637 3077 2708 μὲν
3107 2634 3317 2688 ἐκεῖθεν
3350 2631 3744 2702 ἐκπορεύεται,

2165 2754 2184 2785 t
2223 2735 2284 2787 οὐ
2314 2733 2542 2802 κτίσμα,
2571 2731 2802 2786 καθόσον
2836 2732 2891 2784 δὲ
2915 2731 2974 2783 οὐ
3012 2728 3290 2798 γεννητὸν,
3321 2729 3420 2796 οὐχ
3439 2725 3595 2789 Υἱὸς,
3637 2742 3746 2777 κα·

2165 2843 2182 2876 ι
2222 2825 2374 2876 θόσον
2405 2823 2460 2876 δὲ
2487 2823 2780 2892 ἀγεννὴτου
2812 2820 2906 2874 καὶ
2926 2817 3186 2889 γεννητοῦ
3216 2817 3398 2888 μέσον,
3423 2815 3579 2878 θεός.
3620 2815 3745 2868 Καὶ

2166 2933 2183 2965 t
2222 2913 2364 2967 οὕτω
2400 2931 2492 2966 σου
2537 2914 2634 2976 τὰς
2680 2913 2790 2966 τῶν
2830 2911 3206 2981 συλλογισμῶν
3245 2911 3406 2979 ἄρκις
3447 2909 3744 2977 διαφυγὸν,

2168 3024 2185 3055 ι
2225 3005 2355 3067 Θεὸς
2379 3005 2687 3074 ἀνεπέφηνε
2721 3005 2827 3057 τῶν
2855 3002 2963 3055 σῶν
3004 3002 3322 3074 διαιρέσεων
3361 2991 3746 3070 ἰσχυρότερος.

478 3105 645 3144 «non
701 3101 819 3160 est,
914 3104 1182 3165 quatenus
1257 3106 1435 3152 autem
1527 3097 1668 3153 inter
1744 3100 2042 3167 ingenitum

2171 3115 2182 3148 ι
2222 3097 2316 3160 Τίς
2345 3092 2436 3150 οὖν
2463 3098 2496 3165 ἡ
2535 3095 2904 3164 ὲκπόρευσιςς
2942 3093 3076 3146 Είπὲ
3118 3094 3182 3146 σὺ
3225 3091 3323 3161 τὴν
3365 3089 3746 3159 ἅγγεννησίαν

479 3200 500 3234 ι
534 3191 587 3238 et
625 3194 865 3253 genitum
913 3189 1122 3244 medius
1182 3199 1299 3255 est,
1362 3189 1506 3246 Deus
1562 3200 1665 3247 est.
1728 3192 1904 3259 Atque
1968 3194 2041 3247 ita

482 3291 501 3323 ‹
544 3275 731 3330 vitatis
764 3276 1206 3348 syllogismorum
1236 3289 1454 3334 tuorum
1488 3282 1722 3351 laqueis,
1758 3283 1899 3339 Deus
1929 3299 2044 3338 Ina-

479 3381 499 3413 c
542 3363 738 3420 nifeste
771 3370 1044 3437 apparuit,
1072 3367 1435 3427 divisionibus
1465 3373 1573 3428 tuis
1605 3373 1828 3440 firmior,
1859 3390 1921 3430 ac
1957 3389 2050 3429 va-

481 3471 498 3504 ‹
541 3455 759 3511 lentior.
803 3459 934 3524 Quae
977 3474 1109 3530 ergo
1154 3470 1240 3515 est
1282 3462 1396 3517 haec
1436 3465 1746 3532 processio,
1795 3465 2050 3533 inquies?

486 3566 502 3594 ι
542 3547 636 3602 Dic
676 3558 730 3602 tu
763 3566 881 3619 quas
909 3550 1091 3607 Patris
1124 3554 1428 3621 ingenitnra
1457 3555 1550 3616 sit,
1593 3563 1646 3610 et
1677 3571 1776 3625 ego
1809 3555 1932 3609 Filii
1960 3572 2050 3627 ge-

2163 3208 2180 3239 ε
2218 3188 2309 3241 τοῦ
2342 3187 2577 3258 Πατρὴς,
2602 3185 2758 3256 κάγὼ
2788 3186 2885 3256 τὴν
2912 3186 3162 3256 γέννησιν
3203 3182 3294 3236 τοῦ
3329 3181 3457 3234 Υἱοῦ
3484 3179 3747 3248 φυσιολο-

2162 3303 2182 3336 t
2220 3285 2396 3353 γήσω,
2421 3282 2516 3334 καὶ
2545 3282 2641 3350 τὴν
2669 3281 2995 3351 ἔκπόρευσιν
3023 3281 3117 3334 τοῦ
3153 3277 3488 3347 Πνεύματος,
3520 3277 3614 3330 καὶ
3640 3294 3747 3332 πα-

2161 3393 2180 3426 ι
2225 3373 2672 3443 ραπληκτίσομεν
2728 3375 3068 3444 ἀμφότεροι,
3135 3373 3212 3436 είς
3265 3369 3400 3423 Θεοῦ
3459 3375 3746 3440 μυστήρια

2164 3484 2183 3517 ι
2219 3467 2663 3535 παρακύπτοντες
2691 3483 2707 3497 ο
2736 3465 2828 3518 καὶ
2860 3464 3032 3519 ταῦτα
3076 3463 3260 3529 τίνες;
3296 3463 3358 3515 Oi
3400 3461 3534 3531 μηδὲ
3559 3461 3630 3513 τὰ
3677 3463 3744 3515 ἐν

2164 3577 2182 3609 ι
2213 3559 2380 3612 ’ποσὶν
2415 3558 2614 3612 εἰδέναι
2636 3559 2944 3627 δυνάμενοι.
2993 3575 3012 3608 ι

480 3656 501 3690 ι
542 3641 898 3707 nerationem,
947 3655 999 3699 et
1042 3644 1276 3714 Spiritus
1340 3649 1740 3716 processionem
1781 3650 2055 3718 explicare
2113 3653 2448 3720 aggrediar:
2526 3661 2583 3706 ut
2627 3654 2790 3707 ambo
2854 3651 3054 3706 mentis
3137 3649 3386 3704 versania
3426 3645 3745 3718 praecipites

480 3750 498 3781 ε
538 3747 794 3800 agamur,
843 3735 896 3788 in
957 3736 1046 3791 Dei
1096 3740 1350 3808 mysteria
1393 3739 1583 3794 oculos
1643 3740 1949 3811 injicientes

480 3841 500 3873 ε
539 3831 664 3878 ante
687 3826 851 3892 pedes
879 3835 1010 3880 sunt
1067 3827 1210 3880 scire
1245 3842 1564 3896 possumus.
1601 3847 1621 3880 ι

1061 3923 1480 3976 Animadversio.

551 4027 568 4057 ι
614 4004 765 4062 Hanc
814 4011 1154 4079 pericopem,
1191 4028 1313 4081 quo:
1347 4014 1662 4082 planissima
1713 4026 1814 4080 est,
1856 4016 2044 4084 expla-

480 4111 501 4146 ι
542 4096 765 4151 natione
810 4099 1052 4168 indigere
1095 4116 1200 4154 non
1246 4111 1398 4171 puto.
1441 4103 1578 4159 Cum
1621 4106 1766 4160 enim
1821 4117 2048 4164 sanctus

482 4207 500 4239 ι
539 4187 774 4254 dixerit,
811 4189 1008 4246 fratres
1049 4202 1102 4246 et
1136 4201 1360 4263 nepotes
1399 4197 1704 4263 perituros,
1745 4198 1850 4254 hoc
1887 4215 2049 4269 pror—

484 4299 501 4331 ι
541 4296 635 4336 sus
670 4281 884 4348 innuit,
912 4274 1212 4353 ingenitum
1252 4287 1515 4355 Spiritum
1554 4303 1710 4354 esse,
1747 4298 1800 4345 et
1832 4306 1896 4345 ex
1929 4293 2046 4346 solo

481 4391 498 4423 ι
540 4374 718 4438 Patre,
748 4389 856 4429 non
889 4385 1067 4430 autem
1097 4391 1157 4430 ex
1189 4375 1326 4432 Filio
1355 4379 1667 4447 procedere.
1705 4398 1724 4432 ι

1113 4565 1410 4634 Refutatio.

543 4650 640 4706 Nm
669 4661 733 4707 ιιι·
756 4655 974 4722 quidem
1007 4669 1132 4709 vera
1173 4670 1282 4710 non
1325 4657 1596 4726 loqueris,
1639 4671 1785 4724 quoa
1823 4666 2050 4712 sanctus

473 4743 645 4806 dixit,
685 4759 703 4792 ι
738 4743 932 4798 fratres
981 4754 1035 4799 et
1057 4755 1279 4815 nepotes
1320 4747 1616 4816 perituros,
1661 4765 1680 4799 ›
1716 4761 1944 4814 prorsus
1970 4747 2052 4800 in-

477 4835 687 4898 nuisse,
707 4851 772 4889 ex
800 4836 916 4891 solo
948 4834 1127 4901 Patre,
1158 4853 1265 4892 non
1295 4847 1477 4892 autem
1500 4852 1566 4891 ex
1616 4836 1753 4891 Filio
1786 4837 2049 4913 Spiritum

481 4926 773 4990 procedere
805 4945 819 4980 :
856 4929 948 4982 sed
991 4929 1370 4982 tantummodo
1419 4929 1566 4980 illum
1613 4929 1908 4997 procedere
1942 4944 2050 4982 non

476 5027 659 5066 tamen
710 5013 1010 5085 ingenitum
1059 5017 1137 5070 uti
1179 5013 1431 5077 Patrem,
1479 5031 1655 5083 neque
1697 5019 1939 5085 genitum
1975 5021 2052 5072 uti

475 5103 696 5158 l'ilinm.
748 5103 862 5160 Hoc
913 5107 1058 5162 enim
1111 5115 1266 5160 notat
1322 5105 1476 5170 illud,
1529 5125 1549 5158 ι
1610 5106 1714 5164 Ubi
1769 5123 1941 5177 pones
1994 5109 2048 5162 id

472 5196 618 5250 onod
657 5198 900 5264 procedit
927 5240 944 5262 ,
986 5200 1131 5266 quod
1164 5197 1386 5267 quidem
1418 5197 1560 5254 inter
1590 5198 1730 5254 duas
1763 5199 2052 5257 divisionis

475 5299 580 5342 ιιι.»
614 5298 801 5357 partes
830 5290 1158 5359 interjicitur
1181 5291 1207 5345 ?
1243 5309 1264 5344 υ

843 5380 1092 5452 Ejusdem
1128 5401 1191 5440 ex
1224 5386 1401 5452 eadem
1437 5389 1694 5442 oratione.

543 5472 784 5530 XXXIX.
809 5473 1007 5530 «Nobis
1037 5475 1175 5532 Deus
1206 5493 1344 5533 unus
1375 5487 1477 5543 est,
1511 5483 1769 5550 quoniam
1803 5497 1905 5535 una
1940 5482 2055 5534 dei-

477 5590 491 5610 ε
540 5579 640 5631 Ias,
661 5579 822 5638 atque
839 5571 901 5624 ad
934 5585 1100 5623 unum
1125 5586 1206 5634 ea,
1237 5588 1354 5642 qua:
1377 5589 1438 5626 cx
1463 5590 1525 5626 co
1551 5581 1698 5638 sunt,
1717 5572 2046 5637 referuntur,

481 5675 498 5701 ι
539 5659 749 5713 ι-ιίιιιῑιεὶ
785 5669 895 5712 tres
921 5673 1182 5729 persentis
1219 5663 1517 5718 credimus.
1551 5663 1734 5732 Neque
1767 5667 1910 5717 enim
1951 5665 2050 5716 hoc

484 5763 504 5792 ι
543 5747 733 5813 magis,
767 5751 896 5806 illud
931 5755 1112 5810 minus
1143 5765 1223 5812 est
1257 5755 1416 5818 Dens,
1461 5774 1556 5812 llL‘l'
1588 5757 1688 5812 Ιιοι·
1727 5759 1876 5826 prius
1917 5757 2044 5812 illud

2008 3761 2019 3794 :
2058 3742 2218 3811 idque
2249 3747 2341 3813 qui
2387 3745 2642 3798 tandem?
2685 3743 2884 3810 Nempe
2947 3744 3039 3812 qui
3076 3760 3141 3797 nc
3197 3759 3260 3796 ea
3325 3742 3579 3808 quidem,
3614 3752 3745 3806 qttae

2754 3927 3133 3981 Ἑπιστασία.

2235 4036 2252 4066 ε
2288 4017 2503 4085 Ταύτην
2546 4018 2645 4087 τὴν
2691 4018 2996 4087 περικοπὴν
3053 4017 3398 4087 σαφεστάτην
3449 4015 3618 4070 οὖσαν
3658 4012 3742 4070 οϊ-

2165 4127 2182 4158 t
2225 4125 2320 4177 μαι
2351 4109 2424 4178 μὴ
2448 4108 2655 4161 δεῖσθαί
2688 4125 2830 4170 τινος
2857 4109 3212 4178 ἐπεργασίας.
3257 4107 3350 4160 Ἐκ
3380 4108 3486 4176 γὰρ
3523 4107 3619 4160 τοῦ
3648 4110 3740 4161 τὸν

2164 4221 2182 4251 ι
2219 4203 2371 4266 ἆγιον
2395 4202 2569 4252 εἰπεῖν
2592 4201 2717 4263 τοὺς
2750 4200 3012 4268 ἀδελφοὺς
3035 4200 3129 4252 καὶ
3155 4198 3283 4261 τοὺς
3326 4199 3550 4259 υἱωνοὺς
3576 4200 3738 4268 οἰχή-

2165 4311 2182 4343 ι
2224 4293 2410 4345 σεσθαι
2444 4292 2602 4345 τοῦτο
2631 4293 2847 4354 πάντως
2881 4291 3212 4362 παρίσταται
3242 4291 3301 4343 τό
3343 4307 3403 4342 τε
3434 4290 3738 4359 ἀγέννητον

2164 4403 2182 4433 ι
2223 4382 2316 4436 τοῦ
2365 4383 2702 4452 Πνεύματος,
2735 4383 2830 4436 καὶ
2867 4383 2929 4435 τὸ
2972 4384 3036 4435 ὲκ
3072 4383 3232 4450 μόνου
3276 4381 3370 4433 τοῦ
3398 4381 3637 4450 Πατρὸς,
3672 4380 3734 4433 οὺ

2163 4491 2180 4522 ι
2221 4471 2327 4541 μὴν
2356 4475 2450 4526 καὶ
2481 4473 2574 4525 τοῦ
2603 4471 2730 4526 Υίεῦ
2767 4473 3093 4541 ὲκπορευτόν
3121 4489 3134 4538 ;
3168 4489 3188 4523 ι

2747 4565 3138 4632 Ἀντίρῤησις.

2228 4659 2342 4711 Οὐκ
2368 4657 2580 4728 ἀληθῶς
2607 4658 2765 4728 ἔφης,
2797 4659 2861 4711 ὲκ
2885 4657 2981 4710 τοῦ
3016 4658 3103 4710 τὸν
3123 4656 3278 4722 ἅγιον
3320 4659 3521 4719 εἰπεῖν,
3556 4676 3574 4708 ι
3603 4657 3734 4719 τοὺς

2159 4751 2424 4818 ἀδελφοὺς
2453 4752 2545 4802 καὶ
2587 4751 2711 4812 τοὺς
2744 4749 2974 4811 υἱωνοὺς
3028 4747 3368 4818 οἰχήσεσθαι,
3433 4765 3454 4798 ι
3510 4748 3736 4810 πάντως

2156 4843 2531 4911 παρίστασθαι
2559 4841 2620 4894 τὸ
2655 4843 2719 4894 ἐκ
2762 4841 2924 4912 μόνοῠ
2961 4841 3057 4894 τοῦ
3108 4839 3346 4906 Πατρδς,
3372 4841 3434 4892 οὐ
3475 4840 3591 4908 μὴν
3627 4841 3727 4890 καὶ

2154 4934 2248 4988 τοῦ
2279 4933 2407 4988 Υίοῦ
2437 4933 2767 5004 ὲκπορευτδν
2814 4931 2910 4985 τοῦ
2948 4933 3288 5000 “vstitu-cog,
3339 4930 3477 4984 ἀλλὰ
3515 4931 3601 4993 τὸ,
3635 4933 3734 4999 μό-

2155 5044 2260 5089 νως
2289 5028 2626 5096 ὲκπορευτὸν
2675 5026 2810 5080 αὐτὸ
2869 5021 3033 5078 εἶναι.
3077 5021 3728 5092 Οῦμενουναγέννητον,

2153 5119 2229 5180 ὡς
2265 5121 2293 5171 ὁ
2323 5117 2531 5188 Πατὴρ,
2561 5120 2594 5187 ἢ
2618 5119 2900 5187 γεννητὸν,
2937 5115 3011 5178 ὡς
3034 5119 3062 5170 ό
3099 5116 3244 5176 Υἱός.
3275 5112 3455 5166 Τοῦτο
3494 5115 3607 5184 γὰρ
3638 5115 3734 5182 δη-

2153 5210 2238 5263 λοῖ
2264 5211 2346 5274 τὸ,
2383 5229 2402 5260 ι
2432 5210 2540 5263 Ποῦ
2577 5210 2762 5280 θήσεις
2800 5209 2861 5261 τὸ
2909 5206 3272 5276 ὲκπορευτδν,
3318 5206 3486 5275 μέσον
3519 5208 3732 5276 ἀναφα-

2153 5302 2246 5354 νὲν
2283 5301 2376 5371 τῆς
2413 5302 2509 5372 σῆς
2538 5301 2897 5370 διαιρέσεως;
2935 5321 2954 5353 ι

2309 5403 2314 5412 ‘
2533 5393 2650 5449 Τοῦ
2678 5393 2868 5449 αὐτοῦ
2893 5395 2961 5448 ἐκ
2987 5394 3096 5448 τοῦ
3136 5393 3348 5448 αὑτοῦ.

2225 5484 2349 5537 ΛΘ’.
2395 5503 2412 5536 t
2448 5483 2612 5553 Ἡμῖν
2642 5479 2724 5548 εἷς
2751 5485 2910 5549 Θεὸς,
2949 5485 3032 5537 ὅτι
3075 5485 3172 5554 μία
3209 5483 3424 5551 θεοττές,
3466 5485 3559 5534 καὶ
3595 5480 3728 5550 πρὸς

2161 5594 2182 5626 ε
2224 5576 2280 5627 ἓν
2310 5577 2377 5629 τὰ
2411 5577 2467 5642 ἐξ
2502 5577 2672 5628 αὐτοῦ
2709 5577 2807 5646 τὴν
2835 5578 3116 5647 ἀναφορὰν
3166 5575 3302 5645 ἔχει,
3337 5575 3441 5628 κᾶν
3476 5575 3605 5643 τρία
3639 5588 3727 5624 me

2160 5688 2176 5718 ι
2227 5669 2500 5737 στςῦηται.
2533 5666 2610 5720 Ο)
2666 5669 2771 5736 γὰρ
2821 5668 2881 5720 τὸ
2937 5669 3035 5735 μὲν
3074 5667 3294 5736 μᾶλλον,
3361 5666 3421 5718 τὸ
3467 5666 3525 5716 δὲ
3567 5658 3724 5733 ἦττον

2163 5781 2178 5809 ‹
2228 5760 2358 5821 θεὸς
2385 5778 2396 5790 ·
2436 5761 2552 5812 οὐδὲ
2583 5759 2638 5811 τὸ
2677 5763 2774 5829 μὲν
2808 5763 3093 5830 πρὸτερον,
3124 5763 3178 5812 τί)
3214 5760 3268 5811 δὲ
3307 5759 3555 5811 ῦπτεοον.
3590 5754 3716 5807 “Li!
