4002 6420
289 397 406 466 469

1265 403 1348 465 IN
1390 379 1783 465 canaram
1830 405 2576 471 ANIMADVERRIONES.

3464 409 3571 471 470

374 506 640 580 βουλήσει⁸
662 507 951 578 τέμνεται,
993 509 1116 564 οὐδὲ
1144 508 1373 580 δυνάμει
1423 509 1727 581 μερίζεται.
1763 512 1886 564 ούδέ

2056 515 2348 582 posterius.
2373 513 2485 571 Nec
2508 516 2784 570 voluntate
2815 512 3165 579 scinduntur,
3190 525 3275 569 aut
3316 521 3572 584 potentia)

296 622 316 652 ι
374 619 426 656 τι
453 601 561 654 τῶν
581 601 682 654 ὅσα
716 602 832 665 τοῖς
869 603 1146 673 μεριστοῖς
1173 604 1435 674 ὑπάρχει,
1481 602 1759 658 κάνταῦθα
1791 603 1887 656 λα-

295 715 315 746 t
372 693 490 746 δεῖν
521 693 694 758 ἔστιν,
729 692 848 746 ἀλλ’
878 693 1198 765 ἀμερίστως
1233 697 1292 747 εν
1347 696 1798 765 μεμερισμένοις,
1839 697 1886 747 εἰ

293 803 313 836 ι
373 783 459 837 δεῖ
480 782 768 850 συντόμως
798 785 995 846 εἰπεῖν,
1024 785 1057 853 ἡ
1086 783 1302 854 Θεότης,
1337 784 1435 838 καὶ
1461 779 1576 838 οἷον
1629 786 1688 838 ὲν
1713 784 1889 854 ἡλίοις

291 895 311 927 ι
369 873 554 945 τρισὶν
583 875 871 942 ἐχομένοις
897 873 1167 944 ἀλλήλων,
1197 876 1296 945 μία
1321 875 1414 929 τοῦ
1436 877 1618 944 φωτὸς
1646 876 1889 946 σύγκρα·

291 986 314 1018 ε
373 983 480 1029 σις.
519 966 693 1020 Ὅταν
723 967 824 1035 μὲν
855 961 952 1020 οὗν
979 968 1116 1037 πρὸς
1163 969 1262 1038 τὴν
1292 967 1527 1040 θεότητα
1574 969 1885 1042 βλέψωμεν.

295 1079 315 1110 ι
373 1060 487 1112 Καὶ
518 1059 619 1128 τήν
654 1058 882 1130 πρώςεην
939 1061 1150 1126 αἰτίαν,
1184 1063 1280 1114 καὶ
1315 1061 1413 1132 τὴν
1468 1061 1794 1134 μοναρχίαν,
1831 1060 1890 1113 ἓν

296 1173 317 1204 ι
368 1153 509 1222 ἡμῖν
559 1151 622 1204 τὸ
655 1151 1070 1221 φανταζόμενον
1093 1168 1108 1184 ·
1139 1153 1272 1206 ὅταν
1303 1153 1363 1207 δὲ
1408 1152 1547 1224 πρὸς
1592 1153 1684 1216 τά,
1728 1154 1785 1206 ὲν
1808 1149 1890 1218 οἷς

299 1265 318 1297 ι
371 1245 406 1314 ἠ
429 1243 650 1312 θεότης,
679 1244 779 1299 καὶ
810 1245 879 1299 τὰ
907 1247 970 1299 ὲκ
1009 1245 1112 1315 τῆς
1147 1246 1376 1320 πρώτης
1426 1245 1613 1309 αἰτίας
1644 1246 1890 1316 ἀχρόνως

300 1359 318 1390 ι
372 1337 594 1392 ἐκεῖθεν
639 1337 773 1392 ὅντα
804 1339 900 1394 καί
947 1339 1247 1411 όμοδόξως,
1293 1339 1423 1411 τρία
1454 1339 1524 1394 τά
1553 1339 1892 1410 προσκυνού-

305 1452 321 1484 ι
379 1449 542 1501 μενα.
588 1451 607 1483 ι
1368 1443 1376 1450 ·

914 1715 1301 1771 Ἐπιστασίαο

390 1847 410 1881 ι
454 1827 734 1897 Νουνεχῶς
765 1826 931 1880 ἄκουε
979 1826 1098 1887 τοῦ,
1141 1827 1308 1897 ⁹Ημῖν
1339 1822 1422 1890 εἷς
1473 1825 1626 1891 Θεὸς,
1657 1828 1738 1880 ὅτι
1798 1829 1896 1896 μία
1930 1855 1968 1907 η

323 1943 339 1974 ι
385 1922 601 1991 οεότης·
654 1921 752 1974 καὶ
802 1919 941 1988 πρὸς
974 1919 1032 1972 ἓν
1064 1919 1131 1971 τά
1165 1920 1223 1986 ἐξ
1252 1914 1418 1973 αὑτοῦ
1475 1919 1575 1988 τὴν
1607 1921 1892 1988 ἀναφοράν

315 2033 332 2064 ι
381 2015 516 2084 ἔχει,
554 2011 659 2066 κᾶν
685 2010 815 2084 τρία
843 2010 1174 2081 πιστεύηται
1199 2028 1213 2043 ·
1242 2012 1338 2064 καὶ
1373 2011 1491 2079 τοῦ,
1551 2013 1722 2067 Ὅταν
1759 2013 1895 2086 πρὸς

310 2125 328 2157 ι
375 2107 447 2157 τὰ
477 2106 537 2157 ὲν
566 2097 649 2168 οἷς
686 2105 718 2173 η
758 2103 949 2172 θεότης
972 2119 986 2134 °
1012 2103 1142 2168 καὶ,
1179 2103 1260 2157 Τά
1287 2105 1352 2157 ἐκ
1381 2105 1484 2174 τῆς
1546 2102 1774 2176 πρώτης
1812 2107 1898 2158 αἰ-

306 2217 322 2246 ι
372 2195 496 2258 cia;
524 2197 770 2265 ἀχρόνως
798 2194 1010 2248 ἐκεῖθεν
1032 2194 1165 2248 ὄντα
1207 2193 1304 2248 καὶ
1351 2195 1645 2266 ὀμοδόξως.
1673 2197 1799 2266 τρία
1831 2199 1897 2251 τά

305 2309 323 2340 ι
378 2283 884 2359 προσκυνούμενα·
940 2285 1038 2338 καὶ
1085 2287 1150 2339 ὲκ
1187 2287 1396 2339 τούτων
1458 2285 1897 2359 γὰρ’άριδήλως

308 2403 326 2432 ι
380 2381 721 2449 παρίσταται
745 2381 828 2448 τὸ,
876 2378 968 2434 τὸν
999 2381 1227 2451 Πατέρα
1272 2374 1414 2434 εἶναι
1448 2381 1542 2434 καὶ
1569 2379 1900 2449 ἀμφοτέρων

312 2494 329 2526 ι
381 2477 577 2530 αῐτιον.
621 2493 640 2525 ι

919 2565 1313 2634 Ἀντῷρησις.

382 2679 444 2735 Et
478 2685 572 2737 καὶ
601 2684 665 2736 ἐκ
695 2681 806 2734 τῶν
830 2681 1140 2749 εἰρημένων
1166 2681 1508 2749 παρίσταται
1551 2679 1611 2732 τδ
1659 2680 1750 2731 τὸν
1784 2681 1899 2732 Πα-

306 2775 450 2844 τέρα
491 2769 634 2826 εἳναι
667 2773 764 2825 καὶ
797 2771 1130 2838 ἀμφοτέρων
1163 2771 1360 2834 αῐτιον,
1396 2771 1533 2826 ἀλλὰ
1571 2772 1666 2825 καὶ
1711 2771 1770 2834 ἐξ
1798 2771 1898 2823 αὖ·

305 2867 424 2921 τῶν
451 2866 790 2934 παρίσταται
811 2863 886 2926 ὡς
921 2865 953 2932 ἡ
979 2862 1078 2933 μία
1104 2862 1198 2916 τοῦ
1221 2863 1402 2931 φωτὸς
1429 2863 1762 2932 σύγκρασις,
1785 2865 1818 2933 ἡ
1846 2865 1902 2915 ὲν

308 2960 488 3028 ἦλίοις
521 2962 707 3029 τρισὶν
761 2955 1046 3027 ἐχομένοις
1107 2955 1359 3024 ἀλλήλων
1391 2954 1808 3025 φανταζομένη,
1844 2956 1906 3008 τὸ

312 3051 626 3118 ἀδιαίρετον
656 3047 764 3102 τῶν
795 3047 965 3118 τριῶν
999 3051 1147 3100 ἐστιν
1172 3047 1552 3102 ὑποστάσεων.
1587 3046 1661 3101 Τὸ
1693 3048 1752 3101 δὲ
1779 3049 1906 3100 τού-

315 3160 426 3195 των
455 3125 1012 3211 άδιαίρετον”πάντως
1050 3140 1152 3191 οὐκ
1200 3137 1428 3191 ἄλλοθεν
1473 3139 1594 3193 ἀλλ’
1629 3139 1660 3211 ἢ
1703 3142 1768 3194 ὲκ
1811 3143 1906 3194 τοῦ

317 3232 457 3288 Υἱοῦ
489 3232 550 3284 τὸ
583 3229 809 3301 Πνεῦμα
837 3231 1110 3300 ὑπάρχειν
1136 3231 1199 3284 ὲκ
1228 3230 1324 3283 τοῦ
1357 3231 1591 3303 Πατρός.

321 3370 446 3426 Τοῦ
475 3367 664 3424 αὑτοῦ
686 3367 755 3423 ἐκ
792 3367 1110 3437 τοῦλόγου
1159 3369 1294 3434 περὶ
1327 3369 1647 3438 δόγματος,
1675 3370 1773 3424 καί
1803 3388 1915 3424 κα-

736 3438 1092 3504 ταστάσεως
1126 3439 1500 3494 ἐπισκόπων.

396 3553 495 3609 Μ’.
545 3568 565 3603 ι
612 3550 742 3604 Δέον
782 3551 920 3620 μήτε
949 3549 1125 3614 οὕτως
1156 3545 1296 3603 εἷναί
1328 3567 1482 3614 τινας
1519 3551 1915 3621 φιλοπάτορας,

331 3644 480 3707 (θῶς
505 3643 600 3697 καὶ
631 3643 694 3696 τδ
717 3637 860 3695 εῖναι
887 3642 1112 3711 Πατέρα
1139 3647 1457 3712 περιαιρεῖν
1476 3659 1488 3673 ’
1520 3642 1665 3706 τίνος
1716 3644 1825 3714 γὰρ
1849 3644 1917 3696 ἂν

328 3757 348 3788 ι
396 3735 499 3790 καὶ
522 3735 608 3806 εῐη
639 3733 857 3803 Πατὴρ.
889 3732 986 3786 τοῦ
1020 3732 1150 3786 Υἰοῦ
1206 3733 1307 3804 τὴν
1338 3732 1506 3802 φύσιν
1554 3733 1917 3802 άπεξενωμέ-

330 3848 349 3878 ι
395 3842 489 3881 νου
548 3827 642 3878 καὶ
705 3822 1236 3893 άπηλλοτριωμένου
1293 3823 1433 3893 μετὰ
1491 3823 1592 3887 τῆς
1643 3825 1918 3890 κτίσεωςς

329 3938 349 3969 ι
403 3915 534 3987 μήθ’
563 3914 707 3969 οὕτω
739 3913 1143 3984 φιλοχρίστους,
1206 3913 1284 3979 ὡς
1319 3916 1457 3984 μήτε
1510 3915 1686 3986 τούτῳ
1718 3917 1924 3984 φυλάτ-

330 4029 349 4062 ι
402 4026 521 4062 τειν
556 4006 617 4060 τὸ
645 3999 787 4060 εἶναι
816 4007 1148 4068 Υἱόν.’ῐ“ἰνος
1177 4005 1286 4075 γὰρ
1313 4006 1380 4059 ἂν
1409 4008 1504 4060 καὶ
1535 4009 1620 4079 εῐη
1655 4007 1807 4072 Υἱὸς,
1847 4009 1922 4078 μὴ

331 4120 352 4150 σ
402 4099 543 4168 προς
581 4097 755 4151 αἴτιον
785 4096 1199 4166 ἀναφερόμενος
1231 4095 1324 4148 τὸν
1372 4095 1617 4166 Πατέρα,
1675 4097 1814 4167 μήτε
1846 4097 1924 4167 τῷ

333 4212 350 4244 ι
404 4189 582 4258 Πατρὶ
616 4190 676 4242 τὸ
709 4188 807 4258 τῆς
840 4189 1013 4258 ἀρχῆς
1049 4187 1522 4257 κατασμικρύνειν
1545 4189 1792 4259 ἀξίωμα,
1823 4190 1925 4256 τῆς

333 4301 352 4330 ι
400 4280 482 4344 ὡς
521 4280 696 4350 Πατρὶ
721 4278 818 4331 καὶ
847 4279 1133 4348 γεννήτορι
1159 4294 1176 4343 ;
1227 4278 1443 4349 μικρῶν
1495 4279 1603 4349 γὰρ
1629 4279 1694 4333 ἂν
1718 4281 1805 4350 εἴη
1831 4281 1927 4332 καὶ

341 4392 358 4421 ι
407 4369 647 4432 ἀναξίων
677 4369 844 4438 ἀρχὴ,
875 4371 949 4438 μὴ
978 4369 1235 4437 Θεότητος
1261 4369 1338 4424 ὢν
1375 4370 1562 4433 ,αἴτιος
1591 4371 1692 4440 τῆς
1720 4373 1778 4425 ἐν
1814 4371 1924 4438 Υἰῷ

337 4486 355 4513 ι
408 4462 505 4514 καὶ
540 4461 824 4530 Πνεύματι
859 4460 1269 4533 Θεωρουμένης.
1314 4462 1536 4533 Ἐπειδὴ
1565 4463 1672 4534 χρὴ
1698 4465 1794 4517 καὶ
1827 4465 1920 4515 τὸν

1999 621 2018 652 ι
2060 604 2402 669 dividuntur,
2440 615 2533 659 aut
2569 604 2802 674 denique
2837 604 3140 676 quidquam
3181 621 3407 668 eorum.
3448 623 3571 675 quae

1999 713 2014 743 ι
2053 694 2289 750 dividuis
2327 695 2490 750 rebus
2520 695 2867 765 contingunt,
2901 695 2988 751 hic
3019 712 3240 766 quoque
3275 698 3567 766 reperitur.

1999 806 2015 836 ι
2057 785 2161 841 Sed
2199 787 2476 861 individpa
2520 788 2572 842 in
2607 788 2876 855 dividuis,
2913 801 2968 843 et
3011 803 3123 844 uno
3162 790 3330 843 verbo
3371 791 3576 854 dicam,

1999 899 2016 930 ι
2057 887 2142 934 est
2175 879 2465 942 divinitas,
2500 896 2564 935 ac
2597 881 2750 935 velut
2789 881 2843 934 in
2883 881 3058 934 lrilms
3093 881 3304 940 solibus
3339 883 3483 937 inter
3517 899 3576 939 ιε

1999 990 2014 1021 ι
2056 970 2465 1026 coluerentibus
2497 987 2606 1026 una
2637 973 2776 1027 lucis
2805 973 3118 1027 'commistio
3143 982 3197 1028 et
3229 977 3575 1042 temperatio.

2001 1081 2016 1112 ι
2059 1062 2194 1117 Cum
2233 1076 2365 1133 ergo
2398 1063 2464 1117 ad
2499 1063 2836 1118 divinitatem
2879 1066 3223 1134 primamque
3254 1066 3403 1120 illam
3441 1083 3576 1123 cau-

2000 1173 2018 1206 ι
2058 1169 2211 1220 sam,
2275 1157 2553 1225 uniusque
2608 1156 2980 1226 principatum
3041 1165 3098 1210 et
3152 1158 3440 1228 imperium
3492 1175 3581 1212 re-

2000 1266 2016 1296 ι
2057 1247 2423 1311 spexerimus,
2459 1261 2627 1300 unum
2665 1256 2766 1307 est,
2797 1246 2940 1316 quod
2958 1247 3156 1302 mentis
3175 1258 3375 1304 nostra:
3406 1249 3582 1304 oculis

2001 1355 2017 1384 ι
2059 1337 2404 1392 obversatur.
2438 1336 2574 1392 Cum
2609 1352 2800 1392 rursus
2828 1337 2896 1392 ad
2921 1353 3007 1401 ea,
3068 1338 3122 1392 in
3161 1339 3365 1410 quibus
3388 1349 3473 1395 est
3498 1341 3584 1395 dio

2002 1445 2018 1478 ι
2060 1428 2257 1482 vinitas
2298 1437 2353 1482 et
2397 1443 2519 1497 qum
2553 1443 2618 1482 ex
2651 1427 2827 1498 prima
2876 1427 2966 1482 illa
2996 1443 3192 1494 causa,
3234 1429 3372 1496 citra
3414 1431 3581 1484 ullam

2003 1538 2020 1569 ι
2063 1519 2325 1588 temporis
2369 1520 2878 1590 intercapedinem,
2930 1535 2994 1574 ac
3041 1521 3159 1588 pari
3212 1520 3384 1590 gloria
3432 1533 3582 1581 sum.

2003 1631 2021 1662 ι
2063 1612 2164 1666 tria
2193 1622 2322 1668 sunt
2351 1628 2474 1683 qua:
2499 1613 2821 1668 adorantur.
2866 1633 2882 1664 ι

2574 1705 2677 1760 Ani
2685 1707 3004 1762 madversio.

2077 1843 2095 1876 ι
2137 1823 2435 1896 Diligenter
2461 1824 2553 1879 illa
2586 1823 2904 1889 observato,
2936 1825 3109 1879 Nohis
3139 1823 3280 1880 Deus
3304 1840 3450 1879 unus
3480 1833 3586 1881 est.

2009 1937 2028 1970 ι
2062 1917 2208 1986 quod
2235 1933 2342 1972 una
2371 1916 2573 1978 Deitas,
2605 1925 2658 1970 et
2692 1917 2758 1970 ad
2785 1932 2956 1972 unum
2983 1932 3072 1981 ea,
3095 1931 3217 1986 quae
3241 1931 3306 1971 ex
3331 1931 3398 1971 eo
3423 1929 3574 1978 sunt,

2009 2027 2027 2060 ι
2067 2008 2411 2075 referuntur,
2457 2009 2672 2063 etiamsi
2753 2019 2864 2062 tres
2944 2022 3208 2078 personas
3271 2009 3587 2064 credimus:

2012 2121 2030 2154 ‹
2067 2101 2194 2156 item
2223 2118 2236 2155 :
2269 2099 2406 2156 Cum
2444 2115 2640 2154 rursus
2667 2100 2733 2154 ad
2777 2115 2861 2162 ea.
2897 2100 2949 2154 in
2975 2100 3178 2171 quibus
3203 2100 3459 2156 divinitas
3483 2113 3589 2160 est.

2010 2212 2028 2244 ι
2065 2199 2142 2260 et,
2171 2207 2295 2261 quae
2322 2205 2386 2245 ex
2418 2191 2592 2261 prima
2625 2191 2717 2246 illa
2745 2206 2931 2251 causa.
2966 2191 3107 2247 citra
3139 2190 3303 2246 ullam
3331 2194 3595 2262 temporis

2014 2282 2530 2353 «intercapedinem
2575 2292 2630 2336 et
2678 2284 2792 2352 pari
2851 2285 3024 2353 gloria
3073 2294 3203 2340 sunt
3243 2325 3258 2350 ,
3313 2286 3414 2341 tria
3465 2299 3594 2342 sunt

2012 2394 2031 2426 σ
2066 2389 2191 2444 quae
2223 2375 2544 2429 adorantur.
2591 2372 2685 2428 His
2725 2375 2998 2443 siquidem
3035 2385 3223 2443 aperte
3261 2377 3557 2446 comproba
3574 2405 3608 2417 ο»

2014 2485 2032 2518 ι
2077 2473 2186 2532 tur,
2217 2463 2431 2520 Patrem
2465 2481 2588 2520 esse
2619 2465 2908 2532 utriusque
2937 2481 3185 2522 causam.
3227 2487 3244 2520 ι

2663 2556 2954 2625 Refutntio.

2084 2673 2156 2728 Ex
2181 2675 2294 2742 jam
2328 2672 2510 2728 allatis
2539 2672 2953 2742 comprobatur,
2987 2671 3200 2726 Patrem
3232 2686 3355 2728 esse
3383 2672 3597 2725 utrius-

2013 2781 2119 2834 que
2155 2779 2378 2819 rausam
2413 2779 2517 2819 nec
2550 2762 2732 2818 minus
2765 2780 2831 2819 ex
2864 2762 3060 2818 iisdem
3096 2763 3394 2824 stabilitur.
3430 2779 3596 2816 unam

2014 2859 2236 2913 luminis
2272 2858 2714 2913 rommislinnem
2741 2899 2754 2920 ,
2796 2872 2917 2926 qua:
2955 2856 3011 2911 in
3049 2858 3226 2914 tribus
3257 2857 3470 2912 solibus
3509 2858 3598 2910 iu-

2016 2957 2100 3004 ter
2129 2966 2187 3004 se
2221 2948 2627 3004 cohmrentibus
2663 2957 2845 3003 mente
2884 2949 3217 3018 concipitur,
3255 2947 3600 3002 individuum

2017 3042 2184 3094 trium
2223 3041 2588 3112 hypostaseou
2625 3041 2943 3095 connetari.
2986 3040 3192 3094 Horum
3229 3055 3361 3095 vero
3401 3039 3603 3094 indivi-

2017 3133 2187 3187 duum
2237 3149 2342 3186 non
2386 3133 2605 3188 aliunde
2641 3134 2912 3203 originem
2956 3133 3147 3198 habet,
3189 3147 3355 3201 quam
3401 3147 3466 3185 ex
3513 3147 3602 3194 eo,

1939 3198 1984 3257 α
2017 3225 2162 3295 quod
2198 3241 2292 3296 per
2322 3225 2521 3280 Filium
2555 3198 2790 3294 Spiritus
2814 3225 3030 3281 exsistit
3054 3241 3082 3280 a
3115 3198 3296 3281 Patre.

2019 3362 2279 3432 Ejusdem
2313 3363 2376 3416 de
2409 3363 2683 3433 dogmate,
2717 3370 2764 3415 et
2803 3363 3181 3416 constitutione
3213 3362 3601 3431 episcoporum.

2092 3551 2203 3606 XL.
2247 3571 2264 3602 ι
2308 3549 2562 3606 Profecto
2597 3564 2695 3628 nec
2734 3548 2999 3619 quosdam
3047 3548 3118 3603 ila
3137 3548 3318 3604 Patris
3359 3557 3607 3603 amantes

2027 3664 2044 3697 ι
2085 3660 2206 3700 esse
2237 3653 2474 3712 oportet,
2509 3653 2566 3697 ut
2597 3643 2673 3695 illi
2708 3641 2886 3697 Patris
2913 3657 3113 3696 nomen
3149 3641 3416 3702 adimant.
3446 3641 3607 3709 cujus

2030 3755 2048 3786 ι
2082 3736 2227 3790 enim
2256 3735 2415 3788 Pater
2441 3733 2629 3794 fuerit,
2665 3732 2710 3786 si
2739 3731 2912 3787 Filius
2939 3733 3008 3787 ab
3040 3747 3106 3786 eo
3136 3742 3327 3787 natura
3353 3733 3611 3786 diversus

2029 3843 2047 3877 ι
2085 3841 2208 3881 esse
2244 3825 2494 3887 dicatur,
2536 3831 2700 3893 atque
2747 3837 2854 3876 una
2903 3839 3028 3876 cum
3065 3823 3294 3892 reliquis
3334 3825 3611 3877 creaturis.

2029 3934 2046 3969 ι
2088 3915 2469 3970 abalienetur?
2511 3930 2610 3971 nec
2639 3929 2833 3970 rursus
2878 3916 2950 3969 ita
2990 3914 3196 3970 Christi
3239 3924 3514 3979 amantes,
3554 3923 3614 3966 ut

2029 4028 2047 4058 ι
2092 4024 2156 4061 ne
2182 4006 2304 4061 Filii
2333 4007 2552 4076 quidem
2582 4021 2782 4060 nomen
2811 4006 2860 4060 ei
2893 4007 3163 4074 integrum
3191 4013 3431 4067 servent,
3458 4006 3614 4070 cujus

2033 4119 2050 4152 ι
2089 4099 2232 4154 enim
2251 4113 2436 4166 quaeso
2461 4095 2634 4150 Filius
2661 4095 2849 4156 luerit,
2872 4095 2975 4150 nisi
3003 4095 3068 4149 ad
3097 4094 3312 4148 Patrem
3340 4102 3602 4162 tanquam

2035 4210 2054 4243 ι
2091 4191 2158 4245 ad
2193 4190 2523 4259 principium
2551 4188 2864 4245 referatur?
2895 4204 2993 4242 nec
3022 4187 3259 4257 denique
3284 4185 3428 4241 Patri
3460 4185 3612 4255 prin-

2037 4300 2054 4332 ι
2091 4281 2219 4350 cipii
2246 4280 2566 4349 dignitatem
2600 4279 2947 4339 imminuere,
2971 4273 3138 4348 quam
3173 4286 3231 4331 ut
3255 4276 3416 4331 Pater
3440 4284 3496 4329 et
3522 4291 3614 4343 ge-

2036 4391 2054 4424 c
2092 4372 2234 4426 nitor
2269 4372 2430 4426 habet
2465 4389 2478 4424 :
2513 4385 2807 4440 parvorum
2835 4373 3039 4424 etenim
3069 4377 3239 4431 certe,
3270 4370 3500 4436 ipsoque
3534 4367 3617 4419 iu-

2039 4482 2056 4514 ι
2097 4464 2389 4534 dignorum
2435 4461 2763 4532 principium
2807 4459 3012 4523 fuerit,
3063 4459 3168 4514 nisi
3213 4459 3438 4514 Deitatis
3474 4458 3618 4527 ejus.

338 4578 356 4606 ι
406 4556 507 4609 ἕνα
537 4553 670 4608 Θεὸν
697 4557 907 4624 τηρεῖν,
944 4555 1159 4617 καὶτὰς
1191 4556 1344 4624 τρεῖς
1370 4556 1700 4620 ὑποστάσεις
1730 4556 1910 4626 ὸμολο

2039 4576 2057 4608 ι
2094 4572 2217 4626 quae
2245 4557 2296 4610 in
2323 4554 2464 4610 Filio
2484 4567 2540 4610 et
2565 4553 2772 4622 Spiritu
2801 4563 2992 4609 sancto
3016 4553 3423 4615 consideratur,
3449 4566 3617 4606 causa

338 4669 357 4700 ι
405 4649 549 4716 γεῖν,
584 4647 762 4700 εἱ’τουν
792 4649 922 4715 τρία
953 4645 1244 4715 πρόσωπα,
1266 4649 1360 4700 καὶ
1392 4647 1632 4716 ἑκάστην
1657 4647 1797 4716 μετὰ
1827 4648 1927 4717 τῆς

340 4762 358 4791 ι
413 4739 702 4808 ἰδιότητος.
746 4739 982 4807 Τηροῖτο
1029 4737 1074 4790 δ’
1127 4738 1214 4803 ἂν,
1266 4737 1343 4799 ὡς
1373 4739 1401 4790 ὁ
1445 4739 1576 4806 ἐμὸς
1609 4737 1790 4806 λόγος,
1846 4735 1926 4802 εἷς

345 4851 361 4882 ι
413 4831 513 4900 μὲν
540 4829 695 4893 Θεὸς,
727 4830 806 4892 εἰς
837 4828 897 4882 ἒν
929 4829 1104 4883 αίτιον
1136 4829 1230 4882 καὶ
1274 4828 1406 4883 Υἰοῦ
1450 4833 1547 4884 καὶ
1605 4833 1926 4902 Πνεύματος

348 4943 365 4976 ι
411 4923 862 4992 ἀναφερομένων,
893 4921 955 4974 ού
990 4922 1416 4988 συντιθεμένων,
1449 4921 1572 4975 οὐδὲ
1605 4923 1927 4992 συναλειφθ-

348 5033 364 5064 ι
418 5014 620 5082 μένων,
650 5011 746 5064 καὶ
779 5011 920 5064 κατὰ
951 5010 1013 5063 τὸ
1063 5010 1121 5063 ἓν
1153 5012 1249 5064 καὶ
1285 5009 1482 5064 ταυτὸν
1513 5014 1614 5081 τῆς
1645 5013 1920 5083 Θεότητος,

350 5121 367 5151 ι
417 5102 488 5155 ἶν’
520 5097 1008 5168 οὕτως’όνομάσω.
1039 5100 1251 5169 κίνημά
1289 5117 1347 5153 τε
1375 5101 1468 5154 καὶ
1514 5099 1786 5172 βούλημα,
1837 5104 1934 5157 καὶ

352 5214 367 5242 ι
417 5193 518 5260 τὴν
547 5193 649 5261 τῆς
680 5191 868 5254 οὐσίας
901 5191 1233 5261 ταυτότητα.
1273 5211 1290 5243 ι

355 5307 371 5337 ι
411 5292 538 5340 dem
613 5286 944 5348 divinitatis,
1001 5296 1059 5339 ut
1110 5286 1184 5339 ita
1234 5286 1448 5355 loquar,

355 5399 370 5430 ι
414 5391 557 5432 mus.
601 5397 622 5430 ι

966 5471 1347 5527 Ἐπιστασία.

433 5588 451 5622 ι
497 5569 744 5630 Συνετῶς
773 5568 1014 5638 πρόσεχε
1044 5569 1140 5622 καὶ
1172 5571 1294 5632 ταῖς
1346 5569 1445 5638 τῆς
1482 5568 1762 5639 παρούσης
1791 5588 1944 5641 περι·

362 5680 383 5715 ε
430 5663 606 5732 κοπῆς
643 5662 959 5724 συλλαϐαῖς,
993 5664 1165 5734 ἠγουν
1195 5665 1335 5728 ταῖς,
1373 5665 1590 5733 μικρῶν
1619 5663 1729 5734 γάρ
1755 5663 1822 5717 ἂν
1855 5665 1942 5734 εἴη

1532 5287 1872 5355 mulionem,
1911 5297 1964 5343 et
2027 5291 2364 5344 voluntatem
2391 5332 2404 5354 ,

2043 4669 2061 4701 ι
2100 4650 2192 4703 sit.
2220 4647 2680 4718 Quandoquidem
2731 4655 2786 4702 et
2816 4660 2960 4700 unus
2992 4643 3150 4699 Deus.
3173 4643 3492 4699 retinendus
3513 4654 3618 4706 est,

2041 4761 2061 4794 ι
2099 4753 2149 4796 et
2185 4752 2296 4796 tres
2330 4742 2671 4813 hypostases,
2706 4739 2822 4795 sive
2855 4747 2966 4792 tres
2995 4752 3243 4806 personae
3270 4735 3620 4796 conﬁtendam

2045 4855 2062 4886 ε
2100 4844 2154 4888 et
2179 4834 2402 4903 quidem
2434 4846 2779 4902 unaquaeque
2800 4846 2924 4885 cum
2952 4845 3050 4884 sua
3073 4829 3428 4900 proprietate.
3453 4829 3624 4882 Porm

2045 4940 2064 4972 ε
2105 4923 2206 4977 hac
2255 4923 2464 4978 ratione
2508 4937 2626 4975 mea
2676 4907 2897 4991 quidem
2943 4920 3242 4982 sententia,
3289 4917 3433 4972 Deus
3485 4934 3625 4971 unus

2049 5033 2064 5064 ι
2105 5014 2450 5077 retinebitur,
2498 5014 2544 5067 si
2594 5012 2788 5066 Filium
2841 5022 2894 5066 et
2943 5013 3208 5082 Spiritum
3256 5023 3504 5067 sanetum
3558 5015 3623 5064 al

2052 5125 2069 5157 ι
2111 5120 2271 5159 unam
2315 5120 2539 5160 causam
2589 5104 2924 5168 referemus,
2961 5121 3070 5160 non
3107 5115 3288 5158 autem
3325 5118 3623 5172 εοιιιρουιιι

2051 5217 2070 5250 ι
2111 5215 2234 5254 mus
2270 5215 2369 5253 nec
2401 5198 2892 5262 commisceamus,
2926 5199 3027 5252 etsi
3070 5213 3234 5252 unam
3273 5207 3437 5265 atque
3473 5210 3627 5248 eam-

2500 5291 2866 5358 esseutiaeque
2961 5289 3302 5344 identilatcm
3359 5285 3629 5356 intelliga-

2611 5470 3039 5526 Animadversio.

2127 5587 2144 5619 ι
2186 5548 2487 5621 Prudenter
2528 5565 2795 5620 attendito
2833 5575 2886 5618 et
2922 5563 3150 5630 hujusce
3189 5559 3474 5630 pericnpcs
3517 5562 3628 5632 syl-

2051 5681 2069 5713 ι
2110 5660 2266 5720 labis.
2300 5674 2518 5726 nempe,
2555 5659 2851 5712 Parvoruzn
2885 5655 3029 5709 enim
3068 5664 3236 5718 certe,
3273 5665 3436 5722 atque
3471 5655 3581 5708 indi
3606 5689 3620 5697 ο

365 5754 390 5807 ι
436 5757 532 5822 καί
559 5754 799 5821 ἀναξίων
834 5753 999 5824 ἁρχὴ,
1032 5755 1106 5825 μὴ
1138 5754 1394 5826 Θεότητος
1422 5752 1500 5808 ὢν
1531 5753 1706 5817 αἴτιος
1743 5755 1840 5824 τῆς
1889 5755 1910 5806 ὲ

2052 5771 2068 5804 ι
2109 5767 2338 5822 gunrum
2384 5749 2748 5819 principium,
2786 5747 2888 5798 nisi
2937 5744 3199 5806 Deitatis,
3234 5761 3352 5814 quze
3391 5747 3444 5800 in
3490 5744 3626 5801 Ρητο

371 5868 388 5899 ι
436 5847 550 5917 Υἱῴ
583 5847 676 5899 καὶ
732 5846 1010 5916 ιίν;ύματι
1050 5847 1470 5917 Θεωρουμένης*

1535 5850 1628 5900 καὶ
1676 5850 1814 5912 ταῖς,
1868 5843 1946 5910 εἷς

2057 5864 2073 5897 ι
2111 5858 2160 5898 ct
2189 5845 2390 5913 Spiritu
2420 5851 2610 5896 saucio
2638 5837 3036 5903 εοιιείεῑοιιιιιιγ,
3073 5838 3405 5906 principium
3443 5838 3627 5893 fuerit:
