4002 6410
486 380 586 444 ΠΙ

1579 386 1789 448 JOAN.
1837 385 2042 447 VECCI
2088 384 2201 446 CP.
2242 384 2756 448 PATRIARCIIE

3649 387 3755 452 472

488 511 508 544 ι
549 493 789 547 necnon
829 500 883 548 et
923 492 1064 558 illis,
1100 493 1243 551 Deus
1284 510 1449 561 unus,
1485 496 1612 552 siin
1651 511 1816 552 uuam
1845 512 2053 554 causari

2183 514 2202 547 ‹
2255 495 2356 566 μὲν
2383 497 2537 562 Θεὸς,
2561 498 2644 561 εἰς
2675 496 2734 552 ἓν
2764 497 2940 552 αἴτιον
2975 497 3106 554 Υιοῦ
3155 499 3250 554 καὶ
3277 497 3597 570 Πνεύματος
3622 501 3754 555 ἀνα·
3783 489 3810 510 ⁸

486 603 504 636 ι
548 584 744 640 Filium
774 595 825 641 et
855 587 1116 656 Spiritum
1148 587 1466 644 referemus.
1509 607 1528 640 ι

1133 677 1422 748 Refutatio.

432 837 443 849 ‘
553 766 660 822 Illis
686 767 980 836 praemissa:
1015 769 1299 840 pericopes
1343 772 1894 852 syllabis.attendere
1968 775 2067 831 ad-

479 857 742 923 hortaris,
781 878 997 931 nempe,
1033 881 1050 914 ι
1092 863 1392 920 Parvorum
1428 867 1573 921 enim
1605 877 1753 924 certe
1776 876 1943 939 atque
1975 869 2064 925 in-

477 952 768 1022 dignorum
801 954 1134 1024 principium
1164 967 1202 1018 ,'
1225 957 1332 1012 nisi
1381 956 1642 1026 Deitatis,
1681 975 1804 1030 quae
1838 961 1892 1015 in
1924 961 2065 1017 Filio

473 1053 526 1096 et
551 1043 754 1112 Spiritu
786 1055 980 1101 sancto
1013 1048 1411 1116 consideratur,
1447 1050 1777 1122 principium
1813 1051 2000 1108 fuerit.
2035 1071 2056 1107 ι

473 1151 576 1191 nec
605 1152 712 1192 non
745 1147 800 1193 et
836 1139 968 1206 illis,
1007 1159 1025 1192 ι
1062 1141 1207 1196 Deus
1249 1158 1392 1198 unus
1415 1183 1430 1208 ,
1463 1144 1510 1200 si
1545 1144 1598 1198 in
1632 1161 1797 1199 uuam
1832 1161 2058 1202 causam

475 1226 675 1284 Filium
722 1241 778 1286 et
825 1232 1090 1302 Spiritum
1143 1233 1469 1290 referamus.
1531 1256 1551 1288 ι
1609 1237 1918 1307 Amplector
1958 1253 2062 1307 ego

471 1323 723 1388 equidem
757 1324 903 1394 quod
938 1326 1192 1396 suggeris
1229 1347 1240 1382 :
1279 1337 1660 1383 verumtamen
1693 1329 1811 1401 ipse
1839 1345 2060 1402 quoque

473 1412 711 1466 auditori
756 1429 1023 1483 suggero,
1053 1417 1319 1472 attentius
1365 1418 1750 1485 considerare,
1795 1421 1850 1475 in
1892 1435 2058 1476 unam

473 1519 697 1556 causam
724 1504 913 1561 referri
946 1506 1148 1561 Filium
1177 1519 1230 1563 et
1265 1509 1552 1578 Spiritum,
1591 1526 1700 1566 non
1729 1527 1852 1569 esse
1882 1513 2060 1584 impeo

471 1596 750 1660 dimento,
789 1598 921 1668 quin
965 1599 1152 1654 statim
1196 1600 1562 1672 intelligatur,
1609 1603 1714 1660 alio
1751 1615 1917 1676 atque
1947 1606 2057 1663 alio

471 1686 635 1739 modo
670 1686 783 1741 haec
815 1689 1004 1744 eadem
1039 1691 1106 1756 ad
1137 1707 1302 1746 unam
1336 1708 1559 1748 causam
1590 1694 1804 1751 referri.
1834 1695 1902 1752 Et
1929 1713 2056 1753 cum

469 1780 682 1833 nullum
713 1780 862 1835 aliud
891 1783 964 1837 sit
993 1782 1314 1850 discrimen,
1340 1785 1454 1854 sisi
1487 1786 1621 1841 illud
1656 1807 1674 1840 ι
1713 1789 1974 1845 continue
2002 1799 2057 1846 et

468 1888 565 1940 per
596 1873 729 1928 illud
766 1875 914 1943 quod
947 1875 1211 1930 continue
1245 1888 1350 1942 est,
1392 1896 1412 1929 ι
1447 1879 1584 1933 nihil
1613 1878 1776 1950 plane
1808 1881 2058 1960 adducta:

467 1966 692 2035 syllaba:
715 1967 1030 2022 conducent
1053 1970 1120 2023 ad
1146 1969 1642 2027 demonstrandum
1670 1989 1736 2028 ex
1760 1974 1879 2030 solo
1903 1973 2065 2031 Patre

467 2071 593 2110 esse
625 2058 888 2126 Spiritum
921 2068 1200 2115 sanctum.
1235 2049 1352 2116 luto
1384 2062 1522 2117 illud
1550 2063 1778 2134 insuper
1814 2066 2066 2122 conside-

467 2148 700 2202 randum
751 2158 857 2215 est,
887 2151 1030 2220 quod
1065 2167 1292 2208 sanctus
1325 2153 1587 2221 insinuat,
1627 2173 1646 2208 ι
1677 2156 1896 2211 Patrem
1935 2173 2065 2214 cau-

468 2257 586 2296 sam
615 2256 736 2296 esse
767 2243 1030 2309 Deitatis,
1062 2260 1184 2314 qua:
1216 2245 1270 2299 in
1304 2244 1443 2302 Filio
1464 2256 1520 2302 et
1563 2246 1770 2318 Spiritu
1801 2251 2060 2306 conside-

466 2346 660 2401 ratur;
693 2355 711 2388 t
744 2349 1120 2394 verumtamen
1150 2337 1390 2408 Spiritus
1416 2343 1659 2397 essentia
1691 2356 1754 2396 ac
1777 2341 2057 2408 divinitas,

464 2443 531 2480 ex
564 2430 807 2485 essentia
841 2438 896 2484 et
921 2429 1213 2485 divinitate
1246 2430 1368 2486 Filii
1399 2432 1622 2500 dicitur,
1656 2432 1803 2502 quod
1835 2434 2058 2503 quidem

464 2523 611 2577 nulla
646 2524 859 2579 ratione
885 2524 996 2578 diri
1027 2527 1252 2595 poterit,
1287 2527 1392 2581 nisi
1421 2525 1662 2595 Spiritus
1686 2539 1830 2584 esset
1855 2542 1924 2583 ex
1949 2525 2058 2582 Pa-

464 2627 548 2671 tre
572 2633 667 2685 per
695 2613 920 2671 Filium.
954 2616 1170 2672 Etenim
1205 2618 1249 2672 si
1285 2617 1428 2673 forte
1459 2619 1776 2674 immediate
1801 2635 1866 2674 ex
1896 2617 2060 2673 Patre

461 2709 785 2773 οχείδιυτοι,
829 2724 1109 2778 nunquam
1159 2709 1402 2780 profecto
1425 2709 1607 2765 dictus
1646 2709 1877 2764 fuisset:
1918 2727 1936 2760 ι
1977 2707 2058 2764 Ex

462 2800 706 2854 essentia
733 2811 788 2853 et
812 2799 1024 2854 Deitate
1053 2800 1178 2854 Filii
1213 2802 1493 2870 progredi.
1529 2820 1549 2853 ι

818 2891 1076 2960 Ejusdem
1113 2909 1179 2946 ea:
1218 2893 1403 2948 eadem
1434 2894 1696 2948 oratione.

533 2984 673 3041 XLI.
711 3003 730 3036 ι
771 2987 946 3038 Audis
988 2987 1394 3056 generationem
1438 2987 1662 3042 modum
1687 3003 1753 3042 ne
1775 2987 2054 3045 curiosius

467 3096 485 3126 ι
529 3075 797 3145 inquiras.
843 3075 1018 3132 Audis
1051 3077 1320 3147 Spiritutu
1361 3093 1426 3132 ex
1465 3075 1626 3132 Patre
1667 3078 1965 3148 progredi?
1999 3078 2051 3132 id

2176 605 2195 640 ι
2242 588 2586 659 φερομένων.
2632 609 2649 642 ι

2343 753 2348 756 _
2771 683 3161 756 ἈντΙρῤησις.

2240 770 2374 835 Ταῖς
2398 771 2502 843 τῆς
2531 773 2796 846 ῥηθείσης
2827 777 3142 847 περικοπῆς
3171 777 3472 845 συλλαϐαῖς
3517 779 3752 852 ὕποτίθη

2167 860 2479 931 προσέχειν,
2512 866 2666 929 ταῖς,
2701 883 2720 917 ι
2761 865 2992 937 Μικρῶν
3016 866 3128 938 γάρ
3154 867 3222 922 ἀν
3250 869 3337 939 εἴη
3372 873 3468 924 καὶ
3513 868 3757 934 ἀναξίων

2165 950 2337 1022 ἀρχὴ,
2376 953 2452 1024 μὴ
2483 953 2741 1027 θεότητος
2771 954 2848 1009 ὣν
2869 957 3044 1022 αἴτιος
3074 958 3176 1030 τῆς
3202 961 3264 1014 έν
3296 960 3414 1032 ΥΞῷ
3445 961 3544 1016 καὶ
3587 959 3761 1014 Πνεῦ-

2171 1059 2306 1113 ματι
2361 1043 2770 1118 θεωρουμένης,
2809 1050 2906 1102 καὶ
2934 1051 3080 1116 ταῖς,
3123 1047 3205 1116 εἷς
3248 1052 3348 1122 μὲν
3391 1051 3526 1116 Θεὸς
3579 1053 3666 1114 εἰς
3701 1050 3759 1104 έν

2165 1137 2342 1191 αἴτιον
2367 1139 2464 1192 καὶ
2491 1138 2622 1193 Υἱοῦ
2659 1141 2754 1194 καὶ
2797 1141 3122 1213 Πνεύματος
3165 1145 3628 1217 ἀναφερομένων,
3666 1147 3762 1199 καὶ

2159 1225 2394 1296 δέχομαί
2435 1244 2529 1281 σου
2562 1229 2663 1300 τὴν
2690 1229 2997 1302 ὑποθήκην.
3036 1231 3202 1286 Ἀλλά
3224 1231 3302 1304 τῷ
3329 1233 3482 1304 αὐτῷ
3507 1234 3760 1306 ἀκροατῇ

2165 1314 2470 1386 ὑποτίθημι
2503 1317 2596 1371 καὶ
2627 1318 2795 1382 αὐτὸς
2845 1322 3074 1374 σκοπεῖν
3122 1320 3546 1393 ἀκριϐέστερον,
3593 1323 3677 1385 ὡς
3703 1324 3764 1385 τιὸ

2163 1407 2246 1471 εἰς
2275 1407 2334 1460 ἓν
2360 1409 2535 1463 αἴτιον
2564 1411 2942 1481 ἀναφέρεσθαι
2966 1411 3059 1468 τὸν
3087 1412 3216 1467 Υἱὸν
3253 1413 3350 1468 καὶ
3398 1413 3460 1467 τὸ
3506 1413 3763 1485 Πνεῦμα,

2169 1494 2327 1550 οὐδέν
2371 1497 2602 1556 τιέστιν
2629 1499 2886 1570 ἐμποδὼν
2937 1502 3075 1572 πρὸς
3111 1503 3174 1558 τὸ
3232 1506 3374 1558 νοεῖν
3409 1506 3760 1575 παραυτίκα,

2164 1585 2242 1651 ὡς
2273 1587 2550 1660 διαφόρως
2580 1589 2756 1644 ταῦτα
2779 1593 2916 1662 πρὸς
2946 1593 3009 1645 τὸ
3049 1592 3266 1647 τοιοῦτο
3294 1593 3354 1648 ἓν
3389 1595 3764 1667 ἀναφέρονται

2161 1673 2355 1730 αἴτιον.
2376 1677 2488 1730 Καὶ
2507 1679 2628 1732 ἐπεὶ
2649 1679 2804 1734 οὐδὲν
2823 1679 2954 1734 ἄλλο
2975 1681 3258 1753 ἡδιαφορά
3279 1684 3329 1736 ει
3354 1683 3431 1754 μὴ
3452 1683 3514 1736 τὸ
3545 1700 3568 1735 ε
3597 1700 3766 1755 προσ-

2161 1767 2322 1836 εχῶς,
2356 1768 2453 1822 καὶ
2507 1769 2606 1823 διέι
2657 1769 2749 1824 τοῦ
2788 1772 3097 1844 προσεχῶς,
3141 1792 3162 1826 ι
3198 1774 3356 1828 οὐδέν
3391 1791 3446 1827 τι
3480 1776 3538 1829 αι
3569 1775 3765 1848 ῥηθεῖσ

2089 1846 2130 1902 Β
2167 1875 2259 1911 σαι
2297 1859 2677 1915 συντελέσουσι
2737 1862 3005 1917 συλλαϐαὶ
3055 1864 3195 1934 πρὸς
3239 1865 3524 1933 ἀπόδειξιν
3563 1846 3663 1922 τοῦ
3697 1872 3759 1925 ἐκ

2169 1951 2332 2021 μόνου
2362 1951 2458 2005 τοῦ
2493 1952 2706 2024 Πατρὸς
2740 1949 2880 2009 εἶναι
2909 1957 2970 2009 τὸ
3014 1954 3246 2026 Πνεῦμα
3276 1957 3340 2011 τὸ
3379 1957 3558 2027 ἅγιον.
3583 1961 3680 2013 Δεῖ
3705 1960 3760 2014 δὲ

2165 2045 2638 2112 προσεπισκοπεῖν
2666 2044 2763 2098 καὶ
2795 2045 2878 2098 ὅτι
2915 2063 2935 2098 ι
2963 2045 3057 2099 τὸν
3088 2049 3314 2120 Πατέρα
3343 2049 3541 2116 αἴτιον,
3588 2069 3608 2103 ι
3650 2049 3749 2120 ἔφη

2163 2133 2393 2202 ὸάγιος,
2436 2153 2455 2188 ι
2485 2135 2585 2205 τῆς
2619 2137 2678 2190 ὲν
2728 2137 2844 2208 Υἱῷ
2893 2139 2984 2192 καὶ
3041 2139 3323 2212 Πνεῦματι
3369 2142 3751 2214 θεωρουμένης

2165 2224 2442 2294 θεότητος.
2488 2227 2650 2282 Ἀλλά
2693 2229 2725 2300 ἠ
2752 2229 2846 2282 τοῦ
2875 2229 3194 2301 Πνεύματος
3215 2231 3378 2286 οὐσία
3413 2235 3512 2288 καὶ
3537 2234 3756 2304 θεότης,

2164 2317 2261 2371 καὶ
2290 2321 2354 2371 ὲκ
2379 2321 2478 2389 τῆς
2506 2319 2696 2384 οὐσίας
2730 2320 2825 2374 καὶ
2884 2321 3144 2393 θεότητος
3168 2323 3390 2392 λέγεται
3436 2324 3535 2378 τοῦ
3595 2325 3754 2382 Υιοῦ.

2165 2408 2346 2481 ὀπερ
2379 2411 2494 2475 πῶς
2545 2411 2613 2466 ἂν
2644 2413 2871 2484 ἐρρέθη,
2907 2415 2958 2467 ει
3008 2413 3085 2486 μὴ
3135 2416 3200 2468 τὸ
3253 2415 3484 2486 Πνεῦμα
3529 2416 3618 2471 διὰ
3658 2417 3758 2472 τοῦ

2161 2501 2294 2557 Υιοῦ
2315 2503 2383 2574 ἦν
2418 2506 2482 2557 ὲκ
2513 2506 2756 2575 Πατρός;
2804 2506 3053 2576 Ἀμέσως
3079 2507 3190 2578 γάρ
3225 2507 3357 2571 ἴσως
3389 2507 3643 2579 ὑπάρχον
3696 2513 3761 2565 ἐκ

2161 2593 2256 2648 τοῦ
2295 2596 2527 2666 Πατρὸς,
2559 2597 2659 2649 οὐκ
2686 2597 2753 2651 ἄν
2780 2615 2917 2652 ποτε
2957 2600 3181 2672 ἐρρέθη.
3200 2600 3296 2654 Ἐκ
3318 2599 3417 2671 τῆς
3437 2601 3631 2668 οὐσίας
3661 2603 3761 2659 καὶ

2163 2685 2416 2758 θεότητος
2458 2688 2554 2742 τοῦ
2587 2687 2719 2743 Υίοῦ
2755 2692 2967 2762 προῖόν.

2423 2868 2537 2936 Τοῦ
2565 2870 2757 2930 αὐτοῦ
2789 2876 2858 2930 ἐκ
2887 2871 2997 2932 τοῦ
3035 2873 3228 2935 αὐτοῦ
3259 2881 3473 2950 λόγου.

2228 2965 2363 3020 MA'.
2401 2983 2421 3018 ι
2469 2966 2714 3032 Ἀκούεις
2740 2968 3037 3040 γέννησιν;
3073 2969 3147 3026 Τὸ
3186 2973 3304 3038 πῶς
3338 2975 3416 3046 μὴ
3445 2979 3757 3048 περιεργά-

2163 3075 2182 3110 ι
2225 3058 2342 3124 ζου.
2392 3061 2640 3125 Ἀκούεις
2673 3063 2758 3116 ὅτι
2789 3063 3016 3133 Πνεῦμα
3044 3064 3107 3118 τὸ
3139 3067 3332 3136 προϊὸν
3387 3070 3454 3121 ἐκ
3502 3069 3599 3123 τοῦ
3643 3073 3757 3125 Πα-

468 3186 486 3218 ι
529 3169 807 3238 quomodo
836 3168 948 3234 ﬁat,
981 3185 1050 3225 ne
1079 3169 1246 3225 anxio
1273 3169 1455 3226 studio
1486 3169 1872 3240 perscruteris.
1891 3167 2048 3236 Quod

2167 3169 2182 3202 ι
2231 3153 2494 3224 τρόςςΤὸ
2521 3155 2672 3218 ὅπως
2719 3155 2795 3225 μὴ
2848 3157 3320 3228 πολυπραγμόνει.
3369 3160 3431 3214 Ei
3462 3161 3522 3215 δὲ
3576 3165 3753 3218 πολυο

467 3282 485 3313 ι
528 3261 572 3315 si
605 3254 658 3317 in
702 3261 824 3317 Filii
873 3262 1228 3333 generatione
1275 3271 1330 3316 et
1373 3261 1614 3332 Spiritus
1657 3265 2050 3333 progressione

2167 3259 2180 3294 t
2233 3247 2576 3314 πραγμονεῖς
2610 3243 2740 3299 Υιοῦ
2771 3246 3060 3319 γέννησιν,
3118 3251 3216 3303 καὶ
3251 3250 3579 3320 Πνεῦματος
3611 3257 3752 3325 πρό·

471 3373 487 3404 ι
527 3354 946 3423 pervestiganda
985 3353 1270 3408 curiosum
1302 3361 1355 3407 te
1398 3355 1642 3421 praebes,
1682 3368 1786 3423 ego
1827 3368 2050 3423 quoque

469 3467 486 3496 ι
531 3445 646 3514 pari
678 3446 1000 3500 curiositate
1028 3453 1177 3499 tuam
1205 3445 1402 3500 anima:
1422 3447 1786 3515 corporisque
1815 3444 2050 3516 conjun-

467 3559 484 3590 ι
523 3537 759 3593 ctiouem
791 3548 845 3592 et
873 3545 1370 3608 temperamentum
1405 3537 1702 3609 inquiram.
1743 3558 1765 3592 ι

1047 3629 1477 3685 Animadversio.

536 3738 556 3771 ι
593 3719 748 3786 Quod
797 3719 885 3776 hic
917 3721 1182 3776 asseritur
1218 3721 1602 3790 plenissimum
1641 3731 1744 3784 est,
1775 3732 1829 3777 et
1851 3737 2048 3792 supra-

465 3831 486 3865 ο
522 3813 684 3866 dictis
715 3813 856 3867 haud
884 3813 1170 3868 dissimile.
1198 3811 1443 3883 Namque
1471 3814 1558 3867 hic
1591 3813 1752 3867 etiam
1794 3829 1860 3868 ex
1890 3812 2051 3868 Patre

464 3925 484 3958 ι
523 3916 575 3960 et
613 3905 782 3959 Filius
812 3913 868 3960 et
904 3904 1144 3974 Spiritus
1164 3905 1736 3973 aperteinsinuantur.
1779 3924 1798 3956 ι

533 3986 536 3989 ’
1101 3995 1393 4065 Refutatio.

531 4092 734 4158 Aperte
783 4086 1050 4156 profecm,
1107 4089 1253 4157 quod
1305 4088 1394 4142 hic
1453 4087 1740 4149 astruitur,
1791 4099 1856 4141 ex
1888 4085 2049 4141 Patre

459 4192 587 4232 esse
617 4185 670 4230 et
721 4173 916 4230 Filium
940 4182 995 4228 et
1025 4173 1291 4244 Spiritum
1332 4177 1676 4229 corroborat.
1708 4175 1779 4228 At
1823 4176 2046 4244 planum

459 4283 683 4340 quoque
714 4277 800 4324 est
832 4267 1155 4338 intelligere,
1185 4267 1432 4322 eamdem
1465 4268 1775 4336 pericOpem
1809 4267 2050 4322 maxime

459 4363 571 4419 illis
599 4361 930 4426 conducere,
967 4360 1062 4431 qui
1093 4376 1162 4414 ex
1194 4357 1354 4414 Patre
1376 4369 1431 4414 et
1458 4359 1598 4414 Filio
1625 4374 1748 4414 esse
1779 4358 2046 4430 Spiritum

459 4467 711 4513 sanctum
743 4463 1055 4511 autumant.
1079 4453 1218 4509 Cum
1240 4453 1385 4508 enim
1411 4463 1637 4508 sanctus
1662 4452 1893 4508 dixisset
1923 4451 2047 4519 Spi-

2159 3353 2178 3386 ι
2225 3334 2364 3401 οδον,
2399 3337 2558 3406 κάγώ
2613 3354 2709 3392 σου
2759 3339 3208 3413 πολυπραγμονῶ
3240 3343 3302 3397 τὸ
3336 3345 3530 3415 κρᾶμα
3559 3346 3749 3417 ψυχῆς

2170 3445 2189 3478 ι
2250 3427 2344 3482 καὶ
2375 3426 2647 3500 σώματος.
2693 3450 2712 3482 ι

2763 3618 3151 3676 Ἐπιο-τασΙα.
3623 3629 3661 3666 ⁸

2229 3729 2248 3762 ι
2293 3710 2642 3778 Σαφέστατον
2665 3712 2727 3764 τὸ
2749 3711 2986 3766 ἐνταῦθα
3009 3713 3328 3784 λεγόμενον,
3352 3719 3578 3781 καὶτοῖς
3604 3735 3740 3788 προ-

2156 3821 2174 3855 ι
2218 3803 2445 3858 λαϐοῦσι
2497 3804 2826 3875 παρόμοιον.
2868 3806 2963 3859 Ἐκ
3019 3806 3116 3860 τοῦ
3171 3808 3391 3879 Πατρὸς
3446 3812 3558 3882 γὰρ
3615 3813 3740 3866 ea».

2162 3913 2181 3948 ι
2227 3894 2404 3950 ταῦθα
2434 3897 2462 3949 ὅ
2487 3913 2546 3948 τε
2574 3896 2702 3960 Υἱὸς
2735 3897 2828 3950 καὶ
2858 3897 2918 3950 τὸ
2949 3897 3175 3968 Πνεῦμα
3207 3899 3570 3970 κηρύσσεται.
3612 3919 3632 3956 ι
3675 3939 3682 3945 -

2751 3990 3150 4058 Ἀπίρρησις.

2222 4085 2401 4152 nam
2456 4084 2557 4151 μὲν
2608 4084 2672 4138 τὸ
2721 4083 2959 4141 ἐνταῦθα
2996 4085 3314 4158 λεγόμενον,
3367 4087 3467 4139 καὶ
3523 4088 3592 4141 ὲκ
3636 4085 3734 4141 τοῦ

2152 4176 2369 4246 Πατρὸς
2415 4171 2556 4229 εἶναι
2610 4175 2765 4246 δηλοῖ
2817 4178 2912 4229 καὶ
2959 4177 3125 4230 αὐτὸν
3195 4178 3290 4232 τὸν
3355 4178 3487 4232 Υἱὸν
3533 4181 3632 4232 καὶ
3679 4181 3740 4231 τὸ

2152 4269 2400 4339 Πνεῦμα.
2432 4271 2612 4339 Σαφὲς
2639 4270 2696 4324 δέ
2727 4274 2845 4324 ἐστι
2889 4272 3122 4325 συνιδεῖν
3152 4274 3248 4325 καὶ⁵
3272 4271 3350 4336 ὡς
3392 4273 3426 4344 η
3461 4273 3742 4344 περικοπή

2151 4359 2294 4430 αῦτη
2324 4359 2628 4428 συμϐάλλει
2659 4361 2800 4413 κατὰ
2833 4361 2969 4414 πολὺ
3000 4362 3113 4424 τοῖς
3146 4359 3402 4427 λέγουσιν
3427 4362 3495 4414 ἐκ
3521 4359 3742 4430 Πατρὸς

2152 4453 2249 4506 καὶ
2281 4451 2415 4505 Υῑοῦ
2439 4447 2667 4505 εἶναιτὸ
2698 4451 2929 4520 Πνεῦμα
2963 4451 3024 4506 τὸ
3086 4453 3265 4521 ἆγιον.
3329 4451 3518 4506 Εἰπὼν
3567 4451 3680 4522 γάρ
3713 4453 3742 4505 ό

456 4551 620 4604 ritum
653 4547 908 4619 progredi
939 4562 1007 4601 ex
1058 4545 1241 4612 Patre,
1291 4554 1346 4599 et
1376 4545 1674 4600 dictionem
1725 4543 1875 4598 illam
1926 4544 2046 4598 loco

2167 4544 2308 4612 ἱγιος
2339 4544 2401 4596 τὸ
2441 4543 2668 4614 Πνεῦμα
2709 4545 2900 4615 προϊὸν
2933 4546 2999 4598 ἐκ
3025 4546 3264 4613 Πατρὸς,
3308 4545 3406 4599 καὶ
3450 4545 3744 4616 χρησάμε-

457 4639 832 4707 processionis
867 4627 1209 4706 usurpasset,
1250 4636 1410 4706 plane
1456 4633 1828 4689 manifestavit
1893 4648 2044 4696 eum.

457 4733 551 4801 qui
587 4747 651 4785 ex
689 4729 850 4784 Patre
877 4737 931 4783 et
960 4727 1098 4782 Filio
1131 4727 1398 4797 Spiritum
1432 4727 1684 4796 progredi
1723 4726 1946 4789 asserit,
1976 4741 2045 4779 ex

459 4834 698 4892 utroque
731 4823 874 4875 illius
901 4821 1286 4875 exsistentiam
1322 4819 1590 4874 indicare.

457 4937 713 5009 Ejusdem
756 4952 820 4990 es;
854 4935 1092 4989 oratione
1117 4937 1170 4988 in
1194 4935 1408 4989 laudem
1433 4933 1664 4988 [feronia
1711 4931 2042 5001 Philosophi.

527 5105 686 5159 XLII.
720 5103 897 5170 c—Quin
918 5103 1136 5173 pietatis
1171 5111 1372 5157 nostra:
1394 5101 1703 5156 doctrinam
1731 5101 2044 5170 praescribe,

461 5219 480 5251 ι
517 5199 598 5255 sic
639 5213 740 5252 nos
772 5196 1106 5257 instituens,
1169 5205 1228 5248 ut
1289 5193 1460 5247 Deum
1516 5204 1688 5247 utrum
1739 5194 2043 5265 ingenitum

462 5311 481 5342 ε
517 5303 904 5360 agnoscamus,
938 5287 1041 5341 hoc
1064 5295 1149 5340 est
1177 5285 1415 5347 Patrem,
1447 5301 1613 5339 unum
1641 5286 1768 5340 item
1801 5286 2044 5356 genitum

463 5403 480 5434 ι
513 5382 830 5446 Dominum,
870 5377 1066 5433 Filium
1093 5377 1481 5445 videlicet,qui
1515 5375 1658 5432 Deus
1695 5380 1912 5447 quidem
1945 5392 2045 5446 ap-

463 5495 480 5520 σ
527 5477 779 5545 pellatur,
817 5489 943 5528 cum
993 5473 1059 5524 de
1097 5485 1165 5523 eo
1225 5470 1516 5538 separatim
1558 5485 1740 5523 sermo
1790 5469 2042 5538 habetur,

463 5588 481 5618 ι
528 5565 789 5620 Dominus
824 5574 1005 5618 autem
1069 5564 1289 5630 quando
1332 5577 1456 5616 eum
1497 5559 1658 5615 Patre
1689 5563 2044 5624 nominatur,

464 5679 481 5710 ι
523 5660 650 5713 illud
685 5669 906 5728 propter
955 5666 1230 5719 naturam,
1265 5655 1363 5708 hoc
1397 5664 1616 5725 propter
1640 5655 1862 5709 unicum
1905 5654 2046 5707 divi-

463 5771 481 5799 ι
523 5752 710 5805 uitatis
765 5749 1166 5820 principatum,
1219 5764 1384 5801 unum
1467 5747 1708 5814 denique
1781 5747 2044 5816 Spiritum

468 5868 488 5897 ι
519 5851 792 5912 sanctum,
820 5860 845 5896 a
866 5841 1020 5897 Patre
1046 5842 1446 5912 pl‘OtIL'dL‘uiC-ll),
1470 5851 1554 5896 .uzt
1578 5843 1738 5899 etiam
1773 5840 2045 5912 prodeun-

2149 4654 2240 4701 νος
2271 4639 2336 4708 τῇ
2369 4636 2513 4699 λέξει
2546 4638 2672 4691 ἀντὶ
2717 4637 2819 4708 τῆς
2845 4637 3262 4708 έκπορεύσεως,
3287 4636 3474 4706 σαφῶς
3505 4637 3744 4708 δεδήλω-

2149 4747 2244 4783 κεν
2281 4729 2358 4792 ὼς
2387 4732 2416 4784 ὁ
2439 4733 2505 4782 ὲκ
2539 4730 2752 4798 ιιατρὸς
2793 4731 2886 4782 καὶ
2919 4729 3053 4782 Υἱοῦ
3090 4729 3150 4782 τὸ
3197 4727 3428 4797 Πνεῦμα
3488 4729 3740 4799 προϊέναι

2145 4822 2322 4891 λέγων
2344 4821 2444 4892 τὴν
2465 4823 2523 4888 ἐξ
2553 4823 2760 4892 ἀμφοῖν
2787 4821 3050 4891 σημαῑνει
3081 4820 3248 4874 αὑτοῦ
3283 4821 3554 4891 ὓπαρξιν.

2153 4932 2265 4992 Τοῦ
2310 4937 2499 4991 αὑτοῦ
2548 4936 2618 4989 ἐκ
2667 4929 2776 4990 τοῦ
2946 4936 3186 5004 Ἥρωνα
3244 4932 3354 4988 τὸν
3395 4935 3742 5004 φιλόσοφον

2916 5023 3046 5060 νου.

2916 5023 3046 5074 του.

2219 5099 2355 5154 ΜΒ⁸.
2394 5118 2412 5151 ι
2465 5097 2680 5168 Ὀρίζου
2729 5097 2906 5150 δὲκαὶ
2964 5097 3066 5168 τὴν
3090 5097 3368 5167 ἡμετέραν
3421 5097 3734 5160 εὐσέϐειαν,

2153 5213 2171 5247 ι
2223 5193 2492 5246 διδάσκων
2531 5191 2629 5244 ἕνα
2661 5190 2760 5261 μὲν
2780 5186 2924 5242 εἶναι
2954 5190 3094 5242 Θεὸν
3143 5189 3450 5258 ἀγέννητον
3497 5189 3592 5241 τὸν
3626 5189 3735 5240 Πα-

2155 5307 2172 5339 ι
2219 5285 2499 5355 τέρα,’ἒνα
2523 5283 2582 5338 δὲ
2605 5282 2870 5352 γεννητὸν
2901 5281 3109 5354 Κύριον
3135 5282 3228 5335 τὸν
3255 5281 3385 5334 Υἱόν
3407 5299 3424 5313 ·
3445 5281 3584 5333 Θεὸν
3612 5279 3734 5350 μὲν,

2157 5401 2174 5432 ι
2221 5380 2350 5433 ὅταν
2382 5377 2499 5431 καθ’
2533 5373 2732 5430 ἑαυτὸν
2750 5375 2980 5444 λέγηται
3006 5374 3586 5444 προσαγορευόμενον,
3625 5371 3737 5425 Κύο

2155 5493 2173 5525 ι
2223 5490 2340 5543 ριον
2372 5472 2449 5534 δὲ,
2503 5456 2632 5524 ὅταν
2674 5469 2814 5538 μετὰ
2869 5467 3080 5537 Harpe;
3126 5467 3500 5537 ὀνομάζηται·
3535 5468 3596 5519 τὸ
3631 5465 3728 5534 μὲν

2156 5584 2176 5617 ι
2223 5567 2312 5619 διὰ
2342 5568 2442 5637 τὴν
2483 5564 2670 5634 φύσιν,
2709 5561 2849 5614 τὸδὲ
2896 5561 2985 5612 διὰ
3037 5561 3137 5631 τὴν
3184 5559 3508 5629 μοναρχίαν.
3551 5561 3648 5614 Ἓν
3677 5557 3734 5610 δι

2159 5679 2177 5712 ι
2226 5659 2456 5728 Πνεῦμα
2490 5660 2668 5724 ἅγιον,
2717 5653 2984 5726 προελθὸν
3015 5655 3080 5706 ἐκ
3129 5653 3224 5704 τιῦ
3291 5655 3522 5723 Πατρὸς,
3561 5655 3593 5722 ἣ
3639 5653 3730 5705 καὶ

2156 5781 2174 5804 ι
2235 5752 2444 5820 προϊὸν,
2466 5750 2599 5810 Θεὸς
2628 5750 2740 5809 τοῖς
2767 5745 2976 5812 νοητῶς
3008 5745 3190 5797 νοοῦτι
3219 5747 3285 5797 τὰ
3323 5745 3726 5810 παρακείμενα,

2159 5873 2175 5897 ι
2232 5848 2338 5906 τοῖς
2369 5842 2464 5911 μὲν
2495 5839 2715 5893 ἀσεϐἐῡι
2747 5842 2839 5894 καὶ
2878 5839 3306 5911 ποῖιεμοὺιλενυν,
3351 5843 3457 5901 τοῖς
3497 5839 3548 5890 οὲ
3599 5841 3642 5888 ι.
3673 5840 3730 5906 ἐρ
