4002 6466
262 402 381 472 473

1227 405 1311 472 ΙΝ
1348 408 1743 472 CAMATERI
1781 412 2532 483 ANlMADVERSIONES.

3435 430 3543 500 ιιι

233 507 296 570 ⁵ι
345 512 592 580 τούτους,
655 513 972 587 νοούμενον,
1032 518 1143 583 τοῖς
1194 521 1746 592 πνευματικωτέροις
1796 524 1852 577 δὲ

1976 543 1980 578 ι
2029 537 2157 593 tem,
2186 529 2356 585 Deum
2382 548 2602 603 quoque
2635 533 2812 604 ipsum
2853 536 2992 608 apud
3020 551 3154 608 eos;
3190 537 3284 611 qui
3311 553 3397 608 ea,
3425 558 3548 614 quae

267 627 288 660 σ
343 609 444 662 καὶ
477 606 814 677 λεγόμενονο
849 610 986 680 μήτε
1031 610 1140 664 ὑπὸ
1186 612 1364 684 ἀρχὴν
1411 616 1587 666 ποιεῖν
1619 613 1713 667 τὸν
1739 616 1856 668 Πα-

264 719 288 753 s
338 700 498 770 τέρα.
539 699 624 752 ἵνα
663 699 736 770 μὴ
753 698 849 752 τοῦ
872 701 1092 770 πρώτου
1119 720 1169 756 τι
1196 703 1414 772 πρῶτον
1441 704 1854 775 εἰσαγάγωμεν,

265 810 286 842 ε
336 789 403 856 ἐξ
431 783 494 843 οῦ
520 788 615 842 καὶ
643 789 706 842 τὸ
732 786 872 844 εἴναι
929 789 1134 861 πρώτῳ
1167 797 1666 863 περιτραπήσεται,
1715 796 1856 867 μήτε

263 901 285 936 ε
336 883 582 953 ἄναρχον
612 881 705 936 τὸν
724 882 875 948 Υίὸν,
906 883 937 955 ἢ
967 883 1027 958 τὸ
1062 885 1287 954 Πνεῦμα
1315 886 1376 939 τὸ
1429 885 1612 954 ἆγιον,
1649 887 1736 939 ἵνα
1775 889 1851 959 μὴ

263 995 284 1028 ι
333 975 402 1029 τὸ
433 973 532 1028 τοῦ
585 975 805 1043 Πατρὺς
863 975 995 1028 ἴδιον
1057 976 1427 1047 περιὲλωμεν.
1472 978 1587 1031 Οὐκ
1635 978 1850 1049 ἄναρχα

264 1087 285 1120 ι
335 1069 473 1138 γὰρ,
524 1067 620 1122 καὶ
668 1067 881 1138 ἄναρχά
916 1084 1071 1131 πωςο
1120 1068 1148 1121 ὃ
1209 1067 1305 1121 καὶ
1358 1069 1683 1138 παράδοξον.
1736 1071 1853 1124 Οὐκ

267 1177 288 1210 ι
333 1158 558 1229 ἄναρχα
610 1158 712 1228 μὲν
744 1161 855 1229 γὰρ
877 1159 955 1229 τῷ
1001 1160 1184 1230 αἰτίῳ,
1217 1163 1284 1214 ἐκ
1310 1159 1446 1214 Θεοῦ
1500 1162 1634 1233 γὰρ,
1671 1163 1720 1215 εἰ
1759 1165 1855 1216 καὶ

261 1267 282 1301 ι
335 1249 418 1320 μὴ
451 1247 572 1318 μετ’
597 1249 780 1315 αὑτὸν,
814 1248 890 1312 ὡς
927 1250 987 1314 ἐξ
1019 1251 1169 1321 ἡλίου
1230 1252 1384 1320 φῶςο
1430 1252 1643 1323 ἄναρχα
1689 1253 1746 1306 δὲ
1775 1253 1856 1324 τῷ

263 1359 284 1392 ι
337 1341 522 1410 χρόνῳ
548 1356 562 1372 ο
600 1341 662 1393 ού
691 1341 802 1411 γὰρ
836 1342 942 1395 ὑπὸ
969 1343 1184 1413 χρόνον,
1221 1344 1309 1397 ἵνα
1345 1343 1423 1416 μὴ
1452 1343 1512 1397 τὸ
1538 1344 1661 1415 ρέον
1685 1341 1855 1425 ᾕξτῶν

263 1455 283 1484 ι
335 1432 599 1488 ἑστώτων
631 1433 1033 1505 πρεσϐύτερον.
1071 1453 1090 1487 ι

263 1544 284 1578 ε
331 1525 610 1594 principio
633 1523 860 1580 minime
887 1535 1097 1589 carent,
1127 1537 1183 1582 et
1240 1529 1648 1597 quodammodo
1672 1539 1862 1584 carent
1889 1547 1906 1598 ;

1970 638 1988 671 ι
2027 635 2395 690 apponuntur,
2447 628 2691 696 apprime
2738 630 3068 702 intelligunt,
3117 633 3210 702 qui
3261 633 3330 688 ab
3363 635 3549 706 impils

1970 729 1988 764 ι
2016 714 2238 781 quidem
2257 717 2422 769 etiam
2459 729 2827 788 oppugnatur,
2851 721 2919 775 ab
2951 720 3019 776 iis
3054 731 3235 775 autem
3263 723 3356 792 qui
3382 739 3548 794 supra

1969 822 1988 855 ι
2034 819 2127 859 eos
2162 819 2482 877 assurgunt,
2514 812 2700 866 animo
2724 821 2778 866 et
2805 821 2988 868 mente
3022 815 3362 882 concipitur;
3394 817 3461 869 ab
3485 817 3550 871 iis

1970 913 1989 947 ι
2025 912 2172 961 vero,
2206 899 2298 967 qui
2337 889 2512 970 magis
2561 902 2838 970 spiritales
2869 913 3019 970 sunt,
3071 905 3238 959 etiam
3273 908 3543 974 prtedica-

1968 1001 2000 1039 ι·
2032 999 2138 1042 tur.
2192 985 2325 1044 Illud
2375 991 2502 1045 item
2559 997 2872 1064 praescribe,
2910 1005 2967 1051 ut
3001 1013 3101 1053 nec
3137 997 3282 1052 Patri
3347 998 3553 1067 princi-

1967 1097 1985 1131 ι
2022 1080 2174 1148 pium
2209 1083 2545 1150 tribuamus,
2583 1100 2647 1138 ne
2670 1087 2796 1154 quid
2822 1087 2998 1156 primo
3027 1089 3178 1157 prius
3203 1088 3550 1159 inducamus,

1967 1185 1986 1218 ‹
2022 1183 2086 1222 ex
2121 1183 2230 1238 quo
2264 1171 2339 1237 id,
2371 1172 2516 1240 quod
2568 1175 2804 1242 primum
2851 1185 2953 1242 est,
3000 1177 3271 1247 originem
3321 1177 3553 1233 traxisse

1967 1275 1986 1308 ι
2028 1274 2256 1315 necesse
2317 1261 2434 1330 sit;
2472 1279 2573 1317 nec
2621 1263 2819 1319 Filium
2855 1276 2909 1321 et
2953 1265 3222 1336 Spiritqu
3285 1277 3542 1322 sanctum

1968 1365 1988 1398 ι
2025 1349 2276 1421 principii
2333 1366 2588 1422 expertes
2619 1372 2741 1412 esse
2788 1369 3127 1422 astruamus,
3189 1376 3257 1414 ne
3303 1359 3450 1414 Patri
3494 1360 3546 1412 id

1971 1459 1989 1492 ι
2026 1442 2172 1510 quod
2202 1443 2301 1512 ipsi
2332 1447 2612 1514 proprium
2639 1457 2747 1510 est,
2780 1449 3110 1504 adimamus.
3151 1449 3230 1504 Illi
3263 1449 3466 1520 quippe
3493 1458 3550 1504 et

1963 1531 2108 1601 quod
2145 1548 2278 1588 sane
2315 1535 2463 1590 dictu
2535 1538 2737 1592 mirum
2763 1549 2865 1595 est.
2903 1541 3023 1594 Non
3099 1543 3244 1596 enim
3276 1550 3546 1612 quantum

267 1637 288 1670 ε
329 1618 400 1673 ad
433 1633 658 1674 causam
704 1618 975 1688 principio
1023 1627 1234 1686 carent,
1269 1636 1336 1675 ex
1403 1620 1515 1676 Deo
1544 1621 1688 1675 enim
1757 1631 1908 1686 sunt,
1991 1622 2116 1678 licet
2168 1640 2277 1680 non
2332 1637 2457 1696 post
2519 1630 2696 1697 ipsum
2775 1631 3242 1700 quemadmodum
3304 1649 3371 1687 ex
3436 1633 3554 1688 sole

227 1728 292 1771 ⁸ι
332 1712 563 1778 lumen,
594 1711 691 1766 sed
741 1723 1008 1779 quantum
1051 1713 1118 1767 ad
1147 1722 1365 1776 tempus
1408 1715 1661 1784 principii
1716 1724 1846 1770 sunt
1914 1726 2186 1786 expertes.
2255 1717 2368 1776 Nec
2407 1721 2553 1776 enim
2627 1725 2858 1792 tempori
2909 1724 3142 1794 subjecti
3207 1735 3361 1778 sunt.
3414 1723 3552 1781 Nam

283 1822 303 1854 ι
345 1803 544 1872 alioqui
571 1802 716 1873 quod
771 1802 978 1858 ﬂuxum
1023 1815 1109 1860 est
1163 1807 1252 1874 iis,
1282 1821 1405 1877 quae
1437 1809 1654 1863 stabilia
1685 1817 1834 1873 sunt,
1910 1818 1964 1864 et
1998 1811 2145 1879 quod
2180 1827 2288 1866 non
2318 1825 2406 1870 est
2441 1815 2531 1883 iis,
2603 1831 2724 1886 qua:
2755 1825 2907 1880 sunt,
2973 1817 3127 1886 prius
3198 1826 3364 1887 atque
3396 1819 3550 1871 auti-

283 1914 304 1947 ι
342 1897 502 1966 quius
524 1905 688 1953 esset.
739 1916 760 1948 ι
1323 1965 1327 1968 ι

881 1991 1263 2049 Ἐπιστασία.

349 2102 368 2135 ι
424 2083 589 2155 Ὁρᾷς
619 2083 900 2139 κάνταῦθα
953 2087 1017 2140 ὲκ
1065 2087 1162 2141 τοῦ
1215 2089 1428 2160 Πατρὸς
1479 2087 1778 2152 προελθὸν,
1825 2086 1858 2158 ἢ

265 2194 286 2227 ι
343 2179 444 2230 καὶ
473 2178 884 2248 προερχόμενον
919 2179 979 2231 τὸ
1009 2179 1240 2250 Πνεῦμα
1269 2197 1285 2247 ;
1326 2198 1346 2233 ι

869 2274 1260 2345 Ἆντζρῤησις.
1589 2315 1600 2322 -

350 2363 522 2435 Ὀρᾷν
548 2364 632 2418 δεῖ
658 2361 736 2428 ὡς
779 2363 1060 2420 κάνταῦθα
1088 2367 1152 2419 ὲκ
1177 2366 1273 2419 τοῦ
1308 2365 1524 2438 Πατρδς
1555 2365 1845 2438 προελθὸν,

256 2457 296 2527 ἢ
323 2457 428 2512 καὶ
460 2456 651 2526 προϊὸν
673 2457 702 2508 ό
725 2453 883 2524 ἅγιος
911 2456 1016 2527 ἔφη
1048 2458 1111 2510 τδ
1147 2459 1374 2529 Πνεῦμα
1394 2475 1408 2491 ο
1455 2459 1572 2511 ἀλλ’
1613 2460 1748 2528 όρᾷν
1771 2459 1854 2512 δεῖ

255 2549 362 2602 καὶ
399 2548 483 2602 ὅτι
513 2549 622 2601 πᾶν
646 2545 905 2600 ἐντεῦθεν
949 2539 1274 2619 πέφρακται
1299 2549 1478 2619 στόμα
1523 2551 1634 2602 τῶν
1663 2549 1852 2618 λεγόν-

255 2658 374 2694 των
405 2639 690 2710 διαφέρειν
708 2640 803 2693 ἐπὶ
836 2640 937 2710 τῆς
995 2641 1228 2711 προόδου
1269 2641 1364 2696 τοῦ
1419 2641 1741 2712 Πνεύματος
1797 2640 1858 2694 τὸ

258 2731 522 2801 προϊέναι
550 2727 646 2783 τοῦ
679 2728 1106 2800 ἐκπορεύεσθαι.

652 2913 764 2974 Τοῦ
797 2911 986 2973 αὑτοῦ
1018 2917 1090 2972 ἐκ
1119 2913 1231 2974 τοῦ
1265 2913 1477 2974 αὐτοῦ.

335 3009 473 3064 M1".
507 3026 527 3061 ι
579 3008 824 3080 Ἀληθῶς
851 3007 1008 3076 ἅγιον
1035 3007 1095 3061 τὸ
1118 3007 1339 3076 Πνεῦμα
1365 3008 1427 3060 τὸ
1459 3007 1717 3075 ἅγιον.ού
1748 3005 1858 3077 γὰρ

268 3122 290 3155 ι
340 3101 478 3157 ἄλλο
533 3099 801 3164 τοιοῦτον,
862 3099 986 3153 οὐδὲ
1024 3099 1199 3162 οὕτως
1232 3101 1308 3163 ὼς
1345 3101 1408 3152 ὲκ
1458 3099 1786 3170 προσθήκης
1824 3102 1854 3152 ό

267 3213 288 3246 ε
334 3191 638 3263 ἁγιασμὸς,
691 3190 810 3244 ἀλλ’
841 3191 976 3243 αὐτὸ
1030 3190 1295 3260 ἀγιότης·
1349 3189 1472 3243 οὐδὲ
1507 3190 1713 3259 μᾶλλον
1760 3191 1859 3244 καὶ

270 3307 291 3340 ι
339 3283 508 3357 ἦττον
531 3302 544 3318 ·
577 3284 698 3338 οὐδὲ
745 3281 1055 3353 ἀρξάμενον
1086 3280 1376 3352 χρονικῶς,
1413 3281 1446 3351 ἢ
1480 3281 1852 3352 παυσόμενον.

269 3398 288 3431 ι
341 3341 542 3432 Ποινὺν
570 3376 680 3445 γὰρ
707 3341 904 3445 Haupt.
947 3374 1048 3444 μὲν
1086 3341 1183 3426 ἔξει
1226 3341 1472 3441 Υιᾷωῇ
1511 3341 1852 3444 ἁγίῳᾟνεύ-
1887 3341 1926 3400 c

271 3490 292 3523 ι
348 3487 486 3540 ματι
509 3468 570 3523 τὸ
599 3468 677 3539 μὴ
705 3467 1016 3537 γεγονέναι,
1042 3466 1138 3519 καὶ
1171 3467 1204 3535 ἡ
1242 3463 1455 3534 θεότης,
1515 3464 1635 3536 Υἱῷ
1669 3467 1727 3520 δὲ
1761 3466 1859 3520 καὶ

273 3587 292 3621 ι
348 3565 497 3635 ἁγίῳ
533 3561 815 3633 Πνεύματι
848 3560 908 3614 τὸ
931 3559 998 3612 ἐκ
1017 3559 1113 3613 τοῦ
1142 3557 1376 3632 Πατρὸς,
1401 3558 1531 3613 ἴδιον
1561 3557 1619 3613 δὲ
1639 3559 1852 3631 Πατρός

272 3679 290 3712 ι
347 3657 454 3728 μὲν
475 3657 510 3726 ἡ
535 3653 854 3724 ἀγεννησία,
886 3651 1014 3707 Υίοῦ
1037 3652 1094 3706 δὲ
1127 3653 1158 3722 ἡ
1209 3653 1488 3723 γέννησις,
1535 3653 1852 3722 Πνεῦματπ

272 3771 291 3804 ι
345 3751 406 3804 δὲ
453 3750 486 3820 ὴ
540 3748 895 3818 ἑκπόρευσις.
932 3745 1070 3800 Είδὲ
1115 3745 1208 3797 τὸν
1236 3744 1442 3815 τρόπον
1491 3745 1771 3815 ἐπιζητεῖς
1804 3743 1856 3797 τί

270 3866 290 3898 ι
341 3842 698 3914 καταλείψεις
754 3843 869 3903 τοῖς
933 3839 1116 3909 μόνοις
1177 3835 1475 3906 γινώσκειν
1519 3834 1728 3906 ἄλληλα
1759 3835 1855 3890 καὶ

272 3956 292 3991 ι
323 3935 711 4005 γινώσκεσθαι
741 3931 834 3986 ὑπ’
854 3931 1101 4001 ἀλλήλων
1139 3928 1611 4000 μαρτυρουμένοις
1639 3965 1656 3992 ,
1691 3944 1712 3979 ι

3169 1906 3198 1916 ι-

2532 1998 2958 2053 Animadversio.

2041 2106 2060 2141 ι
2101 2086 2262 2144 Vides
2291 2089 2379 2144 hic
2417 2106 2637 2161 quoque
2668 2108 2731 2146 ex
2768 2090 2928 2145 Patre
2976 2091 3251 2162 progredi,
3287 2095 3555 2163 procede-

1970 2197 1988 2232 ι
2025 2194 2194 2249 reque
2228 2179 2492 2250 Spiritum
2524 2194 2778 2237 sauctmn
2806 2182 2829 2235 ?
2869 2200 2889 2234 ι

2598 2271 2906 2334 Relutau’o.

2032 2360 2221 2430 Neque
2258 2363 2437 2419 minus
2467 2365 2556 2419 hic
2585 2365 3131 2420 atnmadverteudum
3165 2375 3269 2433 est,
3303 2376 3554 2423 sanctum

1959 2467 2024 2508 ex
2065 2453 2223 2508 Patre
2257 2469 2604 2522 promanare',
2651 2465 2748 2510 aut
2790 2457 3086 2525 procedere
3151 2455 3419 2526 Spiritum
3473 2459 3557 2513 di-

1960 2544 2106 2599 xisse
2139 2562 2154 2599 :
2187 2555 2565 2600 verumtamen
2602 2557 2656 2602 et
2698 2547 2828 2601 illud
2865 2561 3082 2616 quoque
3112 2548 3554 2616 observandum,

1961 2631 2090 2688 hinc
2121 2648 2312 2689 eorum
2347 2650 2411 2690 os
2453 2636 2690 2702 obstrui,
2737 2630 2832 2706 qui
2869 2635 3214 2691 contendunt
3235 2636 3289 2689 in
3323 2652 3551 2706 proma-

1963 2725 2192 2781 nationc
2246 2725 2512 2796 Spiritus,
2545 2728 2693 2784 aliud
2726 2743 2850 2784 esse
2877 2727 3157 2799 progredi,
3190 2727 3338 2784 aliud
3363 2744 3556 2799 proce-

1958 2818 2112 2872 dere.

2448 2911 2708 2983 Ejusdem
2760 2927 2824 2968 ea:
2863 2915 3067 2971 eadem.

2030 3006 2216 3062 XLlll.
2266 3025 2284 3058 ι
2322 3004 2584 3076 Spiritum
2607 3015 2854 3060 sanctum
2883 3023 3006 3062 vere
3031 3019 3280 3062 sanctum
3313 3022 3328 3061 :
3379 3016 3557 3074 neque

1965 3120 1982 3154 ι
2021 3102 2168 3156 enim
2209 3101 2353 3155 alius
2385 3099 2510 3154 talis
2537 3108 2644 3161 est.
2677 3114 2780 3154 nec
2809 3101 3002 3154 eodem
3040 3100 3204 3153 modo
3233 3139 3248 3162 ,
3281 3111 3460 3166 neque
3487 3111 3556 3150 ex

1965 3212 1984 3246 ι
2027 3193 2347 3248 accessione
2400 3190 2752 3247 sanctitatem
2800 3191 3002 3257 habet,
3055 3192 3151 3247 sed
3206 3199 3292 3248 est
3327 3189 3558 3259 ipsumet

1964 3305 1983 3338 ι
2021 3285 2308 3350 sanctitas,
2373 3299 2474 3338 nec
2504 3285 2676 3354 magis
2709 3293 2763 3338 et
2794 3284 2997 3348 minus,
3029 3299 3129 3338 nec
3160 3298 3270 3351 quo
3303 3281 3371 3335 ad
3405 3287 3549 3333 tem-

1964 3395 1984 3430 ι
2027 3392 2129 3446 pus
2159 3376 2427 3446 originem
2457 3391 2698 3446 unquam
2732 3376 2940 3440 habuit,
2996 3390 3096 3429 nec
3129 3377 3292 3428 ﬂuent
3324 3372 3553 3427 habitu-

1960 3485 1981 3521 ι
2014 3484 2108 3523 rus
2134 3481 2237 3523 est.
2272 3467 2387 3523 Hoc
2417 3467 2564 3522 enim
2599 3466 2749 3522 Patri
2775 3477 2828 3523 et
2857 3467 3070 3522 Filioet
3098 3464 3327 3535 Spiritui
3363 3474 3555 3518 sancto

1962 3577 1981 3611 ι
2017 3575 2310 3616 commune
2343 3567 2446 3624 est,
2507 3559 2652 3629 quod
2691 3558 2919 3612 minime
2959 3557 3125 3612 creati
3180 3559 3559 3640 sunt;_atque

1959 3670 1977 3702 ι
2015 3651 2132 3721 ipsa
2161 3651 2444 3706 divinitas.
2473 3650 2588 3705 Hoc
2618 3659 2802 3705 autem
2821 3649 2962 3704 Filio
2981 3650 3045 3702 "et
3075 3647 3301 3718 Spiritui
3336 3653 3554 3700 saneto.

1967 3760 1986 3796 ι
2025 3743 2172 3812 quod
2203 3754 2433 3813 uterque
2463 3757 2658 3796 eorum
2691 3756 2756 3795 ex
2792 3739 2951 3794 Patre
2981 3748 3083 3794 est.
3113 3729 3183 3793 At
3212 3751 3345 3792 vero
3370 3733 3554 3788 Patris

1967 3853 1987 3887 ι
2024 3834 2333 3904 proprietas
2395 3836 2510 3888 haec
2581 3841 2688 3900 est,
2727 3833 2872 3901 quod
2931 3831 3211 3900 ingenitus
3269 3827 3373 3880 sit:
3409 3824 3555 3886 Filii,

1965 3945 1983 3978 ι
2023 3927 2166 3996 quod
2195 3925 2444 3996 genitus;
2499 3924 2737 3995 Spiritus
2779 3922 2985 3988 sancti,
3043 3919 3189 3990 quod
3241 3917 3558 3973 emittatur.

272 4049 292 4083 ι
339 4029 500 4097 Quod
531 4027 577 4082 si
613 4027 837 4082 modum
869 4026 1092 4095 quaeris,
1124 4025 1252 4094 quid
1285 4025 1352 4078 iis
1377 4023 1669 4079 relicturus
1700 4039 1780 4089 es,
1812 4037 1954 4092 quos
1993 4021 2141 4078 solos
2180 4035 2377 4079 mutuo
2447 4039 2508 4079 se
2562 4036 2918 4094 cognoscere,
2978 4029 3144 4090 atque
3193 4031 3225 4070 a
3272 4031 3331 4072 se
3367 4020 3555 4067 mutua

272 4142 292 4176 ι
330 4121 595 4193 cognosci
626 4119 910 4189 Scriptura
946 4115 1216 4174 testatur?
1254 4135 1272 4168 ι

873 4210 1257 4264 Ἐπιστασία.

345 4325 363 4357 ι
426 4302 678 4365 ’Δκούεις
721 4301 818 4355 καὶ
866 4300 1029 4355 πάλιν
1059 4301 1239 4353 κοινὸν
1275 4297 1390 4368 Υἱῷ
1423 4299 1515 4352 καὶ
1573 4295 1856 4368 Πνεῦματι

271 4419 292 4452 ι
337 4399 403 4452 τὸ
436 4400 502 4450 ὲκ
529 4395 624 4448 τοῦ
656 4393 873 4464 Πατρὸς
894 4388 1041 4445 εῐναι
1068 4393 1162 4444 καὶ
1190 4391 1360 4460 ἄμφω
1384 4406 1399 4457 ;
1441 4407 1460 4440 ι

865 4485 1265 4554 Ἀντίῤῥησις.

349 4586 599 4661 Ἀληθῶς
626 4601 642 4618 ο
674 4580 853 4637 κοινὸν
895 4579 1011 4650 Υίῷ
1077 4579 1173 4631 καὶ
1228 4577 1508 4647 Πνεῦμα-ιι
1537 4575 1600 4630 τδ
1653 4578 1718 4631 ὲκ
1757 4575 1854 4630 τοῦ
1891 4621 1934 4676 ο

2569 4205 2995 4266 Αηὲηιαιίιιενδίο.

2047 4316 2065 4349 ι
2099 4299 2271 4354 Audis
2309 4299 2396 4353 hic
2426 4313 2649 4368 quoque
2684 4313 2978 4354 commune
3009 4310 3133 4352 esse
3165 4291 3304 4346 Filio
3345 4301 3399 4346 et
3429 4289 3555 4359 Spi-

1975 4408 1995 4444 ι
2034 4391 2160 4446 ritui
2183 4401 2397 4456 sancto,
2427 4405 2491 4445 ex
2520 4389 2679 4444 Patre
2703 4405 2824 4444 esse
2855 4385 3193 4456 utrumque?
3228 4403 3246 4436 ι

2618 4480 2915 4549 Refutatio.

2037 4577 2196 4640 Vere,
2223 4576 2346 4645 quis
2377 4575 2426 4628 id
2468 4572 2668 4644 negat?
2700 4585 2990 4633 commune
3028 4578 3111 4623 est
3153 4567 3293 4622 Filio
3339 4576 3390 4620 ι-ι
3432 4565 3560 4634 Spi-

267 4682 490 4753 Πατρδς
519 4675 676 4733 εἶναι’
695 4677 788 4730 καὶ
811 4675 980 4744 ἄμφω
1003 4685 1018 4699 ’
1049 4672 1264 4743 ἀληθῶς
1285 4672 1342 4726 δὲ
1365 4673 1459 4724 καὶ
1478 4673 1558 4725 ὅτι
1581 4669 1854 4741 διαφόρως

1976 4671 2094 4726 ritui
2127 4687 2190 4725 ex
2236 4671 2398 4724 Patre
2443 4684 2564 4723 esse
2593 4677 2920 4734 utrumque,
2975 4663 3334 4716 nihilominus
3368 4676 3558 4713 verum

264 4775 447 4828 ταῦτα
478 4773 543 4823 ὲκ
571 4767 666 4822 τοῦ
697 4765 931 4836 Πατρός.
970 4765 1044 4817 Σὺ
1077 4763 1135 4816 δὲ
1179 4762 1347 4830 διατί,
1381 4762 1477 4816 τοῦ
1509 4761 1668 4830 ἁγίου
1701 4763 1760 4815 ὲν
1791 4764 1856 4832 τῇ

267 4863 652 4936 ἀπαριθμήσει
696 4857 806 4911 τῶν
868 4855 1154 4924 ίδιοτήτων
1173 4854 1446 4923 λέγοντος,
1503 4871 1523 4905 ι
1591 4853 1755 4906 ἰδιον
1803 4852 1860 4905 δὲ

271 4955 489 5025 Πατρδς
522 4949 623 5019 μὲν
647 4949 680 5017 ἡ
703 4944 1018 5016 ἀγεννησία,
1047 4943 1178 4997 Υἱοῦ
1216 4943 1272 4995 δὲ
1304 4945 1338 5014 ἡ
1367 4944 1643 5012 γέννησις,
1687 4941 1862 4994 Πνεύ·

274 5062 445 5117 ματος
474 5043 533 5096 δὲ
561 5042 594 5110 ἡ
625 5041 922 5108 ἐκπεμψις,
959 5056 976 5090 ι
1017 5035 1138 5090 ἀντὶ
1154 5035 1248 5088 τοῦ
1273 5036 1470 5098 εἰπεῖν,
1501 5032 1858 5105 ηέκπεμψις,

271 5143 306 5210 ὴ
337 5136 674 5214 ὲκπόρευςις
730 5128 926 5196 εῐπαςς
974 5129 1040 5182 Τί
1092 5145 1176 5182 σοι
1229 5127 1371 5198 τάχα
1431 5125 1741 5196 συμϐάλλον
1793 5121 1862 5196 ἦν

269 5230 466 5293 τοῦτο;
504 5228 729 5288 Πάντως
760 5225 826 5278 δι’
855 5223 1009 5276 οὐδὲν
1067 5222 1256 5291 ἓτερον
1298 5222 1330 5289 ἡ
1368 5222 1739 5289 παραποίησις
1763 5219 1863 5270 ἐπ-

271 5320 474 5391 ενοήθη
517 5335 599 5371 σοι
629 5315 793 5386 αῦτη,
833 5314 950 5369 ἀλλ’
995 5313 1195 5383 ἢδιότι
1255 5312 1351 5366 καὶ
1405 5311 1558 5380 παρὰ
1579 5310 1674 5363 τοῦ
1731 5307 1862 5362 Υἱοῦ

277 5412 595 5483 εοόρίσκεταε
620 5427 723 5462 που
755 5409 863 5461 τῶν
888 5408 1047 5460 θείων
1075 5405 1327 5476 Τραφὼν
1353 5403 1778 5474 ἐκπεμπόμενον
1802 5402 1864 5454 τὸ

281 5507 509 5578 Πνεῦμα
554 5505 614 5557 τὸ
646 5504 828 5572 ἅγιον.

532 5619 642 5674 Τοῦ
669 5618 857 5674 αὐτοῦ
883 5615 1001 5674 ἀπὸ
1034 5615 1140 5670 τοῦ
1173 5614 1645 5682 Συντακτηρίου.

347 5786 482 5843 MS.
535 5805 551 5835 ‹
585 5787 789 5854 ’Ὀνομα
817 5785 872 5838 δὲ
925 5783 1000 5854 τῷ
1032 5783 1130 5853 μὲν
1186 5783 1409 5852 ἁνάρχῳ
1441 5781 1649 5852 Πατὴρ,
1691 5784 1757 5850 τῇ
1805 5778 1861 5832 δὲ

292 5899 312 5933 ⁶
353 5885 496 5950 iﬁlli
541 5879 686 5943 Υἶθὲ.
713 5879 799 5950 ΧΦ
834 5878 886 5931 δὲ
921 5881 1058 5950 μετὰ
1086 5879 1178 5948 τῆς
1215 5875 1386 5947 ἀρχῆς
1419 5875 1642 5947 Πνεῦμα
1682 5875 1856 5944 Ξὶγιον.

1962 4763 2127 4820 etiam
2155 4772 2260 4825 est,
2296 4763 2516 4816 eosdem
2547 4761 2655 4826 alia
2685 4767 2848 4828 atque
2879 4757 2984 4811 alia
3031 4755 3245 4808 ratione
3279 4767 3344 4805 ex
3388 4751 3557 4804 Patre

1962 4870 2105 4911 esse.
2130 4853 2314 4921 Quare
2366 4869 2492 4908 vero
2520 4862 2597 4916 tu,
2647 4867 2771 4907 cum
2803 4859 3031 4905 sanctus
3073 4848 3126 4902 in
3155 4846 3555 4917 prOpI-irtatnm

1963 4949 2377 5003 enumeratione
2409 4946 2578 5010 dicat,
2643 4964 2662 4997 ι
2707 4944 3106 5014 Proprietatem
3163 4955 3288 4995 esse
3347 4937 3549 4996 Patris,

1969 5059 1988 5092 ι
2027 5040 2174 5111 quod
2225 5041 2499 5109 ingenitus
2529 5041 2617 5100 sit,
2668 5036 2812 5102 Filii,
2850 5035 2998 5106 quod
3040 5033 3278 5105 genitus.
3315 5029 3562 5099 Spiritus

1971 5151 1988 5184 ι
2027 5134 2224 5196 sancti,
2259 5132 2403 5201 quod
2460 5131 2766 5197 emittatur,
2810 5147 2830 5181 ι
2888 5129 3009 5182 loco
3052 5123 3391 5184 omissionis,
3433 5134 3561 5187 Ιπο·

1963 5223 2264 5278 cessionem
2317 5222 2642 5290 usurpasti?
2695 5219 2838 5287 Quid
2892 5219 2999 5273 hoc
3044 5217 3138 5272 tibi
3197 5211 3568 5268 conferebat?

1969 5312 2134 5367 Plane
2165 5315 2280 5368 haec
2313 5312 2409 5366 tibi
2441 5312 2751 5366 immutatio
2787 5312 3098 5381 excogitata
3127 5315 3233 5367 est,
3269 5308 3567 5372 prepterea-

1964 5406 2108 5475 quod
2158 5404 2210 5458 in
2259 5405 2537 5459 nonnullis
2595 5405 2727 5460 locis
2763 5403 3072 5458 divinarum
3139 5395 3566 5463 Scriptnrarum

1975 5497 2246 5566 repetitur
2270 5496 2445 5551 emitti
2481 5513 2509 5550 a
2537 5496 2674 5551 Filio
2707 5496 2970 5565 Spiritum
3014 5501 3292 5546 sanctum.

1968 5611 2220 5682 Ejusdem
2237 5627 2300 5666 ex
2335 5614 2574 5666 oratione
2602 5611 2785 5665 habita
2816 5611 2867 5662 in
2890 5605 3171 5676 prwsemia
3233 5604 3319 5660 CL
3350 5605 3564 5674 episco-

2651 5697 2859 5750 parum.

2039 5776 2218 5831 XLIV.
2263 5775 2504 5829 «Nmncu
2559 5784 2736 5826 autem
2789 5767 3034 5840 principi
3093 5766 3318 5835 experti,
3383 5767 3563 5830 Pater,

1976 5890 1993 5923 ι
2031 5869 2318 5940 primum,
2343 5867 2533 5934 Filius,
2553 5868 2598 5918 vi
2625 5875 2811 5919 autem
2841 5861 2980 5931 quod
3007 5877 3126 5915 tum
3147 5859 3427 5931 princ'rpio-
3445 5865 3549 5926 est,
