4002 6434
470 402 579 474 679

1541 400 1754 464 JOAN.
1798 399 2014 462 VECCI
2053 399 2163 460 CP.
2211 391 2734 459 PATRIABCHE

3643 389 3774 456 480'

479 547 500 580 ι
545 539 784 589 rursum,
817 523 894 580 uti
921 539 1115 586 cursus
1141 519 1308 577 fontis
1339 519 1531 586 ingens
1561 515 1782 580 lluvius,
1807 529 2054 584 unusque

2175 531 2204 567 ι·
2245 511 2416 584 μονάς
2443 503 2623 576 αὖθις,
2651 511 2746 564 ὄιτε
2781 507 2948 580 πόρος
2980 506 3166 578 πηγῆς
3199 503 3662 576 ποταμὸςᾟέγας.
3701 507 3761 560 ιν

482 636 505 672 ι
543 620 716 682 rivus,
765 618 861 688 qui
912 619 1088 674 tribus
1147 612 1326 671 modis
1359 627 1522 684 super
1553 619 1755 667 terram
1818 609 2061 680 compel-

485 729 506 762 ι
545 710 700 765 litur.
743 728 764 762 ι

1062 795 1490 855 Αηξηιαάυεηὶο.

556 909 577 943 ι
617 890 860 948 Audisne
886 905 953 948 ex
979 893 1214 948 monade
1237 887 1516 945 Triadcm.
1547 887 1702 955 Quod
1733 886 1779 943 si
1818 899 1885 942 ex
1921 882 2060 941 Filio

483 999 502 1032 ι
545 997 763 1050 quoque
817 979 1078 1053 Spiritus,
1111 999 1176 1038 ex
1211 982 1427 1037 biuarlo
1470 996 1602 1052 ergo
1632 975 1821 1048 Trias,
1850 993 1961 1034 non
1991 992 2061 1035 ex

479 1090 500 1124 ε
543 1075 798 1130 monade.
841 1095 858 1127 ι

1123 1162 1420 1237 ΒμῙιιιαιὶο.

545 1253 798 1312 Triadem
836 1275 899 1311 ex
935 1260 1192 1324 monade,
1224 1271 1276 1314 et
1302 1259 1587 1314 monadem
1611 1275 1674 1314 ex
1701 1253 1901 1314 Triade
1927 1271 2058 1314 san-

473 1360 602 1405 ctus
633 1348 795 1415 dixit,
859 1350 1108 1406 indicans
1160 1352 1299 1406 idem
1347 1367 1472 1406 esse
1502 1351 1791 1406 monadem
1841 1359 1896 1406 et
1926 1349 2060 1404 tria-

472 1438 596 1490 dem
627 1455 640 1490 :
673 1438 726 1490 in
766 1438 1251 1495 animadversione
1276 1455 1406 1494 vero
1437 1451 1526 1496 tua
1573 1437 1864 1496 articulum
1891 1453 2059 1510 appo-

471 1528 654 1591 suisti,
687 1544 986 1599 suggerens
1036 1532 1272 1586 auditori
1322 1532 1513 1587 audire
1545 1547 1611 1587 ex
1669 1532 1905 1587 monade
1955 1529 2057 1603 τὴν

472 1619 703 1672 tiiadem
736 1635 880 1674 esse.
931 1622 986 1683 Si
1036 1622 1222 1690 itaque
1279 1621 1332 1676 id
1378 1623 1516 1677 reris
1552 1630 1804 1677 sanctum
1848 1622 2052 1685 dicere,

469 1721 535 1762 ex
571 1705 734 1763 Patre
765 1725 889 1764 esse
940 1710 1193 1776 triadem,
1247 1711 1589 1780 quateruilas
1629 1711 1798 1782 igitur
1845 1720 1900 1767 et
1946 1726 2054 1765 non

2166 628 2198 656 ι
2235 622 2294 660 τε
2345 603 2592 676 ῥέεθρον,
2644 605 2703 657 ἐν
2750 603 3022 674 τρισσοϊσι
3077 599 3334 652 τύποισιν
3381 597 3759 668 ἐλαυνόμενον

2170 715 2190 751 ι
2235 697 2380 751 κατὰ
2433 694 2619 765 γαίης.
2653 714 2677 751 ι
3102 722 3140 748 ο

2760 787 3140 843 Ἐπιστασία.

2243 897 2262 932 ι
2320 879 2570 944 Ἀκούεις
2602 881 2667 934 ἐκ
2706 880 2930 950 μονάδος
2958 880 3059 953 τὴν
3089 883 3319 954 Τριάδα.
3349 883 3410 937 Ei
3443 882 3500 936 δέ
3541 881 3638 936 καὶ
3680 884 3750 936 ἐκ

2169 988 2189 1023 ι
2229 971 2324 1025 τοῦ
2357 971 2492 1026 Υῐοῦ
2528 971 2589 1027 τὸ
2619 971 2871 1045 Πνεῦμα,
2915 974 2980 1027 ἐκ
3011 973 3205 1040 δυάδος
3238 975 3348 1046 ἄρα
3375 975 3625 1047 ηΤριὰς,
3657 975 3767 1027 οὐκ

2169 1077 2189 1112 ι
2236 1061 2300 1114 ἐκ
2337 1051 2602 1132 μονάδοςί

2737 1153 3143 1226 Ἀντίρῤῄσιφ

2240 1243 2462 1315 Τριάδα
2517 1246 2583 1300 ἐκ
2637 1247 2890 1317 μονάδος,
2940 1249 3039 1303 καὶ
3072 1250 3138 1302 ἐκ
3174 1250 3409 1320 Τριάδος
3461 1250 3674 1321 μονάδα
3740 1253 3770 1305 6

2162 1330 2322 1404 ἅγιος
2353 1336 2482 1408 ἔφη,
2509 1335 2686 1407 δηλῶν
2716 1338 2879 1394 αὐτὸν
2908 1335 3050 1395 εἶναι
3079 1341 3286 1410 μονάδα
3303 1359 3363 1396 τε
3396 1343 3494 1397 καὶ
3511 1345 3724 1416 τριάδα
3746 1360 3762 1376 ο

2161 1429 2228 1498 τῇ
2259 1425 2556 1499 ἐπιστασίᾳ
2587 1445 2682 1481 σου
2713 1427 2775 1483 τδ
2804 1430 2922 1499 τὴν
2957 1432 3358 1504 προσ-τέθεικας
3383 1435 3591 1506 ἄρθρον
3619 1437 3769 1492 ὑπο-

2161 1518 2450 1587 τιθέμενος
2480 1519 2561 1591 τῷ
2598 1523 2846 1598 ἀκροατῇ
2877 1524 3106 1579 ἀκούειν
3137 1527 3202 1580 ἐκ
3234 1527 3468 1598 μονάδος
3500 1526 3601 1598 τὴν
3631 1545 3768 1596 τρι-

2157 1609 2259 1664 άδα
2280 1605 2446 1666 εἶναι.
2474 1612 2643 1682 Εἴπερ
2669 1594 2982 1681 γοῦκῖτοῦτό
3011 1633 3096 1682 σοι
3121 1594 3271 1672 δοκεῖ
3318 1619 3500 1687 λέγειν
3521 1594 3766 1688 ό-ἆγιος,

2157 1695 2241 1755 ὅτι
2279 1704 2342 1756 ἐκ
2369 1703 2465 1757 τοῦ
2501 1704 2716 1774 Πατρός
2749 1708 2953 1777 ἐστινὴ
2986 1708 3168 1778 τριὰς,
3198 1711 3396 1779 τετρὰς
3433 1712 3542 1782 ἄρα
3567 1713 3604 1782 ἡ
3633 1711 3767 1765 θεό-

471 1799 606 1853 trias
664 1799 853 1856 fuerit.
890 1800 1029 1855 Tum
1082 1803 1342 1874 deinceps
1375 1804 1666 1870 advertite,
1701 1819 1864 1874 quam
1914 1801 2054 1857 male

2174 1809 2260 1863 ιης
2294 1795 2411 1848 ἐστὶ
2443 1793 2539 1849 καὶ
2572 1794 2696 1866 οὐχὶ
2722 1796 2909 1867 τριάς.
2948 1799 3061 1852 Καὶ
3092 1800 3292 1854 σκόπει
3327 1801 3520 1857 λοιπὸν
3546 1803 3625 1866 ὡς
3658 1821 3766 1857 κα-

468 1891 764 1945 urticulum
824 1895 1171 1963 apposueris,
1202 1871 1510 1951 et'dictum
1569 1871 1731 1966 pejus
1754 1894 2052 1949 invertisti.

2174 1885 2271 1946 ιῶς
2295 1888 2388 1939 καὶ
2417 1888 2477 1938 τὸ
2500 1887 2706 1958 ἄρθρον
2727 1891 3146 1960 προστέθεικας,
3169 1893 3267 1948 καὶ
3289 1893 3346 1948 τὸ
3371 1895 3537 1965 ῥητὸν
3564 1895 3763 1950 κάκιον

467 1977 606 2033 (lum
637 1997 698 2034 ex
733 1981 900 2036 simili
935 1984 1236 2046 auditione,
1289 2002 1410 2054 qua:
1440 1983 1601 2039 Trias
1648 1997 1732 2041 est
1775 1984 2054 2049 divinitas,

469 2076 811 2141 quaternitas
836 2077 1064 2132 orietur.
1113 2077 1190 2131 Ex
1221 2094 1285 2132 eo
1325 2094 1488 2148 porro
1519 2079 1662 2148 quod
1698 2079 1902 2132 asseris
1924 2113 1940 2142 ,
1999 2074 2056 2130 Si

467 2182 533 2219 ex
570 2164 708 2220 Filio
763 2166 1005 2237 Spiritus
1069 2179 1174 2234 est,
1238 2185 1370 2240 ergo
1426 2187 1490 2224 ex
1547 2170 1764 2224 biuario
1827 2183 2058 2223 numero

469 2256 624 2320 trias,
661 2273 766 2312 uou
800 2268 980 2312 autem
1013 2276 1078 2314 ex
1115 2262 1370 2325 monade,
1400 2262 1455 2316 iu
1487 2261 1812 2331 quinarium
1862 2277 2058 2314 nume-

468 2364 590 2402 rum
621 2349 895 2419 quispiam
932 2351 1275 2407 divinitatem
1308 2354 1685 2407 collocaverit.

751 2441 964 2497 [ΜΕΤΑ
1027 2442 1269 2499 .‘rIAGNI
1317 2444 1512 2500 ΑΤΙΙΑ
1526 2443 1768 2500 ΝΑ811.

465 2532 654 2589 Sancti
688 2534 996 2601 Athanasii,
1028 2553 1094 2591 ea:
1109 2540 1352 2594 oratione
1375 2541 1552 2608 prima
1593 2551 1769 2594 rantra
1799 2539 2054 2593 Arianos.

535 2712 749 2772 XLVIII
808 2738 827 2772 ι
861 2715 1152 2786 Quomodo
1192 2722 1337 2776 enim
1384 2737 1575 2776 verum
1603 2719 2060 2777 enuntiaveritde

472 2830 491 2864 ι
536 2810 715 2877 Patre,
743 2809 938 2867 Filium
989 2815 1285 2884 denegans,
1323 2817 1415 2886 qui
1473 2818 1541 2871 de
1601 2818 1781 2886 seipse
1831 2817 2055 2879 revelat,

470 2921 490 2954 ι
530 2912 624 2958 aut
670 2906 948 2973 quomodo
997 2918 1146 2963 recte
1178 2909 1380 2962 sentiet
1429 2908 1497 2964 de
1552 2905 1783 2978 Spiritu.
1833 2907 1926 2979 qui
1971 2908 2052 2962 in-

471 3014 488 3046 ι
521 2994 702 3064 jurius
735 3007 818 3052 est
854 2996 1354 3062 iuVerbum,il|um
1379 2999 1754 3070 suppeditans.
1786 3017 1804 3050 ι

1025 3089 1446 3148 Animadversio.

2162 1975 2536 2044 ἐσορίσω.Ἐκ
2571 1981 2672 2049 μὲν
2705 1982 2814 2050 γὰρ
2843 1983 2940 2051 τῆς
2983 1985 3243 2056 τοιαύτης
3293 1987 3616 2057 προσθήκης
3664 2005 3759 2040 τε-

2161 2071 2319 2138 τρὰς,
2347 2068 2422 2130 ὡς
2453 2070 2694 2142 εἴρηται,
2738 2075 2771 2144 ἠ
2815 2074 3007 2145 θεότης
3050 2076 3206 2130 ἔσται
3242 2079 3336 2129 καὶ
3385 2079 3507 2148 οὐχὶ
3556 2080 3746 2148 τριάςο

2163 2161 2228 2211 ἐκ
2282 2159 2339 2212 δὲ
2377 2163 2472 2213 τοῦ
2507 2163 2692 2230 λέγειν
2741 2181 2802 2217 σε
2845 2165 2947 2232 ὡς,
3008 2169 3170 2239 είπερ
3220 2172 3317 2222 καὶ
3363 2171 3430 2222 ἐκ
3475 2171 3574 2224 τοῦ
3608 2171 3747 2224 Υιοῦ

2162 2248 2223 2300 τὸ
2251 2249 2500 2318 Πνεῦμα,
2547 2253 2617 2305 ἐκ
2651 2254 2845 2318 δυάδος
2866 2257 2976 2318 ἄρα
3008 2259 3040 2328 η
3069 2257 3234 2327 τριὰς
3263 2260 3367 2314 οὐκ
3401 2262 3466 2315 ἐκ
3499 2262 3756 2331 μονάδος,

2092 2341 2099 2348 ’
2162 2340 2244 2403 εἰς
2297 2344 2538 2397 πεντάδα
2609 2345 2709 2416 τὴν
2761 2346 2994 2416 θεότητα
3043 2350 3488 2420 άπαριθμήσειεν
3550 2353 3618 2407 ἄν
3647 2371 3757 2417 τις.

2313 2435 2589 2494 ΡΗΣΕῙΣ
2617 2439 2748 2492 ΤΟΥ
2775 2442 3127 2495 ΜΕΓΑΛΟΥ
3154 2444 3514 2498 ΑΘΑΝΑΣΙΟ
3532 2447 3592 2499 Υ.

2167 2528 2278 2584 Τοῦ
2303 2527 2574 2598 μεγάλου
2611 2529 2966 2604 Ἀθανασίου
3000 2533 3068 2586 ἐκ
3108 2534 3212 2587 τοῦ
3244 2535 3397 2588 κατὰ
3433 2535 3760 2604 ’.Δρειιινῶν

2716 2603 2955 2670 πρώτου
2985 2607 3195 2674 λόγου.

2256 2712 2399 2770 MH'.
2436 2734 2453 2767 ι
2485 2715 2613 2780 Πῶς
2654 2717 2764 2785 γὰρ
2817 2713 3116 2788 ἀληθεύσει
3149 2715 3283 2787 περὶ
3316 2713 3410 2770 τοῦ
3452 2717 3698 2788 Πατρὸς,
3731 2720 3759 2772 ό

2169 2823 2188 2858 ι
2233 2805 2326 2858 τὸν
2359 2806 2488 2862 Υἱὸν
2518 2807 2887 2879 ἀρνούμενος,
2953 2806 3047 2861 τὸν
3094 2806 3564 2863 ἀποκαλύπτοντα
3621 2811 3754 2880 περὶ

2170 2917 2190 2951 ι
2239 2899 2409 2955 αὑτοῦ
2434 2918 2449 2964 ;
2483 2903 2515 2974 ἦ
2553 2903 2673 2966 πῶς
2703 2903 2840 2973 περὶ
2859 2902 2954 2956 τοῦ
2983 2901 3304 2973 Πνεῦματος
3328 2903 3466 2971 ὀρθά
3489 2903 3756 2975 φρονήσει
3844 2896 3850 2900 ’

2166 3011 2186 3046 ι
2229 2995 2257 3047 6
2288 2995 2594 3066 δυσφημῶν
2621 2997 2700 3059 είς
2735 2995 2830 3050 τὸν
2868 2996 3027 3049 τοῦτο
3071 2992 3417 3066 χορηγοῦντα
3467 2998 3650 3067 Λόγον
3684 3015 3700 3066 ;
3731 3018 3750 3050 ι

2774 3093 3162 3148 Ἔπιστασία.

540 3226 559 3258 ι
600 3206 828 3261 Attende
875 3206 1155 3277 quomodo
1184 3206 1494 3263 divinorum
1541 3207 1861 3279 dogmatum
1906 3209 2050 3276 fons,

2232 3221 2252 3256 ι
2300 3205 2547 3278 Πρόσεχε
2584 3208 2704 3272 πῶς
2738 3209 2835 3264 καὶ
2866 3213 2900 3283 η
2926 3211 3036 3266 τῶν
3065 3211 3229 3269 θείων
3269 3215 3561 3284 δογμάτων
3597 3210 3750 3281 πηγὴ

472 3318 492 3352 ι
531 3300 796 3355 doctrina!
817 3309 979 3356 recta:
1008 3316 1262 3367 saumque
1295 3301 1573 3366 columna,
1611 3303 1908 3372 praeclarus
1931 3301 2054 3359 Ale-

472 3411 491 3444 ι
531 3392 792 3456 xandriae,
831 3395 944 3446 Imo
979 3393 1129 3448 orbis
1176 3393 1417 3450 universi
1459 3393 1668 3462 lumen,
1723 3393 1988 3465 Spiritum
2021 3410 2052 3449 a

473 3504 493 3536 ε
533 3483 672 3539 Filio
691 3485 1049 3555 suppeditari,
1080 3501 1186 3539 non
1218 3501 1348 3539 vero
1375 3487 1601 3556 produci
1627 3496 1861 3543 asserat.
1884 3485 2051 3543 Plane

472 3595 491 3628 ι
531 3576 678 3631 aliud
698 3583 781 3633 est
808 3577 1192 3648 suppeditatio,
1225 3586 1281 3634 et
1303 3578 1446 3634 aliud
1465 3578 1771 3649 productio.
1809 3597 1829 3632 ι

1122 3749 1413 3820 Refutatia.

537 3839 780 3896 Didicisti
806 3856 870 3896 ex
905 3842 1106 3897 nostris
1153 3844 1266 3912 jam
1303 3847 1669 3916 suprapositis
1703 3845 2053 3903 refutatioui—

466 3933 593 3998 lius,
645 3932 772 3987 licet
833 3935 1201 4004 suppeditatio
1259 3936 1497 4006 Spiritus
1560 3938 1614 3992 iu
1666 3953 1767 3997 nos
1841 3937 2053 3993 Domini

471 4024 801 4078 liabitualem
828 4025 1280 4081 iuliabitationcm
1309 4028 1546 4098 Spiritus
1576 4029 1753 4084 sancti
1781 4031 2002 4084 denotet
2035 4047 2049 4083 :

465 4131 533 4171 ex
585 4116 701 4184 ipsa
731 4117 1170 4184 suppeditatione
1226 4132 1515 4188 apparere,
1580 4117 1847 4188 Spiritum
1903 4118 2051 4175 exsi-

465 4217 611 4264 stere
639 4223 703 4262 ex
752 4208 1134 4278 suppeditante
1187 4211 1338 4265 illum
1383 4210 1544 4276 Filio,
1595 4212 1742 4281 quod
1798 4227 1907 4266 non
1975 4211 2052 4266 uti

467 4297 715 4352 minister
745 4308 838 4353 aut
865 4315 1081 4367 servus,
1115 4302 1210 4356 sed
1240 4303 1565 4358 naturaliter
1599 4313 1654 4362 et
1686 4304 2054 4359 essentialiter

461 4390 508 4443 .D
534 4391 729 4445 animus
753 4391 904 4446 ilium
940 4395 1268 4463 suppeditat.
1289 4393 1446 4460 Quod
1466 4395 1613 4450 enim
1647 4411 1821 4464 neque
1853 4406 1910 4449 ut
1959 4395 2055 4450 ad-

467 4483 738 4548 lttilllalel‘,
796 4499 975 4554 neque
1007 4496 1066 4541 ut
1095 4503 1288 4541 servus
1339 4487 1435 4542 sed
1493 4488 1815 4542 naturaliter
1834 4488 2052 4558 abjpso

2167 3311 2187 3346 ι
2232 3294 2261 3347 6
2287 3297 2388 3368 τῆς
2413 3298 2732 3370 όρθοδοξίας
2760 3302 2976 3368 στῦλος,
3002 3305 3031 3358 6
3056 3306 3312 3377 λαμπρὸς
3342 3307 3447 3378 τῆς.
3481 3303 3744 3369 Ἀλεξαν-

2164 3402 2184 3437 ι
2229 3386 2441 3456 δρείας,
2481 3392 2684 3460 μᾶλλον
2734 3391 2792 3446 δὲ
2841 3394 2945 3464 τῆς
2993 3395 3330 3466 οἰκουμένης
3377 3395 3630 3467 φωστὴρ,
3659 3396 3751 3448 τὸν

2168 3495 2188 3528 ι
2240 3477 2369 3533 Υἰὸν
2418 3482 2681 3553 χορηγὸν,
2725 3485 2786 3538 ού
2823 3486 2929 3555 μὴν
2957 3486 3232 3555 προϐολέα
3265 3487 3414 3557 λέγει
3448 3487 3543 3541 τοῦ
3576 3487 3749 3541 Πνεύ-

2165 3585 2186 3620 !
2236 3586 2432 3638 ματος.
2467 3573 2703 3648 Ἕτερον
2740 3576 2800 3630 δέ
2833 3578 3056 3643 πάντως
3086 3581 3238 3633 ἐστὶν
3267 3582 3299 3652 η
3345 3578 3609 3651 χορηγία,
3657 3580 3751 3634 καὶ

2165 3677 2185 3712 ι
2230 3659 2484 3737 ἕτερονη
2527 3667 2791 3741 προϐολή.

2760 3763 3152 3834 Ἆντίρῤησις.

2237 3853 2484 3922 Ἔμαθες
2521 3853 2580 3907 ἐν
2635 3856 2758 3918 ταῖς
2791 3856 3199 3926 προλασούσαις
3223 3858 3386 3927 ἡμῶν
3419 3858 3752 3930 ἀντιρρήσε-

2164 3962 2252 3998 σιν
2281 3945 2378 4010 ὠς,
2418 3945 2524 4001 κᾶν
2557 3949 2654 4000 καὶ
2685 3949 2716 4019 ὴ
2759 3950 2997 4021 χορηγία
3035 3952 3129 4005 τοῦ
3168 3952 3491 4024 Βνεύματος
3521 3953 3626 4025 τὴν
3670 3953 3752 4016 si;

2157 4041 2304 4111 ἡμᾶς
2327 4041 2624 4113 γινομένην
2640 4043 2794 4112 δηλοῖ
2819 4045 2976 4115 παρὰ
2999 4045 3094 4098 τοῦ
3119 4047 3328 4118 Κυρίου
3360 4046 3626 4117 σχετικὴν
3653 4043 3749 4098 τοῦ

2158 4125 2320 4201 άγίου
2350 4131 2631 4205 ἐνοίκησιν
2661 4134 3008 4206 Πνεύματος,
3043 4136 3181 4192 ἀλλὰ
3225 4138 3323 4192 καὶ⁷
3351 4139 3418 4190 ἐκ
3444 4136 3622 4206 αὐτῆς
3652 4139 3754 4205 τῆς

2156 4225 2427 4297 χορηγίας
2459 4227 2820 4295 ἀναφαίνεται
2855 4229 3129 4300 ὑπάρχειν
3174 4229 3236 4284 τὺ
3277 4229 3502 4299 Πνεῦμα
3531 4230 3596 4282 ἐκ
3655 4227 3748 4281 τοῦ

2157 4303 2528 4390 χορηγοῦντος
2575 4321 2708 4374 αὐτὸ
2757 4321 2910 4387 Υίοῦ,
2960 4322 3052 4376 διὰ
3087 4321 3149 4376 τὺ
3183 4322 3260 4394 μὴ
3321 4319 3750 4393 λειτουργικῶς,

2157 4411 2296 4464 ἀλλὰ
2323 4412 2569 4478 φυσικῶς
2612 4413 2710 4466 καὶ
2731 4414 3006 4478 οὐσιωδῶς
3032 4415 3186 4485 παρὰ
3210 4414 3306 4467 τοῦ
3341 4414 3552 4488 Κυρίου
3577 4433 3750 4484 χορη-

2159 4503 2376 4571 γεῖσθαι
2410 4505 2565 4559 αὐτό.
2611 4506 2684 4559 Τὸ
2735 4506 2846 4576 γὰρ
2879 4508 2956 4576 μὴ
2991 4506 3348 4578 ὑπηρετικῶς
3387 4506 3526 4576 παρ’
3580 4508 3748 4561 αὑτοῦ

465 4576 865 4646 suppeditatur,
900 4578 1251 4635 manifestum
1280 4588 1364 4634 est
1398 4581 1680 4638 omnibus.
1747 4591 2037 4651 propterea

2174 4597 2580 4668 εορηγούμενον,
2629 4599 2794 4652 παντί
2823 4617 2925 4652 που
2955 4576 3112 4667 δῆλον
3149 4600 3230 4665 ὡς
3277 4598 3601 4671 παρ’,αύτοῦ
3647 4603 3751 4655 ὐπ-

463 4670 609 4738 quod
641 4669 709 4723 ab
749 4671 869 4739 ipso
899 4671 1134 4736 exsistit,
1164 4671 1233 4726 ab
1256 4672 1447 4726 eodem
1491 4673 1848 4744 suppeditari.

967 4779 1223 4851 Ejusdem
1249 4797 1314 4836 ea:
1343 4783 1547 4836 eadem.

423 4920 436 4932 ε
531 4895 723 4954 XLIX.
763 4916 781 4944 ε
818 4896 1048 4964 Quodsi,
1074 4907 1132 4953 ut
1156 4899 1272 4968 ipse
1312 4899 1575 4956 Dominus
1605 4901 1775 4968 dixit;
1809 4917 1946 4958 suus
1969 4911 2052 4957 est

457 5011 491 5044 τί
533 4992 768 5058 Spiritus
802 5001 855 5046 et
885 5008 948 5047 ex
986 5007 1088 5047 suo
1113 4994 1330 5064 accipit,
1362 5011 1599 5065 eumque
1627 4996 1766 5050 etab
1798 5012 1856 5052 se
1883 4996 2048 5061 mitti,

455 5097 491 5131 4
537 5096 645 5134 non
675 5081 839 5152 igitur
871 5079 1107 5138 Verbum
1149 5096 1254 5151 εει,
1285 5102 1392 5155 qua
1430 5084 1692 5151 Verbum,
1726 5095 1780 5140 et
1835 5085 2054 5156 sapien-

460 5190 490 5224 4
532 5173 726 5238 tiaest,
765 5175 909 5244 quod
952 5176 1020 5230 ab
1071 5192 1130 5232 se
1181 5177 1309 5233 dato
1347 5179 1554 5248 Spiritu
1613 5179 1916 5248 iniungitur,
1957 5178 2051 5234 sed

455 5283 491 5318 σε
530 5277 807 5338 assumpta
837 5269 906 5324 ab
934 5271 1123 5326 eodem
1152 5287 1279 5327 caro
1307 5275 1375 5328 ab
1395 5274 1484 5329 illo
1505 5272 1810 5344 iuungitur.
1859 5290 1879 5325 ›

1066 5541 1488 5600 Animadversio.

550 5671 571 5705 ι
618 5654 752 5710 Nota
784 5656 870 5711 hic
901 5674 1118 5729 quoque
1153 5675 1182 5714 a
1227 5658 1458 5714 Domino
1519 5659 1785 5730 Spiritum
1809 5662 2054 5718 exhiberi

466 5764 497 5797 ι
543 5746 672 5811 dici,
701 5764 807 5802 non
857 5765 988 5804 vero
1022 5753 1336 5818 procedere,
1373 5753 1676 5807 maximum
1705 5769 1834 5808 vero
1859 5755 2054 5810 discri-

467 5858 496 5892 ι
540 5857 666 5896 tuen
717 5855 797 5898 est
840 5843 986 5901 inter
1033 5845 1426 5923 ρλιιὲιιίιίυιιῳιι
1467 5857 1518 5903 et
1557 5847 1993 5911 proccssionem.
2021 5865 2044 5898 ο

2156 4689 2322 4757 άρχον
2358 4691 2729 4761 κεχορήγηται
2761 4690 2892 4762 παρ’
2927 4691 3117 4747 αὐτοῦ.

2545 4797 2660 4852 Τοῦ
2683 4799 2875 4854 αὑτοῦ
2901 4799 2971 4854 ἐκ
2996 4799 3103 4855 τοῦ
3140 4800 3352 4868 αὑζοῦ.

2232 4925 2250 4961 ι
2295 4906 2430 4963 ΜΘ’.
2478 4909 2539 4962 Εἰ
2588 4910 2667 4973 δὲ,
2723 4913 2820 4964 καὶ
2870 4910 2945 4975 ὡς
2976 4912 3140 4976 αὐτὸς
3171 4915 3198 4966 6
3231 4913 3440 4984 Κύριος
3499 4915 3743 4985 είρηκεν,

2161 5020 2180 5054 ι
2231 5000 2397 5056 αὑτοῦ
2420 5003 2537 5056 ἐστι
2560 5003 2620 5056 τὸ
2647 5003 2896 5071 Πνεῦμα,
2920 5007 3017 5057 καὶ
3041 5006 3105 5058 ἐκ
3128 5005 3226 5058 τοῦ
3249 5006 3420 5059 αὐτοῦ
3445 5007 3740 5077 λαμϐάνει,

2163 5115 2182 5148 ι
2230 5096 2391 5159 αὐτός
2423 5114 2482 5150 τε
2507 5098 2640 5150 αὐτὸ
2672 5097 3014 5162 ἀποστέλλει,
3048 5097 3150 5151 οὐκ
3183 5099 3294 5168 ἄρα
3325 5101 3353 5152 6
3407 5099 3566 5166 λόγος
3597 5101 3744 5153 ἐστὶν

2165 5208 2183 5241 ι
2302 5190 2476 5257 Λόγος
2504 5193 2622 5243 ἐστὶ
2667 5193 2762 5243 καὶ
2810 5191 2998 5260 cro-pia,
3027 5193 3055 5245 6
3084 5191 3164 5262 τῷ
3225 5191 3360 5263 παρ’
3397 5194 3567 5246 αὐτοῦ
3615 5193 3749 5246 διδο-

2163 5302 2182 5335 ι
2231 5282 2378 5352 μένῳ
2411 5281 2696 5353 Πνεύματι
2744 5283 3064 5353 χριόμενος,
3105 5283 3224 5338 ἀλλ’
3261 5287 3294 5357 ὴ
3329 5286 3749 5359 προσληφθεῖσα

2162 5394 2181 5427 ι
2230 5376 2362 5446 παρ’
2419 5375 2607 5451 αὐτοῦ,
2629 5375 2767 5448 σάρξ
2805 5378 2955 5431 ἐστιν
3016 5378 3075 5431 ἐν
3109 5376 3259 5450 αὐτῷ
3293 5380 3388 5432 καὶ
3414 5381 3544 5451 παρ’
3580 5378 3745 5433 αὑτοῦ

2163 5487 2181 5522 ι
2223 5469 2504 5540 χριομένη.
2520 5488 2540 5524 ι
2599 5448 2607 5458 ’

2753 5565 3152 5621 Ἐπιστασία.

2236 5677 2256 5711 ι
2305 5659 2471 5731 Ὅρα,
2525 5659 2814 5714 κάνταῦθα
2871 5659 3160 5730 διδόμενον
3211 5661 3366 5729 παρὰ
3399 5655 3495 5714 τοῦ
3535 5657 3743 5729 Κυρίου

2166 5769 2183 5802 ι
2234 5750 2384 5820 λέγει
2415 5752 2476 5803 τὸ
2527 5751 2774 5822 Πνεῦμα,
2819 5753 2880 5804 οὐ
2921 5751 3028 5824 μὴν
3052 5753 3492 5823 ἐκπορευόμενον
3521 5767 3535 5782 ·
3572 5748 3739 5814 πολλὴ

2170 5867 2196 5898 ι-
2233 5848 2286 5900 at
2325 5849 2354 5915 ἡ
2389 5845 2622 5920 διαςορόι
2648 5846 2742 5916 τῆς
2788 5846 2986 5912 δόσεως
3027 5847 3163 5917 πρὸς
3208 5848 3306 5917 aly
3350 5846 3689 5914 ὲκπόρευσιν.
3717 5858 3737 5894 ι
