4002 6436
1238 389 1321 451 ΙΝ
1357 385 1747 450 CAMATERI
1783 381 2532 446 ANIMADVERSIONES.

909 505 1307 574 Ἆντίρῤησις.
1909 507 1954 563 Α

366 593 514 650 Ἀλλ’
537 596 640 666 ὅρα
665 595 762 649 καὶ
791 595 873 650 δτι
916 597 979 650 τὸ
1027 597 1305 666 διδόμενον
1354 595 1420 647 ὲκ
1457 592 1552 648 τοῦ
1603 592 1862 658 διδόντος,

273 686 357 752 ὡς
411 684 474 750 ιε
506 683 675 740 αὐτοῦ
703 685 948 758 ὑπάρχον
976 686 1154 738 ἐστίν.

273 387 381 456 481
1238 389 1321 451 ΙΝ
1357 387 1747 450 CAMATERI
1783 387 2532 446 ANIMADVERSIONES.
3377 421 3379 427 ι
3452 389 3563 456 482

2624 497 2926 569 Refutatio.

2052 588 2156 643 Sed
2189 589 2432 654 adverte,
2497 591 2799 645 exhibitqu
2831 592 2900 645 ab
2934 590 3246 666 esbibente,
3301 593 3468 649 veluti
3495 596 3564 652 ab

1971 694 2038 734 eo
2069 679 2444 734 exsistentiam
2484 682 2704 736 habere.

917 777 1026 831 Τοῦ
1049 775 1261 831 αὐτοῦ.

2474 770 2724 840 Ejusdem
2760 787 2824 825 ex
2851 773 3058 826 eadem.

355 886 376 920 ε
426 867 508 921 Ν¹.
547 867 660 921 Καὶ
685 867 973 939 ἄνθρωπος
1019 869 1075 921 δὲ
1114 868 1408 938 γενόμενος
1445 866 1632 934 ἔλεγεν
1656 880 1677 927 ’ν
1715 883 1734 916 ι
1785 863 1870 915 Ἀ-

2043 861 2106 915 L.
2172 881 2190 912 ι
2258 861 2320 915 Ει
2363 863 2528 916 homo
2577 864 2754 918 factus
2789 864 3044 919 ditebat:
3086 884 3104 916 ι
3159 868 3367 924 Mittam
3411 872 3564 927 \obis

257 981 296 1014 ει
346 960 603 1015 ποστελῶ
647 961 775 1031 ὑμῖν
818 961 910 1015 τδν
966 961 1350 1031 Παράκλητον,
1385 961 1448 1013 τὸ
1497 959 1727 1028 Πνεῦμα
1767 957 1868 1023 τῆς

2047 942 2414 1018 Paracleldm,
2476 954 2741 1024 Spiritum
2818 958 3061 1010 veritatis
3089 959 3156 1022 “,
3196 980 3214 1011 ι
3281 965 3560 1033 misitque,

277 1071 296 1104 ι
344 1051 641 1122 ἀληθείας.
684 1071 702 1104 ι
741 1054 851 1107 Καὶ
879 1053 1128 1123 ἐπεμψεν
1155 1053 1398 1121 ἀψευδὴς
1433 1051 1508 1104 ὣν
1539 1051 1569 1103 6
1602 1049 1698 1103 τοῦ
1728 1046 1868 1101 Θεοῦ

2045 1065 2168 1102 cum
2205 1049 2365 1118 longe
2415 1064 2444 1102 a
2474 1049 2763 1102 mendacio
2799 1049 2870 1103 sit
2933 1049 3027 1104 Dei
3066 1049 3329 1108 Verbum.
3378 1055 3562 1120 Quare

280 1162 299 1195 ι
347 1144 564 1212 Λόγος.
596 1139 809 1198 Οὐκοῦν
839 1144 1049 1214 Ἰησοῦς
1077 1143 1315 1210 Χριστὸς
1345 1143 1472 1213 χθὲς
1503 1141 1598 1196 καὶ
1625 1142 1870 1211 σήμερον

2031 1141 2190 1196 Jesus
2219 1140 2474 1196 Christus
2521 1141 2635 1194 beri
2677 1149 2731 1195 et
2759 1140 2925 1195 hodie’
2947 1142 3090 1197 idem
3131 1145 3244 1213 ipse
3279 1157 3332 1200 et
3361 1148 3416 1202 in
3456 1166 3561 1203 sae-

267 1253 289 1288 ι
339 1238 370 1288 6
400 1236 594 1298 αὐτὸς,
631 1237 726 1288 καὶ
765 1237 850 1299 εἰς
903 1235 1032 1298 τοὺς
1063 1233 1270 1296 αἰῶνας
1307 1234 1583 1304 ἄτρεπτος
1641 1231 1826 1300 μένων
1849 1242 1867 1258 ⁸

275 1346 296 1380 ι
346 1328 448 1382 καὶ
467 1330 494 1380 6
512 1326 676 1390 αὑτός
699 1326 1012 1391 ὲστιδιδοὺς
1041 1328 1130 1381 καὶ
1145 1327 1441 1406 λαμϐάνων
1467 1324 1641 1386 διδοὺς
1666 1324 1764 1394 μὲν
1793 1322 1868 1385 ὡς

275 1438 296 1472 ι
345 1419 486 1476 Θεὸς
514 1419 699 1488 λόγος,
737 1418 1033 1489 λαμϐάνων
1058 1418 1115 1473 δὲ
1149 1421 1224 1483 ὡς
1254 1417 1568 1488 ἄνθρωπος.
1608 1433 1627 1467 ι

902 1533 1278 1587 Ἐπιστασία.

340 1643 376 1677 -ι
391 1622 703 1694 Κάνταῦθα
729 1623 894 1678 πάλιν
911 1623 1153 1693 πέμπειν
1180 1625 1397 1690 λέγεται
1415 1623 1441 1675 6
1459 1621 1586 1685 Υίδς
1608 1619 1668 1672 τὸ
1696 1617 1869 1672 Πνεῦ-

1986 1251 2004 1284 ι
2047 1235 2194 1298 cuia,
2227 1233 2584 1287 immutabilis
2621 1249 2872 1295 manens,
2905 1241 2960 1288 et
2987 1234 3100 1302 ipse
3129 1245 3232 1301 est,
3269 1239 3360 1307 qui
3390 1241 3482 1293 dat
3508 1247 3562 1294 et

1977 1343 1995 1374 ι
2039 1323 2269 1392 accipit,
2333 1323 2473 1378 dans
2539 1331 2599 1376 ut
2650 1322 2793 1377 Deus
2854 1320 3113 1391 Verbum,
3169 1329 3443 1398 accipiens
3504 1339 3566 1384 ut

1978 1433 1996 1466 ι
2037 1417 2218 1471 homo.
2257 1433 2275 1466 ι

2565 1530 2992 1588 Animadversio.

2048 1634 2066 1667 ι
2107 1614 2206 1670 llic
2240 1633 2436 1673 rursus
2483 1621 2625 1674 mitti
2657 1624 2860 1678 dicitur
2885 1625 3145 1696 Spiritus,
3181 1627 3562 1697 exhiberique,

284 1733 308 1768 ι
362 1733 441 1787 μα
484 1715 579 1769 καὶ
625 1715 872 1782 διδόναι,
906 1716 984 1769 -οὺ
1026 1715 1137 1786 μὴν
1180 1713 1510 1784 προϐάλλειν
1561 1712 1660 1765 καὶ
1706 1714 1871 1765 ἐκπο-

2042 1723 2149 1762 non
2183 1711 2436 1780 produci,
2496 1723 2592 1768 aut
2623 1718 2938 1784 procedere.
2969 1737 2988 1770 ι

274 1827 314 1862 -4
351 1808 559 1880 patiam.
607 1827 626 1861 ι

898 1899 1303 1968 ’Δντίρρησιςο

356 1994 538 2049 ’Ἃλλὰ
559 1991 842 2048 κάνταῦθα
868 1990 1034 2046 πάλιν
1055 1992 1129 2054 ὼς
1157 1989 1312 2060 παρὰ
1344 1986 1438 2042 τοῦ
1470 1985 1600 2040 Υἱοῦ
1629 1987 1875 2056 ὑπάρχον

2654 1890 2942 1962 Refulatio.

2050 1974 2156 2030 Sed
2194 1975 2282 2031 hic
2316 1993 2510 2035 rursus
2544 1981 2620 2034 uti
2663 1998 2691 2035 a
2725 1982 2864 2037 Filio
2884 1981 3176 2049 rixsisteus,
3207 1989 3300 2059 qui
3342 1989 3411 2044 ab
3444 1990 3563 2061 ipso

263 2086 345 2138 ’τὸ
378 2086 511 2155 παρ’
538 2080 705 2138 αὑτοῦ
735 2082 1088 2152 πεμπόμενον
1115 2082 1210 2134 καὶ
1236 2077 1515 2147 διδόμενον
1544 2075 1871 2145 νοηθήσεται

2006 2069 2214 2123 nittitur
2249 2080 2302 2124 et
2345 2074 2731 2140 suppeditatur
2762 2075 3001 2145 Spiritus
3032 2081 3384 2150 mtelligetur.

279 2179 536 2247 Πνεῦμα.

849 2267 952 2320 Ἐκ
990 2265 1100 2320 τοῦ
1129 2264 1340 2319 αὑτοῦ.

360 2403 380 2435 ι
428 2381 560 2436 NA'.
604 2379 672 2433 Τί
722 2381 780 2433 δὲ
831 2378 1166 2450 θαυμαστὸν,
1197 2379 1231 2448 ἦ
1265 2378 1318 2430 τί
1345 2376 1591 2440 ἄπιστον,
1633 2377 1681 2428 εί
1730 2375 1759 2426 6
1813 2375 1875 2427 τὸ

283 2495 304 2529 ι
349 2473 575 2545 Πνεῦμα
602 2473 781 2535 διδοὺς
808 2473 1013 2543 Κύριος
1036 2471 1254 2539 λέγεται
1280 2468 1378 2523 νῦν
1407 2468 1568 2532 αὐτὸς
1597 2466 1674 2536 τῷ
1703 2465 1875 2519 Πνεῦ-

284 2589 306 2623 c
349 2584 487 2639 ματι
513 2567 788 2638 χρίεσθαι,
834 2567 1040 2631 δπουγε
1089 2563 1281 2634 χρείας
1331 2561 1496 2626 πάλιν
1532 2558 1873 2628 ἀπαιτούσης

286 2680 306 2714 ι
347 2661 412 2714 οὐ
463 2659 827 2730 παρῃτήσατο
869 2655 959 2710 διὰ
993 2655 1055 2708 τὸ
1099 2653 1441 2725 ἀνθρώπινον
1485 2650 1648 2705 αὐτοῦ
1698 2651 1873 2703 εἰπεῖν

283 2772 306 2807 ι
346 2753 542 2806 ἑαυτὸν
572 2749 830 2804 ἐλάττονα
859 2747 952 2802 τοῦ
975 2745 1316 2816 Πνεῦματος,
1339 2744 1450 2798 τῶν
1475 2746 1583 2814 γὶρ
1600 2741 1871 2795 Ἰουδαίων

286 2862 308 2896 ι
348 2843 625 2912 λεγόντων
656 2843 716 2894 ὲν
764 2836 1093 2901 Βεελζεϐοὺλ
1131 2834 1418 2890 ικϐάλλειν
1456 2835 1620 2888 αὐτὸν
1649 2831 1719 2885 τά
1759 2831 1874 2884 δαι-

2323 2257 2572 2328 Ejusdem
2619 2278 2685 2316 ex
2723 2267 2908 2316 eadem
2962 2267 3224 2322 oratione.

2063 2367 2156 2425 LI.
2195 2388 2214 2422 ι
2255 2371 2395 2437 Quid
2421 2388 2552 2427 Vero
2571 2375 2896 2432 admirabile
2926 2388 3004 2434 est
3072 2388 3168 2433 aut
3220 2381 3561 2450 incredibile,

1981 2477 2000 2511 ι
2042 2462 2088 2514 si
2124 2464 2218 2530 qui
2258 2461 2524 2531 Spiritum
2552 2465 2720 2521 donat
2748 2465 2939 2529 Filius.
2991 2469 3195 2525 dicitur
3251 2488 3398 2527 nunc
3447 2475 3564 2544 ipse

1983 2565 2002 2600 ι
2043 2548 2270 2618 Spiritui
2309 2553 2495 2620 inungi
2530 2571 2544 2608 :
2574 2569 2696 2608 cum
2729 2557 2858 2610 dum
2894 2559 3196 2614 necessitas
3231 2571 3408 2632 urget,
3441 2577 3564 2632 pro-

1981 2659 2000 2692 ι
2039 2652 2159 2711 pter
2193 2659 2348 2697 suam
2391 2644 2786 2702 humanitatem
2815 2665 2922 2703 non
2948 2652 3130 2705 renuit
3159 2651 3341 2708 dieare
3367 2665 3566 2711 semet-

1981 2749 2000 2782 ι
2047 2735 2224 2800 ipsum
2261 2734 2530 2790 minorem
2552 2736 2790 2807 Spiritu.
2816 2740 2950 2794 Nam
2979 2757 3101 2796 cum
3131 2743 3298 2799 Judaei
3323 2766 3335 2797 t
3359 2745 3569 2802 ieerent

1979 2840 1999 2874 ι
2036 2823 2090 2876 in
2118 2823 2424 2879 Beelzebub
2444 2827 2642 2895 ejicere
2672 2827 2823 2882 il!um
2845 2833 3192 2900 da'monia”,
3209 2837 3484 2904 respondit
3511 2847 3567 2894 et

283 2957 306 2992 ι
351 2938 535 3007 prima,
556 2933 836 3005 ἀπεκρίθη
869 2933 966 2986 καὶ
1014 2927 1170 2985 εἷπεν
1200 2930 1408 2993 αὐτοῖς,
1459 2927 1601 2999 μετὰ
1631 2926 1692 2979 τὸ
1721 2925 1871 2994 ἐλέγ-

2037 2913 2631 3007 dixitillis,postquam
2673 2935 2769 2974 eos
2798 2921 3235 2991 blasphemantes
3266 2931 3566 2997 reprehen-

284 3049 306 3084 ι
350 3005 439 3094 ξαι
474 3023 935 3098 βλασφημοῦντας
976 3022 1198 3085 αὐτοὺς.
1239 3021 1304 3074 El.
1348 3018 1460 3086 ἐγὼ
1503 3022 1564 3072 ὲν
1595 3016 1870 3088 Πνεῦματι

2041 3005 2236 3098 disset.
2269 3024 2288 3058 ι
2326 3006 2382 3062 Si
2411 3010 2579 3080 egoin
2614 3007 2818 3078 Spiriiu
2855 3012 2945 3067 Dei
2962 3014 3121 3085 ejicio
3142 3015 3410 3073 dzemonia
3441 3020 3506 3077 ⁸⁸.
3537 3040 3558 3073 ι

285 3141 308 3175 ο
351 3095 492 3174 Θεοῦ
579 3095 835 3171 ἐκϐάλλω
884 3116 954 3169 τά
1003 3113 1298 3184 δαιμόνιαο
1361 3111 1471 3164 ίδοὺ
1533 3108 1641 3178 γὰρ
1687 3109 1716 3161 6
1773 3108 1869 3159 τοῦ

2042 3095 2183 3151 Ecce
2214 3100 2360 3152 enim
2390 3098 2632 3169 Spiritus
2671 3103 2850 3166 datur,
2882 3107 3161 3174 quomodo
3187 3123 3334 3164 nunc
3354 3121 3565 3168 asserat

283 3231 305 3265 τ
353 3210 672 3280 Πνεῦματος
706 3205 871 3277 δοτὴρ
914 3206 975 3257 ἐν
1030 3201 1308 3272 Πνεῦματι
1350 3199 1447 3252 νῦν
1484 3199 1632 3260 λέγει
1677 3198 1871 3249 ἑαυτὸν

2043 3191 2394 3260 semetipsum
2424 3193 2479 3246 in
2517 3193 2724 3262 Spiritu
2763 3194 2962 3264 ejicere
2988 3198 3278 3255 daemonia.
3303 3199 3409 3260 Hoc
3435 3220 3562 3260 vero

281 3323 304 3357 σ
349 3303 641 3357 ἐκϐάλλειν
663 3301 732 3354 τὰ
759 3300 1040 3368 δαιμόνια.
1082 3297 1255 3350 Τοῦτο
1297 3296 1354 3348 δὲ
1386 3295 1489 3348 οὐκ
1521 3296 1666 3347 ἔστιν
1696 3292 1871 3356 ἄλλως

2039 3295 2148 3335 non
2179 3283 2283 3336 alia
2303 3285 2534 3350 ratione,
2569 3301 2733 3354 quam
2763 3289 2948 3342 carnis
2969 3290 3290 3346 enuntiavit.
3323 3311 3344 3345 ι

275 3415 303 3450 ι
348 3393 642 3464 εἰρημένον
671 3391 704 3462 ἢ
730 3393 824 3444 διὰ
855 3391 954 3462 τὴν
982 3389 1185 3458 σάρκα.
1223 3405 1247 3440 ι

899 3480 1282 3534 Ἐπιστασια.

2559 3473 2989 3528 Animadversio.

2051 3603 2070 3638 ι
2112 3586 2178 3640 Ει
2207 3601 2398 3642 rursus
2429 3587 2517 3642 hic
2541 3587 2713 3646 Filius
2753 3592 2913 3648 dator
2953 3593 3192 3664 Spiritus
3229 3598 3424 3666 sancti,
3453 3613 3563 3656 non

1981 3693 1999 3728 ι
2043 3680 2339 3744 productor
2369 3691 2399 3732 a
2429 3690 2624 3733 sancto
2657 3681 2994 3739 decernitur.
3023 3703 3042 3737 ι
3097 3693 3100 3696 ’

881 3774 1260 3844 ’Διοτζρῤησις
1270 3810 1284 3826 .

2619 3767 2913 3837 Refutalio.

373 3872 540 3928 ’Ἀλλά
599 3871 694 3926 καὶ⁵
748 3871 922 3924 πάλιν
965 3867 1245 3924 κάνταῦθα
1273 3865 1435 3937 δοτὴρ
1481 3864 1575 3918 τοῦ
1621 3863 1871 3934 Πνεῦμα-

2050 3855 2158 3910 Sed
2180 3872 2374 3913 rursus
2395 3857 2481 3912 hic
2502 3873 2722 3928 quoque
2749 3860 2984 3930 Spiritus
3005 3861 3162 3918 dator
3188 3863 3382 3933 Filius,
3413 3869 3561 3939 Quod

276 3986 377 4032 τος
417 3970 447 4021 ὁ
483 3966 628 4033 Υἱὸς,
660 3966 749 4020 διὰ
789 3964 853 4018 τὸ
885 3964 945 4030 ἐξ
989 3961 1157 4017 αὐτοῦ
1188 3959 1457 4030 ὑπάρχειν
1489 3957 1648 4011 τοῦτο
1700 3958 1871 4031 ῥηθή-

2011 3965 2040 4003 x
2087 3951 2208 4022 ipso
2237 3950 2328 4006 ille
2359 3951 2614 4016 exsistat,
2647 3952 2884 4009 dicetur.

279 4078 470 4116 σεται.

368 3617 387 3652 t
427 3597 552 3652 Καὶ(
570 3596 733 3650 πάλιν
764 3593 1000 3650 ἐνταῦθα
1024 3591 1191 3664 δοτὴρ
1209 3592 1303 3646 τοῦ
1329 3590 1643 3661 Πνεῦματος
1669 3593 1696 3644 6
1723 3590 1870 3658 Υἱὸς,

280 3715 300 3748 ι
349 3694 414 3746 οὐ
437 3690 562 3763 Δμὴν
591 3687 894 3760 προϐολεὺς
917 3685 996 3756 τῷ
1025 3685 1168 3755 ἁγίῳ
1191 3683 1596 3754 δοχματίζεται.
1635 3699 1660 3734 ο

849 4148 958 4202 Ἐκ
1003 4144 1113 4200 τοῦ
1137 4144 1348 4200 αὑτοῦ.

2334 4154 2590 4226 Ejusdem
2625 4172 2691 4210 ea;
2738 4158 2920 4212 eadem
2945 4161 3205 4215 oratione.

349 4260 484 4317 NB'.
515 4279 544 4313 τι
579 4258 945 4329 Τοιαῦταμὲν
973 4257 1067 4311 οὖν
1105 4258 1216 4318 τοῖς
1235 4254 1521 4316 Ἲουδαίοις
1561 4252 1637 4316 ὡς
1665 4251 1871 4322 ἄνθρω-

2041 4267 2155 4323 Lll.
2192 4285 2211 4320 ι
2245 4265 2575 4336 Haecitaque
2602 4265 2827 4332 Juda‘is,
2860 4269 2934 4323 uti
2969 4271 3132 4325 homo
3177 4273 3411 4329 dicebat.
3460 4274 3561 4328 Ve-

279 4376 305 4410 ι
349 4373 454 4420 πος
483 4354 669 4422 ἔλεγεν
695 4357 723 4405 6
741 4352 967 4422 Κύριος.
985 4351 1110 4411 Τοῖς
1135 4348 1193 4400 δὲ
1228 4345 1498 4417 μαθηταῖς
1520 4347 1616 4413 τὴν
1642 4345 1871 4412 θεάτητα

2045 4369 2355 4412 rumtamen
2407 4356 2691 4426 discipulis
2725 4359 3086 4424 divinitatem,
3129 4375 3195 4414 ac
3223 4365 3561 4431 magnitudie

287 4470 307 4503 ι
347 4450 447 4502 καὶ
469 4447 570 4518 τὴν
599 4445 997 4514 μεγαλειότητα
1024 4437 1480 4504 δεικνὺς-ἑαυτοῦ,
1512 4438 1695 4490 οὐκέτι
1716 4437 1871 4490 ἐλάτ-

2042 4465 2166 4506 nem
2217 4465 2376 4505 suam
2402 4447 2717 4511 ostendens,
2748 4463 2855 4501 non
2916 4450 3154 4518 amplius
3205 4455 3558 4522 semetipsum

288 4562 309 4595 ι
347 4559 482 4596 τονα
533 4538 726 4592 ἑαυτὸν
781 4535 878 4588 τοῦ
928 4533 1268 4603 Πνεῦματος,
1313 4530 1454 4584 ἀλλὰ
1501 4531 1726 4599 μείζονα
1769 4529 1870 4581 καὶ

2039 4540 2304 4595 minorem
2343 4540 2574 4608 Spiritu,
2599 4539 2691 4593 sed
2712 4538 2998 4607 majorem,
3054 4549 3109 4594 et
3145 4536 3404 4608 aequalem
3459 4545 3557 4599 de-

229 4670 232 4676 ι
285 4654 306 4686 ι
340 4637 472 4686 ἴσον
519 4630 651 4682 ὄντα
705 4629 1020 4697 σημαίνων,
1069 4624 1248 4677 ἐδίδου
1301 4623 1402 4694 μὲν
1428 4622 1746 4690 τὸΠνεῦμα
1776 4624 1870 4676 καὶ

2041 4631 2700 4696 monstrans,exbibebat
2750 4631 3012 4699 Spiritum
3059 4634 3400 4704 dicebatque.
3447 4637 3560 4708 Ego

287 4745 306 4777 ι
345 4724 542 4792 ἔλεγεν
569 4736 584 4752 ·
624 4739 644 4771 ι
692 4717 836 4786 Ἐγὼ
886 4717 1023 4770 αὐτὸ
1058 4715 1396 4778 ἀποστέλλω,
1448 4716 1706 4776 κάκεῖνος
1769 4714 1871 4783 ἐμὲ

2041 4727 2218 4794 ipsum
2251 4725 2430 4788 mitto,
2451 4732 2506 4778 et
2540 4722 2631 4776 ille
2654 4738 2740 4776 me
2767 4723 3112 4794 glorilicabit,
3140 4735 3194 4780 et
3219 4741 3560 4800 quacunque

287 4837 306 4870 ι
343 4817 588 4881 δοξάσει,
627 4814 722 4867 καὶ
768 4813 869 4865 ὅσα
915 4809 1142 4863 ἀκούσει
1175 4807 1419 4878 λαλήσει,
1455 4825 1475 4857 ι
1522 4807 1734 4876 Ὥσπερ
1778 4807 1870 4858 οῦν

2037 4818 2222 4872 audiet
2251 4819 2394 4872 dicet
2420 4817 2489 4868 ⁸⁷.
2544 4815 3016 4881 Quemadmodum
3049 4815 3233 4886 itaque
3268 4818 3376 4882 hic,
3426 4822 3554 4873 dum

287 4928 309 4962 ι
349 4906 614 4972 ἐνταῦθα,
648 4905 742 4959 τοῦ
774 4903 1091 4972 Πνεῦματος
1118 4901 1284 4969 δοτὴρ
1308 4899 1385 4952 ὣν
1414 4901 1442 4952 6
1477 4899 1626 4962 Υἱὸς,
1661 4901 1723 4951 οὐ
1767 4915 1871 4952 παο

2041 4911 2279 4980 Spiritus
2323 4909 2483 4962 dator
2517 4905 2691 4962 Filius
2734 4916 2818 4961 est
2872 4921 2980 4960 non
3039 4909 3241 4978 refugit
3277 4911 3458 4963 dicere
3500 4912 3554 4964 in

289 5022 309 5057 ι
341 4999 822 5074 ραιτεῖταιείπείν
858 4997 915 5048 ἐν
945 4993 1228 5064 Πνεῦματι
1261 4992 1544 5045 ἐκϐάλλειν
1577 4993 1645 5043 τὰ
1684 4991 1871 5060 δαιμό-

2037 5001 2243 5070 Spiritu
2275 5000 2474 5068 ejicere
2523 4997 2792 5052 daemonia
2832 5006 3092 5064 tanquam
3143 4999 3307 5053 homo
3365 5015 3379 5052 :
3438 5003 3555 5068 pari

292 5115 312 5150 ι
349 5113 464 5159 νια,
496 5093 572 5156 ὥς
608 5091 896 5161 ἄνθρωπος
942 5087 1031 5140 τὸν
1081 5086 1244 5140 αὐτὸν
1276 5087 1478 5154 τρόπον
1523 5084 1553 5134 6
1592 5084 1752 5145 αὐτὸς
1792 5079 1869 5134 ὢν

2043 5093 2204 5145 modo
2236 5091 2372 5144 idem
2406 5091 2519 5159 ipse
2541 5105 2664 5143 cum
2699 5087 2918 5143 exhibet
2942 5086 3206 5157 Spiritum
3241 5106 3348 5144 non
3379 5093 3558 5144 ienuit

289 5207 308 5241 ι
347 5187 446 5241 τοῦ
509 5184 829 5252 ιινεύματος
896 5180 1064 5250 δοτὴρ
1095 5217 1110 5244 ,
1163 5176 1226 5228 οὐ
1285 5174 1641 5248 παρῃτήσατο
1689 5175 1868 5242 λέγειν

2036 5185 2238 5246 dicere,
2274 5199 2292 5232 ι
2322 5181 2563 5250 Spiritus
2583 5181 2794 5235 Domini
2826 5194 2991 5250 super
3021 5196 3131 5247 me,
3160 5191 3556 5251 proptereaque

289 5299 309 5334 ς
353 5277 584 5344 Πνεῦμα
607 5278 814 5347 Κυρίου
845 5273 934 5327 ἐπ’
960 5271 1083 5341 ἐμὲ,
1123 5264 1186 5324 οὗ
1215 5268 1422 5321 εἵνεκεν
1451 5267 1644 5338 ἔχρισέ-
1677 5283 1766 5336 με.
1806 5285 1828 5318 ι
1979 5295 1999 5331 ς
2043 5277 2200 5330 um“
2242 5289 2330 5331 me
2359 5275 2427 5329 an.
2461 5293 2479 5327 ,

672 5393 677 5400 -
895 5365 1278 5420 Ἐπιστασια.

2275 5371 2277 5373 ’
2537 5371 2970 5425 Animadversio.

366 5483 388 5518 ι
423 5462 715 5533 Πανταχοῦ
784 5462 913 5515 ἔνθα
958 5459 1054 5512 τοῦ
1113 5457 1355 5528 μεγάλου
1406 5453 1598 5509 τούτου
1651 5455 1867 5526 Πατρὸς

2051 5481 2070 5516 ι
2110 5461 2436 5532 Ubicunque
2461 5478 2713 5532 magnum
2753 5463 2897 5518 hunc
2948 5463 3163 5518 Patrem
3191 5464 3553 5534 deprehendis

291 5575 312 5612 σ
349 5557 574 5620 ἀκούεις
609 5555 811 5625 δοτῆρα
839 5553 933 5608 τοῦ
965 5551 1280 5622 Πνεῦματος
1320 5548 1412 5602 τὸν
1461 5547 1586 5614 Υίὸν
1627 5543 1764 5602 εἶναι
1789 5549 1866 5601 διο

2043 5554 2330 5608 docentem
2369 5552 2607 5622 Spiritus
2631 5538 2876 5605 datorem
2893 5541 3013 5608 esse
3035 5551 3253 5618 Filium,
3287 5566 3398 5608 tum
3419 5556 3550 5608 reb-

291 5673 308 5706 ι
350 5653 653 5712 δάσκοντος
683 5647 816 5718 πρὸς
841 5646 938 5710 τὰς
973 5644 1142 5707 ἄλλα,
1177 5641 1367 5696 τούτου
1401 5640 1750 5706 διδασκαλίας
1771 5641 1866 5694 καὶ

2033 5649 2159 5714 quis
2217 5645 2364 5700 illius
2395 5646 2759 5712 pronuntiatis
2792 5643 3078 5713 eﬂatisque
3137 5645 3406 5701 conferto.
3437 5644 3554 5702 [loc
3638 5650 3652 5673 '

359 5833 406 5865 “
427 5831 594 5887 Joan.
629 5845 717 5899 xv,
750 5830 841 5886 26.
940 5831 984 5863 ³⁵
1012 5829 1147 5886 Luc.
1180 5845 1256 5898 st,
1300 5830 1382 5885 IS.
1461 5829 1660 5885 "ibid.
1701 5828 1788 5882 ΞΟ.
1868 5829 1871 5855 ³

2009 5845 2100 5883 an.
2134 5843 2240 5893 va,
2284 5827 2367 5882 Η.
2449 5827 2620 5882 "iss.
2653 5841 2763 5884 LXI,
2814 5825 2859 5878 ι.
