4002 6482
431 421 538 486 483

1491 417 1702 479 JOAN.
1746 418 1960 480 VECCI
2001 421 2113 481 (ΣΡ.
2155 423 2666 486 PATRIARCILE

3559 499 3570 508 ,
3616 437 3730 518 434

437 553 458 586 ι
501 533 649 586 enim
699 535 860 588 modo
907 530 1105 586 Filium
1159 531 1400 585 datorem
1431 528 1667 597 Spiritus
1700 537 2029 588 vocat,tan-

2150 550 2160 582 ι
2201 532 2406 596 ταύτας
2431 536 2760 604 συμόίΰαζε.
2782 537 2940 590 Οὕτω
2966 538 3075 610 γὰρ
3097 540 3298 611 δοτῆρα
3337 542 3428 595 τοῦ
3469 545 3734 615 Πνεῦμα-

398 657 402 659 »
437 643 458 677 ι
495 640 659 695 quam
691 627 791 696 qui
810 642 903 696 per
935 628 1110 696 ipsum
1139 642 1165 676 a
1196 623 1699 693 Patre_cxhihetur.
1724 641 1741 673 ›

1119 800 1424 874 Βινίιιεαιίὸ.

527 919 561 956 ιι
622 900 847 970 digestis
902 913 1069 967 supra
1161 894 1734 950 animadversionibus
1790 895 2034 973 studiose

435 997 739 1050 auditorem
792 990 1201 1051 adhortabaris,
1231 997 1290 1040 ut
1343 987 1829 1052 animadverteret,
1897 1003 2032 1056 quo:

439 1087 600 1139 modo
633 1088 860 1138 sanctas
888 1081 1150 1135 datorem
1179 1077 1414 1148 Spiritus
1439 1077 1659 1140 Fdium,
1693 1095 1798 1131 non
1833 1081 2034 1147 produ-

433 1189 641 1231 ctorem
670 1182 1031 1242 nuncuparet.
1053 1171 1157 1227 Ubi
1192 1186 1320 1225 vero
1351 1170 1760 1240 deprchendisti
1778 1178 2032 1223 sanctum

439 1270 617 1335 palam
677 1267 967 1322 ostendere
1007 1277 1256 1324 causam,
1290 1263 1360 1316 ob
1393 1278 1558 1330 quam
1609 1261 1766 1315 dator
1795 1260 2033 1331 Spiritus

436 1359 612 1412 Filius
648 1369 754 1418 est,
799 1357 872 1410 ibi
905 1358 1047 1409 hanc
1080 1370 1191 1424 pra:
1225 1367 1283 1407 se
1337 1353 1520 1408 ferens
1575 1354 1902 1407 sententiam
1947 1353 2033 1407 di-

437 1461 616 1516 ctum,
656 1450 807 1503 nulla
831 1446 1314 1503 animadversione
1334 1446 1559 1514 dignum
1585 1461 1709 1500 esse
1740 1447 2027 1514 reputasti.

436 1543 552 1612 Ego
577 1558 705 1596 vero
738 1543 901 1596 simili
935 1543 1081 1596 dicto
1125 1552 1369 1596 mentem
1419 1538 1719 1606 applicans,
1750 1538 1858 1603 aio,
1920 1551 2037 1590 ma-

443 1638 654 1688 ximum
687 1633 1078 1698 Athanasium,
1122 1648 1244 1686 cum
1300 1632 1500 1686 asserit
1535 1629 1826 1683 Dominum
1866 1647 1884 1679 ι
1924 1644 2032 1682 non

439 1727 678 1793 amplius
708 1726 1062 1792 semetipsum
1094 1725 1365 1777 minorem
1387 1721 1617 1790 Spiritu,
1647 1721 1741 1774 sed
1771 1721 2032 1787 majorem

436 1822 490 1866 et
517 1813 914 1878 alqualemcsse
941 1813 1430 1874 demonsuantem,
1459 1810 1716 1864 exhibere
1739 1809 2026 1878 Spiritum,

2143 643 2160 676 ι
2203 642 2297 689 τος
2323 629 2414 681 τὸν
2446 629 2574 682 Υίδν
2601 630 2773 698 λέγει,
2815 631 2890 693 ὡς
2916 632 2986 686 δι’
3014 634 3179 687 αὑτοῦ
3206 636 3360 706 παρὰ
3386 635 3482 689 τοῦ
3516 641 3738 711 Πατρὶς

2141 737 2161 768 ι
2209 718 2492 787 διδομένου
2523 721 2618 774 τοῦ
2656 723 2993 792 Πνεύματος.
3040 744 3058 778 ι

2739 813 3149 885 ἈντΙρῤησις.

2221 903 2309 954 Ἐν
2353 904 2454 972 μὲν
2500 907 2622 968 ταῖς
2675 907 2774 978 ήδη
2831 910 3322 979 προηγησαμέναις
3375 915 3741 980 ἐπιστασίαις

2135 993 2235 1044 οῦκ
2279 992 2481 1056 ὤκνεις
2513 997 2698 1060 ἀξιοῦν
2728 997 2816 1050 τὸν
2861 999 3137 1069 ἀκροατὴν
3168 1008 3472 1067 κατανοεῖν,
3511 1007 3666 1067 ὅπως
3712 1009 3742 1059 6

2136 1080 2291 1150 ἅγιος
2321 1084 2526 1154 δοτῆρα
2550 1086 2643 1138 τοῦ
2663 1085 3004 1155 Πνεύματος,
3031 1088 3090 1139 οὐ
3130 1089 3236 1157 μὴν
3265 1091 3536 1158 προϐολέα
3562 1091 3737 1144 καλεῖ

2135 1175 2229 1227 τὸν
2262 1175 2392 1228 Υἱόν
2419 1192 2432 1206 ’
2477 1175 2605 1228 ἔνθα
2635 1177 2692 1228 δὲ
2723 1179 3064 1245 κατενόησας
3106 1178 3397 1232 δεικνύντα
3445 1185 3538 1233 τὸν
3575 1181 3740 1247 ἆγιον

2137 1267 2436 1337 προφανῶς
2469 1268 2568 1339 τὴν
2595 1260 2778 1321 αἰτίαν
2809 1270 2933 1322 καθ’
2973 1270 3041 1340 ἢν
3082 1270 3247 1340 δοτὴρ
3277 1271 3371 1323 τοῦ
3411 1274 3743 1343 Πνεῦματός

2137 1359 2290 1410 ἐστιν
2324 1360 2352 1411 6
2381 1357 2530 1423 Υἱὸς,
2571 1361 2750 1412 ἐκεῖσε
2785 1360 2846 1412 τὸ
2871 1361 2971 1431 τὴν
3007 1363 3270 1429 τοιαύτην
3299 1362 3492 1433 δηλοῦν
3522 1364 3744 1418 ἔννοιαν

2138 1451 2301 1519 ῥητὸν
2340 1451 2602 1519 οὐδεμιᾶς
2636 1451 2874 1520 ἠξίωσας
2897 1453 2996 1522 τῆς
3024 1455 3368 1516 ἐπιστασίας.
3389 1453 3534 1522 Ἐγὼ
3572 1456 3633 1508 δὲ
3670 1451 3739 1525 τῇ

2135 1540 2360 1613 τοιαύτῃ
2395 1543 2549 1612 ῥήσει
2574 1545 2899 1613 ἐπιστήσας,
2932 1547 3076 1614 φημὶ
3116 1545 3191 1608 ὡς
3231 1548 3258 1598 6
3299 1546 3556 1614 μέγιστος
3574 1549 3744 1600 Ἀοαο

2135 1631 2321 1694 νάσιος
2339 1631 2534 1699 λέγων,
2565 1633 2646 1684 ὅτι
2674 1633 2702 1683 6
2734 1632 2937 1702 Κύριος
2968 1653 2987 1683 ι
3012 1635 3198 1686 οὐκέτι
3222 1635 3482 1688 ἐλάττονα
3536 1638 3738 1690 ἑαυτὸν

2135 1719 2228 1772 τοῦ
2256 1721 2594 1790 Πνεύματος,
2617 1722 2754 1776 ἀλλὰ
2785 1724 3130 1791 μείζοναριαὶ
3147 1726 3258 1777 ἴσον
3273 1727 3400 1777 ὄντα
3425 1729 3737 1797 σημαίνων,

2139 1812 2308 1864 ἐδίδου
2332 1813 2393 1864 τὸ
2419 1814 2643 1883 Πνεῦμα
2680 1817 2772 1868 καὶ
2795 1815 3002 1884 ἔλεγεν,
3033 1817 3146 1884 ἐγὼ
3178 1820 3308 1872 αὐτὸ
3338 1820 3678 1882 ἀποστέλλω,
3711 1841 3729 1872 ι

436 1916 490 1958 ct
521 1907 724 1968 dicere,
755 1906 866 1975 Ego
896 1904 1046 1958 illum
1088 1905 1264 1966 mitto,
1301 1902 1534 1971 [palam
1577 1910 2023 1953 cormnonstras-

2150 1903 2410 1974 δεδήλωκε
2429 1876 2747 1974 προιρανῶς,
2780 1907 2853 1970 ὡς
2883 1876 2950 1961 δι’
2982 1876 3135 1962 οὐδέν
3152 1909 3282 1963 ἄλλο
3307 1914 3473 1982 δοτήρ
3498 1915 3614 1966 ἐστι
3642 1876 3734 1966 τοῦ

437 2012 496 2050 se
529 1997 597 2050 ob
630 1999 835 2050 nullam
893 1997 1055 2050 aliam
1089 2011 1313 2051 causam
1347 1995 1595 2047 datorem
1643 2007 1765 2046 esse
1791 1989 2030 2060 Spiritus

442 2086 810 2153 Servatorem,
835 2103 998 2160 quam
1023 2089 1167 2156 quod
1187 2087 1276 2140 ille
1294 2085 1484 2154 exipso
1500 2085 1750 2158 exsistat.
1771 2083 1854 2136 Ub
1867 2098 2032 2151 quam

441 2178 588 2232 enim
621 2180 783 2232 aliam
828 2179 1095 2234 rationem
1134 2178 1399 2232 Dominus
1431 2178 1637 2246 Spiritu
1686 2175 2032 2244 majordice-

442 2281 554 2334 tur,
588 2273 690 2326 nisi
726 2273 855 2342 quia
880 2272 969 2326 ille
1021 2288 1086 2325 ex
1134 2273 1252 2341 ipso
1307 2271 1522 2325 exsistit
1550 2269 1574 2309 ’ν
1620 2269 1797 2337 Prope
1855 2267 2034 2322 estde

446 2363 553 2416 hoc
603 2365 808 2432 scripto
835 2363 1096 2416 traditum
1124 2362 1517 2416 testimonium.
1545 2359 1792 2428 Namque
1821 2371 2031 2413 sermo-

441 2469 566 2508 nem
607 2455 753 2519 hunc
801 2471 984 2510 mcqu
1022 2454 1392 2518 conﬁrmabit,
1452 2453 1507 2506 in
1559 2451 1907 2520 dogmatibus
1940 2449 2036 2503 de-

444 2548 745 2602 cernendis
769 2564 937 2617 quam
973 2547 1234 2616 optimus,
1258 2557 1312 2599 et
1332 2547 1494 2599 rebus
1529 2543 1732 2606 divinis
1762 2557 2037 2611 exponen-

440 2639 527 2693 dis
554 2640 1093 2708 praeeellentissimus
1121 2639 1472 2700 Anastasius,
1508 2651 1630 2690 cum
1667 2635 1798 2689 dicit
1829 2651 1843 2687 :
1879 2653 1898 2687 ‹
1942 2635 2034 2688 Sic

441 2731 630 2800 itaque
701 2731 967 2786 Dominus
1001 2747 1067 2785 ex
1092 2730 1408 2802 semetipso
1453 2727 1720 2795 Spiritum
1768 2727 2035 2781 exsistere

440 2833 904 2888 commonstrans,
935 2821 1223 2878 itisul‘llans
1249 2820 1534 2889 discipulis
1551 2818 1799 2873 dicebat:
1835 2835 1853 2867 ι
1875 2816 2036 2870 Acci-

443 2917 556 2985 pite
589 2916 856 2987 Spiritum
893 2925 1147 2971 sanctum
1169 2915 1240 2969 “.
1276 2933 1295 2965 ›
1345 2913 1411 2966 Ει
1443 2911 1732 2966 considera
1761 2909 2036 2979 quomodo

445 3007 536 3062 hic
568 3019 794 3062 sanctus
837 3007 1133 3062 Athanasii
1185 3006 1390 3060 dictum
1426 3004 1840 3072 interpretatur.
1879 2999 2035 3066 Quod

443 3098 590 3150 enim
629 3106 900 3152 terrarum
932 3097 1082 3152 ornis
1108 3095 1292 3150 lumen
1319 3093 1657 3147 Athanasius
1684 3092 1917 3145 innuens
1948 3090 2036 3143 di-

2141 1993 2454 2062 Πνεῦματος
2478 1997 2506 2046 6
2537 1997 2750 2066 Σωτὴρ,
2779 1996 2895 2050 ἀλλ’
2921 1997 2954 2067 ἢ
2988 2000 3076 2052 διὰ
3104 2000 3164 2052 τὸ
3186 1999 3244 2064 ἐξ
3268 2001 3434 2053 αὑτοῦ
3462 2002 3731 2072 ὑπάρχειν

2137 2083 2292 2139 αὐτό.
2313 2085 2467 2139 Κατὰ
2490 2087 2542 2139 τι
2569 2090 2678 2159 γὰρ
2711 2088 2777 2141 ἂν
2807 2089 2935 2142 ἄλλο
2963 2091 3054 2143 καὶ
3078 2092 3269 2162 ῥηθείη
3298 2093 3395 2145 τοῦ
3412 2095 3726 2164 Πνεῦματος

2141 2173 2389 2243 μείζωνὸ
2420 2177 2649 2246 Κύριος,
2707 2180 2757 2230 εί
2795 2181 2870 2248 μὴ
2903 2182 3044 2232 κατὰ
3092 2183 3149 2232 τὸ
3182 2180 3240 2244 ἐξ
3265 2181 3436 2234 αὑτοῦ
3467 2182 3726 2249 ὑπάρχειν

2137 2265 2306 2332 αὐτό;
2339 2267 2449 2319 Kal
2479 2270 2510 2336 ἡ
2540 2271 2786 2339 γραφική
2823 2287 2914 2338 μοι
2950 2272 3226 2340 μαρτυρία
3249 2273 3436 2338 ἐγγύς.
3463 2274 3732 2341 Συστήσει

2136 2353 2245 2422 γάρ
2279 2371 2370 2424 μοι
2386 2358 2478 2408 τὸν
2513 2356 2670 2425 λόγον
2692 2358 2718 2409 6
2747 2359 2803 2410 ὲν
2829 2361 3006 2426 ἁγίοις
3024 2360 3506 2430 δογματικώτατος
3545 2361 3641 2412 καὶ
3669 2365 3734 2413 τὰ

2103 2497 2115 2507 ,
2138 2443 2258 2498 Θεία
2290 2447 2460 2509 πολὺς
2503 2449 2880 2515 Ἀναοτὰσιο;,
2907 2452 3080 2520 λέγων
3119 2455 3296 2505 οὕτω·
3344 2472 3363 2504 ι
3398 2454 3507 2507 Καὶ
3543 2455 3677 2522 γοῦν
3697 2455 3736 2507 _6

2137 2536 2342 2608 Κύριος
2371 2539 2428 2604 ἐξ
2463 2541 2656 2593 ἑαυτοῦ
2675 2543 2890 2606 δεικνὺς
2913 2544 3181 2616 ὑπάρχειν
3199 2547 3259 2596 τὸ
3279 2546 3530 2613 Πνεῦμα,
3554 2547 3736 2614 ἐμφυ-

2140 2631 2251 2684 σῶν
2274 2635 2385 2695 τοῖς
2420 2625 2688 2704 μαθηταῖς
2717 2635 2892 2704 ἔλεγε,
2921 2656 2940 2688 ι
2976 2639 3188 2691 Λάϐετε
3219 2640 3445 2710 Πνεῦμα
3484 2639 3668 2706 ἅγιον.
3711 2659 3728 2691 ι

2142 2724 2286 2792 Ὅρα
2314 2724 2460 2786 ὅπως
2489 2727 2517 2778 6
2548 2724 2702 2793 ἅγιος
2722 2722 2874 2792 οὗτος
2905 2731 2966 2782 τὸ
2997 2730 3084 2782 τοῦ
3120 2730 3360 2798 μεγάλου
3409 2731 3733 2784 Ἀθανασίου

2139 2811 2492 2881 διερμηνεῦει
2543 2817 2727 2886 ῥητόν.
2786 2818 2966 2888 Ὅπερ
3016 2823 3122 2891 γὰρ
3165 2825 3192 2873 6
3245 2821 3342 2890 τῆς
3405 2823 3736 2890 οἰκουμένης

2144 2905 2373 2975 φωστὴρ
2431 2905 2751 2971 Ἀθανασιος
2795 2910 2987 2979 ἐδήλου
3041 2911 3256 2980 λέγων,
3300 2915 3384 2965 ὅτι
3432 2916 3459 2965 6
3507 2915 3734 2982 Κύριος,

2143 2994 2366 3063 μείζονα
2389 2996 2602 3060 δεικνὺς
2631 3000 2824 3052 ἑαυτὸν
2847 3001 2942 3054 τοῦ
2961 3003 3301 3070 Πνεύματος,
3319 3003 3492 3056 ἐδίδου
3523 3004 3676 3056 αὐτὸ,
3703 3021 3730 3068 ¹ι

2141 3088 2299 3140 τοῦτο
2328 3087 2717 3161 καθαρώτερον
2743 3094 3071 3163 διεσάφησεν
3094 3088 3269 3158 οὗτος,
3331 3099 3737 3165 ἐφερμηνευτιο

442 3190 645 3242 cebat:
683 3205 703 3240 ι
764 3187 1032 3242 Dominus
1096 3186 1366 3256 majorem
1421 3184 1778 3252 semetipsum
1820 3181 2028 3250 Spiritu

2150 3181 2254 3245 κῶς
2285 3183 2375 3236 τὸν
2401 3184 2558 3252 λόγον
2594 3187 2949 3256 προαγαγὼν,
2983 3192 3039 3242 ὲν
3070 3191 3146 3258 τῷ
3173 3193 3371 3255 εἰπεῖν,
3409 3209 3428 3241 ι
3471 3193 3584 3244 Καὶ
3606 3192 3736 3258 γοῦν

443 3282 761 3345 ostendens,
791 3280 956 3334 dabat
981 3279 1156 3344 illum,
1186 3297 1205 3330 ›
1245 3278 1334 3332 hic
1359 3276 1602 3346 apertius
1623 3277 2032 3345 interpretatus,

447 3374 548 3424 hac
584 3370 975 3440 explanatione
1028 3385 1128 3423 sua
1190 3369 1495 3423 orationem
1553 3369 1827 3438 digessit:
1875 3385 1893 3417 ι
1948 3365 2039 3420 Sic

444 3464 629 3530 itaque
669 3462 935 3516 Dominus
960 3477 1027 3516 cx
1086 3462 1382 3530 semetipso
1436 3461 1730 3514 ostendens
1775 3459 2037 3528 Spiritum

443 3553 735 3617 exsistere,
764 3535 1050 3606 insdﬂlans
1101 3550 1385 3621 discipulis
1421 3550 1669 3616 dicebat,
1717 3569 1737 3602 ι
1797 3550 2040 3618 Accipite

445 3643 712 3712 Spiritum
769 3652 1042 3697 sanetum.
1075 3660 1095 3694 ι

950 3731 1036 3786 Ετι
1062 3733 1242 3787 eadem
1275 3736 1536 3789 oratione.

517 3823 649 3880 Llll.
681 3844 699 3878 ι
734 3825 836 3879 Per
874 3840 1036 3896 quem
1098 3841 1227 3880 vero
1256 3835 1311 3879 et
1365 3840 1394 3878 a
1425 3840 1533 3895 quo
1567 3825 1772 3894 Spiritu
1823 3824 2037 3880 dandus

449 3935 468 3967 ι
513 3925 650 3982 erat,
709 3917 817 3972 nisi
869 3933 965 3987 per
1019 3916 1244 3986 Filium,
1274 3918 1435 3988 cujus
1464 3928 1518 3972 et
1577 3916 1818 3987 Spiritus
1849 3918 1978 3971 eSt?
2013 3935 2032 3969 ι

1029 4103 1463 4158 Animadversio.

524 4213 544 4246 ι
586 4193 884 4265 Diligenter
908 4195 1348 4260 animadvertito,
1381 4195 1510 4265 quid
1535 4179 1698 4250 'notet
1726 4198 1882 4262 illud,
1913 4198 2040 4268 Spi-

451 4305 470 4339 ι
521 4287 688 4340 ritum
721 4287 838 4340 dari
863 4303 959 4356 per
1000 4287 1222 4352 Filium,
1259 4298 1314 4343 et
1353 4302 1384 4342 a
1415 4303 1525 4357 quo
1547 4289 1670 4344 dari
1725 4291 2036 4358 colligatur,

449 4396 468 4431 ι
512 4381 658 4448 quod
689 4397 718 4433 a
742 4377 881 4433 F;lio
911 4380 1092 4434 datur.
1124 4397 1143 4430 ι

1112 4486 1405 4556 Βειιιιοιίο.

516 4580 599 4634 Tu
633 4579 854 4648 quidem
889 4579 942 4632 in
992 4579 1094 4632 hac
1123 4581 1603 4634 animadversione
1650 4597 1744 4650 per
1777 4599 1939 4652 quem
1984 4593 2040 4638 et
2071 4576 2116 4606 ν

444 4689 471 4724 a
505 4689 616 4737 quo
639 4671 855 4724 diﬁerre
882 4671 1153 4725 insinuas.
1207 4671 1313 4725 Sed
1343 4687 1445 4740 ego
1478 4672 1546 4725 de
1579 4671 1716 4726 Filio
1745 4686 2039 4744 utrumque

445 4761 550 4817 dici
583 4764 876 4827 contendo,
934 4777 1056 4816 cum
1093 4762 1384 4816 manifeste
1423 4773 1647 4818 sanctus
1681 4766 1914 4820 inculcet
1952 4767 2036 4819 ni-

445 4854 519 4907 hil
544 4854 783 4913 dilferre.
835 4855 949 4908 sive
977 4854 1182 4908 dixeris
1223 4869 1320 4923 per
1359 4853 1579 4919 Filium,
1626 4856 1742 4910 sive
1795 4873 1859 4910 ex
1898 4857 2036 4912 Filio

446 4947 710 5016 Spiritum
745 4957 1016 5001 sanctum.

586 5037 841 5105 Ejusdem
864 5056 928 5092 ea;
958 5039 1198 5093 oratione
1224 5039 1382 5092 tertia
1417 5049 1606 5093 contra
1636 5039 1886 5096 Arianos.

519 5129 890 5200 LIV.¢ltaque
911 5147 1033 5185 cum
1059 5130 1309 5185 Salvator
1329 5132 1397 5184 de
1428 5131 1586 5186 nobis
1609 5131 1756 5187 dicat
1788 5149 1802 5185 :
1833 5132 2032 5199 Quem-

449 5239 468 5270 1
509 5219 804 5272 admodum
844 5227 900 5270 tu
951 5218 1112 5272 Pater
1141 5218 1193 5270 in
1228 5232 1336 5282 me,
1370 5217 1442 5271 ita
1479 5225 1534 5271 et
1561 5234 1659 5288 ego
1687 5218 1739 5271 iu
1772 5228 1822 5272 te
1850 5222 1920 5284 ⁶⁰,
1974 5229 2034 5274 ut

447 5329 468 5360 ι
509 5319 564 5364 et
587 5309 688 5378 ipsi
717 5310 771 5362 in
806 5309 966 5363 nobis
1007 5323 1180 5362 unum
1205 5309 1334 5372 sint,
1364 5323 1471 5362 non
1507 5310 1753 5363 eamdem
1783 5324 1908 5364 cum
1939 5309 2041 5366 illo

451 5421 471 5452 ς
521 5402 863 5456 identitatcm
900 5414 1002 5453 nos
1033 5400 1320 5455 habituros
1353 5395 1728 5473 signiﬁcatita
1761 5412 2041 5457 ostensum

446 5509 468 5542 1
508 5505 588 5548 est
615 5494 761 5548 enim
792 5493 924 5547 illud
956 5493 1090 5546 satis
1104 5493 1255 5546 claro
1310 5491 1460 5547 Jonaa
1485 5495 1751 5563 exemplo,
1779 5496 1871 5547 sed
1897 5496 2042 5564 quod

447 5603 466 5634 ι
510 5588 810 5641 intercessu
845 5586 1032 5655 gratia:
1063 5592 1117 5638 et
1168 5583 1448 5653 dignitatis
1480 5597 1717 5654 accepta:
1741 5585 1888 5639 Patri
1915 5595 2045 5640 con-

449 5699 474 5725 ο
517 5678 782 5745 riliemur,
852 5679 934 5733 sic
989 5677 1234 5732 Joannes
1261 5679 1463 5748 inquit,
1539 5689 1596 5734 ut
1638 5679 1902 5749 Spiritum
1945 5695 2040 5749 per

521 5861 750 5917 "Joan.
781 5880 869 5927 xx,
910 5864 1000 5918 22.
1079 5863 1442 5929 °°Joan..nv,
1477 5863 1559 5918 1.0.

2139 3276 2167 3326 ὁ
2219 3273 2422 3342 Κύριος
2469 3275 2529 3339 ἐξ
2584 3278 2778 3330 ἑαυτοῦ
2835 3281 3047 3342 δεικνὺς
3081 3285 3140 3334 τὸ
3175 3284 3397 3349 Πνεῦμα
3442 3284 3733 3352 ὑπάρχειν,

2139 3366 2400 3434 ἐμφυσῶν
2449 3371 2561 3432 τοῖς
2607 3372 2880 3440 μαθηταῖς
2935 3374 3126 3442 ἔλεγε·
3164 3394 3183 3427 ι
3241 3376 3452 3428 Λάϐετε
3510 3378 3735 3446 Πνεῦμα

2142 3474 2320 3526 αγιον.
2390 3478 2408 3510 ι

2710 3746 2812 3800 Ἐιι
2845 3748 2951 3802 τοῦ
2985 3748 3195 3802 αὐτοῦ.

2214 3837 2345 3893 NI".
2388 3855 2407 3888 ι
2443 3839 2542 3890 Διά
2570 3837 2712 3902 τίνος
2741 3840 2818 3904 δὲ,
2853 3842 2947 3892 καὶ
2972 3841 3124 3911 παρὰ
3150 3842 3297 3904 τίνος
3339 3842 3448 3895 ἔδει
3481 3843 3732 3896 τδ-Πνεῦ·

2148 3947 2165 3979 ι
2211 3946 2287 3998 μα
2331 3928 2638 3998 δίδοσθαιῆ
2689 3929 2778 3982 διὰ
2818 3930 2912 3984 τοῦ
2964 3931 3119 3998 Υἱοῦ,
3167 3928 3230 3987 οὗ
3282 3933 3378 3985 καὶ
3411 3934 3474 3985 τὸ
3509 3935 3731 4005 Πνεῦμά

2146 4039 2164 4072 ι
2204 4022 2352 4075 ἐστιν
2387 4038 2402 4088 ;
2437 4040 2455 4072 ι

2753 4116 3134 4173 Ἐπιστασία.

2218 4224 2236 4256 ι
2297 4206 2629 4278 Ἐπίστησον
2657 4209 2904 4276 ἀκριϐῶς
2931 4210 2982 4262 τί
3011 4210 3166 4279 δηλοῖ
3206 4210 3289 4276 τὸ,
3335 4211 3424 4264 διὰ
3468 4213 3567 4268 τοῦ
3600 4214 3730 4268 Υἱοῦ

2149 4315 2167 4346 ι
2213 4296 2274 4350 τὸ
2304 4283 2530 4368 Πνεῦμα
2587 4298 2849 4352 δίδοσθαι.
2890 4300 3004 4352 Καὶ
3050 4304 3203 4369 παρὰ
3254 4301 3398 4366 τινος
3441 4309 3731 4374 συνάγεται

2149 4405 2166 4437 ι
2207 4387 2447 4441 δίδοσθαι
2485 4389 2546 4442 τὸ
2569 4389 2658 4443 διὰ
2690 4390 2785 4442 τοῦ
2821 4391 2949 4443 Υἱοῦ
2980 4393 3284 4462 διδόμενον.
3331 4413 3350 4446 ι

2759 4479 3159 4548 Ἀντάὀρησις.

2219 4569 2292 4622 Σὺ
2331 4570 2430 4639 μὲν
2460 4569 2518 4621 ἐν
2544 4571 2610 4639 τῇ
2646 4572 2896 4640 παρούσῃ
2937 4573 3227 4644 ἐπιστασίᾳ
3276 4577 3608 4647 διαιρεῖσθαι
3637 4583 3734 4648 ἑμ-

2150 4662 2364 4728 φαίνεις
2396 4661 2454 4713 τὸ
2487 4660 2574 4714 διὰ
2601 4661 2764 4727 τίνος,
2805 4665 2899 4714 καὶ
2945 4665 3096 4734 παρὰ
3128 4666 3272 4729 τίνος
3305 4684 3319 4696 ο

2147 4753 2352 4823 φότερα
2385 4757 2462 4815 εἰς
2489 4756 2579 4809 τὸν
2607 4755 2734 4807 Υἰόν
2765 4774 2907 4826 φημι
2937 4757 3403 4826 ἐκλαμϐάνεσθαι,
3445 4765 3542 4816 τοῦ
3576 4769 3731 4833 ἁγίου

2142 4842 2426 4914 δηλοῦντος
2478 4846 2645 4916 μηδὲν
2674 4865 2726 4900 τι
2760 4849 3040 4918 διαφέρειν
3060 4849 3148 4902 δια
3182 4852 3276 4904 τοῦ
3308 4851 3438 4906 Υίοῦ
3465 4855 3642 4923 λέγειν
3673 4859 3732 4910 τὸ

2144 4935 2367 5004 Πνεῦμα
2402 4938 2464 4989 τὸ
2504 4940 2680 5006 ἆγιον.

2182 5028 2294 5081 Τοῦ
2325 5031 2513 5084 αὑτοῦ
2542 5032 2610 5085 ἐκ
2643 5031 2749 5086 τοῦ
2787 5033 3006 5100 Τρία-ου
3035 5034 3155 5087 τῶν
3178 5037 3327 5090 κατὰ
3359 5036 3692 5106 Ἀρειανῶν.

2211 5119 2369 5172 ΝΔ¹.‹
2400 5119 2610 5174 Οὐκοῦν
2637 5123 2665 5174 6
2693 5123 2882 5194 Σωτὴρ
2907 5126 3084 5191 λέγων
3113 5142 3238 5196 περ.
3270 5129 3430 5197 ἡμῶν
3455 5131 3536 5196 τὸ,
3569 5151 3586 5182 ι
3619 5135 3731 5185 Ka-

2149 5231 2167 5264 ι
2207 5213 2314 5276 θὼς
2348 5216 2434 5281 σὺ,
2464 5215 2671 5285 Πάτερ.
2697 5217 2755 5269 ἐν
2782 5217 2925 5286 ἐμοὶ,
2957 5218 3114 5286 κάγὼ
3141 5220 3200 5271 ὲν
3253 5224 3356 5283 σοὶ,
3384 5221 3470 5274 ἵνα
3508 5241 3600 5276 και
3629 5227 3728 5277 αῦ-

2152 5324 2167 5356 ι
2203 5307 2287 5358 τοὶ
2327 5307 2382 5359 ἰν
2439 5309 2578 5376 ἡμῖν
2620 5303 2891 5373 ἓν,ῶσιν,
2927 5328 2945 5360 ι
2993 5311 3054 5362 οὐ
3105 5313 3204 5382 τὴν
3243 5286 3548 5384 τοῖυτότητα
3575 5317 3728 5385 ’ἡμᾶς

2147 5419 2164 5447 ι
2210 5396 2504 5466 μέλλοντας
2537 5399 2688 5467 αὐτῷ
2716 5399 2862 5468 ἔχειν
2899 5385 3181 5470 σημαίνει.
3240 5403 3487 5474 Ἐδείχθη
3519 5408 3630 5475 γὰρ
3663 5409 3725 5458 ἐκ

2148 5514 2165 5542 ι
2213 5493 2307 5544 τοῦ
2337 5493 2481 5545 κατὰ
2524 5493 2708 5548 ἰωνᾶν
2741 5496 3190 5566 παραδείγματος
3237 5497 3334 5550 καὶ
3384 5497 3565 5561 τοῦτο,
3611 5497 3722 5552 ἀλλ’

2150 5605 2165 5634 ‹
2211 5585 2438 5650 ἁξῑωσίς
2463 5586 2579 5637 ἐστι
2611 5586 2746 5655 πρὸς
2784 5587 2875 5639 τὸν
2919 5587 3164 5657 Πατέρα,
3220 5590 3316 5642 καὶ
3348 5589 3422 5652 ὡς
3466 5591 3719 5660 Ἰωάννης

2148 5702 2164 5732 c.
2214 5679 2472 5752 ἔγραψεν,
2510 5680 2596 5734 ἵνα
2631 5681 2686 5733 τδ
2716 5681 2939 5751 Πνεῦμα
2977 5685 3273 5754 χαρίσηται
3319 5682 3390 5737 δι’
3419 5684 3586 5737 αὐτοῦ
3611 5687 3718 5748 τοῖς

3359 4669 3470 4736 εγὼ
3503 4675 3599 4724 καὶ
3626 4677 3729 4742 ἀμ-
