4002 6408
235 368 336 429 485
1187 364 1266 421 IN
1310 362 1398 419 CA
1412 359 1698 417 HATERI
1739 355 2492 418 ANIMADVERSIONES.
3367 357 3476 418 4S6

243 499 261 532 ι
301 479 647 539 πιστεύουσι,
687 479 751 530 δι’
775 478 833 532 οῦ
872 479 966 531 καὶ
993 476 1181 529 δοκοῦν
1219 478 1317 544 μὲν
1341 478 1398 526 ὲν
1441 473 1519 540 τῷ
1566 472 1682 540 Θεῷ
1711 472 1815 538 γί-

1923 489 1940 522 ι
1982 488 2103 524 rum
2140 473 2483 527 credentibus
2511 471 2794 544 largiatur.
2843 489 2938 544 per
2961 490 3124 544 quem
3160 475 3403 528 ridemur
3426 477 3481 530 in

236 591 253 612 ο
293 569 474 622 νεσθαι
497 569 747 622 καὶκατὰ
763 567 918 620 τοῦτο
939 567 1303 620 συνάπτεσθαι
1320 566 1376 617 ὲν
1398 563 1565 634 αὑτῷ.
1585 563 1802 634 Ἐπειδὴ

1983 560 2090 614 Deo
2120 563 2404 627 exsistere,
2430 577 2600 632 eaque
2620 564 2832 617 ratione
2863 565 2917 618 in
2943 565 3034 618 illo
3055 568 3317 634 coaptari.
3346 564 3480 620 Nam
3543 579 3555 590 '

240 679 255 709 ι
302 662 413 729 γὰρ
443 660 472 709 ό
503 660 675 724 Λόγος
704 659 856 711 ἐστὶν
891 661 947 708 ὲν
970 656 1048 726 τῷ
1080 657 1272 722 Πατρῖ,
1309 654 1369 707 τὸ
1397 657 1455 708 δὲ
1485 653 1706 723 Πνεῦμα
1738 655 1804 706 ὲκ

1914 669 1930 700 ι
1971 653 2231 720 quoniam
2298 650 2534 706 Verbum
2597 655 2762 708 estin
2820 654 3084 719 Patre,ct
3159 656 3392 723 Spiritus
3454 675 3483 711 a

240 773 255 802 I
300 751 391 803 τοῦ
417 751 593 817 Λὸγου
614 751 831 817 δίδοται,
853 752 993 802 θέλει
1036 749 1218 804 λαϐεῖν
1245 750 1392 819 ἡμᾶς
1413 749 1474 800 τὸ
1505 747 1744 816 Πνεῦμα.
1778 765 1796 798 ι

1914 758 1931 790 ι
1985 737 2158 793 Verbo
2187 740 2444 806 donatur,
2474 743 2594 796 ideo
2625 744 2880 798 voluntas
2911 745 3162 815 ejus;est,
3185 754 3245 799 ut
3274 761 3371 799 nos
3397 760 3488 800 ac-

1918 847 1935 880 ι
1985 830 2598 901 οἰρίθιιιιιεβριιίιυιη.»

842 929 1216 984 Ἐπιστασία.

2525 925 2947 980 Animadversio.

300 1039 323 1072 t
365 1021 442 1075 Τδ
470 1020 602 1075 αὑτὸ
636 1021 744 1074 κάκ
771 1021 868 1090 τῆς
896 1023 953 1072 ὲν
985 1024 1050 1090 τῇ
1096 1018 1347 1090 παρούσῃ
1372 1020 1644 1090 περικοπῇ
1676 1018 1808 1071 θαυ-

1989 1033 2006 1065 ι
2045 1016 2160 1070 Hoc
2193 1015 2333 1070 idem
2394 1033 2458 1072 ex
2492 1020 2818 1086 admirabili,
2849 1035 2969 1088 quae
3001 1020 3053 1074 in
3092 1020 3194 1075 ista
3237 1020 3489 1089 pericope

235 1135 251 1164 ι
291 1115 501 1182 μασίας
539 1112 766 1183 πλοκῆς,
798 1111 1010 1166 καὶτοῦ
1039 1107 1149 1164 οἷον
1179 1109 1540 1180 συλλογισμοῦ
1573 1110 1807 1176 ἀναφαί-

1917 1125 1936 1158 t
1975 1109 2284 1161 continetur
2315 1109 2697 1177 implicatione,
2719 1121 2772 1163 et
2795 1119 3000 1164 tantum
3035 1126 3144 1163 non
3176 1111 3489 1180 syllogismo

234 1225 250 1256 ι
287 1222 468 1268 νεται,
501 1205 554 1256 εί
583 1205 679 1257 καὶ
705 1204 778 1272 μὴ
810 1203 896 1255 διὰ
925 1203 1018 1256 τοῦ
1045 1203 1242 1269 Λόγου,
1280 1200 1394 1254 ἀλλ’
1425 1204 1488 1253 ὲκ
1518 1199 1610 1254 τοῦ
1634 1201 1808 1268 Λόγου

1919 1216 1936 1248 ι
1975 1209 2222 1266 apparet,
2261 1199 2385 1253 licet
2416 1217 2520 1253 ηοη
2552 1216 2649 1269 per
2695 1199 2950 1266 Verbum,
2987 1203 3079 1256 scd
3108 1215 3137 1254 a
3161 1199 3336 1256 Verbo
3365 1199 3487 1269 Spi-

231 1316 248 1346 t
289 1293 448 1349 εἶπεν
505 1295 740 1348 ἐνταῦθα
770 1295 830 1345 τὸ
861 1292 1082 1360 Πνεῦμα
1124 1293 1383 1348 δίδοσθαι.
1435 1309 1454 1344 ι

1137 1293 1383 1348 δίδοσθαι.
1435 1309 1454 1344 ι
1916 1307 1935 1340 ι
1973 1291 2137 1343 ritum
2169 1292 2412 1344 exlt.beri
2443 1293 2670 1346 dixerat.
2701 1310 2717 1343 ι

834 1385 1233 1452 Ἀντίρῤησις.
1882 1387 1902 1395 “

1882 1387 1902 1395 “
2545 1381 2839 1450 Refutatio.

299 1479 376 1530 Οὐ
405 1477 550 1530 πάνυ
601 1494 693 1530 σου
745 1477 777 1544 ἡ
831 1476 1062 1528 ἐνταῦθα
1083 1475 1405 1536 ἐπιστασία,
1438 1473 1811 1544 δυσαπολόγη-

1919 1517 1924 1522 .
1990 1473 2723 1542 Animadversiotua,quam
2775 1475 2862 1527 hic
2891 1472 3208 1542 complicas,
3258 1486 3365 1526 non
3419 1471 3491 1525 ita

237 1585 340 1628 τος.
383 1568 481 1620 Ἐκ
511 1569 622 1636 γὰρ
647 1567 743 1636 τῆς
770 1567 826 1618 ὲν
856 1569 920 1634 τῇ
948 1566 1176 1638 ῥηθείσῃ
1199 1571 1471 1636 περικοπῇ
1501 1566 1811 1636 θαυμασίας

1913 1561 2073 1617 facile
2107 1565 2518 1632 responsionem
2555 1565 2808 1618 admittit.
2837 1563 3078 1632 Namque
3109 1579 3174 1617 ex
3189 1562 3491 1618 admirabili

234 1657 439 1727 πλοκῆς
469 1656 678 1710 καὶτοῦ
709 1650 842 1722 οἷον,
879 1657 966 1709 ἴνα
1025 1658 1167 1709 κατά
1195 1658 1252 1708 σὲ
1286 1657 1497 1726 εἴποιμι
1517 1699 1533 1722 ,
1564 1657 1811 1724 συλλογι-

1915 1653 2282 1719 implicatione
2314 1663 2366 1708 et
2393 1663 2601 1708 tantum
2628 1671 2733 1710 non
2767 1655 3076 1724 syllogismo
3106 1655 3158 1708 in
3191 1654 3301 1722 jam
3333 1653 3495 1706 allata

241 1749 382 1818 σμοῦ
407 1749 465 1800 οὑ
493 1748 554 1800 τὸ
595 1746 728 1800 αὐτὸ
770 1749 878 1809 τοῖς
911 1746 1295 1816 προλαϐοῦσιν,
1329 1748 1402 1809 ὡς
1433 1749 1498 1801 σὺ
1534 1748 1662 1816 φὴς,
1682 1749 1811 1800 ἀνα-

1916 1745 2190 1814 pericope,
2221 1755 2278 1798 ut
2300 1754 2476 1800 tecum
2501 1746 2717 1815 loquar,
2746 1746 3040 1809 contentis,
3075 1762 3179 1800 non
3213 1743 3352 1797 idem
3369 1760 3491 1798 cum

248 1805 487 1904 φαίνεται
518 1853 533 1870 ο
572 1835 688 1889 ἀλλ’
719 1805 904 1890 ἐκεῖνα
939 1805 1084 1906 άπερ
1121 1837 1196 1899 ὼς
1244 1805 1522 1906 προϊόντες
1545 1805 1815 1906 ἐίσόμεθα

1922 1849 2090 1904 supra
2126 1837 2316 1904 positis
2351 1837 2624 1905 exprimit,
2651 1839 2743 1891 sed
2772 1853 2834 1891 ea
2868 1837 3008 1905 ipsa,
3051 1852 3174 1906 qua:
3203 1850 3495 1906 progressu

245 1929 302 1980 tv
327 1929 389 1997 τῇ
422 1927 553 1997 πρὸς
581 1927 906 1998 Σεραπίωνα
923 1929 1207 2000 Ἐπιστολῇ
1239 1931 1265 1982 ό
1299 1930 1454 1996 ἆγιος
1482 1931 1619 1998 ἐρεῖ,
1656 1932 1714 1981 ὲν
1738 1926 1820 1992 οἷς

1921 1929 2191 1982 orationis
2219 1930 2272 1983 iu
2319 1930 2558 1998 Epistola
2599 1932 2666 1983 ad
2697 1929 3047 1999 Serapionem
3079 1943 3302 1985 sanctus
3333 1932 3494 1992 dicet,

239 2017 396 2069 αὑτὸν
423 2019 730 2087 εὑρήσομεν
767 2020 1016 2088 λέγοντα,
1071 2040 1090 2072 ι
1131 2023 1225 2075 Ἐκ
1259 2023 1472 2092 Harpe;
1499 2024 1560 2074 τὸ
1593 2019 1819 2090 Πνεῦμα

1920 2019 2416 2088 depreltendemus,
2453 2025 2504 2074 in
2533 2022 2731 2091 quibus
2753 2039 2874 2075 eum
2905 2029 3090 2089 aperte
3119 2021 3382 2076 dicentem
3409 2035 3497 2076 rc-

234 2108 649 2176 ικπορεύεσθαι,
675 2111 865 2180 ἐπειδὴ
895 2112 1046 2181 παρά
1069 2111 1161 2165 τοῦ
1195 2115 1365 2181 Λόγου
1391 2113 1482 2166 τοῦ
1513 2115 1578 2166 ἐκ
1608 2113 1814 2184 Πατρδς

1921 2116 2217 2179 pericmus,
2255 2130 2272 2163 ι
2311 2114 2386 2166 Ex
2439 2111 2599 2167 Patre
2631 2113 2893 2184 Spiritum
2944 2114 3262 2182 procedere,
3305 2128 3430 2166 cum
3467 2130 3496 2166 a

234 2199 672 2269 ὁμολογουμένου
740 2203 1018 2272 ἐκλάμπει
1087 2207 1182 2258 κα)⁵
1260 2205 1652 2259 ἀποστέλλεται
1719 2206 1814 2259 καὶ

1925 2203 2100 2258 Verbo
2125 2205 2270 2272 quod
2296 2221 2358 2260 ex
2387 2207 2548 2261 Patre
2572 2207 2854 2271 asseritur,
2885 2206 3119 2273 eluceat,
3146 2217 3200 2261 et
3231 2206 3495 2269 mittatur,

232 2291 461 2344 δίδοται.
613 2319 619 2325 α
1793 2291 1796 2294 ’

1793 2291 1796 2294 ’
1919 2303 1974 2348 et
2006 2295 2183 2350 detur.
2227 2314 2245 2345 ι

233 2402 346 2458 Τοῦ
379 2404 568 2458 αὐτοῦ
601 2405 718 2481 ἀπὸ
747 2406 854 2481 τοῦ
879 2407 1030 2475 πρὸς
1059 2407 1352 2481 Μελέζιον
1379 2409 1476 2463 καὶ
1515 2410 1813 2466 Εὐσέϐιον

1921 2407 2173 2476 Ejusdem
2206 2424 2272 2463 ex
2306 2411 2626 2479 refutatione
2655 2414 2984 2481 hypocriseos
3044 2411 3266 2477 Meletit',
3300 2423 3348 2466 et
3383 2413 3495 2467 Eu-

617 2476 724 2528 τὸν
758 2479 1112 2544 Σαμοσατέα
1159 2479 1435 2547 ἐλέγχου.
1615 2505 1618 2510 -

1389 2497 1435 2533 u.
1615 2505 1618 2510 -
2367 2476 2376 2479 ⁷
2453 2484 2581 2535 sebii
2615 2476 2969 2536 Suntusatem'.

300 2564 412 2618 ΝΡ.
450 2585 468 2618 ι
504 2562 612 2620 Ἦν
640 2567 695 2618 δὲ
728 2567 991 2622 ἀδύνατον
1018 2571 1074 2622 ὲν
1103 2572 1171 2639 τῇ
1205 2573 1303 2638 τῆς
1335 2570 1561 2640 Τριάδος
1592 2569 1716 2642 δόξῃ
1757 2571 1818 2624 τδ

1987 2566 2100 2620 LV.
2137 2586 2155 2620 ι
2199 2569 2473 2624 Eratvero
2518 2571 2854 2640 impossibile
2886 2571 2938 2624 in
2990 2570 3275 2626 Trinitatis
3331 2570 3498 2640 gloria

235 2675 254 2706 ε
301 2656 532 2725 Πνεῦμα
590 2658 948 2723 δοξάζεσθαι,
994 2660 1068 2730 μὴ
1119 2661 1419 2730 προοδικῶς
1463 2662 1521 2714 δν
1570 2663 1634 2715 ὲκ
1681 2664 1814 2716 Θεοῦ

1924 2673 1942 2705 ι
1983 2656 2246 2726 Spiritum
2277 2660 2567 2728 glorificari
2601 2702 2614 2724 ,
2647 2664 2749 2715 nisi
2781 2678 2846 2714 ex
2872 2660 2982 2716 Deo
3014 2677 3108 2730 per
3135 2661 3332 2715 Filium
3375 2677 3497 2730 pro-

237 2766 256 2796 ι
295 2748 366 2799 δι’
426 2747 578 2814 Υίοῦ,
633 2750 771 2804 ἀλλά
821 2752 1117 2820 ποιητικῶς
1157 2753 1222 2805 ἐκ
1270 2752 1404 2806 Θεοῦ
1454 2754 1698 2822 νεγονδς,
1741 2755 1816 2817 ὡς

1937 2766 1940 2798 ς
1985 2752 2322 2819 grederetur,
2344 2753 2436 2806 sed
2475 2767 2630 2821 aequa
2672 2763 2837 2820 atque
2855 2753 2974 2806 alite
3005 2762 3270 2806 creaturae
3296 2768 3361 2807 ex
3393 2752 3500 2805 Deo

187 2877 192 2880 ι
236 2860 255 2889 ς
296 2839 575 2908 λέγουσιν.
620 2861 640 2893 ο

1919 2858 1939 2890 4
1986 2844 2281 2910 productus
2311 2842 2522 2907 fuisset,
2551 2857 2610 2896 ut
2631 2853 2902 2898 asserunt.
2938 2861 2957 2895 ι

843 2935 1223 2992 Ἑπιστασιά.

2506 2936 2923 2990 Animadversio.

313 3035 334 3070 ι
386 3020 632 3091 Πρόσχες
690 3023 939 3094 ἀκριϐῶς
983 3029 1048 3096 τῇ
1094 3025 1191 3079 τοῦ
1242 3026 1402 3096 ἁγίου
1450 3030 1662 3100 γραφῇ,
1696 3030 1813 3094 πῶς

2000 3043 2022 3078 ι
2058 3024 2293 3080 Attende
2318 3023 2604 3094 diligenter
2635 3035 2687 3080 et
2715 3011 2974 3096 scriptum
3006 3029 3190 3084 Patris
3229 3029 3498 3083 examina:

237 3127 258 3158 ι
305 3108 438 3162 ἔνθα
467 3113 691 3182 πρόοδον
737 3114 886 3182 λέγει
916 3114 1011 3168 τοῦ
1042 3116 1393 3187 Πνεύματος,
1423 3118 1584 3182 εὐθὺς
1619 3121 1682 3171 ἐκ
1725 3119 1817 3172 τοῦ

1930 3134 1962 3170 ι’
1991 3117 2173 3171 statim
2207 3115 2349 3170 enim
2385 3125 2549 3184 atque
2589 3119 3030 3185 prOgressjonem
3067 3121 3305 3190 Spiritus
3362 3121 3499 3176 insi-

235 3221 256 3251 ι
309 3203 524 3272 Πατρός
583 3205 760 3277 αὑτὴν
813 3207 1163 3276 δογματίζει.
1217 3210 1387 3262 Τοῦτο
1435 3210 1544 3281 γὰρ
1599 3212 1814 3274 πάντως

1931 3228 1949 3259 ι
1991 3215 2145 3271 nuat,
2174 3208 2317 3262 illico
2330 3222 2394 3260 ex
2420 3207 2578 3262 Patre
2598 3225 2714 3261 eam
2739 3209 3007 3266 decernit.
3037 3213 3153 3266 Hoc
3177 3211 3322 3265 cnim
3344 3226 3489 3281 pror-

236 3310 256 3343 ι
306 3293 464 3363 δηλοῖ
500 3294 579 3362 τὸ,
612 3296 675 3349 ἐκ
708 3297 846 3350 Θεοῦ
873 3298 941 3351 δι’
972 3297 1136 3354 Υίοῦ.
1176 3318 1195 3351 ι

1927 3315 1949 3352 ί
1991 3314 2087 3355 sus
2117 3299 2313 3361 innuit,
2342 3313 2407 3354 ex
2433 3297 2542 3353 Deo
2573 3315 2669 3368 per
2701 3298 2922 3356 Filium.
2960 3321 2977 3353 ι

843 3407 1236 3479 Ἄντίρῤησις.
1545 3388 1558 3402 ⁸

1545 3388 1558 3402 ’
2582 3411 2854 3484 Refutatio
2973 3441 2991 3474 ι

308 3494 386 3550 Εὖ
429 3514 512 3550 σοι
541 3499 772 3566 γίνοιτο,
805 3499 1084 3570 ἄνθρωπε,
1110 3504 1193 3556 ὅτι
1219 3506 1284 3557 ἐκ
1308 3504 1442 3558 Θεοῦ
1467 3507 1534 3560 δι’
1561 3507 1691 3562 Υίοῦ
1720 3509 1820 3577 τὴν

1991 3501 2192 3559 Fausta
2225 3503 2317 3558 tibi
2343 3503 2656 3569 obveniant,
2685 3507 2757 3559 mi
2787 3506 2971 3572 homo,
2997 3509 3141 3577 quod
3169 3523 3238 3564 ex
3275 3490 3383 3565 Deo
3397 3525 3499 3580 per

230 3582 333 3636 τοῦ
366 3585 510 3638 Πνεύ
518 3603 686 3655 ματος
709 3589 938 3658 πρόοδον
955 3590 1332 3662 ὡμολόγησας.
1363 3596 1527 3650 ’Ὅσον
1543 3597 1651 3668 γὰρ
1668 3598 1810 3651 οὔπω

1925 3591 2121 3648 Filium
2147 3593 2386 3662 Spiritus
2427 3595 2867 3665 progressionem
2922 3599 3137 3665 fateris,
3200 3617 3300 3656 nec
3333 3603 3501 3657 multo

231 3675 430 3748 ἀλώσῃ
458 3679 804 3748 ὁμολογήσας
834 3682 929 3733 καὶ
953 3681 1014 3734 τὸ
1038 3682 1137 3753 τῆς
1167 3684 1236 3748 ἐξ
1265 3685 1362 3738 καὶ
1375 3684 1474 3740 διὰ
1503 3688 1811 3757 ίσοδύναμον

1927 3697 2052 3754 post
2077 3685 2503 3754 deprehenderis
2535 3686 2782 3740 conﬁteri
2835 3690 3279 3756 praepositionum
3346 3707 3412 3746 ex
3449 3704 3498 3746 et

232 3771 331 3820 ἐπὶ
363 3769 460 3820 τοῦ
492 3768 646 3854 Υίοῦ.
680 3772 791 3824 Καὶ
815 3772 877 3825 ού
907 3775 1095 3844 πόρρω
1123 3773 1311 3830 λοιπὸν
1343 3775 1393 3830 εἷ
1419 3780 1527 3830 τῶν
1552 3779 1812 3848 λεγόντων

1920 3795 2013 3849 per
2043 3781 2111 3835 de
2139 3779 2278 3834 Filio
2307 3781 2448 3835 vires
2492 3782 2751 3850 aequales,
2771 3791 2827 3836 et
2854 3783 2937 3836 sic
2969 3799 3074 3838 non
3099 3786 3334 3839 multum
3370 3785 3498 3841 abes

231 3859 293 3924 ἐξ
326 3862 538 3928 ἀμφοῖν
572 3856 711 3916 εἶναι
743 3863 803 3914 τὸ
836 3863 1058 3934 Πνεῦμα
1087 3865 1148 3918 τὸ
1177 3867 1352 3934 ἅγιον.
1375 3941 1383 3949 Ι
1410 3940 1417 3947 _

1922 3875 1992 3936 ab
2023 3872 2112 3937 iis,
2151 3875 2247 3942 qui
2283 3887 2349 3926 ex
2382 3879 2612 3942 utroque
2641 3873 2902 3942 Spiritum
2928 3889 3050 3929 esse
3080 3874 3402 3930 decernunt.

261 3979 377 4034 Τοῦ
404 3981 617 4047 αὐτοῦ,
647 3981 717 4036 ἐκ
743 3980 853 4050 τῆς
880 3982 1044 4050 πρὸς,
1063 3985 1407 4052 Σεραπίωνα
1435 3968 1791 4057 ἐπιστολῆς.

1694 3968 1791 4057 ἧς.
2148 3982 2403 4047 Ejusdem
2448 4000 2514 4039 ea:
2545 3985 2764 4054 epistola
2797 3987 2866 4038 ad
2908 3983 3271 4053 Serapionem.

306 4071 456 4138 Νςν.
492 4087 511 4121 ι
548 4071 760 4126 Οὐκοῦν
789 4075 974 4136 κακῶς
1019 4076 1342 4143 φρονοῦντες
1373 4078 1501 4148 περὶ
1525 4078 1618 4131 τοῦ
1649 4079 1820 4133 Πνεὺ-

1991 4073 2104 4128 LVI
2137 4112 2151 4127 .
2195 4092 2214 4126 ι
2247 4074 2386 4130 Male
2415 4077 2608 4146 itaque
2657 4079 2952 4130 sentientes
2968 4077 3036 4131 de
3055 4076 3260 4146 Spiritu
3292 4084 3499 4137 sancto,

241 4180 260 4212 ι
311 4178 489 4232 ματος
515 4161 610 4216 τοῦ
636 4164 815 4231 ἁγίου,
841 4165 964 4218 οὐδὲ
1020 4168 1150 4236 περὶ
1179 4167 1272 4220 τοῦ
1304 4168 1434 4221 Υίοῦ
1468 4169 1650 4234 καλῶς
1685 4189 1820 4243 φρο-

1928 4183 1946 4216 σ
1990 4164 2135 4220 haud
2167 4175 2313 4221 recte
2347 4167 2415 4220 de
2449 4167 2592 4222 Filio
2643 4170 2908 4222 sentiunt.
2954 4166 3164 4222 Etenim
3194 4167 3240 4222 si
3267 4175 3414 4222 recte
3434 4168 3500 4222 de

241 4272 260 4304 Ι
310 4252 524 4308 νοῦσιν.
554 4255 619 4309 El
644 4257 754 4326 γάρ
793 4257 1060 4328 ἐφρόνουν
1112 4260 1290 4328 ὀρθῶς
1325 4262 1453 4330 περὶ
1501 4263 1596 4315 τοῦ
1623 4263 1818 4334 Λόγου,

1929 4275 1948 4307 ι
1991 4254 2131 4310 Filio
2160 4257 2449 4321 sentirent,
2480 4274 2613 4313 sane
2653 4261 2843 4328 utique
2899 4269 3156 4327 recteque
3191 4259 3258 4312 de
3291 4256 3497 4327 Spiritu

239 4361 260 4393 ε
307 4344 577 4414 ἐφρόνουν
608 4345 775 4413 ὑγιῶς
805 4349 898 4399 καὶ
923 4348 1168 4418 περὶτοῦ
1205 4351 1542 4420 Πνεύματος.
1575 4353 1641 4406 ⁸0
1669 4355 1819 4424 παρὰ

1931 4367 1948 4398 ι
1989 4349 2258 4402 sentirent
2294 4348 2387 4416 qui
2421 4365 2484 4402 ex
2515 4349 2672 4402 Patre
2702 4350 2964 4417 procedit,
2989 4358 3042 4403 et
3071 4347 3346 4406 Ftlticum
3361 4362 3499 4417 pro-

238 4452 256 4484 ι
306 4434 408 4486 τοῦ
466 4435 680 4502 Πατρδς
722 4439 1104 4507 ἐκπορεύεται,
1159 4442 1252 4493 καὶ
1299 4442 1393 4494 τοῦ
1427 4442 1555 4496 Υίοῦ
1603 4446 1732 4498 ῐδιον
1761 4445 1818 4498 δν

1932 4456 1948 4489 ι
1991 4440 2145 4508 prius
2179 4440 2268 4503 sit,
2299 4441 2367 4492 ab
2393 4440 2583 4494 eodem
2609 4441 2769 4493 datur
2791 4441 3092 4510 diSt-ipulis,
3124 4449 3177 4494 et
3229 4439 3500 4494 universis

238 4543 260 4574 c
308 4523 450 4595 παρ’
479 4525 648 4578 αὐτοῦ
681 4527 884 4582 δίδοται
929 4533 1043 4592 τοῖς
1080 4532 1349 4602 μαθηταῖς
1394 4537 1489 4588 καὶ
1541 4538 1674 4589 πᾶσι
1707 4540 1816 4602 τοῖς
1931 4549 1949 4580 ι
1994 4531 2046 4582 in
2077 4530 2225 4583 illum
2253 4531 2622 4585 credentibus.
2661 4550 2680 4582 ι

238 4634 256 4664 ι
310 4615 670 4670 πιστεύουσιν
707 4621 785 4682 εἰς
814 4621 996 4674 αὐτόν.
1041 4641 1060 4673 ι

858 4711 1238 4769 Ἐπιστασία.

2485 4738 2910 4791 Animadversio.

314 4821 337 4855 ι
393 4803 727 4872 Ἐπίστησον
771 4804 1018 4873 ἀκριϐῶς
1059 4809 1124 4876 τῇ
1178 4811 1448 4879 περικοπῇ
1495 4809 1686 4884 ταύτῃ,
1727 4813 1820 4865 καὶ

2001 4845 2020 4878 ι
2055 4826 2487 4882 Animadvertito
2542 4828 2831 4897 diligenter
2881 4827 3018 4881 hanc
3064 4827 3396 4896 p‘cricopem,
3449 4835 3501 4880 et

239 4912 259 4944 ι
311 4893 623 4964 θαύμασον,
658 4895 758 4963 τὴν
786 4895 879 4948 τοῦ
901 4897 1060 4962 ἁγίου
1079 4897 1384 4965 ἀκρίϐειαν,
1411 4899 1526 4961 πῶς
1554 4902 1819 4970 ἐκπορεύ-

1930 4937 1946 4969 ι
1999 4919 2332 4988 exquisitum
2362 4921 2536 4973 sancti
2571 4935 2796 4973 acumen
2827 4918 3100 4972 admirare
3130 4936 3145 4980 ;
3198 4919 3324 4972 tlnm
3357 4919 3500 4972 enim

239 5005 259 5037 ι
312 5003 457 5049 σεως
512 4987 774 5057 μνησθεὶς
813 4987 902 5040 τοῦ
929 4988 1086 5056 ἁγίου
1124 4989 1440 5060 Πνεύματος
1470 4993 1564 5046 καὶ
1592 4992 1816 5059 δόσεως,

1928 5029 1945 5059 ι
1991 4987 2359 5078 processionis
2403 5008 2641 5078 Spiritus
2679 5011 2886 5080 sancti;
2905 5021 2958 5063 et
2986 5012 3222 5064 dationis
3269 5009 3501 5062 mentio-

240 5097 258 5127 ι
310 5083 416 5149 τὴν
453 5080 556 5148 μὲν
594 5081 924 5149 ὲκπόρευσιν
970 5081 1158 5134 τούτου
1193 5081 1272 5152 τῷ
1306 5083 1480 5153 Πατρὶ
1531 5085 1816 5156 ἀπένειμε.

1926 5119 1944 5151 ι
1994 5115 2117 5153 nent
2153 5101 2384 5162 inducit,
2415 5100 2580 5168 hujus
2630 5101 2850 5171 quidem
2894 5101 3296 5170 processioncm
3333 5099 3503 5164 Patti,

245 5188 263 5219 ι
311 5169 414 5240 τὴν
452 5171 509 5223 δὲ
538 5170 686 5225 δόσιν
711 5173 791 5239 τῷ
820 5175 954 5244 Υίῷ.
994 5193 1014 5226 ι

1928 5209 1945 5241 ι
1997 5190 2272 5245 dationem
2305 5189 2442 5243 Filio
2469 5169 2739 5245 attribuit.
2799 5209 2817 5241 ι

845 5266 1232 5335 Ἄντωρησις.

2537 5282 2889 5351 lleftttatatio.

315 5357 390 5410 Σὺ
423 5357 526 5426 μὲν
561 5357 656 5411 καὶ
681 5358 840 5412 πάλιν
876 5358 976 5428 τὴν
1005 5361 1327 5428 ὲκπόρευσιν
1366 5360 1460 5412 καὶ
1500 5359 1647 5414 δόσιν
1682 5360 1820 5414 διαιο

1991 5375 2074 5430 Tu
2122 5391 2314 5430 rursus
2345 5376 2485 5428 inter
2529 5378 2934 5445 processionem
2990 5385 3044 5431 et
3089 5377 3358 5431 dationem
3414 5375 3499 5429 di-

243 5453 359 5516 ρείς
380 5465 395 5480 ο
430 5449 544 5516 ἐγὼ
569 5451 626 5502 δὲ
650 5451 740 5504 τὸν
771 5451 1050 5523 ἀκροατὴν
1094 5454 1391 5525 ὑπομνήσω
1419 5452 1491 5517 ὡς
1521 5455 1582 5507 τδ
1611 5454 1818 5525 διδόμε-

1922 5469 2180 5522 scrimina
2235 5468 2690 5522 comminisceris.
2722 5466 2916 5521 Verum
2950 5483 3050 5535 ego
3099 5468 3152 5520 in
3178 5470 3495 5521 meritoriam

241 5557 335 5590 νον
366 5541 519 5610 παρά
553 5540 682 5592 Υίοῦ
720 5543 965 5613 Πνεῦμα,
995 5543 1071 5608 ὡς
1111 5542 1170 5610 ἐξ
1215 5545 1378 5600 αὑτοῦ
1408 5543 1669 5616 ὑπάρχον,
1703 5545 1817 5598 ἐστι

1921 5561 2187 5614 auditoris
2235 5575 2580 5625 revocavcro,
2631 5560 2722 5628 qui
2765 5560 2926 5612 datur
2959 5574 2987 5612 a
3039 5558 3178 5611 Filio
3242 5555 3501 5628 Spiritus,

242 5633 525 5700 διδόμενον
560 5633 690 5702 παρ’
717 5633 902 5689 αὑτοῦ.

1920 5667 2046 5706 eum
2113 5659 2371 5722 tanquam
2435 5666 2498 5704 ex
2561 5652 2677 5720 ipso
2754 5651 3105 5704 cxsistentem
3170 5650 3290 5704 aliis
3348 5652 3498 5705 exhi-

1921 5741 2060 5796 beri.
