4002 6426
455 370 558 434 LS7

815 475 1075 548 Ejusdem
1122 489 1187 528 ex
1223 471 1406 528 eadem
1451 473 1695 541 epistola.

527 568 686 626 LVII.
728 588 747 624 ι
801 568 974 624 Dicite
1012 567 1196 637 igitur,
1233 565 1280 620 si
1322 564 1375 618 itt
1409 564 1596 635 aliquo
1640 565 1839 621 divina:
1888 565 2042 619 Scri-

463 684 483 718 (
523 673 697 734 ριυιυεε
737 663 859 716 loco
899 659 1170 729 reperitur
1215 654 1459 727 Spiritus
1516 666 1744 713 sanctus
1807 658 2045 728 simplici

464 775 483 807 ι
527 754 751 809 nomine
777 751 1019 822 Spiritus
1066 756 1292 804 vocatus
1315 749 1524 818 absque
1560 749 1891 818 adiectione,
1951 749 2043 804 Dei

464 865 483 896 ‹
523 844 755 908 scilicet,
815 843 930 898 sive
986 839 1187 905 Patris,
1238 847 1335 894 aut
1367 839 1473 896 mei
1529 840 1705 910 ipsius
1748 840 1954 896 Christi
1991 851 2048 896 et

463 955 480 988 ι
522 933 667 997 Filii,
701 943 790 988 aut
821 948 886 988 ex
916 947 1064 997 meo,
1103 932 1248 1002 quod
1273 940 1356 987 est
1398 946 1427 985 a
1473 929 1583 986 Deo
1613 948 1627 985 :
1657 941 1749 987 aut
1787 946 1912 986 cum
1953 947 2047 986 ar-

463 1045 483 1078 σ
523 1025 710 1086 ticulo,
747 1039 815 1078 ne
846 1023 1178 1094 simpliciter
1206 1023 1450 1101 Spiritus
1487 1032 1921 1093 nuncuparetur,
1951 1025 2045 1080 sed

463 1135 483 1168 ι
523 1116 613 1171 bic
649 1115 924 1187 Spiritus,
947 1127 1043 1170 aut
1079 1113 1321 1184 Spiritus
1368 1123 1619 1179 sanctus,
1658 1123 1754 1168 aut
1793 1112 2047 1170 Paracle-

463 1227 482 1260 ι
528 1215 641 1273 tus,
677 1216 772 1262 aut
803 1207 1074 1270 veritatis,
1102 1207 1247 1276 quod
1279 1215 1363 1260 est
1397 1204 1542 1271 Filii,
1570 1205 1663 1275 qui
1687 1205 1849 1271 dicit,
1883 1224 1902 1258 ‹
1935 1207 2048 1278 Ego

463 1317 483 1352 ‹
525 1316 650 1356 sum
696 1299 903 1354 veritas
932 1300 1001 1365 ",
1049 1307 1111 1353 ut
1156 1297 1444 1353 audientes
1483 1297 1811 1367 simpliciter
1860 1299 2047 1368 prolao

461 1409 480 1442 ι
528 1400 643 1445 tum
683 1391 954 1461 Spiritum
1004 1389 1406 1460 intelligeretis,
1446 1403 1570 1444 csse
1600 1386 1866 1459 Spiritum
1917 1405 2049 1446 san-

459 1502 478 1536 t
524 1495 694 1540 ctum.
726 1503 746 1537 ι

1045 1575 1480 1629 Animadversio.

530 1686 549 1718 ι
595 1666 776 1734 Figito
813 1667 976 1722 altius
1002 1677 1240 1722 mentem
1285 1667 1448 1722 allato
1477 1667 1769 1723 Athanasii
1812 1667 2044 1738 scripto,

1521 364 1731 426 JOAN.
1779 363 1993 426 VECCI
2037 364 2148 424 (ΣΡ.
2190 364 2703 426 ΡΑΤΒΙΑΠΟΗΕ

3627 368 3742 434 488

2556 476 2670 530 Τοῦ
2701 475 2889 530 αὑτοῦ
2912 475 2978 530 ἐκ
3006 475 3116 546 τῆς
3134 478 3347 548 αὐτῆς.

2221 570 2346 623 ΝΖ¹.
2391 584 2410 619 t
2446 569 2649 622 Εἰπατε
2673 567 2830 636 γοῦν,
2865 566 2919 621 εἰ
2937 586 3036 622 που
3066 571 3166 640 τῆς
3195 570 3346 635 θείας
3386 571 3607 644 Γραφῆς
3647 575 3742 628 εὖ.

2153 683 2173 718 t
2217 663 2468 734 ρίσκεται
2517 661 2580 714 τὸ
2624 660 2852 732 Πνεῦμα
2902 661 2963 713 τὸ
3014 661 3172 728 ἅγιον
3218 663 3510 734 εἰρημένον
3556 664 3749 730 ἀτελῶς

2160 775 2178 807 ι
2221 754 2444 824 Πνεῦμα
2497 755 2669 824 χωρὶς
2719 754 3042 825 προσθήκης
3096 753 3192 808 τοῦ
3251 755 3506 823 λέγεσθαι
3557 757 3590 826 ἢ
3649 757 3748 810 τοῦ

2153 866 2172 901 ι
2210 847 2348 902 Θεοῦ
2376 847 2408 917 ἢ
2444 847 2539 900 τοῦ
2579 846 2813 917 Πατρδς,
2848 846 2988 917 ἥὸτι
3011 847 3147 916 ἐμοῦ
3187 847 3352 902 αὑτοῦ
3377 848 3469 902 τοῦ
3502 850 3745 919 Χριστοῦ

2155 959 2174 994 t
2211 940 2306 994 καὶ
2338 939 2494 1003 Υἱοῦ,
2534 939 2568 1009 ἦ
2617 939 2750 1012 παρ’
2783 938 2941 1004 ἐμοῦ,
2979 940 3008 993 ὃ
3045 943 3163 993 ἐστι
3199 939 3352 1010 παρὰ
3381 940 3476 993 τοῦ
3523 940 3685 1005 Θεοῦ,
3715 941 3747 1012 ἢ

2155 1048 2174 1081 r
2218 1029 2356 1100 μετά
2395 1027 2492 1082 τοῦ
2519 1028 2751 1098 ἄρθρου,
2781 1029 2869 1083 ἵνα
2901 1031 2976 1100 μὴ
3013 1029 3199 1093 ἁπλῶς
3228 1030 3456 1101 λέγηται
3494 1030 3749 1101 Πνεῦμα,

2157 1141 2175 1175 r
2216 1121 2352 1174 ἀλλά
2399 1119 2462 1174 τὸ
2492 1119 2780 1191 Πνεῦμαῆ
2828 1121 2961 1175 αὐτὸ
3009 1121 3167 1174 τοῦτο
3219 1121 3446 1192 Πνεῦμα
3500 1122 3682 1190 ἀγιον,
3714 1123 3748 1192 ἢ

2156 1229 2175 1262 ε
2213 1209 2591 1283 παράκλητον,
2631 1212 2664 1282 ἢ
2704 1211 2987 1282 ἀληθείας,
3019 1214 3047 1267 ὃ
3091 1216 3207 1267 ἐστι
3241 1213 3335 1268 τοῦ
3378 1213 3505 1267 Υἰοῦ
3540 1213 3638 1268 τοῦ
3663 1214 3757 1268 λέ-

2157 1322 2176 1355 r
2215 1321 2426 1371 γοντος,
2449 1323 2468 1356 ι
2511 1302 2654 1373 Ἐγώ
2671 1305 2837 1376 εἰμιή
2861 1304 3110 1376 ἀλήθεια,
3132 1307 3216 1382 ἵνα
3240 1306 3532 1369 ἀκούοντες
3561 1306 3753 1369 ἅπλῶς

2157 1411 2176 1445 ε
2219 1393 2464 1464 Πνεῦμα,
2507 1395 2852 1466 ῦπονοήσητε
2889 1391 3121 1450 εἶναιτὸ
3152 1397 3379 1467 Πνεῦμα
3408 1397 3468 1450 τὸ
3504 1397 3687 1466 ἅγιον.
3724 1415 3744 1450 ι

2735 1655 2739 1658 ,
2757 1581 3146 1638 Ἐπιστασιά.

2234 1691 2253 1724 ε
2309 1670 2649 1744 Ἐμὸαθυνον
2677 1675 2744 1746 τῇ
2799 1675 3026 1748 τοιαύτῃ
3073 1675 3168 1729 ⁸1τοὗ
3217 1676 3378 1745 ἀτίου
3428 1683 3748 1751 συγγραφῇ

458 1777 478 1812 ι
522 1775 587 1813 ea:
631 1761 786 1814 illum
860 1760 1303 1832 prmpositionem
1347 1761 1400 1815 in
1448 1759 1688 1831 Spiritus
1724 1763 2044 1818 exsistenlia

2161 1783 2179 1817 ι
2216 1764 2334 1829 πῶς
2363 1765 2463 1837 τὴν
2517 1768 2672 1838 παρά
2718 1769 2976 1840 πρόθεσιν
3007 1771 3088 1832 εἰς
3129 1769 3230 1840 τὴν
3275 1770 3370 1825 τοῦ
3424 1772 3752 1843 Πνεῦματος

459 1868 478 1902 ι
524 1853 623 1908 soli
659 1852 804 1909 Patri
843 1857 1162 1912 attribuere.
1211 1872 1233 1908 ι

1111 1945 1400 2016 Refulatio.

519 2038 970 2108 Prmpositionem
1021 2053 1086 2092 ea:
1117 2039 1184 2093 de
1236 2036 1476 2106 Spiritus
1525 2037 1846 2114 exsistentia
1895 2038 2046 2093 acci-

445 2130 603 2201 piens
654 2141 712 2186 tu
765 2143 915 2187 recte
958 2131 1012 2186 in
1064 2131 1240 2186 sancti
1295 2128 1476 2185 Patris
1512 2131 1781 2200 scriptum
1815 2131 2044 2186 allatum

447 2232 688 2278 mentem
741 2223 861 2294 ﬁgis
894 2242 915 2279 :
953 2231 1332 2278 verumtamen
1359 2223 1458 2279 soli
1501 2223 1649 2278 Patri
1699 2224 1845 2278 illam
1893 2226 2049 2280 attri-

447 2313 644 2377 buens,
677 2317 977 2369 maximum
1009 2314 1061 2368 itt
1091 2315 1317 2370 modum
1347 2329 1377 2369 a
1406 2330 1532 2370 vera
1565 2316 1714 2370 illius
1737 2316 2047 2386 intelligen-

448 2407 525 2460 tia
562 2406 811 2471 aberras,
857 2421 1120 2478 namque,
1157 2422 1283 2463 cum
1330 2407 1517 2464 multa:
1568 2411 1778 2479 scripto
1833 2411 2046 2466 tradita:

446 2499 801 2554 auctoritates
833 2514 901 2554 ex
959 2498 1122 2555 Patre
1162 2510 1216 2556 et
1253 2499 1394 2555 Filio
1449 2501 1714 2570 Spiritum
1771 2517 1892 2557 esse
1935 2512 2048 2556 stn-

446 2587 662 2654 biliattt,
697 2591 884 2646 nescio
912 2607 980 2646 an
1019 2591 1127 2647 ulla
1157 2593 1286 2656 alia,
1328 2607 1450 2662 qua:
1479 2608 1545 2647 ex
1595 2604 1825 2664 utroque
1885 2609 2046 2664 aper-

448 2681 559 2737 tius
601 2683 941 2754 comprobet,
996 2684 1266 2754 assignari
1328 2685 1548 2755 poterit.
1606 2685 1745 2740 Cum
1794 2687 1938 2740 enim
1989 2687 2044 2740 in

442 2772 556 2842 jam
583 2775 775 2844 positis
817 2784 1045 2831 sanctus
1069 2775 1362 2831 ostendere
1384 2776 1486 2831 sibi
1519 2779 1892 2846 proposuerit,
1919 2778 2046 2832 ubi-

446 2883 667 2938 cunque
716 2868 959 2940 Spiritus
1007 2883 1134 2924 cum
1185 2869 1467 2926 additione
1511 2871 1902 2941 pronuntiatus
1955 2885 2044 2925 re-

445 2962 680 3030 peritur,
711 2977 908 3032 nempe
934 2958 1050 3030 Dei,
1088 2962 1202 3019 sive
1245 2961 1443 3028 Patris,
1486 2964 1603 3019 sive
1645 2963 1879 3028 Christi,
1927 2965 2045 3019 sive

447 3053 594 3120 Filii,
633 3055 810 3126 ipsum
842 3055 1124 3111 insinuare
1169 3054 1459 3125 Spiritum,
1489 3071 1556 3112 ex
1588 3057 1790 3112 Triade
1847 3071 2040 3122 unum,

448 3145 741 3216 ipsiusque
765 3147 984 3203 Triadis
1018 3147 1436 3217 completivum,
1468 3148 1612 3203 inter
1669 3147 1775 3202 alia
1836 3147 2039 3218 quibus
2069 3167 2112 3225 ο

447 3237 680 3308 atljcctio
717 3239 767 3294 id
797 3240 1024 3306 indicat,
1053 3240 1372 3310 superaddit
1404 3250 1459 3296 et
1488 3241 1650 3305 illud,
1685 3240 1851 3296 veluti
1887 3255 1915 3294 a
1944 3238 2041 3294 Fi-

447 3329 524 3383 lio
558 3329 790 3396 dictum,
835 3342 930 3386 aut
960 3347 989 3386 a
1023 3346 1111 3386 me
1145 3333 1286 3400 ipso,
1317 3332 1461 3401 quod
1498 3346 1526 3386 a
1559 3330 1669 3385 Deo
1694 3340 1778 3386 est
1810 3347 1826 3398 ;
1862 3331 2028 3402 idque

448 3434 726 3484 asserens,
779 3437 845 3476 ex
889 3431 1126 3493 utroque
1188 3422 1454 3492 Spiritum
1495 3438 1618 3478 esse
1643 3413 2042 3479 commonstra-

448 3507 552 3574 vit,
611 3509 953 3578 modumque
1001 3525 1114 3580 quo
1159 3525 1227 3564 ex
1275 3521 1509 3580 utroque
1553 3523 1658 3568 est.
1699 3511 1836 3566 Cum
1875 3512 2040 3568 etiam

447 3611 663 3654 asserat
706 3600 877 3655 veluti
931 3617 1000 3656 ex
1031 3600 1176 3656 Filio
1213 3601 1321 3656 dici
1375 3613 1636 3672 tanquam
1687 3618 1756 3657 ex
1801 3603 2038 3673 meipso,

449 3691 595 3758 quod
617 3701 703 3746 est
725 3707 754 3744 a
790 3691 924 3758 Deo,
966 3691 1021 3748 in
1058 3696 1290 3748 duorum
1317 3692 1515 3748 borum
1569 3694 1855 3748 nominum
1882 3709 2040 3750 com-

447 3783 740 3853 plicatione
784 3784 914 3838 illud
968 3799 1035 3839 ex
1111 3795 1349 3854 utroque
1413 3784 1696 3853 explicuit.
1748 3783 1842 3840 Sic
1887 3786 2040 3855 prius

447 3875 778 3929 mentionem
852 3872 977 3930 Filii
1026 3876 1331 3940 inducens,
1384 3876 1649 3947 illicoque
1718 3876 2037 3944 adnectens,

447 3964 596 4032 quod
634 3973 718 4019 est
744 3980 774 4018 a
804 3964 938 4030 Deo,
973 3967 1392 4032 demonstravit,
1423 3967 1589 4022 veluti
1619 3982 1684 4022 ex
1732 3982 1843 4022 uno
1873 3967 2040 4023 Patre

448 4069 504 4110 et
537 4055 699 4122 Filio,
731 4072 842 4112 non
873 4057 1040 4112 veluti
1088 4075 1154 4113 ex
1191 4059 1408 4116 duabus
1441 4061 1626 4116 causis
1656 4070 1713 4116 et
1754 4061 2039 4132 principiis

452 4149 719 4218 Spiritum
783 4160 1036 4205 sanctum
1077 4166 1200 4207 esse
1235 4168 1251 4206 :
1293 4168 1404 4224 qua
1437 4154 1586 4208 enim
1653 4155 1868 4210 ratione
1916 4156 2040 4211 dure

447 4256 570 4294 esse
601 4238 839 4310 Spiritus
875 4243 1053 4297 sancti
1085 4258 1269 4300 causae
1296 4244 1736 4315 poteruntPater
1762 4255 1816 4300 et
1840 4244 2035 4312 Filius,

446 4347 573 4388 ctttn
606 4332 776 4388 Filius
799 4333 971 4398 dicat,
1005 4334 1245 4405 Spiritus
1275 4352 1341 4392 ex
1371 4353 1478 4404 tne,
1522 4337 1670 4407 quod
1698 4346 1784 4393 est
1805 4353 1872 4392 ex
1903 4338 2036 4404 Deo,

449 4435 778 4499 tantumque
818 4447 925 4484 non
983 4431 1342 4499 ittclamante,
1380 4433 1506 4489 licet
1540 4449 1606 4488 ex
1660 4447 1748 4488 me
1795 4432 2036 4504 Spiritus

2159 1875 2178 1908 ι
2219 1857 2454 1929 ὓπαρξιν
2486 1861 2635 1931 μόνῳ
2663 1861 2740 1932 τῷ
2776 1863 2951 1932 Harp".
2981 1863 3255 1932 ἀφορίζει.
3295 1881 3314 1914 ι

2750 1948 3149 2017 Ἀντίῤῥησις,

2222 2040 2334 2110 Τὴν
2365 2040 2466 2110 μὲν
2515 2041 2664 2110 παρά
2700 2041 2963 2115 πρόθεσιν
3017 2041 3099 2104 εἰς
3142 2039 3241 2110 τὴν
3287 2039 3381 2094 τοῦ
3425 2039 3749 2111 Πνεῦματος

2153 2129 2391 2203 ὓπαρξιν
2423 2131 2806 2203 ἐκλαμϐάνων,
2835 2131 3016 2196 καλῶς
3041 2134 3109 2203 τῇ
3139 2131 3234 2186 τοῦ
3257 2132 3415 2201 ἁγίου
3449 2133 3747 2203 συγγραφῇ

2149 2222 2520 2292 ἐμϐαθύνεις·
2581 2225 2730 2294 μόνῳ
2771 2225 2830 2278 δὲ
2884 2224 2964 2294 τῷ
3003 2225 3180 2293 Πατρὶ
3231 2223 3510 2295 ἀφορίζων
3551 2224 3746 2294 αὐτὴν,

2150 2312 2287 2366 πολὺ
2321 2313 2421 2383 τῆς
2455 2313 2688 2385 ἀληθοῦς
2723 2313 2963 2378 διανοίας
3007 2313 3326 2383 ἀφέστηκας
3352 2327 3368 2342 °
3403 2311 3619 2364 πολλῶν
3641 2312 3750 2380 γὰρ

2149 2405 2405 2475 χρήσεων
2434 2401 2722 2476 γραφικῶν
2767 2405 2834 2458 ἐκ
2883 2405 3096 2476 Πατρός
3143 2405 3236 2456 καὶ
3287 2401 3420 2457 Υἰοῦ
3465 2401 3753 2472 δηλουσῶν

2149 2491 2294 2550 εἶναι
2320 2494 2381 2548 τὺ
2408 2495 2656 2565 Πνεῦμα,
2690 2495 2792 2549 οὐκ
2819 2491 2936 2548 οἶδα
2980 2497 3032 2549 εῐ
3053 2513 3137 2558 τις
3170 2495 3334 2566 ἐτέρα
3359 2497 3458 2566 τῆς
3488 2494 3752 2564 χρήσεως

2147 2587 2353 2658 ταύτης
2386 2587 2738 2658 ἐκδηλότερον
2765 2586 3000 2659 δηλώσει
3042 2589 3102 2641 τὸ
3137 2586 3197 2652 ἐξ
3229 2589 3453 2656 ἀμφοῖν.
3500 2587 3591 2639 Ἐν
3637 2586 3749 2656 γὰρ

2146 2683 2262 2743 τοῖς
2290 2680 2392 2751 ήδη
2421 2679 2667 2750 ῥηθεῖσιν
2697 2680 2724 2732 ὁ
2769 2679 2949 2749 ἅγιος,
2997 2679 3172 2734 θέλων
3219 2679 3597 2749 παραστῆσαι,
3650 2677 3748 2743 ὡς,

2147 2773 2269 2825 ὅποι
2289 2771 2356 2825 ἂν
2387 2771 2710 2843 εὑρίσκηται
2739 2772 2798 2824 τὸ
2821 2771 3049 2842 Πνεῦμα
3073 2772 3368 2842 εἰρημένον
3397 2774 3537 2843 μετά
3575 2787 3753 2842 προσ-

2149 2863 2322 2934 θήκης
2369 2864 2532 2934 τυχὸν
2575 2864 2671 2916 τοῦ
2702 2863 2861 2930 Θεοῦ,
2896 2864 2930 2935 ἢ
2976 2863 3071 2918 τοῦ
3107 2863 3341 2934 Πατρδς,
3382 2864 3415 2935 ἢ
3457 2862 3552 2916 τοῦ
3605 2864 3752 2936 Χρι-

2150 2955 2302 3021 στοῦ,
2327 2956 2358 3028 ἢ
2397 2956 2490 3010 τοῦ
2519 2956 2650 3011 Υίοῦ
2679 2957 2810 3011 αὐτὸ
2834 2957 2988 3029 δηλοῖ
3012 2957 3072 3011 τὸ
3104 2958 3331 3026 Πνεῦμα
3371 2958 3432 3011 τὸ
3455 2957 3554 3029 τῆς
3583 2958 3756 3028 Τριά-

2146 3047 2234 3112 δος
2260 3048 2319 3103 ἓν
2362 3050 2457 3103 καὶ
2507 3052 2976 3122 συμπληρωτικὸν
3023 3051 3122 3122 τῆς
3151 3051 3407 3124 Τριάδος,
3444 3051 3584 3123 πρὸς
3626 3054 3750 3116 τοῖς

2147 3137 2330 3202 ἀλλοις
2373 3131 2449 3193 ὧν
2492 3142 2526 3210 ή
2577 3143 2870 3212 προσθήκη
2917 3141 3078 3195 τοῦτο
3123 3140 3295 3212 δηλοῖ,
3353 3144 3751 3215 προσενείρειο

2145 3231 2239 3283 καὶ
2271 3231 2332 3283 τὸ
2363 3229 2438 3297 ὡς
2467 3231 2578 3285 ἀπὸ
2601 3231 2699 3287 τοῦ
2730 3232 2862 3286 Υἰοῦ
2881 3233 3188 3306 ,εἰρημένον
3218 3234 3301 3300 τὸ,
3341 3234 3375 3304 ἢ
3411 3236 3545 3304 παρ’
3575 3235 3744 3306 ἐμοῦ,

2142 3322 2172 3376 ὅ
2201 3324 2318 3376 ἐστι
2345 3323 2496 3394 παρά
2528 3323 2622 3376 τοῦ
2657 3323 2816 3378 Θεοῦ.
2857 3325 2964 3382 Καὶ
2997 3324 3158 3380 τοῦτο
3198 3325 3371 3380 εἰπὼν
3391 3328 3420 3380 ὁ
3447 3325 3628 3394 ἅγιος,
3660 3327 3748 3381 ὅτ·

2141 3430 2202 3466 τε
2232 3414 2291 3478 ἐξ
2329 3415 2535 3486 ἀμφοῖν
2587 3416 2646 3469 τὸ
2678 3415 2905 3486 Πνεῦμα
2949 3403 3202 3489 ἐνεφηνε,
3230 3419 3326 3473 καὶ
3364 3419 3515 3482 ὅπως
3545 3420 3607 3486 ἐξ
3632 3422 3750 3491 ἀμ-

2144 3510 2287 3578 φοῖν.
2335 3509 2424 3562 Ἐν
2459 3507 2573 3580 γὰρ
2598 3508 2678 3580 τῷ
2723 3512 2901 3562 εἰπεῖν
2946 3512 3022 3574 ὡς
3065 3511 3174 3565 ἀπὸ
3215 3509 3312 3565 τοῦ
3341 3511 3471 3567 Υἱοῦ
3501 3513 3562 3566 τὸ
3608 3514 3750 3585 παρ’

2144 3600 2304 3671 ἐμοῦ,
2335 3602 2362 3654 ὅ
2391 3601 2508 3655 ἐστι
2545 3601 2698 3673 παρά
2725 3601 2820 3656 τοῦ
2859 3601 3018 3669 Θεοῦ,
3050 3604 3109 3656 ἐν
3134 3605 3235 3674 μὲν
3263 3607 3330 3676 τῇ
3354 3605 3463 3658 τῶν
3488 3604 3583 3659 δύο
3627 3606 3753 3660 ὀνο-

2147 3691 2335 3760 μάτων
2363 3691 2635 3763 ἐπιπλοκῃ
2657 3693 2886 3765 ἐνέφηνε
2906 3693 2968 3747 τὺ
2988 3693 3048 3761 ἐξ
3071 3695 3278 3766 ἀμφοῖν
3306 3713 3320 3727 ο
3347 3698 3405 3750 ἐν
3429 3696 3485 3751 δὲ
3510 3697 3587 3768 τῷ
3605 3715 3754 3770 μνη-

2143 3775 2338 3852 σθῆναι
2361 3783 2628 3855 πρότερον
2659 3783 2754 3838 τοῦ
2785 3785 2940 3852 Υιοῦ,
2972 3788 3068 3840 καὶ
3099 3789 3749 3860 συντόμως.ἐπαγαγεῖν,

2143 3871 2173 3924 ὃ
2207 3873 2327 3924 ἔστι
2364 3873 2518 3943 παρά
2540 3871 2634 3940 τοῦ
2668 3873 2828 3940 Θεοῦ,
2863 3876 3092 3948 ἐνέφηνε
3125 3879 3185 3932 τὸ
3228 3879 3304 3942 ὡς
3340 3879 3472 3952 παρ’
3489 3881 3620 3944 ’ἐνὸς
3642 3882 3744 3935 τοῦ

2143 3962 2276 4016 Υἱοῦ
2307 3963 2404 4017 καὶ
2437 3964 2532 4017 τοῦ
2571 3965 2812 4038 Πατρὸς,
2847 3967 3114 4039 οῠμενουν
3135 3970 3212 4035 ὡς
3239 3975 3394 4042 παρά
3421 3972 3517 4026 δύο
3549 3974 3748 4028 αἰτίων

2142 4054 2236 4105 καὶ
2263 4053 2452 4124 ἀρχῶν
2507 4051 2649 4110 εἶναι
2681 4057 2742 4110 τὸ
2769 4057 2998 4129 Πνεῦμα
3045 4059 3106 4113 τδ
3139 4060 3318 4129 ἅγιον.
3365 4061 3492 4126 Πῶς
3533 4064 3644 4135 γὰρ
3675 4066 3749 4118 ἂν

2142 4141 2254 4200 εἷεν
2284 4147 2380 4200 δύο
2408 4145 2504 4200 τοῦ
2536 4147 2860 4220 Πνεῦματος
2888 4150 3040 4204 αἴτια
3076 4151 3266 4222 Πατὴρ
3297 4153 3392 4206 καὶ
3415 4155 3443 4206 ὁ
3467 4153 3616 4220 Υἱὸς,
3645 4154 3748 4209 τοῦ

2142 4237 2278 4292 Υίοῦ
2327 4238 2600 4308 λέγοντος,
2632 4241 2695 4294 τὸ
2725 4241 2952 4312 Πνεῦμα
3001 4243 3132 4313 παρ’
3180 4242 3340 4314 ἐμοῦ,
3372 4245 3400 4298 ὅ
3439 4247 3558 4300 ἐστι
3590 4247 3747 4317 παρά

2140 4330 2235 4383 τοῦ
2270 4329 2431 4399 Θεοῦ,
2462 4333 2556 4388 καὶ
2591 4334 2754 4404 μόνον
2806 4335 2928 4405 οὐχὶ
2962 4333 3195 4404 βοῶντος
3241 4335 3318 4399 ὡς
3367 4338 3417 4390 εἰ
3467 4339 3562 4391 καὶ
3608 4355 3720 4406 πα(

2141 4421 2283 4492 ἐμοῦ
2304 4423 2363 4477 τὸ
2393 4423 2619 4495 Πνεῦμά
2646 4426 2817 4492 ἐστιν,
2850 4427 2968 4482 ἀλλ’
2995 4428 3074 4490 εἰς
3103 4428 3196 4481 τὸν
3223 4429 3448 4500 Πατέρα
3470 4429 3570 4500 τὴν
3593 4436 3720 4500 πριῦ

448 4528 777 4599 οδι,ινετυηι
811 4522 866 4576 in
899 4520 1118 4577 Patrem
1170 4523 1492 4593 primariam
1533 4533 1590 4579 et
1625 4524 1838 4594 absque
1887 4524 2042 4595 prin-

2152 4531 2250 4586 την
2284 4516 2377 4569 καὶ
2399 4515 2635 4588 ἄναρχον
2659 4517 2841 4572 αἰτίαν
2858 4517 3009 4572 ἐστὶν
3035 4520 3472 4590 ἀναφερόμενον,
3494 4521 3618 4575 ὃθεν
3645 4528 3734 4575 κα·

449 4613 593 4680 cipio
621 4629 868 4678 causam,
901 4614 1046 4668 unde
1074 4623 1131 4669 et
1161 4629 1263 4686 ego
1313 4617 1459 4685 quod
1499 4614 1604 4670 sim
1635 4613 1833 4680 habeo,
1867 4616 2039 4670 refer-

449 4713 561 4758 tur.
617 4703 1094 4770 Quemadmodum
1118 4708 1266 4762 enim
1329 4706 1384 4761 in
1435 4706 1559 4761 aliis
1589 4696 1722 4770 dixi,
1771 4705 2036 4776 quidquid

449 4811 480 4849 a
517 4793 650 4848 Filio
691 4804 745 4850 et
771 4811 841 4850 ex
885 4796 1046 4864 Filio,
1089 4806 1142 4853 et
1176 4813 1273 4869 per
1314 4796 1514 4853 Filium
1553 4813 1678 4852 esse
1710 4797 1935 4863 dicitur,
1979 4799 2035 4852 in

451 4887 666 4941 Patrem
703 4889 956 4946 refertur.
1013 4889 1425 4962 Proptereaque
1472 4891 1564 4960 qui
1611 4905 1674 4944 ex
1707 4889 1893 4958 Patre,
1937 4907 2034 4962 per

449 4976 670 5044 Filium,
703 4989 758 5034 et
793 4995 861 5035 ex
895 4991 1129 5052 utroque
1181 4981 1420 5046 exsistit,
1461 4981 1626 5035 veluti
1681 4997 1744 5035 ex
1775 4997 1886 5036 uno
1929 4991 2034 5037 est.

451 5066 563 5123 Nec
623 5085 816 5138 parum
851 5071 918 5125 ad
948 5071 1000 5125 id
1053 5072 1198 5125 idem
1251 5070 1545 5136 conducit,
1604 5073 1750 5141 quod
1799 5073 1966 5128 ctiam
2006 5087 2038 5126 a

437 5178 654 5234 magno
691 5162 894 5218 Basilio
923 5164 975 5216 in
1027 5161 1449 5232 quadragesima
1502 5163 1724 5224 homilia
1751 5163 2036 5218 Moralium

451 5255 800 5310 diciturcum
851 5255 1087 5310 scribit:
1129 5273 1147 5307 ι
1191 5253 1310 5308 Non
1363 5255 1598 5321 alienus,
1629 5265 1799 5312 ‘esta
1863 5258 2037 5328 gloria

452 5347 633 5404 Patris
685 5347 779 5402 Dei
809 5349 1052 5418 Spiritus
1099 5364 1165 5404 ex
1209 5348 1468 5404 incll‘abili
1518 5364 1639 5412 ore,
1691 5349 2040 5406 inell‘abiliter

453 5455 742 5511 apparens,
788 5443 882 5498 sed
931 5441 1021 5497 Dei
1085 5435 1345 5513 Spiritus,
1395 5451 1450 5497 et
1502 5443 1644 5513 apud
1679 5443 1873 5508 Deum,
1924 5453 1978 5497 rt
2007 5459 2037 5497 a

456 5532 563 5588 Deo
594 5537 815 5600 missus,
856 5544 910 5591 et
948 5550 1042 5601 per
1074 5534 1270 5590 Filium
1306 5535 1710 5606 suppeditatus,
1757 5544 1818 5589 ut
1843 5535 2041 5590 dicitur

453 5636 483 5674 α
515 5635 737 5692 paterna
773 5643 1028 5696 persona,
1091 5629 1317 5699 spititus
1381 5643 1560 5692 meus,
1611 5628 1706 5698 qui
1743 5637 1824 5683 εει
1858 5629 1910 5683 in
1966 5639 2036 5684 te.

2150 4605 2278 4676 ἐμοὶ
2293 4605 2354 4659 τὸ
2374 4602 2515 4660 εἷναί
2533 4610 2704 4662 ἐστιν.
2735 4607 2825 4674 Ὠς
2848 4611 2960 4679 γὰρ
2989 4611 3083 4664 καὶ
3106 4613 3165 4665 ἐν
3186 4611 3367 4676 ἀλλοις
3393 4614 3734 4685 εἰρήκειμεν,

2147 4696 2202 4748 εἴ
2235 4713 2293 4749 τε
2329 4698 2482 4768 παρά
2513 4698 2666 4767 Υἰοῦ,
2699 4702 2796 4754 καὶ
2825 4700 2885 4766 ἐξ
2918 4701 3074 4767 Υίοῦ,
3107 4705 3203 4758 καὶ
3245 4703 3314 4757 δι’
3341 4704 3476 4758 Υἰοῦ
3525 4704 3744 4774 λέγεται

2149 4783 2312 4857 εἶναι,
2344 4791 2424 4853 εἰς
2478 4792 2570 4846 τὸν
2606 4793 2828 4865 Πατέρα
2869 4796 2972 4866 τὴν
3017 4797 3306 4867 ἀναφορὰν
3356 4799 3491 4868 ἔχει,
3529 4801 3623 4852 καὶ
3654 4797 3746 4853 διὰ

2148 4881 2310 4935 τοῦτο
2342 4884 2403 4934 τὸ
2424 4884 2489 4935 ἐκ
2516 4885 2731 4957 Πατρδς
2755 4886 2824 4940 δι’
2855 4886 3013 4955 Υίοῦ,
3039 4889 3136 4942 καὶ
3161 4888 3221 4954 ἐξ
3243 4889 3449 4960 ἀμφοῖν
3471 4891 3741 4964 ὑπάρχον,

2142 4972 2220 5036 ὡς
2251 4973 2312 5040 ἐξ
2340 4975 2460 5040 ἑνός
2487 4978 2656 5033 ἐστιν.
2703 4979 2820 5032 Οὐκ
2851 4979 3009 5048 ὀλίγα
3038 4979 3095 5033 δὲ
3125 4981 3266 5052 πρὸς
3293 4982 3454 5036 τοῦτο
3497 4984 3746 5055 συμϐάλο

2138 5073 2222 5127 λει
2254 5073 2349 5127 καὶ
2375 5072 2437 5127 τὸ
2468 5074 2621 5146 παρά
2648 5074 2744 5129 τοῦ
2777 5075 3016 5145 μεγάλου
3045 5077 3330 5132 Βασιλείου
3357 5080 3414 5132 ἐν
3443 5082 3507 5151 τῇ
3542 5096 3742 5132 τεσσαο

2142 5168 2385 5236 ρακοστῇ
2431 5167 2622 5239 ὁμιλίᾳ
2665 5169 2830 5240 ῥηθὲν
2881 5169 2992 5224 τῶν
3021 5170 3188 5224 αὑτοῦ
3235 5170 3499 5235 Ἠθικῶν,
3551 5171 3610 5224 ἐν
3660 5165 3740 5236 οἷς

2144 5254 2276 5323 ἔφη,
2315 5272 2334 5306 r
2371 5255 2486 5309 Οὐκ
2514 5257 2798 5328 ἀλλότριον
2827 5259 2928 5328 τῆς
2957 5258 3051 5312 τοῦ
3084 5259 3222 5313 Θεοῦ
3245 5260 3405 5329 δόξης
3428 5260 3494 5314 ’τὸ
3517 5261 3742 5330 Πνεῦμα

2147 5347 2215 5399 ἐκ
2261 5345 2358 5400 τοῦ
2391 5347 2638 5418 ἀρρήτου
2689 5349 2959 5418 στόματος
3001 5350 3263 5422 ἀρρήτως
3310 5349 3573 5422 πεφηνὸς,
3604 5349 3744 5403 ἀλλὰ

2149 5440 2286 5492 Θεοῦ
2319 5439 2547 5510 Πνεῦμα
2576 5441 2674 5493 καὶ
2728 5441 2882 5512 παρά
2911 5443 3052 5513 Θεῷ,
3086 5443 3556 5514 ἀποστελλόμενον
3586 5443 3740 5507 παρὰ

2149 5531 2309 5599 Θεοῦ,
2348 5532 2444 5587 καὶ
2485 5531 2554 5584 δι’
2603 5533 2736 5586 Υἰοῦ
2791 5535 3220 5607 χορηγούμενον,
3254 5536 3327 5598 ὡς
3371 5537 3589 5605 λέγεται
3643 5539 3742 5607 μεθ

2150 5625 2215 5677 ἐκ
2257 5621 2352 5676 τοῦ
2385 5622 2658 5696 πατρικοῦ
2707 5625 3021 5695 προσώπου,
3052 5628 3113 5681 τὸ
3166 5627 3393 5700 Πνεῦμα
3437 5628 3496 5680 τὸ
3528 5629 3680 5700 ἐμὸν,
3712 5628 3740 5681 ὃ

527 5815 569 5844 ⁶¹
598 5811 755 5869 Joun.
794 5835 899 5884 nr,
931 5819 984 5875 6,
1750 5854 1752 5856 τ
1793 5856 1815 5865 ..
2143 5824 2187 5840 -‘
