4002 6454
261 392 367 473 ιεο

1213 377 1295 453 IN
1339 384 1729 450 camaram
1766 379 2516 447 ANIMADVERSIONES.

3392 380 3499 445 490

259 526 407 563 εστιν
435 505 529 560 ἐπὶ
561 503 661 560 σοί.
687 494 915 574 Λέγεται
939 506 994 560 δὲ
1026 504 1129 558 imit
1164 500 1259 555 τοῦ
1296 497 1499 569 Κυρίου
1527 498 1630 560 ὅτι,
1668 514 1687 547 ι
1720 495 1833 547 Πα-

1954 492 2140 548 )icitur
2184 490 2413 561 quoque
2449 506 2479 545 a
2534 490 2802 546 Christo:
2844 509 2860 540 ι
2913 488 3505 549 Palat-letummutam

259 602 529 671 ράκλητον
556 597 758 668 πέμψω
782 600 930 668 ύμῖν,
966 616 984 650 t
1007 598 1064 650 ὅν
1088 611 1207 648 τινα
1229 593 1325 647 καὶ
1350 591 1504 645 καλεῖ
1526 589 1587 642 τδ
1608 586 1835 656 Πνεῦμα

257 693 356 760 τῆς
386 689 668 759 ἀληθείας.
706 709 725 741 ι
760 690 819 743 Et
850 688 978 757 γοῦν
1005 690 1033 741 6
1069 686 1168 756 μὲν
1202 683 1375 755 μέγας
1404 679 1685 740 Βασίλειος
1712 678 1835 731 δια-

255 783 444 851 τρανοῖ
501 783 567 834 ὲκ
624 779 718 832 τοῦ
774 777 1042 847 πατρικοῦ
1102 772 1398 843 προσώπου
1452 767 1706 836 λέγεσθαι
1775 765 1837 818 τὸ

259 869 484 940 Πν;ῦμα
520 870 582 923 τὸ
634 870 785 940 ἐμὸν,
822 869 850 921 ὅ
883 870 1031 919 ἐστιν
1055 865 1152 918 ἐπὶ
1188 865 1292 927 σοὶ,
1320 865 1347 915 6
1380 862 1436 914 δὲ
1465 861 1637 931 μέγας
1676 856 1836 911 Ἀθα·

257 963 444 1024 νὰσιος
473 961 550 1022 ὡς
576 961 686 1013 ἀπὸ
709 960 802 1012 τοῦ
828 957 957 1012 Υἱοῦ
985 959 1135 1025 λέγει
1164 957 1222 1008 τὸ
1260 950 1484 1022 Πνεῦμα
1520 948 1652 1019 παρ’
1676 944 1835 1017 ἐμοῦ,

254 1051 283 1102 ὃ
310 1051 430 1101 ἐστι
463 1047 615 1117 παρά
649 1047 741 1099 τοῦ
776 1045 934 1110 Θεοῦ,
958 1045 1072 1106 πῶς
1102 1045 1162 1096 ού
1193 1041 1476 1115 προδήλως
1496 1037 1746 1092 ἐντεῦθεν
1773 1039 1840 1090 ὲκ

262 1141 475 1211 Harpe;
504 1140 600 1192 καὶ
629 1137 758 1190 Υίοῦ
795 1133 936 1190 εἶναι
964 1137 1023 1188 τὸ
1049 1134 1275 1202 Πνεῦμα
1305 1132 1368 1186 τὸ
1410 1130 1579 1201 ἅγιον
1609 1126 1840 1198 ἀναφαί-

258 1247 433 1293 νεται,
475 1229 573 1282 καὶ
613 1228 713 1298 οὐχ
753 1227 828 1290 ὡς
860 1228 926 1279 ὲκ
954 1225 1047 1280 δύο
1091 1224 1281 1279 αἰτίων
1315 1225 1417 1277 καὶ
1485 1220 1691 1292 ἀρχῶν,
1728 1214 1843 1274 ἀλλ’

257 1320 335 1385 ὡς
361 1321 424 1385 ἐξ
461 1320 616 1385 ὲνόςς
652 1316 814 1372 Ἀλλά
849 1317 995 1386 καζό
1029 1314 1180 1384 ἅγιος
1215 1313 1483 1383 Κύριλλος
1519 1315 1631 1375 τοῖς
1666 1309 1842 1382 μεγά-

259 1414 376 1476 λοις
403 1411 617 1473 τούτοις
645 1408 921 1478 Πατράσιν
948 1411 1026 1471 εἰς
1051 1410 1152 1477 τὴν
1178 1407 1349 1477 αὐτὴν
1374 1404 1583 1458 ἔννοιαν
1607 1420 1844 1473 συγκρο-

257 1504 422 1573 τήσει
450 1503 509 1554 ἐν
541 1503 608 1571 τῇ
665 1499 933 1569 ἑρμηνείᾳ
970 1497 1065 1551 τοῦ
1104 1496 1244 1550 κατὰ
1287 1496 1560 1565 Ἰωάννην,
1594 1492 1689 1546 νῦν
1741 1492 1844 1562 μὲν

260 1596 339 1658 ὡς
390 1594 487 1662 ἀφ’
536 1590 733 1646 ἑαυτοῦ
785 1590 992 1658 λέγων·
1031 1607 1051 1641 ι
1092 1589 1303 1658 Ὥσπερ
1358 1587 1468 1659 γάρ
1500 1586 1663 1641 ,ἐστιν
1714 1584 1843 1637 ἴδιον

202 1686 213 1696 ’
263 1684 488 1754 Πνεῦμα
518 1683 615 1737 τοῦ
642 1681 773 1735 Υῑοῦ
804 1680 1050 1750 φυσικῶς
1082 1681 1139 1732 ὲν
1173 1676 1323 1748 αὐτῷ
1345 1694 1406 1730 τε
1452 1675 1719 1747 ὑπάρχον,
1750 1674 1846 1741 καὶ

268 1777 335 1830 δι’
380 1774 538 1828 αὐτοῦ
583 1774 794 1842 προϊὸν,
833 1770 977 1824 οὕτω
1018 1770 1112 1823 καὶ
1148 1769 1241 1822 τοῦ
1294 1766 1543 1838 Πατρός⁹
1575 1760 1656 1828 οἷς
1700 1764 1758 1817 δὲ
1783 1762 1845 1816 τὸ

1939 581 2119 646 vobis,
2158 596 2319 650 quem
2379 590 2433 635 ct
2466 589 2622 635 vocat
2667 580 2930 650 Spiritum
2994 582 3237 637 veritatis
3268 584 3334 636 ⁸⁸.
3377 603 3394 635 ι
3450 583 3506 639 Si

1937 672 2102 741 igitur
2136 686 2366 740 magnus
2395 670 2632 726 Basilius
2682 679 2868 741 aperte
2893 673 3138 740 exponit,
3175 689 3238 728 ex
3274 689 3509 744 persona

1936 760 2114 816 Patris
2141 760 2269 827 dici,
2302 755 2538 830 Spiritus
2562 776 2736 828 meus,
2772 761 2866 832 qui
2890 771 2976 818 est
3006 762 3058 816 in
3087 772 3172 818 te:
3196 775 3250 819 ct
3276 782 3510 834 magnus

1937 852 2294 915 Athanasius,
2361 851 2440 904 uti
2474 867 2540 906 ex
2575 850 2713 907 Filio
2780 852 2917 937 dicit;
2971 852 3256 923 Spiritum.
3290 872 3354 911 ex
3401 874 3510 922 mr,

1939 945 2194 1013 quodest
2248 958 2311 998 ex
2362 941 2492 1009 Deo.
2553 945 2827 1011 quomodo
2884 945 2972 1000 hic
3001 961 3107 1001 non
3167 949 3513 1016 apcrtissinm

1940 1034 2247 1089 ostenditur
2285 1034 2409 1088 inde
2438 1034 2639 1104 colligi,
2680 1051 2745 1091 ex
2788 1034 2948 1091 Patre
2988 1046 3042 1091 et
3080 1036 3219 1092 Filio
3242 1054 3363 1095 esse
3390 1038 3513 1110 Spi-

1941 1124 2132 1191 ritum,
2168 1132 2223 1178 et
2255 1139 2364 1178 non
2397 1134 2658 1194 tanquam
2689 1141 2755 1179 ex
2793 1127 3006 1183 duabus
3046 1131 3228 1186 causis
3258 1140 3313 1186 et
3358 1134 3512 1201 priu-

1940 1215 2122 1298 cipiis,
2151 1216 2246 1271 sed
2280 1224 2538 1287 tanquam
2596 1233 2665 1273 ex
2693 1219 2848 1274 uno?
2886 1219 2991 1275 Sed
3030 1230 3084 1276 et
3143 1233 3366 1279 sanctus
3404 1225 3501 1295 Cy-

1943 1308 2102 1363 rillus
2134 1323 2259 1363 cum
2290 1309 2504 1379 magnis
2534 1309 2687 1365 hisce
2744 1310 3001 1368 Patribus
3054 1313 3110 1368 in
3161 1317 3348 1370 eadem
3387 1335 3515 1372 seu~

1945 1400 2115 1455 tentia
2144 1399 2501 1455 concordabit
2533 1400 2587 1455 in
2628 1401 3085 1470 interpretatione
3117 1404 3393 1477 Evangelii
3419 1423 3510 1462 se-

1943 1493 2180 1546 cundum
2209 1490 2501 1558 Joannem,
2546 1508 2701 1548 nunc
2745 1495 2968 1564 quidem
3009 1497 3169 1551 veluti
3212 1514 3276 1553 ex
3334 1502 3515 1569 seipse

1947 1581 2181 1638 dicens:
2215 1601 2235 1636 ι
2268 1581 2744 1649 Quemadmodum
2786 1587 2929 1642 enim
2966 1589 3223 1658 proprius
3273 1601 3356 1646 est
3390 1590 3515 1661 Spi-

1944 1674 2086 1731 ritus
2134 1673 2282 1739 Filii,
2339 1676 2666 1732 naturaliter
2728 1677 2784 1733 in
2817 1679 2949 1748 ipso
2993 1679 3289 1744 exsistens,
3340 1692 3393 1739 ct
3422 1700 3517 1753 per

1946 1767 2123 1835 ipsum
2184 1768 2561 1838 progrediens,
2612 1770 2682 1824 ita
2734 1780 2788 1825 et
2834 1769 3032 1826 Patris.
3109 1771 3316 1838 Quibus
3388 1791 3518 1828 veru

279 1868 498 1936 Πνεῦμα
523 1867 722 1927 κοινὸν,
751 1862 962 1926 τούτοις
994 1862 1079 1933 εἴη
1111 1860 1286 1931 δήπου
1313 1861 1529 1920 πάντως
1558 1856 1622 1909 ἂν
1655 1858 1749 1909 καὶ
1776 1852 1847 1908 τὰ

1954 1846 2187 1927 Spiritus
2252 1862 2559 1915 communis
2608 1869 2713 1927 est,
2764 1862 2872 1917 illis
2908 1877 3134 1930 prorsus
3188 1863 3417 1925 furrint.
3465 1879 3519 1919 Ct

274 1959 459 2019 οὐσίας
497 1957 559 2009 οῦ
606 1954 979 2026 διωρισμένα·
1007 1970 1027 2003 ›
1062 1951 1157 2004 νῦν
1194 1950 1251 2003 δὲ
1288 1949 1461 2018 λέγων
1491 1946 1565 2011 ὡς
1591 1946 1699 2000 ἀπὸ
1748 1944 1842 1999 τοῦ

1954 1961 2065 2017 quae
2101 1947 2354 2003 essentia:
2422 1958 2573 2015 sunt,
2611 1966 2717 2005 non
2774 1966 3024 2021 separata
3059 1970 3072 2006 :
3115 1972 3134 2005 ι
3187 1971 3333 2009 nunc
3368 1971 3517 2016 vero.

274 2049 401 2102 Υίοῦ
435 2048 572 2118 πρὸς
604 2049 731 2110 τοὺς
776 2044 1026 2115 μαθητάς
1048 2059 1064 2075 '
1106 2060 1125 2094 ι
1180 2042 1342 2112 Ἐμὸν
1387 2041 1496 2113 γὰρ
1524 2040 1751 2109 Πνεῦμα
1786 2038 1845 2090 τὸ

1954 2039 2023 2093 uti
2053 2055 2083 2093 a
2108 2037 2245 2094 Filio
2280 2040 2346 2095 ad
2403 2042 2745 2112 discipulos:
2776 2063 2795 2095 ‹
2850 2043 3005 2101 Meus
3063 2047 3207 2102 enim
3256 2048 3518 2117 Spiritus.

262 2139 527 2211 ἐνεργοῦν
581 2140 638 2193 ὲν
673 2141 823 2210 ὑμῖν.
857 2137 1067 2205 Ὠσπερ
1122 2133 1179 2187 δὲ
1225 2132 1377 2205 ὲμὺν,
1426 2133 1570 2188 οὕτω
1609 2133 1703 2211 καὶ
1748 2129 1843 2186 τοῦ

260 2231 403 2285 θεοῦ
439 2230 537 2285 καὶ
567 2230 802 2300 Πατρός.
837 2248 858 2283 ι

824 2361 926 2417 Ἐκ
956 2358 1066 2429 τῆς
1096 2356 1310 2429 αὐτῆς.

335 2498 476 2553 NH'.
515 2515 534 2551 t
587 2497 660 2552 Ού
700 2496 811 2570 γὰρ
863 2495 1095 2568 ἄγγελον
1134 2493 1452 2553 ,συνέτασσε
1498 2493 1566 2562 τῇ
1609 2488 1846 2560 θεότητι,

267 2609 292 2643 ί
327 2589 452 2644 οῦδὲ
504 2591 563 2643 ὲν
609 2590 868 2658 κτίσματι
902 2587 1174 2658 συνῆπτεν
1219 2587 1371 2657 ἡμᾶς
1426 2583 1604 2653 ἑαυτῷ
1654 2585 1747 2636 καὶ
1771 2582 1850 2651 τῷ

271 2694 292 2727 ι
332 2676 534 2746 Πατρὶ,
571 2674 689 2727 ἀλλ’
715 2678 775 2729 ἐν
803 2675 881 2746 τῷ
926 2676 1202 2744 Πνεῦματι
1226 2674 1303 2742 τῷ
1336 2672 1653 2742 ἀγίῳ,ὄπερ
1691 2669 1850 2734 αὐτὸς

272 2787 295 2820 t
335 2767 844 2838 ἐπαγγειλάμενος,
905 2769 1005 2820 οὐκ
1056 2768 1280 2838 εἴρηκεν
1322 2763 1552 2832 ἄγγελον
1591 2763 1854 2817 ἀποστέλ-

272 2879 294 2912 σ
329 2861 470 2928 λειν,
519 2861 655 2914 ἀλλά
686 2861 748 2914 τὺ
775 2858 1002 2930 Πνεῦμα
1047 2860 1146 2928 τῆς
1180 2856 1462 2926 ἀληθείας,
1509 2855 1537 2908 ὃ
1572 2855 1721 2927 παρά
1759 2853 1853 2908 τοῦ

270 2973 291 3005 ί
334 2955 551 3024 Πατρδς
588 2953 971 3022 ἐκπορεύεται,
1003 2954 1099 3006 καὶ
1132 2953 1195 3005 ἐκ
1243 2948 1338 3003 τοῦ
1380 2947 1510 3002 Υῑοῦ
1562 2946 1853 3020 λαμϐάνει,

275 3066 297 3098 ι
337 3046 441 3100 καὶ
477 3044 702 3099 δίδοται.
742 3063 762 3097 ι
1539 3042 1563 3078 ο

891 3152 1289 3215 ’Emazaata.’

344 3293 367 3328 ι
406 3274 525 3331 Καὶ
552 3275 711 3328 τοῦτο
736 3273 850 3337 τοῖς
886 3271 1310 3344 προειρημένοις
1335 3270 1628 3327 ἀκόλουθον
1649 3284 1666 3303 ⁸
1699 3274 1852 3341 παρὰ

275 3388 296 3423 ι
335 3368 444 3440 μὲν
462 3367 572 3439 γὰρ
594 3365 690 3420 τοῦ
741 3365 957 3437 Πατρδς
981 3362 1379 3436 ἐκπορεύεσθαι
1406 3364 1469 3419 τὸ
1515 3364 1762 3434 Πνεῦμα,
1787 3367 1853 3418 ἐκ

227 3466 230 3479 ”
274 3480 296 3514 ι
334 3460 433 3516 τοῦ
464 3458 595 3514 Υιοῦ
641 3458 700 3513 δὲ
749 3456 1076 3528 λαμϐάνειν,
1104 3454 1209 3512 καὶ
1257 3456 1516 3525 δίδοσθαι,
1556 3455 1795 3510 διδάσκει
1823 3458 1852 3509 6

274 3571 296 3606 ι
331 3551 512 3622 ἅγιος.
556 3570 580 3605 ι

872 3663 1261 3735 Ἀντῑρῤησις.

352 3801 599 3873 Ἀληθῶς
637 3802 788 3874 παρά
825 3803 923 3873 μὲν
966 3803 1057 3857 τοῦ
1102 3802 1317 3874 Πατρὸς
1366 3801 1759 3875 ἐκπορεύεσθαι
1790 3802 1855 3856 τὸ

271 3896 528 3966 Πνεῦμα,
562 3895 627 3949 ἑκ
654 3894 749 3949 τοῦ
782 3895 916 3949 Υῑοῦ
941 3895 999 3950 δὶ
1026 3894 1322 3966 λαμϐάνειν
1347 3895 1590 3949 διδάσκει
1613 3897 1641 3949 6
1672 3894 1848 3962 ἆγιος.

270 3988 482 4040 Σκόπει
512 3985 573 4040 δὶ
602 3987 696 4040 καὶ
733 3987 815 4040 ὅτι
847 3987 1064 4057 ἀληθῶς
1093 3987 1160 4041 ὲκ
1187 3987 1297 4041 τῶν
1327 3986 1704 4056 εὐαγγελικῶν
1730 3986 1851 4040 τού-

269 4096 382 4133 των
405 4079 623 4150 ῥήσεων
650 4078 922 4132 δείκνυται
951 4082 1013 4132 τὸ
1044 4078 1103 4145 ἐξ
1141 4080 1346 4149 ἀμφοῖν
1369 4075 1511 4133 εἶναι
1536 4079 1597 4133 τδ
1624 4077 1852 4148 Πνεῦμα

268 4170 333 4223 τὸ
366 4170 528 4237 ἇγιον
551 4186 565 4201 ·
602 4169 741 4242 ὅπερ
777 4170 873 4224 καὶ
917 4169 1156 4240 δηλῶσαι
1184 4169 1505 4240 βουλόμενος
1549 4170 1784 4227 ἐνταῦθα
1823 4172 1852 4224 6

269 4260 452 4328 ἅγιος,
517 4258 777 4330 ἀλλήλαις
824 4259 924 4322 τὰς
983 4250 1344 4330 εῦαγγελικάς
1396 4262 1600 4325 ταύτας
1648 4262 1850 4332 προσέ-

270 4349 439 4414 πλεξε
500 4349 709 4419 ῥήσεις.
749 4348 937 4412 Ὅστις
970 4349 1079 4417 γὰρ
1115 4349 1183 4403 ἂν
1230 4348 1340 4403 τῶν
1388 4348 1557 4425 ἀγίωξτ
1607 4349 1854 4419 θελήσειε

271 4442 546 4511 θεολογῶν
597 4442 663 4494 ὲκ
714 4441 924 4512 Πατρὸς
977 4441 1071 4495 καὶ
1124 4439 1258 4494 Υἱοῦ
1310 4439 1552 4512 δηλῶσαι
1606 4435 1747 4494 εἶναι
1792 4441 1855 4493 τὸ

1881 3188 1928 3252 ϐ

1945 2130 2038 2198 qui
2068 2141 2325 2199 operatur
2357 2130 2412 2186 iu
2436 2133 2611 2188 vobis.
2642 2132 3119 2201 Quemadmodum
3183 2139 3330 2193 enim
3368 2154 3523 2193 meus

1948 2218 2098 2277 itaet
2131 2221 2224 2275 Dei
2268 2229 2323 2278 et
2348 2222 2525 2280 Patris
2564 2234 2666 2279 οει.
2710 2244 2729 2278 ι

2338 2409 2347 2417 ,
2445 2356 2529 2411 Ea:
2553 2359 2738 2413 eadem
2769 2360 3028 2428 Epistola.

2026 2486 2210 2545 LVlll-
2253 2509 2272 2543 ι
2318 2490 2505 2561 Neque
2526 2493 2669 2548 enim
2723 2495 2976 2566 angelum
3023 2512 3129 2554 una
3161 2514 3283 2553 cum
3320 2499 3525 2554 Divini-

1959 2599 1979 2634 ‹
2025 2589 2136 2636 tate
2164 2582 2491 2650 collocabat,
2528 2599 2707 2654 neque
2732 2586 2785 2640 in
2819 2597 3068 2645 creatura
3115 2590 3445 2661 sibimetipsi
3470 2604 3524 2647 et

1960 2691 1978 2724 ι
2025 2672 2170 2726 Patri
2225 2687 2325 2728 nos
2377 2676 2760 2746 coniungebat,
2802 2681 2896 2734 sed
2958 2682 3011 2735 in
3044 2681 3249 2751 Spiritu
3307 2693 3520 2747 sancto.

1959 2782 1979 2812 ι
2020 2779 2182 2834 quem
2207 2764 2319 2835 ipse
2345 2770 2686 2836 promittens,
2713 2786 2821 2825 non
2847 2772 2986 2827 dixit
3004 2776 3256 2845 angelqu
3283 2776 3518 2839 mittere.

1961 2874 1981 2908 ι
2015 2854 2393 2926 sedSpiritum
2421 2860 2691 2926 veritatis,
2740 2863 2834 2932 qui
2877 2879 2908 2920 a
2957 2862 3117 2921 Patre
3144 2869 3410 2938 procedit,
3448 2880 3528 2937 _et

1962 2964 1983 2999 ι
2028 2961 2093 3002 ex
2128 2943 2272 3003 Filio
2298 2949 2499 3021 accipit
2527 2959 2581 3007 et
2609 2951 2790 3008 datur.
2835 2973 2854 3008 ι

2531 3157 2953 3217 Animaduersia.

2030 3286 2052 3320 ι
2098 3266 2215 3325 Hoc
2241 3284 2460 3342 quoque
2491 3286 2617 3327 cum
2659 3273 2771 3344 jam
2799 3275 2961 3332 dictis
2987 3279 3308 3343 concordat.
3342 3296 3373 3336 a
3422 3279 3529 3335 Pa—

1959 3377 1978 3410 ι
2014 3367 2095 3415 tre
2125 3360 2349 3431 quidem
2372 3361 2634 3432 Spiritum
2662 3367 2980 3435 procedere,
3016 3384 3081 3423 ex
3115 3369 3256 3425 Filio
3283 3387 3412 3429 vero
3438 3388 3533 3429 ac-

1956 3468 1977 3501 t
2018 3451 2228 3523 cipere,
2256 3461 2316 3537 [et
2345 3454 2460 3510 dari
2490 3466 2712 3514 sanctus
2745 3458 2956 3516 edocet.
3005 3478 3023 3510 ι

2591 3661 2890 3734 Refutatia.

2023 3794 2168 3856 Vere
2195 3798 2416 3870 quidem
2453 3814 2484 3855 a
2522 3797 2687 3854 Patre
2713 3800 3007 3869 procedere
3038 3799 3329 3870 Spiritum,
3366 3819 3396 3858 a
3431 3803 3527 3858 Fi-

1952 3891 2026 3946 lio
2053 3906 2184 3948 vero
2208 3891 2457 3959 accipere
2485 3899 2709 3946 sanctus
2744 3890 2925 3948 docet.
2947 3891 3246 3950 Considera
3271 3909 3435 3963 porro
3470 3906 3529 3950 tu
3592 3898 3599 3907 ‘

1949 3996 2017 4036 ex
2052 3981 2138 4036 his
2178 3982 2507 4049 evangelicis
2554 3982 2714 4037 dictis
2759 3998 2885 4039 vere
2953 3986 3215 4050 ostendt.
3264 3986 3528 4057 Spiritum

1954 4086 2204 4129 sanctum
2233 4089 2300 4129 ex
2330 4084 2558 4144 utroque
2587 4089 2711 4129 esse
2737 4091 2753 4130 :
2787 4074 2933 4145 quod
2971 4090 3097 4131 cum
3134 4077 3223 4134 hic
3251 4079 3528 4133 insinuare

1956 4167 2117 4220 vellet
2165 4176 2412 4231 sanctus,
2470 4166 2584 4220 haec
2640 4166 2950 4237 evangelica
3004 4169 3149 4223 dicta
3215 4170 3357 4224 inter
3405 4186 3528 4226 sese

1957 4258 2321 4328 complicavit.
2362 4255 2689 4326 Quicunque
2743 4258 2889 4313 enim
2920 4272 2988 4313 ex
3034 4259 3316 4326 Patribus,
3350 4260 3530 4330 Spiri«
3568 4254 3573 4261 ”

1957 4363 2071 4405 ιυιιι
2094 4365 2160 4405 ex
2193 4348 2352 4404 Patre
2370 4359 2425 4403 et
2454 4349 2592 4403 Filio
2617 4363 2740 4404 esse
2803 4360 3238 4405 commonstrare
3275 4353 3530 4417 voluerit,

1959 4455 2070 4496 non
2099 4440 2221 4496 aliis
2269 4454 2433 4510 quam
2471 4440 2622 4494 hisce
2661 4439 2989 4511 evangelicis
3022 4441 3352 4499 testimoniis
3399 4461 3533 4500 usus

270 4532 505 4601 Πνεῦμα
529 4571 546 4597 ,
592 4530 743 4602 δηλοῖ
788 4529 946 4585 τοῦτο
1000 4532 1255 4604 μάρτυσι,
1286 4534 1409 4594 ταῖς
1469 4530 1849 4600 εύαγγελικαῖς

1969 4529 2448 4603 demonstraverit.
2496 4529 2564 4584 Et
2594 4544 2900 4585 sermonem
2936 4530 3084 4587 hunc
3140 4548 3319 4588 meum
3356 4535 3411 4589 in
3451 4552 3535 4591 rc-

267 4624 500 4687 ταύταις
532 4626 741 4694 φωναῖς
794 4622 1109 4694 χρώμενος·
1163 4625 1273 4677 Καὶ
1306 4624 1570 4696 συστήσει
1631 4640 1721 4694 μοι
1764 4621 1858 4676 τὸν

270 4717 436 4784 λόγον
490 4717 520 4768 6
580 4716 746 4779 πολὺς
803 4716 873 4770 τὰ
917 4714 1034 4768 θεῖα
1076 4716 1391 4786 Ἐπιφάνιος
1439 4717 1499 4769 ὲν
1556 4708 1638 4778 οἷς
1666 4714 1813 4783 λέγει
1840 4730 1856 4747 ο

277 4826 299 4861 t
347 4806 666 4878 Ἀμφότερα
711 4807 958 4861 κατοικεῖ
1007 4808 1065 4859 έν
1098 4805 1178 4878 τῷ
1219 4805 1492 4876 ἀνθρώπῳ
1539 4805 1618 4875 τῷ
1668 4805 1865 4876 δικαίῳ

268 4904 302 4955 6
346 4898 590 4972 Χριστὸς
643 4899 737 4952 καὶ
790 4899 854 4952 τὸ
917 4897 1140 4969 Πνεῦμα
1181 4897 1367 4951 αὑτοῦ.
1405 4898 1466 4950 Ei
1526 4897 1584 4950 δὲ
1628 4897 1863 4968 Χριετὸς

272 4995 343 5047 ἐκ
390 4989 487 5045 τοῦ
541 4990 757 5062 Πατρὸς
790 4988 1126 5055 πιστεύεται,
1175 4989 1307 5053 Θεὸς
1347 4989 1413 5042 ἐκ
1458 4987 1614 5053 Θεοῦ,
1660 4990 1760 5041 θεαὶ
1802 4988 1863 5040 τὸ

271 5084 506 5155 Πνεῦμα
555 5085 620 5137 ὲκ
652 5082 747 5136 τοῦ
804 5080 1083 5152 Χριστοῦ,
1130 5078 1164 5150 ἢ
1221 5080 1352 5150 παρ’
1400 5080 1750 5150 ἀμφοτέρων,
1784 5077 1862 5143 ὥς

274 5194 445 5251 φησιν
478 5178 507 5230 6
539 5175 772 5248 Χριστός
796 5190 810 5204 ο
844 5193 863 5226 ι
897 5176 963 5228 Ὃ
982 5173 1134 5241 παρά
1163 5173 1258 5226 τοῦ
1304 5171 1517 5242 Πατρδς
1560 5169 1859 5241 ἐκπορεύε-

272 5283 389 5337 ται,
429 5287 449 5320 ι
490 5269 607 5334 καὶ,
641 5287 659 5319 ι
699 5261 851 5330 οὗτος
882 5266 948 5320 ἐκ
974 5263 1069 5318 τοῦ
1098 5264 1232 5335 ἐμοῦ
1277 5263 1531 5335 λήψεται.
1576 5280 1597 5313 ι
1648 5261 1855 5324 Τέωςό

272 5364 387 5425 τοῖς
415 5359 685 5431 παροῦσιν
728 5356 1069 5428 ἐντυγχάνων
1097 5356 1413 5426 ἐπίστησον,
1438 5353 1556 5418 πῶς
1586 5353 1614 5405 ὁ
1644 5354 1700 5407 ὲν
1729 5348 1850 5418 ταῖς

275 5452 418 5522 πρὸς
445 5452 576 5514 τοὺς
617 5448 1003 5520 καδδηναλίους
1027 5446 1329 5512 διαλέξεσιν
1346 5446 1678 5509 ένστατικῶς
1704 5447 1847 5498 πάνυ

274 5543 448 5611 λέγων
491 5544 573 5597 ὅτι
602 5541 685 5607 τὸ,
721 5541 817 5595 Ἐκ
832 5539 927 5594 τοῦ
960 5538 1094 5609 ἐμοῦ
1120 5538 1376 5609 λήψεται,
1406 5540 1543 5610 πρὸς
1569 5538 1631 5591 τὸ
1659 5553 1858 5608 πατρι-

275 5636 369 5689 κδν
406 5635 520 5707 ἔχει
552 5635 843 5707 πρόσωπον
879 5632 978 5705 τὴν
1032 5633 1334 5704 ἀναφορὰν,
1370 5632 1464 5686 καὶ
1502 5632 1622 5702 οὐχὶ
1654 5630 1851 5684 ἑαυτου

345 5816 430 5873 “J
473 5832 566 5874 au.
596 5832 686 5882 xv,
716 5815 804 5869 36.
880 5814 924 5844 ⁸³
949 5814 1078 5867 ibid.
1157 5811 1200 5842 “
1230 5808 1359 5864 ibid.
1397 5825 1504 5876 χνι,
1531 5809 1613 5873 ιιι,
1658 5808 1741 5863 l5.

764 5911 1027 5972 Parrum.
1064 5908 1178 5966 (in.
1211 5904 1415 5968 CXLI.

1958 4624 2062 4678 bus
2089 4621 2291 4679 divinis
2320 4622 2719 4692 pertractandis
2751 4621 2989 4677 eximius
3018 4621 3357 4695 Epiphanius
3378 4641 3535 4682 com-

1957 4714 2291 4784 probaverit,
2321 4728 2448 4768 cum
2487 4712 2681 4769 scribit
2714 4729 2729 4767 :
2763 4730 2785 4766 ι
2823 4712 3067 4784 Utraque
3100 4715 3152 4770 in
3196 4717 3528 4788 homineju-

1960 4813 2047 4860 sto
2088 4800 2337 4861 habitant
2383 4804 2635 4861 Christus
2666 4813 2723 4860 et
2754 4805 2993 4876 Spiritus
3046 4808 3240 4878 ipsius.
3301 4811 3458 4877 Quod
3486 4814 3533 4867 si

1959 4898 2216 4957 Christus
2247 4916 2312 4954 ex
2346 4898 2510 4957 Patre
2540 4899 2786 4955 creditur
2837 4915 2982 4969 esse,
3019 4901 3163 4959 Deus
3190 4916 3259 4958 ex
3293 4906 3424 4970 Deo,
3480 4918 3533 4960 et
3648 4914 3651 4915 ⁷

1968 4991 2205 5061 Spiritus
2237 5007 2303 5047 ex
2340 4990 2582 5058 Christo,
2616 4990 2736 5047 sive
2763 5007 2831 5046 ex
2869 5002 3124 5063 utroque,
3169 5005 3230 5050 ut
3281 4995 3534 5053 Christus
3606 4982 3615 5061 ἱ

1963 5084 2209 5139 insinuat
2240 5105 2254 5139 :
2296 5101 2315 5133 σ
2354 5082 2459 5148 Qui
2495 5098 2525 5137 a
2568 5082 2728 5138 Patre
2761 5085 3004 5152 procedit
3038 5085 3106 5152 "’,
3140 5104 3160 5138 ι
3205 5095 3259 5142 et
3287 5089 3378 5144 hic
3427 5107 3446 5139 ι
3469 5091 3537 5143 de

1966 5189 2087 5228 meo
2118 5174 2349 5243 accipiet
2377 5174 2446 5228 “.
2492 5192 2511 5225 ι
2544 5172 2783 5228 Tandem
2807 5175 2909 5245 qui
2936 5175 3051 5231 haec
3083 5178 3360 5246 percurris
3416 5182 3537 5232 ani-

1964 5280 2111 5319 mum
2152 5263 2443 5329 advortito,
2469 5279 2594 5319 eum
2619 5264 2864 5335 quicum
2899 5265 3269 5323 cardinalibus
3321 5250 3559 5324 instant?

1960 5364 2044 5410 ter
2071 5356 2232 5411 mntis
2262 5358 2618 5419 contendens,
2652 5356 2813 5423 illud,
2869 5355 2946 5410 Ex
3009 5371 3130 5412 meo
3157 5358 3407 5428 accipiet,
3468 5362 3535 5413 al

1964 5443 2140 5502 Patris
2171 5460 2458 5517 personam
2503 5448 2822 5503 relationem
2854 5447 3057 5502 [rabere
3082 5455 3138 5501 et
3185 5461 3296 5503 non
3353 5450 3420 5503 ad
3449 5465 3536 5506 se-

1962 5541 2254 5610 metipsum
2290 5539 2596 5606 ostendere,
2624 5538 2892 5595 dictiones
2914 5539 3123 5595 similes
3185 5541 3530 5610 pronuntiat,

1961 5633 2050 5688 hic
2079 5648 2143 5689 ex
2178 5630 2315 5687 Filio
2349 5631 2611 5702 Spiritum
2666 5633 2916 5702 accipere
2959 5632 3116 5688 lateri
3146 5647 3164 5701 ;
3218 5633 3538 5701 agnoscitu-

3134 5908 3209 5967 16
