4002 6422
260 406 364 476 493

1219 416 1301 478 ΙΝ
1332 411 1729 513 (ΣΑΜΛΤΕΒΞ
1767 410 2521 483 ANIMADVERSIONES.

3404 425 3508 488 (ΞΜ

262 545 286 577 ι
336 524 531 590 Λόγος,
566 522 685 576 ἀλλ’
743 524 874 578 εδιον
905 522 997 576 τοῦ
1042 524 1239 592 Λτεγου,
1293 526 1425 597 παρ’
1462 519 1523 580 οῦ
1556 506 1832 595 διδάμὲνον

1946 545 1960 580 ι
1993 530 2143 594 lium,
2178 531 2271 585 sed
2302 532 2555 601 proprius
2589 506 2770 595 verbi,
2803 546 2833 585 ο
2863 546 2971 602 quo
2994 532 3154 588 datus
3187 547 3216 589 a
3242 539 3510 595 creaturis

273 635 291 667 ι
345 614 639 684 μετέχει-αι
676 614 827 687 παρὰ
855 613 963 666 τῶν
995 618 1334 684 κτισμάτων.
1371 634 1391 667 ι

878 707 1252 761 Ἐπιστασία.

339 817 359 851 ι
410 798 694 869 Πρόσσχες
723 799 786 866 τῇ
814 796 1096 867 θαυμαστῇ
1118 798 1211 850 τοῦ
1232 797 1392 867 ἁγίου
1418 798 1695 868 ἀκριϐείᾳ,
1722 797 1840 859 πῶς

265 906 285 938 ε
338 887 471 940 ἔνθα
494 887 592 957 τὴν
637 887 796 952 παρὰ
824 886 1082 954 πρόθεσιν
1127 885 1222 938 ἐπὶ
1269 886 1363 939 τοῦ
1427 886 1560 951 Ilo?»
1597 886 1826 947 τέθεικε,
1858 944 1871 950 _

260 999 283 1033 ι
325 979 609 1049 διδόμενον
639 972 761 1030 εἷπε
786 976 847 1030 τὸ
876 977 1117 1047 Πνεῦμα.
1160 995 1180 1029 ι

865 1162 1271 1232 Ἀντιζρρησις.

339 1254 410 1310 Ἦ
467 1254 763 1325 θαυμαστὴ
792 1253 885 1306 τοῦ
917 1254 1075 1322 ἁγίου
1104 1255 1356 1324 ἁκρίὸεια
1379 1240 1583 1307 εἰδέναι
1609 1270 1667 1306 σε
1695 1251 1839 1306 θέλει

254 1350 335 1413 ὡς
368 1348 434 1402 τὸ
481 1347 641 1419 παρά
688 1346 784 1399 τοῦ
826 1346 954 1400 Υἱοῦ
993 1346 1271 1414 διδόμενον
1315 1344 1538 1416 Πνεῦμα
1577 1343 1658 1408 ὡς
1690 1344 1843 1414 παρὰ

252 1442 351 1496 τοῦ
387 1441 521 1495 Υἱοῦ
551 1438 793 1510 ὑπάρχον
819 1439 1018 1491 δίδοται
1049 1438 1182 1508 παρ’
1203 1436 1392 1491 αὑτοῦ.

806 1620 910 1674 Ἐκ
940 1621 1052 1690 τῆς
1084 1620 1301 1687 αὐτῆς.

341 1717 463 1773 ΞΒ⁹⁸
503 1736 521 1769 ι
573 1718 641 1770 Ἀ
665 1714 773 1786 γὰρ
805 1716 865 1768 τὸ
905 1715 1127 1784 Πνεῦμα
1164 1715 1377 1783 ἑκάστῳ
1404 1713 1624 1787 διαιρεῖ,
1668 1714 1840 1768 ταῦτα

279 1830 298 1860 ι
370 1809 514 1879 παρὰ
556 1806 652 1860 τοῦ
708 1806 921 1876 Πατρὺς
973 1805 1063 1857 διὰ
1110 1802 1204 1857 τοῦ
1262 1804 1438 1870 Λόγου
1496 1808 1836 1874 χορηγεῑται.

279 1923 295 1951 ι
350 1902 529 1953 Πάντα
554 1898 664 1966 γὰρ
688 1897 758 1949 τὰ
790 1896 884 1948 τοῦ
916 1896 1129 1966 Πατρδς
1175 1895 1267 1949 τοῦ
1296 1894 1426 1948 Υἰοῦ
1453 1897 1592 1949 ἐστι’
1634 1895 1718 1949 διὸ
1743 1895 1840 1948 καὶ

276 2011 294 2043 ι
342 1992 410 2044 τὰ
441 1990 593 2060 παρὰ
656 1987 753 2041 τοῦ
804 1987 938 2040 Υἱοῦ
990 1989 1048 2041 ὲν
1102 1985 1689 2058 Πνελματιδιδόμενα
1734 1985 1829 2040 τοῦ

261 2104 280 2134 ι
332 2083 548 2152 Πατρός
581 2084 699 2134 ἐστι
746 2080 1085 2150 χαρίσματα.
1119 2080 1229 2131 Καὶ
1279 2077 1374 2132 τοῦ
1408 2079 1732 2149 Πηνεύματος
1777 2078 1837 2132 δὲ

263 2193 284 2225 ι
334 2172 497 2235 Suro;
527 2174 585 2225 ἐν
617 2174 770 2242 ἡμῖν,
800 2174 894 2225 καὶ
923 2174 949 2225 ὁ
985 2170 1159 2238 Λόγος
1206 2172 1233 2223 ὁ
1268 2171 1427 2224 τοῦτο
1475 2170 1656 2235 διδούς
1688 2173 1837 2225 ἐστιν

256 2283 279 2316 ί
327 2266 390 2317 ἐν
416 2266 549 2334 ἡμῖν
573 2278 588 2291 '
614 2264 673 2316 ὲν
704 2261 783 2333 τῷ
808 2262 966 2330 Λόγῳ
996 2261 1054 2315 δέ
1089 2265 1236 2316 ἐστιν
1263 2261 1291 2313 ὁ
1323 2261 1536 2333 Πατήρ.
1570 2278 1591 2312 ι

863 2354 1239 2408 Ἐπιστασιά.

319 2470 339 2503 ι
392 2449 679 2520 Πρόσσχες
706 2447 823 2508 πῶς
854 2449 954 2511 τὰς
984 2446 1080 2500 τοῦ
1109 2445 1423 2516 ιίνεύματος
1450 2445 1659 2518 δωρεὰς
1693 2444 1845 2516 παρὰ

259 2561 278 2592 ε
328 2540 430 2593 τοῦ
464 2540 678 2610 Harpe;
706 2538 773 2591 δι’
800 2538 934 2592 Υἱοῦ
964 2538 1114 2606 λέγει
1140 2535 1521 2609 χορηγεῖσθαι.
1569 2556 1588 2589 ι

873 2632 1270 2699 Ἁντίρῤησις.

342 2724 475 2778 Ἐὰν
497 2722 727 2794 ἀληθείᾳ
746 2726 1043 2795 προσσχεῖν
1070 2723 1280 2795 ἐθέλῃς,
1307 2722 1571 2793 ἁκροατὰ,
1597 2722 1714 2787 πῶς
1740 2725 1842 2788 τὰς

251 2816 350 2871 τοῦ
388 2816 718 2887 Πνεύματος
751 2817 964 2888 δωρεὰς
1011 2818 1164 2888 παρὰ
1209 2816 1303 2870 τοῦ
1354 2816 1564 2888 (largo;
1595 2817 1662 2872 δι’
1711 2815 1843 2871 ficii

254 2910 412 2977 λέγει
437 2913 462 2961 ὁ
488 2908 644 2977 ᾶγιος
664 2910 1043 2979 χορηγεῖσθαι,
1076 2908 1159 2962 δεῖ
1192 2926 1252 2960 σε
1278 2912 1598 2981 προσσχεῖν,
1628 2909 1745 2974 πῶς
1774 2911 1845 2966 τὰ

251 3000 616 3071 διαιρούμενα
641 3000 795 3071 παρὰ
838 2998 929 3053 τοῦ
960 2999 1273 3070 Πνεύματος
1307 3003 1522 3070 ἑκάστῳ
1569 3001 1848 3073 χαρίσμα-

254 3112 325 3149 τα
341 3096 496 3164 παρὰ
509 3093 605 3146 τοῦ
635 3092 849 3161 [ἰατρὸς
901 3092 988 3146 διὰ
1008 3092 1102 3146 τοῦ
1133 3094 1306 3162 Λόγου
1333 3094 1442 3147 εἰσὶ
1466 3092 1864 3164 χορηγούμενα.

257 3186 318 3240 Εἰ
355 3186 458 3257 μὲν
491 3186 600 3254 γὰρ
628 3183 783 3256 παρὰ
809 3183 904 3237 τοῦ
937 3184 1152 3255 [ἰατρὸς
1177 3185 1263 3238 διὰ
1288 3184 1383 3238 τοῦ
1405 3184 1578 3251 Λὸ,ου
1614 3186 1834 3254 νοήσεις

254 3275 325 3326 τὰ
356 3250 723 3344 ⁷χαρισμαιεα
750 3250 1154 3354 χορηγούμενα,
1217 3272 1292 3336 ὡς
1331 3270 1424 3326 τοῦ
1465 3250 1832 3343 χορηγοῦντος
1856 3250 1903 3316 C

255 3368 398 3421 αὐτὰ
428 3364 747 3435 Πνεύματος
771 3366 925 3435 παρὰ
963 3365 1176 3434 Πατρὸς
1210 3365 1549 3436 ὑπάρχοντος
1576 3365 1664 3419 διὰ
1682 3364 1836 3432 Υεοῦ,

257 3459 442 3521 καλῶς
473 3458 583 3525 καὶ,
608 3455 874 3525 νουνεχῶς
902 3455 1061 3517 ὄντος
1090 3459 1154 3526 τῇ
1210 3455 1304 3509 τοῦ
1336 3457 1492 3525 ἁγίου
1537 3457 1841 3527 προσέσχες

258 3552 466 3620 ἐννοίᾳ.
520 3548 583 3601 El
613 3547 670 3600 δὲ
701 3547 1078 3617 παρὰ-τοῦτον
1103 3547 1374 3615 τὸνλόγον
1419 3548 1595 3612 ἄλλως
1626 3549 1839 3621 νοήσεις

258 3642 414 3711 παρὰ
444 3639 542 3692 τοῦ
579 3636 789 3707 [ἰατρὸς
839 3637 927 3690 διὰ
978 3636 1075 3690 τοῦ
1107 3636 1238 3691 Υἱοῦ
1281 3639 1351 3693 τὰ
1386 3637 1480 3693 τοῦ
1521 3640 1839 3710 Πνεύματος

260 3726 624 3800 χορηγεῖσθαι
650 3718 990 3799 χαρίσματα,
1024 3729 1118 3781 καὶ
1141 3728 1489 3798 ἀμφοτέρους
1510 3729 1602 3782 τόν
1627 3744 1687 3781 τε
1724 3729 1839 3783 Πα-

257 3827 393 3893 τέρα
433 3822 531 3876 καὶ
561 3821 653 3874 τὸν
693 3819 820 3873 Υίὸν
850 3821 1133 3890 ὑπηρέτας
1154 3824 1255 3892 τῆς
1295 3820 1409 3875 τῶν
1444 3822 1836 3892 πνευματικῶν

259 3918 621 3987 χαρισμάτων
674 3915 891 3985 νοήσεις
936 3913 1237 3982 διανομῆς⁸
1293 3914 1437 3966 κατὰ
1494 3913 1601 3984 γὰρ
1658 3915 1836 3966 πᾶσαν

259 4012 509 4077 ανάγκην
538 4005 616 4078 τῷ
648 4006 790 4076 λόγῳ
820 4005 1189 4077 χορηγοῦν-σαι
1218 4005 1393 4059 ταῦτα
1419 4005 1570 4075 παρὰ
1598 4004 1831 4076 Πατρόςο

259 4099 336 4170 τῷ
375 4098 530 4167 αύτῷ
557 4098 1039 4170 χορηγηθήσονται
1065 4097 1161 4151 καὶ
1180 4089 1272 4149 διὰ
1306 4094 1403 4150 τοῦ
1453 4095 1608 4150 Υἰοῦ.
1643 4097 1755 4150 Καὶ
1783 4099 1835 4150 εἰ

263 4192 360 4259 μὲν
395 4190 551 4260 παρὰ
586 4190 827 4258 ΙΙατρὸς,
868 4188 944 4252 ὡς
992 4187 1088 4242 τοῦ
1127 4186 1447 4257 Πνεύματος
1496 4187 1833 4259 ὑπάρχοντος

261 4280 413 4351 παρὰ
436 4280 532 4333 τοῦ
559 4281 793 4351 Ηατρὸς,
834 4277 1059 4350 εὔδηλον
1086 4279 1170 4332 ὅτι
1207 4279 1301 4332 καὶ⁸
1329 4279 1418 4332 διὰ
1444 4277 1541 4331 τοῦ
1580 4280 1736 4344 Υἱοῦ,
1757 4279 1834 4343 ὡς

256 4370 349 4424 τοῦ
376 4369 701 4439 ιινεύματος
726 4370 1069 4439 ὑπαρχοντος
1096 4368 1186 4422 διὰ
1216 4367 1347 4421 Υῐοῦ
1368 4384 1381 4398 ’
1415 4370 1463 4421 εἰ
1493 4369 1548 4423 δὲ
1578 4369 1668 4425 διὰ
1699 4369 1831 4424 Υῑοῦ

256 4460 617 4533 χορηγεῖσθαι
645 4459 826 4529 λὲγεις
852 4461 1013 4526 αὐτὰ,
1051 4459 1129 4531 μὴ
1158 4460 1491 4532 ὑπάρχοντος
1523 4463 1615 4515 τοῦ
1660 4462 1832 4516 Πνεύ-

1948 640 1966 672 ‹
2014 624 2384 694 partieipatur.
2399 645 2417 676 ι

2514 718 2940 775 Animadversio.

2019 823 2038 855 ι
2070 807 2350 861 Altendito
2381 809 2753 864 admirabilem
2792 812 3235 889 exquisitamque
3275 814 3512 884 hujusce

1950 916 1968 948 ι
2008 898 2184 952 sancti
2230 900 2283 952 in
2337 904 2438 954 hac
2468 917 2526 956 re
2572 906 2922 974 exprimenda
2981 905 3340 976 diligentiam.
3408 908 3509 963 Ubi

1947 1008 1966 1039 ι
2002 991 2148 1042 enim
2184 992 2624 1059 praepositionem
2657 1009 2720 1048 ex
2764 997 3033 1066 apposuit,
3067 998 3184 1052 dari
3243 998 3506 1069 Spiritum

1947 1100 1965 1131 ‹
2006 1081 2164 1136 dixit.
2207 1102 2227 1133 ι

2389 1248 2394 1253 ι
2590 1177 2880 1248 Refutatio.
2947 1210 2952 1213 -
3328 1230 3332 1235 .

2013 1264 2364 1323 Adnuit-altilis
2417 1278 2578 1337 atque
2604 1282 2861 1324 accurata
2911 1270 3084 1325 sancti
3120 1270 3174 1324 in
3219 1287 3276 1324 re
3330 1272 3513 1339 expri-

1942 1358 2138 1412 menda
2166 1359 2465 1428 diligentia,
2512 1362 2562 1414 id
2616 1377 2644 1415 a
2678 1370 2730 1415 te
2763 1376 2868 1416 non
2925 1362 3160 1431 ignorari
3205 1364 3339 1426 vult,
3387 1361 3513 1431 Spi-

1942 1450 2131 1514 ritum,
2195 1452 2290 1519 qui
2361 1467 2390 1506 a
2441 1451 2580 1508 Filio
2638 1453 2819 1520 datur,
2865 1453 3029 1508 veluti
3080 1470 3144 1508 ex
3181 1452 3320 1509 Filio
3372 1455 3518 1509 exsi-

1940 1548 2172 1593 stentem
2194 1541 2458 1596 exhiberi.

2558 1635 2642 1689 Ea:
2701 1637 2906 1690 eadem.

2016 1722 2180 1780 LXll.
2220 1743 2239 1777 ι
2273 1725 2405 1791 Quae
2460 1726 2606 1781 enim
2654 1726 2889 1796 Spiritus
2960 1728 3256 1799 unicuique
3320 1733 3511 1787 distri-

1951 1836 1971 1870 ¢
2004 1818 2143 1885 buit,
2197 1836 2259 1874 ea
2297 1834 2327 1874 ο
2398 1819 2558 1876 Patre
2620 1836 2717 1889 per
2775 1819 2974 1877 Filium
3029 1825 3451 1894 suppeditantur
3498 1847 3512 1881 :

1947 1925 1967 1959 ‹
1999 1910 2183 1962 omnia
2234 1910 2499 1978 siquidem
2536 1909 2713 1965 Patris
2764 1910 2884 1968 Filii
2919 1922 3067 1968 sunt.
3097 1914 3280 1981 Quare
3313 1929 3366 1972 et
3395 1935 3515 1988 qua:

1950 2016 1968 2050 ι
2005 2013 2036 2053 a
2066 1996 2203 2053 Filio
2233 2000 2286 2054 in
2325 2000 2533 2072 Spiritu
2569 2002 2862 2068 donantur,
2897 2003 3072 2061 Patris
3106 2018 3236 2061 sunt
3263 2024 3516 2066 munera.

1947 2109 1966 2144 ι
2004 2090 2070 2147 Et
2113 2091 2350 2163 Spiritus
2382 2109 2508 2155 cum
2544 2095 2729 2151 estin
2760 2096 2938 2164 nobis,
2971 2107 3026 2153 et
3082 2098 3320 2155 Verbum
3363 2101 3516 2158 illum

1948 2204 1967 2238 ι
2001 2187 2265 2245 exhibens
2290 2187 2344 2242 in
2383 2188 2564 2255 nobis,
2602 2189 2658 2244 in
2702 2187 2882 2245 Verbo
2922 2202 3104 2249 autem
3131 2193 3292 2251 Pater
3343 2208 3446 2253 est.
3488 2218 3507 2250 ι

2516 2378 2941 2435 Animadversiu.

2021 2488 2041 2521 ι
2091 2469 2372 2527 Attendito
2412 2467 2647 2555 Spiritus
2679 2489 2905 2529 munera
2932 2490 2961 2529 a
3000 2475 3158 2531 Patre
3189 2493 3282 2548 per
3312 2478 3509 2537 Filium

1856 2548 1880 2564 ‘
1951 2578 1969 2612 ι
2001 2560 2356 2630 suppeditari.
2399 2580 2417 2612 ι

2583 2654 2873 2726 Refutatio.

2020 2744 2078 2802 Si
2115 2762 2237 2805 cum
2287 2750 2516 2811 veritate
2558 2752 2841 2806 attendere
2901 2753 3010 2817 vis,
3042 2770 3077 2809 ο
3104 2757 3340 2825 auditor,
3405 2776 3515 2831 qua

1947 2838 2158 2895 ratione
2188 2839 2428 2911 Spiritus
2475 2859 2701 2903 munera
2729 2860 2760 2899 a
2802 2843 2962 2900 Patre
2996 2863 3092 2917 per
3141 2846 3337 2905 Filium
3382 2868 3517 2908 san-

1948 2940 2069 2989 ctus
2125 2932 2214 2988 hic
2286 2932 2479 2989 doceat
2530 2937 2886 3006 suppeditari,
2947 2940 3334 2998 attendendum
3405 2956 3514 3013 est,

1949 3021 2222 3090 quomodo
2259 3038 2290 3077 a
2331 3023 2538 3094 Spiritu
2568 3027 2799 3096 singulis
2839 3042 3064 3084 munera
3126 3030 3439 3101 distributa,
3482 3054 3512 3091 a

1949 3111 2109 3180 Patre
2139 3130 2235 3183 per
2272 3113 2469 3172 Filium
2500 3119 2937 3188 suppeditantur.
2973 3119 3186 3185 Etenim
3221 3126 3266 3180 si
3297 3141 3327 3180 a
3354 3126 3516 3183 Patre

1935 3218 2031 3274 per
2102 3202 2339 3262 Verbum
2387 3222 2613 3264 munera
2665 3211 2947 3281 suppedita
2995 3214 3348 3285 intellexeris,
3400 3230 3523 3276 tan-

1940 3310 2103 3365 quam
2132 3297 2223 3366 qui
2253 3313 2318 3354 ea
2373 3300 2730 3370 suppeditans
2782 3302 3041 3373 Spiritus,
3099 3307 3258 3364 Patre
3301 3326 3401 3381 per
3429 3312 3520 3367 Fi-

1940 3383 2073 3439 lium
2100 3386 2188 3452 sit,
2222 3386 2360 3442 bene
2389 3391 2611 3460 quidem
2647 3407 2711 3447 ac
2766 3393 3062 3464 prudenter
3092 3412 3274 3454 veram
3337 3408 3512 3460 saneti

1940 3477 2265 3532 sententiam
2295 3492 2584 3536 assecutus
2632 3500 2710 3538 es.
2746 3483 2900 3552 Quod
2936 3491 2980 3546 si
3016 3504 3212 3562 prreter
3235 3496 3375 3550 hanc
3429 3514 3521 3551 ra-

1941 3564 2142 3618 tionem
2169 3567 2329 3622 aliter
2370 3569 2727 3639 intellexeris,
2760 3591 2792 3630 a
2821 3577 2981 3636 Patre
3008 3598 3104 3652 per
3133 3582 3335 3639 Filium
3392 3588 3517 3658 Spi-

1942 3657 2079 3749 ritus
2125 3674 2353 3715 munera
2403 3665 2764 3734 suppeditari,
2827 3680 2885 3725 et
2947 3684 3238 3749 utrumque
3297 3657 3515 3735 Patrem

1940 3738 2135 3818 nbmpe
2162 3760 2216 3803 et
2262 3748 2483 3821 Filium,
2538 3756 2866 3825 spiritalium
2926 3738 3216 3825 munerum
3259 3770 3514 3836 Suppedi-

1939 3839 2160 3896 tationis
2190 3842 2471 3900 ministros
2520 3850 2899 3917 apprehendes
2940 3870 2955 3906 :
2988 3870 3226 3926 namque
3286 3876 3513 3928 prorsus

1939 3934 2273 4001 necessario,
2331 3952 2394 3991 ea
2418 3938 2542 4008 ipsa
2588 3941 2799 3996 ratione
2857 3961 2964 4014 qua
3005 3949 3421 4017 suppeditantur
3479 3972 3510 4008 ιι

1939 4022 2125 4093 Patre,
2182 4029 2373 4083 eadem
2422 4046 2518 4099 per
2559 4030 2756 4088 Filium
2783 4016 3303 4110 suppeditaliutttitr,
3377 4055 3431 4102 et
3464 4049 3510 4100 si

1937 4130 1969 4170 a
2003 4115 2182 4184 Patre,
2242 4120 2317 4173 uti
2377 4120 2579 4192 Spiritu
2621 4125 2916 4184 exsistente
2970 4145 3001 4185 ο
3050 4130 3228 4199 Patre,
3281 4134 3533 4192 manife-'

1936 4217 2081 4261 stum
2130 4218 2210 4261 est
2235 4210 2398 4263 etiam
2435 4226 2529 4279 per
2556 4210 2777 4279 Filium,
2825 4216 2901 4270 uti
2955 4218 3162 4288 Spiritu
3210 4226 3511 4284 exsistente

1935 4313 2030 4367 per
2060 4297 2276 4354 Filium.
2310 4298 2463 4366 Quod
2501 4303 2546 4357 si
2583 4320 2678 4371 per
2705 4303 2899 4361 Filium
2929 4312 3131 4367 asseris
3163 4329 3226 4369 ea
3254 4320 3511 4386 suppedi-

1937 4389 2056 4455 tari,
2096 4405 2200 4443 non
2225 4394 2521 4447 exsistente
2556 4393 2760 4463 Spiritu
2808 4412 2904 4465 per
2950 4397 3365 4462 Filium,tnodis
3390 4421 3514 4461 orn-

1935 4482 2093 4534 niluts
2129 4484 2620 4552 suppeditabuntur
2680 4495 2733 4542 el.
2763 4502 2792 4540 a
2822 4488 3000 4555 Patre,
3034 4491 3236 4562 Spiritu
3280 4512 3386 4550 non
3415 4515 3510 4551 ex-

259 4570 428 4622 ματος
459 4553 551 4606 διὰ
584 4552 737 4620 Υἱοῦ,
786 4554 1008 4616 πάντως
1046 4554 1524 4625 χορηγηθήσονται
1550 4557 1644 4608 καὶ
1676 4559 1829 4627 παρὰ
1862 4588 1900 4642 Β
1935 4573 2160 4625 εἰμιεηιυ
2191 4589 2221 4627 a
2267 4572 2444 4628 [διάη.

2475 4577 2540 4630 Et
2595 4594 2843 4648 qu'mtam
2899 4583 3013 4638 lucc
3053 4589 3191 4640 ratio
3233 4590 3507 4658 assignari

253 4647 348 4699 τοῦ
391 4644 631 4717 Ηατρδς,
678 4646 754 4716 μὴ
810 4644 907 4700 τοῦ
945 4646 1264 4715 Πνεύματος
1311 4647 1648 4718 ὑπάρχοντος
1678 4648 1830 4719 παρὰ

1946 4664 2154 4728 poterit,
2217 4680 2322 4716 non
2385 4666 2565 4736 colligi
2622 4669 2746 4724 inde
2803 4673 2983 4727 servili
3056 4678 3218 4730 modo
3255 4695 3285 4734 a
3344 4679 3506 4737 Patre

255 4737 345 4791 τοῦ
385 4737 620 4808 Πατρός.
646 4739 755 4795 Καὶ
780 4737 862 4800 τίς
908 4736 991 4793 ἔτι
1015 4736 1265 4793 λείπεται
1307 4736 1467 4806 λόγος
1502 4738 1579 4809 μή
1603 4740 1830 4808 συνάγεν

258 4830 380 4882 σθαι
404 4828 668 4883 ἐντεῦθεν
726 4828 1081 4900 ύπηρετικῶς
1122 4828 1273 4897 παρὰ
1296 4829 1516 4901 Πατρός
1554 4831 1649 4886 καὶ
1697 4831 1828 4887 Υἰοῦ

255 4920 321 4975 τὰ
354 4919 708 4991 πνευματικὰ
738 4918 1096 4990 χορηγεῖσθαι
1131 4921 1484 4990 χαρίσματα;

790 5013 893 5065 Ἐκ
932 5009 1043 5080 τῆς
1086 5010 1298 5080 αὐτῆς.

317 5106 434 5162 ΞΓ,
469 5124 490 5158 ι
544 5106 609 5158 Ἤ
636 5111 745 5173 γὰρ
763 5104 1016 5173 διδομένη
1037 5105 1196 5174 χάρις
1223 5106 1316 5156 καὶ
1350 5104 1529 5176 δωρεα
1554 5109 1611 5160 ἐν
1641 5106 1828 5177 Τριάδι

260 5217 277 5251 ι
318 5201 519 5254 δίδοται
534 5198 687 5268 παρὰ
705 5197 800 5250 τοῦ
819 5197 1031 5267 [ἰατρὸς
1046 5195 1115 5249 δι’
1142 5195 1271 5265 Υῑοῦ
1293 5198 1351 5249 ὲν
1367 5198 1643 5269 Πνεύματι
1662 5203 1825 5273 ἁγίῳ.

261 5307 279 5339 ι
322 5293 535 5362 Ὠσπερ
575 5291 682 5365 γὰρ
717 5291 779 5343 ἐκ
804 5288 897 5342 τοῦ
928 5291 1143 5356 Πατρός
1171 5290 1290 5342 ἐστι
1318 5289 1407 5343 διὰ
1459 5291 1588 5346 Υῑοῦ
1619 5295 1651 5365 ή
1687 5295 1828 5347 διδοο

263 5402 280 5434 ι
322 5386 458 5458 μένῃ
493 5386 679 5456 χάρις,
715 5382 887 5445 οὕτως
935 5381 1036 5435 οὐκ
1087 5381 1154 5435 ἂν
1189 5381 1402 5449 γένοιτο
1437 5388 1695 5441 κοινωνία
1728 5389 1827 5458 τῆς

262 5494 278 5527 ι
315 5479 514 5540 δόσεως
543 5479 606 5530 ὲν
630 5477 762 5547 ἡμῖν
788 5477 840 5528 sl
878 5474 954 5545 μὴ
983 5474 1044 5527 ἐν
1073 5472 1153 5542 τῷ
1183 5475 1464 5550 Πνεύματι
1493 5479 1574 5549 τῷ
1603 5480 1763 5550 ἁγίῳ.
1802 5500 1821 5532 ι

856 5570 1243 5629 Ἐπιστασία.

320 5679 340 5713 ι
396 5662 569 5733 Ὁρᾷς
626 5663 907 5732 πανταχοῦ
967 5663 1063 5719 καὶ
1107 5662 1279 5726 αὐτὰς
1311 5660 1412 5726 τὰς
1449 5663 1681 5734 χάριτας
1734 5669 1827 5720 καὶ

260 5766 276 5798 ί
313 5751 528 5826 δωρεὰς
583 5752 676 5807 τοῦ
724 5754 1043 5824 Πνεύματος
1096 5756 1161 5808 ἐκ
1204 5753 1298 5807 τοῦ
1332 5755 1546 5825 Πατρὸς
1588 5754 1655 5808 δι’
1694 5756 1824 5809 Υιοῦ

262 5858 278 5892 t
318 5848 565 5917 γίνεσθαι
601 5847 924 5903 διδάσκοντά
958 5864 1014 5901 σε
1045 5847 1137 5901 τὸν
1166 5848 1356 5916 ἆγιονς
1389 5848 1452 5901 Ei
1479 5848 1612 5917 γοῦν
1639 5852 1694 5902 αξ
1728 5852 1821 5922 χά·

1937 4762 1991 4805 et
2043 4752 2178 4806 Filio
2234 4758 2495 4824 spiritalia
2550 4777 2768 4815 munera
2846 4767 3223 4836 suppeditari?

2552 5038 2637 5094 Ea:
2673 5042 2877 5099 eadem.

2007 5124 2187 5181 LXlll.
2221 5147 2241 5179 ι
2274 5129 2456 5184 Gratia
2495 5131 2764 5201 siquidem
2807 5144 2863 5190 et
2907 5150 3108 5194 munus
3159 5143 3302 5209 quod
3344 5144 3497 5199 datur

1943 5236 1961 5268 ι
2003 5219 2056 5272 in
2093 5217 2378 5288 Trinitate,
2409 5220 2569 5276 datur
2600 5238 2630 5277 a
2662 5224 2821 5283 Patre
2848 5245 2943 5300 per
2980 5232 3177 5288 Filium
3213 5235 3266 5289 in
3299 5235 3503 5305 Spiritu

1943 5324 1962 5356 ι
1999 5316 2209 5361 sancto.
2245 5307 2717 5373 Quemadmodum
2782 5322 2927 5371 enim
2982 5328 3071 5375 est
3118 5338 3181 5377 ex
3219 5320 3379 5377 Patre
3408 5339 3503 5392 per

1944 5416 1964 5448 ‹
2002 5396 2200 5452 Filium
2232 5400 2403 5468 gratia
2439 5401 2586 5469 data,
2622 5404 2695 5460 ita
2719 5409 2870 5463 nulla
2910 5409 3075 5466 fuerit
3106 5415 3343 5470 dationis
3379 5432 3505 5484 gra-

1941 5504 1962 5537 (
2000 5488 2071 5540 tia
2104 5489 2155 5541 in
2184 5489 2339 5544 nobis
2362 5490 2465 5546 nisi
2491 5493 2544 5546 in
2573 5492 2778 5562 Spiritu
2797 5510 3012 5555 sancto.
3049 5520 3068 5552 ι

2506 5585 2927 5643 Animuduersio.

2017 5689 2036 5722 ς
2081 5668 2314 5726 Videsne
2346 5673 2479 5727 locis
2518 5676 2572 5729 in
2609 5678 2860 5733 omnibus
2891 5679 3033 5745 ipsas
3070 5682 3270 5751 gratias
3299 5692 3349 5740 et
3383 5702 3504 5742 mu-
3581 5670 3590 5679 ’

1943 5780 1960 5813 ι
2004 5779 2132 5817 nera
2171 5763 2405 5833 Spiritus
2441 5782 2507 5821 ex
2532 5765 2692 5823 Patre
2727 5785 2821 5838 per
2857 5770 3052 5827 Filium
3078 5774 3192 5829 ﬁeri
3219 5777 3500 5837 docentem

1942 5873 1961 5904 ε
2007 5865 2057 5911 te
2083 5856 2368 5911 sanctum?
2392 5856 2449 5912 Si
2481 5874 2610 5927 ergo
2639 5860 2824 5930 gratiae
2846 5872 2898 5919 et
2929 5879 3154 5921 munera
3178 5883 3287 5924 non
3317 5884 3382 5925 ex
3412 5869 3503 5925 Fi-

3570 5019 3580 5105 ἰ
