4002 6444
426 362 518 427 511

1004 481 1427 539 Animadversio.

501 590 520 621 1
567 572 867 627 considera
903 574 1204 629 mirabilem
1255 576 1449 631 borum
1485 580 1730 634 omnium
1776 593 1994 639 sancto-

432 680 451 712 1
485 677 601 715 rum
622 659 866 731 Patrum,
886 665 1048 718 veluti
1072 682 1176 720 una
1196 671 1804 735 tessera,eoncordiam,
1829 685 1996 730 atten-

430 771 449 803 1
480 752 704 822 ditoque
752 756 821 807 ab
869 756 1122 812 omnibus
1166 757 1299 814 illud
1344 776 1410 814 ex
1450 761 1558 817 Deo
1593 763 1660 817 de
1688 765 1858 819 Patre
1892 781 1984 822 as-

430 864 450 897 1
486 847 672 910 sumi,
723 849 1182 915 quemadmodum
1232 863 1286 905 et
1340 853 1427 907 bic
1483 854 1536 907 in
1568 858 1732 910 rebus
1793 859 1995 913 divinis

431 957 449 988 1
485 940 820 1006 exponendis
856 956 1019 1009 quam
1055 945 1329 999 maximus
1358 946 1597 1016 Cyrillus
1629 949 1683 1003 in
1716 949 1821 1005 hac
1847 952 1995 1020 peri-

432 1046 449 1077 1
488 1042 637 1095 eope,
671 1044 734 1081 ex
766 1027 872 1081 Deo
914 1034 1163 1101 pregredi
1193 1033 1458 1099 Spiritum
1487 1037 1812 1103 decernens,
1846 1048 1900 1095 et
1927 1056 1996 1098 ex

430 1136 449 1168 1
487 1134 573 1184 eo,
604 1130 657 1172 et
690 1120 742 1173 in
773 1135 838 1179 eo
869 1124 1188 1177 naturaliter
1215 1127 1499 1182 exsistere.
1542 1147 1561 1181 1

1066 1214 1359 1282 Refutatio.

498 1306 555 1358 In
615 1306 777 1360 rebus
823 1306 1024 1361 divinis
1066 1310 1419 1378 exponendis,
1478 1326 1637 1381 quam
1696 1313 1995 1371 maximum

424 1395 687 1468 Cyrillum
727 1399 781 1452 in
815 1399 917 1453 hac
953 1401 1204 1469 pericope
1229 1400 1358 1456 illud
1395 1423 1412 1453 1
1448 1419 1512 1457 ex
1548 1404 1654 1459 Dco
1689 1424 1708 1456 1
1745 1407 1811 1460 de
1838 1405 1998 1462 Patre

426 1501 730 1550 assumere,
774 1488 1053 1555 sapienter
1085 1489 1374 1544 admodum
1409 1492 1860 1549 animadvertisti.
1896 1494 1999 1550 Ve-

425 1583 730 1626 rumtamen
762 1572 954 1627 iisdem
1007 1574 1185 1631 verbis
1228 1575 1427 1629 ibidem
1470 1593 1535 1632 ex
1571 1577 1679 1633 Deo
1729 1579 1993 1646 Spiritum

423 1678 546 1717 esse
593 1664 841 1718 eumdem
883 1664 1280 1731 manifeslasse,
1325 1666 1525 1737 quibus
1583 1668 1719 1724 locis
1770 1672 1821 1723 in
1875 1671 1997 1725 aliis

336 1782 353 1797 ο
424 1755 674 1810 ειιιιιάοιη
735 1771 798 1809 ex
852 1754 988 1810 Filio
1009 1772 1129 1811 esse
1159 1761 1993 1825 enuntiaveratnonadnotasti,

1439 374 1646 437 JOAN.
1695 377 1909 439 VECCI
1950 381 2062 442 (ΖΡ.
2106 382 2619 442 ΡΑΤΒΙΛΠΟΠᾸΞ

3561 384 3673 459 512

2682 516 2691 521 ·
2707 490 3086 546 Ἐπιστασία.

2173 604 2193 636 1
2236 585 2378 654 Ὅρα
2401 583 2495 655 τήν
2523 582 2845 654 θαυμαστὴν
2870 583 2979 637 τῶν
3007 581 3281 653 θεοφόρων
3303 585 3509 639 τούτων
3533 586 3673 644 ὅλων

2106 694 2124 725 1
2169 675 2429 744 Πατέρων
2460 669 2570 743 οἷον
2598 675 2675 737 ὡς
2708 676 2771 726 ἐκ
2824 673 3168 743 συνθήματος
3200 675 3544 743 συμφωνίαν,
3576 681 3674 732 καὶ

2106 785 2124 817 1
2173 766 2442 835 πρόσσχες
2474 765 2592 829 πῶς
2616 766 2815 827 πάντες
2839 763 2898 817 τὸ
2926 767 2988 818 ὲκ
3017 764 3149 817 Θεοῦ
3181 764 3275 817 ἐπὶ
3326 763 3422 817 τοῦ
3461 767 3679 836 Πατρἰς

2102 875 2121 907 1
2169 856 2622 925 ὲκλαμῦάνονται,
2656 856 2800 909 καθὰ
2833 855 2927 908 καὶ
2984 847 3140 916 οὗτος
3176 855 3204 906 ὁ
3237 853 3412 917 πολὺς
3450 855 3518 908 τὰ
3549 858 3676 911 Θεῖα

2106 965 2125 999 1
2174 948 2438 1017 Κύριλλος
2468 949 2525 1000 ἐν
2568 949 2635 1018 τῇ
2682 947 2957 1016 περικοπῇ
2987 945 3181 1016 ταύτῃ,
3212 945 3276 998 ὲκ
3317 945 3453 998 Θεοῦ
3486 950 3681 1017 προϊὸν

2103 1058 2123 1092 1
2167 1040 2507 1109 δογματίζων
2537 1039 2597 1092 τὸ
2635 1037 2876 1107 Πνεῦμα,
2910 1038 3004 1091 καὶ
3037 1036 3094 1105 ἐξ
3127 1036 3293 1090 αὐτοῦ
3319 1037 3411 1090 καὶ
3442 1038 3498 1089 ὲν
3524 1037 3679 1106 αὑτῷ

2105 1147 2124 1183 1
2165 1129 2408 1198 φυσικῶς
2437 1128 2705 1199 ὑπάρχον.
2748 1145 2767 1179 1

2697 1219 3085 1288 Ἁντίρῤησις.

2170 1306 2292 1363 Ὀτι
2325 1308 2423 1377 μὲν
2448 1310 2476 1362 ὀ
2513 1308 2680 1370 πολὺς
2706 1308 2776 1361 τὰ
2821 1309 2943 1362 θεῖα
3003 1307 3272 1378 Κύριλλος
3297 1309 3357 1362 ὲν
3409 1312 3475 1382 τῇ
3518 1327 3680 1381 περι-

2098 1401 2241 1469 κοπῇ
2265 1396 2437 1469 Ινύτῃ
2467 1397 2529 1450 τὸ
2560 1416 2580 1450 1
2624 1401 2687 1451 ἐκ
2713 1396 2847 1451 Θεοῦ
2896 1397 2989 1450 ἐπὶ
3014 1397 3111 1450 τοῦ
3160 1399 3371 1467 Πατρὸς
3397 1401 3682 1469 ἐκλαμϐά-

2099 1507 2272 1553 νεται,
2315 1489 2701 1559 ἐπιστημόνως
2752 1489 3066 1560 ἐπέστησας
3086 1505 3102 1519 ·
3157 1490 3241 1544 ὅτι
3270 1491 3326 1543 δὲ
3356 1492 3422 1543 δι’
3453 1491 3681 1544 ἐκείνων

2097 1581 2207 1634 τῶν
2233 1580 2449 1646 λέξεων,
2485 1581 2548 1633 ἐκ
2574 1580 2710 1632 Θεοῦ
2741 1576 2884 1632 εἶναι
2916 1581 2975 1633 τὸ
3008 1580 3234 1650 Πνεῦμα
3264 1582 3498 1636 ἐνταῦθα
3548 1584 3682 1654 ἐδή-

2098 1670 2260 1735 λωσε,
2297 1671 2365 1724 δι’
2393 1666 2469 1726 ῶν
2500 1673 2557 1723 ὲν
2587 1670 2767 1734 ἄλλοις
2823 1671 3095 1742 δεδήλωκε
3148 1674 3230 1738 τὸ,
3281 1675 3341 1737 ἐξ
3373 1675 3504 1727 Υίοῦ
3539 1670 3684 1729 εῖναι

2100 1761 2252 1828 αὐτὸ,
2284 1762 2346 1814 οὐ
2395 1763 2742 1831 προσέσχεςή
2767 1761 2888 1814 οὐδὲ
2936 1762 3265 1831 ἐπέστησας.
3299 1763 3362 1816 Ὅ
3393 1764 3505 1833 γὰρ
3527 1765 3685 1831 ἅγιος
3767 1791 3780 1801 '

425 1861 596 1915 neque
628 1846 1083 1903 animadvertisti.
1113 1834 1350 1906 Sanctus
1388 1852 1533 1906 enim
1574 1853 1626 1907 in
1667 1854 1767 1908 bac
1794 1870 1858 1908 ex
1894 1854 1992 1908 Dee

2109 1848 2343 1904 ἐνταῦθα
2373 1852 2437 1904 ἑκ
2470 1851 2607 1903 Θεοῦ
2640 1850 2827 1921 προϊὸν
2848 1850 3195 1920 δογματίζων
3224 1854 3284 1903 τὸ
3311 1852 3553 1921 Πνεῦμα,
3587 1853 3682 1906 καὶ
3704 1887 3725 1895 -

424 1933 675 2004 progredi
714 1935 978 2004 Spiritum
1013 1937 1334 2003 decernens,
1360 1948 1409 1993 et
1442 1956 1507 1993 ex
1542 1955 1629 2005 eo,
1657 1950 1710 1995 et
1732 1941 1784 1993 in
1810 1956 1875 1994 eo
1902 1959 1998 1995 na-

426 2027 676 2079 turaliter
705 2042 845 2089 esse,
879 2027 1013 2080 locis
1050 2028 1101 2080 in
1139 2027 1264 2082 aliis
1308 2043 1372 2081 ex
1405 2026 1542 2082 Filio
1579 2030 1831 2099 progredi
1859 2038 1992 2084 etex

416 2118 543 2186 ipso
578 2124 631 2171 et
663 2118 717 2170 in
751 2117 872 2184 ipso
916 2119 1243 2172 naturaliter
1282 2134 1403 2174 esse
1444 2119 1696 2184 alﬁrmat,
1728 2136 1835 2174 non
1867 2122 2003 2178 alias

422 2209 711 2284 dictiones,
739 2225 859 2263 cum
893 2209 959 2263 de
997 2210 1103 2262 Deo
1133 2225 1312 2265 sermo
1377 2211 1458 2275 ﬁt,
1502 2220 1555 2265 et
1598 2213 1753 2279 alias,
1783 2228 1905 2267 cum
1935 2214 2004 2268 de

426 2300 584 2361 Filio,
611 2314 898 2367 usurpans.
925 2300 1117 2352 Annon
1154 2300 1442 2356 manifeste
1466 2302 1705 2357 inculcat
1736 2319 1898 2357 unam
1935 2313 1993 2358 et

422 2390 666 2445 eamdem
687 2390 920 2460 Spiritus
939 2392 1315 2447 exsistentiam
1339 2398 1459 2448 cSSe
1475 2409 1540 2448 ex
1564 2393 1725 2449 Patre
1749 2406 1803 2449 et
1827 2394 2003 2451 ῖειίοἳ

1048 2486 1132 2541 Ea;
1164 2488 1372 2544 iisdem.
1557 2540 1570 2544 _
1944 2486 1949 2491 ’

493 2576 775 2631 LXXXI".
791 2577 893 2631 «Ex
917 2578 1025 2632 Deo
1046 2579 1307 2648 Spiritum
1332 2590 1584 2635 sanctum
1601 2598 1720 2638 esse
1738 2583 1994 2651 dicimus,

427 2687 446 2721 1
487 2683 539 2725 et
566 2672 639 2725 ita
690 2673 982 2727 credimus.
1017 2671 1216 2726 Verum
1255 2674 1345 2741 qui
1401 2674 1466 2728 ad
1505 2675 1994 2744 blasphemanlum

429 2781 447 2811 1
485 2764 859 2814 tantummodo
908 2778 1144 2816 maxime
1204 2765 1455 2833 propensi
1493 2775 1640 2826 sunt,
1689 2776 1742 2820 ct
1776 2769 1984 2837 reliqua

428 2871 444 2903 1
481 2855 660 2905 omnia
694 2869 758 2907 ex
797 2853 902 2906 Deo
938 2855 1198 2922 producta
1238 2871 1359 2911 esse
1404 2868 1682 2923 asserunt,
1715 2860 1987 2923 scribente

426 2962 443 2993 1
483 2942 648 2996 Paulo
679 2962 701 3015 ιχ
727 2963 744 2994 1
785 2944 933 3000 Unus
970 2944 1111 3000 Deus
1169 2947 1349 3014 Pater,
1396 2964 1461 3002 ex
1496 2966 1605 3018 quo
1637 2953 1820 3006 omnia
1850 2953 1920 3008 ".
1963 2972 1981 3006 1

424 3053 444 3084 1
490 3034 546 3088 ΕΙ
578 3035 657 3088 sic
687 3037 1003 3090 existimant
1052 3053 1110 3091 se
1159 3054 1318 3108 posse
1352 3040 1620 3110 refellere,
1655 3058 1721 3098 ex
1753 3048 1987 3100 essentia

2106 1941 2167 2005 ἐξ
2210 1930 2383 1994 αὐτοῦ
2422 1942 2515 1995 καὶ
2566 1943 2624 1994 ὲν
2671 1941 2820 2011 αὐτῷ
2878 1942 3123 2011 φυσικῶς
3173 1942 3438 2013 ὑπάρχον,
3491 1943 3682 2011 προϊὸν

2108 2031 2241 2084 αὐτὸ
2268 2031 2582 2098 δογματίζει
2607 2032 2665 2084 ἐν
2695 2031 2875 2094 ἄλλοις
2898 2033 2962 2085 ἐκ
2992 2031 3086 2084 τοῦ
3123 2032 3273 2097 Υἰοῦ,
3303 2036 3399 2086 καὶ
3428 2032 3487 2098 ἐξ
3515 2031 3684 2086 αὑτοῦ
3720 2064 3725 2073 ι

2111 2120 2205 2172 καὶ
2237 2121 2294 2171 ἐν
2322 2118 2474 2191 αύτῷ
2501 2121 2747 2189 φυσικῶς
2773 2120 3042 2191 ὑπάρχον.
3073 2121 3187 2174 Οὐκ
3212 2121 3399 2185 ἄλλαις
3444 2123 3578 2189 γοῦν
3603 2124 3678 2183 είς

2107 2209 2168 2263 τὸ
2204 2213 2267 2263 ὲκ
2312 2209 2448 2263 Θεοῦ
2480 2209 2766 2281 χρώμενος
2819 2208 3020 2276 λέξεσι,
3076 2213 3168 2264 καὶ
3200 2211 3389 2274 ἄλλαις
3420 2214 3501 2275 εις
3529 2214 3591 2266 τὸ
3623 2215 3682 2274 ἐξ

2111 2298 2266 2364 Υίοῦ,
2287 2299 2404 2363 πῶς
2428 2299 2489 2352 οὐ
2506 2300 2789 2371 προδήλως
2810 2300 2937 2371 μίαν
2960 2301 3053 2355 καὶ
3086 2301 3185 2371 τὴν
3200 2300 3369 2371 αὐτὴν
3398 2303 3496 2355 τοῦ
3519 2302 3686 2359 [Lsti-

2112 2406 2281 2465 ματος
2313 2392 2639 2463 παρίστησιν
2671 2382 2904 2463 ὓπαρξιν
2931 2396 2994 2447 ὲκ
3019 2377 3235 2466 ’Πατρὸς
3267 2396 3365 2449 καὶ
3392 2394 3570 2460 Υίοῦς

2458 2487 2569 2542 Τοῦ
2608 2488 2798 2542 αὐτοῦ
2829 2488 2899 2543 ἐκ
2951 2487 3073 2542 τῶν
3104 2487 3326 2564 αὐτῶν.

2167 2580 2295 2634 ΠΓ.
2327 2599 2345 2632 1
2400 2579 2495 2633 Ἐκ
2524 2580 2660 2633 Θεοῦ
2686 2579 2745 2633 τὸ
2774 2578 2998 2649 Πνεῦμα
3023 2579 3082 2632 τὸ
3115 2578 3273 2648 ἅγιον
3301 2575 3439 2633 εἷναί
3470 2597 3687 2650 φαμεν,

2099 2687 2120 2722 1
2164 2670 2258 2725 καὶ
2290 2669 2433 2723 οὕτω
2467 2669 2819 2740 πιστεύομεν.
2867 2669 3010 2722 Ἀλλ’
3042 2670 3092 2721 οἱ
3114 2670 3249 2741 πρὸς
3285 2670 3446 2738 μόνον
3470 2671 3530 2722 τὸ
3556 2670 3684 2722 δυσ-

2100 2780 2119 2815 1
2162 2765 2366 2831 φημεῖν
2392 2761 2752 2831 ἑτοιμότατοι,
2780 2759 2874 2813 καὶ
2899 2759 3069 2814 τᾶλλα
3116 2760 3299 2814 πάντα
3325 2760 3389 2812 ὲκ
3419 2759 3558 2812 Θεοῦ
3591 2777 3685 2828 γε·

2098 2871 2117 2906 1
2162 2854 2345 2907 νέσθαι
2378 2856 2530 2922 φασὶ,
2559 2854 2652 2908 τοῦ
2686 2853 2899 2908 Παύλου
2928 2853 3231 2925 γράφοντος
3260 2865 3275 2884 ⁸
3311 2872 3331 2905 1
3372 2849 3466 2918 Εἷς
3494 2855 3628 2917 Θεὸς
3655 2858 3685 2909 ὁ

2099 2961 2121 2997 1
2164 2947 2376 3015 Πατήρ,
2402 2946 2460 3012 ἐξ
2486 2940 2546 2999 οὗ
2571 2948 2639 3001 τὰ
2662 2948 2861 3002 πάντα.
2885 2965 2904 2998 1
2941 2943 3075 2999 Εἶτα
3097 2947 3383 3016 νομίζουσι
3412 2948 3680 3001 δύνασθαι

2104 3055 2123 3090 1
2167 3038 2497 3108 ἀνατρέπειν
2525 3038 2584 3092 τὸ
2613 3040 2678 3092 ὲκ
2706 3039 2806 3108 τῆς
2833 3038 3023 3101 οὐσίας
3054 3032 3196 3092 εἶναι
3238 3038 3334 3092 τοῦ
3367 3040 3583 3111 Πατρὸς
3618 3043 3683 3094 τὸ

423 3144 442 3174 1
487 3126 664 3180 Patris
707 3126 973 3196 Spiritum
1008 3145 1152 3193 esse,
1180 3132 1325 3199 quod
1356 3142 1410 3187 et
1450 3133 1517 3187 de
1548 3137 1816 3190 creaturis
1845 3138 1992 3194 dica-

2109 3146 2122 3180 1
2170 3128 2416 3197 Πνεῦμα,
2440 3129 2527 3183 διὰ
2553 3129 2611 3182 τὸ
2634 3130 2895 3201 φέρεσθαι
2923 3130 3017 3183 καὶ
3046 3130 3189 3184 κατὰ
3210 3129 3319 3185 τῶν
3352 3133 3681 3203 ποιημάτων

425 3238 443 3268 1
484 3229 572 3272 1111·
599 3220 725 3272 illud
763 3236 828 3273 ex
881 3235 1014 3290 quo.
1045 3224 1187 3291 quod
1234 3224 1301 3278 de
1349 3224 1555 3294 Spiritu
1588 3237 1880 3296 assertum,
1927 3247 1989 3285 ex

425 3331 443 3362 1
482 3314 719 3367 essentia
755 3312 906 3366 illum
954 3315 1271 3369 naturaliter
1314 3318 1577 3372 exsistere
1628 3319 1988 3378 demonstrat.

428 3424 446 3455 1
483 3404 692 3469 Quibus
718 3404 765 3459 fa
806 3406 875 3459 ile
908 3407 1227 3475 responderi
1273 3411 1489 3477 poterit,
1538 3411 1700 3465 etiam
1738 3418 1885 3481 eum:
1924 3415 2020 3471 de'

425 3514 443 3545 1
487 3494 623 3549 Filio
674 3510 855 3550 sermo
897 3496 1152 3561 habetur,
1200 3500 1418 3568 proprie
1453 3499 1572 3555 Filii
1625 3519 1820 3557 nomen
1861 3505 1990 3572 dici,

427 3607 445 3637 1
488 3588 633 3656 quod
677 3587 744 3641 de
783 3587 1098 3653 hominibus
1144 3590 1371 3646 abusive
1406 3602 1585 3648 tamen
1615 3595 1936 3651 enuntiatur
1972 3616 1987 3653 :

429 3700 446 3731 1
488 3696 591 3734 non
644 3682 973 3752 enim'quol
1020 3698 1116 3753 per
1147 3683 1505 3750 additionem,
1539 3694 1593 3740 et
1624 3703 1719 3757 per
1750 3689 1978 3757 gratiam

426 3792 445 3822 1
487 3771 812 3839 applicatur,
863 3772 1144 3828 subvertet
1193 3789 1319 3828 eum
1365 3776 1455 3845 qui
1510 3777 1638 3831 illud
1672 3779 1994 3834 naturaliter

424 3883 443 3913 1
487 3862 746 3930 possidet.
782 3861 904 3918 Pari
938 3865 1101 3919 modo
1131 3865 1263 3921 illud
1300 3882 1363 3922 ex
1399 3868 1528 3934 alio,
1572 3885 1697 3924 cum
1732 3872 1798 3926 de
1838 3887 1993 3927 crea-

424 3977 443 4009 1
482 3958 622 4013 turis
671 3959 1023 4027 praedicatur,
1052 3973 1159 4012 non
1192 3968 1269 4013 att
1290 3961 1443 4015 raltet
1477 3961 1541 4015 ad
1577 3963 1851 4031 propriam
1894 3965 1994 4017 bu-

425 4070 445 4100 1
487 4051 766 4106 militatem
819 4062 873 4106 et
910 4052 1555 4119 eonsubstantialitatem,
1598 4057 1991 4111 sublimitatem

425 4162 442 4193 1
483 4157 547 4196 ac
576 4142 833 4196 deitatem
862 4143 1105 4212 Spirittfs
1133 4164 1146 4197 :
1180 4148 1273 4200 sed
1294 4147 1535 4200 manebit
1568 4146 1789 4215 quidem
1815 4150 1869 4202 in
1899 4148 1992 4203 illo

426 4251 443 4282 1
482 4235 699 4302 proprie
725 4233 856 4287 illud
886 4250 950 4288 ex
980 4236 1109 4300 alio,
1151 4238 1294 4305 quod
1331 4254 1394 4290 ex
1422 4240 1656 4293 essentia
1685 4238 1865 4297 Patris
1888 4253 1991 4305 est,

422 4343 441 4375 1
484 4325 855 4395 progredimur
879 4342 1010 4382 vero
1034 4328 1088 4381 111
1121 4328 1230 4391 illa,
1251 4329 1394 4398 quod
1422 4347 1484 4383 ex
1521 4330 1649 4392 Deo,
1686 4349 1807 4401 qum
1834 4343 1940 4386 ant.
1963 4350 1990 4388 a

425 4436 444 4467 1
482 4431 587 4469 non
625 4426 799 4485 erant,
858 4426 916 4473 ιιι
970 4420 1086 4475 sint
1132 4421 1393 4490 producta
1439 4432 1588 4487 Sunt,
1647 4440 1741 4493 per
1796 4423 1990 4480 Filium

424 4526 447 4560 1
482 4509 705 4564 scilicet.
745 4528 765 4562 1

995 4601 1416 4658 Animadversio.

497 4708 515 4741 1
558 4690 767 4746 Habeto
824 4691 919 4746 tibi
970 4701 1127 4747 antea
1188 4695 1408 4764 digesta:
1461 4695 1740 4765 pericopes
1781 4712 1845 4750 ex
1895 4697 1999 4753 bac

416 4803 443 4834 »1
480 4785 922 4839 declarationem.
969 4782 1212 4839 Obscure
1242 4786 1385 4840 enim
1418 4787 1469 4839 in
1502 4787 1589 4840 illa
1628 4789 1988 4853 insinuatum,

421 4895 438 4926 1
478 4891 546 4928 ex
580 4873 692 4929 Deo
742 4873 1001 4943 Spiritum
1053 4875 1323 4945 progredi,
1377 4886 1431 4928 et
1483 4891 1544 4929 ex
1607 4890 1672 4929 eo
1729 4887 1779 4930 et
1824 4880 1875 4930 in
1929 4895 1993 4931 eo

422 4987 440 5018 1
480 4982 644 5030 esse,
699 4965 802 5021 ista
868 4966 1189 5030 declarans,
1244 4983 1310 5021 ex
1353 4969 1588 5022 essentia
1646 4967 1825 5025 Patris
1873 4984 1996 5026 esse

421 5059 661 5114 (door-t.
703 5077 722 5110 1

1069 5152 1360 5220 Refutatio.

490 5245 546 5297 Si
583 5245 906 5313 exquisitam
960 5261 1122 5313 supra
1160 5244 1384 5312 digesta:
1416 5243 1696 5313 perieopes
1734 5243 1986 5298 declara-

416 5337 616 5390 tionem
667 5337 865 5391 babcre
929 5337 1023 5390 tibi
1060 5336 1112 5389 in
1177 5337 1360 5388 animo
1402 5344 1503 5399 est,
1543 5335 1814 5407 attendito
1861 5352 1990 5389 san-

417 5434 593 5488 clnm,
630 5441 752 5479 cum
804 5441 996 5478 rursus
1039 5440 1100 5478 ev
1135 5422 1294 5478 Patre
1328 5425 1564 5494 Spiritus
1606 5427 1983 5480 exsistentiam

419 5516 505 5569 b'ac
536 5515 872 5580 manifestat,
915 5529 980 5569 ex
1016 5515 1252 5570 essentia
1278 5514 1454 5569 Patris
1478 5532 1601 5570 cum
1628 5532 1749 5571 esse
1775 5516 1989 5583 timere,

416 5607 722 5663 iummeris
744 5622 874 5661 vero
904 5622 1069 5680 prope
1109 5607 1160 5663 in
1197 5608 1328 5665 locis
1370 5624 1592 5665 suorum
1643 5606 1990 5662 (Σο-ηδιριιιίι-

495 5786 541 5813 ⁷⁸
568 5782 586 5835 l
617 5784 745 5840 Cor.
779 5801 898 5847 vtlt,
932 5785 963 5839 4

2100 3237 2120 3273 1
2160 3219 2239 3285 τὸ,
2271 3220 2330 3284 ἐξ
2357 3211 2439 3286 οῦ,
2498 3221 2634 3290 ὅπερ
2666 3221 2758 3274 ἐπὶ
2796 3219 2889 3273 τοῦ
2930 3220 3254 3292 Πνεύματος
3312 3223 3589 3292 κείμενον,
3617 3228 3683 3279 ὲκ

2100 3329 2118 3361 1
2162 3311 2259 3380 τῆς
2303 3311 2493 3374 οὐσίας
2555 3311 2688 3363 αὐτὸ
2732 3311 2983 3380 φυσικῶς
3028 3312 3271 3382 ὑπάρχον
3317 3314 3684 3370 ἀποδεικνύει.

2100 3422 2119 3455 1
2175 3402 2314 3456 Ἀλλ’
2339 3402 2452 3456 ἔστι
2483 3402 2619 3475 πρὸς
2643 3402 2801 3456 τοῦτο
2824 3403 3005 3470 λέγειν
3058 3404 3139 3456 ὅτι
3167 3405 3260 3457 καὶ
3288 3405 3374 3473 ἐφ’
3406 3405 3537 3458 Υίοῦ
3583 3424 3682 3460 κυ-

2106 3512 2125 3545 1
2171 3493 2303 3565 ριως
2336 3494 2435 3564 μὲν
2466 3497 2645 3549 κεῖται
2693 3495 2754 3547 τὸ
2785 3495 2911 3559 Υἱὸς
2946 3494 3138 3566 ὄνομα,
3172 3500 3350 3553 κεῖται
3381 3496 3435 3549 δὲ
3472 3499 3568 3550 καὶ
3595 3497 3681 3551 ἐπ’

2102 3603 2122 3636 1
2164 3584 2470 3656 ἀνθρώπων
2496 3586 2976 3658 καταχρηστικῶς,
3016 3588 3111 3640 καὶ
3139 3590 3199 3640 ού
3236 3588 3413 3658 δήπου
3444 3588 3505 3641 τὸ
3535 3589 3682 3642 θέσει

2102 3695 2122 3728 1
2165 3677 2274 3732 τινὶ
2306 3676 2404 3730 καὶ
2451 3677 2593 3730 κατὰ
2627 3677 2787 3748 χάριν
2818 3677 3219 3749 προσκείμενον
3264 3679 3564 3749 ἀνατρέψει
3593 3682 3682 3732 τὸν

2103 3787 2123 3820 1
2169 3766 2363 3837 ἔχοντα
2389 3768 2658 3836 φυσικῶς.
2689 3766 2846 3822 Οὕτω
2883 3771 2979 3821 καὶ
3007 3768 3067 3821 τὸ
3096 3766 3156 3833 ἐξ
3202 3762 3264 3821 οῦ
3298 3770 3407 3823 τῶν
3437 3773 3679 3840 ποιημάο

2104 3879 2123 3913 1
2168 3878 2277 3913 των
2300 3859 2778 3931 κατηγορούμενον
2827 3860 2889 3913 οὐ
2920 3859 3165 3912 κατοίσει
3195 3859 3330 3929 πρὸς
3355 3860 3452 3929 τὴν
3476 3860 3682 3914 οἰκείαν

2100 3970 2121 4005 1
2161 3952 2496 4005 ταπείνωσίν
2520 3968 2579 4005 τε
2605 3953 2702 4006 καὶ
2732 3951 3130 4021 ὀμοουσιότητα
3157 3951 3218 4004 τὸ
3241 3950 3337 4004 τοῦ
3364 3951 3683 4023 Πνεύματος

2100 4061 2119 4095 1
2160 4043 2362 4116 ὑψηλόν
2404 4062 2463 4100 τε
2495 4045 2590 4096 καὶ
2619 4044 2834 4097 Θεῖκόν·
2863 4043 3000 4097 ἀλλὰ
3033 4045 3184 4114 μενεῖ
3218 4043 3318 4112 μὲν
3367 4043 3518 4114 αύτῷ
3580 4060 3679 4097 xu-

2046 4158 2050 4163 -
2099 4154 2118 4187 1
2168 4138 2300 4207 pini;
2323 4137 2384 4189 τὸ
2412 4135 2471 4203 ἐξ
2499 4130 2583 4203 οῦ,
2616 4136 2704 4189 διὰ
2732 4135 2794 4189 τὸ
2823 4137 2887 4188 ὲκ
2913 4134 3013 4204 τῆς
3045 4135 3230 4198 ούσίας
3262 4132 3406 4189 εἷναι
3432 4134 3526 4188 τοῦ
3572 4138 3681 4189 Πα-

2101 4245 2119 4278 1
2166 4228 2312 4297 τρὸς,
2339 4228 2585 4299 χωρήσει
2616 4229 2672 4281 δὲ
2726 4227 2821 4287 καὶ
2866 4227 2954 4279 ἐπ’
2992 4228 3196 4291 ἐκεῖνα,
3232 4226 3322 4279 διὰ
3352 4227 3410 4278 τὸ
3452 4229 3514 4278 ἐκ
3548 4224 3679 4284 Θεοῦ

2105 4336 2124 4368 1
2168 4319 2303 4390 πρὸς
2354 4321 2413 4373 τὸ
2459 4317 2600 4374 εἶναι
2656 4319 2724 4374 τὰ
2756 4321 2856 4374 οὐκ
2889 4321 3015 4373 ὄντα
3049 4320 3304 4391 δραμεῖν,
3338 4318 3405 4373 δι’
3436 4319 3564 4372 Υίοῦ
3590 4319 3680 4391 I31;-

2104 4428 2121 4461 1
2162 4411 2317 4481 λαδή.
2363 4431 2381 4464 1

2702 4597 3084 4652 Ἐπιστασία.

2177 4705 2196 4739 1
2238 4688 2404 4758 Δέχου
2437 4688 2538 4757 τὴν
2588 4688 2687 4759 τῆς
2748 4687 3127 4758 προλαϐούσης
3160 4687 3471 4758 περικοπῆς
3507 4688 3679 4757 σαφή-

2103 4798 2120 4830 1
2164 4796 2311 4832 νειαν
2339 4779 2447 4831 ἀπὸ
2474 4779 2697 4851 ταύτης.
2733 4782 2798 4833 Ὃ
2821 4780 2929 4850 γὰρ
2958 4779 3179 4846 ἀσαφῶς
3202 4780 3385 4851 ἐκείνη
3413 4779 3673 4845 ἐδέδαξεν,

2102 4889 2120 4922 1
2167 4872 2230 4924 ἐκ
2260 4870 2395 4923 Θεοῦ
2429 4874 2616 4940 προϊὸν
2646 4874 2706 4925 τὸ
2758 4873 2980 4942 Πνεῦμα
3015 4872 3270 4941 λέγουσα,
3305 4871 3400 4925 καὶ
3434 4873 3493 4939 ἐξ
3524 4871 3684 4926 αὐτοῦ

2104 4979 2125 5012 1
2168 4962 2261 5014 καὶ
2294 4965 2351 5015 ἐν
2403 4964 2551 5034 αὐτῷ
2609 4964 2876 5035 ὑπάρχον,
2912 4962 3073 5017 τοῦτο
3117 4963 3493 5034 σαφηνίξουσα
3522 4964 3683 5035 αῦτη,

2104 5072 2123 5104 1
2169 5056 2233 5106 ἐκ
2264 5053 2358 5121 τῆς
2391 5053 2577 5117 οὐσίας
2613 5050 2753 5106 εἶναι
2777 5052 2871 5107 τοῦ
2899 5054 3114 5124 Πατρὸς
3146 5054 3409 5109 διδάσκει.
3449 5072 3469 5106 1

2359 5205 2364 5209 ε
2711 5144 3101 5215 Ἀντιγδρησίς.

2169 5238 2343 5308 Εἴπερ
2377 5235 2621 5304 ἀκριϐῶς
2676 5236 2857 5306 βούλει
2902 5237 2999 5306 τὴν
3038 5235 3140 5305 τῆς
3174 5233 3555 5305 προλαόούσης
3587 5250 3685 5285 πε-

2101 5330 2335 5401 ρικοπῆς
2357 5331 2655 5400 σαφήνειαν
2676 5327 2953 5393 δέξασθαι,
2986 5328 3257 5396 πρόσσχες
3283 5327 3366 5380 ὃτι
3383 5325 3483 5395 τὴν
3504 5328 3567 5378 ἐκ
3592 5323 3685 5378 τοῦ

2100 5422 2314 5492 Πατρὸς
2365 5422 2460 5475 καὶ
2508 5420 2670 5474 πάλιν
2713 5420 2886 5490 δηλῶν
2922 5418 3151 5490 ὓπαρξιν
3203 5418 3297 5471 τοῦ
3363 5417 3686 5486 Πνεύματος

2100 5514 2336 5568 ἐνταῦθα
2386 5515 2411 5566 ὁ
2467 5515 2645 5580 iitum,
2682 5514 2743 5565 ἐκ
2775 5513 2873 5580 τῆς
2909 5511 3097 5573 οὐσίας
3130 5507 3266 5562 εἶναι
3327 5508 3421 5562 τοῦ
3476 5507 3685 5577 Πατρὶς

2103 5606 2345 5660 διδάσκει
2379 5588 2506 5659 tat-3:.
2570 5603 2855 5676 Μιρίαχοῦ
2891 5603 2945 5656 δὲ
2980 5602 3088 5655 τῶν
3118 5601 3295 5657 ἄλλων
3325 5596 3685 5672 συγγραμμάο
