4002 6440
414 376 508 408 επ

410 398 515 437 ὖὲ)

1456 364 1671 429 ΙΟΑΝ.
1710 363 1924 427 ΥΕΟΕΙ
1962 360 2075 422 CP.
2118 353 2628 419 PATRIARCHA‘I

3545 332 3668 416 τίδ’

405 498 544 551 tum,
577 487 629 539 in
668 485 832 539 aliaat
857 492 1023 554 atque
1068 472 1231 537 aliam
1275 485 1601 537 sententiam
1644 480 1979 548 detorquere

2096 472 2333 542 Πνεῦμα,
2367 472 2468 524 οὐκ
2499 472 2619 542 αἰδῇ
2650 471 2729 533 είς
2756 469 2924 541 ἀλλην
2980 471 3191 525 ἔννοιαν
3218 470 3376 524 τοῦτο
3417 472 3659 541 παρεξη-

404 594 512 633 non
544 579 822 633 verebaris
849 594 864 631 :
898 577 1253 631 nihilominus
1288 576 1331 629 si
1359 574 1466 628 alio
1493 574 1656 628 modo
1692 589 1758 627 ex
1784 586 1978 627 essen-

404 671 477 722 tia
511 668 709 731 Patris,
747 670 855 723 alio
882 685 944 721 ex
972 667 1207 722 essentia
1241 666 1359 720 Filii
1386 681 1508 721 esse
1536 665 1825 720 contendis
1850 663 1974 732 Spi-

414 764 604 826 ritum,
640 777 704 813 ex
732 760 964 815 essentia
1001 758 1177 814 Patris
1207 775 1329 813 esse
1357 736 1568 823 dicens,
1603 769 1857 835 tanquam
1886 753 1977 826 qni

411 868 473 905 ex
506 853 664 907 Patre
682 852 926 916 exsistat,
945 868 1010 905 ex
1036 852 1269 905 essentia
1304 866 1431 905 vero
1456 848 1575 903 Filii
1606 856 1826 917 propter
1849 861 1981 901 con-

404 942 944 1005 substantialitatem,
974 942 1115 996 scito
1147 942 1198 996 in
1232 944 1479 997 eamdem
1524 936 1853 995 sententiam
1874 947 1980 990 tuae

403 1033 762 1101 expositionis
824 1035 1145 1095 varietatem
1211 1047 1564 1087 concurrere.
1627 1030 1785 1096 Quod
1831 1029 1975 1081 enim

403 1122 618 1175 exsistit
668 1136 734 1177 ex
798 1123 1040 1176 essentia
1102 1121 1307 1186 Patris,
1373 1130 1458 1175 est
1512 1118 1979 1175 eonsubstantiale

406 1210 554 1265 Patri
598 1221 652 1265 et
689 1213 838 1283 quod
880 1214 1152 1267 existitex
1198 1213 1435 1269 essentia
1469 1210 1591 1265 Filii
1623 1220 1707 1266 est
1741 1210 1980 1264 consub-

407 1306 667 1359 stantiale
730 1303 885 1357 Filio.
942 1306 1096 1370 Quod
1127 1305 1172 1358 si
1204 1321 1310 1357 non
1370 1306 1441 1358 ita
1492 1312 1599 1368 est,
1640 1302 1778 1355 forte
1817 1303 1980 1354 etiam

408 1398 548 1449 inter
568 1397 748 1450 Patris
763 1407 817 1450 et
837 1397 956 1450 Filii
974 1396 1269 1451 essentiam
1294 1396 1584 1449 discrimen
1614 1390 1833 1459 aliquod
1862 1404 1983 1444 esse

408 1489 864 1557 deprehendetur,
898 1498 951 1542 et
986 1490 1244 1558 Spiritum
1272 1504 1302 1541 a
1333 1504 1390 1541 se
1426 1488 1540 1555 ipso
1565 1484 1802 1547 differre,
1840 1498 1983 1537 llllllc

409 1581 624 1648 quidem
651 1596 757 1634 uno
779 1582 1014 1634 modoex
1034 1582 1269 1634 essentia
1291 1580 1459 1631 Patris
1480 1587 1820 1630 emanantetn
1842 1590 1982 1627 nunc

409 1685 539 1723 vero
567 1670 673 1723 alio
704 1671 863 1722 modo
891 1686 953 1723 ex
981 1672 1215 1723 essentia
1243 1668 1386 1722 Filii.
1416 1668 1495 1721 Ad
1525 1668 1722 1719 similia
1747 1664 1982 1718 absurda

408 1774 579 1828 eaque
624 1761 871 1814 enormia
928 1768 1123 1815 vestrae
1164 1776 1342 1830 prava:
1367 1758 1739 1826 eqwsitiones
1772 1750 1983 1811 condu-

410 1863 562 1906 cunt.
1564 1850 1571 1857 “

1036 1940 1123 1994 Ea:
1150 1941 1363 1994 iisdem.

487 2030 771 2087 LXXXVI.
808 2051 827 2084 ι
852 2032 986 2087 Cum
1021 2034 1203 2101 itaque
1220 2032 1311 2101 qui
1345 2029 1605 2101 Spiritum
1625 2038 1870 2084 sanctum
1902 2042 1992 2082 ac-

422 2143 439 2173 ι
483 2133 762 2193 ceperunt,
791 2134 1049 2194 tanquam
1086 2125 1256 2177 Deum
1290 2123 1345 2176 in
1372 2122 1678 2191 semetipsis
1705 2122 1988 2185 habentes,

418 2230 436 2262 ι
472 2213 877 2275 vatieinantur,
922 2214 1153 2281 ideoque
1200 2212 1257 2264 in
1297 2211 1578 2264 hominum
1630 2210 1991 2265 admiratione

418 2321 437 2351 ι
475 2312 625 2363 sunt,
678 2303 955 2371 quomodo
984 2303 1089 2357 erit
1123 2311 1401 2368 creatura,
1443 2309 1500 2355 et
1544 2318 1651 2353 non
1688 2300 1869 2371 potius
1897 2315 1990 2354 su-

420 2413 439 2444 i
478 2392 820 2448 blimissimaa
854 2394 1105 2449 essentia:
1138 2394 1444 2463 assumptio
1475 2393 1789 2455 hahitualis,
1824 2399 1984 2446 natu-

421 2501 439 2533 ι
480 2483 664 2537 raliter
699 2485 1072 2554 pertransiens
1104 2499 1172 2539 ex
1216 2481 1393 2539 Patre
1421 2499 1519 2553 per
1559 2482 1754 2538 Filium
1787 2482 1841 2537 in
1869 2498 1985 2549 eos,

421 2591 441 2627 ι
476 2574 570 2645 qui
603 2576 712 2645 apti
749 2586 879 2631 sunt
907 2577 1060 2631 illum
1091 2576 1388 2646 excipere?
1423 2594 1442 2628 ι

993 2668 1418 2723 Animadversio.

497 2776 516 2810 ι
551 2757 630 2813 Ne
674 2759 780 2813 hoc
823 2760 1069 2828 apertius
1121 2760 1266 2813 aliud
1308 2758 1561 2828 quaerito,
1597 2757 1729 2812 satis
1761 2757 1905 2811 enim
1937 2765 1990 2811 et

425 2869 443 2899 ι
484 2852 680 2904 mirum
745 2852 798 2904 in
860 2851 1082 2904 modum
1135 2851 1225 2905 hic
1270 2866 1529 2925 tizagnum
1591 2851 1735 2905 hunc
1770 2850 1990 2920 pietatis

424 2958 440 2988 ι
482 2940 798 3008 Magistrum
850 2939 1268 3009 praepositiones
1315 2940 1674 2995 dividentem.
1731 2949 1786 2994 et
1843 2937 1988 2994 Patri

424 3053 442 3082 ι
484 3048 565 3096 ex,
597 3031 735 3086 Filio
763 3046 890 3086 vero
913 3045 1027 3102 per,
1057 3030 1444 3086 attribucntem
1475 3030 1737 3087 offendes.
1793 3049 1813 3082 ι

1041 3238 1337 3308 Refutalio.

488 3332 661 3397 Quam
685 3330 879 3384 beatus
915 3344 1088 3396 esses,
1125 3331 1198 3384 mi
1238 3331 1424 3395 homo,
1458 3328 1504 3385 si
1531 3345 1637 3383 non
1666 3331 1796 3384 tanti
1828 3339 1998 3399 iacta-

423 3438 506 3473 res
553 3420 996 3489 pra-positionum
1052 3419 1374 3485 divisiones,
1425 3434 1489 3475 ex
1536 3422 1737 3490 quibus
1783 3422 1992 3475 nullum

420 3511 631 3576 pondus
687 3509 897 3562 veritati
943 3508 1177 3573 accedit,
1242 3510 1337 3564 sed
1381 3510 1707 3565 sententiam
1756 3510 1997 3565 studiose

402 3599 796 3669 investigares,
817 3614 936 3667 qua:
965 3598 1019 3652 in
1048 3600 1321 3669 pericopis
1357 3600 1561 3669 scripto
1589 3601 1804 3656 traditis
1828 3600 1992 3655 insita

422 3700 533 3745 est.
603 3692 667 3744 Et
709 3693 996 3757 attendite,
1059 3707 1166 3760 qua
1212 3691 1425 3747 ratione
1470 3692 1561 3747 hic
1591 3704 1835 3756 sanctus,
1872 3708 1994 3746 eum

421 3781 588 3834 Deum
635 3781 871 3835 dixisset
919 3779 1193 3850 Spiritum
1228 3782 1580 3836 habitualiter
1614 3783 1667 3836 in
1703 3783 1990 3853 prophetis

420 3873 802 3941 procedentem
859 3876 1233 3941 acceptionem
1278 3872 1429 3927 illum
1481 3876 1808 3938 nominavit,
1840 3894 1859 3927 ι
1898 3877 1997 3928 ha-

419 3962 677 4015 bitnalem
706 3962 1111 4015 subiimissimaa
1131 3964 1383 4017 essentia:
1412 3964 1733 4018 naturaliter
1751 3976 2000 4034 pertran-

417 4054 631 4106 Seuntis
681 4067 712 4105 a
765 4052 922 4106 Patre
976 4069 1068 4122 per
1111 4052 1310 4107 Fﬂium
1353 4054 1412 4108 in
1442 4070 1557 4120 eos,
1602 4056 1695 4126 qni
1719 4055 1833 4125 apti
1871 4064 1999 4109 sunt

420 4145 571 4196 illum
607 4144 867 4212 recipere.
902 4162 922 4197 ι
959 4142 1096 4198 Cum
1134 4146 1300 4214 igitur
1347 4145 1586 4215 Spiritus
1616 4157 1841 4202 sanctus
1872 4161 1998 4218 par-

422 4235 671 4305 ticipatio
692 4246 775 4291 est
794 4237 1086 4293 habitualis
1112 4239 1779 4310 sublimissimazﬁomnium
1806 4254 1997 4295 essen-

350 4348 357 4357 ε
421 4328 509 4381 tite
538 4343 568 4380 a
601 4326 758 4381 Patre
777 4343 873 4398 per
890 4326 1088 4381 Filium
1120 4329 1185 4383 ad
1213 4330 1405 4399 dignes
1434 4331 1828 4399 pertransiens,
1862 4344 2000 4399 quo-

2078 565 2362 634 γούμενος,
2390 563 2562 632 ὅμως,
2586 562 2635 614 εί
2667 561 2760 615 καὶ
2790 561 2961 625 ἄλλως
2999 564 3099 633 μὲν
3134 563 3200 615 ὲκ
3227 562 3328 629 τῆς
3353 561 3540 624 οὐσίας
3564 563 3656 614 τοῦ

2080 653 2315 723 Ματρὸς,
2340 653 2514 714 ἄλλως
2545 652 2601 705 δὲ
2632 652 2694 705 ὲκ
2727 650 2828 720 τῆς
2858 651 3045 715 οὐσίας
3073 650 3167 706 τοῦ
3219 651 3350 704 Υἱοῦ
3393 646 3537 704 εἶναι
3567 651 3655 704 λέ·-

2079 761 2201 811 γεις
2230 745 2292 795 τὸ
2320 742 2567 811 Πνεῦμα,
2588 744 2652 796 ὲκ
2677 742 2776 811 μὲν
2798 743 2901 813 τῆς
2932 743 3121 805 οὐσίας
3144 741 3238 796 τοῦ
3272 743 3488 814 Πατρδς
3515 739 3660 797 εἶναι

2078 834 2251 904 λέγων
2279 836 2411 888 αὐτὸ
2440 835 2515 898 ὡς
2539 835 2786 906 ὑπάρχον
2814 837 2878 890 ὲκ
2901 835 2995 889 τοῦ
3025 835 3259 907 Πατρός,
3280 837 3345 889 ἐκ
3369 835 3425 889 δὲ
3451 836 3549 906 τῆς
3573 836 3662 888 οὐ·

2080 930 2197 989 σῖας
2227 916 2321 980 τοῦ
2347 927 2475 980 Υξοῦ
2494 927 2583 980 διὰ
2605 928 2703 997 τὴν
2736 928 3153 998 ὁμοουσιότητα,
3173 927 3288 981 ἀλλ’
3312 926 3420 980 ῖσθι
3454 928 3530 990 ὡς
3574 928 3660 990 είς

2078 1017 2177 1087 τὴν
2190 1017 2357 1087 αὐτὴν
2373 1017 2582 1071 ἔννοιαν
2598 1016 2884 1085 συντρέχον
2905 1019 3015 1070 icti.
3035 1019 3095 1069 τὸ
3107 1018 3206 1086 τῆς
3227 1017 3324 1087 σῆς
3341 1008 3661 1087 ἐξηγήσεως

2076 1109 2351 1178 διάφορον.
2373 1109 2496 1161 Ὀτι
2518 1109 2626 1179 γὰρ
2647 1109 2880 1178 ὑπάρχει
2902 1109 2966 1162 ὲκ
2988 1112 3082 1179 τῆς
3101 1107 3286 1170 οὐσίας
3309 1107 3402 1161 τοῦ
3421 1109 3662 1179 Πατρδς,

2079 1201 2226 1253 ἐστὶν
2282 1199 2568 1269 όμοούσιον
2595 1199 2674 1271 τῷ
2710 1200 2903 1268 Πατρὶ,
2933 1202 3026 1252 καὶ
3059 1200 3142 1253 ὅτι
3190 1201 3428 1270 ὑπάρχει
3457 1202 3522 1253 ἐκ
3561 1203 3665 1270 τῆς

2085 1292 2271 1357 οὐσίας
2298 1292 2395 1346 τοῦ
2429 1291 2585 1356 Υἱοῦ,
2614 1291 2763 1344 ἐστὶν
2807 1290 3091 1360 ὁμοούσιον
3123 1290 3200 1360 τῷ
3228 1291 3366 1362 Υίῷ.
3387 1291 3449 1344 Ei
3468 1291 3525 1344 δὲ
3559 1293 3662 1362 μὴ,

2077 1383 2199 1453 τάχ’
2227 1382 2292 1435 ἂν
2332 1382 2493 1453 μέσον
2520 1384 2619 1451 τῆς
2650 1382 2744 1435 τοῦ
2767 1382 2984 1451 Πατρὸς
3016 1381 3110 1434 καὶ
3145 1381 3276 1434 Tia-5
3313 1382 3502 1445 οὐσίας
3548 1382 3669 1435 δια-

2083 1475 2226 1544 φορά
2250 1492 2332 1539 τις
2367 1471 2507 1528 εἶναι
2566 1471 2932 1541 ὑποληφθείη,
2959 1474 3052 1524 καὶ
3082 1472 3143 1526 τὸ
3174 1471 3398 1540 Πνεῦμα
3456 1471 3660 1525 ἑαυτοῦ

2079 1568 2376 1636 διαφέρειν,
2395 1567 2489 1620 νῦν
2526 1567 2626 1637 μὲν
2659 1566 2834 1629 ἄλλως
2865 1566 2929 1617 ἐκ
2967 1565 3067 1633 τῆς
3107 1565 3295 1626 οὐσίας
3326 1565 3418 1618 τοῦ
3447 1566 3667 1635 Πατρὸς

2080 1661 2289 1728 προϊὸν,
2314 1659 2408 1711 νῦν
2438 1659 2494 1710 δὲ
2525 1658 2698 1721 ἄλλως
2735 1660 2798 1711 ὲκ
2824 1660 2925 1727 τῆς
2952 1656 3139 1721 οὐσίας
3175 1657 3268 1710 τοῦ
3300 1655 3453 1709 Υίοῦ.
3475 1656 3669 1710 Τοιού-

2084 1767 2192 1802 των
2238 1751 2608 1820 ἀτοπημάτων
2651 1751 2733 1812 είς
2783 1750 2916 1819 ὕψος
2959 1752 3016 1805 αἰ
3049 1749 3458 1820 παρεξηγήσεις
3508 1749 3667 1820 ὑμῶν

2092 1842 2526 1912 κεκορύιρωνται.

2641 1935 2736 1988 Ἐκ
2757 1933 2874 1989 τῶν
2900 1932 3117 1990 αὐτῶν.

2162 2024 2305 2090 ηις-ν.
2334 2042 2352 2076 ι
2386 2024 2517 2078 Ὅτε
2537 2029 2717 2080 τοίνυν
2742 2028 2792 2080 oi
2818 2027 2878 2080 τὸ
2896 2028 3120 2097 Πνεῦμα
3143 2025 3399 2092 λαϐόντες
3430 2026 3490 2080 τὸ
3515 2026 3667 2095 ἅγιον

2099 2132 2118 2166 ι
2162 2115 2238 2178 ὡς
2294 2117 2429 2170 Θεὸν
2487 2118 2705 2189 ἔχοντες
2738 2122 2796 2173 έν
2836 2120 3052 2184 ἑαυτοῖς
3111 2122 3542 2190 προφητεῦουσι,
3574 2120 3663 2173 καὶ

2100 2226 2115 2258 ι
2164 2207 2534 2279 θαυμάζονται
2564 2210 2652 2264 διὰ
2698 2213 2878 2279 τοῦτο,
2910 2213 3028 2276 πῶς
3076 2212 3230 2266 ἔσται
3289 2212 3525 2284 ποίημα,
3574 2215 3666 2265 καί

2096 2318 2115 2350 ι
2161 2301 2283 2370 οὐχὶ
2313 2302 2513 2370 μᾶλλον
2540 2301 2641 2372 τῆς
2674 2303 2934 2357 ἀνωτάτω
2979 2305 3169 2358 πασῶν
3202 2304 3392 2368 οὐσίας
3428 2304 3667 2375 μετάλη-

2096 2407 2115 2440 ι
2160 2390 2254 2459 ψις
2290 2393 2535 2462 σχετικὴ,
2562 2393 2809 2458 φυσικῶς
2859 2394 3214 2448 διαϐαίνουσα
3270 2394 3424 2463 παρά
3453 2395 3665 2464 Harpe;

2094 2501 2112 2532 ι
2159 2482 2227 2535 δι’
2260 2482 2384 2535 Υίοῦ
2417 2485 2550 2555 πρὸς
2582 2485 2707 2550 τοὺς
2739 2486 3076 2557 ἐπιτηδείους
3108 2488 3189 2551 εἰς
3247 2489 3308 2539 τὸ
3336 2487 3555 2552 λαϐεῖν;
3594 2507 3612 2538 ι

2699 2671 3074 2726 Ἐπιστασία.

2167 2778 2185 2811 ι
2232 2759 2326 2830 Μὴ
2364 2759 2516 2832 ζήτει
2546 2760 2739 2816 τούτου
2775 2766 3140 2836 σαφέστερον
3171 2764 3314 2819 πάνυ
3377 2766 3485 2837 γὰρ
3539 2766 3671 2822 θαυ-

2097 2869 2115 2902 ι
2164 2855 2386 2922 μαστῶς
2412 2855 2686 2925 εὑρίσκεις
2719 2856 3002 2909 κάνταῦθα
3032 2858 3124 2910 τὸν
3153 2858 3328 2928 μέγαν
3357 2859 3548 2913 τοῦτον
3571 2861 3670 2929 τῆς

2099 2962 2116 2994 ι
2163 2945 2442 3009 εὐσεϐείας
2472 2948 2790 3001 διδάσκαλον
2842 2949 3153 3020 διαιροῦντα
3205 2954 3304 3014 τὰς
3354 2954 3666 3021 προθέσεις,

2098 3055 2115 3087 ι
2161 3035 2252 3088 καὶ
2280 3037 2354 3107 τῷ
2384 3038 2558 3108 Πατρὶ
2590 3038 2688 3110 μὲν
2713 3041 2810 3110 τὴν
2834 3042 3015 3108 παρὰ,
3044 3043 3141 3111 τὴν
3191 3040 3291 3095 διὰ
3320 3042 3376 3096 δὲ
3426 3044 3503 3113 τῷ
3558 3043 3669 3114 Υἱῴ

2022 3158 2065 3215 c
2101 3147 2119 3179 t
2164 3129 2524 3219 ἀπονέμοντα.
2564 3147 2583 3180 ι

2710 3222 3097 3291 Ἆντιζῤῥησις.

2176 3312 2267 3376 Ὠς
2295 3316 2562 3384 μακάριος
2582 3312 2647 3367 ἂν
2666 3310 2752 3385 ᾖς,
2773 3316 3047 3385 ἄνθρωπε,
3073 3317 3121 3368 εί
3151 3316 3227 3388 μὴ
3246 3318 3381 3387 πρὶς
3405 3318 3505 3382 τὰς
3532 3319 3671 3371 διαιο

2099 3405 2278 3473 ρέσεις
2329 3404 2441 3459 τῶν
2487 3406 2801 3476 προθέσεων
2840 3407 3177 3477 ὲφιλοτιμοῦ,
3216 3409 3277 3473 ἐξ
3305 3405 3379 3464 ὦν
3404 3412 3557 3465 οὐδὲν
3602 3415 3669 3484 τῇ

2098 3495 2330 3567 ἀληθείᾳ
2352 3497 2414 3549 τὸ
2443 3497 2652 3569 κέρδος,
2676 3498 2813 3552 ἀλλὰ
2837 3499 2926 3552 τὸν
2957 3500 3173 3570 ἀληθῶς
3212 3502 3531 3571 ἐγκείμενον
3556 3508 3672 3567 ταῖς

2098 3593 2426 3661 περικοπαίς
2455 3592 2563 3645 τῶν
2580 3594 2808 3663 γραφῶν
2853 3594 3128 3665 ἀνίχνευες
3160 3596 3307 3652 νοῦν.
3335 3598 3538 3652 Σκόπει
3566 3600 3672 3672 γὰρ

2098 3682 2175 3745 ὼς
2201 3683 2436 3737 ἐνταῦθα
2464 3684 2492 3736 ό
2514 3685 2668 3752 ἅγιος
2714 3685 2847 3740 Θεὸν
2900 3688 3070 3740 εἰπὼν
3095 3689 3155 3741 τὸ
3182 3688 3431 3760 Πνεῦμα,
3460 3691 3521 3744 τὸ
3560 3696 3672 3757 τοῖς

2100 3777 2412 3844 πρνιφήταις
2463 3777 2728 3847 σχετικῶς
2775 3780 3152 3851 ἐγγινόμενον,
3186 3784 3492 3855 μετάληψιν
3539 3786 3673 3845 ᾠνό-

2102 3883 2274 3936 μασεν
2300 3868 2431 3922 αὐτὸ
2458 3870 2713 3939 σχετ.κὴν
2761 3871 2861 3942 τῆς
2914 3874 3177 3928 ἀνωτάτω
3232 3878 3419 3930 πασῶν
3464 3879 3672 3942 οὐσίας,

2102 3954 2352 4022 φυσικῶς
2378 3955 2760 4012 διαϐαίνουσαν
2788 3966 2946 4031 παρά
2974 3962 3190 4034 Πατρδς
3240 3965 3307 4020 δι’
3355 3966 3486 4021 Υἱοῦ
3540 3972 3674 4039 πρὸς

2097 4046 2223 4108 τοὺς
2254 4046 2596 4117 ἐπιτηδείους
2628 4050 2709 4113 είς
2736 4050 2796 4105 τὸ
2818 4051 3024 4119 λαὸεῖν.
3059 4053 3189 4107 Ὅτε
3218 4057 3396 4109 τοίνυν
3421 4057 3481 4111 τὸ
3511 4060 3669 4113 Πνεῦο

2101 4153 2178 4207 μα
2218 4138 2277 4190 τὸ
2307 4137 2462 4209 ἅγιον
2496 4141 2798 4213 μετάληψίς
2825 4145 2940 4213 εστι
3001 4145 3225 4218 σχετικὴ
3255 4149 3351 4218 τῆς
3406 4152 3669 4207 ἀνωτάτω

2101 4226 2290 4280 πασῶν
2340 4228 2549 4295 οὐσίας,
2609 4234 2758 4302 παρὰ
2820 4234 3035 4305 Πατρὸς
3085 4236 3154 4290 δι’
3198 4239 3328 4293 Υίοῦ
3383 4243 3520 4313 πρὸς
3552 4232 3672 4306 τοὺς

2109 4315 2295 4383 ἀξίους
2316 4319 2686 4387 διαϐαίνουσα,
2729 4323 2849 4389 πῶς
2875 4327 2974 4380 οὐκ
3007 4327 3362 4399 ἀναφαίνεται
3389 4334 3670 4405 προδήλως

423 4421 585 4472 modo
615 4435 722 4473 non
755 4420 1063 4485 05tenditur
1097 4419 1189 4474 hic
1233 4419 1684 4475 manifestissime
1717 4421 1989 4476 sublimis.

2100 4408 2349 4463 ἐντεῦθεν
2380 4410 2454 4475 ὡς
2484 4413 2516 4481 ἠ
2555 4412 2815 4468 ἀνωτάτω
2839 4417 3030 4472 πασῶν
3078 4421 3237 4474 οὐσία
3284 4427 3432 4492 παρὰ
3463 4426 3670 4495 [ἰατρὸς

418 4508 616 4561 simam
646 4509 893 4563 omnium
923 4509 1219 4563 essentiam
1245 4525 1275 4563 a
1304 4508 1464 4564 Patre
1493 4525 1590 4581 per
1613 4508 1811 4565 Filium
1834 4512 1888 4565 in
1913 4512 1989 4567 di-

2097 4499 2165 4554 δι⁸
2201 4501 2331 4554 Υίοῦ
2364 4504 2443 4567 είς
2476 4506 2538 4557 τὸ
2568 4505 2711 4560 θεῖον
2748 4508 2964 4563 ἵσταται
2995 4510 3243 4580 Πνεῦμα,
3261 4512 3338 4577 ὡς
3376 4516 3415 4567 Γ
3420 4520 3670 4588 ρηγόριος

423 4602 606 4653 vinum
653 4600 916 4670 Spiritum
949 4603 1091 4668 sisti,
1125 4602 1203 4656 uti
1247 4600 1567 4672 Gregorius,
1614 4602 1707 4672 qui
1737 4600 1989 4672 Theologi

2098 4593 2127 4644 ό
2160 4592 2260 4663 τῆς
2295 4593 2573 4663 θεολογίας
2602 4596 2931 4669 ἀξιώνυμος,
2964 4601 3023 4653 ὲν
3046 4596 3125 4665 οἷς
3157 4603 3382 4674 ἡρωΐζει
3413 4609 3513 4672 τὰς
3542 4610 3673 4679 πρὸς

418 4707 687 4761 agnomen
732 4694 838 4749 sibi
887 4697 1080 4751 merito
1120 4697 1417 4751 vindicat-it
1459 4695 1678 4750 heroico
1734 4696 1994 4760 carmine,

418 4786 474 4838 in
511 4799 617 4853 quo
632 4794 904 4854 praecepta
934 4782 1263 4857 Virginibus’
1279 4785 1459 4851 tradit,
1498 4795 1725 4840 testatur
1758 4802 1771 4838 :
1799 4803 1815 4835 ι
1847 4783 1997 4841 Unus

423 4877 567 4931 Deus
598 4893 660 4930 ex
697 4876 953 4933 Genitore
988 4896 1083 4950 per
1122 4878 1320 4933 Filium
1357 4881 1411 4932 in
1446 4893 1703 4947 magnum
1734 4877 1997 4948 Spiritum

421 4977 602 5021 stante
635 4969 836 5027 deitate
862 4972 916 5025 in
949 4973 1201 5042 perfectis
1219 4972 1478 5043 perfecta.
1512 4989 1531 5022 ι
1554 4968 1998 5025 Etsidivinitatis

420 5059 724 5114 absolutam
753 5062 1139 5131 perfectionem
1165 5079 1230 5118 ex
1261 5063 1422 5116 Patre
1448 5077 1544 5131 per
1566 5059 1763 5114 Filium
1792 5061 1847 5115 in
1883 5076 1997 5114 nia-

421 5167 587 5217 gnum
621 5154 882 5222 Spiritum
902 5154 1023 5209 sisti
1047 5166 1271 5209 sanctus
1290 5152 1553 5221 decernit,
1581 5152 1726 5223 quod
1745 5154 1907 5206 etiam
1943 5155 1996 5206 in

419 5246 541 5297 aliis
566 5247 679 5298 suis
709 5248 928 5316 scriptis
952 5247 1190 5311 tradidit,
1220 5260 1346 5299 eum
1374 5246 1506 5299 dicit
1531 5263 1547 5300 :
1571 5264 1590 5296 ι
1636 5244 1824 5299 Unitas
1853 5247 1997 5299 enim

419 5354 450 5390 ει
484 5337 746 5406 principio
767 5338 820 5390 in
849 5338 1121 5391 binariutn
1156 5346 1301 5390 mota
1328 5338 1379 5389 in
1402 5336 1665 5391 Trinitate
1686 5338 1947 5402 substitit,
1975 5357 1992 5387 ι

421 5431 697 5494 quomodo
749 5444 854 5481 non
917 5428 1022 5480 erit
1067 5443 1134 5481 ex
1183 5428 1339 5483 Patre
1380 5446 1473 5498 per
1524 5430 1717 5482 Filium
1746 5429 1999 5498 Spiritus,

424 5522 565 5570 unde
587 5521 717 5573 illud
743 5520 796 5573 in
821 5519 1139 5586 theologieis
1167 5535 1457 5585 assertum,
1485 5541 1501 5572 ι
1526 5522 1603 5576 Ex
1633 5534 1863 5588 utroque
1889 5519 1912 5571 ξ’
1942 5540 1960 5568 ο

465 5611 723 5677 Ejusdem
752 5628 815 5665 ex
846 5613 1274 5681 interpretatione
1306 5618 1359 5669 in
1400 5615 1602 5669 Juelem
1632 5621 1963 5684 prophetam.

499 5776 810 5835 LXXXV“.
842 5756 1001 5851 ilQna
1029 5782 1172 5837 enim
1201 5785 1409 5839 latione
1436 5784 1576 5838 Deus
1603 5791 1703 5848 est,
1735 5791 1786 5837 et
1811 5797 1873 5836 ex
1893 5779 2000 5835 Deo

2101 4685 2403 4753 παρθένους
2432 4686 2717 4756 ὑποθήκας
2756 4688 2920 4742 αὐτοῦ
2982 4696 3254 4764 μαρτυρεῖ
3280 4695 3493 4763 λέγων·
3528 4716 3547 4750 ι
3583 4693 3672 4761 Εἷς

2098 4773 2230 4837 Θεὸς
2256 4776 2320 4826 ὲκ
2352 4778 2579 4845 γενέταο
2604 4778 2672 4832 δι’
2701 4779 2859 4844 Υἰέος
2884 4781 2966 4845 εἰς
2996 4783 3141 4851 μέγα
3184 4785 3429 4856 Πνεῦμα,
3452 4790 3672 4859 ἱσταμέ-

2099 4884 2195 4932 νης
2226 4867 2479 4936 θεότητος
2509 4872 2590 4924 ἐνὶ
2615 4874 2847 4929 τελέοισι
2887 4878 3120 4949 τελείης.
3156 4897 3175 4930 ι
3211 4881 3322 4933 Καὶ
3359 4883 3409 4935 εί
3452 4884 3552 4955 τὴν
3580 4885 3677 4954 τῆς

2101 4958 2353 5029 θεότητος
2379 4962 2696 5035 τελειότητα
2729 4970 2791 5020 ἐκ
2816 4967 3031 5038 Πατρὸς
3051 4971 3142 5025 διὰ
3172 4972 3303 5026 Υίοῦ
3333 4975 3417 5038 είς
3445 4977 3507 5027 τὸ
3535 4978 3676 5045 μέγα

2102 5049 2350 5105 ἵστασθαι
2399 5054 2625 5124 Πνεῦμα
2656 5059 2683 5109 ὁ
2706 5056 2862 5126 ἆγιυς
2921 5060 3183 5132 θεολογεί,
3215 5067 3352 5134 ὅπερ
3381 5066 3475 5119 καὶ
3502 5069 3565 5121 ἐν
3589 5070 3679 5119 ἄλο

2100 5144 2213 5207 λοις
2244 5144 2543 5217 δεδήλωκεν
2574 5149 2779 5203 εἰπών’
2827 5169 2847 5203 ι
2887 5154 3073 5219 Μονὰς
3095 5158 3203 5228 γὰρ
3250 5160 3347 5212 ἀπ’
3399 5163 3577 5233 ἀρχῆς
3602 5165 3679 5233 είς

2099 5233 2265 5289 δυάδα
2296 5238 2575 5307 κινηθεῖσα
2607 5242 2768 5313 μέχρι
2795 5243 3023 5313 Τριάδος
3059 5246 3212 5318 ἔστη,
3243 5267 3262 5300 ι
3306 5252 3424 5321 πῶς
3468 5259 3534 5313 ἀν
3562 5258 3679 5326 οὐχὶ
3748 5240 3751 5243 ’

2102 5331 2168 5378 ἐκ
2196 5328 2405 5397 Ματρὸς
2460 5330 2547 5383 δια
2586 5350 2614 5383 ,ι
2643 5332 2769 5386 Υίοῦ
2793 5334 2878 5406 εἴη
2909 5337 2968 5389 τὸ
3000 5337 3244 5408 Πνεῦμα,
3277 5342 3474 5397 ὁπόθεν
3518 5349 3577 5398 τ’)
3624 5347 3681 5415 ἐξ

2102 5422 2306 5488 ἀμφοῖν
2331 5422 2560 5492 εἴρηκεν
2590 5427 2621 5495 ἡ
2654 5428 2941 5496 θεολογία;

2115 5612 2225 5665 Τοῦ
2276 5614 2463 5695 αὐτοῦ
2510 5616 2630 5671 ἀπὸ
2680 5616 2789 5695 τῆς
2832 5622 2920 5684 εὶς
2972 5620 3082 5675 τόν
3127 5623 3449 5695 προφήτην
3510 5626 3680 5694 Ἰωήλ

2440 5691 2445 5696 ’
2722 5689 3065 5757 ἑρμηνείας.

2179 5775 2299 5829 ﬂZ'.
2342 5794 2358 5827 ι
2409 5771 2483 5846 ’ῌ
2514 5780 2612 5845 μὲν
2644 5781 2750 5847 γάρ
2790 5783 2905 5835 ἐστι
2956 5784 3107 5852 Θεὸς,
3137 5790 3227 5840 καὶ
3257 5791 3319 5842 ἐκ
3350 5789 3488 5844 Θεοῦ
3543 5797 3677 5844 κατὰ
