4002 6416
279 367 380 432 521

1231 371 1318 436 IN
1359 369 1752 460 CAMATER‘I
1786 370 2539 437 ANIMADVERSIONES.

3426 363 3535 428 522

273 485 434 550 Υῑοῦ,
469 485 563 541 καὶ
581 485 641 552 ἐξ
669 487 893 561 ἀμφοῖν,
928 487 1006 555 ὡς
1021 488 1086 544 ἐκ
1113 490 1244 562 μιᾶς
1274 490 1456 562 πηγῆς
1481 486 1664 556 λέγειν
1693 487 1846 540 τοῦτο

1959 485 2119 541 Patre
2150 503 2246 556 per
2277 483 2503 553 Filium,
2533 495 2587 542 et
2608 501 2674 542 ex
2703 493 2936 556 utroque
2961 482 3130 542 veluti
3154 497 3218 538 ex
3243 494 3355 538 uno
3382 481 3534 537 lente

269 577 646 648 πηγάζεσθαι.

280 690 384 746 Ἐκ
429 691 542 762 τῆς
575 693 726 763 πρὸς
758 695 1200 764 πρεσϐυτέρους
1220 696 1318 750 καὶ
1341 694 1642 765 μοναχούς
1683 710 1854 762 τινας

682 765 929 832 ὀρθοδόξ
932 785 1038 833 ους
1091 766 1442 834 ἐπιστολῆς.

343 856 419 920 ιιι.
464 871 484 905 1
528 856 960 925 Διαπεράναντες
989 857 1044 909 δὲ
1071 857 1162 908 τὸν
1194 858 1321 926 περὶ
1351 856 1587 927 Χριστοῦ
1617 856 1775 924 λόγον
1804 854 1854 908 οε

271 961 291 993 1
332 944 720 1014 τρισμάκαρες
774 948 1017 1016 Πατέρες
1048 947 1141 1001 τοῦ
1174 949 1330 1017 ἁγίου
1380 948 1698 1017 Πνεύματος
1741 949 1856 1001 δια-

270 1053 289 1085 1
342 1037 781 1103 μνημονεύουσι.
837 1039 1123 1092 Πιστεύειν
1174 1041 1283 1110 γὰρ
1329 1040 1538 1108 ἔφασαν
1578 1041 1658 1102 είς
1703 1039 1854 1106 αὐτὸ,

273 1143 292 1175 1
339 1125 604 1197 καθάπερ
657 1128 851 1195 ἀμέλει
901 1131 982 1192 εἰς
1029 1130 1119 1181 τον
1159 1132 1378 1199 Πατέρα
1423 1131 1515 1182 καὶ
1544 1120 1664 1182 ’τὸν
1702 1129 1854 1182 Υίόν.

268 1235 291 1268 1
345 1217 673 1286 Ὀμοούσιον
701 1221 811 1287 γάρ
844 1222 992 1273 ἐστιν
1026 1223 1232 1283 αὐτοῖς,
1275 1222 1368 1275 καὶ
1403 1202 1685 1290 προχεῖται
1734 1221 1855 1289 μὲν,

267 1325 289 1358 ‹
340 1309 517 1378 ἤγουν
558 1310 925 1378 ἐκπορεύεται
967 1312 1220 1382 καθάπερ
1254 1313 1361 1366 ἀπὸ
1388 1314 1572 1382 πηγῆς
1597 1311 1690 1365 τοῦ
1715 1311 1854 1364 Θεοῦ

269 1419 289 1452 1
339 1404 439 1453 καὶ
504 1403 765 1471 Πατρός·
819 1407 1138 1473 χορηγεῖται
1195 1405 1250 1457 δὲ
1305 1393 1370 1475 τῇ
1424 1407 1599 1459 κτίσει
1635 1405 1724 1457 διὰ
1761 1402 1857 1456 τοῦ

273 1511 294 1544 1
341 1493 500 1546 Υἱοῦ.
571 1493 909 1564 Ἐνεφύσησε
969 1497 1099 1564 γοῦν
1155 1500 1268 1560 τοῖς
1326 1497 1474 1560 ίὸίοις
1531 1497 1856 1560 ἀποστόλοις

274 1601 296 1635 1
339 1584 558 1651 λέγων’
615 1603 636 1635 1
685 1586 897 1639 Λάϐετε
949 1587 1180 1656 Πνεῦμα
1234 1589 1410 1656 ἅγιον.
1461 1606 1479 1639 ι
1530 1587 1741 1641 Οὐκοῦν
1791 1589 1857 1642 ὲκ

278 1695 300 1729 1
347 1677 506 1743 Θεοῦ,
535 1678 630 1731 καὶ
653 1678 784 1741 Θεὸς
813 1680 871 1732 τὸ
903 1681 1127 1750 Πνεῦμά
1152 1681 1300 1732 ἐστιν
1328 1680 1428 1734 οὐκ
1456 1679 1737 1749 ἀλλότριον
1752 1680 1855 1748 τῆς

288 1787 311 1820 1
355 1769 604 1822 ἀνωτάτω
635 1771 823 1822 πασῶν
860 1771 1070 1835 οὐσίας,
1125 1771 1242 1826 ἀλλ’
1274 1771 1334 1836 ἐξ
1378 1773 1549 1841 αὐτῆς
1583 1789 1644 1825 τε
1676 1773 1770 1826 καὶ
1793 1774 1852 1826 ὲν

296 1879 318 1913 1
361 1862 492 1930 αὐτῇ
525 1862 613 1914 καὶ
644 1861 775 1915 ῐδιον
808 1864 1000 1932 αὐτῆς.
1051 1883 1069 1916 ι

877 1954 1258 2009 Ἐπιστασία.

349 2060 369 2093 1
415 2042 736 2113 Σημείωσαι
761 2045 844 2098 ὅτι
865 2048 960 2099 καὶ
986 2041 1142 2112 οὗτος
1169 2050 1196 2101 ὁ
1225 2049 1379 2116 ἀγιος
1402 2047 1711 2113 ἀκολούθως
1738 2050 1851 2112 τοῖς

273 2152 293 2184 1
341 2133 676 2204 προλαϐοῦσι
704 2137 888 2208 πηγὴν
911 2137 1011 2204 μὲν
1044 2139 1138 2193 τοῦ
1171 2139 1485 2210 Πνεύματος
1512 2141 1601 2194 τὸν
1632 2140 1851 2211 Πατέρα

273 2242 294 2274 1
337 2227 521 2290 καλεῖ,
577 2227 636 2292 ἐξ
685 2229 850 2281 αὐτοῦ
890 2229 1236 2300 δογματίζων
1285 2231 1446 2286 τοῦτο
1499 2234 1845 2303 προχεῖσθαι,

269 2332 290 2366 1
337 2316 548 2390 δηλαδὴ
581 2322 1003 2389 ἐκπορεύεσθαι,
1051 2324 1287 2393 χορηγὸν
1326 2324 1383 2377 δὲ
1411 2324 1502 2377 τὸν
1529 2324 1678 2378 Υἱόν.
1707 2324 1849 2395 Ὅρα

265 2427 285 2459 1
335 2409 397 2462 δὲ
444 2413 692 2474 καὶπῶς
746 2414 847 2466 οὐκ
877 2415 1160 2484 ἀλλότριον
1210 2416 1371 2470 τοῦτο
1427 2415 1528 2483 τῆς
1583 2416 1848 2469 ἀνωτάτω

265 2518 286 2552 1
334 2502 532 2563 οὐσίας
573 2504 771 2568 εἰπὼν,
806 2507 949 2558 πάνυ
991 2507 1338 2576 θαυμασίως,
1379 2507 1454 2568 ὼς
1487 2506 1674 2576 ἔμοιγε
1711 2507 1848 2570 τέως

263 2610 284 2644 1
328 2592 506 2657 δοκεῖ,
537 2598 668 2666 περὶ
698 2597 791 2648 τοῦ
821 2598 1038 2666 Πατρὸς
1071 2601 1166 2650 καὶ
1191 2599 1284 2650 τοῦ
1322 2597 1451 2650 Υἱοῦ
1482 2599 1762 2665 διιστειλε,
1787 2599 1848 2651 τὸ

264 2700 283 2733 1
330 2681 395 2746 ἐξ
420 2683 598 2752 αὐτῆς
631 2685 725 2736 καὶ
757 2687 813 2738 ὲν
847 2687 982 2754 αὐτῇ
1017 2686 1406 2756 προσθέμενος,
1437 2687 1616 2739 καὶτὸ
1645 2686 1746 2756 μὲν
1777 2687 1847 2752 ἐξ

265 2792 282 2822 1
325 2773 548 2841 αὐτῆς,
579 2775 655 2845 τῷ
686 2777 884 2846 Πατρὶ,
929 2779 990 2829 τὸ
1027 2777 1082 2829 δὲ
1115 2777 1184 2830 ἐν
1219 2775 1375 2846 αὐτῇ
1396 2778 1471 2844 τῷ
1499 2777 1612 2847 Υἱῴ
1637 2795 1845 2847 προσα-

265 2883 286 2914 1
349 2868 608 2936 φορίσας,
647 2863 768 2919 εἶτα
815 2869 978 2922 πάλιν
1022 2867 1228 2932 ἑνώσας
1256 2873 1352 2924 καὶ
1394 2871 1564 2938 ἄμφω
1617 2871 1708 2924 διὰ
1749 2870 1845 2923 τοῦ

264 2976 284 3005 1
329 2958 662 3025 ἐπαγαγεῖν,
698 2961 828 3014 ίδιον
855 2962 1048 3030 αὐτῆς.
1090 2965 1373 3032 Πρόσσχες
1417 2962 1475 3016 δὲ
1514 2963 1634 3026 πῶς
1671 2966 1766 3016 καὶ
1809 2965 1841 3034 ἡ

267 3065 288 3096 1
331 3048 690 3115 προλαϐοῦσα
716 3053 875 3120 ἡμῶν
905 3053 1306 3123 ὲπισημείωσις
1361 3061 1490 3122 περὶ
1525 3053 1619 3109 τοῦ
1650 3057 1716 3109 ὲκ
1745 3055 1843 3123 τῆς

265 3157 284 3187 ι
332 3138 473 3202 ἰδίας
519 3140 735 3208 φύσεως
778 3141 1051 3211 πηγάζειν
1091 3143 1223 3196 αὐτὸ
1273 3145 1366 3197 τὸν
1407 3145 1530 3198 Υίὸν
1584 3146 1692 3198 ἀπὸ
1742 3146 1844 3217 τῆς

1959 577 2219 647 Spiritum
2261 595 2539 634 emanare.

1961 690 2216 761 Ejusdem
2244 708 2306 745 ea:
2356 692 2699 764 epistolaiad
2765 694 3094 764 presbyteros
3124 702 3197 763 ,ει
3252 701 3532 745 monac/tos

2449 763 2701 832 quosdam
2742 763 3080 817 orthodeos.

2031 851 2141 907 XC.
2183 870 2202 904 1
2235 851 2369 906 Cum
2397 869 2526 908 vero
2563 864 2642 908 ter
2672 856 2814 908 beati
2848 855 3033 910 Patres
3066 854 3132 908 de
3165 853 3387 908 Christo
3415 865 3532 907 ser-

1969 960 1988 993 1
2026 958 2244 996 munem
2277 945 2666 1007 absolvissent,
2718 947 2785 1000 de
2823 946 3031 1015 Spiritu
3067 953 3255 1000 sancto
3293 945 3532 998 mentio-

1965 1052 1983 1083 1
2034 1050 2156 1087 nem
2193 1035 2482 1101 inducunt,
2515 1035 2738 1090 credere
2763 1037 3033 1105 siquidem
3068 1037 3121 1088 in
3165 1036 3342 1103 ipsum
3374 1035 3530 1086 dixe-

1965 1143 1985 1177 1
2029 1136 2156 1179 runt
2188 1127 2378 1180 eodem
2417 1126 2535 1195 ipso
2571 1127 2754 1188 modo,
2791 1143 2900 1197 quo
2937 1136 2988 1180 et
3026 1127 3080 1180 in
3129 1127 3342 1180 Patrem
3389 1134 3442 1178 et
3476 1125 3530 1178 in
3599 1109 3606 1116 ’

1968 1234 1986 1266 1
2027 1215 2248 1271 Filium.
2281 1216 2388 1272 Illis
2427 1221 2574 1272 enim
2617 1218 3098 1272 consubstantialis
3122 1226 3226 1278 est,
3273 1226 3327 1270 et
3354 1213 3530 1270 eﬂ‘un-

1966 1326 1984 1358 1
2029 1311 2194 1371 ditur,
2224 1309 2467 1376 procedit
2495 1310 2724 1372 scilicet,
2761 1310 2833 1361 uti
2867 1323 2933 1362 ex
2965 1307 3114 1360 fonte
3141 1323 3169 1358 a
3202 1305 3311 1358 Deo
3349 1314 3403 1358 et
3431 1304 3534 1357 Pa-

1965 1416 1984 1448 1
2034 1406 2158 1460 tre,
2221 1399 2598 1468 suppeditatur
2648 1413 2776 1454 vero
2833 1410 3098 1454 creaturae
3155 1412 3251 1466 per
3309 1395 3530 1450 Filium.

1965 1504 1983 1537 1
2020 1484 2321 1541 lnsuﬂlavit
2351 1489 2534 1558 itaque
2551 1491 2792 1560 propriis
2819 1490 3103 1558 discipulis
3131 1489 3354 1542 dicens:
3382 1504 3402 1538 1
3429 1487 3535 1540 Ac—

1969 1597 1988 1630 1
2023 1581 2183 1648 cipite
2209 1579 2470 1650 Spiritum
2514 1591 2768 1638 sanctum
2787 1582 2856 1634 °°.
2897 1599 2916 1633 ι
2944 1581 3039 1635 Est
3060 1595 3191 1648 ergo
3215 1595 3281 1634 ex
3312 1578 3446 1642 Deo,
3480 1581 3536 1631 et

1965 1689 1984 1721 1
2019 1669 2161 1725 Deus
2191 1670 2451 1740 Spiritus,
2484 1688 2584 1727 nec
2620 1674 2831 1728 alienus
2865 1674 2932 1726 ab
2961 1673 3207 1726 omnium
3239 1671 3526 1726 sublimis-
3568 1707 3573 1713 -

1966 1778 1985 1811 1
2021 1760 2158 1816 siina
2187 1765 2448 1830 essentia,
2496 1765 2590 1820 sed
2623 1765 2678 1818 iu
2712 1764 2828 1836 ipsa
2862 1772 2918 1818 et
2948 1778 3015 1818 ex
3045 1763 3162 1834 ipsa
3189 1772 3243 1817 et
3275 1761 3530 1834 proprius

1883 1865 1927 1921 Β
1961 1869 1982 1902 1
2018 1851 2180 1908 illius.
2230 1871 2250 1904 ι

2532 1946 2950 2002 Αηὶηιαάυεηὶο.

2028 2050 2048 2084 ι
2081 2031 2354 2089 Adnotato
2384 2035 2548 2091 etiam
2587 2041 2731 2093 hunc
2752 2045 3000 2094 sanctum
3032 2037 3310 2109 praedictis
3333 2050 3531 2093 conse-

1960 2142 1978 2176 1
2013 2125 2235 2195 quentia
2267 2127 2480 2195 dicere,
2518 2143 2826 2200 vocareque
2870 2129 3077 2186 fontem
3130 2130 3369 2201 Spiritus
3421 2129 3528 2183 Pa-

1957 2235 1976 2268 1
2015 2227 2176 2282 trem,
2209 2233 2276 2272 ex
2306 2233 2371 2274 eo
2400 2222 2784 2276 decernentem
2811 2221 3034 2287 ell'undi,
3057 2227 3352 2292 procedere
3375 2221 3530 2276 scili-

1956 2326 1974 2359 1
2014 2318 2122 2375 cet,
2174 2313 2509 2381 suppeditari
2559 2328 2688 2367 vero
2751 2330 2846 2383 per
2896 2313 3120 2369 Filium.
3166 2314 3531 2369 Considerata

1956 2416 1974 2450 1
2012 2410 2292 2466 praeterea,
2331 2418 2456 2457 cum
2507 2405 2659 2458 illum
2713 2404 2846 2458 dicit
2899 2421 3006 2460 uou
3065 2406 3303 2458 alienum
3340 2420 3463 2460 esse
3497 2419 3528 2458 a

1956 2507 1977 2541 1
2017 2492 2411 2548 sublimissima
2464 2497 2716 2558 essentia,
2753 2496 2935 2550 divine
2967 2496 3286 2558 admodum,
3336 2499 3382 2552 si
3437 2512 3526 2552 me

1956 2599 1976 2633 1
2020 2597 2136 2636 mea
2173 2599 2278 2637 non
2315 2584 2450 2637 fallit
2482 2588 2778 2651 sententia,
2817 2587 2959 2641 inter
2992 2587 3204 2641 Patrem
3250 2597 3304 2641 et
3328 2588 3528 2643 Filium

1955 2690 1974 2723 1
2013 2672 2307 2727 discrimen
2339 2677 2693 2744 apposuisse,
2749 2692 2871 2731 cum
2911 2677 3182 2732 addiderit
3223 2695 3287 2732 ex
3333 2681 3448 2748 ipsa
3476 2691 3531 2736 et

1954 2779 1973 2812 1
2015 2764 2070 2818 in
2105 2765 2240 2831 ipsa,
2295 2775 2348 2819 et
2385 2781 2450 2818 ex
2493 2769 2610 2835 ipsa
2658 2770 2876 2837 quidem
2921 2767 3092 2832 Patri,
3149 2771 3204 2823 in
3246 2772 3362 2839 ipsa
3394 2786 3526 2827 vero

1956 2874 1975 2906 1
2013 2854 2150 2910 Filio
2181 2857 2505 2923 attribueus,
2538 2868 2592 2914 et
2624 2875 2748 2914 cum
2786 2871 3046 2930 praeterea
3083 2873 3316 2932 utraque
3339 2867 3530 2919 unive-

1956 2966 1974 2998 1
2013 2948 2103 3015 rit,
2129 2964 2252 3004 eum
2302 2953 2486 3006 subdit
2517 2955 2797 3023 proprium
2849 2956 3042 3024 ipsius.
3070 2955 3350 3011 Attendito
3399 2959 3528 3012 item

1955 3056 1974 3090 1
2009 3043 2283 3109 quomodo
2319 3045 2668 3114 supraposita
2711 3046 3116 3103 animadversio
3151 3049 3218 3103 de
3257 3065 3344 3116 eo,
3372 3050 3523 3118 quod

1954 3149 1973 3182 1
2017 3149 2082 3187 ex
2133 3136 2351 3204 propria
2385 3145 2581 3193 natura
2629 3138 2798 3192 veluti
2847 3153 2914 3192 ex
2967 3139 3117 3195 fonte
3163 3141 3315 3196 illum
3352 3140 3524 3198 Filius

264 3248 283 3279 1
334 3233 621 3300 παρούσης
650 3236 956 3303 περικοπῆς
984 3237 1218 3305 ἀκριϐὴς
1242 3238 1623 3306 ἀναφαίνεται,
1652 3240 1844 3310 λεγού-

1958 3240 1978 3274 ι
2026 3229 2308 3294 producat,
2353 3245 2381 3282 a
2409 3231 2660 3298 praesenti
2688 3233 2939 3301 pericope
2970 3232 3114 3289 clare
3145 3235 3523 3303 confirmatur,
3585 3253 3602 3274 ι

263 3339 283 3372 1
331 3338 434 3390 σης
464 3323 789 3393 προχεῖσθαι
809 3326 1064 3396 καθάπερ
1095 3327 1203 3380 ἀπὸ
1232 3331 1417 3399 πηγῆς
1443 3330 1542 3384 τοῦ
1575 3333 1712 3385 Θεοῦ
1746 3335 1842 3389 καὶ

259 3429 280 3463 1
329 3411 568 3482 Πατρὸς,
604 3415 960 3484 χορηγεῖσθαι
982 3415 1038 3467 δὲ
1073 3419 1140 3487 τῇ
1173 3417 1348 3471 κτίσει
1381 3419 1469 3473 διὰ
1501 3420 1595 3475 τοῦ
1631 3421 1786 3478 Υίοῦ.
1822 3439 1843 3474 ι

861 3505 1257 3574 Ἀντίρῤησις.

329 3597 396 3648 Ei
425 3595 514 3649 διὰ
552 3595 614 3648 τὸ
645 3597 831 3666 πηγὴν
883 3599 984 3667 μὲν
1019 3601 1114 3651 τοῦ
1156 3601 1474 3666 Πνεύματος
1505 3604 1596 3658 τὸν
1627 3605 1848 3675 Πατέρα

249 3691 313 3743 ἒν
350 3693 419 3760 τῇ
457 3692 684 3762 ῥηθείσῃ
708 3694 944 3763 ῥηθῆναι
973 3698 1273 3766 περικοπῇ,
1309 3699 1367 3762 ἐξ
1399 3699 1563 3750 αὑτοῦ
1599 3695 1738 3752 εἶναι
1761 3700 1849 3752 δο-

267 3787 568 3854 γματίζεις
600 3786 661 3836 τὸ
709 3786 953 3854 Πνεῦμα,
991 3786 1081 3839 διὰ
1126 3787 1184 3840 δὲ
1235 3787 1292 3840 τὸ
1325 3791 1558 3859 χορηγὸν
1590 3790 1682 3842 τὸν
1721 3791 1850 3844 ’Υίὸν

263 3875 506 3944 ῥηθῆναι
545 3877 644 3927 οὐκ
670 3875 728 3942 ἐξ
762 3875 952 3940 αὑτοῦ,
987 3876 1104 3945 ὥρα
1138 3894 1242 3943 σοι,
1269 3879 1398 3931 ὅταν
1425 3881 1524 3947 μὲν
1549 3879 1643 3932 τοῦ
1677 3882 1852 3950 μεγά-

269 3967 370 4019 λου
436 3967 643 4036 ἀκούῃς
690 3969 1011 4020 Ἀθανασίυυ
1061 3969 1308 4037 λέγοντος
1343 3989 1362 4022 1
1400 3971 1528 4025 ὅντα
1568 3974 1722 4044 παρά
1772 3974 1850 4045 τῷ

256 4059 446 4126 Harp“.
475 4060 566 4110 τὸν
591 4059 741 4125 Υἱὸν,
770 4059 869 4128 τὴν
900 4058 1082 4128 πηγὴν
1114 4060 1207 4113 τοῦ
1239 4061 1400 4128 ἁγίου
1433 4064 1772 4133 Πνεύματος,
1823 4083 1843 4116 ι

253 4151 322 4202 ἐκ
355 4149 454 4202 τοῦ
478 4149 607 4202 Υίοῦ
633 4150 962 4220 πρεσϐεύειν
991 4147 1132 4204 εἶναι
1154 4151 1454 4221 τὸΙΠνεῦμα
1473 4169 1488 4184 '
1522 4155 1648 4208 ὅταν
1665 4156 1720 4208 δὲ
1747 4156 1852 4210 πά-

253 4242 360 4304 ὶ.ιν,
392 4242 453 4293 ἐν
530 4243 558 4291 ὁ
576 4241 736 4304 αὐτὸς
761 4244 934 4312 μέγας
967 4243 1282 4306 Ἀθανάσιος
1311 4243 1585 4297 ἐκτίθεται
1620 4245 1850 4310 διαλέξει

262 4331 588 4400 Ὀρθοόὀξου
623 4334 716 4382 καὶ
759 4332 1037 4402 Ἀνομοίου
1068 4333 1273 4404 ἀκούῃς
1300 4333 1462 4384 αὐτοῦ
1491 4333 1742 4400 λέγοντος
1775 4337 1851 4398 ὡς

251 4441 272 4474 1
296 4423 554 4492 Χορηγός
574 4425 689 4476 ἐστι
713 4421 807 4476 τοῦ
829 4425 1142 4494 Πνεύματος
1169 4427 1196 4477 ὀ
1223 4425 1373 4491 Θεὸς,
1407 4443 1426 4476 ι
1457 4426 1551 4479 καὶ
1573 4427 1662 4478 τὸν
1692 4428 1852 4480 Ἀπό-

251 4515 446 4567 στολον
500 4514 558 4566 δὲ
609 4517 970 4584 παράγοντος,
1031 4520 1255 4586 λέγοντα
1291 4518 1417 4586 περὶ
1463 4519 1556 4572 τοῦ
1613 4519 1846 4589 Πατρὸς,

1961 3335 1980 3368 1
2011 3334 2134 3390 quae
2163 3323 2380 3385 asserit,
2407 3322 2608 3377 effundi
2645 3325 2809 3378 veluti
2837 3340 2868 3380 a
2902 3325 3049 3380 fonte
3076 3341 3106 3378 a
3126 3325 3238 3380 Deo
3261 3334 3317 3381 et
3343 3326 3524 3394 Patre,

1958 3429 1977 3464 1
2015 3413 2346 3482 suppeditari
2383 3429 2510 3470 vero
2533 3426 2796 3471 creaturae
2828 3433 2922 3487 per
2950 3416 3167 3474 Filium.
3217 3435 3237 3468 ι

2593 3506 2890 3577 ΒεῙιιιαιὶο.

2024 3597 2082 3652 Si
2129 3598 2260 3668 quia
2318 3598 2522 3655 dictum
2578 3609 2664 3654 est
2708 3601 2762 3652 in
2811 3600 2925 3669 jam
2979 3599 3197 3655 laudata
3250 3600 3526 3673 pericope,

1952 3689 2156 3745 {alitem
2187 3706 2311 3745 esse
2358 3692 2594 3760 Spiritus
2626 3690 2865 3755 Patrem,
2907 3708 2973 3747 ex
3011 3707 3078 3747 eo
3113 3693 3376 3762 Spiritum
3402 3707 3528 3747 esse

1953 3782 2220 3846 decernis,
2251 3784 2379 3851 quia
2408 3798 2535 3836 vero
2565 3798 2594 3835 a
2623 3782 2762 3838 Filio
2797 3784 3154 3851 suppeditari,
3192 3799 3299 3837 nor.
3331 3799 3398 3836 ex
3434 3798 3522 3848 eo,

1949 3870 2060 3940 jam
2097 3886 2222 3924 cum
2278 3872 2438 3926 audis
2493 3887 2750 3941 magnum
2801 3873 3160 3926 Athanasium
3207 3873 3520 3937 dicentem,

1957 3980 1976 4013 1
2025 3963 2220 4017 Filium
2253 3964 2346 4033 qui
2377 3965 2516 4032 apud
2548 3967 2765 4017 Patrem
2803 3975 2907 4029 est,
2949 3963 3155 4017 fontem
3187 3978 3312 4018 esse
3345 3961 3524 4031 Spiri-

1954 4064 2042 4108 tus
2069 4059 2268 4120 saucti,
2306 4072 2325 4106 ι
2365 4072 2432 4110 ex
2487 4054 2626 4110 Filio
2677 4054 2940 4126 Spiritum
2978 4058 3292 4121 decernere,
3353 4055 3527 4108 faten-

1952 4147 2081 4200 dum
2110 4147 2334 4201 omnino
2365 4146 2459 4202 tibi
2489 4157 2590 4204 est.
2624 4147 2948 4217 Rursusque
2993 4162 3118 4202 cum
3156 4150 3209 4202 in
3247 4146 3525 4216 colloquio

1952 4253 1982 4292 a
2027 4255 2086 4293 se
2119 4239 2258 4293 inter
2297 4238 2674 4294 Orthodoxum
2721 4249 2778 4293 et
2831 4240 3159 4293 Anommum
3197 4240 3526 4293 concinnato

1953 4328 2222 4383 dicentem
2279 4331 2456 4396 audis,
2501 4349 2520 4381 1
2564 4330 2733 4384 Deum
2793 4332 3140 4399 suppeditare
3173 4329 3456 4399 Spiritum,
3497 4348 3516 4380 ι

1951 4422 2421 4491 adducentemque
2463 4421 2708 4492 Apostoli
2752 4421 2980 4485 dictum,
3022 4424 3089 4475 ad
3124 4438 3223 4475 sua
3255 4422 3523 4475 corrobo-

1952 4515 2141 4581 rauda,
2175 4515 2240 4568 de
2272 4513 2430 4568 Patre
2459 4515 2726 4569 dicentem
2759 4530 2775 4568 :
2823 4532 2842 4565 1
2874 4513 2975 4579 Qui
3009 4513 3316 4582 suppeditat
3363 4514 3522 4567 nobis

251 4624 270 4658 1
308 4607 367 4660 '0
386 4609 735 4676 ἐπιχορηγῶν
760 4613 817 4661 ὲν
841 4610 974 4678 ἡμῖν
1006 4610 1066 4662 τὸ
1091 4611 1337 4679 Πνεῦμα,
1362 4612 1454 4664 καὶ
1497 4610 1733 4682 ἐνεργῶν
1782 4615 1838 4663 ὲν

1956 4608 2216 4676 spiritum,
2247 4616 2301 4661 et
2326 4615 2583 4676 Operatur
2614 4607 2667 4660 in
2707 4607 2865 4660 nobis
2894 4608 3122 4661 virtutes
3139 4606 3206 4670 5‘,
3249 4625 3268 4656 ι
3313 4622 3422 4659 nou
3451 4621 3520 4660 ex

245 4701 386 4768 ἡμῖν
415 4700 700 4768 δυνάμεις,
728 4701 830 4752 οὐκ
876 4703 939 4752 ὲκ
967 4701 1059 4754 τοῦ
1093 4703 1305 4772 Πατρὸς
1336 4699 1476 4756 εἶναι
1506 4701 1830 4772 πρεσϐεύειν

247 4793 400 4856 αὐτὸ,
430 4792 546 4844 ἀλλ’
593 4795 656 4846 ὲκ
690 4795 788 4862 μὲν
846 4797 941 4847 τοῦ
985 4795 1115 4847 Υίοῦ
1149 4793 1290 4849 εἶναι
1322 4796 1396 4858 ὡς
1426 4797 1490 4849 ἐκ
1517 4796 1727 4864 πηγῆς,
1767 4797 1832 4847 ἐκ

245 4884 303 4942 δὲ
330 4884 426 4936 τοῦ
458 4885 670 4954 Πατρὸς
703 4886 1055 4955 διανέμεσθαι
1080 4889 1190 4949 τοῖς
1220 4888 1412 4952 ἀξίοις,
1459 4887 1533 4949 ὡς
1568 4888 1828 4957 χορηγοῦ,

253 4976 534 5042 ἄνθρωπε,
569 4977 676 5029 πᾶν
725 4979 776 5029 εί
802 4995 854 5030 τι
893 4980 958 5030 ὲκ
989 4979 1198 5047 110.190,-
1227 4980 1321 5030 καὶ
1371 4978 1432 5042 ἐξ
1459 4978 1610 5042 Υἱοῦ,
1640 4982 1735 5032 καὶ
1761 4981 1827 5031 ὲκ

247 5065 465 5136 Πατρὸς
515 5067 580 5121 δι’
623 5067 753 5120 Υἱοῦ
797 5069 1016 5136 λέγεται
1054 5066 1214 5135 εἶναι,
1265 5069 1341 5129 ὡς
1385 5071 1447 5134 ὲξ
1492 5070 1610 5132 ἑνὸς
1665 5070 1823 5134 Θεοῦ,

248 5159 355 5211 ίσθι
389 5158 554 5212 τοῦτο
595 5160 913 5230 λεγόμενον.
959 5162 1307 5230 Ἐμφυσᾶται
1357 5159 1466 5231 γὰρ
1519 5159 1578 5227 ἐξ
1619 5163 1824 5231 ἀμφοῖν

245 5250 303 5303 τδ
352 5252 584 5320 Πνεῦμα
605 5252 666 5303 τὸ
708 5252 884 5321 ἀγιον,
918 5256 1011 5307 καὶ
1040 5253 1099 5319 ἐξ
1141 5255 1344 5323 ἀμφοῖν
1385 5255 1693 5324 προχεῖται,
1730 5251 1824 5307 καὶ

246 5344 300 5409 ἐξ
332 5346 540 5413 ἀμφοῖν
589 5348 929 5416 χορηγεῖται,
979 5347 1074 5398 καὶ
1133 5347 1355 5408 πάντως
1413 5343 1588 5398 ταῦτα
1639 5345 1714 5407 ὡς
1764 5343 1824 5408 ἐξ

246 5433 360 5494 ἑνός
411 5434 532 5485 ἐστι
573 5433 750 5485 Θεοῦο
795 5436 893 5486 καὶ
946 5434 1208 5496 συστήσει
1276 5451 1368 5504 μοι
1423 5435 1516 5487 τὸν
1574 5433 1732 5500 λόγον
1793 5437 1820 5487 ὁ

245 5523 521 5588 θειότατος
553 5525 821 5595 Κύριλλος
847 5527 906 5577 ὲν
947 5526 1021 5594 τῷ
1051 5525 1196 5596 ἕκτῳ
1224 5527 1332 5579 τῶν
1381 5527 1517 5599 πρὸς
1559 5518 1864 5599 Ἑρμείαν

242 5575 914 5687 λιτυέιᾷῥιέᾦξδιέογάῥ
944 5575 1014 5670 εξ
1030 5575 1202 5689 nec;
1225 5575 1649 5694 4.1.3591:
1660 5575 1818 5674 ξιιμ

252 5843 254 5846 ρ
309 5773 360 5811 u
385 5771 552 5830 Joan.
595 5788 693 5839 xx,
727 5772 822 5828 9.2.
902 5772 1090 5828 "Gai.
1120 5788 1201 5838 tu,
1239 5775 1291 5828 5.

566 5867 834 5931 ΡΑῖῐιοι.
887 5869 1002 5930 Gn.
1048 5866 1244 5930 CXLI.

1939 4698 2096 4754 Patre
2136 4700 2284 4753 illum
2318 4699 2630 4765 decernere,
2671 4701 2764 4753 sed
2811 4715 2874 4754 ex
2918 4698 3057 4753 Filio
3082 4715 3201 4754 esse
3256 4712 3513 4768 tanquam

1940 4809 2007 4848 ex
2035 4794 2202 4857 fonte,
2236 4809 2301 4847 ex
2333 4793 2492 4846 Patre
2532 4809 2661 4847 vero
2699 4803 2958 4863 tauquam
2992 4810 3059 4847 ex
3101 4793 3514 4862 suppeditatore

1943 4888 2166 4940 attribui
2200 4888 2400 4956 dignis.
2435 4885 2478 4939 0
2516 4887 2589 4940 mi
2628 4887 2812 4951 homo,
2847 4885 3120 4956 Quidquid
3149 4899 3320 4940 estex
3354 4885 3516 4940 Patre

1939 4989 1992 5033 et
2028 4979 2186 5044 Filio,
2219 4989 2271 5032 et
2303 4996 2369 5032 ex
2403 4980 2565 5035 Patre
2609 4995 2703 5045 per
2757 4978 2952 5033 Filium
2991 4981 3191 5034 dicitur
3220 4996 3362 5039 esse,
3392 4991 3514 5035 tan-

1937 5086 2102 5139 quam
2133 5087 2198 5124 ex
2227 5085 2338 5124 uno
2369 5070 2500 5136 Deo,
2532 5071 2638 5124 dici
2669 5073 2832 5125 scito.
2866 5072 3180 5134 [insumatur
3208 5075 3351 5126 enim
3387 5071 3512 5139 Spi-

1937 5163 2073 5217 ritus
2115 5171 2336 5216 sanctus
2371 5161 2438 5215 ab
2466 5172 2700 5231 utroque
2733 5173 2784 5216 ct
2817 5162 2886 5216 ab
2917 5170 3148 5232 utroque
3186 5161 3509 5220 eﬂunditur.

1935 5264 1989 5308 et
2020 5255 2088 5309 ab
2119 5263 2353 5324 utroque
2404 5255 2807 5324 suppeditatur,
2843 5265 2898 5308 et
2951 5257 3069 5309 haec
3113 5255 3296 5308 omnia
3325 5255 3403 5307 uti
3439 5269 3507 5306 ex

1937 5347 2044 5400 Deo
2077 5362 2184 5400 uno
2228 5355 2356 5400 sunt
2387 5365 2400 5400 :
2433 5348 2922 5417 comprobabitquc
2973 5363 3277 5401 sermonem
3323 5360 3504 5400 meum

1932 5437 2304 5493 divinissimus
2333 5436 2569 5507 Cyrillus
2607 5437 2743 5491 libro
2776 5450 2931 5492 sexto
2985 5439 3051 5490 ad
3105 5436 3379 5490 Hermiam
3421 5435 3506 5490 bis

1879 5531 2224 5608 ﬂ.ipsissimis
2273 5531 2502 5585 verbis:
2549 5548 2567 5580 1
2604 5527 2875 5599 Quidquid
2927 5545 2956 5582 a
3016 5529 3177 5583 Patre
3237 5529 3334 5594 llt,
3397 5527 3502 5580 hoc

1930 5622 2110 5678 modis
2153 5622 2409 5679 omnibus
2469 5622 2714 5691 operatio
2775 5634 2995 5690 quoque
3047 5620 3166 5674 Filii
3219 5619 3402 5684 fuerit,
3449 5627 3506 5675 «τι

3031 5876 3104 5938 17
