4002 6408
518 339 623 403 523

1596 336 1804 399 JOAN.
1844 337 2053 398 VECCI
2099 337 2211 398 ΟΡ.
2254 337 2764 399 PATRIABCH/E

3662 336 3758 403 εει

515 450 777 522 quidquid
835 450 1036 504 dicitur
1091 463 1119 503 a
1182 448 1321 503 Filio
1373 447 1549 513 eliici,
1609 449 1714 502 hoc
1744 448 1887 502 idem
1939 463 2084 517 pror-

2197 449 2260 519 δὴ
2289 450 2503 513 πάντως
2532 450 2682 503 ἐστὶν
2712 447 2996 519 ἐνέργημα
3025 446 3119 500 τοῦ
3174 445 3328 513 Υίοῦ,
3362 444 3457 499 καὶ
3503 446 3642 516 ὅπερ
3698 447 3760 501 ἂν

518 560 615 600 sus
693 554 748 598 et
803 559 833 597 a
894 544 1053 597 Patre
1114 542 1309 597 confici
1378 540 1614 606 dicitur,
1668 540 1852 595 omnia
1917 539 2091 609 siqui-

515 637 638 692 dem
691 637 761 689 ab
831 645 1063 702 utroque
1112 641 1166 686 et
1233 645 1387 701 aequa
1460 630 1639 686 lance.
1692 650 1710 682 ι
1797 630 2090 700 Itemque:

522 746 542 778 ι
575 724 858 791 Quomodo
894 738 1004 777 non
1034 738 1129 792 per
1161 730 1455 790 utrumque
1488 720 1543 776 in
1574 736 1672 776 nos
1706 722 1902 775 immiti
1935 737 2091 790 aequa

516 820 726 870 ratione
768 815 932 869 vitam
985 814 1352 869 concedetuus
1380 853 1397 880 ,
1448 820 1504 867 et
1553 827 1659 867 non
1713 827 1781 866 ex
1828 812 2087 874 duobus,

514 909 606 962 sed
657 916 913 973 tanquam
955 920 1033 975 ex
1091 920 1200 958 uno
1262 903 1447 959 omnia
1493 902 1817 958 vivillcante'
1866 900 2023 956 Deo?
2062 918 2082 952 ι

513 998 867 1053 Conﬁrmabit
913 1010 1074 1064 porro
1110 995 1231 1049 inec
1281 1004 1337 1049 et
1387 994 1661 1049 maximus
1706 993 2087 1048 Athanasius:

517 1108 536 1139 ι
572 1086 763 1149 Dante,
795 1086 891 1149 ait,
932 1083 1092 1139 Patre
1128 1084 1360 1152 gratiam
1400 1093 1454 1137 et
1491 1097 1709 1152 pacem,
1748 1081 1995 1137 eamdem
2036 1086 2091 1133 et

514 1178 681 1232 Filius
732 1176 1018 1246 elargitur.
1075 1173 1192 1229 Una
1243 1173 1516 1242 siquidem
1571 1172 1870 1240 eademque
1914 1169 2089 1240 gratia

511 1278 596 1323 est
634 1283 666 1321 a
707 1267 867 1322 Patre
897 1268 949 1320 in
985 1264 1149 1329 Filio,
1194 1265 1652 1334 quemadmodum
1690 1277 1857 1316 unum
1890 1272 1973 1317 est
2006 1262 2090 1316 ln—

511 1375 635 1415 men
669 1360 803 1414 solis
848 1366 903 1414 et
948 1357 1110 1424 radii,
1162 1367 1216 1411 et
1250 1358 1508 1424 splendor
1547 1355 1680 1409 solis
1721 1369 1817 1424 per
1871 1354 2087 1408 radium

512 1454 595 1515 lit,
633 1470 655 1506 ι
693 1461 806 1505 tum
837 1449 1025 1505 addit:
1058 1466 1077 1500 ι
1116 1447 1405 1516 Pr0pterea
1436 1457 1489 1500 et
1513 1445 1714 1500 Paulus
1750 1447 1816 1500 ad
1846 1443 2087 1500 Thessa-

512 1542 822 1599 lonicenses
859 1541 1093 1595 scribit:
1130 1558 1149 1590 ι
1190 1537 1310 1608 Ipse
1342 1553 1474 1592 vero
1526 1540 1669 1592 Deus
1720 1546 1776 1592 et
1822 1537 1981 1592 Pater
2030 1547 2087 1593 et

512 1635 776 1690 Dominus
802 1631 963 1688 Iesus
1001 1631 1259 1689 Christus
1298 1631 1501 1700 dirigat
1547 1632 1689 1684 viam
1736 1640 1979 1685 nostram
2015 1634 2085 1685 ad

509 1742 607 1782 vos
627 1726 711 1791 ",
749 1744 769 1777 ι
828 1725 1095 1779 unitatem
1148 1721 1331 1778 Patris
1383 1730 1438 1777 et
1495 1719 1621 1776 Filii
1684 1723 2081 1777 conservavit:

2194 539 2408 608 λέγοιτο
2441 539 2893 610 διαπεραίνεσθαι
2922 538 2991 592 δι’
3034 537 3187 603 Υίοῦ,
3255 535 3416 591 τοῦτο
3445 536 3509 609 δὴ
3549 536 3762 602 πάντως

2193 633 2314 684 ἐστὶ
2350 632 2683 701 κατόρθωμα
2715 628 2810 682 τοῦ
2846 628 3094 698 Πατρός’
3126 629 3303 682 πάντα
3325 627 3434 699 γὰρ
3458 627 3528 679 δι’
3562 627 3763 697 ἀμφοῖν

2194 722 2253 773 ὲν
2306 721 2406 790 τσῳ
2427 737 2444 753 ο
2484 740 2502 773 ι
2553 721 2647 773 καὶ
2676 720 2837 775 πάλιν
2859 736 2874 751 '
2913 738 2930 771 ι
2957 720 3080 783 Πῶς
3106 720 3165 773 οὐ
3196 718 3264 772 δι’
3284 719 3487 787 ἀμφοῖν
3511 720 3593 781 εἰς
3621 719 3767 788 ἡμᾶς

2191 812 2250 867 ιν
2271 813 2370 881 ἴσῳ
2403 813 2539 868 ἰέναι
2570 812 2819 882 δώσομεν
2860 812 2960 881 τὴν
3002 812 3145 880 ζωὴν
3173 810 3269 865 καὶ⁵
3288 807 3443 863 οὗτοι
3465 824 3570 863 που
3599 809 3764 872 δυοῖν,

2190 904 2305 958 ἀλλ’
2339 904 2414 968 ὡς
2444 905 2504 968 ἐξ
2532 904 2649 967 ἑνὸς
2673 904 2768 956 τοῦ
2794 903 2862 957 τὰ
2896 903 3074 957 πάντα
3101 900 3494 969 ζωογονοῦντος
3522 899 3661 953 Θεοῦ
3690 917 3706 968 ;
3743 919 3761 952 ι

2204 994 2620 1049 Ἐπιὸεὸαιὼσει
2652 1012 2742 1066 μοι
2795 995 2852 1048 δὲ
2903 995 2973 1049 τὰ
3027 993 3169 1048 αὐτὰ
3221 994 3315 1046 καὶ⁹
3366 993 3396 1045 ὁ
3451 991 3764 1063 πάμμεγας

2202 1086 2518 1149 Ἀθανάσιος
2544 1086 2719 1155 λέγων
2738 1101 2751 1115 ·
2787 1108 2806 1139 ι
2839 1087 3080 1149 Διδόντος
3109 1086 3202 1139 τοῦ
3237 1086 3451 1156 Πατρδς
3475 1086 3639 1156 χάριν
3676 1086 3772 1139 καὶ

2190 1176 2436 1247 εἰρήνην,
2472 1176 2641 1245 αὐτὴν
2678 1175 2774 1229 καὶ
2816 1176 2846 1228 ὁ
2875 1176 3005 1238 Υίὸς
3054 1176 3260 1230 δίδωσι.
3311 1176 3426 1230 Μία
3470 1176 3581 1245 γὰρ
3611 1175 3767 1245 καὶὴ

2189 1266 2328 1335 αὑτὴ
2356 1268 2513 1338 χάρις
2545 1268 2663 1322 ἐστὶ
2710 1269 2861 1337 παρὰ
2892 1266 3106 1334 Πατρὸς
3148 1269 3205 1319 ὲν
3239 1266 3375 1337 Υίῷ,
3411 1266 3488 1328 ὡς
3522 1265 3674 1320 ἐστιν
3714 1264 3770 1319 ἓν

2187 1357 2250 1410 τὸ
2297 1358 2413 1426 φῶς
2438 1356 2533 1411 τοῦ
2562 1358 2718 1428 ἡλίου
2771 1357 2866 1412 καὶ
2910 1357 3006 1411 τοῦ
3039 1359 3505 1426 ἀπαυγάσματος,
3564 1356 3666 1413 καὶ
3711 1357 3772 1409 τὸ

2188 1448 2449 1517 φωτίζειν
2490 1447 2590 1503 τοῦ
2651 1448 2803 1518 ἡλίου
2847 1448 2938 1503 διὰ
2980 1449 3075 1502 τοῦ
3120 1448 3555 1519 ἀπαυγάσματος
3622 1446 3775 1516 γίνε-

2186 1555 2313 1593 ταιο
2382 1559 2401 1592 ι
2456 1540 2549 1593 καὶ
2579 1540 2898 1610 προστιθείς
2928 1555 2943 1571 ·
2983 1559 3002 1593 ι
3045 1540 3145 1593 Διὰ
3201 1539 3360 1593 τοῦτο
3410 1542 3508 1597 καὶ
3544 1538 3767 1605 Παῦλος

2188 1632 2325 1702 πρὸς
2382 1632 2579 1696 αὐτοὺς
2607 1632 3019 1696 Θεσσαλονικείς
3074 1632 3283 1699 λέγων·
3325 1649 3346 1684 ι
3405 1632 3580 1694 Αὐτὸς
3630 1631 3696 1686 δὲ
3745 1633 3773 1686 ι

2188 1721 2323 1787 Θεὸς
2356 1726 2448 1777 καὶ
2474 1723 2687 1794 Πατὴρ,
2721 1723 3035 1793 καὶΚύριος
3074 1722 3281 1792 Ἰησοῦς
3310 1720 3545 1791 Χριστὸς
3574 1735 3775 1776 καταυ-

512 1832 687 1887 neque
716 1816 862 1871 enim
893 1815 1054 1879 dixit,
1097 1814 1357 1883 dirigant,
1381 1823 1640 1883 tanquam
1672 1813 1822 1884 quod
1872 1829 2075 1871 conce-

2197 1815 2337 1867 ltivai
2389 1815 2488 1884 τὴν
2516 1815 2632 1868 ὁδὸν
2665 1814 2822 1884 ἡμῶν
2852 1813 2990 1884 πρὸς
3020 1814 3187 1883 ὑμᾶς,
3227 1831 3247 1866 ι
3282 1812 3383 1884 τὴν
3413 1813 3643 1883 ἑνότητα
3674 1809 3771 1865 τοῦ

512 1909 729 1962 deretur
759 1921 787 1959 a
822 1904 1037 1959 duobus
1081 1907 1149 1959 ab
1186 1907 1288 1959 hoc
1318 1913 1373 1958 et
1415 1904 1487 1959 ab
1535 1905 1666 1969 hoc,
1726 1906 1823 1959 sed
1866 1906 2086 1977 dirigat,

510 2006 572 2052 ut
602 1995 856 2053 ostendat
882 2009 913 2049 a
940 1995 1102 2050 Patre
1129 2008 1226 2064 per
1244 1992 1444 2049 Filium
1477 2008 1599 2049 eam
1628 1994 1814 2065 dirigi.
1855 2013 1875 2047 ι

768 2301 850 2356 Ex
875 2302 1109 2356 secunda
1147 2302 1394 2356 oratione
1422 2304 1492 2357 ad
1519 2301 1821 2358 Hermiam.

581 2416 715 2473 XCI.
785 2435 805 2469 ι
842 2416 975 2471 Nam
1017 2432 1284 2473 summam
1335 2418 1551 2488 quidem
1610 2420 1873 2484 radicem.
1943 2420 2085 2475 ultra

516 2532 534 2559 4
570 2525 736 2578 quam
788 2508 927 2564 nihil
961 2510 1234 2579 intelliges
1285 2524 1349 2565 ac
1395 2513 1696 2581 concipies,
1742 2513 1977 2578 Patrem,
2032 2522 2086 2566 et

518 2624 533 2650 ι
578 2616 790 2656 summa
817 2602 1000 2655 radice
1026 2611 1213 2655 natum
1248 2610 1302 2655 et
1322 2604 1563 2671 genitum
1596 2606 1832 2672 accipies
1863 2602 2082 2669 Filium,

518 2717 535 2745 I
582 2708 691 2748 non
722 2692 778 2746 in
802 2692 997 2746 ordine
1037 2692 1231 2761 equali
1267 2707 1390 2746 cum
1433 2694 1701 2747 creaturis
1732 2697 1985 2748 sortitum
2029 2695 2082 2748 in

514 2804 532 2836 ι
574 2795 817 2853 tempore
866 2783 1298 2851 generationem,
1344 2798 1523 2853 neque
1577 2783 1888 2840 minoribus
1917 2800 2081 2855 quam

515 2898 532 2926 ι
570 2876 625 2929 in
685 2875 794 2940 bis,
849 2874 904 2928 in
955 2873 1158 2943 quibus
1219 2874 1383 2927 Pater
1431 2885 1514 2928 est
1553 2890 1667 2929 suae
1705 2876 2081 2932 declarantem

512 2985 530 3015 ι
573 2973 783 3018 natura:
808 2963 1295 3033 pulchritudinem,
1324 2966 1419 3018 sed
1452 2965 1613 3018 simul
1639 2974 1989 3030 coaaternum,
2028 2975 2084 3021 et

514 3075 532 3105 ι
576 3069 672 3122 per
689 3052 873 3107 omnia
902 3053 1166 3121 aequalem
1196 3067 1508 3107 mensuram
1533 3055 1822 3109 habentem
1851 3067 2082 3126 excepto

2194 1904 2407 1973 Πατρὸς
2432 1904 2526 1955 καὶ
2543 1902 2639 1955 τοῦ
2673 1903 2803 1955 Υἱοῦ
2828 1903 3093 1972 ἐφύλαξεν
3122 1921 3138 1936 ο
3165 1903 3225 1956 οὺ
3257 1903 3368 1972 γὰρ
3396 1897 3540 1967 εἶπε,
3573 1918 3770 1954 κατευ-

2191 1993 2431 2056 θύναιεν,
2467 1993 2544 2055 ὡς
2584 1994 2736 2061 παρὰ
2782 1993 2879 2046 δύο
2917 1994 3200 2065 διδομένης
3229 1995 3383 2065 παρὰ
3414 1994 3613 2047 τούτου
3669 1995 3763 2047 καὶ

2187 2086 2406 2147 τούτου,
2432 2085 2586 2150 ἀλλὰ,
2612 2084 2972 2151 κατευθύναι,
3006 2085 3094 2140 ἵνα
3128 2086 3278 2159 δείξῃ
3307 2087 3389 2141 δτι
3418 2088 3447 2139 ὁ
3476 2085 3665 2156 Πατὴρ
3691 2085 3759 2139 δι’

2190 2175 2319 2228 Υἱοῦ
2347 2175 2528 2227 δίδωσι
2554 2175 2785 2244 ταύτην.
2818 2194 2837 2227 ι

2378 2289 2475 2342 Ἐκ
2503 2288 2608 2343 τοῦ
2632 2289 2693 2352 ,β’
2729 2286 2845 2340 τῶν
2881 2288 3029 2356 πρὸς
3069 2286 3344 2358 Ἑρμείαν
3373 2290 3598 2357 λόγων.

2258 2403 2374 2468 AA.
2421 2418 2440 2452 ι
2478 2402 2592 2472 Τὴν
2625 2400 2726 2471 μὲν
2756 2404 2863 2474 γὰρ
2890 2403 3150 2457 ἀνωτάτω
3188 2402 3368 2471 ῥίζαν,
3392 2398 3463 2477 ἦς
3500 2405 3766 2459 ἐπέκεινα

2193 2512 2211 2545 ι
2258 2493 2317 2546 τὸ
2353 2493 2575 2561 σύμπαν
2598 2494 2772 2555 οὐδὲν.
2793 2495 3067 2565 ἐννοήσεις
3095 2493 3184 2545 τὸν
3216 2496 3455 2565 Πατέρα,
3487 2495 3580 2548 τὸν
3612 2496 3671 2549 δέ
3701 2512 3765 2565 γε

2192 2606 2209 2636 ι
2256 2588 2351 2653 τῆς
2408 2587 2671 2639 ἀνωτάτω
2736 2586 2892 2655 ῥίζης
2939 2587 3289 2656 ἐκπεφυκότα
3352 2590 3447 2640 καὶ
3501 2605 3766 2661 γεγεννῃο

2194 2696 2209 2721 ι
2252 2674 2411 2745 μένον
2450 2675 2725 2745 παραδέξῃ
2761 2677 2850 2728 τὸν
2889 2677 3039 2741 Υἰὸν,
3081 2675 3184 2728 οὐκ
3214 2678 3272 2727 ὲν
3323 2676 3414 2746 [σῃ
3458 2677 3612 2743 τάξει
3653 2683 3764 2743 τοῖς

2194 2788 2209 2815 ι
2260 2768 2649 2834 πεποιημένοις
2703 2774 2800 2835 την
2852 2769 2910 2819 ὲν
2951 2766 3128 2837 χρόνῳ
3178 2767 3409 2839 λαχόντα
3480 2771 3763 2840 γέννησιν,

2192 2877 2210 2909 ι
2257 2858 2381 2911 οὔτε
2406 2858 2512 2928 μὴν
2552 2859 2611 2911 ἐν
2636 2858 3004 2929 ὲ).ἀττοσιρν,ἢ
3037 2860 3095 2910 ὲν
3123 2853 3204 2920 οἷς
3255 2860 3282 2912 ὁ
3332 2859 3522 2927 Πατὴρ
3573 2860 3636 2911 τὸ
3666 2861 3765 2928 τῆς

2192 2968 2209 3000 ι
2261 2950 2396 3012 ἰδίας
2436 2950 2651 3019 φύσεως
2709 2951 3041 3019 ὲκφαίνοντα
3094 2949 3316 3013 καλλος,
3369 2951 3486 3003 ἀλλ’
3550 2951 3673 3020 ἁμα
3706 2967 3762 3002 τε

2191 3064 2210 3094 ι
2259 3045 2357 3097 καὶ
2388 3043 2682 3110 συναῖδιον,
2735 3044 2833 3097 καὶ
2880 3046 2988 3097 πᾶν
3024 3045 3202 3098 ὁτιοῦν
3265 3045 3547 3112 ίσόμετρον
3572 3043 3764 3113 ἔχοντα

511 3145 676 3198 ιιιιοο
727 3144 874 3213 quod
935 3153 1179 3211 generet,
1236 3145 1287 3196 id
1339 3158 1482 3197 enim
1518 3146 1621 3198 soli
1682 3147 1791 3199 Deo
1829 3156 1882 3201 et
1929 3147 2077 3201 Patri

2197 3156 2208 3186 ι
2254 3136 2377 3206 δίχα
2403 3136 2566 3206 μόνου
2620 3136 2713 3189 τοῦ
2743 3139 2945 3191 τεκεῖν.
2998 3139 3272 3206 Προσήκοι
3315 3139 3425 3206 γὰρ
3483 3136 3552 3189 ἂν
3606 3136 3764 3189 τοῦτο

512 3255 533 3286 ι
569 3237 845 3290 convenit.
884 3234 1145 3289 Sanctum
1181 3235 1309 3288 item
1348 3234 1608 3304 Spiritum
1642 3239 2083 3306 aguominamus,

516 3349 534 3379 ι
569 3329 663 3397 qui
693 3344 759 3383 ex
783 3327 894 3382 Deo
925 3326 1085 3380 Patre
1109 3342 1204 3396 per
1224 3325 1423 3380 Filium
1448 3331 1771 3385 naturaliter
1797 3333 2087 3400 profundi-

514 3441 532 3471 ι
575 3431 685 3485 tur,
738 3420 896 3488 quasi
924 3421 978 3472 in
1011 3422 1182 3489 ligura
1233 3420 1553 3488 spirationis
1586 3437 1651 3476 ex
1697 3437 1792 3477 ore
1827 3426 2083 3481 exeuntis

514 3534 532 3563 ι
574 3511 851 3582 propriam
892 3512 1051 3565 nobis
1082 3512 1459 3566 exsistentiam
1489 3514 1760 3583 designat.
1784 3516 1879 3571 Sic
1906 3520 2084 3571 mani-

515 3624 534 3654 ι
579 3601 773 3656 festam
808 3610 861 3654 et
891 3600 1232 3655 iueonlusam
1262 3604 1425 3656 trium
1463 3602 1829 3673 bypostaseon
1854 3607 1909 3661 in
1942 3623 2077 3675 pro-

514 3711 531 3742 ι
573 3694 708 3762 priis
744 3692 1082 3747 exsisteutiis
1118 3692 1507 3762 proprietatem
1557 3710 1804 3763 servans,
1836 3714 1999 3752 unam
2028 3708 2082 3753 et

513 3803 532 3835 ι
571 3784 1096 3840 consubstantialem
1175 3792 1431 3838 naturam
1509 3788 1756 3858 reginam
1827 3792 2079 3846 omnium

511 3893 529 3926 ι
566 3874 844 3929 adorabis.
886 3891 911 3927 ι

1075 3967 1495 4024 Animadversio.

583 4074 604 4107 ι
638 4056 917 4111 Adnotato
947 4057 1038 4112 hic
1066 4073 1287 4127 quoque
1332 4061 1638 4117 naturalem
1665 4061 1907 4132 Spiritus
1938 4062 2079 4119 etfu-

513 4165 530 4198 ι
568 4146 779 4201 sionem
832 4162 899 4203 ex
931 4146 1098 4204 Patre
1130 4165 1227 4219 per
1268 4149 1491 4219 Filium,
1531 4169 1640 4209 non
1671 4170 1804 4212 vero
1837 4171 1904 4211 ex
1941 4154 2084 4212 Filio

511 4257 529 4289 ι
573 4240 1003 4295 constabilitam.
1037 4258 1056 4292 ι

1142 4333 1439 4404 Refutalio.

583 4423 643 4476 Si
672 4425 1089 4491 praepositiones
1118 4441 1203 4490 ex,
1246 4436 1300 4481 et
1340 4443 1432 4495 per
1459 4444 1565 4483 non
1600 4439 1783 4484 essent
1815 4445 1983 4484 unum
2017 4445 2082 4485 ac

2195 3247 2211 3280 ι
2260 3229 2407 3299 μόνῳ
2428 3228 2510 3299 τῷ
2538 3228 2658 3299 Θεῷ
2687 3230 2778 3281 καὶ
2809 3229 3003 3299 Πατρί.
3055 3230 3210 3296 ἆγιον
3248 3231 3305 3280 δὲ
3340 3229 3565 3297 Πνεῦμα
3594 3246 3763 3298 προσ-

2195 3340 2213 3372 ι
2258 3323 2405 3391 τρεῖς
2445 3322 2507 3374 τὸ
2557 3322 2624 3373 ὲκ
2669 3319 2806 3373 Θεοῦ
2878 3322 3090 3389 Πατρδς
3119 3321 3186 3374 δι’
3216 3319 3347 3374 Υίοῦ
3390 3325 3765 3390 προχεόμενον

2192 3431 2212 3465 ι
2260 3413 2527 3483 φυσικῶς,
2560 3412 2813 3483 καθάπερ
2840 3415 2900 3467 ἂν
2927 3412 3085 3485 τύπῳ
3110 3414 3209 3483 τῆς
3241 3415 3306 3467 ὲκ
3330 3414 3442 3468 τῶν
3475 3416 3763 3484 στομάτων

2192 3524 2210 3555 ι
2254 3504 2531 3575 διαπνοῆς,
2581 3506 2681 3574 τὴν
2737 3506 2873 3558 ἰδίαν
2906 3508 3044 3574 ἡμῖν
3097 3506 3469 3575 ὑποσημαῦον
3501 3504 3758 3576 ὓπαρξιν,

2192 3616 2213 3679 ε
2256 3595 2401 3649 οὕτω
2422 3594 2486 3649 τε
2515 3597 2661 3667 σαφῆ
2699 3598 2797 3650 καὶ
2827 3598 3133 3668 ἀσύγχυτον
3163 3598 3261 3667 τὴν
3286 3598 3396 3650 τῶν
3418 3597 3590 3668 τριῶν
3623 3598 3759 3650 ὑπο-

2190 3713 2209 3743 ι
2259 3692 2506 3745 στάσεων
2559 3692 2618 3744 ἐν
2680 3691 2876 3755 ίδικαῖς
2923 3691 3224 3759 ὑπάρξεσιν
3270 3690 3510 3760 ἰδιότητα
3552 3692 3756 3762 τηρῶν,

2192 3801 2211 3835 ι
2263 3784 2393 3853 μίαν
2425 3799 2487 3835 τε
2504 3781 2598 3836 καὶ
2618 3781 2906 3853 ὁμοούσιον
2921 3782 3023 3855 τὴν
3043 3783 3300 3837 ἁπάντων
3324 3780 3573 3852 βασιλίδα
3591 3796 3758 3851 προσ-

2193 3895 2210 3926 ι
2253 3876 2508 3946 κυνήσεις
2529 3876 2715 3944 φύσιν.
2742 3892 2764 3926 ι

2798 3966 3176 4021 ἐπιστασία.

2259 4077 2278 4109 ι
2327 4059 2643 4130 Σημείωσαι
2681 4058 2961 4114 κάνταῦθα
2976 4059 3080 4129 τὴν
3106 4058 3342 4131 φυσικὴν
3368 4056 3471 4111 τοῦ
3502 4055 3760 4127 Πνεύμα·

2191 4171 2210 4202 ι
2254 4168 2347 4215 τος
2372 4152 2660 4222 πρόχυσιν,
2702 4153 2767 4205 ὲκ
2794 4151 2891 4205 τοῦ
2918 4151 3137 4222 llas-pb;
3162 4149 3640 4221 δογματιζομένην
3669 4148 3755 4203 διὰ

2189 4259 2210 4295 ι
2256 4242 2350 4297 τοῦ
2372 4241 2527 4310 Υἰοῦ,
2561 4244 2623 4296 οὐ
2654 4245 2763 4314 μὴν
2792 4244 2887 4297 καὶ
2923 4245 2989 4296 ὲκ
3018 4243 3111 4295 τοῦ
3136 4241 3290 4296 Υίοῦ.
3318 4259 3339 4293 ι

2780 4336 3185 4404 ’Δντιρῤησις.

2255 4428 2319 4481 El
2356 4428 2455 4497 μὲν
2484 4427 2585 4481 οὐκ
2617 4423 2686 4499 ἦν
2708 4428 2906 4481 ταυτὸν
2934 4430 2969 4497 ὴ
2995 4428 3093 4481 διὰ
3125 4427 3221 4480 καὶ
3263 4426 3333 4491 ἐξ
3361 4427 3454 4481 ἐπὶ
3478 4426 3576 4480 τοῦ
3605 4423 3756 4492 Υἱοῦ,

508 4515 654 4568 idem
688 4515 742 4568 in
776 4514 941 4582 Filio,
980 4521 1166 4586 utique
1194 4535 1299 4573 non
1333 4520 1538 4590 absque
1584 4522 1795 4576 ratione
1823 4523 2079 4577 adnotas-

2197 4515 2356 4582 tl'moc
2375 4519 2442 4572 ἂν
2461 4514 2575 4589 εἶχε
2606 4519 2762 4587 λόγον
2808 4518 3168 4589 σημειοῦσθαι
3193 4534 3253 4571 σε
3280 4517 3454 4572 easta;
3477 4516 3575 4571 τοῦ
3604 4515 3756 4581 Υίοῦ,

504 4621 593 4660 ses
622 4606 800 4674 iillud,
830 4624 926 4676 per
969 4606 1188 4674 Filium,
1230 4627 1339 4664 non
1378 4628 1504 4667 vero
1536 4629 1601 4667 ex
1636 4612 1797 4668 Filio.
1845 4612 2077 4670 Verum-

2197 4611 2247 4664 »ὑ
2285 4613 2392 4682 μὴν
2425 4614 2520 4665 καὶ
2582 4613 2646 4664 ἑκ
2692 4611 2784 4664 τοῦ
2841 4610 2997 4664 Υίοῦ.
3029 4611 3183 4665 Ἐπεὶ
3203 4610 3260 4663 δὲ
3309 4611 3417 4663 πᾶν
3451 4609 3514 4663 τὸ
3544 4610 3636 4664 διὰ
3666 4610 3757 4664 τοῦ

505 4711 687 4751 tamen
721 4713 846 4752 cum
878 4701 1145 4770 quidquid
1196 4720 1292 4772 per
1355 4703 1549 4758 Filium
1594 4706 1792 4760 dicitur
1822 4722 1964 4769 esse,
1997 4716 2079 4761 est

2197 4703 2319 4757 Υἱοῦ
2351 4704 2643 4772 λεγόμενον
2689 4700 2831 4757 εἷναί
2873 4706 2993 4757 ἑστι
3037 4704 3133 4757 καὶ
3171 4707 3237 4757 ἐκ
3267 4706 3362 4756 τοῦ
3398 4702 3555 4767 Υίοῦ,
3584 4704 3651 4758 τὸ
3696 4708 3758 4755 ἐκ

504 4804 727 4857 quoque
780 4805 847 4843 ex
904 4792 1060 4859 Filio,
1116 4796 1212 4864 qui
1268 4811 1339 4851 ex
1385 4795 1498 4850 Deo
1543 4794 1706 4850 Patre
1752 4812 1849 4866 per
1885 4796 2082 4853 Filium

2197 4796 2563 4867 ΒεοῦζΠατρὸς
2592 4797 2659 4850 δι’
2693 4796 2824 4849 Υἱοῦ
2844 4796 3215 4868 προχεόμενον
3249 4796 3497 4863 φύσικῶς
3514 4796 3757 4865 Πνεῦμα,

506 4880 805 4935 effunditur
836 4885 1160 4941 naturaliter
1195 4887 1460 4958 Spiritus,
1495 4898 1549 4943 et
1594 4890 1760 4943 veluti
1796 4893 1848 4944 in
1886 4890 2079 4959 ﬁgura,

2197 4889 2277 4943 ιαὶ
2320 4889 2571 4962 καθάπερ
2631 4891 2690 4943 ὲν
2738 4888 2897 4961 τύπῳ
2942 4890 3042 4961 τὴν
3080 4891 3145 4943 ὲκ
3171 4889 3283 4943 τῶν
3328 4891 3616 4959 στομάτων
3649 4890 3762 4944 δια·

506 4985 635 5039 qua:
666 4986 731 5026 ex
760 4988 854 5028 ore
886 4977 998 5030 exit
1027 4977 1367 5047 spirationis,
1415 4994 1574 5033 suam
1625 4982 1783 5035 nobis
1838 4983 2083 5038 declarat

2197 4979 2355 5047 πνοῆς
2394 4978 2493 5048 τὴν
2550 4980 2687 5033 ίδίαν
2732 4980 2865 5050 ἡμῖν
2898 4981 3271 5051 ὑποσημαίνον
3312 4978 3552 5050 ὓπαρξιν
3576 4980 3637 5044 se
3658 4980 3764 5047 ἀμ·

504 5063 906 5132 exsistentiam,
950 5067 1243 5149 manifesto
1279 5069 1349 5123 ab
1375 5078 1609 5140 utroque
1639 5082 1743 5126 est.

2197 5072 2304 5138 poiv
2333 5070 2616 5141 προδήλως
2644 5073 2815 5126 ἐστίν.

715 5177 801 5231 Ex
828 5182 985 5235 tertia
1015 5182 1252 5251 ejusdem
1282 5192 1541 5238 tractatus
1570 5188 1859 5245 orationes.

2197 5184 2300 5238 Ἐκ
2332 5185 2439 5238 τοῦ
2471 5187 2674 5253 τρίτου
2705 5189 2894 5257 λόγου
2932 5185 3048 5256 ’τῆς
3090 5186 3285 5256 αὐτῆς
3331 5190 3763 5258 πραγματείας.

579 5287 737 5344 XCII.
775 5310 791 5342 ι
832 5291 943 5347 Nos
975 5309 1103 5347 vero
1127 5295 1351 5351 minime
1379 5297 1666 5366 cpinemur
1692 5316 1954 5369 unquam,
1988 5316 2083 5356 ex-

2255 5299 2369 5366 ιιΒν.
2407 5316 2427 5351 ι
2471 5300 2709 5354 Ἢκιστα
2750 5300 2805 5354 δὲ
2833 5301 2992 5372 ὑμεῖς
3017 5300 3334 5372 οἰηθείημεν
3362 5300 3427 5354 ἄν
3451 5318 3585 5357 ποτε
3611 5301 3763 5355 νόθον

510 5400 526 5430 ι
570 5392 786 5437 ternum
836 5385 1095 5454 quiddam
1151 5403 1292 5453 esse,
1352 5402 1406 5444 et
1470 5407 1642 5461 nuper
1675 5402 1859 5446 natum
1911 5393 2077 5448 Deum

2197 5407 2206 5440 l
2230 5386 2235 5389 ⁷
2251 5392 2350 5459 μὲν
2393 5386 2530 5443 εἶναι
2551 5392 2681 5444 Θεὸν
2708 5393 2802 5445 καὶ
2826 5393 3095 5464 ἀρτιφανῆ
3125 5393 3234 5463 τὸν,
3254 5392 3402 5458 Υίὸν,
3436 5394 3765 5459 ἁγιαζεσθαί

506 5491 523 5522 ι
564 5471 787 5541 Filium,
825 5476 1287 5548 sanctificarique,
1328 5481 1411 5536 vel
1451 5483 1614 5537 etiam
1651 5485 1721 5538 ad
1758 5485 2076 5538 iiliationem

2197 5501 2206 5533 l
2255 5499 2336 5549 τε,
2368 5480 2400 5552 ἢ
2435 5484 2566 5549 γοῦν
2612 5484 2690 5547 εἰς
2726 5484 2951 5552 υἱότητα
2991 5484 3383 5554 διακεκλῆσθαι
3414 5486 3567 5555 παρὰ
3602 5484 3760 5547 θεοῦ,

506 5582 526 5613 ι
565 5568 747 5620 vocari
796 5580 825 5620 a
877 5565 1008 5632 Deo,
1040 5578 1094 5623 et
1147 5572 1374 5641 gloriam
1424 5574 1673 5645 accipere
1724 5576 2076 5631 adventitiam

2197 5593 2209 5627 l
2255 5576 2349 5629 καὶ
2390 5574 2546 5640 δόξαν
2588 5576 2728 5628 ἑλεῖν
2761 5576 2858 5645 τὴν
2880 5576 3194 5649 εἰσποίητον
3231 5578 3329 5630 σὺν
3354 5577 3510 5647 ἡμῖν,
3547 5579 3762 5647 φύσεως

574 5749 658 5797 ⁸³1
693 5747 886 5804 Thess.
924 5767 1002 5811 tit,
1039 5752 1127 5806 Η.
