4002 6478
371 368 482 435 525

1330 361 1411 420 IN
1451 361 1843 422 CAMATERI
1881 359 2629 428 ANIMADVERSIONES.

3506 366 3610 430 526

378 507 399 536 ι
436 482 494 538 δὲ
526 478 728 552 μᾶλλον
775 474 1167 547 διαηκτῆσθαι
1200 473 1351 546 νόμῳ
1394 472 1537 528 τοῦθ’
1565 475 1702 545 ὅπερ
1750 477 1897 531 ἐστιν
1924 490 1938 505 ·

2063 494 2072 529 ι
2111 478 2417 545 nobiscum,
2466 478 2560 533 sed
2610 479 2727 548 lege
2774 484 2980 531 naturae
3015 478 3197 547 potius
3234 479 3519 550 possidere
3554 485 3605 538 id

378 595 399 628 ι
442 569 778 641 υἱοπριηθείη
802 569 848 633 δ’
868 568 936 631 ἂν
957 567 1079 622 οὔτε
1103 582 1205 623 που
1221 565 1308 621 διὰ
1333 564 1578 625 τοῦίδίου
1602 565 1936 635 Πνεῦματος.

376 684 397 718 ι
448 666 573 733 Ὀτι
601 663 711 732 γὰρ
744 663 875 721 ἴδιον
904 659 997 713 τοῦ
1025 657 1156 711 Υίοῦ
1182 658 1244 710 τὸ
1278 657 1501 725 Πνεῦμά
1544 658 1661 710 ἐστι
1688 657 1940 728 καθάπερ

374 778 395 810 ι
440 758 639 828 ἀμέλει
658 738 759 811 ’καὶ
794 751 887 806 τοῦ
912 752 1143 822 Πατρὸς,
1185 748 1442 819 ἀναμάθῃ
1460 764 1543 812 τις
1577 747 1644 801 ἂν
1675 749 1771 802 καὶ
1820 748 1941 803 λίαν

372 869 391 900 ι
441 845 687 917 ἀμογητὶ
720 843 884 903 αὑτοῦ
912 843 1012 911 μὲν
1040 842 1308 908 λέγοντος,
1345 857 1363 890 ι
1416 837 1478 892 Εἰ
1507 838 1601 891 οὖν
1642 838 1801 907 ὑμεῖς
1841 856 1942 892 πο-

370 958 389 991 ι
436 940 597 1010 νηροὶ
626 937 780 1000 ὄντες
825 936 1004 991 οῐδατε
1059 932 1307 1002 δόγματα
1357 932 1535 998 ἀγαθὰ
1575 930 1775 984 διδόναι
1828 934 1943 994 τοῖς

368 1050 389 1084 ι
434 1032 651 1094 ⁴ιεέκνοις
678 1028 851 1096 ὑμῶν’
886 1026 1036 1096 πόσῳ
1082 1024 1282 1095 μᾶλλον
1308 1027 1340 1076 ὁ
1388 1022 1573 1093 Πατὴρ
1603 1022 1763 1092 ἡμῶν
1812 1025 1840 1074 ὁ
1884 1024 1941 1074 ὲν

365 1143 387 1185 ί
435 1125 557 1191 τοῖς
608 1122 861 1191 οὐρανοῖς
917 1120 1077 1173 δώσει
1118 1117 1298 1186 ἀγαθὰ
1327 1118 1437 1178 τοῖς
1467 1114 1711 1168 αἰτοῦσιν
1755 1106 1940 1178 αὺτὸν,

366 1234 388 1279 ς
423 1216 523 1270 καὶ
564 1212 729 1268 πάλιν
750 1228 766 1244 ⁶
794 1212 869 1266 Οὐ
901 1212 1008 1280 γὰρ
1036 1211 1195 1273 ὑμεῖς
1227 1210 1350 1261 ἐστε
1379 1207 1429 1260 οἱ
1457 1205 1761 1268 λαλοῦντες.
1804 1204 1943 1263 ἀλλὰ

365 1327 386 1361 ι
429 1308 496 1363 τὸ
532 1307 759 1376 Πνεῦμα
788 1302 884 1357 τοῦ
914 1304 1127 1372 Πατρὸς
1158 1300 1313 1369 ὑμῶν
1345 1299 1407 1352 τὸ
1428 1297 1621 1351 λαλοῦν
1653 1299 1710 1349 ἐν
1742 1298 1937 1366 ὑμῖν-ι

366 1416 388 1450 ι
422 1397 526 1451 ὡδὶ
553 1396 612 1457 δὲ
640 1396 738 1455 ,καὶ
786 1393 999 1448 Παύλου
1055 1394 1170 1455 τοῖς
1204 1388 1555 1444 πιστεύουσιν
1594 1387 1943 1440 ἐπιστέλλον-

365 1506 386 1542 c
422 1506 519 1552 τος
541 1507 556 1519 ·
592 1506 612 1539 ι
635 1487 824 1556 Ὑμεῖς
853 1486 911 1540 δὲ
950 1486 1051 1538 οὐκ
1078 1483 1204 1536 ἐστὲ
1234 1484 1294 1536 ὲν
1322 1481 1510 1551 σαρκὶ,
1537 1480 1736 1543 ἀλλ’,εν
1771 1479 1943 1531 Πνεύ-

366 1603 389 1637 ι
434 1599 570 1656 ματι
593 1619 609 1643 ,
644 1580 805 1649 εἴπερ
834 1576 1059 1646 Πνεῦμα
1086 1573 1222 1627 Θεοῦ
1267 1574 1408 1626 οἰκεῖ
1431 1573 1488 1622 ὲν
1509 1571 1660 1640 ὑμῖν.
1692 1568 1827 1621 Εἰδέ
1861 1585 1944 1631 τις

371 1695 393 1731 ι
427 1675 660 1743 Πνεῦμα
686 1669 925 1742 Χριστοῦ
948 1670 1047 1721 οὐκ
1075 1666 1213 1737 ἔχει,
1245 1662 1399 1726 οὗτος
1440 1664 1539 1715 οὐκ
1579 1662 1724 1714 ἔστιν
1747 1660 1936 1713 αὑτοῦ.

376 1786 401 1821 ι
432 1769 501 1821 El.
542 1767 600 1820 δὲ
641 1762 878 1835 Χριστὸς
917 1763 976 1813 ὲν
1025 1757 1253 1827 ὑμῖν,τὸ
1290 1756 1387 1825 μὲν
1422 1754 1580 1823 σῶμα
1628 1749 1821 1820 νεκρὸν
1872 1749 1942 1802 δι’

2047 587 2069 618 ‹
2102 569 2242 638 quod
2290 568 2407 639 ipse
2454 576 2578 624 est:
2620 583 2796 638 neque
2831 569 2885 623 in
2936 568 3135 624 Filium
3166 581 3443 641 receptum
3480 587 3604 628 esse

2047 677 2067 711 ι
2102 676 2199 730 per
2223 662 2498 730 proprium
2531 659 2813 731 Spiritum.
2841 661 2997 726 Quod
3024 664 3169 740 enim
3196 664 3450 734 proprius
3486 664 3607 718 Filii

2048 770 2067 802 ‹
2104 750 2339 821 Spiritus
2401 754 2493 819 sit,
2537 754 2995 821 quemadmodum
3044 755 3254 810 scilicet
3296 766 3350 811 et
3408 757 3609 822 Patris,

2048 859 2067 892 ι
2107 842 2357 897 didicerit
2390 843 2514 914 quis
2542 845 2749 914 absque
2778 860 2973 914 magno
3004 847 3209 910 labore,
3240 848 3356 917 ipso
3385 848 3606 917 quidem

2050 950 2069 983 ι
2105 934 2318 989 dicente
2373 952 2389 987 :
2457 954 2476 987 ι
2511 935 2664 989 Unde
2694 936 2738 991 si
2774 952 2871 991 vos
2920 952 3046 991 cum
3098 939 3228 993 mali
3277 939 3421 1002 silis,
3454 940 3607 994 scitis

2048 1042 2065 1073 ι
2107 1025 2247 1078 dona
2280 1025 2418 1080 bona
2448 1026 2579 1081 dare
2613 1027 2736 1082 ﬁliis
2769 1029 2985 1091 vestris.
3011 1041 3215 1097 quanto
3242 1031 3414 1098 magis
3450 1032 3606 1084 Pater

2047 1133 2067 1166 ι
2105 1124 2304 1181 vester,
2344 1118 2437 1187 qui
2472 1120 2526 1172 in
2580 1120 2735 1175 cmlis
2786 1128 2888 1181 est,
2927 1120 3076 1173 dabit
3128 1121 3268 1177 bona
3299 1122 3611 1190 petentibus

2049 1227 2067 1262 ι
2106 1221 2166 1264 se
2204 1210 2272 1264 ⁸⁸.
2308 1227 2330 1262 ι
2372 1209 2436 1265 Et
2482 1226 2702 1267 rursum
2737 1231 2751 1267 :
2804 1230 2823 1263 ι
2862 1211 2982 1267 Non
3026 1214 3172 1268 enim
3207 1229 3305 1269 vos
3356 1201 3489 1270 estis
3518 1216 3611 1284 qui

2051 1319 2070 1351 ι
2106 1300 2411 1372 loquimini,
2441 1304 2532 1358 sed
2562 1303 2797 1372 Spiritus
2820 1305 3002 1360 Patris
3021 1307 3209 1371 vestri,
3238 1307 3331 1376 qui
3367 1307 3608 1375 loquitur

2051 1409 2070 1442 ι
2100 1393 2163 1445 in
2199 1394 2351 1448 vobis
2378 1394 2448 1448 ⁸⁵.
2493 1414 2512 1447 ι
2553 1393 2663 1450 Nec
2691 1397 2848 1449 aliter
2890 1395 3091 1453 Paulus
3130 1397 3477 1452 credentibus
3518 1413 3615 1467 per

2051 1497 2071 1529 ι
2112 1481 2407 1549 Epistolam
2464 1484 2656 1537 scribit
2698 1501 2712 1539 :
2786 1503 2804 1535 ι
2841 1482 2951 1539 Vos
3011 1496 3190 1539 autem
3228 1502 3336 1540 non
3380 1487 3517 1541 estis
3560 1487 3617 1540 in

2051 1589 2068 1622 ι
2108 1586 2293 1635 carne,
2337 1574 2430 1627 sed
2462 1575 2514 1626 in
2546 1575 2740 1644 spiritu
2775 1592 2789 1628 :
2819 1576 3085 1646 siquidem
3119 1577 3353 1646 Spiritus
3382 1577 3477 1632 Dei
3518 1578 3621 1632 ha-

2051 1679 2070 1713 c
2108 1662 2242 1716 bitat
2287 1663 2343 1717 in
2390 1665 2564 1718 vobis.
2617 1665 2674 1719 Si
2709 1681 2836 1720 vero
2870 1669 2995 1736 quis
3048 1667 3313 1737 Spiritum
3355 1668 3448 1724 Dei
3503 1685 3616 1725 non

2053 1769 2071 1802 ι
2111 1752 2297 1819 habet,
2340 1753 2431 1809 hic
2490 1770 2600 1809 non
2640 1763 2724 1809 est
2773 1760 2891 1827 ejus
2919 1757 2986 1813 ⁸³.
3028 1776 3048 1809 ι
3087 1761 3157 1812 At
3185 1760 3231 1813 si
3280 1759 3534 1827 Christus
3563 1762 3620 1815 in

386 1878 408 1913 ι
450 1829 736 1930 ἁμαρτίαν,
766 1854 826 1907 τὸ
850 1854 908 1906 δὲ
940 1850 1158 1919 πνεῦμα
1180 1850 1288 1915 ζῶν
1317 1847 1405 1900 διὰ
1433 1844 1799 1913 δικαιοσύνην.
1830 1861 1850 1893 ι
1872 1843 1944 1894 Τὸ

2063 1860 2073 1894 ι
2110 1844 2287 1907 nobis.
2333 1860 2534 1913 corpus
2576 1848 2795 1915 quidem
2839 1858 3116 1903 mortuum
3163 1863 3381 1922 propter
3429 1868 3622 1922 pecca-

384 1968 407 2004 ι
443 1951 616 2003 τοίνυν
657 1946 809 2016 ἡμᾶς
857 1943 984 2004 τοὺς
1035 1941 1129 1992 ἐπὶ
1161 1939 1266 2006 γῆς
1304 1942 1368 2007 τῇ
1412 1937 1511 2005 τῆς
1537 1936 1787 2004 υίότητος
1814 1932 1943 2003 δόξῃ

375 2059 399 2094 σ
448 2036 851 2107 καταχρυσοῦν,
884 2031 1028 2102 φημὶ
1043 2031 1108 2101 δὴ
1144 2030 1205 2085 τὸ
1243 2028 1468 2096 Πνεῦμα
1501 2026 1562 2079 τὸ
1592 2023 1945 2092 ἆγιον,.ὲπείο

369 2152 392 2185 ι
434 2148 546 2201 περ
571 2130 691 2183 ἐστὶ
715 2128 811 2183 τοῦ
844 2124 996 2188 Υίοῦ,
1030 2123 1316 2191 ἐνεργήσει
1349 2122 1450 2190 μὲν
1474 2122 1554 2180 εἰς
1595 2118 1816 2186 ἑτέρους
1844 2113 1947 2185 τὴν

367 2245 389 2279 ‹
438 2225 785 2293 υίοποίησιν,
841 2218 1187 2288 ἀπρακτήσει
1238 2214 1296 2266 δὲ
1343 2210 1622 2272 παντελῶς
1673 2208 1802 2275 περὶ
1854 2210 1948 2260 τὸν

367 2339 388 2371 ι
433 2317 613 2386 οὗπερ
652 2313 806 2367 ἐστὶν
833 2312 934 2364 οὐκ
964 2308 1382 2379 είσκεκριμένον
1405 2320 1418 2334 ο
1452 2302 1575 2357 οὔτε
1605 2302 1711 2370 μὴν
1748 2299 1948 2365 ἔξωθεν

366 2430 389 2463 ι
436 2405 865 2475 ἂκπεφοιτηκὸς,
898 2402 1018 2456 ἀλλ’
1056 2399 1329 2460 οὺσιωδῶς
1366 2396 1608 2466 ὑπάρχον
1632 2394 1819 2458 αὑτοῦ,
1852 2392 1949 2444 καὶ

366 2522 389 2557 ι
424 2503 495 2557 δι’
520 2497 690 2555 αὐτοῦ
716 2496 1119 2565 προσχεόμενον
1162 2491 1275 2551 τοῖς
1314 2487 1457 2541 ἑλεῖν
1488 2484 1661 2551 ρξίοις
1698 2486 1757 2535 ἐν
1802 2484 1951 2535 εὐδο⁴

366 2615 388 2649 ι
428 2595 531 2664 atq.
578 2589 816 2660 Πατρός.
846 2583 922 2639 'ﬂ
973 2587 1073 2638 οὐκ
1119 2581 1298 2652 ὀρθῶς
1331 2596 1415 2632 σοι
1461 2576 1637 2630 ταῦτα
1679 2575 1843 2644 φάναι
1867 2589 1950 2664 -τε

365 2706 388 2740 ι
435 2662 535 2739 καὶ
562 2678 912 2748 ἑννενοῆσθαι
942 2675 1124 2741 δοκῶ;
1168 2674 1332 2741 Ἑρμ.
1367 2669 1686 2723 Παντάπασι
1711 2666 1811 2735 μὲν
1831 2662 1947 2718 οὖν.

366 2797 389 2829 ι
427 2776 757 2843 Κύριλλος.
805 2771 863 2824 '0
880 2770 938 2822 δὲ
957 2767 1023 2838 δὴ
1056 2766 1164 2820 τῶν
1198 2764 1355 2818 θείων
1376 2762 1505 2831 ὑμῖν
1526 2759 1840 2830 μυστηρίων
1876 2760 1953 2810 ἱε-

367 2888 390 2922 c
439 2865 674 2939 ρουργὺς
710 2861 983 2928 Ἰωάννης,
1005 2859 1135 2911 ὅταν
1154 2856 1234 2918 είς
1262 2855 1424 2924 μέσον
1448 2853 1562 2924 ἥκῃ
1582 2849 1719 2919 βοῶν
1742 2850 1868 2920 περί
1889 2864 1952 2901 τε

372 2978 393 3011 ι
431 2955 585 3019 Θεοῦ
603 2954 697 3011 καὶ
727 2950 905 3021 ἡμῶνο
938 2947 1058 3002 «Ἐν
1077 2944 1250 3014 τούτῳ
1266 2942 1609 3012 γινώσκομεν
1626 2941 1709 2993 ὅτι
1732 2941 1791 2992 ὲν
1819 2940 1953 3009 ἡμῖν

372 3070 394 3102 ι
436 3051 613 3113 ἐστιν,
635 3046 721 3098 ὅτι
750 3045 818 3103 ἐκ
847 3039 945 3095 τοῦ
965 3036 1284 3108 Πνεῦματος
1309 3033 1478 3091 αὐτοῦ
1508 3032 1708 3086 ἔδωκεν
1736 3031 1893 3100 ἡμῖν,
1926 3047 1947 3081 ι

374 3161 396 3193 ι
443 3139 564 3201 πῶς
580 3137 643 3191 οῦ
668 3116 951 3196 παντελῶς
971 3129 1357 3199 ἀταλαίπωρον
1387 3126 1538 3190 ιδεῖν,
1558 3125 1640 3177 ὅτι
1662 3124 1798 3184 θεὸς
1818 3124 1955 3193 ἁλη-

2057 1954 2076 1988 ι
2117 1947 2254 2001 tum,
2312 1939 2536 2007 spiritus
2574 1948 2753 1992 autem
2809 1941 2996 1995 vivens
3053 1954 3272 2012 propter
3325 1943 3617 2013 justitiam.

2058 2045 2077 2079 ι
2117 2026 2286 2097 [gitur
2341 2043 2437 2082 nos
2480 2030 2727 2084 homines
2770 2029 3045 2087 ﬁliationis
3097 2033 3268 2100 gloria
3323 2035 3620 2090 honestans

2060 2136 2081 2170 ι
2116 2116 2352 2188 Spiritus
2381 2132 2632 2186 sanctus,
2667 2124 3107 2191 quandoquidem
3135 2123 3257 2178 Filii
3293 2134 3397 2190 est,
3422 2141 3619 2195 opera-

2059 2228 2078 2261 ι
2118 2211 2265 2265 bitur
2290 2213 2508 2280 quidem
2552 2213 2604 2267 in
2652 2214 2777 2290 aliis
2805 2215 3039 2269 ﬁliorum
3082 2217 3454 2285 adoptionem,
3480 2218 3622 2274 otio-

2059 2320 2079 2354 ι
2120 2317 2216 2356 sus
2249 2313 2429 2356 autem
2479 2304 2584 2357 erit
2618 2306 2842 2359 omnino
2869 2306 2922 2358 in
2956 2307 3047 2360 illo
3076 2309 3236 2376 cujus
3270 2310 3480 2364 scilicet
3508 2321 3614 2373 est,

2062 2411 2080 2442 ι
2113 2408 2224 2446 non
2253 2394 2606 2457 adventitius,
2656 2411 2832 2463 neque
2880 2398 3046 2450 etiam
3080 2399 3422 2454 extrinsecus
3454 2400 3621 2455 adve-

2060 2499 2078 2533 ι
2120 2485 2295 2549 niens,
2344 2485 2436 2539 sed
2488 2487 2856 2540 essentialiter
2886 2488 3032 2544 illius
3078 2489 3370 2554 exsistens,
3410 2499 3466 2544 et
3524 2507 3622 2560 per

2060 2591 2079 2624 ι
2117 2588 2241 2627 eum
2285 2574 2517 2639 effusus,
2548 2586 2605 2630 ut
2650 2592 2680 2629 a
2720 2578 2901 2647 dignis
2931 2581 3228 2649 accipiatur
3257 2580 3419 2647 juxta
3454 2582 3625 2636 bene—

2062 2682 2080 2715 r
2119 2665 2378 2732 placitum
2408 2664 2606 2721 Patris.
2638 2668 2834 2721 Annon
2866 2678 3012 2723 recte
3044 2672 3159 2724 haec
3185 2671 3393 2734 dicere.
3426 2681 3478 2725 et
3502 2687 3625 2727 sen-

2063 2772 2082 2806 ι
2119 2757 2224 2811 tire
2248 2756 2435 2811 videor
2456 2758 2482 2809 ἲ
2513 2757 2639 2812 Her.
2676 2760 2939 2815 Omnibus
2960 2771 3107 2816 certe
3139 2764 3338 2818 modis.
3366 2764 3624 2834 Cyrinus.

2065 2861 2084 2891 σ
2115 2846 2187 2897 At
2228 2844 2535 2900 divinorum
2578 2857 3044 2903 sacramentorum
3081 2852 3327 2907 minister
3353 2851 3618 2919 Joannes.

2064 2951 2083 2984 ι
2118 2937 2338 3004 quando
2390 2936 2446 2990 in
2493 2939 2731 2993 medium
2787 2942 2967 3009 prodit
3008 2942 3254 3000 clamans
3302 2946 3368 2999 de
3430 2945 3538 3001 Deo
3573 2957 3629 3001 et

2068 3041 2088 3076 ι
2126 3025 2287 3082 nobis
2318 3043 2334 3080 :
2379 3045 2399 3079 ι
2431 3027 2490 3082 In
2522 3030 2624 3111 lipc
2654 3032 3065 3100 cognoscimus,
3088 3035 3231 3103 quod
3266 3037 3320 3091 in
3344 3038 3502 3092 nobis
3521 3049 3625 3100 est,

2067 3132 2086 3166 ι
2117 3117 2245 3184 quia
2287 3117 2356 3172 de
2402 3119 2598 3187 Spiritu
2642 3134 2744 3176 suo
2789 3121 2939 3176 dedit
2972 3123 3131 3178 nobis
3165 3124 3234 3187 ⁸⁸,
3274 3144 3293 3176 ι
3328 3142 3437 3196 quo
3468 3138 3627 3196 pacto

374 3249 395 3282 ι
441 3229 551 3289 θῶ,
575 3226 785 3292 καὶτῆς
803 3220 1048 3277 τοῦλΘεοῦ
1070 3219 1162 3273 καὶ
1189 3217 1402 3285 Πατρὸς
1427 3216 1613 3278 οὐσίας
1634 3215 1950 3283 ὲκπέφυκιν

2065 3226 2082 3260 ι
2118 3224 2228 3263 non
2266 3211 2490 3267 omnino
2517 3212 2678 3268 facile
2705 3212 2871 3269 fuerit
2911 3216 3097 3272 videre
3123 3218 3268 3286 quod
3304 3219 3447 3275 Deus
3479 3236 3626 3286 vere,

377 3338 400 3373 ι
436 3322 467 3374 ὁ
489 3318 641 3381 Υἱὸς,
666 3316 828 3384 εἴπερ
850 3314 1001 3367 ἐστὶν
1024 3311 1097 3374 ὡς
1123 3310 1278 3375 Θεὸς,
1306 3310 1401 3361 καὶ
1429 3308 1529 3377 οὐχ
1555 3307 1743 3376 ἓτερον
1766 3323 1819 3359 τι
1850 3323 1953 3358 κα-

377 3430 398 3464 ι
435 3408 656 3465 τοικοῦν
694 3409 753 3460 ὲν
786 3407 918 3474 ἡμῖν
963 3402 1024 3455 τὸ
1060 3399 1286 3469 Πνεῦμα
1331 3400 1532 3463 αὐτοῦς
1565 3399 1674 3449 Καὶ
1711 3396 1847 3466 πρός
1889 3412 1955 3463 γε

380 3520 399 3553 ι
436 3498 620 3568 τούτῳ
652 3495 820 3566 φημὶ,
850 3492 990 3545 εἰτὸ
1026 3489 1246 3558 πνεῦμα
1269 3488 1363 3542 τοῦ
1404 3488 1540 3543 Θεοῦ
1574 3488 1668 3559 καὶ
1714 3487 1956 3557 Πατρδς,

380 3611 401 3645 ι
439 3594 503 3644 ἐν
550 3582 596 3657 ᾧ
624 3588 723 3657 τὴν
750 3585 859 3638 τῶν
904 3585 985 3646 εἰς
1014 3582 1076 3633 τὸ
1108 3576 1252 3633 εἶναι
1286 3578 1779 3651 παρενηνεγμένῳν
1828 3576 1961 3638 ζωο-

380 3703 402 3736 ι
441 3685 593 3736 ποιεῖ
631 3696 691 3731 τε
726 3684 820 3731 καὶ
863 3675 1081 3744 ἁγιάζει
1112 3673 1295 3741 φύσιν,
1326 3673 1456 3725 ἴδιόν
1506 3676 1653 3722 ἐστιν
1672 3668 1767 3729 τοῦ
1799 3667 1957 3741 nos,

379 3798 401 3831 ι
442 3777 533 3839 τίς
566 3774 633 3828 ἂν
666 3774 746 3836 είς
777 3770 938 3824 τοῦτο
976 3768 1210 3836 προήκοι
1258 3764 1611 3835 χυδαιότητος
1656 3759 1958 3829 λογισμῶν,

381 3886 402 3920 ι
444 3868 528 3928 ὡς
554 3867 720 3929 νοεῖν,
754 3862 788 3932 ἢ
822 3863 1045 3932 φράσαι,
1088 3861 1187 3929 τῆς
1212 3857 1346 3927 πρὸς
1377 3855 1600 3923 Πατέρα
1623 3851 1753 3904 Θεὸν
1771 3854 1963 3920 ὁμοου-

383 3977 405 4010 ι
441 3958 694 4024 σιότητος
732 3950 1105 4019 ἐκπεφυκέναι
1131 3947 1225 3999 καὶ
1246 3945 1422 3998 τελεῖν
1447 3945 1504 3996 ὲν
1547 3942 1828 4011 κτίσματι,
1865 3939 1962 4003 καὶ

385 4070 407 4104 ι
446 4048 576 4118 οὐχὶ
600 4048 669 4100 τὰ
694 4047 793 4115 τῆς
835 4044 986 4104 θείας
1031 4041 1244 4110 φύσεως
1297 4038 1407 4090 ἴδια
1449 4035 1542 4089 καὶ
1577 4034 1828 4104 ἐξαίρετα
1853 4033 1961 4086 τῶν

380 4162 403 4196 ι
445 4142 659 4210 ταύτης
710 4139 853 4208 ὅρων
878 4134 1076 4199 ἐξόὶσει
1109 4150 1168 4186 τε
1203 4131 1298 4185 καὶ
1347 4131 1619 4201 χκτιείται
1661 4129 1728 4205 τῇ
1760 4126 1957 4190 κτίσει,

381 4251 403 4286 ι
438 4232 520 4297 ὡς
553 4229 789 4301 ὁρᾶσθαι
832 4226 1020 4294 λοιπὸν
1063 4224 1126 4277 τὸ
1176 4221 1555 4293 παραλλάττον
1583 4218 1753 4283 οὐδὲν,
1781 4217 1963 4287 ἰσομέ-

382 4343 402 4376 ι
439 4339 593 4394 τρως
648 4322 705 4375 δὲ
753 4316 895 4373 εἶναι
927 4316 1371 4388 λαμπρὰτκτίσιν
1399 4329 1459 4367 τε
1486 4311 1582 4371 καὶ
1612 4310 1793 4380 φύσιν,
1833 4305 1869 4384 ᾖ
1901 4309 1963 4361 τδ

385 4436 406 4468 ι
445 4415 593 4473 κατὰ
623 4414 842 4468 πάντων
872 4410 1050 4463 ἔνεστι
1085 4409 1307 4478 κράτος.
1342 4425 1362 4458 ι

988 4588 1366 4644 Ἑπιστασια.

451 4705 472 4739 ι
539 4685 699 4738 Ἴδιον
753 4681 988 4738 ἐνταῦθα
1047 4680 1143 4734 τοῦ
1198 4679 1329 4732 Υἱοῦ
1387 4676 1488 4731 καὶ
1528 4675 1589 4729 τὸ
1623 4674 1848 4747 Πνεῦμα
1902 4674 1962 4729 τὸ

386 4797 404 4828 ι
442 4777 626 4846 ἅγιον,
655 4775 798 4827 καθα
833 4776 944 4846 ,καὶ
994 4771 1086 4824 τοῦ
1141 4770 1354 4839 Πατρδς
1404 4768 1494 4820 διὰ
1531 4768 1590 4820 τὸ
1625 4768 1826 4819 ὲνιαίον
1860 4765 1960 4834 τῆς

389 4889 407 4922 ι
443 4873 685 4940 φύσεως,
709 4868 770 4920 οὺ
802 4866 908 4936 μὴν
943 4863 1150 4931 διὰητὴν
1171 4861 1516 4930 ὲκπόρευσιν.
1555 4858 1879 4928 Ἐπίστησον
1901 4857 1960 4911 δὲ

388 4985 405 5016 ι
443 4960 874 5032 ἀκρι6ώ;,ιπῶς
915 4956 1046 5008 ἔνθα
1080 4954 1175 5007 τοῦ
1206 4952 1333 5005 Υἱοῦ
1369 4949 1697 5023 μνημονεύει
1720 4952 1748 5001 ὁ
1781 4954 1956 5015 ἅγιος,

388 5074 406 5106 ι
451 5054 619 5110 αὐτοῦ
639 5052 786 5119 λέγει
810 5053 870 5103 τὸ
898 5048 1141 5117 Πνεῦμα,
1167 5045 1263 5109 καὶ
1289 5046 1346 5097 ὲν
1367 5042 1537 5111 αὐτῷ,
1579 5042 1670 5094 καὶ
1699 5040 1766 5092 δι’
1792 5039 1958 5093 αὑτοῦ

388 5168 405 5197 ι
450 5146 583 5199 ἔνθα
631 5144 688 5197 δὲ
735 5143 829 5195 τοῦ
866 5141 1101 5210 Πατρὸς,
1132 5138 1229 5191 καὶ
1250 5138 1349 5204 τὴν
1377 5134 1444 5198 ἐξ
1470 5131 1791 5204 προστίθησι
1822 5131 1959 5199 πρό-

388 5257 406 5289 ι
445 5237 596 5289 θεσιν
625 5234 699 5295 ὼς
736 5229 1031 5285 κάνταῦθα.
1075 5245 1098 5280 ι

990 5411 1379 5480 Ἁντὶρῤησις.

460 5510 743 5581 Ἐπειδὴ”ὁ
771 5507 925 5577 ἅγιος
943 5500 1098 5570 οὗτος
1125 5506 1274 5573 λέγει
1321 5502 1382 5556 τὸ
1430 5499 1654 5570 Πνεῦμα
1690 5502 1795 5553 τοῦ
1824 5497 1954 5553 Υἱοῦ

379 5605 512 5659 [διον
551 5598 719 5666 εἶναι,
770 5600 1022 5670 καθάπερ
1074 5598 1266 5668 ἀμέλει
1300 5596 1397 5649 καὶ
1439 5593 1533 5648 τοῦ
1563 5592 1807 5666 Πατρὺς,
1841 5588 1953 5659 ἐγώ

2063 3308 2171 3363 ιρι
2196 3314 2262 3352 ex
2288 3299 2377 3354 Dei
2411 3316 2476 3354 ac
2504 3302 2680 3356 Patris
2713 3305 3018 3358 substantia
3064 3311 3394 3375 processerit
3434 3309 3625 3370 Filius.

2064 3407 2083 3440 ι
2118 3391 2163 3444 si
2195 3391 2413 3460 quidem
2439 3402 2523 3447 est
2567 3403 2617 3446 ul
2655 3392 2814 3459 Deus.
2846 3406 2900 3448 et
2940 3402 3048 3448 nun
3093 3396 3234 3451 alius
3275 3398 3493 3466 quidem
3533 3402 3624 3452 lia-

2065 3499 2082 3530 ι
2124 3482 2261 3536 bitat
2291 3484 2346 3535 in
2373 3483 2529 3537 nobis
2561 3483 2791 3554 spiritus
2820 3485 2982 3554 ejus?
3015 3485 3239 3556 Insuper
3268 3492 3445 3544 ethoc
3475 3492 3625 3544 dixe-

2067 3591 2086 3624 ι
2122 3574 2222 3628 rim
2263 3592 2278 3628 :
2313 3576 2370 3628 Si
2402 3576 2638 3643 Spiritus
2687 3575 2781 3630 Dei
2810 3588 2863 3632 et
2897 3578 3095 3645 Patris,
3127 3582 3181 3633 in
3224 3597 3333 3649 quo
3377 3593 3630 3637 naturam

2066 3682 2085 3714 (
2119 3679 2332 3730 eorum,
2376 3681 2497 3732 quae
2529 3675 2588 3719 ut
2638 3667 2769 3733 sint,
2809 3671 3059 3737 producti
3108 3680 3253 3736 sunt,
3300 3672 3535 3728 viviﬁcat
3581 3686 3635 3728 tt

2069 3774 2087 3807 ι
2121 3758 2445 3822 sanctiﬁcat,
2478 3759 2731 3826 proprius
2776 3769 2860 3813 est
2892 3770 2946 3813 et
2989 3760 3132 3821 Filii.
3165 3765 3290 3830 quis
3319 3767 3373 3817 in
3424 3774 3630 3818 tantam

2068 3865 2086 3898 ι
2121 3850 2320 3902 mentis
2354 3850 2736 3903 confusionem
2766 3853 3096 3919 perveniret,
3133 3863 3190 3906 ut
3227 3855 3404 3922 sapiat
3429 3856 3513 3908 vel
3548 3858 3632 3909 ιυ-
3688 3840 3695 3847 ⁸

2071 3960 2089 3993 ι
2124 3953 2328 4010 quatur
2354 3945 2507 3997 illum
2534 3943 2806 3997 excidisse
2838 3958 2868 3996 ιι
2909 3946 3477 4001 consubstantialitate
3507 3962 3630 4002 cum

2072 4052 2089 4085 ι
2128 4034 2285 4088 Patre
2315 4049 2380 4088 ac
2431 4034 2564 4098 Deo,
2597 4043 2651 4089 et
2694 4035 2833 4089 inter
2857 4046 3143 4091 creaturas
3167 4052 3290 4113 esse
3317 4056 3330 4091 :
3360 4048 3539 4093 etnon
3570 4056 3632 4093 en

2070 4143 2089 4177 ι
2125 4140 2247 4194 quae
2274 4126 2471 4180 divinae
2502 4136 2708 4181 naturae
2734 4128 2976 4197 propria,
3014 4139 3068 4182 et
3094 4130 3324 4183 eximias
3361 4130 3438 4184 illi
3458 4146 3509 4185 is
3534 4130 3632 4185 de-

2072 4234 2090 4268 ι
2128 4217 2401 4272 ﬁnitiones
2451 4217 2683 4283 delerat,
2728 4228 2784 4272 et
2845 4220 3105 4290 largiatur
3151 4232 3435 4288 creaturae,
3469 4223 3540 4276 ita
3577 4233 3635 4275 nt
3704 4238 3711 4245 ο

2073 4326 2092 4360 ι
2128 4309 2263 4362 nihil
2307 4309 2553 4363 videatur
2593 4310 2825 4375 variare,
2861 4311 2957 4365 sed
3014 4312 3280 4380 aequalem
3319 4328 3634 4368 mensuram

2073 4416 2091 4450 ι
2129 4400 2384 4469 praeclara
2428 4409 2678 4454 creatura
2704 4411 2759 4454 et
2790 4412 3006 4465 natura,
3038 4417 3162 4456 cum
3191 4419 3253 4458 ea
3292 4406 3379 4459 cui
3421 4415 3502 4459 est
3530 4408 3635 4459 itno

2072 4507 2090 4541 ι
2130 4493 2339 4560 perium
2368 4505 2532 4560 super
2559 4492 2763 4547 omnia.
2806 4511 2825 4544 ο

2629 4586 3048 4641 Animadversio.

2142 4695 2164 4729 ι
2197 4676 2482 4748 Proprium
2518 4677 2608 4734 hic
2634 4676 2758 4732 Filii
2788 4681 3023 4748 appellat
3050 4680 3315 4749 Spiritum
3362 4694 3635 4748 sanctum,

2073 4786 2091 4819 ι
2135 4768 2324 4824 eadem
2353 4773 2564 4824 ratione
2594 4785 2702 4840 qua
2724 4782 2779 4824 et
2805 4769 2986 4826 Patris
3009 4776 3263 4843 proprius
3288 4786 3391 4838 est,
3423 4789 3598 4846 pl'tiplr
3620 4794 3641 4827 τ

2073 4878 2091 4911 ι
2130 4875 2297 4913 unum
2350 4860 2603 4930 idemque
2630 4870 2861 4927 naturae,
2913 4878 3020 4918 non
3053 4875 3235 4918 autem
3269 4876 3484 4935 propter
3512 4885 3639 4937 pra-

2071 4969 2089 5001 ι
2123 4953 2465 5020 cessionem;
2512 4962 2567 5007 et
2616 4965 2873 5009 accurate
2914 4956 3353 5020 animadvertito,
3400 4977 3505 5026 qua
3558 4976 3643 5013 rt:-

2075 5060 2095 5093 ι
2132 5044 2298 5107 tione,
2347 5058 2472 5097 eum
2514 5046 2716 5098 mentio
2770 5043 2891 5098 Filii
2945 5047 3023 5110 iit,
3060 5059 3285 5102 sanctus
3336 5049 3482 5103 illius
3520 5067 3642 5103 ess:

2075 5151 2094 5185 ι
2134 5134 2392 5203 Spiritum
2445 5136 2597 5198 dicit,
2629 5148 2682 5191 et
2736 5137 2790 5190 in
2829 5140 2947 5205 ipso
2991 5149 3045 5191 et
3098 5155 3195 5208 per
3232 5141 3411 5211 ipsum
3448 5159 3462 5196 :
3517 5158 3639 5195 cun

2072 5244 2091 5276 ι
2128 5240 2255 5279 vero
2286 5226 2486 5290 Patris,
2513 5228 3057 5297 exprmpositionem,
3083 5232 3157 5284 uti
3192 5231 3280 5285 hic
3305 5231 3474 5285 videri
3497 5233 3592 5285 lici-
3624 5270 3641 5296 ,

2074 5334 2092 5367 ι
2133 5318 2436 5386 conjungit.
2468 5337 2488 5368 ι

2704 5411 2996 5476 Refutatio.

2141 5500 2594 5571 Quandoquidem
2628 5499 2720 5555 hic
2750 5513 2979 5557 sanctus
3012 5503 3174 5558 tradit
3211 5501 3478 5571 Spiritum
3514 5520 3645 5572 pro-

2064 5594 2241 5661 prium
2277 5590 2398 5646 Filii
2438 5607 2581 5658 esse,
2622 5593 3077 5662 quemadmodum
3112 5595 3318 5650 scilicet
3348 5606 3400 5651 et
3441 5594 3647 5668 Patris,

449 5764 495 5793 ⁸³
526 5758 725 5813 Matth.
757 5772 851 5821 vn,
885 5755 970 5809 ll.
1051 5752 1097 5787 "‘
1125 5750 1293 5806 Marc.
1327 5706 1445 5815 ;lll,
1473 5750 1559 5804 ll.
1639 5748 1683 5780 ³⁵
1709 5744 1869 5800 Rom.
1906 5759 2022 5810 vnt,
2051 5745 2105 5801 9.
2196 5746 2243 5779 ⁸⁸
2274 5748 2287 5798 l
2316 5743 2471 5803 Joan.
2504 5763 2575 5814 Iv,
2618 5748 2702 5801 l5.
