  <div class='ocr_page' id='page_1' title='image "/cluster/home/n/w/nwhite01/storage/ocr_20150623/141/coo.31924054870468/267.png"; bbox 0 0 3958 6398; ppageno 0'>
   <div class='ocr_carea' id='block_1_1' title="bbox 420 325 519 388">
    <p class='ocr_par' dir='ltr' id='par_1_1' title="bbox 420 325 519 388">
     <span class='ocr_line' id='line_1_1' title="bbox 420 325 519 388; baseline 0 -1"><span class='ocrx_word' id='word_1_1' title='bbox 420 325 519 388; x_wconf 71' lang='lat'><strong>5‘21</strong></span> 
     </span>
    </p>
   </div>
   <div class='ocr_carea' id='block_1_2' title="bbox 1441 306 2612 381">
    <p class='ocr_par' dir='ltr' id='par_1_2' title="bbox 1441 306 2612 381">
     <span class='ocr_line' id='line_1_2' title="bbox 1441 306 2612 381; baseline -0.003 -5"><span class='ocrx_word' id='word_1_2' title='bbox 1441 315 1652 381; x_wconf 81' lang='lat' dir='ltr'><strong>JOAN.</strong></span> <span class='ocrx_word' id='word_1_3' title='bbox 1693 312 1907 377; x_wconf 84' lang='lat' dir='ltr'>VECCI</span> <span class='ocrx_word' id='word_1_4' title='bbox 1950 313 2059 376; x_wconf 77' lang='grc' dir='ltr'><strong>ΟΡ.</strong></span> <span class='ocrx_word' id='word_1_5' title='bbox 2101 306 2612 376; x_wconf 79' lang='lat' dir='ltr'><strong>PATRIARCH/E</strong></span> 
     </span>
    </p>
   </div>
   <div class='ocr_carea' id='block_1_3' title="bbox 3550 311 3655 378">
    <p class='ocr_par' dir='ltr' id='par_1_3' title="bbox 3550 311 3655 378">
     <span class='ocr_line' id='line_1_3' title="bbox 3550 311 3655 378; baseline 0.01 -1"><span class='ocrx_word' id='word_1_6' title='bbox 3550 311 3655 378; x_wconf 75' lang='lat'><strong>528</strong></span> 
     </span>
    </p>
   </div>
   <div class='ocr_carea' id='block_1_4' title="bbox 416 423 1995 506">
    <p class='ocr_par' dir='ltr' id='par_1_4' title="bbox 416 424 1980 506">
     <span class='ocr_line' id='line_1_4' title="bbox 416 424 1980 506; baseline -0.006 -16"><span class='ocrx_word' id='word_1_7' title='bbox 416 455 514 506; x_wconf 70' lang='lat' dir='ltr'><strong>ego</strong></span> <span class='ocrx_word' id='word_1_8' title='bbox 575 437 760 505; x_wconf 90' lang='lat' dir='ltr'><strong>utique</strong></span> <span class='ocrx_word' id='word_1_9' title='bbox 814 443 1150 495; x_wconf 79' lang='lat' dir='ltr'><strong>assererem,</strong></span> <span class='ocrx_word' id='word_1_10' title='bbox 1213 424 1673 498; x_wconf 84' lang='lat' dir='ltr'><strong>quemadmodum</strong></span> <span class='ocrx_word' id='word_1_11' title='bbox 1727 426 1980 496; x_wconf 87' lang='lat' dir='ltr'><strong>proprius</strong></span> 
     </span>
    </p>
   </div>
   <div class='ocr_carea' id='block_1_5' title="bbox 2102 423 3658 506">
    <p class='ocr_par' dir='ltr' id='par_1_5' title="bbox 2102 423 3658 498">
     <span class='ocr_line' id='line_1_5' title="bbox 2102 423 3658 498; baseline 0.003 -18"><span class='ocrx_word' id='word_1_12' title='bbox 2102 443 2248 496; x_wconf 79' lang='grc' dir='ltr'>ρημι,</span> <span class='ocrx_word' id='word_1_13' title='bbox 2283 427 2365 480; x_wconf 82' lang='grc' dir='ltr'>ὅτι</span> <span class='ocrx_word' id='word_1_14' title='bbox 2407 427 2598 498; x_wconf 82' lang='grc' dir='ltr'>ὥσπερ</span> <span class='ocrx_word' id='word_1_15' title='bbox 2658 427 2788 482; x_wconf 73' lang='grc' dir='ltr'>[διον</span> <span class='ocrx_word' id='word_1_16' title='bbox 2813 423 2923 481; x_wconf 70' lang='grc' dir='ltr'>’τοῦ</span> <span class='ocrx_word' id='word_1_17' title='bbox 2965 428 3194 498; x_wconf 80' lang='grc' dir='ltr'>Πατρδς,</span> <span class='ocrx_word' id='word_1_18' title='bbox 3223 428 3311 483; x_wconf 81' lang='grc' dir='ltr'><strong>διά</strong></span> <span class='ocrx_word' id='word_1_19' title='bbox 3345 429 3408 483; x_wconf 83' lang='grc' dir='ltr'><strong>τὸ</strong></span> <span class='ocrx_word' id='word_1_20' title='bbox 3450 429 3517 484; x_wconf 66' lang='grc' dir='ltr'>ἐκ</span> <span class='ocrx_word' id='word_1_21' title='bbox 3559 431 3658 484; x_wconf 84' lang='grc' dir='ltr'><strong>τοῦ</strong></span> 
     </span>
    </p>
   </div>
   <div class='ocr_carea' id='block_1_6' title="bbox 418 514 1980 592">
    <p class='ocr_par' dir='ltr' id='par_1_6' title="bbox 418 514 1980 592">
     <span class='ocr_line' id='line_1_6' title="bbox 418 514 1980 592; baseline -0.008 -12"><span class='ocrx_word' id='word_1_22' title='bbox 418 528 594 581; x_wconf 75' lang='lat' dir='ltr'><strong>Patris</strong></span> <span class='ocrx_word' id='word_1_23' title='bbox 627 534 730 590; x_wconf 87' lang='lat' dir='ltr'><strong>est,</strong></span> <span class='ocrx_word' id='word_1_24' title='bbox 788 522 931 592; x_wconf 88' lang='lat' dir='ltr'><strong>quod</strong></span> <span class='ocrx_word' id='word_1_25' title='bbox 979 535 1044 574; x_wconf 80' lang='lat' dir='ltr'><strong>ex</strong></span> <span class='ocrx_word' id='word_1_26' title='bbox 1082 517 1243 572; x_wconf 91' lang='lat' dir='ltr'><strong>Patre</strong></span> <span class='ocrx_word' id='word_1_27' title='bbox 1272 525 1374 580; x_wconf 89' lang='lat' dir='ltr'><strong>est,</strong></span> <span class='ocrx_word' id='word_1_28' title='bbox 1419 515 1492 568; x_wconf 91' lang='lat' dir='ltr'><strong>ita</strong></span> <span class='ocrx_word' id='word_1_29' title='bbox 1536 514 1819 584; x_wconf 88' lang='lat' dir='ltr'><strong>pr0prium</strong></span> <span class='ocrx_word' id='word_1_30' title='bbox 1857 530 1980 569; x_wconf 81' lang='lat' dir='ltr'><strong>esse</strong></span> 
     </span>
    </p>
   </div>
   <div class='ocr_carea' id='block_1_7' title="bbox 418 604 1985 686">
    <p class='ocr_par' dir='ltr' id='par_1_7' title="bbox 418 604 1985 686">
     <span class='ocr_line' id='line_1_7' title="bbox 418 604 1985 686; baseline -0.011 -12"><span class='ocrx_word' id='word_1_31' title='bbox 418 620 563 685; x_wconf 82' lang='lat' dir='ltr'><strong>Filii,</strong></span> <span class='ocrx_word' id='word_1_32' title='bbox 610 614 753 686; x_wconf 88' lang='lat' dir='ltr'><strong>quod</strong></span> <span class='ocrx_word' id='word_1_33' title='bbox 805 628 901 684; x_wconf 86' lang='lat' dir='ltr'><strong>per</strong></span> <span class='ocrx_word' id='word_1_34' title='bbox 949 610 1144 664; x_wconf 89' lang='lat' dir='ltr'><strong>Filium</strong></span> <span class='ocrx_word' id='word_1_35' title='bbox 1173 617 1276 662; x_wconf 89' lang='lat' dir='ltr'><strong>est.</strong></span> <span class='ocrx_word' id='word_1_36' title='bbox 1326 605 1392 659; x_wconf 87' lang='lat' dir='ltr'><strong>Et</strong></span> <span class='ocrx_word' id='word_1_37' title='bbox 1415 604 1495 660; x_wconf 86' lang='lat' dir='ltr'><strong>sic</strong></span> <span class='ocrx_word' id='word_1_38' title='bbox 1538 604 1826 674; x_wconf 89' lang='lat' dir='ltr'><strong>utriusque</strong></span> <span class='ocrx_word' id='word_1_39' title='bbox 1859 619 1985 674; x_wconf 83' lang='lat' dir='ltr'><strong>pro-</strong></span> 
     </span>
    </p>
   </div>
   <div class='ocr_carea' id='block_1_8' title="bbox 420 693 1980 780">
    <p class='ocr_par' dir='ltr' id='par_1_8' title="bbox 420 693 1980 780">
     <span class='ocr_line' id='line_1_8' title="bbox 420 693 1980 780; baseline -0.011 -16"><span class='ocrx_word' id='word_1_40' title='bbox 420 710 570 780; x_wconf 90' lang='lat' dir='ltr'><strong>prius</strong></span> <span class='ocrx_word' id='word_1_41' title='bbox 627 705 902 776; x_wconf 74' lang='lat' dir='ltr'><strong>Spiritus,</strong></span> <span class='ocrx_word' id='word_1_42' title='bbox 963 699 1107 770; x_wconf 89' lang='lat' dir='ltr'><strong>quod</strong></span> <span class='ocrx_word' id='word_1_43' title='bbox 1155 714 1224 752; x_wconf 77' lang='lat' dir='ltr'><strong>ex</strong></span> <span class='ocrx_word' id='word_1_44' title='bbox 1296 705 1530 766; x_wconf 88' lang='lat' dir='ltr'><strong>utroque</strong></span> <span class='ocrx_word' id='word_1_45' title='bbox 1580 693 1980 765; x_wconf 71' lang='lat' dir='ltr'><strong>progrediatur.</strong></span> 
     </span>
    </p>
   </div>
   <div class='ocr_carea' id='block_1_9' title="bbox 419 785 1984 871">
    <p class='ocr_par' dir='ltr' id='par_1_9' title="bbox 419 785 1984 871">
     <span class='ocr_line' id='line_1_9' title="bbox 419 785 1984 871; baseline -0.011 -14"><span class='ocrx_word' id='word_1_46' title='bbox 419 801 574 871; x_wconf 84' lang='lat' dir='ltr'><strong>Quod</strong></span> <span class='ocrx_word' id='word_1_47' title='bbox 599 801 670 862; x_wconf 87' lang='lat' dir='ltr'><strong>si,</strong></span> <span class='ocrx_word' id='word_1_48' title='bbox 700 807 757 852; x_wconf 93' lang='lat' dir='ltr'><strong>ut</strong></span> <span class='ocrx_word' id='word_1_49' title='bbox 797 807 849 849; x_wconf 93' lang='lat' dir='ltr'><strong>tu</strong></span> <span class='ocrx_word' id='word_1_50' title='bbox 888 807 1107 862; x_wconf 85' lang='lat' dir='ltr'><strong>quoque</strong></span> <span class='ocrx_word' id='word_1_51' title='bbox 1137 791 1365 853; x_wconf 90' lang='lat' dir='ltr'><strong>astruis,</strong></span> <span class='ocrx_word' id='word_1_52' title='bbox 1401 787 1655 859; x_wconf 89' lang='lat' dir='ltr'><strong>proprius</strong></span> <span class='ocrx_word' id='word_1_53' title='bbox 1687 797 1768 840; x_wconf 83' lang='lat' dir='ltr'><strong>est</strong></span> <span class='ocrx_word' id='word_1_54' title='bbox 1788 785 1910 840; x_wconf 83' lang='lat' dir='ltr'><strong>Filii</strong></span> <span class='ocrx_word' id='word_1_55' title='bbox 1933 794 1984 840; x_wconf 87' lang='lat' dir='ltr'><strong>et</strong></span> 
     </span>
    </p>
   </div>
   <div class='ocr_carea' id='block_1_10' title="bbox 421 881 1980 960">
    <p class='ocr_par' dir='ltr' id='par_1_10' title="bbox 421 881 1980 960">
     <span class='ocr_line' id='line_1_10' title="bbox 421 881 1980 960; baseline -0.013 -11"><span class='ocrx_word' id='word_1_56' title='bbox 421 895 596 950; x_wconf 79' lang='lat' dir='ltr'><strong>Patris</strong></span> <span class='ocrx_word' id='word_1_57' title='bbox 663 890 899 960; x_wconf 92' lang='lat' dir='ltr'><strong>Spiritus</strong></span> <span class='ocrx_word' id='word_1_58' title='bbox 943 895 1163 955; x_wconf 90' lang='lat' dir='ltr'><strong>propter</strong></span> <span class='ocrx_word' id='word_1_59' title='bbox 1203 897 1374 936; x_wconf 91' lang='lat' dir='ltr'><strong>unum</strong></span> <span class='ocrx_word' id='word_1_60' title='bbox 1442 881 1696 948; x_wconf 86' lang='lat' dir='ltr'><strong>idemque</strong></span> <span class='ocrx_word' id='word_1_61' title='bbox 1755 885 1980 938; x_wconf 64' lang='lat' dir='ltr'><strong>naturae,</strong></span> 
     </span>
    </p>
   </div>
   <div class='ocr_carea' id='block_1_11' title="bbox 421 971 1984 1054">
    <p class='ocr_par' dir='ltr' id='par_1_11' title="bbox 421 971 1984 1054">
     <span class='ocr_line' id='line_1_11' title="bbox 421 971 1984 1054; baseline -0.013 -13"><span class='ocrx_word' id='word_1_62' title='bbox 421 989 550 1041; x_wconf 90' lang='lat' dir='ltr'><strong>mihi</strong></span> <span class='ocrx_word' id='word_1_63' title='bbox 585 983 827 1054; x_wconf 83' lang='lat' dir='ltr'><strong>profecto</strong></span> <span class='ocrx_word' id='word_1_64' title='bbox 876 994 1052 1048; x_wconf 88' lang='lat' dir='ltr'><strong>neque</strong></span> <span class='ocrx_word' id='word_1_65' title='bbox 1093 976 1146 1031; x_wconf 89' lang='lat' dir='ltr'><strong>id</strong></span> <span class='ocrx_word' id='word_1_66' title='bbox 1194 974 1465 1043; x_wconf 90' lang='lat' dir='ltr'><strong>displicet.</strong></span> <span class='ocrx_word' id='word_1_67' title='bbox 1501 972 1638 1026; x_wconf 82' lang='lat' dir='ltr'><strong>Cum</strong></span> <span class='ocrx_word' id='word_1_68' title='bbox 1669 971 1813 1025; x_wconf 91' lang='lat' dir='ltr'><strong>enim</strong></span> <span class='ocrx_word' id='word_1_69' title='bbox 1859 984 1984 1038; x_wconf 56' lang='lat' dir='ltr'><strong>pro.</strong></span> 
     </span>
    </p>
   </div>
   <div class='ocr_carea' id='block_1_12' title="bbox 421 1058 1983 1147">
    <p class='ocr_par' dir='ltr' id='par_1_12' title="bbox 421 1058 1983 1147">
     <span class='ocr_line' id='line_1_12' title="bbox 421 1058 1983 1147; baseline -0.014 -15"><span class='ocrx_word' id='word_1_70' title='bbox 421 1080 594 1147; x_wconf 88' lang='lat' dir='ltr'><strong>prium</strong></span> <span class='ocrx_word' id='word_1_71' title='bbox 651 1073 959 1139; x_wconf 86' lang='lat' dir='ltr'><strong>utriusque,</strong></span> <span class='ocrx_word' id='word_1_72' title='bbox 1023 1066 1169 1137; x_wconf 92' lang='lat' dir='ltr'><strong>quod</strong></span> <span class='ocrx_word' id='word_1_73' title='bbox 1220 1081 1286 1120; x_wconf 80' lang='lat' dir='ltr'><strong>ex</strong></span> <span class='ocrx_word' id='word_1_74' title='bbox 1334 1073 1565 1132; x_wconf 91' lang='lat' dir='ltr'><strong>utroque</strong></span> <span class='ocrx_word' id='word_1_75' title='bbox 1618 1058 1983 1130; x_wconf 75' lang='lat' dir='ltr'><strong>progreditur,</strong></span> 
     </span>
    </p>
   </div>
   <div class='ocr_carea' id='block_1_13' title="bbox 418 1148 1985 1238">
    <p class='ocr_par' dir='ltr' id='par_1_13' title="bbox 418 1148 1985 1238">
     <span class='ocr_line' id='line_1_13' title="bbox 418 1148 1985 1238; baseline -0.015 -13"><span class='ocrx_word' id='word_1_76' title='bbox 418 1171 547 1238; x_wconf 84' lang='lat' dir='ltr'><strong>quia</strong></span> <span class='ocrx_word' id='word_1_77' title='bbox 573 1180 702 1220; x_wconf 87' lang='lat' dir='ltr'><strong>vero</strong></span> <span class='ocrx_word' id='word_1_78' title='bbox 734 1165 801 1218; x_wconf 92' lang='lat' dir='ltr'><strong>ab</strong></span> <span class='ocrx_word' id='word_1_79' title='bbox 831 1171 1062 1229; x_wconf 90' lang='lat' dir='ltr'><strong>utroque</strong></span> <span class='ocrx_word' id='word_1_80' title='bbox 1090 1155 1453 1227; x_wconf 74' lang='lat' dir='ltr'><strong>progreditur,</strong></span> <span class='ocrx_word' id='word_1_81' title='bbox 1482 1153 1601 1207; x_wconf 88' lang='lat' dir='ltr'><strong>ideo</strong></span> <span class='ocrx_word' id='word_1_82' title='bbox 1645 1159 1732 1206; x_wconf 84' lang='lat' dir='ltr'><strong>est</strong></span> <span class='ocrx_word' id='word_1_83' title='bbox 1759 1159 1813 1204; x_wconf 95' lang='lat' dir='ltr'><strong>et</strong></span> <span class='ocrx_word' id='word_1_84' title='bbox 1839 1148 1985 1203; x_wconf 85' lang='lat' dir='ltr'><strong>Patri</strong></span> 
     </span>
    </p>
   </div>
   <div class='ocr_carea' id='block_1_14' title="bbox 417 1241 1985 1317">
    <p class='ocr_par' dir='ltr' id='par_1_14' title="bbox 417 1241 1985 1317">
     <span class='ocr_line' id='line_1_14' title="bbox 417 1241 1985 1317; baseline -0.015 -1"><span class='ocrx_word' id='word_1_85' title='bbox 417 1272 471 1316; x_wconf 88' lang='lat' dir='ltr'><strong>et</strong></span> <span class='ocrx_word' id='word_1_86' title='bbox 521 1259 658 1314; x_wconf 88' lang='lat' dir='ltr'><strong>Filio</strong></span> <span class='ocrx_word' id='word_1_87' title='bbox 711 1249 1218 1313; x_wconf 88' lang='lat' dir='ltr'><strong>consubstantialis,</strong></span> <span class='ocrx_word' id='word_1_88' title='bbox 1263 1247 1356 1317; x_wconf 89' lang='lat' dir='ltr'><strong>qui</strong></span> <span class='ocrx_word' id='word_1_89' title='bbox 1405 1247 1482 1300; x_wconf 88' lang='lat' dir='ltr'><strong>ait</strong></span> <span class='ocrx_word' id='word_1_90' title='bbox 1524 1244 1804 1314; x_wconf 92' lang='lat' dir='ltr'><strong>proprium</strong></span> <span class='ocrx_word' id='word_1_91' title='bbox 1833 1241 1985 1295; x_wconf 91' lang='lat' dir='ltr'><strong>illum</strong></span> 
     </span>
    </p>
   </div>
   <div class='ocr_carea' id='block_1_15' title="bbox 421 1333 1986 1414">
    <p class='ocr_par' dir='ltr' id='par_1_15' title="bbox 421 1333 1986 1414">
     <span class='ocr_line' id='line_1_15' title="bbox 421 1333 1986 1414; baseline -0.014 -7"><span class='ocrx_word' id='word_1_92' title='bbox 421 1353 598 1407; x_wconf 81' lang='lat' dir='ltr'><strong>Patris</strong></span> <span class='ocrx_word' id='word_1_93' title='bbox 626 1356 681 1403; x_wconf 93' lang='lat' dir='ltr'><strong>et</strong></span> <span class='ocrx_word' id='word_1_94' title='bbox 709 1345 832 1401; x_wconf 87' lang='lat' dir='ltr'><strong>Filii</strong></span> <span class='ocrx_word' id='word_1_95' title='bbox 866 1353 1088 1414; x_wconf 89' lang='lat' dir='ltr'><strong>propter</strong></span> <span class='ocrx_word' id='word_1_96' title='bbox 1119 1355 1288 1394; x_wconf 91' lang='lat' dir='ltr'><strong>unum</strong></span> <span class='ocrx_word' id='word_1_97' title='bbox 1324 1338 1574 1404; x_wconf 86' lang='lat' dir='ltr'><strong>idemque</strong></span> <span class='ocrx_word' id='word_1_98' title='bbox 1597 1345 1827 1398; x_wconf 70' lang='lat' dir='ltr'><strong>naturae,</strong></span> <span class='ocrx_word' id='word_1_99' title='bbox 1852 1333 1986 1386; x_wconf 89' lang='lat' dir='ltr'><strong>nihil</strong></span> 
     </span>
    </p>
   </div>
   <div class='ocr_carea' id='block_1_16' title="bbox 419 1425 1988 1499">
    <p class='ocr_par' dir='ltr' id='par_1_16' title="bbox 419 1425 1988 1499">
     <span class='ocr_line' id='line_1_16' title="bbox 419 1425 1988 1499; baseline -0.013 -2"><span class='ocrx_word' id='word_1_100' title='bbox 419 1443 638 1498; x_wconf 81' lang='lat' dir='ltr'><strong>aberrat</strong></span> <span class='ocrx_word' id='word_1_101' title='bbox 668 1454 698 1492; x_wconf 89' lang='lat' dir='ltr'><strong>a</strong></span> <span class='ocrx_word' id='word_1_102' title='bbox 728 1435 981 1499; x_wconf 84' lang='lat' dir='ltr'><strong>veritate,</strong></span> <span class='ocrx_word' id='word_1_103' title='bbox 1019 1431 1185 1487; x_wconf 90' lang='lat' dir='ltr'><strong>etiam</strong></span> <span class='ocrx_word' id='word_1_104' title='bbox 1225 1427 1398 1497; x_wconf 80' lang='lat' dir='ltr'><strong>magis</strong></span> <span class='ocrx_word' id='word_1_105' title='bbox 1432 1425 1801 1494; x_wconf 87' lang='lat' dir='ltr'><strong>sophistarum</strong></span> <span class='ocrx_word' id='word_1_106' title='bbox 1837 1436 1988 1476; x_wconf 86' lang='lat' dir='ltr'><strong>more</strong></span> 
     </span>
    </p>
   </div>
   <div class='ocr_carea' id='block_1_17' title="bbox 420 1515 1988 1598">
    <p class='ocr_par' dir='ltr' id='par_1_17' title="bbox 420 1515 1988 1598">
     <span class='ocr_line' id='line_1_17' title="bbox 420 1515 1988 1598; baseline -0.014 -8"><span class='ocrx_word' id='word_1_107' title='bbox 420 1546 728 1591; x_wconf 81' lang='lat' dir='ltr'><strong>sermonem</strong></span> <span class='ocrx_word' id='word_1_108' title='bbox 773 1529 1093 1598; x_wconf 89' lang='lat' dir='ltr'><strong>disponens,</strong></span> <span class='ocrx_word' id='word_1_109' title='bbox 1146 1523 1270 1577; x_wconf 90' lang='lat' dir='ltr'><strong>inde</strong></span> <span class='ocrx_word' id='word_1_110' title='bbox 1301 1519 1659 1589; x_wconf 80' lang='lat' dir='ltr'><strong>comprobare</strong></span> <span class='ocrx_word' id='word_1_111' title='bbox 1697 1515 1832 1582; x_wconf 77' lang='lat' dir='ltr'><strong>vult,</strong></span> <span class='ocrx_word' id='word_1_112' title='bbox 1876 1528 1988 1569; x_wconf 90' lang='lat' dir='ltr'><strong>non</strong></span> 
     </span>
    </p>
   </div>
   <div class='ocr_carea' id='block_1_18' title="bbox 421 1615 1316 1694">
    <p class='ocr_par' dir='ltr' id='par_1_18' title="bbox 421 1615 1316 1694">
     <span class='ocr_line' id='line_1_18' title="bbox 421 1615 1316 1694; baseline -0.017 -11"><span class='ocrx_word' id='word_1_113' title='bbox 421 1641 542 1683; x_wconf 88' lang='lat' dir='ltr'><strong>esse</strong></span> <span class='ocrx_word' id='word_1_114' title='bbox 568 1623 830 1694; x_wconf 88' lang='lat' dir='ltr'><strong>Spiritum</strong></span> <span class='ocrx_word' id='word_1_115' title='bbox 861 1618 1027 1673; x_wconf 90' lang='lat' dir='ltr'><strong>etiam</strong></span> <span class='ocrx_word' id='word_1_116' title='bbox 1056 1631 1122 1670; x_wconf 81' lang='lat' dir='ltr'><strong>ex</strong></span> <span class='ocrx_word' id='word_1_117' title='bbox 1157 1615 1316 1670; x_wconf 87' lang='lat' dir='ltr'><strong>Filio.</strong></span> 
     </span>
    </p>
   </div>
   <div class='ocr_carea' id='block_1_19' title="bbox 784 1706 1626 1781">
    <p class='ocr_par' dir='ltr' id='par_1_19' title="bbox 784 1706 1626 1781">
     <span class='ocr_line' id='line_1_19' title="bbox 784 1706 1626 1781; baseline -0.007 -16"><span class='ocrx_word' id='word_1_118' title='bbox 784 1710 1039 1781; x_wconf 77' lang='lat' dir='ltr'><strong>Ejusdem</strong></span> <span class='ocrx_word' id='word_1_119' title='bbox 1068 1723 1132 1762; x_wconf 77' lang='lat' dir='ltr'><strong>ea:</strong></span> <span class='ocrx_word' id='word_1_120' title='bbox 1155 1709 1335 1763; x_wconf 86' lang='lat' dir='ltr'><strong>eadem</strong></span> <span class='ocrx_word' id='word_1_121' title='bbox 1367 1706 1626 1761; x_wconf 80' lang='lat' dir='ltr'><strong>oratione.</strong></span> 
     </span>
    </p>
   </div>
   <div class='ocr_carea' id='block_1_20' title="bbox 2085 514 3659 586">
    <p class='ocr_par' dir='ltr' id='par_1_20' title="bbox 2085 514 3659 586">
     <span class='ocr_line' id='line_1_20' title="bbox 2085 514 3659 586; baseline 0.002 -15"><span class='ocrx_word' id='word_1_122' title='bbox 2085 517 2297 586; x_wconf 80' lang='grc' dir='ltr'>Πατρδς</span> <span class='ocrx_word' id='word_1_123' title='bbox 2335 514 2496 585; x_wconf 81' lang='grc' dir='ltr'>εἶναι,</span> <span class='ocrx_word' id='word_1_124' title='bbox 2527 517 2701 581; x_wconf 77' lang='grc' dir='ltr'>οὕτως</span> <span class='ocrx_word' id='word_1_125' title='bbox 2724 517 2856 572; x_wconf 79' lang='grc' dir='ltr'>ἴδιον</span> <span class='ocrx_word' id='word_1_126' title='bbox 2879 520 2974 573; x_wconf 71' lang='grc' dir='ltr'><strong>καὶ</strong></span> <span class='ocrx_word' id='word_1_127' title='bbox 3003 520 3098 571; x_wconf 86' lang='grc' dir='ltr'><strong>τοῦ</strong></span> <span class='ocrx_word' id='word_1_128' title='bbox 3128 519 3280 584; x_wconf 86' lang='grc' dir='ltr'>Υἱοῦ,</span> <span class='ocrx_word' id='word_1_129' title='bbox 3307 520 3396 573; x_wconf 84' lang='grc' dir='ltr'>διὰ</span> <span class='ocrx_word' id='word_1_130' title='bbox 3428 521 3490 573; x_wconf 77' lang='grc' dir='ltr'>τὺ</span> <span class='ocrx_word' id='word_1_131' title='bbox 3515 517 3659 574; x_wconf 74' lang='grc' dir='ltr'>εἶναι</span> 
     </span>
    </p>
   </div>
   <div class='ocr_carea' id='block_1_21' title="bbox 2082 608 3662 682">
    <p class='ocr_par' dir='ltr' id='par_1_21' title="bbox 2082 608 3662 682">
     <span class='ocr_line' id='line_1_21' title="bbox 2082 608 3662 682; baseline 0.003 -22"><span class='ocrx_word' id='word_1_132' title='bbox 2082 608 2149 660; x_wconf 91' lang='grc' dir='ltr'>δι’</span> <span class='ocrx_word' id='word_1_133' title='bbox 2179 608 2332 673; x_wconf 84' lang='grc' dir='ltr'>Υἱοῦ,</span> <span class='ocrx_word' id='word_1_134' title='bbox 2389 611 2485 662; x_wconf 75' lang='grc' dir='ltr'>καὶ</span> <span class='ocrx_word' id='word_1_135' title='bbox 2533 609 2718 662; x_wconf 80' lang='grc' dir='ltr'>λοιπὸν</span> <span class='ocrx_word' id='word_1_136' title='bbox 2762 612 2892 663; x_wconf 74' lang='grc' dir='ltr'>ἴδιον</span> <span class='ocrx_word' id='word_1_137' title='bbox 2943 611 3144 680; x_wconf 81' lang='grc' dir='ltr'><strong>ἀμφοῖν</strong></span> <span class='ocrx_word' id='word_1_138' title='bbox 3181 611 3242 663; x_wconf 82' lang='grc' dir='ltr'>τὸ</span> <span class='ocrx_word' id='word_1_139' title='bbox 3291 611 3539 682; x_wconf 83' lang='grc' dir='ltr'>Πνεῦμα,</span> <span class='ocrx_word' id='word_1_140' title='bbox 3581 613 3662 676; x_wconf 83' lang='grc' dir='ltr'>ὡς</span> 
     </span>
    </p>
   </div>
   <div class='ocr_carea' id='block_1_22' title="bbox 2084 700 3662 772">
    <p class='ocr_par' dir='ltr' id='par_1_22' title="bbox 2084 700 3662 772">
     <span class='ocr_line' id='line_1_22' title="bbox 2084 700 3662 772; baseline 0.003 -20"><span class='ocrx_word' id='word_1_141' title='bbox 2084 700 2274 770; x_wconf 84' lang='grc' dir='ltr'>προῖδν</span> <span class='ocrx_word' id='word_1_142' title='bbox 2319 701 2376 767; x_wconf 72' lang='grc' dir='ltr'><strong>ἐξ</strong></span> <span class='ocrx_word' id='word_1_143' title='bbox 2428 702 2651 769; x_wconf 80' lang='grc' dir='ltr'>ἀμφοῖν.</span> <span class='ocrx_word' id='word_1_144' title='bbox 2713 702 2774 753; x_wconf 85' lang='lat' dir='ltr'><strong>El</strong></span> <span class='ocrx_word' id='word_1_145' title='bbox 2807 702 2863 754; x_wconf 81' lang='grc' dir='ltr'><strong>δὲ</strong></span> <span class='ocrx_word' id='word_1_146' title='bbox 2904 705 2996 756; x_wconf 71' lang='grc' dir='ltr'>καὶ</span> <span class='ocrx_word' id='word_1_147' title='bbox 3025 703 3100 764; x_wconf 77' lang='grc' dir='ltr'><strong>ὡς</strong></span> <span class='ocrx_word' id='word_1_148' title='bbox 3137 703 3202 756; x_wconf 83' lang='grc' dir='ltr'><strong>σὺ</strong></span> <span class='ocrx_word' id='word_1_149' title='bbox 3231 702 3336 772; x_wconf 78' lang='grc' dir='ltr'>φὴς</span> <span class='ocrx_word' id='word_1_150' title='bbox 3363 703 3497 755; x_wconf 80' lang='grc' dir='ltr'>[διον</span> <span class='ocrx_word' id='word_1_151' title='bbox 3524 703 3662 756; x_wconf 73' lang='lat' dir='ltr'><strong>nos</strong></span> 
     </span>
    </p>
   </div>
   <div class='ocr_carea' id='block_1_23' title="bbox 2085 791 3659 864">
    <p class='ocr_par' dir='ltr' id='par_1_23' title="bbox 2085 791 3659 864">
     <span class='ocr_line' id='line_1_23' title="bbox 2085 791 3659 864; baseline 0.003 -22"><span class='ocrx_word' id='word_1_152' title='bbox 2085 791 2178 843; x_wconf 77' lang='grc' dir='ltr'>καὶ</span> <span class='ocrx_word' id='word_1_153' title='bbox 2216 791 2428 862; x_wconf 82' lang='grc' dir='ltr'>Πατρὸς</span> <span class='ocrx_word' id='word_1_154' title='bbox 2469 791 2530 843; x_wconf 85' lang='grc' dir='ltr'>τὺ</span> <span class='ocrx_word' id='word_1_155' title='bbox 2566 791 2785 862; x_wconf 82' lang='grc' dir='ltr'><strong>Πνεῦμα</strong></span> <span class='ocrx_word' id='word_1_156' title='bbox 2807 792 2896 846; x_wconf 78' lang='grc' dir='ltr'>διὰ</span> <span class='ocrx_word' id='word_1_157' title='bbox 2943 795 3002 846; x_wconf 79' lang='grc' dir='ltr'><strong>τὸ</strong></span> <span class='ocrx_word' id='word_1_158' title='bbox 3036 795 3235 846; x_wconf 80' lang='grc' dir='ltr'>ὲνιαῖον</span> <span class='ocrx_word' id='word_1_159' title='bbox 3285 794 3386 862; x_wconf 84' lang='grc' dir='ltr'>τῆς</span> <span class='ocrx_word' id='word_1_160' title='bbox 3415 798 3659 864; x_wconf 83' lang='grc' dir='ltr'>φύσεως,</span> 
     </span>
    </p>
   </div>
   <div class='ocr_carea' id='block_1_24' title="bbox 2084 880 3662 954">
    <p class='ocr_par' dir='ltr' id='par_1_24' title="bbox 2084 880 3662 954">
     <span class='ocr_line' id='line_1_24' title="bbox 2084 880 3662 954; baseline 0.003 -21"><span class='ocrx_word' id='word_1_161' title='bbox 2084 880 2206 933; x_wconf 75' lang='grc' dir='ltr'>οὐδὲ</span> <span class='ocrx_word' id='word_1_162' title='bbox 2229 881 2387 935; x_wconf 85' lang='grc' dir='ltr'>τοῦτό</span> <span class='ocrx_word' id='word_1_163' title='bbox 2415 899 2508 952; x_wconf 90' lang='grc' dir='ltr'><strong>μοι</strong></span> <span class='ocrx_word' id='word_1_164' title='bbox 2540 883 2939 950; x_wconf 86' lang='grc' dir='ltr'>ἁπαράδεκτον.</span> <span class='ocrx_word' id='word_1_165' title='bbox 2957 884 3112 938; x_wconf 82' lang='grc' dir='ltr'>Ἐπεὶ</span> <span class='ocrx_word' id='word_1_166' title='bbox 3147 885 3254 954; x_wconf 84' lang='grc' dir='ltr'>γὰρ</span> <span class='ocrx_word' id='word_1_167' title='bbox 3278 884 3408 937; x_wconf 85' lang='grc' dir='ltr'>ῖδιον</span> <span class='ocrx_word' id='word_1_168' title='bbox 3427 887 3662 954; x_wconf 81' lang='grc' dir='ltr'>ἀμφοῖν,</span> 
     </span>
    </p>
   </div>
   <div class='ocr_carea' id='block_1_25' title="bbox 2085 969 3662 1045">
    <p class='ocr_par' dir='ltr' id='par_1_25' title="bbox 2085 969 3662 1045">
     <span class='ocr_line' id='line_1_25' title="bbox 2085 969 3662 1045; baseline 0.003 -24"><span class='ocrx_word' id='word_1_169' title='bbox 2085 969 2166 1021; x_wconf 82' lang='grc' dir='ltr'>ὅτι</span> <span class='ocrx_word' id='word_1_170' title='bbox 2201 969 2444 1038; x_wconf 76' lang='grc' dir='ltr'><strong>πρόεισιν</strong></span> <span class='ocrx_word' id='word_1_171' title='bbox 2472 969 2530 1036; x_wconf 76' lang='grc' dir='ltr'><strong>ἐξ</strong></span> <span class='ocrx_word' id='word_1_172' title='bbox 2559 971 2785 1039; x_wconf 81' lang='grc' dir='ltr'><strong>ἀμφοῖν,</strong></span> <span class='ocrx_word' id='word_1_173' title='bbox 2804 972 2893 1024; x_wconf 53' lang='lat' dir='ltr'><strong>se</strong></span> <span class='ocrx_word' id='word_1_174' title='bbox 2922 973 2978 1024; x_wconf 82' lang='grc' dir='ltr'><strong>δὲ</strong></span> <span class='ocrx_word' id='word_1_175' title='bbox 2993 975 3052 1025; x_wconf 86' lang='grc' dir='ltr'><strong>τὸ</strong></span> <span class='ocrx_word' id='word_1_176' title='bbox 3074 973 3133 1036; x_wconf 76' lang='grc' dir='ltr'><strong>ἐξ</strong></span> <span class='ocrx_word' id='word_1_177' title='bbox 3159 976 3360 1043; x_wconf 80' lang='grc' dir='ltr'>ἀμφοῖν</span> <span class='ocrx_word' id='word_1_178' title='bbox 3387 977 3662 1045; x_wconf 80' lang='grc' dir='ltr'>προϊέναι,</span> 
     </span>
    </p>
   </div>
   <div class='ocr_carea' id='block_1_26' title="bbox 2085 1060 3665 1133">
    <p class='ocr_par' dir='ltr' id='par_1_26' title="bbox 2085 1060 3665 1133">
     <span class='ocr_line' id='line_1_26' title="bbox 2085 1060 3665 1133; baseline 0.004 -22"><span class='ocrx_word' id='word_1_179' title='bbox 2085 1060 2374 1128; x_wconf 83' lang='grc' dir='ltr'>ὁμοούσιόν</span> <span class='ocrx_word' id='word_1_180' title='bbox 2421 1062 2540 1114; x_wconf 76' lang='grc' dir='ltr'>ἐστι</span> <span class='ocrx_word' id='word_1_181' title='bbox 2573 1062 2750 1132; x_wconf 79' lang='grc' dir='ltr'>Πατρὶ</span> <span class='ocrx_word' id='word_1_182' title='bbox 2782 1066 2878 1117; x_wconf 74' lang='grc' dir='ltr'>καὶ</span> <span class='ocrx_word' id='word_1_183' title='bbox 2909 1063 3039 1132; x_wconf 79' lang='grc' dir='ltr'><strong>Υἱῷ,</strong></span> <span class='ocrx_word' id='word_1_184' title='bbox 3059 1068 3086 1116; x_wconf 83' lang='grc' dir='ltr'><strong>ό</strong></span> <span class='ocrx_word' id='word_1_185' title='bbox 3127 1066 3301 1133; x_wconf 80' lang='grc' dir='ltr'>λέγων</span> <span class='ocrx_word' id='word_1_186' title='bbox 3347 1065 3498 1132; x_wconf 76' lang='grc' dir='ltr'>ἴδιον,</span> <span class='ocrx_word' id='word_1_187' title='bbox 3524 1067 3665 1119; x_wconf 81' lang='grc' dir='ltr'>αὐτὸ</span> 
     </span>
    </p>
   </div>
   <div class='ocr_carea' id='block_1_27' title="bbox 2087 1153 3666 1226">
    <p class='ocr_par' dir='ltr' id='par_1_27' title="bbox 2087 1153 3666 1226">
     <span class='ocr_line' id='line_1_27' title="bbox 2087 1153 3666 1226; baseline 0.005 -23"><span class='ocrx_word' id='word_1_188' title='bbox 2087 1153 2298 1223; x_wconf 80' lang='grc' dir='ltr'>Πατρδς</span> <span class='ocrx_word' id='word_1_189' title='bbox 2329 1154 2420 1204; x_wconf 79' lang='grc' dir='ltr'>καὶ</span> <span class='ocrx_word' id='word_1_190' title='bbox 2452 1153 2583 1206; x_wconf 84' lang='grc' dir='ltr'>Υίοῦ</span> <span class='ocrx_word' id='word_1_191' title='bbox 2613 1154 2702 1207; x_wconf 78' lang='grc' dir='ltr'>διὰ</span> <span class='ocrx_word' id='word_1_192' title='bbox 2731 1155 2792 1206; x_wconf 77' lang='grc' dir='ltr'>τὸ</span> <span class='ocrx_word' id='word_1_193' title='bbox 2823 1157 3022 1208; x_wconf 80' lang='grc' dir='ltr'>ἐνιαϊον</span> <span class='ocrx_word' id='word_1_194' title='bbox 3052 1158 3150 1225; x_wconf 80' lang='grc' dir='ltr'>τῆς</span> <span class='ocrx_word' id='word_1_195' title='bbox 3184 1158 3400 1226; x_wconf 83' lang='grc' dir='ltr'>φύσεως</span> <span class='ocrx_word' id='word_1_196' title='bbox 3424 1158 3582 1211; x_wconf 78' lang='grc' dir='ltr'>οὐδέν</span> <span class='ocrx_word' id='word_1_197' title='bbox 3609 1175 3666 1211; x_wconf 89' lang='grc' dir='ltr'><strong>τι</strong></span> 
     </span>
    </p>
   </div>
   <div class='ocr_carea' id='block_1_28' title="bbox 2086 1241 3668 1318">
    <p class='ocr_par' dir='ltr' id='par_1_28' title="bbox 2086 1241 3668 1318">
     <span class='ocr_line' id='line_1_28' title="bbox 2086 1241 3668 1318; baseline 0.005 -24"><span class='ocrx_word' id='word_1_198' title='bbox 2086 1241 2446 1311; x_wconf 67' lang='grc' dir='ltr'><strong>διαμαρτάνει</strong></span> <span class='ocrx_word' id='word_1_199' title='bbox 2482 1245 2582 1314; x_wconf 84' lang='grc' dir='ltr'><strong>τῆς</strong></span> <span class='ocrx_word' id='word_1_200' title='bbox 2624 1245 2900 1316; x_wconf 81' lang='grc' dir='ltr'><strong>ἀληθείας,</strong></span> <span class='ocrx_word' id='word_1_201' title='bbox 2946 1248 2994 1298; x_wconf 84' lang='grc' dir='ltr'><strong>εί</strong></span> <span class='ocrx_word' id='word_1_202' title='bbox 3049 1248 3162 1312; x_wconf 70' lang='grc' dir='ltr'>καὶ,</span> <span class='ocrx_word' id='word_1_203' title='bbox 3199 1248 3668 1318; x_wconf 76' lang='grc' dir='ltr'>σοφιστικώτερον</span> 
     </span>
    </p>
   </div>
   <div class='ocr_carea' id='block_1_29' title="bbox 2090 1335 3666 1410">
    <p class='ocr_par' dir='ltr' id='par_1_29' title="bbox 2090 1335 3666 1410">
     <span class='ocr_line' id='line_1_29' title="bbox 2090 1335 3666 1410; baseline 0.005 -26"><span class='ocrx_word' id='word_1_204' title='bbox 2090 1335 2492 1404; x_wconf 80' lang='grc' dir='ltr'><strong>μετερχόμενος</strong></span> <span class='ocrx_word' id='word_1_205' title='bbox 2546 1338 2638 1388; x_wconf 68' lang='grc' dir='ltr'>τὸν</span> <span class='ocrx_word' id='word_1_206' title='bbox 2701 1339 2879 1404; x_wconf 86' lang='grc' dir='ltr'>λόγον,</span> <span class='ocrx_word' id='word_1_207' title='bbox 2921 1339 3170 1390; x_wconf 78' lang='grc' dir='ltr'>ἐντεῦθεν</span> <span class='ocrx_word' id='word_1_208' title='bbox 3219 1338 3468 1408; x_wconf 85' lang='grc' dir='ltr'>βούλεται</span> <span class='ocrx_word' id='word_1_209' title='bbox 3519 1341 3666 1410; x_wconf 87' lang='grc' dir='ltr'>τάχα</span> 
     </span>
    </p>
   </div>
   <div class='ocr_carea' id='block_1_30' title="bbox 2088 1421 3669 1498">
    <p class='ocr_par' dir='ltr' id='par_1_30' title="bbox 2088 1421 3669 1498">
     <span class='ocr_line' id='line_1_30' title="bbox 2088 1421 3669 1498; baseline 0.004 -24"><span class='ocrx_word' id='word_1_210' title='bbox 2088 1425 2498 1478; x_wconf 73' lang='grc' dir='ltr'>κατασκευάσαι</span> <span class='ocrx_word' id='word_1_211' title='bbox 2560 1427 2636 1496; x_wconf 84' lang='grc' dir='ltr'><strong>μὴ</strong></span> <span class='ocrx_word' id='word_1_212' title='bbox 2707 1421 2846 1481; x_wconf 75' lang='grc' dir='ltr'>εἶναι</span> <span class='ocrx_word' id='word_1_213' title='bbox 2901 1427 2963 1479; x_wconf 83' lang='grc' dir='ltr'><strong>τὸ</strong></span> <span class='ocrx_word' id='word_1_214' title='bbox 3016 1428 3239 1498; x_wconf 82' lang='grc' dir='ltr'>Πνεῦμα</span> <span class='ocrx_word' id='word_1_215' title='bbox 3291 1429 3384 1481; x_wconf 79' lang='grc' dir='ltr'><strong>καὶ</strong></span> <span class='ocrx_word' id='word_1_216' title='bbox 3441 1431 3506 1483; x_wconf 82' lang='grc' dir='ltr'>ἐκ</span> <span class='ocrx_word' id='word_1_217' title='bbox 3565 1431 3669 1482; x_wconf 80' lang='grc' dir='ltr'><strong>τοῦ</strong></span> 
     </span>
    </p>
   </div>
   <div class='ocr_carea' id='block_1_31' title="bbox 2088 1510 2240 1567">
    <p class='ocr_par' dir='ltr' id='par_1_31' title="bbox 2088 1510 2240 1567">
     <span class='ocr_line' id='line_1_31' title="bbox 2088 1510 2240 1567; baseline 0.026 -4"><span class='ocrx_word' id='word_1_218' title='bbox 2088 1510 2240 1567; x_wconf 86' lang='grc' dir='ltr'>Υἱοῦ.</span> 
     </span>
    </p>
   </div>
   <div class='ocr_carea' id='block_1_32' title="bbox 2481 1705 3278 1765">
    <p class='ocr_par' dir='ltr' id='par_1_32' title="bbox 2481 1705 3278 1765">
     <span class='ocr_line' id='line_1_32' title="bbox 2481 1705 3278 1765; baseline 0.006 -5"><span class='ocrx_word' id='word_1_219' title='bbox 2481 1705 2592 1760; x_wconf 84' lang='grc' dir='ltr'>Τοῦ</span> <span class='ocrx_word' id='word_1_220' title='bbox 2619 1707 2807 1761; x_wconf 84' lang='grc' dir='ltr'>αὐτοῦ</span> <span class='ocrx_word' id='word_1_221' title='bbox 2833 1709 2901 1762; x_wconf 83' lang='grc' dir='ltr'>ἐκ</span> <span class='ocrx_word' id='word_1_222' title='bbox 2941 1710 3046 1764; x_wconf 88' lang='grc' dir='ltr'><strong>τοῦ</strong></span> <span class='ocrx_word' id='word_1_223' title='bbox 3068 1711 3278 1765; x_wconf 83' lang='grc' dir='ltr'>αὐτοῦ.</span> 
     </span>
    </p>
   </div>
   <div class='ocr_carea' id='block_1_33' title="bbox 488 1783 1995 1874">
    <p class='ocr_par' dir='ltr' id='par_1_33' title="bbox 488 1796 1983 1868">
     <span class='ocr_line' id='line_1_33' title="bbox 488 1796 1983 1868; baseline -0.011 -4"><span class='ocrx_word' id='word_1_224' title='bbox 488 1806 674 1863; x_wconf 82' lang='lat' dir='ltr'><strong>XCIII.</strong></span> <span class='ocrx_word' id='word_1_225' title='bbox 715 1823 733 1856; x_wconf 76' lang='grc' dir='ltr'><strong>ι</strong></span> <span class='ocrx_word' id='word_1_226' title='bbox 769 1801 968 1858; x_wconf 87' lang='lat' dir='ltr'><strong>Sancta</strong></span> <span class='ocrx_word' id='word_1_227' title='bbox 997 1811 1175 1857; x_wconf 91' lang='lat' dir='ltr'><strong>autem</strong></span> <span class='ocrx_word' id='word_1_228' title='bbox 1210 1799 1487 1868; x_wconf 86' lang='lat' dir='ltr'><strong>Scriptura</strong></span> <span class='ocrx_word' id='word_1_229' title='bbox 1512 1813 1609 1852; x_wconf 90' lang='lat' dir='ltr'><strong>nos</strong></span> <span class='ocrx_word' id='word_1_230' title='bbox 1629 1796 1940 1866; x_wconf 89' lang='lat' dir='ltr'><strong>alloquente</strong></span> <span class='ocrx_word' id='word_1_231' title='bbox 1971 1813 1983 1848; x_wconf 90' lang='lat'><strong>:</strong></span> 
     </span>
    </p>
   </div>
   <div class='ocr_carea' id='block_1_34' title="bbox 2102 1783 3664 1874">
    <p class='ocr_par' dir='ltr' id='par_1_34' title="bbox 2161 1795 3664 1874">
     <span class='ocr_line' id='line_1_34' title="bbox 2161 1795 3664 1874; baseline 0.007 -26"><span class='ocrx_word' id='word_1_232' title='bbox 2161 1795 2278 1863; x_wconf 69' lang='grc' dir='ltr'><strong>ιιῐν.</strong></span> <span class='ocrx_word' id='word_1_233' title='bbox 2331 1816 2350 1849; x_wconf 78' lang='grc' dir='ltr'><strong>ι</strong></span> <span class='ocrx_word' id='word_1_234' title='bbox 2401 1799 2570 1870; x_wconf 86' lang='grc' dir='ltr'>Ἱεροῦ</span> <span class='ocrx_word' id='word_1_235' title='bbox 2611 1801 2668 1852; x_wconf 83' lang='grc' dir='ltr'>δὲ</span> <span class='ocrx_word' id='word_1_236' title='bbox 2703 1801 2834 1870; x_wconf 73' lang='grc' dir='ltr'>ἡμῖν</span> <span class='ocrx_word' id='word_1_237' title='bbox 2872 1801 3271 1870; x_wconf 73' lang='grc' dir='ltr'>ἑπιφωνοῦντος</span> <span class='ocrx_word' id='word_1_238' title='bbox 3312 1804 3664 1874; x_wconf 77' lang='grc' dir='ltr'>γράμματος,</span> 
     </span>
    </p>
   </div>
   <div class='ocr_carea' id='block_1_35' title="bbox 425 1887 1990 1958">
    <p class='ocr_par' dir='ltr' id='par_1_35' title="bbox 425 1887 1990 1958">
     <span class='ocr_line' id='line_1_35' title="bbox 425 1887 1990 1958; baseline -0.006 -7"><span class='ocrx_word' id='word_1_239' title='bbox 425 1919 442 1951; x_wconf 74' lang='grc' dir='ltr'><strong>ι</strong></span> <span class='ocrx_word' id='word_1_240' title='bbox 479 1896 654 1955; x_wconf 88' lang='lat' dir='ltr'><strong>Omne</strong></span> <span class='ocrx_word' id='word_1_241' title='bbox 687 1897 890 1951; x_wconf 91' lang='lat' dir='ltr'><strong>donum</strong></span> <span class='ocrx_word' id='word_1_242' title='bbox 923 1894 1151 1958; x_wconf 87' lang='lat' dir='ltr'><strong>bonum,</strong></span> <span class='ocrx_word' id='word_1_243' title='bbox 1196 1899 1248 1946; x_wconf 93' lang='lat' dir='ltr'><strong>et</strong></span> <span class='ocrx_word' id='word_1_244' title='bbox 1273 1906 1436 1945; x_wconf 90' lang='lat' dir='ltr'><strong>omne</strong></span> <span class='ocrx_word' id='word_1_245' title='bbox 1465 1905 1665 1944; x_wconf 90' lang='lat' dir='ltr'><strong>munus</strong></span> <span class='ocrx_word' id='word_1_246' title='bbox 1688 1887 1990 1958; x_wconf 82' lang='lat' dir='ltr'><strong>perlectum</strong></span> 
     </span>
    </p>
   </div>
   <div class='ocr_carea' id='block_1_36' title="bbox 424 1981 1987 2050">
    <p class='ocr_par' dir='ltr' id='par_1_36' title="bbox 424 1981 1987 2050">
     <span class='ocr_line' id='line_1_36' title="bbox 424 1981 1987 2050; baseline -0.006 -8"><span class='ocrx_word' id='word_1_247' title='bbox 424 2009 444 2042; x_wconf 75' lang='grc' dir='ltr'><strong>ι</strong></span> <span class='ocrx_word' id='word_1_248' title='bbox 483 1991 774 2045; x_wconf 88' lang='lat' dir='ltr'><strong>desursum</strong></span> <span class='ocrx_word' id='word_1_249' title='bbox 839 1993 945 2050; x_wconf 85' lang='lat' dir='ltr'><strong>est,</strong></span> <span class='ocrx_word' id='word_1_250' title='bbox 998 1983 1338 2038; x_wconf 84' lang='lat' dir='ltr'><strong>descendens</strong></span> <span class='ocrx_word' id='word_1_251' title='bbox 1383 1997 1415 2036; x_wconf 88' lang='lat' dir='ltr'><strong>a</strong></span> <span class='ocrx_word' id='word_1_252' title='bbox 1475 1981 1636 2035; x_wconf 86' lang='lat' dir='ltr'><strong>Patre</strong></span> <span class='ocrx_word' id='word_1_253' title='bbox 1694 1981 1987 2044; x_wconf 88' lang='lat' dir='ltr'><strong>luminum,</strong></span> 
     </span>
    </p>
   </div>
   <div class='ocr_carea' id='block_1_37' title="bbox 426 2073 1993 2152">
    <p class='ocr_par' dir='ltr' id='par_1_37' title="bbox 426 2073 1993 2152">
     <span class='ocr_line' id='line_1_37' title="bbox 426 2073 1993 2152; baseline -0.006 -15"><span class='ocrx_word' id='word_1_254' title='bbox 426 2102 445 2136; x_wconf 75' lang='grc' dir='ltr'><strong>ι</strong></span> <span class='ocrx_word' id='word_1_255' title='bbox 483 2082 626 2152; x_wconf 87' lang='lat' dir='ltr'><strong>apud</strong></span> <span class='ocrx_word' id='word_1_256' title='bbox 653 2093 816 2150; x_wconf 88' lang='lat' dir='ltr'><strong>quem</strong></span> <span class='ocrx_word' id='word_1_257' title='bbox 855 2093 964 2132; x_wconf 91' lang='lat' dir='ltr'><strong>non</strong></span> <span class='ocrx_word' id='word_1_258' title='bbox 996 2086 1081 2131; x_wconf 91' lang='lat' dir='ltr'><strong>est</strong></span> <span class='ocrx_word' id='word_1_259' title='bbox 1119 2073 1524 2140; x_wconf 86' lang='lat' dir='ltr'><strong>transmutatio,</strong></span> <span class='ocrx_word' id='word_1_260' title='bbox 1558 2074 1642 2128; x_wconf 89' lang='lat' dir='ltr'><strong>vel</strong></span> <span class='ocrx_word' id='word_1_261' title='bbox 1680 2074 1993 2128; x_wconf 83' lang='lat' dir='ltr'><strong>conversio-</strong></span> 
     </span>
    </p>
   </div>
   <div class='ocr_carea' id='block_1_38' title="bbox 430 2163 1994 2234">
    <p class='ocr_par' dir='ltr' id='par_1_38' title="bbox 430 2163 1994 2234">
     <span class='ocr_line' id='line_1_38' title="bbox 430 2163 1994 2234; baseline -0.004 -11"><span class='ocrx_word' id='word_1_262' title='bbox 430 2191 447 2223; x_wconf 76' lang='grc' dir='ltr'><strong>ι</strong></span> <span class='ocrx_word' id='word_1_263' title='bbox 489 2173 576 2226; x_wconf 92' lang='lat' dir='ltr'><strong>nis</strong></span> <span class='ocrx_word' id='word_1_264' title='bbox 605 2167 948 2224; x_wconf 80' lang='lat' dir='ltr'><strong>adumbratio</strong></span> <span class='ocrx_word' id='word_1_265' title='bbox 978 2165 1048 2231; x_wconf 82' lang='grc'>⁸⁷,</span> <span class='ocrx_word' id='word_1_266' title='bbox 1084 2184 1104 2217; x_wconf 72' lang='grc' dir='ltr'><strong>ι</strong></span> <span class='ocrx_word' id='word_1_267' title='bbox 1141 2165 1286 2219; x_wconf 90' lang='lat' dir='ltr'><strong>unde</strong></span> <span class='ocrx_word' id='word_1_268' title='bbox 1311 2173 1471 2234; x_wconf 87' lang='lat' dir='ltr'><strong>putas</strong></span> <span class='ocrx_word' id='word_1_269' title='bbox 1500 2164 1616 2232; x_wconf 90' lang='lat' dir='ltr'><strong>ipse</strong></span> <span class='ocrx_word' id='word_1_270' title='bbox 1649 2163 1994 2217; x_wconf 89' lang='lat' dir='ltr'><strong>distributio-</strong></span> 
     </span>
    </p>
   </div>
   <div class='ocr_carea' id='block_1_39' title="bbox 428 2254 1993 2328">
    <p class='ocr_par' dir='ltr' id='par_1_39' title="bbox 428 2254 1993 2328">
     <span class='ocr_line' id='line_1_39' title="bbox 428 2254 1993 2328; baseline -0.006 -11"><span class='ocrx_word' id='word_1_271' title='bbox 428 2282 449 2317; x_wconf 72' lang='grc' dir='ltr'><strong>ι</strong></span> <span class='ocrx_word' id='word_1_272' title='bbox 491 2278 614 2318; x_wconf 90' lang='lat' dir='ltr'><strong>nem</strong></span> <span class='ocrx_word' id='word_1_273' title='bbox 646 2259 955 2316; x_wconf 82' lang='lat' dir='ltr'><strong>divinarum</strong></span> <span class='ocrx_word' id='word_1_274' title='bbox 982 2257 1282 2328; x_wconf 76' lang='lat' dir='ltr'><strong>gratiarum</strong></span> <span class='ocrx_word' id='word_1_275' title='bbox 1313 2256 1472 2311; x_wconf 87' lang='lat' dir='ltr'><strong>nobis</strong></span> <span class='ocrx_word' id='word_1_276' title='bbox 1498 2255 1654 2311; x_wconf 79' lang='lat' dir='ltr'><strong>ﬁeri?</strong></span> <span class='ocrx_word' id='word_1_277' title='bbox 1696 2255 1884 2310; x_wconf 80' lang='lat' dir='ltr'><strong>Herm.</strong></span> <span class='ocrx_word' id='word_1_278' title='bbox 1913 2254 1993 2308; x_wconf 79' lang='lat' dir='ltr'><strong>Ex</strong></span> 
     </span>
    </p>
   </div>
   <div class='ocr_carea' id='block_1_40' title="bbox 431 2345 1996 2418">
    <p class='ocr_par' dir='ltr' id='par_1_40' title="bbox 431 2345 1996 2418">
     <span class='ocr_line' id='line_1_40' title="bbox 431 2345 1996 2418; baseline -0.004 -12"><span class='ocrx_word' id='word_1_279' title='bbox 431 2373 452 2406; x_wconf 70' lang='grc' dir='ltr'><strong>ι</strong></span> <span class='ocrx_word' id='word_1_280' title='bbox 491 2352 602 2408; x_wconf 84' lang='lat' dir='ltr'><strong>Deo</strong></span> <span class='ocrx_word' id='word_1_281' title='bbox 637 2351 795 2404; x_wconf 87' lang='lat' dir='ltr'><strong>Patre</strong></span> <span class='ocrx_word' id='word_1_282' title='bbox 823 2349 1052 2405; x_wconf 92' lang='lat' dir='ltr'><strong>scilicet.</strong></span> <span class='ocrx_word' id='word_1_283' title='bbox 1088 2346 1258 2418; x_wconf 80' lang='lat' dir='ltr'><strong>Cyril.</strong></span> <span class='ocrx_word' id='word_1_284' title='bbox 1291 2345 1432 2413; x_wconf 85' lang='lat' dir='ltr'><strong>Quin</strong></span> <span class='ocrx_word' id='word_1_285' title='bbox 1457 2357 1513 2402; x_wconf 86' lang='lat' dir='ltr'><strong>et</strong></span> <span class='ocrx_word' id='word_1_286' title='bbox 1543 2348 1750 2403; x_wconf 87' lang='lat' dir='ltr'><strong>sanctis</strong></span> <span class='ocrx_word' id='word_1_287' title='bbox 1778 2356 1996 2416; x_wconf 69' lang='lat' dir='ltr'><strong>apostoo</strong></span> 
     </span>
    </p>
   </div>
   <div class='ocr_carea' id='block_1_41' title="bbox 430 2440 1992 2504">
    <p class='ocr_par' dir='ltr' id='par_1_41' title="bbox 430 2440 1992 2504">
     <span class='ocr_line' id='line_1_41' title="bbox 430 2440 1992 2504; baseline -0.005 -2"><span class='ocrx_word' id='word_1_288' title='bbox 430 2470 450 2502; x_wconf 74' lang='grc' dir='ltr'><strong>ι</strong></span> <span class='ocrx_word' id='word_1_289' title='bbox 489 2449 556 2504; x_wconf 92' lang='lat' dir='ltr'><strong>lis</strong></span> <span class='ocrx_word' id='word_1_290' title='bbox 618 2446 950 2500; x_wconf 89' lang='lat' dir='ltr'><strong>auctoritate</strong></span> <span class='ocrx_word' id='word_1_291' title='bbox 1018 2457 1119 2498; x_wconf 84' lang='lat' dir='ltr'><strong>sua</strong></span> <span class='ocrx_word' id='word_1_292' title='bbox 1191 2441 1358 2497; x_wconf 89' lang='lat' dir='ltr'><strong>dabat</strong></span> <span class='ocrx_word' id='word_1_293' title='bbox 1421 2440 1676 2498; x_wconf 90' lang='lat' dir='ltr'><strong>Christus</strong></span> <span class='ocrx_word' id='word_1_294' title='bbox 1737 2441 1992 2495; x_wconf 83' lang='lat' dir='ltr'><strong>virtutem</strong></span> 
     </span>
    </p>
   </div>
   <div class='ocr_carea' id='block_1_42' title="bbox 430 2531 1992 2606">
    <p class='ocr_par' dir='ltr' id='par_1_42' title="bbox 430 2531 1992 2606">
     <span class='ocr_line' id='line_1_42' title="bbox 430 2531 1992 2606; baseline -0.004 -17"><span class='ocrx_word' id='word_1_295' title='bbox 430 2558 448 2589; x_wconf 82' lang='grc' dir='ltr'><strong>ι</strong></span> <span class='ocrx_word' id='word_1_296' title='bbox 485 2547 673 2594; x_wconf 83' lang='lat' dir='ltr'><strong>contra</strong></span> <span class='ocrx_word' id='word_1_297' title='bbox 705 2535 930 2606; x_wconf 88' lang='lat' dir='ltr'><strong>spiritus</strong></span> <span class='ocrx_word' id='word_1_298' title='bbox 978 2533 1312 2600; x_wconf 87' lang='lat' dir='ltr'><strong>immundos,</strong></span> <span class='ocrx_word' id='word_1_299' title='bbox 1338 2532 1411 2586; x_wconf 89' lang='lat' dir='ltr'><strong>ita</strong></span> <span class='ocrx_word' id='word_1_300' title='bbox 1458 2539 1517 2587; x_wconf 90' lang='lat' dir='ltr'><strong>ut</strong></span> <span class='ocrx_word' id='word_1_301' title='bbox 1556 2532 1818 2601; x_wconf 84' lang='lat' dir='ltr'><strong>ejicerent</strong></span> <span class='ocrx_word' id='word_1_302' title='bbox 1848 2531 1992 2593; x_wconf 88' lang='lat' dir='ltr'><strong>illos,</strong></span> 
     </span>
    </p>
   </div>
   <div class='ocr_carea' id='block_1_43' title="bbox 430 2623 1994 2692">
    <p class='ocr_par' dir='ltr' id='par_1_43' title="bbox 430 2623 1994 2692">
     <span class='ocr_line' id='line_1_43' title="bbox 430 2623 1994 2692; baseline -0.004 -9"><span class='ocrx_word' id='word_1_303' title='bbox 430 2651 449 2683; x_wconf 75' lang='grc' dir='ltr'><strong>ι</strong></span> <span class='ocrx_word' id='word_1_304' title='bbox 487 2637 542 2685; x_wconf 89' lang='lat' dir='ltr'><strong>et</strong></span> <span class='ocrx_word' id='word_1_305' title='bbox 573 2636 827 2684; x_wconf 87' lang='lat' dir='ltr'><strong>curarent</strong></span> <span class='ocrx_word' id='word_1_306' title='bbox 864 2640 1056 2680; x_wconf 91' lang='lat' dir='ltr'><strong>omnes</strong></span> <span class='ocrx_word' id='word_1_307' title='bbox 1107 2624 1353 2688; x_wconf 89' lang='lat' dir='ltr'><strong>morbos,</strong></span> <span class='ocrx_word' id='word_1_308' title='bbox 1389 2633 1445 2678; x_wconf 90' lang='lat' dir='ltr'><strong>et</strong></span> <span class='ocrx_word' id='word_1_309' title='bbox 1480 2637 1670 2678; x_wconf 90' lang='lat' dir='ltr'><strong>omnes</strong></span> <span class='ocrx_word' id='word_1_310' title='bbox 1702 2623 1994 2692; x_wconf 89' lang='lat' dir='ltr'><strong>languores</strong></span> 
     </span>
    </p>
   </div>
   <div class='ocr_carea' id='block_1_44' title="bbox 431 2713 1996 2790">
    <p class='ocr_par' dir='ltr' id='par_1_44' title="bbox 431 2713 1996 2790">
     <span class='ocr_line' id='line_1_44' title="bbox 431 2713 1996 2790; baseline -0.004 -18"><span class='ocrx_word' id='word_1_311' title='bbox 431 2740 448 2772; x_wconf 79' lang='grc' dir='ltr'><strong>ι</strong></span> <span class='ocrx_word' id='word_1_312' title='bbox 486 2721 540 2774; x_wconf 88' lang='lat' dir='ltr'><strong>in</strong></span> <span class='ocrx_word' id='word_1_313' title='bbox 568 2718 788 2790; x_wconf 89' lang='lat' dir='ltr'><strong>populo,</strong></span> <span class='ocrx_word' id='word_1_314' title='bbox 817 2727 872 2772; x_wconf 89' lang='lat' dir='ltr'><strong>et</strong></span> <span class='ocrx_word' id='word_1_315' title='bbox 911 2715 1061 2786; x_wconf 91' lang='lat' dir='ltr'><strong>quod</strong></span> <span class='ocrx_word' id='word_1_316' title='bbox 1102 2715 1190 2770; x_wconf 86' lang='lat' dir='ltr'><strong>his</strong></span> <span class='ocrx_word' id='word_1_317' title='bbox 1223 2715 1582 2770; x_wconf 78' lang='lat' dir='ltr'><strong>excellentius</strong></span> <span class='ocrx_word' id='word_1_318' title='bbox 1604 2721 1712 2776; x_wconf 87' lang='lat' dir='ltr'><strong>est,</strong></span> <span class='ocrx_word' id='word_1_319' title='bbox 1740 2713 1904 2767; x_wconf 89' lang='lat' dir='ltr'><strong>etiam</strong></span> <span class='ocrx_word' id='word_1_320' title='bbox 1934 2720 1996 2766; x_wconf 80' lang='lat' dir='ltr'><strong>ut</strong></span> 
     </span>
    </p>
   </div>
   <div class='ocr_carea' id='block_1_45' title="bbox 429 2805 1993 2882">
    <p class='ocr_par' dir='ltr' id='par_1_45' title="bbox 429 2805 1993 2882">
     <span class='ocr_line' id='line_1_45' title="bbox 429 2805 1993 2882; baseline -0.004 -19"><span class='ocrx_word' id='word_1_321' title='bbox 429 2831 448 2863; x_wconf 76' lang='grc' dir='ltr'><strong>ι</strong></span> <span class='ocrx_word' id='word_1_322' title='bbox 484 2819 709 2882; x_wconf 84' lang='lat' dir='ltr'><strong>possent</strong></span> <span class='ocrx_word' id='word_1_323' title='bbox 753 2809 930 2878; x_wconf 90' lang='lat' dir='ltr'><strong>ipsam</strong></span> <span class='ocrx_word' id='word_1_324' title='bbox 960 2818 1189 2862; x_wconf 91' lang='lat' dir='ltr'><strong>mortem</strong></span> <span class='ocrx_word' id='word_1_325' title='bbox 1222 2806 1441 2860; x_wconf 90' lang='lat' dir='ltr'><strong>vincere</strong></span> <span class='ocrx_word' id='word_1_326' title='bbox 1469 2805 1808 2859; x_wconf 85' lang='lat' dir='ltr'><strong>divinissime</strong></span> <span class='ocrx_word' id='word_1_327' title='bbox 1856 2819 1993 2874; x_wconf 69' lang='lat' dir='ltr'><strong>pra:-</strong></span> 
     </span>
    </p>
   </div>
   <div class='ocr_carea' id='block_1_46' title="bbox 431 2897 1994 2971">
    <p class='ocr_par' dir='ltr' id='par_1_46' title="bbox 431 2897 1994 2971">
     <span class='ocr_line' id='line_1_46' title="bbox 431 2897 1994 2971; baseline -0.004 -17"><span class='ocrx_word' id='word_1_328' title='bbox 431 2924 449 2954; x_wconf 76' lang='grc' dir='ltr'><strong>ι</strong></span> <span class='ocrx_word' id='word_1_329' title='bbox 485 2903 629 2971; x_wconf 85' lang='lat' dir='ltr'><strong>cepit</strong></span> <span class='ocrx_word' id='word_1_330' title='bbox 663 2901 851 2955; x_wconf 86' lang='lat' dir='ltr'><strong>dicens</strong></span> <span class='ocrx_word' id='word_1_331' title='bbox 881 2915 896 2953; x_wconf 89' lang='lat'><strong>:</strong></span> <span class='ocrx_word' id='word_1_332' title='bbox 949 2916 968 2950; x_wconf 74' lang='grc' dir='ltr'><strong>ι</strong></span> <span class='ocrx_word' id='word_1_333' title='bbox 1001 2897 1255 2953; x_wconf 84' lang='lat' dir='ltr'><strong>Inﬁrmos</strong></span> <span class='ocrx_word' id='word_1_334' title='bbox 1285 2905 1494 2962; x_wconf 88' lang='lat' dir='ltr'><strong>curate,</strong></span> <span class='ocrx_word' id='word_1_335' title='bbox 1537 2905 1591 2950; x_wconf 91' lang='lat' dir='ltr'><strong>et</strong></span> <span class='ocrx_word' id='word_1_336' title='bbox 1627 2904 1873 2949; x_wconf 89' lang='lat' dir='ltr'><strong>mortuos</strong></span> <span class='ocrx_word' id='word_1_337' title='bbox 1900 2909 1994 2948; x_wconf 92' lang='lat' dir='ltr'><strong>su-</strong></span> 
     </span>
    </p>
   </div>
   <div class='ocr_carea' id='block_1_47' title="bbox 430 2985 1989 3059">
    <p class='ocr_par' dir='ltr' id='par_1_47' title="bbox 430 2985 1989 3059">
     <span class='ocr_line' id='line_1_47' title="bbox 430 2985 1989 3059; baseline -0.006 -13"><span class='ocrx_word' id='word_1_338' title='bbox 430 3014 448 3046; x_wconf 79' lang='grc' dir='ltr'><strong>ι</strong></span> <span class='ocrx_word' id='word_1_339' title='bbox 491 2994 708 3056; x_wconf 85' lang='lat' dir='ltr'><strong>scitate,</strong></span> <span class='ocrx_word' id='word_1_340' title='bbox 741 2992 988 3059; x_wconf 86' lang='lat' dir='ltr'><strong>leprosos</strong></span> <span class='ocrx_word' id='word_1_341' title='bbox 1017 2988 1300 3052; x_wconf 82' lang='lat' dir='ltr'><strong>mundate,</strong></span> <span class='ocrx_word' id='word_1_342' title='bbox 1340 2987 1608 3042; x_wconf 68' lang='lat' dir='ltr'><strong>daemonia</strong></span> <span class='ocrx_word' id='word_1_343' title='bbox 1644 2986 1825 3056; x_wconf 84' lang='lat' dir='ltr'><strong>ejicite</strong></span> <span class='ocrx_word' id='word_1_344' title='bbox 1849 2985 1932 3052; x_wconf 63' lang='lat'><strong>&#39;9;</strong></span> <span class='ocrx_word' id='word_1_345' title='bbox 1969 3004 1989 3036; x_wconf 73' lang='grc' dir='ltr'><strong>ι</strong></span> 
     </span>
    </p>
   </div>
   <div class='ocr_carea' id='block_1_48' title="bbox 431 3077 2061 3175">
    <p class='ocr_par' dir='ltr' id='par_1_48' title="bbox 431 3077 2061 3175">
     <span class='ocr_line' id='line_1_48' title="bbox 431 3077 2061 3175; baseline -0.002 -39"><span class='ocrx_word' id='word_1_346' title='bbox 431 3106 448 3136; x_wconf 78' lang='grc' dir='ltr'>σ</span> <span class='ocrx_word' id='word_1_347' title='bbox 487 3081 771 3139; x_wconf 81' lang='lat' dir='ltr'><strong>confessus</strong></span> <span class='ocrx_word' id='word_1_348' title='bbox 803 3091 886 3136; x_wconf 91' lang='lat' dir='ltr'><strong>est</strong></span> <span class='ocrx_word' id='word_1_349' title='bbox 915 3088 1093 3134; x_wconf 88' lang='lat' dir='ltr'><strong>autem</strong></span> <span class='ocrx_word' id='word_1_350' title='bbox 1125 3094 1382 3149; x_wconf 87' lang='lat' dir='ltr'><strong>perquam</strong></span> <span class='ocrx_word' id='word_1_351' title='bbox 1420 3079 1707 3134; x_wconf 81' lang='lat' dir='ltr'><strong>manifeste</strong></span> <span class='ocrx_word' id='word_1_352' title='bbox 1755 3077 1993 3132; x_wconf 85' lang='lat' dir='ltr'><strong>Joannes</strong></span> <span class='ocrx_word' id='word_1_353' title='bbox 2017 3113 2061 3175; x_wconf 66' lang='grc' dir='ltr'>Ο</span> 
     </span>
    </p>
   </div>
   <div class='ocr_carea' id='block_1_49' title="bbox 432 3171 1993 3242">
    <p class='ocr_par' dir='ltr' id='par_1_49' title="bbox 432 3171 1993 3242">
     <span class='ocr_line' id='line_1_49' title="bbox 432 3171 1993 3242; baseline -0.002 -16"><span class='ocrx_word' id='word_1_354' title='bbox 432 3197 447 3226; x_wconf 74' lang='grc' dir='ltr'><strong>ι</strong></span> <span class='ocrx_word' id='word_1_355' title='bbox 483 3178 665 3230; x_wconf 78' lang='lat' dir='ltr'><strong>dicens</strong></span> <span class='ocrx_word' id='word_1_356' title='bbox 707 3192 722 3229; x_wconf 91' lang='lat'><strong><em>:</em></strong></span> <span class='ocrx_word' id='word_1_357' title='bbox 774 3190 793 3225; x_wconf 74' lang='grc' dir='ltr'><strong>ι</strong></span> <span class='ocrx_word' id='word_1_358' title='bbox 828 3173 904 3228; x_wconf 88' lang='lat' dir='ltr'><strong>De</strong></span> <span class='ocrx_word' id='word_1_359' title='bbox 941 3171 1276 3242; x_wconf 83' lang='lat' dir='ltr'><strong>plenitudine</strong></span> <span class='ocrx_word' id='word_1_360' title='bbox 1321 3171 1441 3241; x_wconf 87' lang='lat' dir='ltr'><strong>ejus</strong></span> <span class='ocrx_word' id='word_1_361' title='bbox 1487 3185 1588 3224; x_wconf 89' lang='lat' dir='ltr'><strong>nos</strong></span> <span class='ocrx_word' id='word_1_362' title='bbox 1615 3185 1804 3225; x_wconf 88' lang='lat' dir='ltr'><strong>omnes</strong></span> <span class='ocrx_word' id='word_1_363' title='bbox 1837 3185 1993 3224; x_wconf 90' lang='lat' dir='ltr'><strong>acce-</strong></span> 
     </span>
    </p>
   </div>
   <div class='ocr_carea' id='block_1_50' title="bbox 435 3264 1993 3340">
    <p class='ocr_par' dir='ltr' id='par_1_50' title="bbox 435 3264 1993 3340">
     <span class='ocr_line' id='line_1_50' title="bbox 435 3264 1993 3340; baseline -0.002 -21"><span class='ocrx_word' id='word_1_364' title='bbox 435 3291 450 3319; x_wconf 75' lang='grc' dir='ltr'><strong>ι</strong></span> <span class='ocrx_word' id='word_1_365' title='bbox 493 3269 672 3340; x_wconf 90' lang='lat' dir='ltr'><strong>pimus</strong></span> <span class='ocrx_word' id='word_1_366' title='bbox 703 3266 772 3322; x_wconf 80' lang='grc'><strong>⁸⁸.</strong></span> <span class='ocrx_word' id='word_1_367' title='bbox 845 3284 862 3317; x_wconf 76' lang='grc' dir='ltr'><strong>ι</strong></span> <span class='ocrx_word' id='word_1_368' title='bbox 926 3264 1135 3318; x_wconf 91' lang='lat' dir='ltr'><strong>Donum</strong></span> <span class='ocrx_word' id='word_1_369' title='bbox 1193 3275 1377 3319; x_wconf 87' lang='lat' dir='ltr'><strong>autem</strong></span> <span class='ocrx_word' id='word_1_370' title='bbox 1433 3265 1660 3326; x_wconf 90' lang='lat' dir='ltr'><strong>bonum,</strong></span> <span class='ocrx_word' id='word_1_371' title='bbox 1697 3273 1752 3316; x_wconf 93' lang='lat' dir='ltr'><strong>et</strong></span> <span class='ocrx_word' id='word_1_372' title='bbox 1795 3277 1993 3316; x_wconf 90' lang='lat' dir='ltr'><strong>munus</strong></span> 
     </span>
    </p>
   </div>
   <div class='ocr_carea' id='block_1_51' title="bbox 435 3352 1995 3430">
    <p class='ocr_par' dir='ltr' id='par_1_51' title="bbox 435 3352 1995 3430">
     <span class='ocr_line' id='line_1_51' title="bbox 435 3352 1995 3430; baseline -0.004 -18"><span class='ocrx_word' id='word_1_373' title='bbox 435 3382 452 3412; x_wconf 77' lang='grc' dir='ltr'><strong>ι</strong></span> <span class='ocrx_word' id='word_1_374' title='bbox 492 3359 788 3430; x_wconf 83' lang='lat' dir='ltr'><strong>perlectum</strong></span> <span class='ocrx_word' id='word_1_375' title='bbox 831 3355 1008 3411; x_wconf 87' lang='lat' dir='ltr'><strong>eritne</strong></span> <span class='ocrx_word' id='word_1_376' title='bbox 1050 3355 1195 3409; x_wconf 86' lang='lat' dir='ltr'><strong>aliud</strong></span> <span class='ocrx_word' id='word_1_377' title='bbox 1239 3355 1543 3423; x_wconf 89' lang='lat' dir='ltr'><strong>quidpiam,</strong></span> <span class='ocrx_word' id='word_1_378' title='bbox 1580 3353 1728 3422; x_wconf 88' lang='lat' dir='ltr'><strong>quod</strong></span> <span class='ocrx_word' id='word_1_379' title='bbox 1783 3353 1880 3406; x_wconf 91' lang='lat' dir='ltr'><strong>tibi</strong></span> <span class='ocrx_word' id='word_1_380' title='bbox 1917 3352 1995 3405; x_wconf 90' lang='lat' dir='ltr'><strong>vi-</strong></span> 
     </span>
    </p>
   </div>
   <div class='ocr_carea' id='block_1_52' title="bbox 436 3445 1996 3517">
    <p class='ocr_par' dir='ltr' id='par_1_52' title="bbox 436 3445 1996 3517">
     <span class='ocr_line' id='line_1_52' title="bbox 436 3445 1996 3517; baseline -0.004 -15"><span class='ocrx_word' id='word_1_381' title='bbox 436 3473 452 3502; x_wconf 75' lang='grc' dir='ltr'>σ</span> <span class='ocrx_word' id='word_1_382' title='bbox 496 3453 675 3512; x_wconf 87' lang='lat' dir='ltr'><strong>detur,</strong></span> <span class='ocrx_word' id='word_1_383' title='bbox 731 3463 892 3517; x_wconf 91' lang='lat' dir='ltr'><strong>quam</strong></span> <span class='ocrx_word' id='word_1_384' title='bbox 949 3445 1271 3516; x_wconf 88' lang='lat' dir='ltr'><strong>participem</strong></span> <span class='ocrx_word' id='word_1_385' title='bbox 1320 3445 1436 3498; x_wconf 87' lang='lat' dir='ltr'><strong>lieri</strong></span> <span class='ocrx_word' id='word_1_386' title='bbox 1497 3445 1739 3512; x_wconf 85' lang='lat' dir='ltr'><strong>Spiritus</strong></span> <span class='ocrx_word' id='word_1_387' title='bbox 1781 3445 1996 3499; x_wconf 80' lang='lat' dir='ltr'><strong>sancti?</strong></span> 
     </span>
    </p>
   </div>
   <div class='ocr_carea' id='block_1_53' title="bbox 434 3536 1993 3606">
    <p class='ocr_par' dir='ltr' id='par_1_53' title="bbox 434 3536 1993 3606">
     <span class='ocr_line' id='line_1_53' title="bbox 434 3536 1993 3606; baseline -0.003 -11"><span class='ocrx_word' id='word_1_388' title='bbox 434 3561 452 3594; x_wconf 82' lang='grc' dir='ltr'><strong>ι</strong></span> <span class='ocrx_word' id='word_1_389' title='bbox 499 3540 684 3595; x_wconf 84' lang='lat' dir='ltr'><strong>Herm.</strong></span> <span class='ocrx_word' id='word_1_390' title='bbox 711 3539 865 3594; x_wconf 83' lang='lat' dir='ltr'><strong>Nullo</strong></span> <span class='ocrx_word' id='word_1_391' title='bbox 895 3538 1078 3592; x_wconf 90' lang='lat' dir='ltr'><strong>modo.</strong></span> <span class='ocrx_word' id='word_1_392' title='bbox 1099 3536 1272 3606; x_wconf 83' lang='lat' dir='ltr'><strong>Cyril.</strong></span> <span class='ocrx_word' id='word_1_393' title='bbox 1301 3536 1535 3592; x_wconf 90' lang='lat' dir='ltr'><strong>Proinde</strong></span> <span class='ocrx_word' id='word_1_394' title='bbox 1564 3538 1704 3602; x_wconf 81' lang='lat' dir='ltr'><strong>vide,</strong></span> <span class='ocrx_word' id='word_1_395' title='bbox 1742 3538 1993 3599; x_wconf 81' lang='lat' dir='ltr'><strong>obsecro,</strong></span> 
     </span>
    </p>
   </div>
   <div class='ocr_carea' id='block_1_54' title="bbox 435 3627 1996 3698">
    <p class='ocr_par' dir='ltr' id='par_1_54' title="bbox 435 3627 1996 3698">
     <span class='ocr_line' id='line_1_54' title="bbox 435 3627 1996 3698; baseline 0.001 -14"><span class='ocrx_word' id='word_1_396' title='bbox 435 3653 453 3684; x_wconf 81' lang='grc' dir='ltr'><strong>ι</strong></span> <span class='ocrx_word' id='word_1_397' title='bbox 495 3634 687 3697; x_wconf 77' lang='lat' dir='ltr'><strong>amice,</strong></span> <span class='ocrx_word' id='word_1_398' title='bbox 711 3633 875 3685; x_wconf 86' lang='lat' dir='ltr'><strong>etiam</strong></span> <span class='ocrx_word' id='word_1_399' title='bbox 907 3645 974 3684; x_wconf 80' lang='lat' dir='ltr'><strong>ex</strong></span> <span class='ocrx_word' id='word_1_400' title='bbox 1013 3630 1098 3682; x_wconf 91' lang='lat' dir='ltr'><strong>his</strong></span> <span class='ocrx_word' id='word_1_401' title='bbox 1130 3627 1326 3683; x_wconf 84' lang='lat' dir='ltr'><strong>Filium</strong></span> <span class='ocrx_word' id='word_1_402' title='bbox 1361 3631 1644 3698; x_wconf 89' lang='lat' dir='ltr'><strong>proprium</strong></span> <span class='ocrx_word' id='word_1_403' title='bbox 1669 3645 1830 3685; x_wconf 90' lang='lat' dir='ltr'><strong>suum</strong></span> <span class='ocrx_word' id='word_1_404' title='bbox 1862 3631 1996 3688; x_wconf 81' lang='lat' dir='ltr'><strong>insi-</strong></span> 
     </span>
    </p>
   </div>
   <div class='ocr_carea' id='block_1_55' title="bbox 438 3719 2000 3788">
    <p class='ocr_par' dir='ltr' id='par_1_55' title="bbox 438 3719 2000 3788">
     <span class='ocr_line' id='line_1_55' title="bbox 438 3719 2000 3788; baseline 0.003 -16"><span class='ocrx_word' id='word_1_405' title='bbox 438 3741 454 3772; x_wconf 76' lang='grc' dir='ltr'><strong>ι</strong></span> <span class='ocrx_word' id='word_1_406' title='bbox 502 3733 634 3786; x_wconf 90' lang='lat' dir='ltr'><strong>tum,</strong></span> <span class='ocrx_word' id='word_1_407' title='bbox 667 3722 739 3776; x_wconf 92' lang='lat' dir='ltr'><strong>ita</strong></span> <span class='ocrx_word' id='word_1_408' title='bbox 771 3730 830 3776; x_wconf 91' lang='lat' dir='ltr'><strong>ut</strong></span> <span class='ocrx_word' id='word_1_409' title='bbox 853 3736 955 3773; x_wconf 90' lang='lat' dir='ltr'><strong>non</strong></span> <span class='ocrx_word' id='word_1_410' title='bbox 994 3719 1304 3788; x_wconf 85' lang='lat' dir='ltr'><strong>adjiciatur,</strong></span> <span class='ocrx_word' id='word_1_411' title='bbox 1335 3720 1598 3788; x_wconf 87' lang='lat' dir='ltr'><strong>Spiritum</strong></span> <span class='ocrx_word' id='word_1_412' title='bbox 1635 3733 1910 3788; x_wconf 85' lang='lat' dir='ltr'><strong>sanctum,</strong></span> <span class='ocrx_word' id='word_1_413' title='bbox 1945 3731 2000 3777; x_wconf 91' lang='lat' dir='ltr'><strong>et</strong></span> 
     </span>
    </p>
   </div>
   <div class='ocr_carea' id='block_1_56' title="bbox 436 3810 2002 3882">
    <p class='ocr_par' dir='ltr' id='par_1_56' title="bbox 436 3810 2002 3882">
     <span class='ocr_line' id='line_1_56' title="bbox 436 3810 2002 3882; baseline 0.003 -21"><span class='ocrx_word' id='word_1_414' title='bbox 436 3830 452 3861; x_wconf 77' lang='grc' dir='ltr'><strong>ι</strong></span> <span class='ocrx_word' id='word_1_415' title='bbox 495 3827 592 3882; x_wconf 89' lang='lat' dir='ltr'><strong>per</strong></span> <span class='ocrx_word' id='word_1_416' title='bbox 649 3827 807 3879; x_wconf 75' lang='lat' dir='ltr'><strong>quem</strong></span> <span class='ocrx_word' id='word_1_417' title='bbox 844 3825 1006 3864; x_wconf 87' lang='lat' dir='ltr'><strong>omne</strong></span> <span class='ocrx_word' id='word_1_418' title='bbox 1051 3812 1253 3863; x_wconf 87' lang='lat' dir='ltr'><strong>donum</strong></span> <span class='ocrx_word' id='word_1_419' title='bbox 1300 3810 1506 3863; x_wconf 90' lang='lat' dir='ltr'><strong>bonum</strong></span> <span class='ocrx_word' id='word_1_420' title='bbox 1542 3819 1645 3864; x_wconf 89' lang='lat' dir='ltr'><strong>est.</strong></span> <span class='ocrx_word' id='word_1_421' title='bbox 1685 3810 1822 3862; x_wconf 80' lang='lat' dir='ltr'><strong>Nam</strong></span> <span class='ocrx_word' id='word_1_422' title='bbox 1855 3822 2002 3878; x_wconf 87' lang='lat' dir='ltr'><strong>post-</strong></span> 
     </span>
    </p>
   </div>
   <div class='ocr_carea' id='block_1_57' title="bbox 439 3901 2000 3982">
    <p class='ocr_par' dir='ltr' id='par_1_57' title="bbox 439 3901 2000 3982">
     <span class='ocr_line' id='line_1_57' title="bbox 439 3901 2000 3982; baseline 0.003 -29"><span class='ocrx_word' id='word_1_423' title='bbox 439 3922 456 3953; x_wconf 72' lang='grc' dir='ltr'><strong>ι</strong></span> <span class='ocrx_word' id='word_1_424' title='bbox 492 3919 662 3982; x_wconf 76' lang='lat' dir='ltr'><strong>quam</strong></span> <span class='ocrx_word' id='word_1_425' title='bbox 688 3904 985 3958; x_wconf 77' lang='lat' dir='ltr'><strong>resurrexit</strong></span> <span class='ocrx_word' id='word_1_426' title='bbox 1014 3903 1294 3963; x_wconf 78' lang='lat' dir='ltr'><strong>destructa</strong></span> <span class='ocrx_word' id='word_1_427' title='bbox 1324 3903 1698 3971; x_wconf 87' lang='lat' dir='ltr'><strong>corruptione,</strong></span> <span class='ocrx_word' id='word_1_428' title='bbox 1740 3901 2000 3957; x_wconf 77' lang='lat' dir='ltr'><strong>vinculis-</strong></span> 
     </span>
    </p>
   </div>
   <div class='ocr_carea' id='block_1_58' title="bbox 440 3993 2001 4065">
    <p class='ocr_par' dir='ltr' id='par_1_58' title="bbox 440 3993 2001 4065">
     <span class='ocr_line' id='line_1_58' title="bbox 440 3993 2001 4065; baseline 0.001 -19"><span class='ocrx_word' id='word_1_429' title='bbox 440 4016 457 4046; x_wconf 78' lang='grc' dir='ltr'><strong>ι</strong></span> <span class='ocrx_word' id='word_1_430' title='bbox 493 4010 600 4065; x_wconf 91' lang='lat' dir='ltr'><strong>que</strong></span> <span class='ocrx_word' id='word_1_431' title='bbox 653 3995 843 4047; x_wconf 88' lang='lat' dir='ltr'><strong>mortis</strong></span> <span class='ocrx_word' id='word_1_432' title='bbox 888 3993 1138 4061; x_wconf 86' lang='lat' dir='ltr'><strong>abjcctis,</strong></span> <span class='ocrx_word' id='word_1_433' title='bbox 1180 3995 1446 4048; x_wconf 86' lang='lat' dir='ltr'><strong>reducens</strong></span> <span class='ocrx_word' id='word_1_434' title='bbox 1487 4010 1586 4048; x_wconf 92' lang='lat' dir='ltr'><strong>nos</strong></span> <span class='ocrx_word' id='word_1_435' title='bbox 1636 3997 1702 4050; x_wconf 89' lang='lat' dir='ltr'><strong>ad</strong></span> <span class='ocrx_word' id='word_1_436' title='bbox 1759 3995 2001 4050; x_wconf 79' lang='lat' dir='ltr'><strong>sanctiu-</strong></span> 
     </span>
    </p>
   </div>
   <div class='ocr_carea' id='block_1_59' title="bbox 441 4083 1998 4151">
    <p class='ocr_par' dir='ltr' id='par_1_59' title="bbox 441 4083 1998 4151">
     <span class='ocr_line' id='line_1_59' title="bbox 441 4083 1998 4151; baseline 0.001 -18"><span class='ocrx_word' id='word_1_437' title='bbox 441 4103 456 4133; x_wconf 81' lang='grc' dir='ltr'><strong>ι</strong></span> <span class='ocrx_word' id='word_1_438' title='bbox 494 4084 764 4136; x_wconf 87' lang='lat' dir='ltr'><strong>cationem</strong></span> <span class='ocrx_word' id='word_1_439' title='bbox 801 4090 854 4133; x_wconf 87' lang='lat' dir='ltr'><strong>ct</strong></span> <span class='ocrx_word' id='word_1_440' title='bbox 895 4083 1214 4149; x_wconf 82' lang='lat' dir='ltr'><strong>primaevam</strong></span> <span class='ocrx_word' id='word_1_441' title='bbox 1247 4092 1454 4136; x_wconf 66' lang='lat' dir='ltr'><strong>natura:</strong></span> <span class='ocrx_word' id='word_1_442' title='bbox 1503 4083 1998 4151; x_wconf 86' lang='lat' dir='ltr'><strong>pulchritudinem,</strong></span> 
     </span>
    </p>
   </div>
   <div class='ocr_carea' id='block_1_60' title="bbox 438 4173 2003 4243">
    <p class='ocr_par' dir='ltr' id='par_1_60' title="bbox 438 4173 2003 4243">
     <span class='ocr_line' id='line_1_60' title="bbox 438 4173 2003 4243; baseline 0.002 -20"><span class='ocrx_word' id='word_1_443' title='bbox 438 4195 454 4223; x_wconf 73' lang='grc' dir='ltr'><strong>ε</strong></span> <span class='ocrx_word' id='word_1_444' title='bbox 495 4173 958 4241; x_wconf 87' lang='lat' dir='ltr'><strong>quemadmodum</strong></span> <span class='ocrx_word' id='word_1_445' title='bbox 1007 4174 1058 4226; x_wconf 88' lang='lat' dir='ltr'><strong>in</strong></span> <span class='ocrx_word' id='word_1_446' title='bbox 1087 4173 1356 4242; x_wconf 88' lang='lat' dir='ltr'><strong>principio</strong></span> <span class='ocrx_word' id='word_1_447' title='bbox 1386 4175 1598 4243; x_wconf 80' lang='lat' dir='ltr'><strong>generis</strong></span> <span class='ocrx_word' id='word_1_448' title='bbox 1629 4175 1855 4228; x_wconf 88' lang='lat' dir='ltr'><strong>humani</strong></span> <span class='ocrx_word' id='word_1_449' title='bbox 1900 4185 2003 4228; x_wconf 90' lang='lat' dir='ltr'><strong>tra-</strong></span> 
     </span>
    </p>
   </div>
   <div class='ocr_carea' id='block_1_61' title="bbox 442 4263 2003 4332">
    <p class='ocr_par' dir='ltr' id='par_1_61' title="bbox 442 4263 2003 4332">
     <span class='ocr_line' id='line_1_61' title="bbox 442 4263 2003 4332; baseline 0.003 -17"><span class='ocrx_word' id='word_1_450' title='bbox 442 4286 460 4315; x_wconf 75' lang='lat' dir='ltr'><strong>r</strong></span> <span class='ocrx_word' id='word_1_451' title='bbox 497 4266 633 4319; x_wconf 90' lang='lat' dir='ltr'><strong>dens</strong></span> <span class='ocrx_word' id='word_1_452' title='bbox 686 4263 946 4332; x_wconf 89' lang='lat' dir='ltr'><strong>apostolis</strong></span> <span class='ocrx_word' id='word_1_453' title='bbox 1008 4263 1299 4318; x_wconf 78' lang='lat' dir='ltr'><strong>insuﬂlavit</strong></span> <span class='ocrx_word' id='word_1_454' title='bbox 1359 4265 1414 4318; x_wconf 87' lang='lat' dir='ltr'><strong>in</strong></span> <span class='ocrx_word' id='word_1_455' title='bbox 1470 4264 1662 4320; x_wconf 78' lang='lat' dir='ltr'><strong>faciem</strong></span> <span class='ocrx_word' id='word_1_456' title='bbox 1699 4281 1887 4321; x_wconf 89' lang='lat' dir='ltr'><strong>eorum</strong></span> <span class='ocrx_word' id='word_1_457' title='bbox 1919 4266 2003 4320; x_wconf 83' lang='lat' dir='ltr'><strong>di-</strong></span> 
     </span>
    </p>
   </div>
   <div class='ocr_carea' id='block_1_62' title="bbox 450 4355 2003 4425">
    <p class='ocr_par' dir='ltr' id='par_1_62' title="bbox 450 4355 2003 4425">
     <span class='ocr_line' id='line_1_62' title="bbox 450 4355 2003 4425; baseline 0.004 -19"><span class='ocrx_word' id='word_1_458' title='bbox 450 4379 466 4406; x_wconf 85' lang='grc'><em>‹</em></span> <span class='ocrx_word' id='word_1_459' title='bbox 507 4373 636 4410; x_wconf 88' lang='lat' dir='ltr'><strong>cens</strong></span> <span class='ocrx_word' id='word_1_460' title='bbox 672 4375 683 4408; x_wconf 77' lang='grc' dir='ltr'>ε</span> <span class='ocrx_word' id='word_1_461' title='bbox 738 4374 754 4407; x_wconf 79' lang='grc' dir='ltr'><strong>ι</strong></span> <span class='ocrx_word' id='word_1_462' title='bbox 788 4356 1028 4424; x_wconf 78' lang='lat' dir='ltr'><strong>Accipite</strong></span> <span class='ocrx_word' id='word_1_463' title='bbox 1070 4355 1334 4425; x_wconf 89' lang='lat' dir='ltr'><strong>Spiritum</strong></span> <span class='ocrx_word' id='word_1_464' title='bbox 1383 4366 1634 4410; x_wconf 90' lang='lat' dir='ltr'><strong>sanctum</strong></span> <span class='ocrx_word' id='word_1_465' title='bbox 1676 4357 1747 4411; x_wconf 83' lang='lat'><strong>’°.</strong></span> <span class='ocrx_word' id='word_1_466' title='bbox 1791 4375 1810 4408; x_wconf 85' lang='grc'><strong>›</strong></span> <span class='ocrx_word' id='word_1_467' title='bbox 1849 4356 2003 4422; x_wconf 80' lang='lat' dir='ltr'><strong>Quod</strong></span> 
     </span>
    </p>
   </div>
   <div class='ocr_carea' id='block_1_63' title="bbox 2099 1891 3669 1965">
    <p class='ocr_par' dir='ltr' id='par_1_63' title="bbox 2099 1891 3669 1965">
     <span class='ocr_line' id='line_1_63' title="bbox 2099 1891 3669 1965; baseline 0.003 -23"><span class='ocrx_word' id='word_1_468' title='bbox 2099 1908 2118 1942; x_wconf 78' lang='grc' dir='ltr'><strong>ι</strong></span> <span class='ocrx_word' id='word_1_469' title='bbox 2155 1891 2311 1943; x_wconf 84' lang='grc' dir='ltr'><strong>Πᾶσα</strong></span> <span class='ocrx_word' id='word_1_470' title='bbox 2339 1891 2483 1953; x_wconf 87' lang='grc' dir='ltr'>δόσις</span> <span class='ocrx_word' id='word_1_471' title='bbox 2506 1893 2702 1961; x_wconf 80' lang='grc' dir='ltr'>ἀγαθὴ,</span> <span class='ocrx_word' id='word_1_472' title='bbox 2733 1893 2829 1945; x_wconf 83' lang='grc' dir='ltr'>καὶ</span> <span class='ocrx_word' id='word_1_473' title='bbox 2849 1895 2955 1947; x_wconf 80' lang='grc' dir='ltr'>πᾶν</span> <span class='ocrx_word' id='word_1_474' title='bbox 2971 1893 3198 1965; x_wconf 84' lang='grc' dir='ltr'>δώρημα</span> <span class='ocrx_word' id='word_1_475' title='bbox 3225 1895 3430 1948; x_wconf 83' lang='grc' dir='ltr'>τέλειον</span> <span class='ocrx_word' id='word_1_476' title='bbox 3456 1897 3669 1952; x_wconf 67' lang='grc' dir='ltr'>ἄνωθέν</span> 
     </span>
    </p>
   </div>
   <div class='ocr_carea' id='block_1_64' title="bbox 2100 1981 3668 2058">
    <p class='ocr_par' dir='ltr' id='par_1_64' title="bbox 2100 1981 3668 2058">
     <span class='ocr_line' id='line_1_64' title="bbox 2100 1981 3668 2058; baseline 0.004 -24"><span class='ocrx_word' id='word_1_477' title='bbox 2100 1999 2120 2034; x_wconf 73' lang='grc' dir='ltr'><strong>ι</strong></span> <span class='ocrx_word' id='word_1_478' title='bbox 2158 1983 2273 2034; x_wconf 71' lang='grc' dir='ltr'>ἔστι</span> <span class='ocrx_word' id='word_1_479' title='bbox 2299 1982 2629 2036; x_wconf 75' lang='grc' dir='ltr'>καταϐαῖνον</span> <span class='ocrx_word' id='word_1_480' title='bbox 2654 1986 2718 2036; x_wconf 83' lang='grc' dir='ltr'>ὲκ</span> <span class='ocrx_word' id='word_1_481' title='bbox 2735 1984 2830 2036; x_wconf 89' lang='grc' dir='ltr'><strong>τοῦ</strong></span> <span class='ocrx_word' id='word_1_482' title='bbox 2857 1986 3068 2056; x_wconf 80' lang='grc' dir='ltr'>Πατρδς</span> <span class='ocrx_word' id='word_1_483' title='bbox 3089 1987 3198 2038; x_wconf 85' lang='grc' dir='ltr'>τῶν</span> <span class='ocrx_word' id='word_1_484' title='bbox 3219 1987 3432 2054; x_wconf 85' lang='grc' dir='ltr'>φώτων,</span> <span class='ocrx_word' id='word_1_485' title='bbox 3465 1987 3598 2058; x_wconf 80' lang='grc' dir='ltr'>παρ’</span> <span class='ocrx_word' id='word_1_486' title='bbox 3623 1981 3668 2055; x_wconf 81' lang='grc' dir='ltr'>ᾧ</span> 
     </span>
    </p>
   </div>
   <div class='ocr_carea' id='block_1_65' title="bbox 2099 2073 3658 2147">
    <p class='ocr_par' dir='ltr' id='par_1_65' title="bbox 2099 2073 3658 2147">
     <span class='ocr_line' id='line_1_65' title="bbox 2099 2073 3658 2147; baseline 0.003 -21"><span class='ocrx_word' id='word_1_487' title='bbox 2099 2093 2119 2126; x_wconf 74' lang='grc' dir='ltr'><strong>ι</strong></span> <span class='ocrx_word' id='word_1_488' title='bbox 2151 2075 2251 2126; x_wconf 83' lang='grc' dir='ltr'><strong>οὐκ</strong></span> <span class='ocrx_word' id='word_1_489' title='bbox 2273 2073 2388 2126; x_wconf 76' lang='grc' dir='ltr'>ἐστι</span> <span class='ocrx_word' id='word_1_490' title='bbox 2422 2075 2746 2144; x_wconf 77' lang='grc' dir='ltr'>παραλλαγὴ</span> <span class='ocrx_word' id='word_1_491' title='bbox 2779 2076 2811 2146; x_wconf 82' lang='grc' dir='ltr'>ἢ</span> <span class='ocrx_word' id='word_1_492' title='bbox 2842 2078 3048 2147; x_wconf 81' lang='grc' dir='ltr'>τροπῆς</span> <span class='ocrx_word' id='word_1_493' title='bbox 3088 2078 3470 2147; x_wconf 81' lang='grc' dir='ltr'>ἀποσκίασμα,</span> <span class='ocrx_word' id='word_1_494' title='bbox 3497 2079 3658 2132; x_wconf 83' lang='grc' dir='ltr'>πόθεν</span> 
     </span>
    </p>
   </div>
   <div class='ocr_carea' id='block_1_66' title="bbox 2099 2164 3664 2238">
    <p class='ocr_par' dir='ltr' id='par_1_66' title="bbox 2099 2164 3664 2238">
     <span class='ocr_line' id='line_1_66' title="bbox 2099 2164 3664 2238; baseline 0.003 -21"><span class='ocrx_word' id='word_1_495' title='bbox 2099 2183 2119 2216; x_wconf 76' lang='grc' dir='ltr'><strong>ι</strong></span> <span class='ocrx_word' id='word_1_496' title='bbox 2162 2165 2229 2218; x_wconf 78' lang='grc' dir='ltr'>ἂν</span> <span class='ocrx_word' id='word_1_497' title='bbox 2259 2164 2446 2236; x_wconf 81' lang='grc' dir='ltr'><strong>ᾠήθης</strong></span> <span class='ocrx_word' id='word_1_498' title='bbox 2479 2167 2638 2229; x_wconf 81' lang='grc' dir='ltr'>αὐτὸς</span> <span class='ocrx_word' id='word_1_499' title='bbox 2663 2167 2760 2236; x_wconf 81' lang='grc' dir='ltr'>τὴν</span> <span class='ocrx_word' id='word_1_500' title='bbox 2808 2167 2916 2220; x_wconf 84' lang='grc' dir='ltr'>τῶν</span> <span class='ocrx_word' id='word_1_501' title='bbox 2947 2166 3105 2220; x_wconf 80' lang='grc' dir='ltr'>θείων</span> <span class='ocrx_word' id='word_1_502' title='bbox 3146 2170 3279 2238; x_wconf 79' lang='grc' dir='ltr'>ἡμῖν</span> <span class='ocrx_word' id='word_1_503' title='bbox 3310 2171 3664 2238; x_wconf 82' lang='grc' dir='ltr'><strong>χαρισμάτων</strong></span> 
     </span>
    </p>
   </div>
   <div class='ocr_carea' id='block_1_67' title="bbox 2100 2256 3670 2327">
    <p class='ocr_par' dir='ltr' id='par_1_67' title="bbox 2100 2256 3670 2327">
     <span class='ocr_line' id='line_1_67' title="bbox 2100 2256 3670 2327; baseline 0.004 -20"><span class='ocrx_word' id='word_1_504' title='bbox 2100 2275 2118 2307; x_wconf 77' lang='grc' dir='ltr'><strong>ι</strong></span> <span class='ocrx_word' id='word_1_505' title='bbox 2166 2256 2502 2327; x_wconf 86' lang='grc' dir='ltr'>πράττεσθαι</span> <span class='ocrx_word' id='word_1_506' title='bbox 2530 2257 2829 2327; x_wconf 82' lang='grc' dir='ltr'>διανομήν;</span> <span class='ocrx_word' id='word_1_507' title='bbox 2880 2259 3170 2326; x_wconf 80' lang='grc' dir='ltr'>Ἑρμείας.</span> <span class='ocrx_word' id='word_1_508' title='bbox 3217 2260 3311 2312; x_wconf 87' lang='grc' dir='ltr'>Ἐκ</span> <span class='ocrx_word' id='word_1_509' title='bbox 3355 2260 3493 2313; x_wconf 82' lang='grc' dir='ltr'>Θεοῦ</span> <span class='ocrx_word' id='word_1_510' title='bbox 3549 2261 3670 2312; x_wconf 81' lang='grc' dir='ltr'>Πα-</span> 
     </span>
    </p>
   </div>
   <div class='ocr_carea' id='block_1_68' title="bbox 2101 2347 3670 2417">
    <p class='ocr_par' dir='ltr' id='par_1_68' title="bbox 2101 2347 3670 2417">
     <span class='ocr_line' id='line_1_68' title="bbox 2101 2347 3670 2417; baseline 0.002 -20"><span class='ocrx_word' id='word_1_511' title='bbox 2101 2363 2121 2396; x_wconf 72' lang='grc' dir='ltr'><strong>ι</strong></span> <span class='ocrx_word' id='word_1_512' title='bbox 2171 2347 2572 2417; x_wconf 77' lang='grc' dir='ltr'>τρὸςιδηλονότι.</span> <span class='ocrx_word' id='word_1_513' title='bbox 2599 2348 2913 2414; x_wconf 73' lang='grc' dir='ltr'>Κύριλλος.</span> <span class='ocrx_word' id='word_1_514' title='bbox 2941 2349 3048 2400; x_wconf 74' lang='grc' dir='ltr'>Καὶ</span> <span class='ocrx_word' id='word_1_515' title='bbox 3073 2349 3180 2417; x_wconf 81' lang='grc' dir='ltr'><strong>μὴν</strong></span> <span class='ocrx_word' id='word_1_516' title='bbox 3200 2351 3311 2410; x_wconf 85' lang='grc' dir='ltr'>τοῖς</span> <span class='ocrx_word' id='word_1_517' title='bbox 3336 2349 3510 2416; x_wconf 80' lang='grc' dir='ltr'>ἁγίοις</span> <span class='ocrx_word' id='word_1_518' title='bbox 3532 2348 3670 2400; x_wconf 66' lang='grc' dir='ltr'>ἀπο-</span> 
     </span>
    </p>
   </div>
   <div class='ocr_carea' id='block_1_69' title="bbox 2099 2438 3670 2509">
    <p class='ocr_par' dir='ltr' id='par_1_69' title="bbox 2099 2438 3670 2509">
     <span class='ocr_line' id='line_1_69' title="bbox 2099 2438 3670 2509; baseline -0.001 -19"><span class='ocrx_word' id='word_1_519' title='bbox 2099 2457 2118 2490; x_wconf 76' lang='grc' dir='ltr'><strong>ι</strong></span> <span class='ocrx_word' id='word_1_520' title='bbox 2173 2440 2379 2498; x_wconf 85' lang='grc' dir='ltr'>στόλοις</span> <span class='ocrx_word' id='word_1_521' title='bbox 2407 2439 2494 2490; x_wconf 83' lang='grc' dir='ltr'><strong>ἐπ’</strong></span> <span class='ocrx_word' id='word_1_522' title='bbox 2519 2438 2768 2502; x_wconf 78' lang='grc' dir='ltr'>ἐξουσίας</span> <span class='ocrx_word' id='word_1_523' title='bbox 2799 2439 2969 2491; x_wconf 76' lang='grc' dir='ltr'>ἐδίδου</span> <span class='ocrx_word' id='word_1_524' title='bbox 3020 2441 3116 2509; x_wconf 84' lang='grc' dir='ltr'>τὴν</span> <span class='ocrx_word' id='word_1_525' title='bbox 3155 2440 3297 2491; x_wconf 88' lang='grc' dir='ltr'>κατὰ</span> <span class='ocrx_word' id='word_1_526' title='bbox 3340 2439 3670 2507; x_wconf 83' lang='grc' dir='ltr'>πνευμάτων</span> 
     </span>
    </p>
   </div>
   <div class='ocr_carea' id='block_1_70' title="bbox 2101 2529 3669 2600">
    <p class='ocr_par' dir='ltr' id='par_1_70' title="bbox 2101 2529 3669 2600">
     <span class='ocr_line' id='line_1_70' title="bbox 2101 2529 3669 2600; baseline 0 -19"><span class='ocrx_word' id='word_1_527' title='bbox 2101 2549 2120 2581; x_wconf 75' lang='grc' dir='ltr'><strong>ι</strong></span> <span class='ocrx_word' id='word_1_528' title='bbox 2163 2529 2488 2600; x_wconf 82' lang='grc' dir='ltr'>ἀκαθάρτων</span> <span class='ocrx_word' id='word_1_529' title='bbox 2518 2531 2830 2584; x_wconf 84' lang='grc' dir='ltr'>εὐσθένειαν</span> <span class='ocrx_word' id='word_1_530' title='bbox 2863 2534 2890 2582; x_wconf 86' lang='grc' dir='ltr'><strong>ό</strong></span> <span class='ocrx_word' id='word_1_531' title='bbox 2921 2530 3180 2599; x_wconf 84' lang='grc' dir='ltr'>Χριστὸς,</span> <span class='ocrx_word' id='word_1_532' title='bbox 3209 2529 3350 2582; x_wconf 82' lang='grc' dir='ltr'>ὥστε</span> <span class='ocrx_word' id='word_1_533' title='bbox 3379 2530 3669 2583; x_wconf 79' lang='grc' dir='ltr'>ἐκϐάλλειν</span> 
     </span>
    </p>
   </div>
   <div class='ocr_carea' id='block_1_71' title="bbox 2101 2621 3670 2690">
    <p class='ocr_par' dir='ltr' id='par_1_71' title="bbox 2101 2621 3670 2690">
     <span class='ocr_line' id='line_1_71' title="bbox 2101 2621 3670 2690; baseline -0.001 -16"><span class='ocrx_word' id='word_1_534' title='bbox 2101 2641 2120 2674; x_wconf 81' lang='grc' dir='ltr'><strong>ι</strong></span> <span class='ocrx_word' id='word_1_535' title='bbox 2165 2622 2306 2676; x_wconf 81' lang='grc' dir='ltr'>αὐτὰ</span> <span class='ocrx_word' id='word_1_536' title='bbox 2329 2623 2424 2675; x_wconf 78' lang='grc' dir='ltr'><strong>καὶ</strong></span> <span class='ocrx_word' id='word_1_537' title='bbox 2452 2622 2777 2690; x_wconf 85' lang='grc' dir='ltr'>θεραπεύειν</span> <span class='ocrx_word' id='word_1_538' title='bbox 2809 2622 2993 2675; x_wconf 82' lang='grc' dir='ltr'>πᾶσαν</span> <span class='ocrx_word' id='word_1_539' title='bbox 3027 2622 3202 2684; x_wconf 89' lang='grc' dir='ltr'>νόσον,</span> <span class='ocrx_word' id='word_1_540' title='bbox 3230 2621 3324 2673; x_wconf 80' lang='grc' dir='ltr'>καὶ</span> <span class='ocrx_word' id='word_1_541' title='bbox 3351 2622 3533 2674; x_wconf 82' lang='grc' dir='ltr'>πᾶσαν</span> <span class='ocrx_word' id='word_1_542' title='bbox 3562 2638 3670 2690; x_wconf 84' lang='grc' dir='ltr'>μα-</span> 
     </span>
    </p>
   </div>
   <div class='ocr_carea' id='block_1_72' title="bbox 2100 2709 3667 2782">
    <p class='ocr_par' dir='ltr' id='par_1_72' title="bbox 2100 2709 3667 2782">
     <span class='ocr_line' id='line_1_72' title="bbox 2100 2709 3667 2782; baseline -0.004 -16"><span class='ocrx_word' id='word_1_543' title='bbox 2100 2731 2120 2766; x_wconf 74' lang='lat' dir='ltr'><strong>s</strong></span> <span class='ocrx_word' id='word_1_544' title='bbox 2162 2713 2354 2766; x_wconf 83' lang='grc' dir='ltr'>λακίαν</span> <span class='ocrx_word' id='word_1_545' title='bbox 2383 2715 2443 2766; x_wconf 74' lang='grc' dir='ltr'><strong>ἐν</strong></span> <span class='ocrx_word' id='word_1_546' title='bbox 2469 2713 2548 2782; x_wconf 83' lang='grc' dir='ltr'><strong>τῷ</strong></span> <span class='ocrx_word' id='word_1_547' title='bbox 2579 2713 2714 2782; x_wconf 83' lang='grc' dir='ltr'>λαῷ,</span> <span class='ocrx_word' id='word_1_548' title='bbox 2748 2717 2842 2766; x_wconf 74' lang='grc' dir='ltr'>καὶ</span> <span class='ocrx_word' id='word_1_549' title='bbox 2871 2715 2933 2765; x_wconf 84' lang='grc' dir='ltr'><strong>τὸ</strong></span> <span class='ocrx_word' id='word_1_550' title='bbox 2955 2713 3036 2765; x_wconf 80' lang='grc' dir='ltr'>ἔτι</span> <span class='ocrx_word' id='word_1_551' title='bbox 3069 2714 3274 2764; x_wconf 72' lang='grc' dir='ltr'>τούτων</span> <span class='ocrx_word' id='word_1_552' title='bbox 3303 2709 3667 2781; x_wconf 85' lang='grc' dir='ltr'>ὐπερτεροῦν,</span> 
     </span>
    </p>
   </div>
   <div class='ocr_carea' id='block_1_73' title="bbox 2100 2804 3668 2875">
    <p class='ocr_par' dir='ltr' id='par_1_73' title="bbox 2100 2804 3668 2875">
     <span class='ocr_line' id='line_1_73' title="bbox 2100 2804 3668 2875; baseline -0.001 -18"><span class='ocrx_word' id='word_1_553' title='bbox 2100 2823 2120 2857; x_wconf 72' lang='grc' dir='ltr'><strong>ε</strong></span> <span class='ocrx_word' id='word_1_554' title='bbox 2165 2808 2258 2859; x_wconf 70' lang='grc' dir='ltr'><strong>καὶ</strong></span> <span class='ocrx_word' id='word_1_555' title='bbox 2282 2805 2724 2875; x_wconf 68' lang='grc' dir='ltr'>αὑτοῦιδύνασθαι</span> <span class='ocrx_word' id='word_1_556' title='bbox 2745 2805 3034 2858; x_wconf 78' lang='grc' dir='ltr'>καταθλεῖν</span> <span class='ocrx_word' id='word_1_557' title='bbox 3058 2804 3290 2858; x_wconf 76' lang='grc' dir='ltr'>θανάτου</span> <span class='ocrx_word' id='word_1_558' title='bbox 3311 2804 3668 2866; x_wconf 78' lang='grc' dir='ltr'>διεκελεύετο,</span> 
     </span>
    </p>
   </div>
   <div class='ocr_carea' id='block_1_74' title="bbox 2101 2896 3673 2968">
    <p class='ocr_par' dir='ltr' id='par_1_74' title="bbox 2101 2896 3673 2968">
     <span class='ocr_line' id='line_1_74' title="bbox 2101 2896 3673 2968; baseline -0.001 -19"><span class='ocrx_word' id='word_1_559' title='bbox 2101 2916 2120 2949; x_wconf 74' lang='grc' dir='ltr'><strong>ι</strong></span> <span class='ocrx_word' id='word_1_560' title='bbox 2169 2898 2606 2968; x_wconf 82' lang='grc' dir='ltr'>θεοπρεπέστατα</span> <span class='ocrx_word' id='word_1_561' title='bbox 2630 2898 2826 2965; x_wconf 87' lang='grc' dir='ltr'>λέγων,</span> <span class='ocrx_word' id='word_1_562' title='bbox 2854 2921 2872 2948; x_wconf 75' lang='grc' dir='ltr'><strong>ι</strong></span> <span class='ocrx_word' id='word_1_563' title='bbox 2897 2896 3284 2960; x_wconf 84' lang='grc' dir='ltr'>Ἀσθενοῦντας</span> <span class='ocrx_word' id='word_1_564' title='bbox 3316 2897 3673 2967; x_wconf 70' lang='grc' dir='ltr'>θεραπεύετε,</span> 
     </span>
    </p>
   </div>
   <div class='ocr_carea' id='block_1_75' title="bbox 2101 2987 3676 3059">
    <p class='ocr_par' dir='ltr' id='par_1_75' title="bbox 2101 2987 3676 3059">
     <span class='ocr_line' id='line_1_75' title="bbox 2101 2987 3676 3059; baseline -0.002 -18"><span class='ocrx_word' id='word_1_565' title='bbox 2101 3008 2119 3041; x_wconf 75' lang='grc' dir='ltr'><strong>ι</strong></span> <span class='ocrx_word' id='word_1_566' title='bbox 2167 2990 2260 3042; x_wconf 73' lang='grc' dir='ltr'><strong>καὶ</strong></span> <span class='ocrx_word' id='word_1_567' title='bbox 2291 2990 2518 3058; x_wconf 81' lang='grc' dir='ltr'>νεκροὺς</span> <span class='ocrx_word' id='word_1_568' title='bbox 2549 2989 2809 3059; x_wconf 73' lang='grc' dir='ltr'>ἐγείρετε,</span> <span class='ocrx_word' id='word_1_569' title='bbox 2845 2990 3079 3058; x_wconf 78' lang='grc' dir='ltr'>λεπροὺς</span> <span class='ocrx_word' id='word_1_570' title='bbox 3113 2987 3459 3056; x_wconf 75' lang='grc' dir='ltr'>καθαρίζετε,</span> <span class='ocrx_word' id='word_1_571' title='bbox 3483 2987 3676 3056; x_wconf 76' lang='grc' dir='ltr'>δαιμόο</span> 
     </span>
    </p>
   </div>
   <div class='ocr_carea' id='block_1_76' title="bbox 2101 3078 3674 3149">
    <p class='ocr_par' dir='ltr' id='par_1_76' title="bbox 2101 3078 3674 3149">
     <span class='ocr_line' id='line_1_76' title="bbox 2101 3078 3674 3149; baseline 0 -17"><span class='ocrx_word' id='word_1_572' title='bbox 2101 3098 2120 3132; x_wconf 76' lang='grc' dir='ltr'><strong>ι</strong></span> <span class='ocrx_word' id='word_1_573' title='bbox 2167 3098 2255 3134; x_wconf 89' lang='grc' dir='ltr'><strong>νια</strong></span> <span class='ocrx_word' id='word_1_574' title='bbox 2279 3080 2592 3144; x_wconf 78' lang='grc' dir='ltr'>ἐκϐάλλετε,</span> <span class='ocrx_word' id='word_1_575' title='bbox 2632 3098 2650 3130; x_wconf 74' lang='grc' dir='ltr'><strong>ι</strong></span> <span class='ocrx_word' id='word_1_576' title='bbox 2680 3080 3056 3149; x_wconf 84' lang='grc' dir='ltr'>διωμολόγηκέ</span> <span class='ocrx_word' id='word_1_577' title='bbox 3091 3095 3149 3130; x_wconf 88' lang='grc' dir='ltr'><strong>τε</strong></span> <span class='ocrx_word' id='word_1_578' title='bbox 3185 3081 3277 3132; x_wconf 73' lang='grc' dir='ltr'>καὶ</span> <span class='ocrx_word' id='word_1_579' title='bbox 3309 3079 3456 3148; x_wconf 90' lang='grc' dir='ltr'>μάλα</span> <span class='ocrx_word' id='word_1_580' title='bbox 3484 3078 3674 3146; x_wconf 76' lang='grc' dir='ltr'>σαφῶς</span> 
     </span>
    </p>
   </div>
   <div class='ocr_carea' id='block_1_77' title="bbox 2099 3169 3674 3240">
    <p class='ocr_par' dir='ltr' id='par_1_77' title="bbox 2099 3169 3674 3240">
     <span class='ocr_line' id='line_1_77' title="bbox 2099 3169 3674 3240; baseline -0.003 -15"><span class='ocrx_word' id='word_1_581' title='bbox 2099 3191 2116 3225; x_wconf 79' lang='grc' dir='ltr'><strong>ι</strong></span> <span class='ocrx_word' id='word_1_582' title='bbox 2163 3175 2190 3225; x_wconf 86' lang='grc' dir='ltr'>ὁ</span> <span class='ocrx_word' id='word_1_583' title='bbox 2223 3171 2785 3240; x_wconf 70' lang='grc' dir='ltr'>θεσπέσιοςιἸωάννης</span> <span class='ocrx_word' id='word_1_584' title='bbox 2813 3172 3009 3238; x_wconf 81' lang='grc' dir='ltr'>λέγων,</span> <span class='ocrx_word' id='word_1_585' title='bbox 3039 3171 3122 3224; x_wconf 81' lang='grc' dir='ltr'>ὅτι</span> <span class='ocrx_word' id='word_1_586' title='bbox 3163 3189 3181 3222; x_wconf 77' lang='grc' dir='ltr'><strong>ι</strong></span> <span class='ocrx_word' id='word_1_587' title='bbox 3206 3171 3300 3222; x_wconf 85' lang='grc' dir='ltr'>Ἐκ</span> <span class='ocrx_word' id='word_1_588' title='bbox 3327 3170 3420 3223; x_wconf 91' lang='grc' dir='ltr'><strong>τοῦ</strong></span> <span class='ocrx_word' id='word_1_589' title='bbox 3448 3169 3674 3239; x_wconf 83' lang='grc' dir='ltr'>πληρώ-</span> 
     </span>
    </p>
   </div>
   <div class='ocr_carea' id='block_1_78' title="bbox 2100 3263 3675 3335">
    <p class='ocr_par' dir='ltr' id='par_1_78' title="bbox 2100 3263 3675 3335">
     <span class='ocr_line' id='line_1_78' title="bbox 2100 3263 3675 3335; baseline -0.002 -18"><span class='ocrx_word' id='word_1_590' title='bbox 2100 3284 2120 3318; x_wconf 78' lang='grc' dir='ltr'><strong>ι</strong></span> <span class='ocrx_word' id='word_1_591' title='bbox 2169 3282 2337 3335; x_wconf 81' lang='grc' dir='ltr'>ματος</span> <span class='ocrx_word' id='word_1_592' title='bbox 2373 3265 2537 3317; x_wconf 85' lang='grc' dir='ltr'>αὑτοῦ</span> <span class='ocrx_word' id='word_1_593' title='bbox 2561 3265 2762 3326; x_wconf 88' lang='grc' dir='ltr'>πάντες</span> <span class='ocrx_word' id='word_1_594' title='bbox 2791 3265 2952 3333; x_wconf 78' lang='grc' dir='ltr'>ἡμεῖς</span> <span class='ocrx_word' id='word_1_595' title='bbox 3003 3264 3292 3333; x_wconf 81' lang='grc' dir='ltr'>ἐλάϐομεν.</span> <span class='ocrx_word' id='word_1_596' title='bbox 3325 3282 3344 3314; x_wconf 72' lang='grc' dir='ltr'><strong>ι</strong></span> <span class='ocrx_word' id='word_1_597' title='bbox 3405 3265 3565 3324; x_wconf 81' lang='grc' dir='ltr'>Δόσις</span> <span class='ocrx_word' id='word_1_598' title='bbox 3618 3263 3675 3314; x_wconf 75' lang='grc' dir='ltr'>δὲ</span> 
     </span>
    </p>
   </div>
   <div class='ocr_carea' id='block_1_79' title="bbox 2100 3351 3676 3425">
    <p class='ocr_par' dir='ltr' id='par_1_79' title="bbox 2100 3351 3676 3425">
     <span class='ocr_line' id='line_1_79' title="bbox 2100 3351 3676 3425; baseline -0.002 -17"><span class='ocrx_word' id='word_1_599' title='bbox 2100 3373 2119 3408; x_wconf 76' lang='grc' dir='ltr'><strong>ι</strong></span> <span class='ocrx_word' id='word_1_600' title='bbox 2167 3354 2348 3425; x_wconf 85' lang='grc' dir='ltr'>ἀγαθὴ</span> <span class='ocrx_word' id='word_1_601' title='bbox 2373 3356 2465 3408; x_wconf 70' lang='grc' dir='ltr'><strong>καὶ</strong></span> <span class='ocrx_word' id='word_1_602' title='bbox 2487 3355 2718 3424; x_wconf 84' lang='grc' dir='ltr'>δώρημα</span> <span class='ocrx_word' id='word_1_603' title='bbox 2746 3354 2950 3406; x_wconf 77' lang='grc' dir='ltr'>τέλειον</span> <span class='ocrx_word' id='word_1_604' title='bbox 2981 3354 3066 3422; x_wconf 84' lang='grc' dir='ltr'><strong>εῐη</strong></span> <span class='ocrx_word' id='word_1_605' title='bbox 3100 3354 3168 3406; x_wconf 81' lang='grc' dir='ltr'>ἂν</span> <span class='ocrx_word' id='word_1_606' title='bbox 3193 3353 3378 3423; x_wconf 70' lang='grc' dir='ltr'>ἕτερόν</span> <span class='ocrx_word' id='word_1_607' title='bbox 3427 3369 3500 3418; x_wconf 85' lang='grc' dir='ltr'><strong>τι,</strong></span> <span class='ocrx_word' id='word_1_608' title='bbox 3533 3351 3676 3405; x_wconf 73' lang='grc' dir='ltr'>κ)τά</span> 
     </span>
    </p>
   </div>
   <div class='ocr_carea' id='block_1_80' title="bbox 2103 3444 3676 3517">
    <p class='ocr_par' dir='ltr' id='par_1_80' title="bbox 2103 3444 3676 3517">
     <span class='ocr_line' id='line_1_80' title="bbox 2103 3444 3676 3517; baseline -0.004 -16"><span class='ocrx_word' id='word_1_609' title='bbox 2103 3466 2122 3501; x_wconf 75' lang='grc' dir='ltr'><strong>ι</strong></span> <span class='ocrx_word' id='word_1_610' title='bbox 2165 3464 2229 3517; x_wconf 89' lang='grc' dir='ltr'><strong>γε</strong></span> <span class='ocrx_word' id='word_1_611' title='bbox 2256 3449 2316 3500; x_wconf 84' lang='grc' dir='ltr'><strong>τὸ</strong></span> <span class='ocrx_word' id='word_1_612' title='bbox 2346 3445 2493 3516; x_wconf 81' lang='grc' dir='ltr'>αὐτῷ</span> <span class='ocrx_word' id='word_1_613' title='bbox 2526 3462 2609 3497; x_wconf 91' lang='grc' dir='ltr'><strong>σοι</strong></span> <span class='ocrx_word' id='word_1_614' title='bbox 2638 3446 2849 3508; x_wconf 86' lang='grc' dir='ltr'>δοκοῦν,</span> <span class='ocrx_word' id='word_1_615' title='bbox 2874 3446 3015 3515; x_wconf 79' lang='grc' dir='ltr'>πλὴν</span> <span class='ocrx_word' id='word_1_616' title='bbox 3045 3447 3127 3498; x_wconf 87' lang='grc' dir='ltr'><strong>ὃτι</strong></span> <span class='ocrx_word' id='word_1_617' title='bbox 3156 3461 3235 3497; x_wconf 91' lang='grc' dir='ltr'><strong>τοι</strong></span> <span class='ocrx_word' id='word_1_618' title='bbox 3259 3445 3318 3497; x_wconf 83' lang='grc' dir='ltr'><strong>τὸ</strong></span> <span class='ocrx_word' id='word_1_619' title='bbox 3351 3444 3676 3513; x_wconf 86' lang='grc' dir='ltr'>μεταλαχείν</span> 
     </span>
    </p>
   </div>
   <div class='ocr_carea' id='block_1_81' title="bbox 2103 3537 3678 3608">
    <p class='ocr_par' dir='ltr' id='par_1_81' title="bbox 2103 3537 3678 3608">
     <span class='ocr_line' id='line_1_81' title="bbox 2103 3537 3678 3608; baseline -0.002 -16"><span class='ocrx_word' id='word_1_620' title='bbox 2103 3557 2122 3592; x_wconf 80' lang='grc' dir='ltr'><strong>ι</strong></span> <span class='ocrx_word' id='word_1_621' title='bbox 2165 3540 2322 3608; x_wconf 87' lang='grc' dir='ltr'>ἀγίου</span> <span class='ocrx_word' id='word_1_622' title='bbox 2343 3539 2482 3592; x_wconf 88' lang='grc' dir='ltr'>Πνεύ</span> <span class='ocrx_word' id='word_1_623' title='bbox 2491 3554 2657 3608; x_wconf 87' lang='grc' dir='ltr'>ματος</span> <span class='ocrx_word' id='word_1_624' title='bbox 2681 3555 2697 3603; x_wconf 85' lang='grc'><strong>;</strong></span> <span class='ocrx_word' id='word_1_625' title='bbox 2727 3539 3021 3606; x_wconf 79' lang='grc' dir='ltr'>Ἑρμείας.</span> <span class='ocrx_word' id='word_1_626' title='bbox 3043 3537 3329 3603; x_wconf 80' lang='grc' dir='ltr'><strong>Οὐδαμῶς.</strong></span> <span class='ocrx_word' id='word_1_627' title='bbox 3353 3537 3678 3603; x_wconf 74' lang='grc' dir='ltr'>Κύριλλος.</span> 
     </span>
    </p>
   </div>
   <div class='ocr_carea' id='block_1_82' title="bbox 2103 3623 3677 3703">
    <p class='ocr_par' dir='ltr' id='par_1_82' title="bbox 2103 3623 3677 3703">
     <span class='ocr_line' id='line_1_82' title="bbox 2103 3623 3677 3703; baseline -0.004 -17"><span class='ocrx_word' id='word_1_628' title='bbox 2103 3653 2122 3686; x_wconf 90' lang='grc'>‹</span> <span class='ocrx_word' id='word_1_629' title='bbox 2171 3633 2360 3703; x_wconf 77' lang='grc' dir='ltr'>’Λθρει</span> <span class='ocrx_word' id='word_1_630' title='bbox 2385 3633 2448 3702; x_wconf 82' lang='grc' dir='ltr'>δὴ</span> <span class='ocrx_word' id='word_1_631' title='bbox 2481 3631 2574 3684; x_wconf 85' lang='grc' dir='ltr'><strong>οῦν</strong></span> <span class='ocrx_word' id='word_1_632' title='bbox 2607 3633 2701 3685; x_wconf 76' lang='grc' dir='ltr'>καὶ</span> <span class='ocrx_word' id='word_1_633' title='bbox 2727 3632 2814 3684; x_wconf 74' lang='grc' dir='ltr'>διὰ</span> <span class='ocrx_word' id='word_1_634' title='bbox 2839 3632 3066 3694; x_wconf 90' lang='grc' dir='ltr'>τούτων,</span> <span class='ocrx_word' id='word_1_635' title='bbox 3099 3623 3144 3682; x_wconf 83' lang='grc' dir='ltr'><strong>ὦ</strong></span> <span class='ocrx_word' id='word_1_636' title='bbox 3174 3631 3307 3699; x_wconf 82' lang='grc' dir='ltr'>ἡμῖν</span> <span class='ocrx_word' id='word_1_637' title='bbox 3341 3630 3586 3699; x_wconf 84' lang='grc' dir='ltr'>φιλότης,</span> <span class='ocrx_word' id='word_1_638' title='bbox 3619 3629 3677 3692; x_wconf 80' lang='grc' dir='ltr'>ἐξ</span> 
     </span>
    </p>
   </div>
   <div class='ocr_carea' id='block_1_83' title="bbox 2104 3722 3679 3797">
    <p class='ocr_par' dir='ltr' id='par_1_83' title="bbox 2104 3722 3679 3797">
     <span class='ocr_line' id='line_1_83' title="bbox 2104 3722 3679 3797; baseline -0.003 -20"><span class='ocrx_word' id='word_1_639' title='bbox 2104 3744 2122 3777; x_wconf 75' lang='grc' dir='ltr'><strong>ι</strong></span> <span class='ocrx_word' id='word_1_640' title='bbox 2171 3724 2302 3778; x_wconf 71' lang='grc' dir='ltr'>ἰδίου</span> <span class='ocrx_word' id='word_1_641' title='bbox 2321 3723 2710 3797; x_wconf 63' lang='grc' dir='ltr'>ξπὶηρώματος</span> <span class='ocrx_word' id='word_1_642' title='bbox 2745 3725 3004 3792; x_wconf 80' lang='grc' dir='ltr'>προϊέντα</span> <span class='ocrx_word' id='word_1_643' title='bbox 3030 3723 3122 3775; x_wconf 81' lang='grc' dir='ltr'>τὸν</span> <span class='ocrx_word' id='word_1_644' title='bbox 3154 3722 3282 3774; x_wconf 78' lang='grc' dir='ltr'>Υίὸν</span> <span class='ocrx_word' id='word_1_645' title='bbox 3313 3723 3375 3773; x_wconf 85' lang='grc' dir='ltr'><strong>τὸ</strong></span> <span class='ocrx_word' id='word_1_646' title='bbox 3415 3722 3545 3774; x_wconf 79' lang='grc' dir='ltr'>ἴδιον</span> <span class='ocrx_word' id='word_1_647' title='bbox 3581 3722 3679 3774; x_wconf 86' lang='grc' dir='ltr'><strong>αὑ-</strong></span> 
     </span>
    </p>
   </div>
   <div class='ocr_carea' id='block_1_84' title="bbox 2105 3815 3675 3885">
    <p class='ocr_par' dir='ltr' id='par_1_84' title="bbox 2105 3815 3675 3885">
     <span class='ocr_line' id='line_1_84' title="bbox 2105 3815 3675 3885; baseline -0.004 -13"><span class='ocrx_word' id='word_1_648' title='bbox 2105 3838 2124 3872; x_wconf 74' lang='grc'><strong>(</strong></span> <span class='ocrx_word' id='word_1_649' title='bbox 2168 3819 2284 3885; x_wconf 89' lang='grc' dir='ltr'>τοῦ,</span> <span class='ocrx_word' id='word_1_650' title='bbox 2319 3820 2410 3871; x_wconf 77' lang='grc' dir='ltr'>καὶ</span> <span class='ocrx_word' id='word_1_651' title='bbox 2439 3817 2826 3885; x_wconf 84' lang='grc' dir='ltr'>ἁναποϐλήτως</span> <span class='ocrx_word' id='word_1_652' title='bbox 2877 3816 3196 3885; x_wconf 79' lang='grc' dir='ltr'>ἐμπεφυκὸς</span> <span class='ocrx_word' id='word_1_653' title='bbox 3243 3815 3399 3882; x_wconf 76' lang='grc' dir='ltr'>ἅγιον</span> <span class='ocrx_word' id='word_1_654' title='bbox 3428 3815 3675 3883; x_wconf 80' lang='grc' dir='ltr'>Πνεῦμα,</span> 
     </span>
    </p>
   </div>
   <div class='ocr_carea' id='block_1_85' title="bbox 2105 3904 3682 3976">
    <p class='ocr_par' dir='ltr' id='par_1_85' title="bbox 2105 3904 3682 3976">
     <span class='ocr_line' id='line_1_85' title="bbox 2105 3904 3682 3976; baseline -0.005 -12"><span class='ocrx_word' id='word_1_655' title='bbox 2105 3929 2124 3964; x_wconf 75' lang='grc' dir='ltr'><strong>ι</strong></span> <span class='ocrx_word' id='word_1_656' title='bbox 2169 3909 2240 3964; x_wconf 83' lang='grc' dir='ltr'>δι’</span> <span class='ocrx_word' id='word_1_657' title='bbox 2275 3904 2335 3962; x_wconf 82' lang='grc' dir='ltr'><strong>οῦ</strong></span> <span class='ocrx_word' id='word_1_658' title='bbox 2370 3911 2517 3962; x_wconf 84' lang='grc' dir='ltr'>πᾶσα</span> <span class='ocrx_word' id='word_1_659' title='bbox 2548 3909 2694 3970; x_wconf 82' lang='grc' dir='ltr'>δόσις</span> <span class='ocrx_word' id='word_1_660' title='bbox 2739 3908 2942 3976; x_wconf 84' lang='grc' dir='ltr'>ἀγαθή.</span> <span class='ocrx_word' id='word_1_661' title='bbox 2983 3907 3138 3959; x_wconf 76' lang='grc' dir='ltr'>Ἐπεὶ</span> <span class='ocrx_word' id='word_1_662' title='bbox 3171 3906 3279 3974; x_wconf 84' lang='grc' dir='ltr'>γὰρ</span> <span class='ocrx_word' id='word_1_663' title='bbox 3331 3905 3552 3970; x_wconf 74' lang='grc' dir='ltr'>ἀνεϐίω,</span> <span class='ocrx_word' id='word_1_664' title='bbox 3584 3922 3682 3956; x_wconf 79' lang='grc' dir='ltr'>κα-</span> 
     </span>
    </p>
   </div>
   <div class='ocr_carea' id='block_1_86' title="bbox 2109 3995 3684 4070">
    <p class='ocr_par' dir='ltr' id='par_1_86' title="bbox 2109 3995 3684 4070">
     <span class='ocr_line' id='line_1_86' title="bbox 2109 3995 3684 4070; baseline -0.005 -15"><span class='ocrx_word' id='word_1_665' title='bbox 2109 4019 2128 4055; x_wconf 75' lang='grc'><strong>(</strong></span> <span class='ocrx_word' id='word_1_666' title='bbox 2173 4002 2410 4063; x_wconf 87' lang='grc' dir='ltr'>ταλύσας</span> <span class='ocrx_word' id='word_1_667' title='bbox 2442 4001 2538 4070; x_wconf 79' lang='grc' dir='ltr'><strong>τὴν</strong></span> <span class='ocrx_word' id='word_1_668' title='bbox 2570 4000 2797 4068; x_wconf 82' lang='grc' dir='ltr'>φθορὰν,</span> <span class='ocrx_word' id='word_1_669' title='bbox 2829 4000 2923 4050; x_wconf 67' lang='grc' dir='ltr'>καὶ</span> <span class='ocrx_word' id='word_1_670' title='bbox 2957 3999 3067 4060; x_wconf 86' lang='grc' dir='ltr'>τοῖς</span> <span class='ocrx_word' id='word_1_671' title='bbox 3129 3995 3246 4066; x_wconf 53' lang='grc' dir='ltr'>τοῦδ</span> <span class='ocrx_word' id='word_1_672' title='bbox 3277 3995 3514 4049; x_wconf 87' lang='grc' dir='ltr'>θανάτου</span> <span class='ocrx_word' id='word_1_673' title='bbox 3565 3996 3684 4048; x_wconf 81' lang='grc' dir='ltr'>δεσ-</span> 
     </span>
    </p>
   </div>
   <div class='ocr_carea' id='block_1_87' title="bbox 2109 4088 3683 4164">
    <p class='ocr_par' dir='ltr' id='par_1_87' title="bbox 2109 4088 3683 4164">
     <span class='ocr_line' id='line_1_87' title="bbox 2109 4088 3683 4164; baseline -0.004 -18"><span class='ocrx_word' id='word_1_674' title='bbox 2109 4112 2128 4146; x_wconf 76' lang='grc' dir='ltr'><strong>ι</strong></span> <span class='ocrx_word' id='word_1_675' title='bbox 2175 4096 2298 4164; x_wconf 88' lang='grc' dir='ltr'>μοῖς</span> <span class='ocrx_word' id='word_1_676' title='bbox 2349 4091 2626 4162; x_wconf 74' lang='grc' dir='ltr'>ἐρρῶσθαι</span> <span class='ocrx_word' id='word_1_677' title='bbox 2692 4091 2930 4162; x_wconf 85' lang='grc' dir='ltr'>φράσας,</span> <span class='ocrx_word' id='word_1_678' title='bbox 2954 4089 3330 4161; x_wconf 54' lang='grc' dir='ltr'><strong>⁵ἀνακομίζῄω</strong></span> <span class='ocrx_word' id='word_1_679' title='bbox 3395 4088 3544 4157; x_wconf 79' lang='grc' dir='ltr'>ἡμᾶς</span> <span class='ocrx_word' id='word_1_680' title='bbox 3605 4089 3683 4149; x_wconf 82' lang='grc' dir='ltr'><strong>είς</strong></span> 
     </span>
    </p>
   </div>
   <div class='ocr_carea' id='block_1_88' title="bbox 2109 4179 3685 4251">
    <p class='ocr_par' dir='ltr' id='par_1_88' title="bbox 2109 4179 3685 4251">
     <span class='ocr_line' id='line_1_88' title="bbox 2109 4179 3685 4251; baseline -0.002 -17"><span class='ocrx_word' id='word_1_681' title='bbox 2109 4200 2128 4234; x_wconf 75' lang='grc' dir='ltr'><strong>ι</strong></span> <span class='ocrx_word' id='word_1_682' title='bbox 2169 4183 2450 4250; x_wconf 83' lang='grc' dir='ltr'>ἀγιασμὸν</span> <span class='ocrx_word' id='word_1_683' title='bbox 2478 4184 2570 4234; x_wconf 81' lang='grc' dir='ltr'>καὶ</span> <span class='ocrx_word' id='word_1_684' title='bbox 2599 4180 2662 4233; x_wconf 79' lang='grc' dir='ltr'>τὸ</span> <span class='ocrx_word' id='word_1_685' title='bbox 2683 4183 2914 4251; x_wconf 83' lang='grc' dir='ltr'>ἀρχαῖον</span> <span class='ocrx_word' id='word_1_686' title='bbox 2945 4183 3044 4249; x_wconf 80' lang='grc' dir='ltr'><strong>τῆς</strong></span> <span class='ocrx_word' id='word_1_687' title='bbox 3078 4179 3292 4248; x_wconf 77' lang='grc' dir='ltr'>φύσεως</span> <span class='ocrx_word' id='word_1_688' title='bbox 3345 4179 3562 4245; x_wconf 83' lang='grc' dir='ltr'>κάλλος,</span> <span class='ocrx_word' id='word_1_689' title='bbox 3594 4195 3685 4231; x_wconf 84' lang='grc' dir='ltr'>κα-</span> 
     </span>
    </p>
   </div>
   <div class='ocr_carea' id='block_1_89' title="bbox 2109 4274 3686 4346">
    <p class='ocr_par' dir='ltr' id='par_1_89' title="bbox 2109 4274 3686 4346">
     <span class='ocr_line' id='line_1_89' title="bbox 2109 4274 3686 4346; baseline -0.002 -18"><span class='ocrx_word' id='word_1_690' title='bbox 2109 4293 2128 4328; x_wconf 76' lang='grc' dir='ltr'><strong>ι</strong></span> <span class='ocrx_word' id='word_1_691' title='bbox 2176 4276 2356 4346; x_wconf 83' lang='grc' dir='ltr'>θάπερ</span> <span class='ocrx_word' id='word_1_692' title='bbox 2381 4279 2436 4328; x_wconf 75' lang='grc' dir='ltr'>ἐν</span> <span class='ocrx_word' id='word_1_693' title='bbox 2463 4278 2687 4345; x_wconf 84' lang='grc' dir='ltr'>ἁπαρχῇ</span> <span class='ocrx_word' id='word_1_694' title='bbox 2721 4274 2816 4327; x_wconf 89' lang='grc' dir='ltr'><strong>τοῦ</strong></span> <span class='ocrx_word' id='word_1_695' title='bbox 2847 4276 3038 4342; x_wconf 83' lang='grc' dir='ltr'>γένους</span> <span class='ocrx_word' id='word_1_696' title='bbox 3086 4274 3326 4336; x_wconf 77' lang='grc' dir='ltr'>ἀντιθεὶς</span> <span class='ocrx_word' id='word_1_697' title='bbox 3382 4277 3497 4337; x_wconf 82' lang='grc' dir='ltr'>τοῖς</span> <span class='ocrx_word' id='word_1_698' title='bbox 3551 4276 3686 4328; x_wconf 85' lang='grc' dir='ltr'>ἀπο-</span> 
     </span>
    </p>
   </div>
   <div class='ocr_carea' id='block_1_90' title="bbox 2110 4366 3684 4436">
    <p class='ocr_par' dir='ltr' id='par_1_90' title="bbox 2110 4366 3684 4436">
     <span class='ocr_line' id='line_1_90' title="bbox 2110 4366 3684 4436; baseline 0 -17"><span class='ocrx_word' id='word_1_699' title='bbox 2110 4385 2129 4419; x_wconf 74' lang='grc'><strong>(</strong></span> <span class='ocrx_word' id='word_1_700' title='bbox 2179 4367 2406 4432; x_wconf 84' lang='grc' dir='ltr'>στόλοις,</span> <span class='ocrx_word' id='word_1_701' title='bbox 2425 4367 2757 4436; x_wconf 80' lang='grc' dir='ltr'>ἐνεφύσησεν</span> <span class='ocrx_word' id='word_1_702' title='bbox 2781 4369 2859 4429; x_wconf 87' lang='grc' dir='ltr'><strong>είς</strong></span> <span class='ocrx_word' id='word_1_703' title='bbox 2883 4366 2941 4418; x_wconf 86' lang='grc' dir='ltr'>τὺ</span> <span class='ocrx_word' id='word_1_704' title='bbox 2959 4367 3248 4436; x_wconf 87' lang='grc' dir='ltr'>πρόσωπον</span> <span class='ocrx_word' id='word_1_705' title='bbox 3272 4367 3453 4419; x_wconf 82' lang='grc' dir='ltr'>αὐτῶν</span> <span class='ocrx_word' id='word_1_706' title='bbox 3475 4367 3651 4434; x_wconf 78' lang='grc' dir='ltr'>λέγων</span> <span class='ocrx_word' id='word_1_707' title='bbox 3669 4381 3684 4396; x_wconf 83' lang='grc'>⁶</span> 
     </span>
    </p>
   </div>
   <div class='ocr_carea' id='block_1_91' title="bbox 444 4446 1995 4527">
    <p class='ocr_par' dir='ltr' id='par_1_91' title="bbox 444 4446 1995 4518">
     <span class='ocr_line' id='line_1_91' title="bbox 444 4446 1995 4518; baseline 0.003 -20"><span class='ocrx_word' id='word_1_708' title='bbox 444 4466 461 4498; x_wconf 76' lang='grc' dir='ltr'><strong>ι</strong></span> <span class='ocrx_word' id='word_1_709' title='bbox 500 4447 545 4500; x_wconf 91' lang='lat' dir='ltr'><strong>si</strong></span> <span class='ocrx_word' id='word_1_710' title='bbox 590 4457 674 4501; x_wconf 86' lang='lat' dir='ltr'><strong>est</strong></span> <span class='ocrx_word' id='word_1_711' title='bbox 721 4461 954 4514; x_wconf 87' lang='lat' dir='ltr'><strong>superne</strong></span> <span class='ocrx_word' id='word_1_712' title='bbox 1006 4456 1060 4499; x_wconf 91' lang='lat' dir='ltr'><strong>et</strong></span> <span class='ocrx_word' id='word_1_713' title='bbox 1105 4463 1132 4498; x_wconf 90' lang='lat' dir='ltr'><strong>a</strong></span> <span class='ocrx_word' id='word_1_714' title='bbox 1188 4446 1347 4501; x_wconf 89' lang='lat' dir='ltr'><strong>Patre</strong></span> <span class='ocrx_word' id='word_1_715' title='bbox 1393 4462 1555 4501; x_wconf 91' lang='lat' dir='ltr'><strong>omne</strong></span> <span class='ocrx_word' id='word_1_716' title='bbox 1597 4448 1798 4502; x_wconf 87' lang='lat' dir='ltr'><strong>donqu</strong></span> <span class='ocrx_word' id='word_1_717' title='bbox 1831 4447 1995 4518; x_wconf 78' lang='lat' dir='ltr'><strong>perfe-</strong></span> 
     </span>
    </p>
   </div>
   <div class='ocr_carea' id='block_1_92' title="bbox 2102 4446 3688 4527">
    <p class='ocr_par' dir='ltr' id='par_1_92' title="bbox 2115 4457 3688 4527">
     <span class='ocr_line' id='line_1_92' title="bbox 2115 4457 3688 4527; baseline -0.001 -17"><span class='ocrx_word' id='word_1_718' title='bbox 2115 4475 2134 4510; x_wconf 76' lang='grc' dir='ltr'><strong>ι</strong></span> <span class='ocrx_word' id='word_1_719' title='bbox 2180 4457 2389 4512; x_wconf 83' lang='grc' dir='ltr'>Λάϐετε</span> <span class='ocrx_word' id='word_1_720' title='bbox 2416 4458 2642 4527; x_wconf 86' lang='grc' dir='ltr'>Πνεῦμα</span> <span class='ocrx_word' id='word_1_721' title='bbox 2688 4457 2862 4526; x_wconf 78' lang='grc' dir='ltr'>ἀγιον.</span> <span class='ocrx_word' id='word_1_722' title='bbox 2892 4477 2910 4508; x_wconf 72' lang='grc' dir='ltr'><strong>ι</strong></span> <span class='ocrx_word' id='word_1_723' title='bbox 2957 4457 3097 4509; x_wconf 83' lang='grc' dir='ltr'>Ἀλλ’</span> <span class='ocrx_word' id='word_1_724' title='bbox 3129 4459 3286 4527; x_wconf 83' lang='grc' dir='ltr'>εἴπερ</span> <span class='ocrx_word' id='word_1_725' title='bbox 3306 4459 3454 4510; x_wconf 81' lang='grc' dir='ltr'>ἐστὶν</span> <span class='ocrx_word' id='word_1_726' title='bbox 3482 4458 3688 4511; x_wconf 73' lang='grc' dir='ltr'>ἀνωθεν</span> 
     </span>
    </p>
   </div>
   <div class='ocr_carea' id='block_1_93' title="bbox 441 4540 1995 4621">
    <p class='ocr_par' dir='ltr' id='par_1_93' title="bbox 441 4540 1995 4608">
     <span class='ocr_line' id='line_1_93' title="bbox 441 4540 1995 4608; baseline 0.001 -17"><span class='ocrx_word' id='word_1_727' title='bbox 441 4563 456 4591; x_wconf 78' lang='grc' dir='ltr'><strong>ι</strong></span> <span class='ocrx_word' id='word_1_728' title='bbox 494 4552 668 4602; x_wconf 87' lang='lat' dir='ltr'><strong>ctum,</strong></span> <span class='ocrx_word' id='word_1_729' title='bbox 695 4549 952 4608; x_wconf 86' lang='lat' dir='ltr'><strong>operatur</strong></span> <span class='ocrx_word' id='word_1_730' title='bbox 988 4547 1170 4592; x_wconf 89' lang='lat' dir='ltr'><strong>autem</strong></span> <span class='ocrx_word' id='word_1_731' title='bbox 1208 4540 1400 4593; x_wconf 91' lang='lat' dir='ltr'><strong>borum</strong></span> <span class='ocrx_word' id='word_1_732' title='bbox 1431 4540 1872 4596; x_wconf 91' lang='lat' dir='ltr'><strong>distributionem</strong></span> <span class='ocrx_word' id='word_1_733' title='bbox 1903 4557 1995 4596; x_wconf 82' lang='lat' dir='ltr'><strong>nor</strong></span> 
     </span>
    </p>
   </div>
   <div class='ocr_carea' id='block_1_94' title="bbox 2102 4540 3687 4621">
    <p class='ocr_par' dir='ltr' id='par_1_94' title="bbox 2113 4549 3687 4621">
     <span class='ocr_line' id='line_1_94' title="bbox 2113 4549 3687 4621; baseline 0.001 -20"><span class='ocrx_word' id='word_1_734' title='bbox 2113 4568 2131 4601; x_wconf 79' lang='grc' dir='ltr'><strong>ι</strong></span> <span class='ocrx_word' id='word_1_735' title='bbox 2181 4567 2242 4602; x_wconf 88' lang='grc' dir='ltr'><strong>τε</strong></span> <span class='ocrx_word' id='word_1_736' title='bbox 2273 4551 2367 4603; x_wconf 68' lang='grc' dir='ltr'><strong>κα)⁵</strong></span> <span class='ocrx_word' id='word_1_737' title='bbox 2426 4551 2576 4620; x_wconf 79' lang='grc' dir='ltr'>παρὰ</span> <span class='ocrx_word' id='word_1_738' title='bbox 2611 4549 2706 4602; x_wconf 87' lang='grc' dir='ltr'><strong>τοῦ</strong></span> <span class='ocrx_word' id='word_1_739' title='bbox 2762 4551 2976 4620; x_wconf 84' lang='grc' dir='ltr'>Πατρὺς</span> <span class='ocrx_word' id='word_1_740' title='bbox 3032 4553 3140 4605; x_wconf 86' lang='grc' dir='ltr'>πᾶν</span> <span class='ocrx_word' id='word_1_741' title='bbox 3172 4551 3407 4621; x_wconf 81' lang='grc' dir='ltr'>δώρημα</span> <span class='ocrx_word' id='word_1_742' title='bbox 3461 4552 3687 4614; x_wconf 85' lang='grc' dir='ltr'>τέλειον,</span> 
     </span>
    </p>
   </div>
   <div class='ocr_carea' id='block_1_95' title="bbox 440 4631 2007 4699">
    <p class='ocr_par' dir='ltr' id='par_1_95' title="bbox 440 4631 2007 4699">
     <span class='ocr_line' id='line_1_95' title="bbox 440 4631 2007 4699; baseline 0 -15"><span class='ocrx_word' id='word_1_743' title='bbox 440 4652 458 4684; x_wconf 83' lang='grc'><em>‹</em></span> <span class='ocrx_word' id='word_1_744' title='bbox 502 4641 561 4685; x_wconf 89' lang='lat' dir='ltr'><strong>nt</strong></span> <span class='ocrx_word' id='word_1_745' title='bbox 586 4633 834 4684; x_wconf 85' lang='lat' dir='ltr'><strong>minister</strong></span> <span class='ocrx_word' id='word_1_746' title='bbox 867 4631 1056 4693; x_wconf 83' lang='lat' dir='ltr'><strong>Filius,</strong></span> <span class='ocrx_word' id='word_1_747' title='bbox 1093 4633 1186 4686; x_wconf 88' lang='lat' dir='ltr'><strong>sed</strong></span> <span class='ocrx_word' id='word_1_748' title='bbox 1221 4633 1553 4686; x_wconf 89' lang='lat' dir='ltr'><strong>auctoritate</strong></span> <span class='ocrx_word' id='word_1_749' title='bbox 1595 4632 1776 4699; x_wconf 82' lang='lat' dir='ltr'><strong>potius</strong></span> <span class='ocrx_word' id='word_1_750' title='bbox 1802 4633 2007 4698; x_wconf 88' lang='lat' dir='ltr'><strong>divina,</strong></span> 
     </span>
    </p>
   </div>
   <div class='ocr_carea' id='block_1_96' title="bbox 2114 4639 3692 4709">
    <p class='ocr_par' dir='ltr' id='par_1_96' title="bbox 2114 4639 3692 4709">
     <span class='ocr_line' id='line_1_96' title="bbox 2114 4639 3692 4709; baseline 0 -17"><span class='ocrx_word' id='word_1_751' title='bbox 2114 4659 2133 4692; x_wconf 74' lang='grc' dir='ltr'><strong>ι</strong></span> <span class='ocrx_word' id='word_1_752' title='bbox 2179 4641 2394 4709; x_wconf 75' lang='grc' dir='ltr'>ἐνεργεῖ</span> <span class='ocrx_word' id='word_1_753' title='bbox 2423 4639 2480 4691; x_wconf 80' lang='grc' dir='ltr'>δὲ</span> <span class='ocrx_word' id='word_1_754' title='bbox 2507 4640 2606 4707; x_wconf 83' lang='grc' dir='ltr'>τὴν</span> <span class='ocrx_word' id='word_1_755' title='bbox 2630 4639 2839 4693; x_wconf 80' lang='grc' dir='ltr'>τούτων</span> <span class='ocrx_word' id='word_1_756' title='bbox 2868 4642 3140 4709; x_wconf 83' lang='grc' dir='ltr'>διανομὴν</span> <span class='ocrx_word' id='word_1_757' title='bbox 3193 4641 3253 4693; x_wconf 82' lang='grc' dir='ltr'>οὐ</span> <span class='ocrx_word' id='word_1_758' title='bbox 3309 4641 3637 4703; x_wconf 74' lang='grc' dir='ltr'>διακονικῶς</span> <span class='ocrx_word' id='word_1_759' title='bbox 3665 4643 3692 4692; x_wconf 86' lang='grc' dir='ltr'><strong>ὁ</strong></span> 
     </span>
    </p>
   </div>
   <div class='ocr_carea' id='block_1_97' title="bbox 441 4721 1995 4802">
    <p class='ocr_par' dir='ltr' id='par_1_97' title="bbox 441 4722 1995 4792">
     <span class='ocr_line' id='line_1_97' title="bbox 441 4722 1995 4792; baseline 0.003 -21"><span class='ocrx_word' id='word_1_760' title='bbox 441 4727 736 4792; x_wconf 59' lang='lat' dir='ltr'><strong>(quonam</strong></span> <span class='ocrx_word' id='word_1_761' title='bbox 776 4722 934 4775; x_wconf 85' lang='lat' dir='ltr'><strong>modo</strong></span> <span class='ocrx_word' id='word_1_762' title='bbox 969 4732 1150 4791; x_wconf 91' lang='lat' dir='ltr'><strong>postea</strong></span> <span class='ocrx_word' id='word_1_763' title='bbox 1195 4723 1452 4788; x_wconf 88' lang='lat' dir='ltr'><strong>cessabit,</strong></span> <span class='ocrx_word' id='word_1_764' title='bbox 1499 4732 1558 4776; x_wconf 93' lang='lat' dir='ltr'><strong>ut</strong></span> <span class='ocrx_word' id='word_1_765' title='bbox 1605 4738 1715 4776; x_wconf 90' lang='lat' dir='ltr'><strong>non</strong></span> <span class='ocrx_word' id='word_1_766' title='bbox 1751 4725 1822 4778; x_wconf 89' lang='lat' dir='ltr'><strong>sit</strong></span> <span class='ocrx_word' id='word_1_767' title='bbox 1865 4737 1995 4792; x_wconf 67' lang='lat' dir='ltr'><strong>quor</strong></span> 
     </span>
    </p>
   </div>
   <div class='ocr_carea' id='block_1_98' title="bbox 2102 4721 3696 4802">
    <p class='ocr_par' dir='ltr' id='par_1_98' title="bbox 2113 4729 3696 4802">
     <span class='ocr_line' id='line_1_98' title="bbox 2113 4729 3696 4802; baseline 0.001 -21"><span class='ocrx_word' id='word_1_768' title='bbox 2113 4747 2131 4781; x_wconf 76' lang='grc' dir='ltr'><strong>ι</strong></span> <span class='ocrx_word' id='word_1_769' title='bbox 2179 4729 2326 4794; x_wconf 84' lang='grc' dir='ltr'>Υἱὸς,</span> <span class='ocrx_word' id='word_1_770' title='bbox 2355 4733 2413 4782; x_wconf 79' lang='grc' dir='ltr'><strong>ὲν</strong></span> <span class='ocrx_word' id='word_1_771' title='bbox 2464 4729 2679 4799; x_wconf 73' lang='grc' dir='ltr'>ἐξουσίᾳ</span> <span class='ocrx_word' id='word_1_772' title='bbox 2723 4730 2780 4782; x_wconf 81' lang='grc' dir='ltr'>δὲ</span> <span class='ocrx_word' id='word_1_773' title='bbox 2837 4732 3038 4798; x_wconf 83' lang='grc' dir='ltr'>μᾶλλον</span> <span class='ocrx_word' id='word_1_774' title='bbox 3071 4735 3138 4802; x_wconf 75' lang='grc' dir='ltr'>τῇ</span> <span class='ocrx_word' id='word_1_775' title='bbox 3193 4731 3514 4801; x_wconf 83' lang='grc' dir='ltr'>θεοπρεπεῖ,</span> <span class='ocrx_word' id='word_1_776' title='bbox 3553 4732 3696 4784; x_wconf 85' lang='grc' dir='ltr'>κατὰ</span> 
     </span>
    </p>
   </div>
   <div class='ocr_carea' id='block_1_99' title="bbox 443 4814 1995 4889">
    <p class='ocr_par' dir='ltr' id='par_1_99' title="bbox 443 4814 1995 4885">
     <span class='ocr_line' id='line_1_99' title="bbox 443 4814 1995 4885; baseline 0.002 -20"><span class='ocrx_word' id='word_1_777' title='bbox 443 4833 460 4865; x_wconf 77' lang='grc' dir='ltr'><strong>ι</strong></span> <span class='ocrx_word' id='word_1_778' title='bbox 498 4814 579 4868; x_wconf 84' lang='lat' dir='ltr'><strong>est</strong></span> <span class='ocrx_word' id='word_1_779' title='bbox 604 4815 899 4867; x_wconf 87' lang='lat' dir='ltr'><strong>secundum</strong></span> <span class='ocrx_word' id='word_1_780' title='bbox 933 4825 1205 4880; x_wconf 88' lang='lat' dir='ltr'><strong>naturam,</strong></span> <span class='ocrx_word' id='word_1_781' title='bbox 1263 4815 1316 4870; x_wconf 89' lang='lat' dir='ltr'><strong>id</strong></span> <span class='ocrx_word' id='word_1_782' title='bbox 1350 4817 1495 4884; x_wconf 88' lang='lat' dir='ltr'><strong>quod</strong></span> <span class='ocrx_word' id='word_1_783' title='bbox 1544 4824 1628 4869; x_wconf 92' lang='lat' dir='ltr'><strong>cst</strong></span> <span class='ocrx_word' id='word_1_784' title='bbox 1659 4816 1728 4879; x_wconf 89' lang='lat' dir='ltr'><strong>is,</strong></span> <span class='ocrx_word' id='word_1_785' title='bbox 1759 4817 1850 4885; x_wconf 89' lang='lat' dir='ltr'><strong>qui</strong></span> <span class='ocrx_word' id='word_1_786' title='bbox 1884 4830 1995 4869; x_wconf 82' lang='lat' dir='ltr'><strong>eutr</strong></span> 
     </span>
    </p>
   </div>
   <div class='ocr_carea' id='block_1_100' title="bbox 2102 4814 3696 4889">
    <p class='ocr_par' dir='ltr' id='par_1_100' title="bbox 2115 4819 3696 4889">
     <span class='ocr_line' id='line_1_100' title="bbox 2115 4819 3696 4889; baseline 0.001 -17"><span class='ocrx_word' id='word_1_787' title='bbox 2115 4839 2132 4872; x_wconf 79' lang='grc' dir='ltr'><strong>ι</strong></span> <span class='ocrx_word' id='word_1_788' title='bbox 2179 4820 2304 4872; x_wconf 82' lang='grc' dir='ltr'>τίνα</span> <span class='ocrx_word' id='word_1_789' title='bbox 2335 4819 2400 4889; x_wconf 81' lang='grc' dir='ltr'>δὴ</span> <span class='ocrx_word' id='word_1_790' title='bbox 2430 4820 2538 4888; x_wconf 82' lang='grc' dir='ltr'>ἄρα</span> <span class='ocrx_word' id='word_1_791' title='bbox 2588 4819 2780 4872; x_wconf 82' lang='grc' dir='ltr'>λοιπὸν</span> <span class='ocrx_word' id='word_1_792' title='bbox 2831 4819 3128 4889; x_wconf 77' lang='grc' dir='ltr'>ἀφεστήξει</span> <span class='ocrx_word' id='word_1_793' title='bbox 3185 4821 3423 4889; x_wconf 83' lang='grc' dir='ltr'>τρόπον,</span> <span class='ocrx_word' id='word_1_794' title='bbox 3472 4819 3590 4872; x_wconf 85' lang='grc' dir='ltr'>τοῦ·</span> <span class='ocrx_word' id='word_1_795' title='bbox 3620 4821 3696 4889; x_wconf 85' lang='grc' dir='ltr'>μὴ</span> 
     </span>
    </p>
   </div>
   <div class='ocr_carea' id='block_1_101' title="bbox 441 4907 2005 4976">
    <p class='ocr_par' dir='ltr' id='par_1_101' title="bbox 441 4907 2005 4976">
     <span class='ocr_line' id='line_1_101' title="bbox 441 4907 2005 4976; baseline 0.002 -18"><span class='ocrx_word' id='word_1_796' title='bbox 441 4926 457 4958; x_wconf 67' lang='grc' dir='ltr'><strong>ε</strong></span> <span class='ocrx_word' id='word_1_797' title='bbox 497 4907 705 4976; x_wconf 85' lang='lat' dir='ltr'><strong>genuit,</strong></span> <span class='ocrx_word' id='word_1_798' title='bbox 764 4923 921 4961; x_wconf 74' lang='lat' dir='ltr'><strong>verus</strong></span> <span class='ocrx_word' id='word_1_799' title='bbox 977 4908 1185 4962; x_wconf 90' lang='lat' dir='ltr'><strong>scilicet</strong></span> <span class='ocrx_word' id='word_1_800' title='bbox 1235 4908 1402 4970; x_wconf 84' lang='lat' dir='ltr'><strong>Deus,</strong></span> <span class='ocrx_word' id='word_1_801' title='bbox 1435 4917 1488 4961; x_wconf 91' lang='lat' dir='ltr'><strong>ct</strong></span> <span class='ocrx_word' id='word_1_802' title='bbox 1543 4923 1647 4960; x_wconf 90' lang='lat' dir='ltr'><strong>non</strong></span> <span class='ocrx_word' id='word_1_803' title='bbox 1683 4909 2005 4962; x_wconf 89' lang='lat' dir='ltr'><strong>adulterinis</strong></span> 
     </span>
    </p>
   </div>
   <div class='ocr_carea' id='block_1_102' title="bbox 441 4995 2005 5066">
    <p class='ocr_par' dir='ltr' id='par_1_102' title="bbox 441 4995 2005 5066">
     <span class='ocr_line' id='line_1_102' title="bbox 441 4995 2005 5066; baseline 0.001 -19"><span class='ocrx_word' id='word_1_804' title='bbox 441 4997 824 5066; x_wconf 65' lang='lat' dir='ltr'><strong>«quibusdam</strong></span> <span class='ocrx_word' id='word_1_805' title='bbox 882 4998 1184 5051; x_wconf 86' lang='lat' dir='ltr'><strong>honoribus</strong></span> <span class='ocrx_word' id='word_1_806' title='bbox 1240 4995 1407 5050; x_wconf 83' lang='lat' dir='ltr'><strong>veluti</strong></span> <span class='ocrx_word' id='word_1_807' title='bbox 1465 4996 1520 5048; x_wconf 88' lang='lat' dir='ltr'><strong>in</strong></span> <span class='ocrx_word' id='word_1_808' title='bbox 1572 4997 1754 5050; x_wconf 89' lang='lat' dir='ltr'><strong>tabula</strong></span> <span class='ocrx_word' id='word_1_809' title='bbox 1809 4995 2005 5050; x_wconf 86' lang='lat' dir='ltr'><strong>obum-</strong></span> 
     </span>
    </p>
   </div>
   <div class='ocr_carea' id='block_1_103' title="bbox 441 5094 766 5142">
    <p class='ocr_par' dir='ltr' id='par_1_103' title="bbox 441 5094 766 5142">
     <span class='ocr_line' id='line_1_103' title="bbox 441 5094 766 5142; baseline 0.006 -4"><span class='ocrx_word' id='word_1_810' title='bbox 441 5110 457 5138; x_wconf 75' lang='grc' dir='ltr'><strong>ι</strong></span> <span class='ocrx_word' id='word_1_811' title='bbox 503 5094 707 5142; x_wconf 80' lang='lat' dir='ltr'><strong>brutus.</strong></span> <span class='ocrx_word' id='word_1_812' title='bbox 748 5107 766 5140; x_wconf 76' lang='grc' dir='ltr'><strong>ι</strong></span> 
     </span>
    </p>
   </div>
   <div class='ocr_carea' id='block_1_104' title="bbox 997 5179 1425 5233">
    <p class='ocr_par' dir='ltr' id='par_1_104' title="bbox 997 5179 1425 5233">
     <span class='ocr_line' id='line_1_104' title="bbox 997 5179 1425 5233; baseline -0.002 0"><span class='ocrx_word' id='word_1_813' title='bbox 997 5179 1425 5233; x_wconf 79' lang='lat' dir='ltr'><strong>Animadversio.</strong></span> 
     </span>
    </p>
   </div>
   <div class='ocr_carea' id='block_1_105' title="bbox 511 5252 2014 5342">
    <p class='ocr_par' dir='ltr' id='par_1_105' title="bbox 511 5252 2014 5342">
     <span class='ocr_line' id='line_1_105' title="bbox 511 5252 2014 5342; baseline 0.004 -19"><span class='ocrx_word' id='word_1_814' title='bbox 511 5291 528 5323; x_wconf 76' lang='grc' dir='ltr'><strong>ι</strong></span> <span class='ocrx_word' id='word_1_815' title='bbox 571 5252 796 5328; x_wconf 72' lang='lat' dir='ltr'><strong>Attento</strong></span> <span class='ocrx_word' id='word_1_816' title='bbox 822 5273 1008 5327; x_wconf 90' lang='lat' dir='ltr'><strong>animo</strong></span> <span class='ocrx_word' id='word_1_817' title='bbox 1034 5274 1179 5326; x_wconf 82' lang='lat' dir='ltr'><strong>dicta</strong></span> <span class='ocrx_word' id='word_1_818' title='bbox 1210 5273 1582 5339; x_wconf 86' lang='lat' dir='ltr'><strong>considerato,</strong></span> <span class='ocrx_word' id='word_1_819' title='bbox 1624 5274 1857 5342; x_wconf 86' lang='lat' dir='ltr'><strong>desuper</strong></span> <span class='ocrx_word' id='word_1_820' title='bbox 1891 5288 2014 5329; x_wconf 90' lang='lat' dir='ltr'><strong>esse</strong></span> 
     </span>
    </p>
   </div>
   <div class='ocr_carea' id='block_1_106' title="bbox 445 5363 2012 5434">
    <p class='ocr_par' dir='ltr' id='par_1_106' title="bbox 445 5363 2012 5434">
     <span class='ocr_line' id='line_1_106' title="bbox 445 5363 2012 5434; baseline 0.002 -19"><span class='ocrx_word' id='word_1_821' title='bbox 445 5389 460 5415; x_wconf 76' lang='grc' dir='ltr'><strong>ι</strong></span> <span class='ocrx_word' id='word_1_822' title='bbox 505 5384 533 5419; x_wconf 85' lang='lat' dir='ltr'><strong>a</strong></span> <span class='ocrx_word' id='word_1_823' title='bbox 562 5365 723 5419; x_wconf 73' lang='lat' dir='ltr'><strong>I‘atrc</strong></span> <span class='ocrx_word' id='word_1_824' title='bbox 743 5381 907 5419; x_wconf 87' lang='lat' dir='ltr'><strong>omne</strong></span> <span class='ocrx_word' id='word_1_825' title='bbox 937 5378 1141 5418; x_wconf 90' lang='lat' dir='ltr'><strong>munus</strong></span> <span class='ocrx_word' id='word_1_826' title='bbox 1174 5363 1496 5434; x_wconf 78' lang='lat' dir='ltr'><strong>perfectum,</strong></span> <span class='ocrx_word' id='word_1_827' title='bbox 1519 5380 1708 5420; x_wconf 89' lang='lat' dir='ltr'><strong>eorum</strong></span> <span class='ocrx_word' id='word_1_828' title='bbox 1740 5381 1866 5421; x_wconf 80' lang='lat' dir='ltr'><strong>vero</strong></span> <span class='ocrx_word' id='word_1_829' title='bbox 1899 5366 2012 5419; x_wconf 89' lang='lat' dir='ltr'><strong>dis-</strong></span> 
     </span>
    </p>
   </div>
   <div class='ocr_carea' id='block_1_107' title="bbox 447 5455 2016 5524">
    <p class='ocr_par' dir='ltr' id='par_1_107' title="bbox 447 5455 2016 5524">
     <span class='ocr_line' id='line_1_107' title="bbox 447 5455 2016 5524; baseline 0.001 -17"><span class='ocrx_word' id='word_1_830' title='bbox 447 5477 462 5507; x_wconf 75' lang='grc' dir='ltr'><strong>ι</strong></span> <span class='ocrx_word' id='word_1_831' title='bbox 503 5457 852 5511; x_wconf 86' lang='lat' dir='ltr'><strong>tributionem</strong></span> <span class='ocrx_word' id='word_1_832' title='bbox 898 5455 1096 5509; x_wconf 88' lang='lat' dir='ltr'><strong>Filium</strong></span> <span class='ocrx_word' id='word_1_833' title='bbox 1135 5471 1242 5510; x_wconf 89' lang='lat' dir='ltr'><strong>non</strong></span> <span class='ocrx_word' id='word_1_834' title='bbox 1299 5456 1375 5509; x_wconf 88' lang='lat' dir='ltr'><strong>uti</strong></span> <span class='ocrx_word' id='word_1_835' title='bbox 1423 5457 1759 5524; x_wconf 86' lang='lat' dir='ltr'><strong>ministrum,</strong></span> <span class='ocrx_word' id='word_1_836' title='bbox 1793 5458 1886 5512; x_wconf 89' lang='lat' dir='ltr'><strong>sed</strong></span> <span class='ocrx_word' id='word_1_837' title='bbox 1918 5471 2016 5509; x_wconf 87' lang='lat' dir='ltr'><strong>au-</strong></span> 
     </span>
    </p>
   </div>
   <div class='ocr_carea' id='block_1_108' title="bbox 447 5546 1511 5616">
    <p class='ocr_par' dir='ltr' id='par_1_108' title="bbox 447 5546 1511 5616">
     <span class='ocr_line' id='line_1_108' title="bbox 447 5546 1511 5616; baseline 0.001 -18"><span class='ocrx_word' id='word_1_838' title='bbox 447 5570 464 5598; x_wconf 78' lang='grc' dir='ltr'><strong>ι</strong></span> <span class='ocrx_word' id='word_1_839' title='bbox 506 5550 752 5603; x_wconf 76' lang='lat' dir='ltr'><strong>rtoritate</strong></span> <span class='ocrx_word' id='word_1_840' title='bbox 775 5564 872 5602; x_wconf 91' lang='lat' dir='ltr'><strong>sua</strong></span> <span class='ocrx_word' id='word_1_841' title='bbox 909 5547 984 5603; x_wconf 89' lang='lat' dir='ltr'><strong>uti</strong></span> <span class='ocrx_word' id='word_1_842' title='bbox 1014 5546 1184 5602; x_wconf 85' lang='lat' dir='ltr'><strong>Deum</strong></span> <span class='ocrx_word' id='word_1_843' title='bbox 1216 5548 1452 5616; x_wconf 87' lang='lat' dir='ltr'><strong>operari.</strong></span> <span class='ocrx_word' id='word_1_844' title='bbox 1493 5567 1511 5598; x_wconf 71' lang='grc' dir='ltr'><strong>ι</strong></span> 
     </span>
    </p>
   </div>
   <div class='ocr_carea' id='block_1_109' title="bbox 515 5725 1971 5793">
    <p class='ocr_par' dir='ltr' id='par_1_109' title="bbox 515 5725 1971 5793">
     <span class='ocr_line' id='line_1_109' title="bbox 515 5725 1971 5793; baseline -0.001 -13"><span class='ocrx_word' id='word_1_845' title='bbox 515 5726 768 5781; x_wconf 81' lang='lat' dir='ltr'><strong>l&quot;.lacob.</strong></span> <span class='ocrx_word' id='word_1_846' title='bbox 808 5745 840 5793; x_wconf 81' lang='grc' dir='ltr'><strong>ι,</strong></span> <span class='ocrx_word' id='word_1_847' title='bbox 881 5728 967 5785; x_wconf 86' lang='lat' dir='ltr'><strong>I7.</strong></span> <span class='ocrx_word' id='word_1_848' title='bbox 1046 5732 1090 5762; x_wconf 81' lang='grc'><strong>⁸⁸</strong></span> <span class='ocrx_word' id='word_1_849' title='bbox 1115 5728 1301 5784; x_wconf 79' lang='lat' dir='ltr'><strong>Matth.</strong></span> <span class='ocrx_word' id='word_1_850' title='bbox 1345 5744 1398 5791; x_wconf 64' lang='grc' dir='ltr'>Χ,</span> <span class='ocrx_word' id='word_1_851' title='bbox 1429 5727 1482 5779; x_wconf 82' lang='grc'><strong>8.</strong></span> <span class='ocrx_word' id='word_1_852' title='bbox 1561 5728 1788 5782; x_wconf 71' lang='lat' dir='ltr'><strong>l“’Joan.</strong></span> <span class='ocrx_word' id='word_1_853' title='bbox 1818 5743 1856 5790; x_wconf 85' lang='grc' dir='ltr'><strong>ι,</strong></span> <span class='ocrx_word' id='word_1_854' title='bbox 1891 5725 1971 5779; x_wconf 81' lang='lat' dir='ltr'><strong>l6.</strong></span> 
     </span>
    </p>
   </div>
   <div class='ocr_carea' id='block_1_110' title="bbox 2115 4907 3697 4982">
    <p class='ocr_par' dir='ltr' id='par_1_110' title="bbox 2115 4907 3697 4982">
     <span class='ocr_line' id='line_1_110' title="bbox 2115 4907 3697 4982; baseline -0.001 -17"><span class='ocrx_word' id='word_1_855' title='bbox 2115 4932 2134 4965; x_wconf 75' lang='grc' dir='ltr'><strong>ι</strong></span> <span class='ocrx_word' id='word_1_856' title='bbox 2177 4907 2316 4966; x_wconf 79' lang='grc' dir='ltr'>εἶναι</span> <span class='ocrx_word' id='word_1_857' title='bbox 2349 4915 2487 4964; x_wconf 85' lang='grc' dir='ltr'>κατά</span> <span class='ocrx_word' id='word_1_858' title='bbox 2519 4913 2678 4980; x_wconf 84' lang='grc' dir='ltr'>φύσιν</span> <span class='ocrx_word' id='word_1_859' title='bbox 2697 4912 2840 4964; x_wconf 82' lang='grc' dir='ltr'>τοῦθ’</span> <span class='ocrx_word' id='word_1_860' title='bbox 2861 4913 2999 4981; x_wconf 86' lang='grc' dir='ltr'>ὅπερ</span> <span class='ocrx_word' id='word_1_861' title='bbox 3051 4911 3198 4964; x_wconf 72' lang='grc' dir='ltr'>ἐστὶν</span> <span class='ocrx_word' id='word_1_862' title='bbox 3233 4913 3260 4962; x_wconf 83' lang='grc' dir='ltr'><strong>ὁ</strong></span> <span class='ocrx_word' id='word_1_863' title='bbox 3306 4915 3576 4982; x_wconf 82' lang='grc' dir='ltr'>γεννήσας</span> <span class='ocrx_word' id='word_1_864' title='bbox 3597 4915 3697 4966; x_wconf 71' lang='grc' dir='ltr'><strong>αὖ·</strong></span> 
     </span>
    </p>
   </div>
   <div class='ocr_carea' id='block_1_111' title="bbox 2118 5002 3693 5072">
    <p class='ocr_par' dir='ltr' id='par_1_111' title="bbox 2118 5002 3693 5072">
     <span class='ocr_line' id='line_1_111' title="bbox 2118 5002 3693 5072; baseline -0.001 -18"><span class='ocrx_word' id='word_1_865' title='bbox 2118 5021 2136 5054; x_wconf 74' lang='grc' dir='ltr'><strong>ι</strong></span> <span class='ocrx_word' id='word_1_866' title='bbox 2181 5002 2580 5072; x_wconf 41' lang='lat' dir='ltr'><strong>erumnam;</strong></span> <span class='ocrx_word' id='word_1_867' title='bbox 2623 5003 2864 5071; x_wconf 82' lang='grc' dir='ltr'>δηλονότι</span> <span class='ocrx_word' id='word_1_868' title='bbox 2898 5003 3051 5068; x_wconf 84' lang='grc' dir='ltr'>Θεὸς,</span> <span class='ocrx_word' id='word_1_869' title='bbox 3099 5002 3192 5056; x_wconf 74' lang='grc' dir='ltr'><strong>καὶ</strong></span> <span class='ocrx_word' id='word_1_870' title='bbox 3227 5003 3288 5055; x_wconf 83' lang='grc' dir='ltr'>οὐ</span> <span class='ocrx_word' id='word_1_871' title='bbox 3331 5003 3506 5064; x_wconf 89' lang='grc' dir='ltr'>νόθοις</span> <span class='ocrx_word' id='word_1_872' title='bbox 3562 5003 3693 5066; x_wconf 78' lang='grc' dir='ltr'>τισὶ,</span> 
     </span>
    </p>
   </div>
   <div class='ocr_carea' id='block_1_112' title="bbox 2121 5093 3620 5164">
    <p class='ocr_par' dir='ltr' id='par_1_112' title="bbox 2121 5093 3620 5164">
     <span class='ocr_line' id='line_1_112' title="bbox 2121 5093 3620 5164; baseline -0.001 -18"><span class='ocrx_word' id='word_1_873' title='bbox 2121 5113 2140 5146; x_wconf 75' lang='grc' dir='ltr'><strong>ι</strong></span> <span class='ocrx_word' id='word_1_874' title='bbox 2185 5093 2437 5164; x_wconf 81' lang='grc' dir='ltr'>καθάπερ</span> <span class='ocrx_word' id='word_1_875' title='bbox 2483 5097 2542 5149; x_wconf 85' lang='grc' dir='ltr'>ὲν</span> <span class='ocrx_word' id='word_1_876' title='bbox 2576 5095 2766 5148; x_wconf 85' lang='grc' dir='ltr'>πίνακι</span> <span class='ocrx_word' id='word_1_877' title='bbox 2800 5093 3308 5164; x_wconf 84' lang='grc' dir='ltr'>κατακεχρισμένος</span> <span class='ocrx_word' id='word_1_878' title='bbox 3340 5097 3530 5162; x_wconf 83' lang='grc' dir='ltr'>τιμαῖς</span> <span class='ocrx_word' id='word_1_879' title='bbox 3557 5110 3572 5160; x_wconf 87' lang='grc'><strong>;</strong></span> <span class='ocrx_word' id='word_1_880' title='bbox 3599 5109 3620 5145; x_wconf 74' lang='grc' dir='ltr'><strong>ι</strong></span> 
     </span>
    </p>
   </div>
   <div class='ocr_carea' id='block_1_113' title="bbox 2717 5187 3098 5240">
    <p class='ocr_par' dir='ltr' id='par_1_113' title="bbox 2717 5187 3098 5240">
     <span class='ocr_line' id='line_1_113' title="bbox 2717 5187 3098 5240; baseline 0 0"><span class='ocrx_word' id='word_1_881' title='bbox 2717 5187 3098 5240; x_wconf 83' lang='grc' dir='ltr'>Ἐπιστασία.</span> 
     </span>
    </p>
   </div>
   <div class='ocr_carea' id='block_1_114' title="bbox 2196 5272 3692 5347">
    <p class='ocr_par' dir='ltr' id='par_1_114' title="bbox 2196 5272 3692 5347">
     <span class='ocr_line' id='line_1_114' title="bbox 2196 5272 3692 5347; baseline -0.001 -19"><span class='ocrx_word' id='word_1_882' title='bbox 2196 5295 2216 5328; x_wconf 80' lang='grc' dir='ltr'><strong>ι</strong></span> <span class='ocrx_word' id='word_1_883' title='bbox 2251 5277 2540 5346; x_wconf 82' lang='grc' dir='ltr'>Νουνεχῶς</span> <span class='ocrx_word' id='word_1_884' title='bbox 2569 5277 2802 5331; x_wconf 83' lang='grc' dir='ltr'>ἄκουσον</span> <span class='ocrx_word' id='word_1_885' title='bbox 2849 5279 3057 5331; x_wconf 84' lang='grc' dir='ltr'>ἄνωθεν</span> <span class='ocrx_word' id='word_1_886' title='bbox 3091 5278 3187 5347; x_wconf 82' lang='grc' dir='ltr'>μὲν</span> <span class='ocrx_word' id='word_1_887' title='bbox 3236 5272 3377 5330; x_wconf 80' lang='grc' dir='ltr'>εἷναι</span> <span class='ocrx_word' id='word_1_888' title='bbox 3423 5274 3577 5346; x_wconf 87' lang='grc' dir='ltr'><strong>παρά</strong></span> <span class='ocrx_word' id='word_1_889' title='bbox 3601 5274 3692 5328; x_wconf 84' lang='grc' dir='ltr'><strong>τοῦ</strong></span> 
     </span>
    </p>
   </div>
   <div class='ocr_carea' id='block_1_115' title="bbox 2125 5366 3694 5441">
    <p class='ocr_par' dir='ltr' id='par_1_115' title="bbox 2125 5366 3694 5441">
     <span class='ocr_line' id='line_1_115' title="bbox 2125 5366 3694 5441; baseline -0.002 -21"><span class='ocrx_word' id='word_1_890' title='bbox 2125 5387 2144 5420; x_wconf 74' lang='grc' dir='ltr'><strong>ι</strong></span> <span class='ocrx_word' id='word_1_891' title='bbox 2186 5368 2398 5436; x_wconf 74' lang='grc' dir='ltr'>[ἰατρὸς</span> <span class='ocrx_word' id='word_1_892' title='bbox 2461 5371 2568 5422; x_wconf 82' lang='grc' dir='ltr'><strong>πᾶν</strong></span> <span class='ocrx_word' id='word_1_893' title='bbox 2622 5369 2851 5441; x_wconf 83' lang='grc' dir='ltr'>δώρημα</span> <span class='ocrx_word' id='word_1_894' title='bbox 2898 5370 3145 5436; x_wconf 81' lang='grc' dir='ltr'>τέλειον,</span> <span class='ocrx_word' id='word_1_895' title='bbox 3199 5371 3449 5440; x_wconf 76' lang='grc' dir='ltr'>ἐνεργεῖν</span> <span class='ocrx_word' id='word_1_896' title='bbox 3496 5369 3557 5421; x_wconf 83' lang='grc' dir='ltr'>δὲ</span> <span class='ocrx_word' id='word_1_897' title='bbox 3597 5366 3694 5436; x_wconf 79' lang='grc' dir='ltr'>τὴν</span> 
     </span>
    </p>
   </div>
   <div class='ocr_carea' id='block_1_116' title="bbox 2130 5453 3693 5530">
    <p class='ocr_par' dir='ltr' id='par_1_116' title="bbox 2130 5453 3693 5530">
     <span class='ocr_line' id='line_1_116' title="bbox 2130 5453 3693 5530; baseline -0.002 -19"><span class='ocrx_word' id='word_1_898' title='bbox 2130 5478 2148 5511; x_wconf 75' lang='grc' dir='ltr'><strong>ι</strong></span> <span class='ocrx_word' id='word_1_899' title='bbox 2188 5462 2393 5512; x_wconf 86' lang='grc' dir='ltr'>τούτων</span> <span class='ocrx_word' id='word_1_900' title='bbox 2421 5458 2684 5530; x_wconf 80' lang='grc' dir='ltr'>διανομὴν</span> <span class='ocrx_word' id='word_1_901' title='bbox 2738 5461 2832 5512; x_wconf 81' lang='grc' dir='ltr'><strong>τὸν</strong></span> <span class='ocrx_word' id='word_1_902' title='bbox 2893 5459 3043 5526; x_wconf 77' lang='grc' dir='ltr'>Υἱὸν,</span> <span class='ocrx_word' id='word_1_903' title='bbox 3103 5461 3162 5513; x_wconf 83' lang='grc' dir='ltr'><strong>οὐ</strong></span> <span class='ocrx_word' id='word_1_904' title='bbox 3195 5458 3543 5527; x_wconf 81' lang='grc' dir='ltr'>διακονικῶς,</span> <span class='ocrx_word' id='word_1_905' title='bbox 3580 5453 3693 5518; x_wconf 75' lang='grc' dir='ltr'>ἀλλ’</span> 
     </span>
    </p>
   </div>
   <div class='ocr_carea' id='block_1_117' title="bbox 2133 5549 2973 5613">
    <p class='ocr_par' dir='ltr' id='par_1_117' title="bbox 2133 5549 2973 5613">
     <span class='ocr_line' id='line_1_117' title="bbox 2133 5549 2973 5613; baseline 0.001 -14"><span class='ocrx_word' id='word_1_906' title='bbox 2133 5567 2150 5600; x_wconf 76' lang='grc' dir='ltr'><strong>ι</strong></span> <span class='ocrx_word' id='word_1_907' title='bbox 2191 5549 2637 5613; x_wconf 80' lang='grc' dir='ltr'>ὲξουσιαστικῶς,</span> <span class='ocrx_word' id='word_1_908' title='bbox 2669 5549 2741 5612; x_wconf 80' lang='grc' dir='ltr'>ὡς</span> <span class='ocrx_word' id='word_1_909' title='bbox 2769 5550 2918 5604; x_wconf 87' lang='grc' dir='ltr'>Θεόν.</span> <span class='ocrx_word' id='word_1_910' title='bbox 2956 5567 2973 5600; x_wconf 75' lang='grc' dir='ltr'><strong>ι</strong></span> 
     </span>
    </p>
   </div>
   <div class='ocr_carea' id='block_1_118' title="bbox 2069 5721 2551 5789">
    <p class='ocr_par' dir='ltr' id='par_1_118' title="bbox 2069 5721 2551 5789">
     <span class='ocr_line' id='line_1_118' title="bbox 2069 5721 2551 5789; baseline 0.002 -12"><span class='ocrx_word' id='word_1_911' title='bbox 2069 5724 2112 5755; x_wconf 83' lang='grc'>⁹⁰</span> <span class='ocrx_word' id='word_1_912' title='bbox 2137 5721 2295 5778; x_wconf 79' lang='lat' dir='ltr'><strong>Joan.</strong></span> <span class='ocrx_word' id='word_1_913' title='bbox 2340 5739 2426 5789; x_wconf 72' lang='lat' dir='ltr'><strong>xx,</strong></span> <span class='ocrx_word' id='word_1_914' title='bbox 2461 5723 2551 5780; x_wconf 69' lang='lat'><strong>22.</strong></span> 
     </span>
    </p>
   </div>
  </div>
