  <div class='ocr_page' id='page_1' title='image "/cluster/home/n/w/nwhite01/storage/ocr_20150623/141/coo.31924054870468/268.png"; bbox 0 0 3958 6444; ppageno 0'>
   <div class='ocr_carea' id='block_1_1' title="bbox 305 416 433 508">
    <p class='ocr_par' dir='ltr' id='par_1_1' title="bbox 305 416 433 508">
     <span class='ocr_line' id='line_1_1' title="bbox 305 416 433 508; baseline 0.016 -2"><span class='ocrx_word' id='word_1_1' title='bbox 305 416 433 508; x_wconf 73' lang='lat'><strong>&#39;529</strong></span> 
     </span>
    </p>
   </div>
   <div class='ocr_carea' id='block_1_2' title="bbox 930 561 1318 632">
    <p class='ocr_par' dir='ltr' id='par_1_2' title="bbox 930 561 1318 632">
     <span class='ocr_line' id='line_1_2' title="bbox 930 561 1318 632; baseline -0.005 -16"><span class='ocrx_word' id='word_1_2' title='bbox 930 561 1318 632; x_wconf 64' lang='grc' dir='ltr'>Ἄντιξῤῥησις.</span> 
     </span>
    </p>
   </div>
   <div class='ocr_carea' id='block_1_3' title="bbox 401 648 1903 723">
    <p class='ocr_par' dir='ltr' id='par_1_3' title="bbox 401 648 1903 723">
     <span class='ocr_line' id='line_1_3' title="bbox 401 648 1903 723; baseline -0.001 -18"><span class='ocrx_word' id='word_1_3' title='bbox 401 651 513 705; x_wconf 74' lang='grc' dir='ltr'><strong>Καὶ</strong></span> <span class='ocrx_word' id='word_1_4' title='bbox 539 648 594 703; x_wconf 89' lang='grc' dir='ltr'><strong>τί</strong></span> <span class='ocrx_word' id='word_1_5' title='bbox 622 667 707 704; x_wconf 90' lang='grc' dir='ltr'><strong>σοι</strong></span> <span class='ocrx_word' id='word_1_6' title='bbox 731 652 877 721; x_wconf 84' lang='grc' dir='ltr'><strong>τάχα</strong></span> <span class='ocrx_word' id='word_1_7' title='bbox 904 653 966 706; x_wconf 84' lang='grc' dir='ltr'>τὸ</span> <span class='ocrx_word' id='word_1_8' title='bbox 992 655 1055 705; x_wconf 74' lang='grc' dir='ltr'><strong>ὲκ</strong></span> <span class='ocrx_word' id='word_1_9' title='bbox 1088 655 1185 723; x_wconf 83' lang='grc' dir='ltr'>τῆς</span> <span class='ocrx_word' id='word_1_10' title='bbox 1226 655 1551 717; x_wconf 77' lang='grc' dir='ltr'>ἐπιστασίας</span> <span class='ocrx_word' id='word_1_11' title='bbox 1592 654 1710 707; x_wconf 78' lang='grc' dir='ltr'>ἐστὶ</span> <span class='ocrx_word' id='word_1_12' title='bbox 1743 669 1903 705; x_wconf 87' lang='grc' dir='ltr'>συνα-</span> 
     </span>
    </p>
   </div>
   <div class='ocr_carea' id='block_1_4' title="bbox 1283 419 2634 510">
    <p class='ocr_par' dir='ltr' id='par_1_4' title="bbox 1283 419 2634 510">
     <span class='ocr_line' id='line_1_4' title="bbox 1283 419 2634 510; baseline 0.004 -5"><span class='ocrx_word' id='word_1_13' title='bbox 1283 446 1366 507; x_wconf 89' lang='lat' dir='ltr'><strong>IN</strong></span> <span class='ocrx_word' id='word_1_14' title='bbox 1405 446 1792 508; x_wconf 81' lang='lat' dir='ltr'><strong>CAMATERI</strong></span> <span class='ocrx_word' id='word_1_15' title='bbox 1835 419 2634 510; x_wconf 16' lang='lat' dir='ltr'><strong>ANIMADVERSIONESU</strong></span> 
     </span>
    </p>
   </div>
   <div class='ocr_carea' id='block_1_5' title="bbox 3477 457 3582 520">
    <p class='ocr_par' dir='ltr' id='par_1_5' title="bbox 3477 457 3582 520">
     <span class='ocr_line' id='line_1_5' title="bbox 3477 457 3582 520; baseline 0.01 -1"><span class='ocrx_word' id='word_1_16' title='bbox 3477 457 3582 520; x_wconf 85' lang='lat'><strong>530</strong></span> 
     </span>
    </p>
   </div>
   <div class='ocr_carea' id='block_1_6' title="bbox 2644 563 2938 634">
    <p class='ocr_par' dir='ltr' id='par_1_6' title="bbox 2644 563 2938 634">
     <span class='ocr_line' id='line_1_6' title="bbox 2644 563 2938 634; baseline 0.014 -17"><span class='ocrx_word' id='word_1_17' title='bbox 2644 563 2938 634; x_wconf 78' lang='lat' dir='ltr'><strong>Refutatio.</strong></span> 
     </span>
    </p>
   </div>
   <div class='ocr_carea' id='block_1_7' title="bbox 2080 655 3584 731">
    <p class='ocr_par' dir='ltr' id='par_1_7' title="bbox 2080 655 3584 731">
     <span class='ocr_line' id='line_1_7' title="bbox 2080 655 3584 731; baseline 0.003 -23"><span class='ocrx_word' id='word_1_18' title='bbox 2080 655 2219 721; x_wconf 84' lang='lat' dir='ltr'><strong>Quid</strong></span> <span class='ocrx_word' id='word_1_19' title='bbox 2248 671 2379 710; x_wconf 89' lang='lat' dir='ltr'><strong>vero</strong></span> <span class='ocrx_word' id='word_1_20' title='bbox 2404 657 2500 711; x_wconf 92' lang='lat' dir='ltr'><strong>tibi</strong></span> <span class='ocrx_word' id='word_1_21' title='bbox 2534 671 2601 711; x_wconf 83' lang='lat' dir='ltr'><strong>ex</strong></span> <span class='ocrx_word' id='word_1_22' title='bbox 2626 657 2728 711; x_wconf 91' lang='lat' dir='ltr'><strong>hac</strong></span> <span class='ocrx_word' id='word_1_23' title='bbox 2755 659 3230 717; x_wconf 83' lang='lat' dir='ltr'><strong>animadversione</strong></span> <span class='ocrx_word' id='word_1_24' title='bbox 3259 662 3535 731; x_wconf 74' lang='lat' dir='ltr'><strong>colligitur</strong></span> <span class='ocrx_word' id='word_1_25' title='bbox 3562 661 3584 713; x_wconf 73' lang='grc' dir='ltr'><strong>τ</strong></span> 
     </span>
    </p>
   </div>
   <div class='ocr_carea' id='block_1_8' title="bbox 322 740 1929 818">
    <p class='ocr_par' dir='ltr' id='par_1_8' title="bbox 322 740 1910 814">
     <span class='ocr_line' id='line_1_8' title="bbox 322 740 1910 814; baseline 0 -20"><span class='ocrx_word' id='word_1_26' title='bbox 322 740 607 812; x_wconf 84' lang='grc' dir='ltr'>γόμενον;</span> <span class='ocrx_word' id='word_1_27' title='bbox 665 742 761 796; x_wconf 83' lang='grc' dir='ltr'><strong>Ἐκ</strong></span> <span class='ocrx_word' id='word_1_28' title='bbox 787 742 994 796; x_wconf 86' lang='grc' dir='ltr'>τούτων</span> <span class='ocrx_word' id='word_1_29' title='bbox 1035 745 1216 796; x_wconf 85' lang='grc' dir='ltr'>αὐτῶν</span> <span class='ocrx_word' id='word_1_30' title='bbox 1265 743 1374 797; x_wconf 88' lang='grc' dir='ltr'><strong>τῶν</strong></span> <span class='ocrx_word' id='word_1_31' title='bbox 1427 747 1486 798; x_wconf 79' lang='grc' dir='ltr'>ὲν</span> <span class='ocrx_word' id='word_1_32' title='bbox 1514 748 1577 814; x_wconf 82' lang='grc' dir='ltr'>τῇ</span> <span class='ocrx_word' id='word_1_33' title='bbox 1614 742 1910 813; x_wconf 74' lang='grc' dir='ltr'><strong>ἐπιστασίᾳ</strong></span> 
     </span>
    </p>
   </div>
   <div class='ocr_carea' id='block_1_9' title="bbox 2041 740 3585 818">
    <p class='ocr_par' dir='ltr' id='par_1_9' title="bbox 2041 746 3585 818">
     <span class='ocr_line' id='line_1_9' title="bbox 2041 746 3585 818; baseline 0.005 -20"><span class='ocrx_word' id='word_1_34' title='bbox 2041 746 2084 800; x_wconf 76' lang='lat' dir='ltr'><strong>2x</strong></span> <span class='ocrx_word' id='word_1_35' title='bbox 2117 747 2200 802; x_wconf 89' lang='lat' dir='ltr'><strong>his</strong></span> <span class='ocrx_word' id='word_1_36' title='bbox 2238 763 2360 816; x_wconf 64' lang='lat' dir='ltr'><strong>quae</strong></span> <span class='ocrx_word' id='word_1_37' title='bbox 2411 749 2463 800; x_wconf 92' lang='lat' dir='ltr'><strong>in</strong></span> <span class='ocrx_word' id='word_1_38' title='bbox 2499 749 2981 805; x_wconf 84' lang='lat' dir='ltr'><strong>animadversione</strong></span> <span class='ocrx_word' id='word_1_39' title='bbox 3021 754 3400 818; x_wconf 75' lang='lat' dir='ltr'><strong>continentur,</strong></span> <span class='ocrx_word' id='word_1_40' title='bbox 3435 768 3585 808; x_wconf 57' lang='lat' dir='ltr'><strong>com.</strong></span> 
     </span>
    </p>
   </div>
   <div class='ocr_carea' id='block_1_10' title="bbox 321 833 1908 906">
    <p class='ocr_par' dir='ltr' id='par_1_10' title="bbox 321 833 1908 906">
     <span class='ocr_line' id='line_1_10' title="bbox 321 833 1908 906; baseline -0.002 -20"><span class='ocrx_word' id='word_1_41' title='bbox 321 833 898 904; x_wconf 77' lang='grc' dir='ltr'>ὲμπεριιιλημμένων</span> <span class='ocrx_word' id='word_1_42' title='bbox 921 834 1100 888; x_wconf 78' lang='grc' dir='ltr'>κοινὸν</span> <span class='ocrx_word' id='word_1_43' title='bbox 1125 833 1342 906; x_wconf 76' lang='grc' dir='ltr'>Πατρὸς</span> <span class='ocrx_word' id='word_1_44' title='bbox 1369 836 1463 889; x_wconf 74' lang='grc' dir='ltr'>καὶ</span> <span class='ocrx_word' id='word_1_45' title='bbox 1488 835 1622 889; x_wconf 85' lang='grc' dir='ltr'>Υίοῦ</span> <span class='ocrx_word' id='word_1_46' title='bbox 1651 836 1712 889; x_wconf 86' lang='grc' dir='ltr'><strong>τὸ</strong></span> <span class='ocrx_word' id='word_1_47' title='bbox 1742 833 1908 888; x_wconf 71' lang='grc' dir='ltr'>Πνεῦα</span> 
     </span>
    </p>
   </div>
   <div class='ocr_carea' id='block_1_11' title="bbox 327 927 995 996">
    <p class='ocr_par' dir='ltr' id='par_1_11' title="bbox 327 927 995 996">
     <span class='ocr_line' id='line_1_11' title="bbox 327 927 995 996; baseline 0.003 -16"><span class='ocrx_word' id='word_1_48' title='bbox 327 944 412 996; x_wconf 86' lang='grc' dir='ltr'><strong>μα</strong></span> <span class='ocrx_word' id='word_1_49' title='bbox 445 929 474 980; x_wconf 96' lang='lat'><strong>6</strong></span> <span class='ocrx_word' id='word_1_50' title='bbox 504 927 663 995; x_wconf 73' lang='grc' dir='ltr'>ἅγιος</span> <span class='ocrx_word' id='word_1_51' title='bbox 699 929 995 984; x_wconf 84' lang='grc' dir='ltr'>δείκνυσιν.</span> 
     </span>
    </p>
   </div>
   <div class='ocr_carea' id='block_1_12' title="bbox 334 1019 1906 1092">
    <p class='ocr_par' dir='ltr' id='par_1_12' title="bbox 334 1019 1906 1092">
     <span class='ocr_line' id='line_1_12' title="bbox 334 1019 1906 1092; baseline 0.002 -19"><span class='ocrx_word' id='word_1_52' title='bbox 334 1019 444 1073; x_wconf 81' lang='grc' dir='ltr'><strong>Ἐκ</strong></span> <span class='ocrx_word' id='word_1_53' title='bbox 475 1019 586 1073; x_wconf 72' lang='grc' dir='ltr'><strong>τοῦ</strong></span> <span class='ocrx_word' id='word_1_54' title='bbox 627 1019 808 1073; x_wconf 80' lang='grc' dir='ltr'><em>ἕκτου</em></span> <span class='ocrx_word' id='word_1_55' title='bbox 855 1022 1042 1090; x_wconf 73' lang='grc' dir='ltr'>λόγου</span> <span class='ocrx_word' id='word_1_56' title='bbox 1088 1022 1199 1090; x_wconf 79' lang='grc' dir='ltr'>τῆς</span> <span class='ocrx_word' id='word_1_57' title='bbox 1239 1022 1433 1092; x_wconf 82' lang='grc' dir='ltr'>αὐτῆς</span> <span class='ocrx_word' id='word_1_58' title='bbox 1483 1023 1906 1092; x_wconf 77' lang='grc' dir='ltr'><strong>πραγματείας.</strong></span> 
     </span>
    </p>
   </div>
   <div class='ocr_carea' id='block_1_13' title="bbox 396 1111 1909 1184">
    <p class='ocr_par' dir='ltr' id='par_1_13' title="bbox 396 1111 1909 1184">
     <span class='ocr_line' id='line_1_13' title="bbox 396 1111 1909 1184; baseline 0.003 -20"><span class='ocrx_word' id='word_1_59' title='bbox 396 1115 516 1177; x_wconf 59' lang='grc' dir='ltr'><strong>ιιΔο.</strong></span> <span class='ocrx_word' id='word_1_60' title='bbox 553 1112 742 1175; x_wconf 77' lang='grc' dir='ltr'>«Τίνος</span> <span class='ocrx_word' id='word_1_61' title='bbox 767 1113 900 1166; x_wconf 86' lang='grc' dir='ltr'>ἴδιον</span> <span class='ocrx_word' id='word_1_62' title='bbox 927 1111 1067 1167; x_wconf 77' lang='grc' dir='ltr'>εἷναί</span> <span class='ocrx_word' id='word_1_63' title='bbox 1093 1133 1274 1184; x_wconf 86' lang='grc' dir='ltr'>φαμεν</span> <span class='ocrx_word' id='word_1_64' title='bbox 1303 1116 1364 1169; x_wconf 76' lang='grc' dir='ltr'>τὸ</span> <span class='ocrx_word' id='word_1_65' title='bbox 1394 1117 1619 1184; x_wconf 83' lang='grc' dir='ltr'><strong>Πνεῦμα</strong></span> <span class='ocrx_word' id='word_1_66' title='bbox 1642 1117 1702 1169; x_wconf 82' lang='grc' dir='ltr'><strong>τὸ</strong></span> <span class='ocrx_word' id='word_1_67' title='bbox 1730 1116 1909 1184; x_wconf 80' lang='grc' dir='ltr'>ἆγιον,</span> 
     </span>
    </p>
   </div>
   <div class='ocr_carea' id='block_1_14' title="bbox 330 1200 1914 1277">
    <p class='ocr_par' dir='ltr' id='par_1_14' title="bbox 330 1200 1914 1277">
     <span class='ocr_line' id='line_1_14' title="bbox 330 1200 1914 1277; baseline 0.004 -27"><span class='ocrx_word' id='word_1_68' title='bbox 330 1218 350 1250; x_wconf 72' lang='grc' dir='ltr'><strong>ι</strong></span> <span class='ocrx_word' id='word_1_69' title='bbox 394 1200 632 1268; x_wconf 85' lang='grc' dir='ltr'>πότερον</span> <span class='ocrx_word' id='word_1_70' title='bbox 672 1201 736 1272; x_wconf 77' lang='grc' dir='ltr'>δὴ</span> <span class='ocrx_word' id='word_1_71' title='bbox 776 1204 940 1270; x_wconf 82' lang='grc' dir='ltr'>μόνου</span> <span class='ocrx_word' id='word_1_72' title='bbox 991 1203 1084 1256; x_wconf 87' lang='grc' dir='ltr'><strong>τοῦ</strong></span> <span class='ocrx_word' id='word_1_73' title='bbox 1137 1205 1275 1259; x_wconf 82' lang='grc' dir='ltr'>Θεοῦ</span> <span class='ocrx_word' id='word_1_74' title='bbox 1321 1206 1416 1258; x_wconf 76' lang='grc' dir='ltr'>καὶ</span> <span class='ocrx_word' id='word_1_75' title='bbox 1448 1206 1680 1276; x_wconf 85' lang='grc' dir='ltr'>Πατρὺς,</span> <span class='ocrx_word' id='word_1_76' title='bbox 1715 1206 1747 1277; x_wconf 85' lang='grc' dir='ltr'>ἢ</span> <span class='ocrx_word' id='word_1_77' title='bbox 1781 1206 1914 1274; x_wconf 89' lang='grc' dir='ltr'>γοῦν</span> 
     </span>
    </p>
   </div>
   <div class='ocr_carea' id='block_1_15' title="bbox 328 1291 1914 1369">
    <p class='ocr_par' dir='ltr' id='par_1_15' title="bbox 328 1291 1914 1369">
     <span class='ocr_line' id='line_1_15' title="bbox 328 1291 1914 1369; baseline 0.005 -27"><span class='ocrx_word' id='word_1_78' title='bbox 328 1309 348 1342; x_wconf 74' lang='grc' dir='ltr'><strong>ι</strong></span> <span class='ocrx_word' id='word_1_79' title='bbox 390 1291 490 1344; x_wconf 77' lang='grc' dir='ltr'>καὶ</span> <span class='ocrx_word' id='word_1_80' title='bbox 547 1291 642 1344; x_wconf 87' lang='grc' dir='ltr'><strong>τοῦ</strong></span> <span class='ocrx_word' id='word_1_81' title='bbox 699 1293 856 1357; x_wconf 89' lang='grc' dir='ltr'>Υίοῦ,</span> <span class='ocrx_word' id='word_1_82' title='bbox 904 1295 936 1364; x_wconf 83' lang='grc' dir='ltr'>ἢ</span> <span class='ocrx_word' id='word_1_83' title='bbox 987 1298 1081 1349; x_wconf 78' lang='grc' dir='ltr'>καὶ</span> <span class='ocrx_word' id='word_1_84' title='bbox 1138 1297 1240 1350; x_wconf 75' lang='grc' dir='ltr'><strong>ἀνὰ</strong></span> <span class='ocrx_word' id='word_1_85' title='bbox 1292 1297 1455 1366; x_wconf 81' lang='grc' dir='ltr'>μέρος</span> <span class='ocrx_word' id='word_1_86' title='bbox 1504 1299 1768 1369; x_wconf 78' lang='grc' dir='ltr'>ἐκατέρου</span> <span class='ocrx_word' id='word_1_87' title='bbox 1818 1297 1914 1350; x_wconf 77' lang='grc' dir='ltr'>καὶ</span> 
     </span>
    </p>
   </div>
   <div class='ocr_carea' id='block_1_16' title="bbox 327 1383 1913 1460">
    <p class='ocr_par' dir='ltr' id='par_1_16' title="bbox 327 1383 1913 1460">
     <span class='ocr_line' id='line_1_16' title="bbox 327 1383 1913 1460; baseline 0.007 -28"><span class='ocrx_word' id='word_1_88' title='bbox 327 1399 348 1433; x_wconf 74' lang='grc' dir='ltr'><strong>ι</strong></span> <span class='ocrx_word' id='word_1_89' title='bbox 391 1383 628 1452; x_wconf 81' lang='grc' dir='ltr'><strong>ἀμφοῖν,</strong></span> <span class='ocrx_word' id='word_1_90' title='bbox 657 1383 735 1445; x_wconf 76' lang='grc' dir='ltr'>ὡς</span> <span class='ocrx_word' id='word_1_91' title='bbox 761 1383 819 1436; x_wconf 81' lang='grc' dir='ltr'>ἓν</span> <span class='ocrx_word' id='word_1_92' title='bbox 858 1388 920 1438; x_wconf 81' lang='grc' dir='ltr'><strong>ὲκ</strong></span> <span class='ocrx_word' id='word_1_93' title='bbox 955 1388 1167 1458; x_wconf 83' lang='grc' dir='ltr'>Πατρδς</span> <span class='ocrx_word' id='word_1_94' title='bbox 1197 1389 1265 1441; x_wconf 86' lang='grc' dir='ltr'>δι’</span> <span class='ocrx_word' id='word_1_95' title='bbox 1301 1389 1430 1442; x_wconf 86' lang='grc' dir='ltr'>Υἰοῦ</span> <span class='ocrx_word' id='word_1_96' title='bbox 1467 1391 1555 1443; x_wconf 86' lang='grc' dir='ltr'>διὰ</span> <span class='ocrx_word' id='word_1_97' title='bbox 1585 1391 1683 1460; x_wconf 83' lang='grc' dir='ltr'>τὴν</span> <span class='ocrx_word' id='word_1_98' title='bbox 1716 1390 1913 1444; x_wconf 84' lang='grc' dir='ltr'>ταυτό-</span> 
     </span>
    </p>
   </div>
   <div class='ocr_carea' id='block_1_17' title="bbox 327 1476 1912 1552">
    <p class='ocr_par' dir='ltr' id='par_1_17' title="bbox 327 1476 1912 1552">
     <span class='ocr_line' id='line_1_17' title="bbox 327 1476 1912 1552; baseline 0.007 -27"><span class='ocrx_word' id='word_1_99' title='bbox 327 1491 348 1524; x_wconf 76' lang='grc' dir='ltr'><strong>ι</strong></span> <span class='ocrx_word' id='word_1_100' title='bbox 387 1491 540 1544; x_wconf 80' lang='grc' dir='ltr'>τητα</span> <span class='ocrx_word' id='word_1_101' title='bbox 569 1476 670 1546; x_wconf 85' lang='grc' dir='ltr'>τῆς</span> <span class='ocrx_word' id='word_1_102' title='bbox 699 1477 891 1541; x_wconf 84' lang='grc' dir='ltr'><strong>οὐσίας</strong></span> <span class='ocrx_word' id='word_1_103' title='bbox 916 1497 932 1546; x_wconf 88' lang='grc'>;</span> <span class='ocrx_word' id='word_1_104' title='bbox 977 1480 1270 1550; x_wconf 82' lang='grc' dir='ltr'>Ἑρμείας.</span> <span class='ocrx_word' id='word_1_105' title='bbox 1325 1482 1514 1546; x_wconf 78' lang='grc' dir='ltr'>Οὕτως</span> <span class='ocrx_word' id='word_1_106' title='bbox 1545 1483 1721 1552; x_wconf 79' lang='grc' dir='ltr'>ἔγωγε</span> <span class='ocrx_word' id='word_1_107' title='bbox 1751 1483 1912 1552; x_wconf 82' lang='grc' dir='ltr'>φημί.</span> 
     </span>
    </p>
   </div>
   <div class='ocr_carea' id='block_1_18' title="bbox 330 1567 1917 1645">
    <p class='ocr_par' dir='ltr' id='par_1_18' title="bbox 330 1567 1917 1645">
     <span class='ocr_line' id='line_1_18' title="bbox 330 1567 1917 1645; baseline 0.007 -27"><span class='ocrx_word' id='word_1_108' title='bbox 330 1583 350 1618; x_wconf 79' lang='grc' dir='ltr'><strong>ι</strong></span> <span class='ocrx_word' id='word_1_109' title='bbox 389 1567 719 1635; x_wconf 75' lang='grc' dir='ltr'>Κύριλλος.</span> <span class='ocrx_word' id='word_1_110' title='bbox 765 1569 996 1641; x_wconf 78' lang='grc' dir='ltr'>Ὀρθῶς,</span> <span class='ocrx_word' id='word_1_111' title='bbox 1039 1573 1084 1625; x_wconf 84' lang='grc' dir='ltr'>ὦ</span> <span class='ocrx_word' id='word_1_112' title='bbox 1127 1575 1312 1642; x_wconf 80' lang='grc' dir='ltr'><strong>ἑταῖρε</strong></span> <span class='ocrx_word' id='word_1_113' title='bbox 1342 1589 1358 1606; x_wconf 80' lang='grc' dir='ltr'>ο</span> <span class='ocrx_word' id='word_1_114' title='bbox 1395 1575 1488 1628; x_wconf 84' lang='grc' dir='ltr'>καί</span> <span class='ocrx_word' id='word_1_115' title='bbox 1539 1592 1596 1627; x_wconf 89' lang='grc' dir='ltr'><strong>σε</strong></span> <span class='ocrx_word' id='word_1_116' title='bbox 1626 1575 1728 1644; x_wconf 86' lang='grc' dir='ltr'><strong>τῆς</strong></span> <span class='ocrx_word' id='word_1_117' title='bbox 1757 1577 1917 1645; x_wconf 84' lang='grc' dir='ltr'>ἀγχι-</span> 
     </span>
    </p>
   </div>
   <div class='ocr_carea' id='block_1_19' title="bbox 331 1657 1918 1736">
    <p class='ocr_par' dir='ltr' id='par_1_19' title="bbox 331 1657 1918 1736">
     <span class='ocr_line' id='line_1_19' title="bbox 331 1657 1918 1736; baseline 0.007 -28"><span class='ocrx_word' id='word_1_118' title='bbox 331 1673 352 1707; x_wconf 77' lang='grc' dir='ltr'><strong>ι</strong></span> <span class='ocrx_word' id='word_1_119' title='bbox 387 1657 544 1719; x_wconf 87' lang='grc' dir='ltr'>νοίας</span> <span class='ocrx_word' id='word_1_120' title='bbox 573 1657 814 1730; x_wconf 77' lang='grc' dir='ltr'>ἄγαμαι,</span> <span class='ocrx_word' id='word_1_121' title='bbox 855 1665 948 1715; x_wconf 80' lang='grc' dir='ltr'>καὶ</span> <span class='ocrx_word' id='word_1_122' title='bbox 997 1667 1117 1727; x_wconf 85' lang='grc' dir='ltr'>ταῖς</span> <span class='ocrx_word' id='word_1_123' title='bbox 1167 1665 1548 1727; x_wconf 80' lang='grc' dir='ltr'>θεοπνεύστοις</span> <span class='ocrx_word' id='word_1_124' title='bbox 1584 1667 1829 1736; x_wconf 81' lang='grc' dir='ltr'>Γραφαϊς</span> <span class='ocrx_word' id='word_1_125' title='bbox 1858 1665 1918 1720; x_wconf 79' lang='grc' dir='ltr'><strong>εὖ</strong></span> 
     </span>
    </p>
   </div>
   <div class='ocr_carea' id='block_1_20' title="bbox 337 1747 1921 1830">
    <p class='ocr_par' dir='ltr' id='par_1_20' title="bbox 337 1747 1921 1830">
     <span class='ocr_line' id='line_1_20' title="bbox 337 1747 1921 1830; baseline 0.009 -33"><span class='ocrx_word' id='word_1_126' title='bbox 337 1763 358 1797; x_wconf 78' lang='grc' dir='ltr'><strong>ι</strong></span> <span class='ocrx_word' id='word_1_127' title='bbox 402 1747 545 1816; x_wconf 81' lang='grc' dir='ltr'>μάλα</span> <span class='ocrx_word' id='word_1_128' title='bbox 585 1751 995 1821; x_wconf 79' lang='grc' dir='ltr'>συμϐαίνουσαν</span> <span class='ocrx_word' id='word_1_129' title='bbox 1057 1755 1155 1825; x_wconf 85' lang='grc' dir='ltr'>τὴν</span> <span class='ocrx_word' id='word_1_130' title='bbox 1222 1757 1316 1810; x_wconf 79' lang='grc' dir='ltr'>ἐπὶ</span> <span class='ocrx_word' id='word_1_131' title='bbox 1377 1757 1514 1827; x_wconf 83' lang='grc' dir='ltr'>τῷδε</span> <span class='ocrx_word' id='word_1_132' title='bbox 1557 1758 1717 1824; x_wconf 81' lang='grc' dir='ltr'>δόξαν</span> <span class='ocrx_word' id='word_1_133' title='bbox 1771 1760 1921 1830; x_wconf 72' lang='grc' dir='ltr'>είρῆε-</span> 
     </span>
    </p>
   </div>
   <div class='ocr_carea' id='block_1_21' title="bbox 348 1842 1917 1923">
    <p class='ocr_par' dir='ltr' id='par_1_21' title="bbox 348 1842 1917 1923">
     <span class='ocr_line' id='line_1_21' title="bbox 348 1842 1917 1923; baseline 0.02 -31"><span class='ocrx_word' id='word_1_134' title='bbox 348 1859 370 1892; x_wconf 71' lang='grc' dir='ltr'><strong>ι</strong></span> <span class='ocrx_word' id='word_1_135' title='bbox 411 1842 527 1895; x_wconf 79' lang='grc' dir='ltr'>σθαί</span> <span class='ocrx_word' id='word_1_136' title='bbox 567 1861 734 1915; x_wconf 80' lang='grc' dir='ltr'>φημι.</span> <span class='ocrx_word' id='word_1_137' title='bbox 794 1849 1016 1904; x_wconf 80' lang='grc' dir='ltr'>Νοείται</span> <span class='ocrx_word' id='word_1_138' title='bbox 1069 1852 1168 1920; x_wconf 81' lang='grc' dir='ltr'>μὲν</span> <span class='ocrx_word' id='word_1_139' title='bbox 1205 1852 1314 1923; x_wconf 86' lang='grc' dir='ltr'><strong>γάρ</strong></span> <span class='ocrx_word' id='word_1_140' title='bbox 1353 1855 1381 1906; x_wconf 98' lang='lat'><strong>6</strong></span> <span class='ocrx_word' id='word_1_141' title='bbox 1411 1852 1545 1915; x_wconf 83' lang='grc' dir='ltr'>Θεὸς</span> <span class='ocrx_word' id='word_1_142' title='bbox 1587 1853 1683 1905; x_wconf 72' lang='grc' dir='ltr'><strong>καὶ</strong></span> <span class='ocrx_word' id='word_1_143' title='bbox 1725 1855 1917 1922; x_wconf 72' lang='grc' dir='ltr'>Πατὴρ</span> 
     </span>
    </p>
   </div>
   <div class='ocr_carea' id='block_1_22' title="bbox 349 1921 1990 2015">
    <p class='ocr_par' dir='ltr' id='par_1_22' title="bbox 349 1921 1990 2015">
     <span class='ocr_line' id='line_1_22' title="bbox 349 1921 1990 2015; baseline 0.009 -32"><span class='ocrx_word' id='word_1_144' title='bbox 349 1951 369 1984; x_wconf 74' lang='grc' dir='ltr'><strong>ε</strong></span> <span class='ocrx_word' id='word_1_145' title='bbox 403 1933 462 1984; x_wconf 81' lang='grc' dir='ltr'>ἐν</span> <span class='ocrx_word' id='word_1_146' title='bbox 495 1935 728 2006; x_wconf 79' lang='grc' dir='ltr'><strong>ὑπάρξει</strong></span> <span class='ocrx_word' id='word_1_147' title='bbox 764 1942 829 2011; x_wconf 82' lang='grc' dir='ltr'>τῇ</span> <span class='ocrx_word' id='word_1_148' title='bbox 871 1941 996 1996; x_wconf 86' lang='grc' dir='ltr'>καθ’</span> <span class='ocrx_word' id='word_1_149' title='bbox 1037 1944 1251 2006; x_wconf 76' lang='grc' dir='ltr'>ἑαυτὸν,</span> <span class='ocrx_word' id='word_1_150' title='bbox 1284 1921 1566 2015; x_wconf 69' lang='grc' dir='ltr'>ὑφέστηκε</span> <span class='ocrx_word' id='word_1_151' title='bbox 1604 1945 1661 1998; x_wconf 79' lang='grc' dir='ltr'>δὲ</span> <span class='ocrx_word' id='word_1_152' title='bbox 1704 1944 1770 1997; x_wconf 78' lang='grc' dir='ltr'><strong>αὖ</strong></span> <span class='ocrx_word' id='word_1_153' title='bbox 1820 1921 1916 1998; x_wconf 73' lang='grc' dir='ltr'>καὶ</span> <span class='ocrx_word' id='word_1_154' title='bbox 1947 1921 1990 1976; x_wconf 74' lang='grc' dir='ltr'><strong><em>Β</em></strong></span> 
     </span>
    </p>
   </div>
   <div class='ocr_carea' id='block_1_23' title="bbox 340 2022 1918 2091">
    <p class='ocr_par' dir='ltr' id='par_1_23' title="bbox 340 2022 1918 2091">
     <span class='ocr_line' id='line_1_23' title="bbox 340 2022 1918 2091; baseline 0.01 -18"><span class='ocrx_word' id='word_1_155' title='bbox 340 2040 363 2074; x_wconf 72' lang='grc' dir='ltr'><strong>ι</strong></span> <span class='ocrx_word' id='word_1_156' title='bbox 398 2022 428 2074; x_wconf 91' lang='lat'><strong>6</strong></span> <span class='ocrx_word' id='word_1_157' title='bbox 457 2024 583 2089; x_wconf 78' lang='grc' dir='ltr'>Υἱὸς</span> <span class='ocrx_word' id='word_1_158' title='bbox 614 2028 799 2091; x_wconf 84' lang='grc' dir='ltr'>ίδικῶς</span> <span class='ocrx_word' id='word_1_159' title='bbox 827 2047 842 2063; x_wconf 77' lang='grc' dir='ltr'><strong>ο</strong></span> <span class='ocrx_word' id='word_1_160' title='bbox 881 2032 996 2085; x_wconf 86' lang='grc' dir='ltr'>ἀλλ’</span> <span class='ocrx_word' id='word_1_161' title='bbox 1031 2034 1080 2086; x_wconf 85' lang='grc' dir='ltr'>εἰ</span> <span class='ocrx_word' id='word_1_162' title='bbox 1120 2035 1217 2087; x_wconf 81' lang='grc' dir='ltr'>καὶ</span> <span class='ocrx_word' id='word_1_163' title='bbox 1261 2036 1399 2088; x_wconf 88' lang='grc' dir='ltr'>ίδίαν</span> <span class='ocrx_word' id='word_1_164' title='bbox 1441 2036 1742 2088; x_wconf 83' lang='grc' dir='ltr'>ὑπόστασιν</span> <span class='ocrx_word' id='word_1_165' title='bbox 1785 2037 1918 2090; x_wconf 76' lang='grc' dir='ltr'><strong>ἐκά-</strong></span> 
     </span>
    </p>
   </div>
   <div class='ocr_carea' id='block_1_24' title="bbox 333 2119 1918 2198">
    <p class='ocr_par' dir='ltr' id='par_1_24' title="bbox 333 2119 1918 2198">
     <span class='ocr_line' id='line_1_24' title="bbox 333 2119 1918 2198; baseline 0.009 -30"><span class='ocrx_word' id='word_1_166' title='bbox 333 2135 354 2169; x_wconf 78' lang='grc'><strong><em>‹</em></strong></span> <span class='ocrx_word' id='word_1_167' title='bbox 393 2133 560 2186; x_wconf 81' lang='grc' dir='ltr'>τερος</span> <span class='ocrx_word' id='word_1_168' title='bbox 593 2119 924 2192; x_wconf 77' lang='grc' dir='ltr'>ἀπετέμετο,</span> <span class='ocrx_word' id='word_1_169' title='bbox 953 2126 1044 2178; x_wconf 80' lang='grc' dir='ltr'><strong>τὸν</strong></span> <span class='ocrx_word' id='word_1_170' title='bbox 1093 2126 1224 2195; x_wconf 87' lang='grc' dir='ltr'>γοῦν</span> <span class='ocrx_word' id='word_1_171' title='bbox 1265 2129 1505 2182; x_wconf 82' lang='grc' dir='ltr'>εἰσάπαν</span> <span class='ocrx_word' id='word_1_172' title='bbox 1545 2130 1826 2198; x_wconf 77' lang='grc' dir='ltr'>διορισμὸν</span> <span class='ocrx_word' id='word_1_173' title='bbox 1856 2131 1918 2183; x_wconf 86' lang='grc' dir='ltr'><strong>οὐ</strong></span> 
     </span>
    </p>
   </div>
   <div class='ocr_carea' id='block_1_25' title="bbox 330 2212 1918 2292">
    <p class='ocr_par' dir='ltr' id='par_1_25' title="bbox 330 2212 1918 2292">
     <span class='ocr_line' id='line_1_25' title="bbox 330 2212 1918 2292; baseline 0.016 -32"><span class='ocrx_word' id='word_1_174' title='bbox 330 2227 354 2260; x_wconf 70' lang='grc' dir='ltr'><strong>ι</strong></span> <span class='ocrx_word' id='word_1_175' title='bbox 397 2212 714 2279; x_wconf 85' lang='grc' dir='ltr'>προσίεται.</span> <span class='ocrx_word' id='word_1_176' title='bbox 747 2217 885 2268; x_wconf 78' lang='grc' dir='ltr'>Οὐδὲ</span> <span class='ocrx_word' id='word_1_177' title='bbox 907 2219 1015 2288; x_wconf 83' lang='grc' dir='ltr'><strong>γάρ</strong></span> <span class='ocrx_word' id='word_1_178' title='bbox 1045 2220 1112 2272; x_wconf 81' lang='grc' dir='ltr'><strong>ἂν</strong></span> <span class='ocrx_word' id='word_1_179' title='bbox 1141 2221 1434 2290; x_wconf 82' lang='grc' dir='ltr'>διορίζοιτο</span> <span class='ocrx_word' id='word_1_180' title='bbox 1463 2221 1680 2292; x_wconf 68' lang='grc' dir='ltr'>Πατρὶς</span> <span class='ocrx_word' id='word_1_181' title='bbox 1709 2223 1736 2272; x_wconf 86' lang='grc' dir='ltr'>ὁ</span> <span class='ocrx_word' id='word_1_182' title='bbox 1769 2222 1918 2288; x_wconf 70' lang='grc' dir='ltr'><strong>Υἱὸς,</strong></span> 
     </span>
    </p>
   </div>
   <div class='ocr_carea' id='block_1_26' title="bbox 336 2302 1920 2383">
    <p class='ocr_par' dir='ltr' id='par_1_26' title="bbox 336 2302 1920 2383">
     <span class='ocr_line' id='line_1_26' title="bbox 336 2302 1920 2383; baseline 0.009 -29"><span class='ocrx_word' id='word_1_183' title='bbox 336 2320 358 2354; x_wconf 70' lang='grc' dir='ltr'><strong>ς</strong></span> <span class='ocrx_word' id='word_1_184' title='bbox 397 2302 596 2375; x_wconf 84' lang='grc' dir='ltr'>ὥσπερ</span> <span class='ocrx_word' id='word_1_185' title='bbox 620 2307 851 2374; x_wconf 79' lang='grc' dir='ltr'>ἄγγελος</span> <span class='ocrx_word' id='word_1_186' title='bbox 875 2309 1130 2378; x_wconf 82' lang='grc' dir='ltr'>ἀγγέλου.</span> <span class='ocrx_word' id='word_1_187' title='bbox 1163 2312 1271 2365; x_wconf 76' lang='grc' dir='ltr'><strong>Καὶ</strong></span> <span class='ocrx_word' id='word_1_188' title='bbox 1299 2311 1405 2383; x_wconf 87' lang='grc' dir='ltr'><strong>μὴν</strong></span> <span class='ocrx_word' id='word_1_189' title='bbox 1428 2312 1522 2366; x_wconf 79' lang='grc' dir='ltr'><strong>καὶ</strong></span> <span class='ocrx_word' id='word_1_190' title='bbox 1557 2314 1616 2367; x_wconf 84' lang='grc' dir='ltr'>ὲν</span> <span class='ocrx_word' id='word_1_191' title='bbox 1650 2315 1762 2376; x_wconf 85' lang='grc' dir='ltr'>τοῖς</span> <span class='ocrx_word' id='word_1_192' title='bbox 1799 2315 1920 2368; x_wconf 84' lang='grc' dir='ltr'>καθ’</span> 
     </span>
    </p>
   </div>
   <div class='ocr_carea' id='block_1_27' title="bbox 333 2398 1921 2476">
    <p class='ocr_par' dir='ltr' id='par_1_27' title="bbox 333 2398 1921 2476">
     <span class='ocr_line' id='line_1_27' title="bbox 333 2398 1921 2476; baseline 0.007 -28"><span class='ocrx_word' id='word_1_193' title='bbox 333 2415 356 2448; x_wconf 70' lang='grc' dir='ltr'>ς</span> <span class='ocrx_word' id='word_1_194' title='bbox 394 2398 550 2467; x_wconf 77' lang='grc' dir='ltr'>ἡμᾶς</span> <span class='ocrx_word' id='word_1_195' title='bbox 577 2399 639 2452; x_wconf 71' lang='grc' dir='ltr'>τὸ</span> <span class='ocrx_word' id='word_1_196' title='bbox 663 2399 810 2453; x_wconf 80' lang='grc' dir='ltr'>δεῖνα</span> <span class='ocrx_word' id='word_1_197' title='bbox 842 2401 962 2464; x_wconf 85' lang='grc' dir='ltr'><strong>ὅλος</strong></span> <span class='ocrx_word' id='word_1_198' title='bbox 993 2402 1114 2455; x_wconf 83' lang='grc' dir='ltr'>ὅλου</span> <span class='ocrx_word' id='word_1_199' title='bbox 1145 2403 1422 2473; x_wconf 80' lang='grc' dir='ltr'>διαστήξει</span> <span class='ocrx_word' id='word_1_200' title='bbox 1445 2405 1632 2476; x_wconf 82' lang='grc' dir='ltr'>τυχὸν,</span> <span class='ocrx_word' id='word_1_201' title='bbox 1666 2404 1790 2458; x_wconf 82' lang='grc' dir='ltr'>οὔτε</span> <span class='ocrx_word' id='word_1_202' title='bbox 1815 2407 1921 2476; x_wconf 81' lang='grc' dir='ltr'><strong>μὴν</strong></span> 
     </span>
    </p>
   </div>
   <div class='ocr_carea' id='block_1_28' title="bbox 332 2487 1922 2567">
    <p class='ocr_par' dir='ltr' id='par_1_28' title="bbox 332 2487 1922 2567">
     <span class='ocr_line' id='line_1_28' title="bbox 332 2487 1922 2567; baseline 0.007 -28"><span class='ocrx_word' id='word_1_203' title='bbox 332 2503 358 2539; x_wconf 73' lang='grc' dir='ltr'>ι</span> <span class='ocrx_word' id='word_1_204' title='bbox 397 2487 650 2558; x_wconf 80' lang='grc' dir='ltr'>διαμπὰξ</span> <span class='ocrx_word' id='word_1_205' title='bbox 683 2491 866 2546; x_wconf 76' lang='grc' dir='ltr'>ἐλάσει</span> <span class='ocrx_word' id='word_1_206' title='bbox 896 2493 994 2564; x_wconf 85' lang='grc' dir='ltr'>τῆς</span> <span class='ocrx_word' id='word_1_207' title='bbox 1022 2493 1294 2563; x_wconf 78' lang='grc' dir='ltr'>διαφορᾶς</span> <span class='ocrx_word' id='word_1_208' title='bbox 1340 2497 1368 2548; x_wconf 92' lang='lat'><strong>6</strong></span> <span class='ocrx_word' id='word_1_209' title='bbox 1404 2495 1584 2564; x_wconf 84' lang='grc' dir='ltr'>λόγος.</span> <span class='ocrx_word' id='word_1_210' title='bbox 1611 2497 1716 2551; x_wconf 83' lang='grc' dir='ltr'><strong>ἀνὰ</strong></span> <span class='ocrx_word' id='word_1_211' title='bbox 1754 2497 1922 2567; x_wconf 81' lang='grc' dir='ltr'>μέρος</span> 
     </span>
    </p>
   </div>
   <div class='ocr_carea' id='block_1_29' title="bbox 335 2578 1924 2658">
    <p class='ocr_par' dir='ltr' id='par_1_29' title="bbox 335 2578 1924 2658">
     <span class='ocr_line' id='line_1_29' title="bbox 335 2578 1924 2658; baseline 0.009 -27"><span class='ocrx_word' id='word_1_212' title='bbox 335 2597 358 2631; x_wconf 72' lang='grc' dir='ltr'>ο</span> <span class='ocrx_word' id='word_1_213' title='bbox 397 2578 712 2651; x_wconf 83' lang='grc' dir='ltr'>όλοτρόπως</span> <span class='ocrx_word' id='word_1_214' title='bbox 739 2585 1005 2656; x_wconf 81' lang='grc' dir='ltr'>ἑκάτερον</span> <span class='ocrx_word' id='word_1_215' title='bbox 1031 2587 1205 2649; x_wconf 86' lang='grc' dir='ltr'>ἱστάς.</span> <span class='ocrx_word' id='word_1_216' title='bbox 1230 2584 1310 2640; x_wconf 87' lang='grc' dir='ltr'><strong>Ἦ</strong></span> <span class='ocrx_word' id='word_1_217' title='bbox 1339 2587 1450 2658; x_wconf 81' lang='grc' dir='ltr'><strong>γὰρ</strong></span> <span class='ocrx_word' id='word_1_218' title='bbox 1477 2589 1544 2642; x_wconf 84' lang='grc' dir='ltr'>ἂν</span> <span class='ocrx_word' id='word_1_219' title='bbox 1572 2585 1682 2642; x_wconf 77' lang='grc' dir='ltr'>εἷεν</span> <span class='ocrx_word' id='word_1_220' title='bbox 1714 2592 1806 2643; x_wconf 77' lang='grc' dir='ltr'><strong>καὶ</strong></span> <span class='ocrx_word' id='word_1_221' title='bbox 1829 2590 1924 2645; x_wconf 90' lang='grc' dir='ltr'><strong>δύο</strong></span> 
     </span>
    </p>
   </div>
   <div class='ocr_carea' id='block_1_30' title="bbox 330 2671 1924 2751">
    <p class='ocr_par' dir='ltr' id='par_1_30' title="bbox 330 2671 1924 2751">
     <span class='ocr_line' id='line_1_30' title="bbox 330 2671 1924 2751; baseline 0.008 -28"><span class='ocrx_word' id='word_1_222' title='bbox 330 2689 357 2723; x_wconf 68' lang='grc' dir='ltr'><strong>ε</strong></span> <span class='ocrx_word' id='word_1_223' title='bbox 397 2671 528 2725; x_wconf 87' lang='grc' dir='ltr'>Θεοί</span> <span class='ocrx_word' id='word_1_224' title='bbox 557 2688 572 2704; x_wconf 79' lang='grc' dir='ltr'>ο</span> <span class='ocrx_word' id='word_1_225' title='bbox 621 2676 754 2742; x_wconf 82' lang='grc' dir='ltr'>μιᾶς</span> <span class='ocrx_word' id='word_1_226' title='bbox 774 2674 831 2728; x_wconf 86' lang='grc' dir='ltr'>δὲ</span> <span class='ocrx_word' id='word_1_227' title='bbox 857 2677 952 2731; x_wconf 80' lang='grc' dir='ltr'><strong>καὶ</strong></span> <span class='ocrx_word' id='word_1_228' title='bbox 986 2679 1154 2748; x_wconf 86' lang='grc' dir='ltr'>μόνης</span> <span class='ocrx_word' id='word_1_229' title='bbox 1183 2677 1352 2748; x_wconf 80' lang='grc' dir='ltr'>οὔσης</span> <span class='ocrx_word' id='word_1_230' title='bbox 1381 2696 1441 2732; x_wconf 89' lang='grc' dir='ltr'><strong>τε</strong></span> <span class='ocrx_word' id='word_1_231' title='bbox 1485 2681 1580 2732; x_wconf 72' lang='grc' dir='ltr'><strong>καὶ</strong></span> <span class='ocrx_word' id='word_1_232' title='bbox 1623 2683 1924 2751; x_wconf 77' lang='grc' dir='ltr'><strong>νοουμένης</strong></span> 
     </span>
    </p>
   </div>
   <div class='ocr_carea' id='block_1_31' title="bbox 335 2762 1924 2843">
    <p class='ocr_par' dir='ltr' id='par_1_31' title="bbox 335 2762 1924 2843">
     <span class='ocr_line' id='line_1_31' title="bbox 335 2762 1924 2843; baseline 0.008 -28"><span class='ocrx_word' id='word_1_233' title='bbox 335 2782 359 2815; x_wconf 72' lang='grc' dir='ltr'><strong><em>ι</em></strong></span> <span class='ocrx_word' id='word_1_234' title='bbox 404 2762 688 2835; x_wconf 84' lang='grc' dir='ltr'>θεότητος,</span> <span class='ocrx_word' id='word_1_235' title='bbox 721 2765 902 2829; x_wconf 84' lang='grc' dir='ltr'>ζῶντα</span> <span class='ocrx_word' id='word_1_236' title='bbox 948 2770 1044 2821; x_wconf 79' lang='grc' dir='ltr'><strong>καὶ</strong></span> <span class='ocrx_word' id='word_1_237' title='bbox 1091 2771 1442 2841; x_wconf 85' lang='grc' dir='ltr'>ὑφεστηκότα</span> <span class='ocrx_word' id='word_1_238' title='bbox 1471 2771 1924 2843; x_wconf 78' lang='grc' dir='ltr'>καταθρήσαιμεν</span> 
     </span>
    </p>
   </div>
   <div class='ocr_carea' id='block_1_32' title="bbox 335 2856 1924 2934">
    <p class='ocr_par' dir='ltr' id='par_1_32' title="bbox 335 2856 1924 2934">
     <span class='ocr_line' id='line_1_32' title="bbox 335 2856 1924 2934; baseline 0.007 -25"><span class='ocrx_word' id='word_1_239' title='bbox 335 2873 363 2909; x_wconf 67' lang='grc' dir='ltr'><strong><em>ι</em></strong></span> <span class='ocrx_word' id='word_1_240' title='bbox 405 2856 474 2910; x_wconf 80' lang='grc' dir='ltr'><strong>ἂν</strong></span> <span class='ocrx_word' id='word_1_241' title='bbox 517 2858 578 2911; x_wconf 85' lang='grc' dir='ltr'>ὲν</span> <span class='ocrx_word' id='word_1_242' title='bbox 615 2861 794 2930; x_wconf 75' lang='grc' dir='ltr'>Πατρὶ</span> <span class='ocrx_word' id='word_1_243' title='bbox 829 2861 920 2913; x_wconf 83' lang='grc' dir='ltr'><strong>τὸν</strong></span> <span class='ocrx_word' id='word_1_244' title='bbox 951 2861 1102 2927; x_wconf 83' lang='grc' dir='ltr'>Υίὸν,</span> <span class='ocrx_word' id='word_1_245' title='bbox 1135 2863 1229 2915; x_wconf 75' lang='grc' dir='ltr'><strong>καὶ</strong></span> <span class='ocrx_word' id='word_1_246' title='bbox 1261 2863 1369 2933; x_wconf 81' lang='grc' dir='ltr'>μὴν</span> <span class='ocrx_word' id='word_1_247' title='bbox 1415 2865 1508 2918; x_wconf 72' lang='grc' dir='ltr'><strong>καὶ</strong></span> <span class='ocrx_word' id='word_1_248' title='bbox 1546 2865 1609 2916; x_wconf 80' lang='grc' dir='ltr'><strong>τὸ</strong></span> <span class='ocrx_word' id='word_1_249' title='bbox 1659 2865 1924 2934; x_wconf 78' lang='grc' dir='ltr'>ἔμπαλιν,</span> 
     </span>
    </p>
   </div>
   <div class='ocr_carea' id='block_1_33' title="bbox 338 2950 1924 3027">
    <p class='ocr_par' dir='ltr' id='par_1_33' title="bbox 338 2950 1924 3027">
     <span class='ocr_line' id='line_1_33' title="bbox 338 2950 1924 3027; baseline 0.007 -27"><span class='ocrx_word' id='word_1_250' title='bbox 338 2965 361 3000; x_wconf 76' lang='grc' dir='ltr'><strong>ι</strong></span> <span class='ocrx_word' id='word_1_251' title='bbox 405 2950 688 3004; x_wconf 79' lang='grc' dir='ltr'>τουτέστιν</span> <span class='ocrx_word' id='word_1_252' title='bbox 738 2952 796 3005; x_wconf 84' lang='grc' dir='ltr'>ὲν</span> <span class='ocrx_word' id='word_1_253' title='bbox 849 2951 964 3023; x_wconf 83' lang='grc' dir='ltr'>Υίῷ</span> <span class='ocrx_word' id='word_1_254' title='bbox 1009 2953 1100 3008; x_wconf 85' lang='grc' dir='ltr'>τὸν</span> <span class='ocrx_word' id='word_1_255' title='bbox 1159 2953 1380 3024; x_wconf 80' lang='grc' dir='ltr'>Πατέρα</span> <span class='ocrx_word' id='word_1_256' title='bbox 1413 2972 1428 2987; x_wconf 74' lang='grc' dir='ltr'>ο</span> <span class='ocrx_word' id='word_1_257' title='bbox 1481 2960 1770 3026; x_wconf 75' lang='grc' dir='ltr'>χαρακτὴρ</span> <span class='ocrx_word' id='word_1_258' title='bbox 1813 2958 1924 3027; x_wconf 87' lang='grc' dir='ltr'><strong>γάρ</strong></span> 
     </span>
    </p>
   </div>
   <div class='ocr_carea' id='block_1_34' title="bbox 341 3033 1926 3119">
    <p class='ocr_par' dir='ltr' id='par_1_34' title="bbox 341 3033 1926 3119">
     <span class='ocr_line' id='line_1_34' title="bbox 341 3033 1926 3119; baseline 0.008 -28"><span class='ocrx_word' id='word_1_259' title='bbox 341 3058 364 3091; x_wconf 72' lang='grc' dir='ltr'><strong>ι</strong></span> <span class='ocrx_word' id='word_1_260' title='bbox 407 3041 526 3094; x_wconf 77' lang='grc' dir='ltr'>ἐστι</span> <span class='ocrx_word' id='word_1_261' title='bbox 560 3043 664 3110; x_wconf 79' lang='grc' dir='ltr'><strong>τῆς</strong></span> <span class='ocrx_word' id='word_1_262' title='bbox 699 3043 1056 3108; x_wconf 82' lang='grc' dir='ltr'>ὑποστάσεως</span> <span class='ocrx_word' id='word_1_263' title='bbox 1085 3044 1276 3099; x_wconf 82' lang='grc' dir='ltr'>αὑτοῦ.</span> <span class='ocrx_word' id='word_1_264' title='bbox 1312 3045 1609 3115; x_wconf 82' lang='grc' dir='ltr'>Ἑρμείας.</span> <span class='ocrx_word' id='word_1_265' title='bbox 1635 3033 1926 3119; x_wconf 77' lang='grc' dir='ltr'>Σύμφημι.</span> 
     </span>
    </p>
   </div>
   <div class='ocr_carea' id='block_1_35' title="bbox 342 3133 1922 3211">
    <p class='ocr_par' dir='ltr' id='par_1_35' title="bbox 342 3133 1922 3211">
     <span class='ocr_line' id='line_1_35' title="bbox 342 3133 1922 3211; baseline 0.007 -28"><span class='ocrx_word' id='word_1_266' title='bbox 342 3151 364 3183; x_wconf 74' lang='grc' dir='ltr'><strong>σ</strong></span> <span class='ocrx_word' id='word_1_267' title='bbox 403 3133 726 3201; x_wconf 70' lang='grc' dir='ltr'>Κύριλλος.</span> <span class='ocrx_word' id='word_1_268' title='bbox 769 3137 919 3200; x_wconf 82' lang='grc' dir='ltr'>Μιᾶς</span> <span class='ocrx_word' id='word_1_269' title='bbox 947 3136 1041 3190; x_wconf 81' lang='grc' dir='ltr'>οὖν</span> <span class='ocrx_word' id='word_1_270' title='bbox 1066 3136 1284 3206; x_wconf 82' lang='grc' dir='ltr'>φύσεως</span> <span class='ocrx_word' id='word_1_271' title='bbox 1320 3139 1378 3190; x_wconf 82' lang='grc' dir='ltr'>ἓν</span> <span class='ocrx_word' id='word_1_272' title='bbox 1409 3141 1504 3194; x_wconf 67' lang='grc' dir='ltr'>καὶ</span> <span class='ocrx_word' id='word_1_273' title='bbox 1545 3142 1604 3192; x_wconf 85' lang='grc' dir='ltr'><strong>τὸ</strong></span> <span class='ocrx_word' id='word_1_274' title='bbox 1650 3141 1875 3211; x_wconf 85' lang='grc' dir='ltr'>Πνεῦμα</span> <span class='ocrx_word' id='word_1_275' title='bbox 1909 3158 1922 3171; x_wconf 90' lang='grc'><strong>·</strong></span> 
     </span>
    </p>
   </div>
   <div class='ocr_carea' id='block_1_36' title="bbox 2010 840 3584 914">
    <p class='ocr_par' dir='ltr' id='par_1_36' title="bbox 2010 840 3584 914">
     <span class='ocr_line' id='line_1_36' title="bbox 2010 840 3584 914; baseline 0.005 -22"><span class='ocrx_word' id='word_1_276' title='bbox 2010 855 2228 892; x_wconf 86' lang='lat' dir='ltr'><strong>munem</strong></span> <span class='ocrx_word' id='word_1_277' title='bbox 2259 854 2379 893; x_wconf 87' lang='lat' dir='ltr'><strong>esse</strong></span> <span class='ocrx_word' id='word_1_278' title='bbox 2411 840 2586 895; x_wconf 77' lang='lat' dir='ltr'><strong>Patris</strong></span> <span class='ocrx_word' id='word_1_279' title='bbox 2639 851 2691 895; x_wconf 86' lang='lat' dir='ltr'><strong>et</strong></span> <span class='ocrx_word' id='word_1_280' title='bbox 2731 841 2849 896; x_wconf 87' lang='lat' dir='ltr'><strong>Filii</strong></span> <span class='ocrx_word' id='word_1_281' title='bbox 2879 842 3166 914; x_wconf 86' lang='lat' dir='ltr'><strong>Spiritum,</strong></span> <span class='ocrx_word' id='word_1_282' title='bbox 3199 855 3454 900; x_wconf 88' lang='lat' dir='ltr'><strong>sanctum</strong></span> <span class='ocrx_word' id='word_1_283' title='bbox 3487 847 3584 900; x_wconf 89' lang='lat' dir='ltr'><strong>dc-</strong></span> 
     </span>
    </p>
   </div>
   <div class='ocr_carea' id='block_1_37' title="bbox 2013 931 2729 999">
    <p class='ocr_par' dir='ltr' id='par_1_37' title="bbox 2013 931 2729 999">
     <span class='ocr_line' id='line_1_37' title="bbox 2013 931 2729 999; baseline 0.007 -17"><span class='ocrx_word' id='word_1_284' title='bbox 2013 941 2321 985; x_wconf 89' lang='lat' dir='ltr'><strong>monstrare</strong></span> <span class='ocrx_word' id='word_1_285' title='bbox 2347 931 2571 999; x_wconf 90' lang='lat' dir='ltr'><strong>planum</strong></span> <span class='ocrx_word' id='word_1_286' title='bbox 2606 941 2729 987; x_wconf 76' lang='lat' dir='ltr'><strong>est.</strong></span> 
     </span>
    </p>
   </div>
   <div class='ocr_carea' id='block_1_38' title="bbox 2243 1018 3370 1091">
    <p class='ocr_par' dir='ltr' id='par_1_38' title="bbox 2243 1018 3370 1091">
     <span class='ocr_line' id='line_1_38' title="bbox 2243 1018 3370 1091; baseline 0.008 -19"><span class='ocrx_word' id='word_1_287' title='bbox 2243 1018 2329 1072; x_wconf 71' lang='lat' dir='ltr'><strong>Ex</strong></span> <span class='ocrx_word' id='word_1_288' title='bbox 2355 1030 2504 1076; x_wconf 78' lang='lat' dir='ltr'><strong>sexta</strong></span> <span class='ocrx_word' id='word_1_289' title='bbox 2527 1022 2760 1091; x_wconf 82' lang='lat' dir='ltr'><strong>ejusdem</strong></span> <span class='ocrx_word' id='word_1_290' title='bbox 2790 1023 3075 1080; x_wconf 82' lang='lat' dir='ltr'><strong>Tractatus</strong></span> <span class='ocrx_word' id='word_1_291' title='bbox 3104 1030 3370 1081; x_wconf 84' lang='lat' dir='ltr'><strong>oratione.</strong></span> 
     </span>
    </p>
   </div>
   <div class='ocr_carea' id='block_1_39' title="bbox 2084 1111 3585 1188">
    <p class='ocr_par' dir='ltr' id='par_1_39' title="bbox 2084 1111 3585 1188">
     <span class='ocr_line' id='line_1_39' title="bbox 2084 1111 3585 1188; baseline 0.005 -23"><span class='ocrx_word' id='word_1_292' title='bbox 2084 1111 2271 1168; x_wconf 85' lang='lat' dir='ltr'><strong>XCIV.</strong></span> <span class='ocrx_word' id='word_1_293' title='bbox 2309 1132 2328 1165; x_wconf 76' lang='grc' dir='ltr'><strong>ι</strong></span> <span class='ocrx_word' id='word_1_294' title='bbox 2367 1113 2537 1183; x_wconf 89' lang='lat' dir='ltr'><strong>Cujus</strong></span> <span class='ocrx_word' id='word_1_295' title='bbox 2588 1114 2867 1185; x_wconf 91' lang='lat' dir='ltr'><strong>proprium</strong></span> <span class='ocrx_word' id='word_1_296' title='bbox 2899 1118 3134 1174; x_wconf 90' lang='lat' dir='ltr'><strong>dicimus</strong></span> <span class='ocrx_word' id='word_1_297' title='bbox 3167 1136 3288 1175; x_wconf 87' lang='lat' dir='ltr'><strong>esse</strong></span> <span class='ocrx_word' id='word_1_298' title='bbox 3319 1119 3585 1188; x_wconf 86' lang='lat' dir='ltr'><strong>Spiritum</strong></span> 
     </span>
    </p>
   </div>
   <div class='ocr_carea' id='block_1_40' title="bbox 2019 1209 3589 1277">
    <p class='ocr_par' dir='ltr' id='par_1_40' title="bbox 2019 1209 3589 1277">
     <span class='ocr_line' id='line_1_40' title="bbox 2019 1209 3589 1277; baseline 0.006 -23"><span class='ocrx_word' id='word_1_299' title='bbox 2019 1221 2037 1254; x_wconf 72' lang='grc' dir='ltr'><strong>ε</strong></span> <span class='ocrx_word' id='word_1_300' title='bbox 2077 1213 2352 1269; x_wconf 89' lang='lat' dir='ltr'><strong>sanctum,</strong></span> <span class='ocrx_word' id='word_1_301' title='bbox 2417 1214 2713 1277; x_wconf 90' lang='lat' dir='ltr'><strong>utrumque</strong></span> <span class='ocrx_word' id='word_1_302' title='bbox 2768 1209 2942 1264; x_wconf 91' lang='lat' dir='ltr'><strong>solius</strong></span> <span class='ocrx_word' id='word_1_303' title='bbox 2994 1209 3088 1265; x_wconf 88' lang='lat' dir='ltr'><strong>Dei</strong></span> <span class='ocrx_word' id='word_1_304' title='bbox 3145 1220 3199 1264; x_wconf 91' lang='lat' dir='ltr'><strong>et</strong></span> <span class='ocrx_word' id='word_1_305' title='bbox 3248 1211 3448 1272; x_wconf 83' lang='lat' dir='ltr'><strong>Patris,</strong></span> <span class='ocrx_word' id='word_1_306' title='bbox 3507 1211 3589 1265; x_wconf 85' lang='lat' dir='ltr'><strong>vel</strong></span> 
     </span>
    </p>
   </div>
   <div class='ocr_carea' id='block_1_41' title="bbox 2022 1296 3590 1369">
    <p class='ocr_par' dir='ltr' id='par_1_41' title="bbox 2022 1296 3590 1369">
     <span class='ocr_line' id='line_1_41' title="bbox 2022 1296 3590 1369; baseline 0.004 -20"><span class='ocrx_word' id='word_1_307' title='bbox 2022 1314 2040 1348; x_wconf 80' lang='grc' dir='ltr'><strong>ι</strong></span> <span class='ocrx_word' id='word_1_308' title='bbox 2076 1297 2238 1351; x_wconf 87' lang='lat' dir='ltr'><strong>etiam</strong></span> <span class='ocrx_word' id='word_1_309' title='bbox 2272 1296 2422 1364; x_wconf 87' lang='lat' dir='ltr'><strong>Filii,</strong></span> <span class='ocrx_word' id='word_1_310' title='bbox 2471 1300 2555 1354; x_wconf 89' lang='lat' dir='ltr'><strong>vel</strong></span> <span class='ocrx_word' id='word_1_311' title='bbox 2607 1301 2843 1357; x_wconf 89' lang='lat' dir='ltr'><strong>seorsim</strong></span> <span class='ocrx_word' id='word_1_312' title='bbox 2890 1303 3139 1369; x_wconf 84' lang='lat' dir='ltr'><strong>alterius,</strong></span> <span class='ocrx_word' id='word_1_313' title='bbox 3175 1313 3229 1357; x_wconf 84' lang='lat' dir='ltr'><strong>et</strong></span> <span class='ocrx_word' id='word_1_314' title='bbox 3277 1308 3590 1367; x_wconf 87' lang='lat' dir='ltr'><strong>amborum,</strong></span> 
     </span>
    </p>
   </div>
   <div class='ocr_carea' id='block_1_42' title="bbox 2021 1391 3595 1464">
    <p class='ocr_par' dir='ltr' id='par_1_42' title="bbox 2021 1391 3595 1464">
     <span class='ocr_line' id='line_1_42' title="bbox 2021 1391 3595 1464; baseline 0.006 -23"><span class='ocrx_word' id='word_1_315' title='bbox 2021 1406 2040 1440; x_wconf 77' lang='grc' dir='ltr'><strong>ι</strong></span> <span class='ocrx_word' id='word_1_316' title='bbox 2079 1391 2236 1458; x_wconf 91' lang='lat' dir='ltr'><strong>quasi</strong></span> <span class='ocrx_word' id='word_1_317' title='bbox 2264 1407 2434 1446; x_wconf 86' lang='lat' dir='ltr'><strong>unum</strong></span> <span class='ocrx_word' id='word_1_318' title='bbox 2467 1408 2532 1447; x_wconf 78' lang='lat' dir='ltr'><strong>ex</strong></span> <span class='ocrx_word' id='word_1_319' title='bbox 2567 1392 2727 1447; x_wconf 85' lang='lat' dir='ltr'><strong>Patre</strong></span> <span class='ocrx_word' id='word_1_320' title='bbox 2770 1409 2864 1462; x_wconf 89' lang='lat' dir='ltr'><strong>per</strong></span> <span class='ocrx_word' id='word_1_321' title='bbox 2900 1393 3099 1449; x_wconf 88' lang='lat' dir='ltr'><strong>Filium</strong></span> <span class='ocrx_word' id='word_1_322' title='bbox 3132 1405 3356 1464; x_wconf 85' lang='lat' dir='ltr'><strong>propter</strong></span> <span class='ocrx_word' id='word_1_323' title='bbox 3391 1397 3595 1451; x_wconf 89' lang='lat' dir='ltr'><strong>identi-</strong></span> 
     </span>
    </p>
   </div>
   <div class='ocr_carea' id='block_1_43' title="bbox 2025 1480 3594 1555">
    <p class='ocr_par' dir='ltr' id='par_1_43' title="bbox 2025 1480 3594 1555">
     <span class='ocr_line' id='line_1_43' title="bbox 2025 1480 3594 1555; baseline 0.008 -27"><span class='ocrx_word' id='word_1_324' title='bbox 2025 1495 2042 1528; x_wconf 81' lang='grc' dir='ltr'><strong>ι</strong></span> <span class='ocrx_word' id='word_1_325' title='bbox 2078 1486 2242 1532; x_wconf 78' lang='lat' dir='ltr'><strong>tatem</strong></span> <span class='ocrx_word' id='word_1_326' title='bbox 2278 1480 2644 1536; x_wconf 74' lang='lat' dir='ltr'><strong>substantiae?</strong></span> <span class='ocrx_word' id='word_1_327' title='bbox 2684 1481 2873 1537; x_wconf 84' lang='lat' dir='ltr'><strong>Herm.</strong></span> <span class='ocrx_word' id='word_1_328' title='bbox 2925 1484 3017 1538; x_wconf 89' lang='lat' dir='ltr'><strong>Sic</strong></span> <span class='ocrx_word' id='word_1_329' title='bbox 3065 1499 3166 1553; x_wconf 78' lang='lat' dir='ltr'><strong>ego</strong></span> <span class='ocrx_word' id='word_1_330' title='bbox 3215 1485 3359 1539; x_wconf 89' lang='lat' dir='ltr'><strong>dico.</strong></span> <span class='ocrx_word' id='word_1_331' title='bbox 3423 1485 3594 1555; x_wconf 80' lang='lat' dir='ltr'><strong>Cyrit.</strong></span> 
     </span>
    </p>
   </div>
   <div class='ocr_carea' id='block_1_44' title="bbox 2023 1567 3597 1646">
    <p class='ocr_par' dir='ltr' id='par_1_44' title="bbox 2023 1567 3597 1646">
     <span class='ocr_line' id='line_1_44' title="bbox 2023 1567 3597 1646; baseline 0.007 -27"><span class='ocrx_word' id='word_1_332' title='bbox 2023 1586 2042 1619; x_wconf 79' lang='grc' dir='ltr'><strong>ι</strong></span> <span class='ocrx_word' id='word_1_333' title='bbox 2082 1567 2250 1625; x_wconf 82' lang='lat' dir='ltr'><strong>Recte</strong></span> <span class='ocrx_word' id='word_1_334' title='bbox 2286 1572 2492 1641; x_wconf 86' lang='lat' dir='ltr'><strong>inquis,</strong></span> <span class='ocrx_word' id='word_1_335' title='bbox 2526 1573 2724 1640; x_wconf 85' lang='lat' dir='ltr'><strong>amice,</strong></span> <span class='ocrx_word' id='word_1_336' title='bbox 2755 1585 2809 1630; x_wconf 90' lang='lat' dir='ltr'><strong>et</strong></span> <span class='ocrx_word' id='word_1_337' title='bbox 2861 1575 2931 1630; x_wconf 91' lang='lat' dir='ltr'><strong>ob</strong></span> <span class='ocrx_word' id='word_1_338' title='bbox 2974 1577 3252 1646; x_wconf 81' lang='lat' dir='ltr'><strong>ingenium</strong></span> <span class='ocrx_word' id='word_1_339' title='bbox 3311 1575 3367 1629; x_wconf 92' lang='lat' dir='ltr'><strong>in</strong></span> <span class='ocrx_word' id='word_1_340' title='bbox 3420 1579 3597 1631; x_wconf 84' lang='lat' dir='ltr'><strong>sacris</strong></span> 
     </span>
    </p>
   </div>
   <div class='ocr_carea' id='block_1_45' title="bbox 2023 1660 3597 1734">
    <p class='ocr_par' dir='ltr' id='par_1_45' title="bbox 2023 1660 3597 1734">
     <span class='ocr_line' id='line_1_45' title="bbox 2023 1660 3597 1734; baseline 0.006 -22"><span class='ocrx_word' id='word_1_341' title='bbox 2023 1679 2042 1712; x_wconf 75' lang='grc' dir='ltr'><strong>ι</strong></span> <span class='ocrx_word' id='word_1_342' title='bbox 2084 1660 2384 1732; x_wconf 90' lang='lat' dir='ltr'><strong>Scripturis</strong></span> <span class='ocrx_word' id='word_1_343' title='bbox 2418 1664 2777 1720; x_wconf 79' lang='lat' dir='ltr'><strong>exercitatum</strong></span> <span class='ocrx_word' id='word_1_344' title='bbox 2807 1667 3054 1720; x_wconf 89' lang='lat' dir='ltr'><strong>admiror</strong></span> <span class='ocrx_word' id='word_1_345' title='bbox 3077 1706 3093 1731; x_wconf 91' lang='lat'><strong>,</strong></span> <span class='ocrx_word' id='word_1_346' title='bbox 3135 1666 3281 1734; x_wconf 89' lang='lat' dir='ltr'><strong>quod</strong></span> <span class='ocrx_word' id='word_1_347' title='bbox 3326 1667 3470 1721; x_wconf 89' lang='lat' dir='ltr'><strong>hanc</strong></span> <span class='ocrx_word' id='word_1_348' title='bbox 3501 1667 3597 1720; x_wconf 90' lang='lat' dir='ltr'><strong>de-</strong></span> 
     </span>
    </p>
   </div>
   <div class='ocr_carea' id='block_1_46' title="bbox 2024 1753 3604 1827">
    <p class='ocr_par' dir='ltr' id='par_1_46' title="bbox 2024 1753 3604 1827">
     <span class='ocr_line' id='line_1_46' title="bbox 2024 1753 3604 1827; baseline 0.006 -23"><span class='ocrx_word' id='word_1_349' title='bbox 2024 1770 2043 1804; x_wconf 76' lang='grc' dir='ltr'><strong>ι</strong></span> <span class='ocrx_word' id='word_1_350' title='bbox 2079 1753 2278 1822; x_wconf 83' lang='lat' dir='ltr'><strong>legeris</strong></span> <span class='ocrx_word' id='word_1_351' title='bbox 2302 1755 2654 1810; x_wconf 85' lang='lat' dir='ltr'><strong>sententiam.</strong></span> <span class='ocrx_word' id='word_1_352' title='bbox 2689 1755 2825 1812; x_wconf 88' lang='lat' dir='ltr'><strong>Nam</strong></span> <span class='ocrx_word' id='word_1_353' title='bbox 2857 1758 3182 1827; x_wconf 83' lang='lat' dir='ltr'><strong>intelligitur</strong></span> <span class='ocrx_word' id='word_1_354' title='bbox 3205 1758 3427 1824; x_wconf 83' lang='lat' dir='ltr'><strong>quidem</strong></span> <span class='ocrx_word' id='word_1_355' title='bbox 3455 1757 3604 1813; x_wconf 79' lang='lat' dir='ltr'><strong>Deus</strong></span> 
     </span>
    </p>
   </div>
   <div class='ocr_carea' id='block_1_47' title="bbox 2027 1835 3599 1918">
    <p class='ocr_par' dir='ltr' id='par_1_47' title="bbox 2027 1835 3599 1918">
     <span class='ocr_line' id='line_1_47' title="bbox 2027 1835 3599 1918; baseline 0.004 -22"><span class='ocrx_word' id='word_1_356' title='bbox 2027 1862 2046 1895; x_wconf 77' lang='grc' dir='ltr'><strong>ι</strong></span> <span class='ocrx_word' id='word_1_357' title='bbox 2083 1855 2136 1898; x_wconf 89' lang='lat' dir='ltr'><strong>et</strong></span> <span class='ocrx_word' id='word_1_358' title='bbox 2164 1843 2325 1900; x_wconf 90' lang='lat' dir='ltr'><strong>Pater</strong></span> <span class='ocrx_word' id='word_1_359' title='bbox 2351 1846 2406 1900; x_wconf 90' lang='lat' dir='ltr'><strong>in</strong></span> <span class='ocrx_word' id='word_1_360' title='bbox 2435 1849 2769 1913; x_wconf 70' lang='lat' dir='ltr'><strong>:exsistentia</strong></span> <span class='ocrx_word' id='word_1_361' title='bbox 2813 1865 2908 1918; x_wconf 90' lang='lat' dir='ltr'><strong>per</strong></span> <span class='ocrx_word' id='word_1_362' title='bbox 2939 1865 3019 1916; x_wconf 90' lang='lat' dir='ltr'><strong>se,</strong></span> <span class='ocrx_word' id='word_1_363' title='bbox 3053 1835 3301 1905; x_wconf 84' lang='lat' dir='ltr'><strong>substitit</strong></span> <span class='ocrx_word' id='word_1_364' title='bbox 3333 1858 3515 1904; x_wconf 87' lang='lat' dir='ltr'><strong>autem</strong></span> <span class='ocrx_word' id='word_1_365' title='bbox 3542 1859 3599 1905; x_wconf 88' lang='lat' dir='ltr'><strong>et</strong></span> 
     </span>
    </p>
   </div>
   <div class='ocr_carea' id='block_1_48' title="bbox 2029 1935 3600 2012">
    <p class='ocr_par' dir='ltr' id='par_1_48' title="bbox 2029 1935 3600 2012">
     <span class='ocr_line' id='line_1_48' title="bbox 2029 1935 3600 2012; baseline 0.004 -24"><span class='ocrx_word' id='word_1_366' title='bbox 2029 1955 2047 1988; x_wconf 80' lang='grc' dir='ltr'><strong>ι</strong></span> <span class='ocrx_word' id='word_1_367' title='bbox 2083 1935 2255 1991; x_wconf 88' lang='lat' dir='ltr'><strong>Filius</strong></span> <span class='ocrx_word' id='word_1_368' title='bbox 2314 1941 2576 2008; x_wconf 87' lang='lat' dir='ltr'><strong>proprie,</strong></span> <span class='ocrx_word' id='word_1_369' title='bbox 2632 1942 2883 2010; x_wconf 84' lang='lat' dir='ltr'><strong>quamvis</strong></span> <span class='ocrx_word' id='word_1_370' title='bbox 2940 1943 3177 2012; x_wconf 87' lang='lat' dir='ltr'><strong>propriis</strong></span> <span class='ocrx_word' id='word_1_371' title='bbox 3225 1942 3600 1997; x_wconf 81' lang='lat' dir='ltr'><strong>subsistentiis</strong></span> 
     </span>
    </p>
   </div>
   <div class='ocr_carea' id='block_1_49' title="bbox 2027 2031 3602 2103">
    <p class='ocr_par' dir='ltr' id='par_1_49' title="bbox 2027 2031 3602 2103">
     <span class='ocr_line' id='line_1_49' title="bbox 2027 2031 3602 2103; baseline 0.004 -23"><span class='ocrx_word' id='word_1_372' title='bbox 2027 2045 2045 2079; x_wconf 73' lang='grc' dir='ltr'><strong>ε</strong></span> <span class='ocrx_word' id='word_1_373' title='bbox 2086 2037 2319 2099; x_wconf 85' lang='lat' dir='ltr'><strong>uterque</strong></span> <span class='ocrx_word' id='word_1_374' title='bbox 2351 2031 2694 2100; x_wconf 76' lang='lat' dir='ltr'><strong>sejungatur.</strong></span> <span class='ocrx_word' id='word_1_375' title='bbox 2727 2031 2883 2088; x_wconf 87' lang='lat' dir='ltr'><strong>Unde</strong></span> <span class='ocrx_word' id='word_1_376' title='bbox 2942 2049 3050 2087; x_wconf 92' lang='lat' dir='ltr'><strong>non</strong></span> <span class='ocrx_word' id='word_1_377' title='bbox 3105 2050 3323 2088; x_wconf 84' lang='lat' dir='ltr'><strong>onmem</strong></span> <span class='ocrx_word' id='word_1_378' title='bbox 3377 2049 3602 2103; x_wconf 81' lang='lat' dir='ltr'><strong>separa-</strong></span> 
     </span>
    </p>
   </div>
   <div class='ocr_carea' id='block_1_50' title="bbox 2029 2122 3598 2182">
    <p class='ocr_par' dir='ltr' id='par_1_50' title="bbox 2029 2122 3598 2182">
     <span class='ocr_line' id='line_1_50' title="bbox 2029 2122 3598 2182; baseline 0.005 -9"><span class='ocrx_word' id='word_1_379' title='bbox 2029 2139 2048 2173; x_wconf 83' lang='lat'><strong>(</strong></span> <span class='ocrx_word' id='word_1_380' title='bbox 2087 2122 2293 2178; x_wconf 90' lang='lat' dir='ltr'><strong>tionem</strong></span> <span class='ocrx_word' id='word_1_381' title='bbox 2346 2124 2606 2180; x_wconf 86' lang='lat' dir='ltr'><strong>admittit.</strong></span> <span class='ocrx_word' id='word_1_382' title='bbox 2665 2123 2786 2180; x_wconf 79' lang='lat' dir='ltr'><strong>Non</strong></span> <span class='ocrx_word' id='word_1_383' title='bbox 2833 2127 2979 2181; x_wconf 86' lang='lat' dir='ltr'><strong>enim</strong></span> <span class='ocrx_word' id='word_1_384' title='bbox 3017 2127 3326 2181; x_wconf 85' lang='lat' dir='ltr'><strong>secernitur</strong></span> <span class='ocrx_word' id='word_1_385' title='bbox 3373 2127 3538 2182; x_wconf 86' lang='lat' dir='ltr'><strong>Pater</strong></span> <span class='ocrx_word' id='word_1_386' title='bbox 3566 2141 3598 2181; x_wconf 81' lang='lat' dir='ltr'><strong>a</strong></span> 
     </span>
    </p>
   </div>
   <div class='ocr_carea' id='block_1_51' title="bbox 2029 2216 3598 2291">
    <p class='ocr_par' dir='ltr' id='par_1_51' title="bbox 2029 2216 3598 2291">
     <span class='ocr_line' id='line_1_51' title="bbox 2029 2216 3598 2291; baseline 0.003 -23"><span class='ocrx_word' id='word_1_387' title='bbox 2029 2233 2047 2268; x_wconf 79' lang='grc' dir='ltr'><strong>ι</strong></span> <span class='ocrx_word' id='word_1_388' title='bbox 2085 2216 2221 2271; x_wconf 91' lang='lat' dir='ltr'><strong>Filio</strong></span> <span class='ocrx_word' id='word_1_389' title='bbox 2275 2217 2440 2274; x_wconf 89' lang='lat' dir='ltr'><strong>sicuti</strong></span> <span class='ocrx_word' id='word_1_390' title='bbox 2488 2220 2715 2290; x_wconf 77' lang='lat' dir='ltr'><strong>angelus</strong></span> <span class='ocrx_word' id='word_1_391' title='bbox 2761 2220 2830 2275; x_wconf 87' lang='lat' dir='ltr'><strong>ab</strong></span> <span class='ocrx_word' id='word_1_392' title='bbox 2882 2222 3314 2291; x_wconf 85' lang='lat' dir='ltr'><strong>angelo,.&#39;neqne</strong></span> <span class='ocrx_word' id='word_1_393' title='bbox 3366 2221 3512 2276; x_wconf 88' lang='lat' dir='ltr'><strong>sicut</strong></span> <span class='ocrx_word' id='word_1_394' title='bbox 3542 2221 3598 2274; x_wconf 89' lang='lat' dir='ltr'><strong>iu</strong></span> 
     </span>
    </p>
   </div>
   <div class='ocr_carea' id='block_1_52' title="bbox 2028 2305 3604 2378">
    <p class='ocr_par' dir='ltr' id='par_1_52' title="bbox 2028 2305 3604 2378">
     <span class='ocr_line' id='line_1_52' title="bbox 2028 2305 3604 2378; baseline 0.006 -23"><span class='ocrx_word' id='word_1_395' title='bbox 2028 2321 2047 2355; x_wconf 75' lang='grc' dir='ltr'><strong>ι</strong></span> <span class='ocrx_word' id='word_1_396' title='bbox 2084 2305 2246 2360; x_wconf 87' lang='lat' dir='ltr'><strong>nobis</strong></span> <span class='ocrx_word' id='word_1_397' title='bbox 2274 2321 2396 2360; x_wconf 91' lang='lat' dir='ltr'><strong>cum</strong></span> <span class='ocrx_word' id='word_1_398' title='bbox 2433 2307 2633 2377; x_wconf 80' lang='lat' dir='ltr'><strong>aliquis</strong></span> <span class='ocrx_word' id='word_1_399' title='bbox 2665 2309 2734 2364; x_wconf 90' lang='lat' dir='ltr'><strong>ab</strong></span> <span class='ocrx_word' id='word_1_400' title='bbox 2767 2309 2975 2378; x_wconf 90' lang='lat' dir='ltr'><strong>aliquo,</strong></span> <span class='ocrx_word' id='word_1_401' title='bbox 3008 2319 3158 2366; x_wconf 86' lang='lat' dir='ltr'><strong>totus</strong></span> <span class='ocrx_word' id='word_1_402' title='bbox 3191 2326 3222 2364; x_wconf 85' lang='lat' dir='ltr'><strong>a</strong></span> <span class='ocrx_word' id='word_1_403' title='bbox 3260 2319 3376 2364; x_wconf 92' lang='lat' dir='ltr'><strong>toto</strong></span> <span class='ocrx_word' id='word_1_404' title='bbox 3407 2310 3604 2364; x_wconf 88' lang='lat' dir='ltr'><strong>distin-</strong></span> 
     </span>
    </p>
   </div>
   <div class='ocr_carea' id='block_1_53' title="bbox 2028 2399 3600 2472">
    <p class='ocr_par' dir='ltr' id='par_1_53' title="bbox 2028 2399 3600 2472">
     <span class='ocr_line' id='line_1_53' title="bbox 2028 2399 3600 2472; baseline 0.004 -24"><span class='ocrx_word' id='word_1_405' title='bbox 2028 2413 2050 2448; x_wconf 73' lang='grc' dir='ltr'><strong>ι</strong></span> <span class='ocrx_word' id='word_1_406' title='bbox 2086 2406 2208 2453; x_wconf 91' lang='lat' dir='ltr'><strong>ctus</strong></span> <span class='ocrx_word' id='word_1_407' title='bbox 2237 2408 2341 2454; x_wconf 87' lang='lat' dir='ltr'><strong>est.</strong></span> <span class='ocrx_word' id='word_1_408' title='bbox 2377 2399 2564 2469; x_wconf 83' lang='lat' dir='ltr'><strong>Neque</strong></span> <span class='ocrx_word' id='word_1_409' title='bbox 2585 2402 2750 2456; x_wconf 87' lang='lat' dir='ltr'><strong>etiam</strong></span> <span class='ocrx_word' id='word_1_410' title='bbox 2795 2403 3053 2472; x_wconf 88' lang='lat' dir='ltr'><strong>utrinque</strong></span> <span class='ocrx_word' id='word_1_411' title='bbox 3085 2401 3406 2458; x_wconf 66' lang='lat' dir='ltr'><strong>differentiae</strong></span> <span class='ocrx_word' id='word_1_412' title='bbox 3431 2418 3600 2456; x_wconf 88' lang='lat' dir='ltr'><strong>unum</strong></span> 
     </span>
    </p>
   </div>
   <div class='ocr_carea' id='block_1_54' title="bbox 2027 2489 3597 2566">
    <p class='ocr_par' dir='ltr' id='par_1_54' title="bbox 2027 2489 3597 2566">
     <span class='ocr_line' id='line_1_54' title="bbox 2027 2489 3597 2566; baseline 0.004 -26"><span class='ocrx_word' id='word_1_413' title='bbox 2027 2505 2048 2541; x_wconf 77' lang='grc' dir='ltr'><strong>ι</strong></span> <span class='ocrx_word' id='word_1_414' title='bbox 2087 2489 2230 2545; x_wconf 88' lang='lat' dir='ltr'><strong>ratio</strong></span> <span class='ocrx_word' id='word_1_415' title='bbox 2254 2505 2506 2547; x_wconf 88' lang='lat' dir='ltr'><strong>seorsum</strong></span> <span class='ocrx_word' id='word_1_416' title='bbox 2534 2493 2793 2549; x_wconf 88' lang='lat' dir='ltr'><strong>omnibus</strong></span> <span class='ocrx_word' id='word_1_417' title='bbox 2827 2495 3008 2550; x_wconf 91' lang='lat' dir='ltr'><strong>modis</strong></span> <span class='ocrx_word' id='word_1_418' title='bbox 3044 2503 3267 2566; x_wconf 77' lang='lat' dir='ltr'><strong>utrique</strong></span> <span class='ocrx_word' id='word_1_419' title='bbox 3289 2495 3597 2550; x_wconf 87' lang='lat' dir='ltr'><strong>constituit.</strong></span> 
     </span>
    </p>
   </div>
   <div class='ocr_carea' id='block_1_55' title="bbox 2029 2581 3601 2643">
    <p class='ocr_par' dir='ltr' id='par_1_55' title="bbox 2029 2581 3601 2643">
     <span class='ocr_line' id='line_1_55' title="bbox 2029 2581 3601 2643; baseline 0.005 -11"><span class='ocrx_word' id='word_1_420' title='bbox 2029 2581 2282 2638; x_wconf 66' lang='lat' dir='ltr'><strong>«Nonne</strong></span> <span class='ocrx_word' id='word_1_421' title='bbox 2331 2594 2520 2639; x_wconf 88' lang='lat' dir='ltr'><strong>essent</strong></span> <span class='ocrx_word' id='word_1_422' title='bbox 2561 2588 2726 2641; x_wconf 88' lang='lat' dir='ltr'><strong>etiam</strong></span> <span class='ocrx_word' id='word_1_423' title='bbox 2776 2587 2886 2642; x_wconf 93' lang='lat' dir='ltr'><strong>duo</strong></span> <span class='ocrx_word' id='word_1_424' title='bbox 2934 2588 3011 2642; x_wconf 90' lang='lat' dir='ltr'><strong>dii</strong></span> <span class='ocrx_word' id='word_1_425' title='bbox 3059 2603 3182 2643; x_wconf 90' lang='lat' dir='ltr'><strong>cum</strong></span> <span class='ocrx_word' id='word_1_426' title='bbox 3225 2603 3332 2642; x_wconf 91' lang='lat' dir='ltr'><strong>una</strong></span> <span class='ocrx_word' id='word_1_427' title='bbox 3382 2598 3436 2641; x_wconf 90' lang='lat' dir='ltr'><strong>et</strong></span> <span class='ocrx_word' id='word_1_428' title='bbox 3487 2587 3601 2640; x_wconf 83' lang='lat' dir='ltr'><strong>sola</strong></span> 
     </span>
    </p>
   </div>
   <div class='ocr_carea' id='block_1_56' title="bbox 2031 2674 3599 2746">
    <p class='ocr_par' dir='ltr' id='par_1_56' title="bbox 2031 2674 3599 2746">
     <span class='ocr_line' id='line_1_56' title="bbox 2031 2674 3599 2746; baseline 0.005 -23"><span class='ocrx_word' id='word_1_429' title='bbox 2031 2689 2049 2722; x_wconf 79' lang='grc' dir='ltr'><strong>ι</strong></span> <span class='ocrx_word' id='word_1_430' title='bbox 2086 2674 2318 2728; x_wconf 76' lang='lat' dir='ltr'><strong>exsistat</strong></span> <span class='ocrx_word' id='word_1_431' title='bbox 2346 2684 2400 2730; x_wconf 89' lang='lat' dir='ltr'><strong>et</strong></span> <span class='ocrx_word' id='word_1_432' title='bbox 2447 2676 2782 2746; x_wconf 79' lang='lat' dir='ltr'><strong>intelligatur</strong></span> <span class='ocrx_word' id='word_1_433' title='bbox 2813 2678 3022 2742; x_wconf 88' lang='lat' dir='ltr'><strong>Deitas,</strong></span> <span class='ocrx_word' id='word_1_434' title='bbox 3061 2679 3333 2733; x_wconf 90' lang='lat' dir='ltr'><strong>viventem</strong></span> <span class='ocrx_word' id='word_1_435' title='bbox 3372 2687 3428 2732; x_wconf 89' lang='lat' dir='ltr'><strong>et</strong></span> <span class='ocrx_word' id='word_1_436' title='bbox 3465 2678 3599 2731; x_wconf 87' lang='lat' dir='ltr'><strong>sub-</strong></span> 
     </span>
    </p>
   </div>
   <div class='ocr_carea' id='block_1_57' title="bbox 2030 2764 3603 2830">
    <p class='ocr_par' dir='ltr' id='par_1_57' title="bbox 2030 2764 3603 2830">
     <span class='ocr_line' id='line_1_57' title="bbox 2030 2764 3603 2830; baseline 0 -14"><span class='ocrx_word' id='word_1_437' title='bbox 2030 2780 2051 2816; x_wconf 76' lang='grc' dir='ltr'><strong>ι</strong></span> <span class='ocrx_word' id='word_1_438' title='bbox 2083 2764 2363 2818; x_wconf 88' lang='lat' dir='ltr'><strong>sistentem</strong></span> <span class='ocrx_word' id='word_1_439' title='bbox 2399 2764 2710 2821; x_wconf 83' lang='lat' dir='ltr'><strong>videremus</strong></span> <span class='ocrx_word' id='word_1_440' title='bbox 2741 2767 2794 2820; x_wconf 94' lang='lat' dir='ltr'><strong>in</strong></span> <span class='ocrx_word' id='word_1_441' title='bbox 2839 2765 3007 2821; x_wconf 87' lang='lat' dir='ltr'><strong>Patre</strong></span> <span class='ocrx_word' id='word_1_442' title='bbox 3042 2765 3238 2820; x_wconf 88' lang='lat' dir='ltr'><strong>Filium</strong></span> <span class='ocrx_word' id='word_1_443' title='bbox 3268 2805 3284 2830; x_wconf 96' lang='lat'><strong>,</strong></span> <span class='ocrx_word' id='word_1_444' title='bbox 3319 2774 3372 2818; x_wconf 91' lang='lat' dir='ltr'><strong>et</strong></span> <span class='ocrx_word' id='word_1_445' title='bbox 3409 2773 3603 2819; x_wconf 86' lang='lat' dir='ltr'><strong>contra</strong></span> 
     </span>
    </p>
   </div>
   <div class='ocr_carea' id='block_1_58' title="bbox 2030 2855 3604 2924">
    <p class='ocr_par' dir='ltr' id='par_1_58' title="bbox 2030 2855 3604 2924">
     <span class='ocr_line' id='line_1_58' title="bbox 2030 2855 3604 2924; baseline 0.001 -16"><span class='ocrx_word' id='word_1_446' title='bbox 2030 2873 2050 2908; x_wconf 76' lang='grc' dir='ltr'><strong>ι</strong></span> <span class='ocrx_word' id='word_1_447' title='bbox 2092 2855 2148 2911; x_wconf 92' lang='lat' dir='ltr'><strong>in</strong></span> <span class='ocrx_word' id='word_1_448' title='bbox 2174 2855 2313 2913; x_wconf 90' lang='lat' dir='ltr'><strong>Filio</strong></span> <span class='ocrx_word' id='word_1_449' title='bbox 2336 2858 2586 2924; x_wconf 88' lang='lat' dir='ltr'><strong>Patrem;</strong></span> <span class='ocrx_word' id='word_1_450' title='bbox 2610 2859 2892 2914; x_wconf 83' lang='lat' dir='ltr'><strong>character</strong></span> <span class='ocrx_word' id='word_1_451' title='bbox 2913 2859 3058 2913; x_wconf 90' lang='lat' dir='ltr'><strong>enim</strong></span> <span class='ocrx_word' id='word_1_452' title='bbox 3086 2857 3604 2914; x_wconf 79' lang='lat' dir='ltr'><strong>subsistentia‘illius</strong></span> 
     </span>
    </p>
   </div>
   <div class='ocr_carea' id='block_1_59' title="bbox 2031 2947 3605 3022">
    <p class='ocr_par' dir='ltr' id='par_1_59' title="bbox 2031 2947 3605 3022">
     <span class='ocr_line' id='line_1_59' title="bbox 2031 2947 3605 3022; baseline 0.001 -23"><span class='ocrx_word' id='word_1_453' title='bbox 2031 2966 2050 2999; x_wconf 76' lang='grc' dir='ltr'><strong>ι</strong></span> <span class='ocrx_word' id='word_1_454' title='bbox 2087 2954 2192 3006; x_wconf 84' lang='lat' dir='ltr'><strong>est.</strong></span> <span class='ocrx_word' id='word_1_455' title='bbox 2246 2947 2518 3004; x_wconf 73' lang='lat' dir='ltr'><strong>Hermias.</strong></span> <span class='ocrx_word' id='word_1_456' title='bbox 2565 2949 2874 3006; x_wconf 85' lang='lat' dir='ltr'><strong>Assentior.</strong></span> <span class='ocrx_word' id='word_1_457' title='bbox 2923 2949 3183 3022; x_wconf 80' lang='lat' dir='ltr'><strong>Cyrillus.</strong></span> <span class='ocrx_word' id='word_1_458' title='bbox 3238 2949 3412 3005; x_wconf 82' lang='lat' dir='ltr'><strong>Unius</strong></span> <span class='ocrx_word' id='word_1_459' title='bbox 3441 2949 3605 3019; x_wconf 79' lang='lat' dir='ltr'><strong>igitur</strong></span> 
     </span>
    </p>
   </div>
   <div class='ocr_carea' id='block_1_60' title="bbox 2031 3043 3602 3113">
    <p class='ocr_par' dir='ltr' id='par_1_60' title="bbox 2031 3043 3602 3113">
     <span class='ocr_line' id='line_1_60' title="bbox 2031 3043 3602 3113; baseline 0.001 -21"><span class='ocrx_word' id='word_1_460' title='bbox 2031 3059 2050 3092; x_wconf 75' lang='grc' dir='ltr'><strong>ι</strong></span> <span class='ocrx_word' id='word_1_461' title='bbox 2091 3049 2302 3096; x_wconf 67' lang='lat' dir='ltr'><strong>naturae</strong></span> <span class='ocrx_word' id='word_1_462' title='bbox 2331 3057 2474 3097; x_wconf 89' lang='lat' dir='ltr'><strong>unus</strong></span> <span class='ocrx_word' id='word_1_463' title='bbox 2506 3045 2671 3098; x_wconf 87' lang='lat' dir='ltr'><strong>etiam</strong></span> <span class='ocrx_word' id='word_1_464' title='bbox 2701 3043 2963 3113; x_wconf 86' lang='lat' dir='ltr'><strong>Spiritus,</strong></span> <span class='ocrx_word' id='word_1_465' title='bbox 3014 3052 3069 3099; x_wconf 88' lang='lat' dir='ltr'><strong>et</strong></span> <span class='ocrx_word' id='word_1_466' title='bbox 3105 3043 3351 3113; x_wconf 86' lang='lat' dir='ltr'><strong>procedit</strong></span> <span class='ocrx_word' id='word_1_467' title='bbox 3381 3043 3602 3113; x_wconf 87' lang='lat' dir='ltr'><strong>quidem</strong></span> 
     </span>
    </p>
   </div>
   <div class='ocr_carea' id='block_1_61' title="bbox 2032 3133 3606 3204">
    <p class='ocr_par' dir='ltr' id='par_1_61' title="bbox 2032 3133 3606 3204">
     <span class='ocr_line' id='line_1_61' title="bbox 2032 3133 3606 3204; baseline 0.003 -19"><span class='ocrx_word' id='word_1_468' title='bbox 2032 3153 2051 3185; x_wconf 76' lang='grc' dir='ltr'><strong>ι</strong></span> <span class='ocrx_word' id='word_1_469' title='bbox 2090 3135 2251 3204; x_wconf 86' lang='lat' dir='ltr'><strong>quasi</strong></span> <span class='ocrx_word' id='word_1_470' title='bbox 2303 3151 2332 3187; x_wconf 86' lang='lat' dir='ltr'><strong>a</strong></span> <span class='ocrx_word' id='word_1_471' title='bbox 2382 3133 2530 3189; x_wconf 86' lang='lat' dir='ltr'><strong>fonte</strong></span> <span class='ocrx_word' id='word_1_472' title='bbox 2570 3136 2752 3202; x_wconf 88' lang='lat' dir='ltr'><strong>Patre,</strong></span> <span class='ocrx_word' id='word_1_473' title='bbox 2779 3146 2862 3192; x_wconf 90' lang='lat' dir='ltr'><strong>est</strong></span> <span class='ocrx_word' id='word_1_474' title='bbox 2901 3147 3084 3192; x_wconf 86' lang='lat' dir='ltr'><strong>autem</strong></span> <span class='ocrx_word' id='word_1_475' title='bbox 3111 3153 3224 3190; x_wconf 86' lang='lat' dir='ltr'><strong>non</strong></span> <span class='ocrx_word' id='word_1_476' title='bbox 3252 3137 3464 3192; x_wconf 86' lang='lat' dir='ltr'><strong>alienus</strong></span> <span class='ocrx_word' id='word_1_477' title='bbox 3491 3144 3546 3190; x_wconf 90' lang='lat' dir='ltr'><strong>et</strong></span> <span class='ocrx_word' id='word_1_478' title='bbox 3576 3151 3606 3189; x_wconf 88' lang='lat' dir='ltr'><strong>a</strong></span> 
     </span>
    </p>
   </div>
   <div class='ocr_carea' id='block_1_62' title="bbox 343 3223 1929 3327">
    <p class='ocr_par' dir='ltr' id='par_1_62' title="bbox 343 3223 1924 3302">
     <span class='ocr_line' id='line_1_62' title="bbox 343 3223 1924 3302; baseline 0.006 -26"><span class='ocrx_word' id='word_1_479' title='bbox 343 3243 367 3276; x_wconf 70' lang='grc' dir='ltr'><em>ς</em></span> <span class='ocrx_word' id='word_1_480' title='bbox 412 3225 511 3277; x_wconf 83' lang='grc' dir='ltr'>καὶ</span> <span class='ocrx_word' id='word_1_481' title='bbox 541 3229 828 3297; x_wconf 76' lang='grc' dir='ltr'>προχεῖται</span> <span class='ocrx_word' id='word_1_482' title='bbox 856 3227 956 3297; x_wconf 87' lang='grc' dir='ltr'>μὲν</span> <span class='ocrx_word' id='word_1_483' title='bbox 991 3223 1191 3298; x_wconf 73' lang='grc' dir='ltr'>οἷάπερ</span> <span class='ocrx_word' id='word_1_484' title='bbox 1219 3230 1327 3282; x_wconf 83' lang='grc' dir='ltr'><strong>ἀπὸ</strong></span> <span class='ocrx_word' id='word_1_485' title='bbox 1354 3231 1538 3299; x_wconf 83' lang='grc' dir='ltr'>πηγῆς</span> <span class='ocrx_word' id='word_1_486' title='bbox 1567 3232 1661 3283; x_wconf 89' lang='grc' dir='ltr'><strong>τοῦ</strong></span> <span class='ocrx_word' id='word_1_487' title='bbox 1695 3232 1924 3302; x_wconf 80' lang='grc' dir='ltr'>Πατρδς.</span> 
     </span>
    </p>
   </div>
   <div class='ocr_carea' id='block_1_63' title="bbox 2041 3223 3604 3327">
    <p class='ocr_par' dir='ltr' id='par_1_63' title="bbox 2041 3225 3604 3299">
     <span class='ocr_line' id='line_1_63' title="bbox 2041 3225 3604 3299; baseline 0.004 -20"><span class='ocrx_word' id='word_1_488' title='bbox 2041 3245 2056 3279; x_wconf 86' lang='grc' dir='ltr'><strong>ι</strong></span> <span class='ocrx_word' id='word_1_489' title='bbox 2093 3225 2255 3292; x_wconf 89' lang='lat' dir='ltr'><strong>Filio,</strong></span> <span class='ocrx_word' id='word_1_490' title='bbox 2292 3229 2677 3298; x_wconf 88' lang='lat' dir='ltr'><strong>proprietatem</strong></span> <span class='ocrx_word' id='word_1_491' title='bbox 2731 3231 2978 3283; x_wconf 86' lang='lat' dir='ltr'><strong>omnium</strong></span> <span class='ocrx_word' id='word_1_492' title='bbox 3029 3230 3238 3284; x_wconf 80' lang='lat' dir='ltr'><strong>habens</strong></span> <span class='ocrx_word' id='word_1_493' title='bbox 3281 3230 3333 3283; x_wconf 94' lang='lat' dir='ltr'><strong>in</strong></span> <span class='ocrx_word' id='word_1_494' title='bbox 3362 3245 3421 3284; x_wconf 91' lang='lat' dir='ltr'><strong>se</strong></span> <span class='ocrx_word' id='word_1_495' title='bbox 3461 3229 3604 3299; x_wconf 89' lang='lat' dir='ltr'><strong>ipso.</strong></span> 
     </span>
    </p>
   </div>
   <div class='ocr_carea' id='block_1_64' title="bbox 347 3315 1930 3392">
    <p class='ocr_par' dir='ltr' id='par_1_64' title="bbox 347 3315 1930 3392">
     <span class='ocr_line' id='line_1_64' title="bbox 347 3315 1930 3392; baseline 0.005 -26"><span class='ocrx_word' id='word_1_496' title='bbox 347 3334 370 3367; x_wconf 74' lang='grc' dir='ltr'><strong><em>ι</em></strong></span> <span class='ocrx_word' id='word_1_497' title='bbox 411 3315 527 3368; x_wconf 80' lang='grc' dir='ltr'>ἔστι</span> <span class='ocrx_word' id='word_1_498' title='bbox 554 3333 615 3385; x_wconf 91' lang='grc' dir='ltr'><strong>γε</strong></span> <span class='ocrx_word' id='word_1_499' title='bbox 655 3321 762 3388; x_wconf 85' lang='grc' dir='ltr'>μὴν</span> <span class='ocrx_word' id='word_1_500' title='bbox 799 3318 900 3372; x_wconf 85' lang='grc' dir='ltr'><strong>οὑκ</strong></span> <span class='ocrx_word' id='word_1_501' title='bbox 947 3319 1230 3390; x_wconf 81' lang='grc' dir='ltr'>ἀλλότριον</span> <span class='ocrx_word' id='word_1_502' title='bbox 1267 3319 1360 3372; x_wconf 88' lang='grc' dir='ltr'><strong>τοῦ</strong></span> <span class='ocrx_word' id='word_1_503' title='bbox 1392 3321 1523 3375; x_wconf 88' lang='grc' dir='ltr'><strong>Υῑοῦ</strong></span> <span class='ocrx_word' id='word_1_504' title='bbox 1561 3336 1575 3351; x_wconf 88' lang='grc'><strong>·</strong></span> <span class='ocrx_word' id='word_1_505' title='bbox 1603 3323 1930 3392; x_wconf 79' lang='grc' dir='ltr'>γεγέννηται</span> 
     </span>
    </p>
   </div>
   <div class='ocr_carea' id='block_1_65' title="bbox 345 3409 1934 3484">
    <p class='ocr_par' dir='ltr' id='par_1_65' title="bbox 345 3409 1934 3484">
     <span class='ocr_line' id='line_1_65' title="bbox 345 3409 1934 3484; baseline 0.004 -24"><span class='ocrx_word' id='word_1_506' title='bbox 345 3428 368 3460; x_wconf 66' lang='grc' dir='ltr'><strong>ι</strong></span> <span class='ocrx_word' id='word_1_507' title='bbox 411 3409 524 3478; x_wconf 66' lang='grc' dir='ltr'><strong>γὰρ</strong></span> <span class='ocrx_word' id='word_1_508' title='bbox 576 3410 678 3479; x_wconf 82' lang='grc' dir='ltr'>τὴν</span> <span class='ocrx_word' id='word_1_509' title='bbox 735 3411 830 3464; x_wconf 86' lang='grc' dir='ltr'><strong>τοῦ</strong></span> <span class='ocrx_word' id='word_1_510' title='bbox 867 3412 1082 3482; x_wconf 69' lang='grc' dir='ltr'>Πατρδς</span> <span class='ocrx_word' id='word_1_511' title='bbox 1141 3411 1382 3481; x_wconf 79' lang='grc' dir='ltr'>ἰδιότητα</span> <span class='ocrx_word' id='word_1_512' title='bbox 1437 3415 1622 3468; x_wconf 83' lang='grc' dir='ltr'>πᾶσαν</span> <span class='ocrx_word' id='word_1_513' title='bbox 1671 3414 1812 3484; x_wconf 73' lang='grc' dir='ltr'>ἔχων</span> <span class='ocrx_word' id='word_1_514' title='bbox 1875 3417 1934 3467; x_wconf 85' lang='grc' dir='ltr'>ἐν</span> 
     </span>
    </p>
   </div>
   <div class='ocr_carea' id='block_1_66' title="bbox 347 3501 1936 3576">
    <p class='ocr_par' dir='ltr' id='par_1_66' title="bbox 347 3501 1936 3576">
     <span class='ocr_line' id='line_1_66' title="bbox 347 3501 1936 3576; baseline 0.004 -24"><span class='ocrx_word' id='word_1_515' title='bbox 347 3521 371 3553; x_wconf 71' lang='grc' dir='ltr'><strong>ι</strong></span> <span class='ocrx_word' id='word_1_516' title='bbox 417 3501 617 3571; x_wconf 78' lang='grc' dir='ltr'>ἑαυτῷ.</span> <span class='ocrx_word' id='word_1_517' title='bbox 657 3504 766 3554; x_wconf 82' lang='grc' dir='ltr'><strong>Καὶ</strong></span> <span class='ocrx_word' id='word_1_518' title='bbox 801 3504 1033 3572; x_wconf 76' lang='grc' dir='ltr'>ἐπείπερ</span> <span class='ocrx_word' id='word_1_519' title='bbox 1080 3505 1198 3556; x_wconf 77' lang='grc' dir='ltr'>ἐστὶ</span> <span class='ocrx_word' id='word_1_520' title='bbox 1235 3504 1337 3574; x_wconf 83' lang='grc' dir='ltr'>τῆς</span> <span class='ocrx_word' id='word_1_521' title='bbox 1381 3507 1647 3558; x_wconf 87' lang='grc' dir='ltr'>ἀνωτάτω</span> <span class='ocrx_word' id='word_1_522' title='bbox 1678 3505 1936 3576; x_wconf 86' lang='grc' dir='ltr'>θεότητος</span> 
     </span>
    </p>
   </div>
   <div class='ocr_carea' id='block_1_67' title="bbox 351 3587 1935 3669">
    <p class='ocr_par' dir='ltr' id='par_1_67' title="bbox 351 3587 1935 3669">
     <span class='ocr_line' id='line_1_67' title="bbox 351 3587 1935 3669; baseline 0.003 -22"><span class='ocrx_word' id='word_1_523' title='bbox 351 3615 370 3646; x_wconf 73' lang='grc' dir='ltr'><strong>ι</strong></span> <span class='ocrx_word' id='word_1_524' title='bbox 415 3597 443 3647; x_wconf 82' lang='grc' dir='ltr'><strong>ό</strong></span> <span class='ocrx_word' id='word_1_525' title='bbox 472 3595 769 3664; x_wconf 82' lang='grc' dir='ltr'>ἁγιασμὸς,</span> <span class='ocrx_word' id='word_1_526' title='bbox 805 3587 866 3648; x_wconf 78' lang='grc' dir='ltr'><strong>οὖ</strong></span> <span class='ocrx_word' id='word_1_527' title='bbox 913 3595 976 3648; x_wconf 85' lang='grc' dir='ltr'><strong>τὸ</strong></span> <span class='ocrx_word' id='word_1_528' title='bbox 1012 3596 1240 3661; x_wconf 82' lang='grc' dir='ltr'>Πνεῦμα</span> <span class='ocrx_word' id='word_1_529' title='bbox 1275 3598 1550 3650; x_wconf 76' lang='grc' dir='ltr'>δεικτικὸν</span> <span class='ocrx_word' id='word_1_530' title='bbox 1583 3615 1597 3628; x_wconf 88' lang='grc'><strong>·</strong></span> <span class='ocrx_word' id='word_1_531' title='bbox 1636 3599 1793 3666; x_wconf 73' lang='grc' dir='ltr'>ἅγιον</span> <span class='ocrx_word' id='word_1_532' title='bbox 1825 3599 1935 3669; x_wconf 87' lang='grc' dir='ltr'>γὰρ</span> 
     </span>
    </p>
   </div>
   <div class='ocr_carea' id='block_1_68' title="bbox 349 3689 1934 3760">
    <p class='ocr_par' dir='ltr' id='par_1_68' title="bbox 349 3689 1934 3760">
     <span class='ocr_line' id='line_1_68' title="bbox 349 3689 1934 3760; baseline 0.004 -20"><span class='ocrx_word' id='word_1_533' title='bbox 349 3708 370 3740; x_wconf 74' lang='grc' dir='ltr'><strong>ε</strong></span> <span class='ocrx_word' id='word_1_534' title='bbox 415 3689 561 3741; x_wconf 75' lang='grc' dir='ltr'>κατὰ</span> <span class='ocrx_word' id='word_1_535' title='bbox 602 3690 790 3756; x_wconf 80' lang='grc' dir='ltr'>φύσιν,</span> <span class='ocrx_word' id='word_1_536' title='bbox 831 3690 928 3741; x_wconf 77' lang='grc' dir='ltr'><strong>καὶ</strong></span> <span class='ocrx_word' id='word_1_537' title='bbox 986 3693 1088 3760; x_wconf 84' lang='grc' dir='ltr'>τῆς</span> <span class='ocrx_word' id='word_1_538' title='bbox 1133 3690 1263 3760; x_wconf 85' lang='grc' dir='ltr'>ὅλης</span> <span class='ocrx_word' id='word_1_539' title='bbox 1313 3695 1546 3754; x_wconf 80' lang='grc' dir='ltr'>κτίσεως</span> <span class='ocrx_word' id='word_1_540' title='bbox 1592 3692 1934 3759; x_wconf 84' lang='grc' dir='ltr'>άγιαστικόν.</span> 
     </span>
    </p>
   </div>
   <div class='ocr_carea' id='block_1_69' title="bbox 350 3781 1934 3855">
    <p class='ocr_par' dir='ltr' id='par_1_69' title="bbox 350 3781 1934 3855">
     <span class='ocr_line' id='line_1_69' title="bbox 350 3781 1934 3855; baseline 0.005 -23"><span class='ocrx_word' id='word_1_541' title='bbox 350 3803 371 3833; x_wconf 74' lang='grc' dir='ltr'><strong>ι</strong></span> <span class='ocrx_word' id='word_1_542' title='bbox 427 3783 718 3850; x_wconf 80' lang='grc' dir='ltr'>Ἑρμείας.</span> <span class='ocrx_word' id='word_1_543' title='bbox 760 3781 871 3835; x_wconf 84' lang='grc' dir='ltr'><strong>Καὶ</strong></span> <span class='ocrx_word' id='word_1_544' title='bbox 901 3783 986 3844; x_wconf 90' lang='grc' dir='ltr'><strong>τίς</strong></span> <span class='ocrx_word' id='word_1_545' title='bbox 1037 3782 1104 3834; x_wconf 83' lang='grc' dir='ltr'><strong>ἂν</strong></span> <span class='ocrx_word' id='word_1_546' title='bbox 1145 3784 1359 3850; x_wconf 81' lang='grc' dir='ltr'>γένοιτο</span> <span class='ocrx_word' id='word_1_547' title='bbox 1389 3782 1597 3837; x_wconf 88' lang='grc' dir='ltr'>τούτων</span> <span class='ocrx_word' id='word_1_548' title='bbox 1635 3785 1668 3854; x_wconf 79' lang='grc' dir='ltr'><strong>ἡ</strong></span> <span class='ocrx_word' id='word_1_549' title='bbox 1702 3785 1888 3849; x_wconf 83' lang='grc' dir='ltr'>πίστις</span> <span class='ocrx_word' id='word_1_550' title='bbox 1919 3805 1934 3855; x_wconf 90' lang='lat'><strong>;</strong></span> 
     </span>
    </p>
   </div>
   <div class='ocr_carea' id='block_1_70' title="bbox 351 3871 1936 3943">
    <p class='ocr_par' dir='ltr' id='par_1_70' title="bbox 351 3871 1936 3943">
     <span class='ocr_line' id='line_1_70' title="bbox 351 3871 1936 3943; baseline 0.004 -20"><span class='ocrx_word' id='word_1_551' title='bbox 351 3891 372 3923; x_wconf 74' lang='grc' dir='ltr'><strong>ι</strong></span> <span class='ocrx_word' id='word_1_552' title='bbox 418 3873 545 3935; x_wconf 86' lang='grc' dir='ltr'>Πῶς</span> <span class='ocrx_word' id='word_1_553' title='bbox 572 3871 617 3925; x_wconf 87' lang='grc' dir='ltr'>δ’</span> <span class='ocrx_word' id='word_1_554' title='bbox 645 3873 710 3926; x_wconf 84' lang='grc' dir='ltr'>ἂν</span> <span class='ocrx_word' id='word_1_555' title='bbox 740 3872 971 3943; x_wconf 83' lang='grc' dir='ltr'>μάθοιμι</span> <span class='ocrx_word' id='word_1_556' title='bbox 1006 3873 1214 3941; x_wconf 79' lang='grc' dir='ltr'>σαφῶς,</span> <span class='ocrx_word' id='word_1_557' title='bbox 1251 3873 1325 3937; x_wconf 85' lang='grc' dir='ltr'>ὡς</span> <span class='ocrx_word' id='word_1_558' title='bbox 1345 3873 1490 3927; x_wconf 75' lang='grc' dir='ltr'>ἔστιν</span> <span class='ocrx_word' id='word_1_559' title='bbox 1523 3874 1656 3928; x_wconf 84' lang='grc' dir='ltr'>ῐδιον</span> <span class='ocrx_word' id='word_1_560' title='bbox 1680 3876 1774 3929; x_wconf 90' lang='grc' dir='ltr'><strong>τοῦ</strong></span> <span class='ocrx_word' id='word_1_561' title='bbox 1805 3877 1936 3930; x_wconf 83' lang='grc' dir='ltr'>Υίοῦ</span> 
     </span>
    </p>
   </div>
   <div class='ocr_carea' id='block_1_71' title="bbox 353 3963 1938 4038">
    <p class='ocr_par' dir='ltr' id='par_1_71' title="bbox 353 3963 1938 4038">
     <span class='ocr_line' id='line_1_71' title="bbox 353 3963 1938 4038; baseline 0.003 -22"><span class='ocrx_word' id='word_1_562' title='bbox 353 3984 372 4016; x_wconf 76' lang='grc' dir='ltr'><strong>ι</strong></span> <span class='ocrx_word' id='word_1_563' title='bbox 419 3965 478 4016; x_wconf 83' lang='grc' dir='ltr'><strong>τὸ</strong></span> <span class='ocrx_word' id='word_1_564' title='bbox 502 3963 731 4032; x_wconf 82' lang='grc' dir='ltr'>Πνεῦμα</span> <span class='ocrx_word' id='word_1_565' title='bbox 760 3964 820 4017; x_wconf 82' lang='grc' dir='ltr'><strong>τὸ</strong></span> <span class='ocrx_word' id='word_1_566' title='bbox 844 3965 1022 4032; x_wconf 81' lang='grc' dir='ltr'>άγιον,</span> <span class='ocrx_word' id='word_1_567' title='bbox 1056 3964 1310 4035; x_wconf 87' lang='grc' dir='ltr'>καθάπερ</span> <span class='ocrx_word' id='word_1_568' title='bbox 1335 3965 1530 4036; x_wconf 80' lang='grc' dir='ltr'>ἀμέλει</span> <span class='ocrx_word' id='word_1_569' title='bbox 1555 3965 1650 4018; x_wconf 89' lang='grc' dir='ltr'><strong>τοῦ</strong></span> <span class='ocrx_word' id='word_1_570' title='bbox 1683 3967 1896 4038; x_wconf 88' lang='grc' dir='ltr'>Πατρός</span> <span class='ocrx_word' id='word_1_571' title='bbox 1920 3986 1938 4035; x_wconf 84' lang='grc'><strong>;</strong></span> 
     </span>
    </p>
   </div>
   <div class='ocr_carea' id='block_1_72' title="bbox 357 4057 1940 4130">
    <p class='ocr_par' dir='ltr' id='par_1_72' title="bbox 357 4057 1940 4130">
     <span class='ocr_line' id='line_1_72' title="bbox 357 4057 1940 4130; baseline 0.001 -19"><span class='ocrx_word' id='word_1_572' title='bbox 357 4079 375 4110; x_wconf 73' lang='grc' dir='ltr'><strong>ι</strong></span> <span class='ocrx_word' id='word_1_573' title='bbox 417 4059 744 4124; x_wconf 71' lang='grc' dir='ltr'>Κύριλλος.</span> <span class='ocrx_word' id='word_1_574' title='bbox 787 4057 862 4110; x_wconf 80' lang='grc' dir='ltr'><strong>Οὐ</strong></span> <span class='ocrx_word' id='word_1_575' title='bbox 898 4057 1135 4130; x_wconf 82' lang='grc' dir='ltr'>θύραθεν</span> <span class='ocrx_word' id='word_1_576' title='bbox 1169 4058 1304 4127; x_wconf 82' lang='grc' dir='ltr'>ἡμῖν</span> <span class='ocrx_word' id='word_1_577' title='bbox 1352 4059 1380 4110; x_wconf 92' lang='lat'><strong>6</strong></span> <span class='ocrx_word' id='word_1_578' title='bbox 1409 4059 1648 4126; x_wconf 87' lang='grc' dir='ltr'>μάρτυς,</span> <span class='ocrx_word' id='word_1_579' title='bbox 1687 4059 1852 4112; x_wconf 85' lang='grc' dir='ltr'>αὑτὸν</span> <span class='ocrx_word' id='word_1_580' title='bbox 1883 4060 1940 4113; x_wconf 76' lang='grc' dir='ltr'>δὲ</span> 
     </span>
    </p>
   </div>
   <div class='ocr_carea' id='block_1_73' title="bbox 355 4149 1941 4221">
    <p class='ocr_par' dir='ltr' id='par_1_73' title="bbox 355 4149 1941 4221">
     <span class='ocr_line' id='line_1_73' title="bbox 355 4149 1941 4221; baseline 0.001 -19"><span class='ocrx_word' id='word_1_581' title='bbox 355 4171 375 4202; x_wconf 72' lang='grc' dir='ltr'><em>α</em></span> <span class='ocrx_word' id='word_1_582' title='bbox 419 4150 725 4220; x_wconf 82' lang='grc' dir='ltr'>εἰσκομίσω</span> <span class='ocrx_word' id='word_1_583' title='bbox 753 4149 967 4219; x_wconf 77' lang='grc' dir='ltr'>βοῶντα</span> <span class='ocrx_word' id='word_1_584' title='bbox 999 4149 1091 4201; x_wconf 85' lang='grc' dir='ltr'><strong>τὸν</strong></span> <span class='ocrx_word' id='word_1_585' title='bbox 1126 4149 1367 4219; x_wconf 69' lang='grc' dir='ltr'>Χριστόν</span> <span class='ocrx_word' id='word_1_586' title='bbox 1392 4166 1407 4181; x_wconf 77' lang='grc' dir='ltr'><strong>ο</strong></span> <span class='ocrx_word' id='word_1_587' title='bbox 1437 4167 1456 4199; x_wconf 85' lang='grc'><strong><em>‹</em></strong></span> <span class='ocrx_word' id='word_1_588' title='bbox 1477 4149 1599 4202; x_wconf 87' lang='grc' dir='ltr'><strong>Ἐτι</strong></span> <span class='ocrx_word' id='word_1_589' title='bbox 1632 4149 1805 4204; x_wconf 87' lang='grc' dir='ltr'>πολλά</span> <span class='ocrx_word' id='word_1_590' title='bbox 1829 4150 1941 4221; x_wconf 77' lang='grc' dir='ltr'>ἔχω</span> 
     </span>
    </p>
   </div>
   <div class='ocr_carea' id='block_1_74' title="bbox 354 4239 1939 4314">
    <p class='ocr_par' dir='ltr' id='par_1_74' title="bbox 354 4239 1939 4314">
     <span class='ocr_line' id='line_1_74' title="bbox 354 4239 1939 4314; baseline 0.001 -20"><span class='ocrx_word' id='word_1_591' title='bbox 354 4264 373 4294; x_wconf 74' lang='grc' dir='ltr'><strong>ι</strong></span> <span class='ocrx_word' id='word_1_592' title='bbox 415 4242 600 4309; x_wconf 77' lang='grc' dir='ltr'>λέγειν</span> <span class='ocrx_word' id='word_1_593' title='bbox 657 4242 806 4309; x_wconf 81' lang='grc' dir='ltr'>ὑμῖν,</span> <span class='ocrx_word' id='word_1_594' title='bbox 867 4241 983 4294; x_wconf 79' lang='grc' dir='ltr'>ἀλλ’</span> <span class='ocrx_word' id='word_1_595' title='bbox 1042 4241 1105 4294; x_wconf 87' lang='grc' dir='ltr'>οὺ</span> <span class='ocrx_word' id='word_1_596' title='bbox 1142 4239 1371 4294; x_wconf 85' lang='grc' dir='ltr'>δύνασθε</span> <span class='ocrx_word' id='word_1_597' title='bbox 1407 4241 1706 4310; x_wconf 75' lang='grc' dir='ltr'>βαστάζειν</span> <span class='ocrx_word' id='word_1_598' title='bbox 1759 4242 1886 4314; x_wconf 74' lang='grc' dir='ltr'>ἄρτι</span> <span class='ocrx_word' id='word_1_599' title='bbox 1924 4259 1939 4274; x_wconf 78' lang='grc' dir='ltr'><strong><em>ο</em></strong></span> 
     </span>
    </p>
   </div>
   <div class='ocr_carea' id='block_1_75' title="bbox 241 4331 1939 4405">
    <p class='ocr_par' dir='ltr' id='par_1_75' title="bbox 241 4331 1939 4405">
     <span class='ocr_line' id='line_1_75' title="bbox 241 4331 1939 4405; baseline 0.001 -17"><span class='ocrx_word' id='word_1_600' title='bbox 241 4385 245 4388; x_wconf 85' lang='grc'>.</span> <span class='ocrx_word' id='word_1_601' title='bbox 355 4355 376 4386; x_wconf 75' lang='grc' dir='ltr'><strong>ι</strong></span> <span class='ocrx_word' id='word_1_602' title='bbox 417 4337 550 4387; x_wconf 87' lang='grc' dir='ltr'>ὅταν</span> <span class='ocrx_word' id='word_1_603' title='bbox 585 4333 642 4385; x_wconf 86' lang='grc' dir='ltr'>δὲ</span> <span class='ocrx_word' id='word_1_604' title='bbox 685 4331 819 4402; x_wconf 73' lang='grc' dir='ltr'>ἔλθῃ</span> <span class='ocrx_word' id='word_1_605' title='bbox 860 4333 1092 4398; x_wconf 74' lang='grc' dir='ltr'>ἐκεῖνος,</span> <span class='ocrx_word' id='word_1_606' title='bbox 1137 4333 1198 4385; x_wconf 86' lang='grc' dir='ltr'><strong>τὸ</strong></span> <span class='ocrx_word' id='word_1_607' title='bbox 1240 4333 1470 4402; x_wconf 84' lang='grc' dir='ltr'>Πνεῦμα</span> <span class='ocrx_word' id='word_1_608' title='bbox 1512 4335 1613 4400; x_wconf 84' lang='grc' dir='ltr'>τῆς</span> <span class='ocrx_word' id='word_1_609' title='bbox 1656 4335 1939 4405; x_wconf 83' lang='grc' dir='ltr'>ἀληθείας,</span> 
     </span>
    </p>
   </div>
   <div class='ocr_carea' id='block_1_76' title="bbox 243 4425 1945 4499">
    <p class='ocr_par' dir='ltr' id='par_1_76' title="bbox 243 4425 1945 4499">
     <span class='ocr_line' id='line_1_76' title="bbox 243 4425 1945 4499; baseline -0.004 -21"><span class='ocrx_word' id='word_1_610' title='bbox 243 4432 246 4436; x_wconf 81' lang='grc'>’</span> <span class='ocrx_word' id='word_1_611' title='bbox 358 4447 377 4478; x_wconf 71' lang='grc' dir='ltr'><strong>ι</strong></span> <span class='ocrx_word' id='word_1_612' title='bbox 417 4426 684 4495; x_wconf 78' lang='grc' dir='ltr'>ὁδηγήσει</span> <span class='ocrx_word' id='word_1_613' title='bbox 725 4425 872 4494; x_wconf 80' lang='grc' dir='ltr'>ὑμᾶς</span> <span class='ocrx_word' id='word_1_614' title='bbox 918 4425 977 4476; x_wconf 82' lang='grc' dir='ltr'>ὲν</span> <span class='ocrx_word' id='word_1_615' title='bbox 1004 4427 1072 4494; x_wconf 78' lang='grc' dir='ltr'>τῇ</span> <span class='ocrx_word' id='word_1_616' title='bbox 1114 4425 1348 4496; x_wconf 78' lang='grc' dir='ltr'>ἀληθείᾳ</span> <span class='ocrx_word' id='word_1_617' title='bbox 1383 4425 1534 4496; x_wconf 79' lang='grc' dir='ltr'>πάσῃ</span> <span class='ocrx_word' id='word_1_618' title='bbox 1561 4442 1577 4458; x_wconf 77' lang='grc' dir='ltr'><strong>ο</strong></span> <span class='ocrx_word' id='word_1_619' title='bbox 1615 4427 1679 4480; x_wconf 90' lang='grc' dir='ltr'><strong>οὑ</strong></span> <span class='ocrx_word' id='word_1_620' title='bbox 1715 4428 1823 4499; x_wconf 82' lang='grc' dir='ltr'>γὰρ</span> <span class='ocrx_word' id='word_1_621' title='bbox 1852 4428 1945 4481; x_wconf 83' lang='grc' dir='ltr'>λα.</span> 
     </span>
    </p>
   </div>
   <div class='ocr_carea' id='block_1_77' title="bbox 359 4517 1939 4592">
    <p class='ocr_par' dir='ltr' id='par_1_77' title="bbox 359 4517 1939 4592">
     <span class='ocr_line' id='line_1_77' title="bbox 359 4517 1939 4592; baseline 0.003 -22"><span class='ocrx_word' id='word_1_622' title='bbox 359 4540 377 4570; x_wconf 75' lang='grc' dir='ltr'><strong>ε</strong></span> <span class='ocrx_word' id='word_1_623' title='bbox 420 4520 583 4588; x_wconf 81' lang='grc' dir='ltr'>λήσει</span> <span class='ocrx_word' id='word_1_624' title='bbox 624 4517 720 4588; x_wconf 75' lang='grc' dir='ltr'><strong>ἀφ’</strong></span> <span class='ocrx_word' id='word_1_625' title='bbox 772 4517 988 4584; x_wconf 79' lang='grc' dir='ltr'>ἑαυτοῦ,</span> <span class='ocrx_word' id='word_1_626' title='bbox 1035 4517 1156 4571; x_wconf 84' lang='grc' dir='ltr'>ἀλλ’</span> <span class='ocrx_word' id='word_1_627' title='bbox 1190 4519 1294 4572; x_wconf 87' lang='grc' dir='ltr'><strong>ὅσα</strong></span> <span class='ocrx_word' id='word_1_628' title='bbox 1333 4518 1400 4572; x_wconf 80' lang='grc' dir='ltr'><strong>ἂν</strong></span> <span class='ocrx_word' id='word_1_629' title='bbox 1435 4518 1645 4591; x_wconf 80' lang='grc' dir='ltr'><strong>ἀκούσῃ</strong></span> <span class='ocrx_word' id='word_1_630' title='bbox 1690 4521 1939 4592; x_wconf 85' lang='grc' dir='ltr'>λαλήσει,</span> 
     </span>
    </p>
   </div>
   <div class='ocr_carea' id='block_1_78' title="bbox 2040 3319 3610 3388">
    <p class='ocr_par' dir='ltr' id='par_1_78' title="bbox 2040 3319 3610 3388">
     <span class='ocr_line' id='line_1_78' title="bbox 2040 3319 3610 3388; baseline 0.004 -18"><span class='ocrx_word' id='word_1_631' title='bbox 2040 3337 2059 3370; x_wconf 77' lang='grc' dir='ltr'><strong>ι</strong></span> <span class='ocrx_word' id='word_1_632' title='bbox 2099 3319 2165 3374; x_wconf 85' lang='grc' dir='ltr'>Ει</span> <span class='ocrx_word' id='word_1_633' title='bbox 2195 3320 2454 3388; x_wconf 88' lang='lat' dir='ltr'><strong>quoniam</strong></span> <span class='ocrx_word' id='word_1_634' title='bbox 2512 3331 2597 3377; x_wconf 88' lang='lat' dir='ltr'><strong>est</strong></span> <span class='ocrx_word' id='word_1_635' title='bbox 2657 3337 2890 3378; x_wconf 61' lang='lat' dir='ltr'><strong>summa;</strong></span> <span class='ocrx_word' id='word_1_636' title='bbox 2947 3321 3176 3378; x_wconf 82' lang='lat' dir='ltr'><strong>Deitatis</strong></span> <span class='ocrx_word' id='word_1_637' title='bbox 3225 3323 3610 3388; x_wconf 73' lang='lat' dir='ltr'><strong>sanctificatio,</strong></span> 
     </span>
    </p>
   </div>
   <div class='ocr_carea' id='block_1_79' title="bbox 2041 3412 3612 3482">
    <p class='ocr_par' dir='ltr' id='par_1_79' title="bbox 2041 3412 3612 3482">
     <span class='ocr_line' id='line_1_79' title="bbox 2041 3412 3612 3482; baseline 0.003 -20"><span class='ocrx_word' id='word_1_638' title='bbox 2041 3429 2062 3462; x_wconf 70' lang='grc' dir='ltr'><strong>ι</strong></span> <span class='ocrx_word' id='word_1_639' title='bbox 2098 3426 2263 3482; x_wconf 90' lang='lat' dir='ltr'><strong>quam</strong></span> <span class='ocrx_word' id='word_1_640' title='bbox 2291 3412 2529 3482; x_wconf 89' lang='lat' dir='ltr'><strong>Spiritus</strong></span> <span class='ocrx_word' id='word_1_641' title='bbox 2569 3413 2808 3469; x_wconf 87' lang='lat' dir='ltr'><strong>ostendit</strong></span> <span class='ocrx_word' id='word_1_642' title='bbox 2835 3431 2849 3468; x_wconf 75' lang='grc' dir='ltr'><strong>ε</strong></span> <span class='ocrx_word' id='word_1_643' title='bbox 2883 3422 3111 3469; x_wconf 89' lang='lat' dir='ltr'><strong>sanctus</strong></span> <span class='ocrx_word' id='word_1_644' title='bbox 3136 3415 3282 3468; x_wconf 82' lang='lat' dir='ltr'><strong>enim</strong></span> <span class='ocrx_word' id='word_1_645' title='bbox 3309 3422 3392 3469; x_wconf 85' lang='lat' dir='ltr'><strong>est</strong></span> <span class='ocrx_word' id='word_1_646' title='bbox 3412 3429 3612 3468; x_wconf 89' lang='lat' dir='ltr'><strong>secun-</strong></span> 
     </span>
    </p>
   </div>
   <div class='ocr_carea' id='block_1_80' title="bbox 2041 3507 3612 3562">
    <p class='ocr_par' dir='ltr' id='par_1_80' title="bbox 2041 3507 3612 3562">
     <span class='ocr_line' id='line_1_80' title="bbox 2041 3507 3612 3562; baseline 0.004 -8"><span class='ocrx_word' id='word_1_647' title='bbox 2041 3520 2061 3553; x_wconf 74' lang='grc' dir='ltr'><strong>ε</strong></span> <span class='ocrx_word' id='word_1_648' title='bbox 2100 3513 2229 3559; x_wconf 84' lang='lat' dir='ltr'><strong>dum</strong></span> <span class='ocrx_word' id='word_1_649' title='bbox 2277 3513 2523 3561; x_wconf 85' lang='lat' dir='ltr'><strong>naturam</strong></span> <span class='ocrx_word' id='word_1_650' title='bbox 2573 3515 2627 3562; x_wconf 88' lang='lat' dir='ltr'><strong>et</strong></span> <span class='ocrx_word' id='word_1_651' title='bbox 2677 3507 2859 3562; x_wconf 90' lang='lat' dir='ltr'><strong>omnis</strong></span> <span class='ocrx_word' id='word_1_652' title='bbox 2908 3518 3175 3561; x_wconf 74' lang='lat' dir='ltr'><strong>creaturae</strong></span> <span class='ocrx_word' id='word_1_653' title='bbox 3223 3507 3612 3562; x_wconf 85' lang='lat' dir='ltr'><strong>sanctificator.</strong></span> 
     </span>
    </p>
   </div>
   <div class='ocr_carea' id='block_1_81' title="bbox 2043 3595 3616 3668">
    <p class='ocr_par' dir='ltr' id='par_1_81' title="bbox 2043 3595 3616 3668">
     <span class='ocr_line' id='line_1_81' title="bbox 2043 3595 3616 3668; baseline 0.002 -20"><span class='ocrx_word' id='word_1_654' title='bbox 2043 3616 2063 3648; x_wconf 74' lang='grc' dir='ltr'><strong>ι</strong></span> <span class='ocrx_word' id='word_1_655' title='bbox 2103 3595 2292 3652; x_wconf 82' lang='lat' dir='ltr'><strong>Herm.</strong></span> <span class='ocrx_word' id='word_1_656' title='bbox 2335 3597 2402 3654; x_wconf 88' lang='lat' dir='ltr'><strong>Et</strong></span> <span class='ocrx_word' id='word_1_657' title='bbox 2433 3613 2556 3668; x_wconf 81' lang='lat' dir='ltr'><strong>quae</strong></span> <span class='ocrx_word' id='word_1_658' title='bbox 2597 3599 2705 3653; x_wconf 87' lang='lat' dir='ltr'><strong>erit</strong></span> <span class='ocrx_word' id='word_1_659' title='bbox 2746 3600 2942 3652; x_wconf 88' lang='lat' dir='ltr'><strong>horum</strong></span> <span class='ocrx_word' id='word_1_660' title='bbox 2983 3600 3162 3654; x_wconf 84' lang='lat' dir='ltr'><strong>fides?</strong></span> <span class='ocrx_word' id='word_1_661' title='bbox 3215 3597 3310 3653; x_wconf 81' lang='lat' dir='ltr'><strong>Vel</strong></span> <span class='ocrx_word' id='word_1_662' title='bbox 3340 3599 3616 3668; x_wconf 79' lang='lat' dir='ltr'><strong>quomodo</strong></span> 
     </span>
    </p>
   </div>
   <div class='ocr_carea' id='block_1_82' title="bbox 2058 3688 3620 3760">
    <p class='ocr_par' dir='ltr' id='par_1_82' title="bbox 2058 3688 3620 3760">
     <span class='ocr_line' id='line_1_82' title="bbox 2058 3688 3620 3760; baseline 0.003 -19"><span class='ocrx_word' id='word_1_663' title='bbox 2058 3707 2076 3740; x_wconf 74' lang='grc' dir='ltr'><strong>ι</strong></span> <span class='ocrx_word' id='word_1_664' title='bbox 2123 3688 2416 3744; x_wconf 75' lang='lat' dir='ltr'><strong>manifeste</strong></span> <span class='ocrx_word' id='word_1_665' title='bbox 2443 3691 2735 3753; x_wconf 89' lang='lat' dir='ltr'><strong>discerem,</strong></span> <span class='ocrx_word' id='word_1_666' title='bbox 2771 3689 3036 3760; x_wconf 90' lang='lat' dir='ltr'><strong>Spiritum</strong></span> <span class='ocrx_word' id='word_1_667' title='bbox 3071 3702 3323 3744; x_wconf 88' lang='lat' dir='ltr'><strong>sanctum</strong></span> <span class='ocrx_word' id='word_1_668' title='bbox 3349 3705 3469 3745; x_wconf 87' lang='lat' dir='ltr'><strong>esse</strong></span> <span class='ocrx_word' id='word_1_669' title='bbox 3494 3705 3620 3759; x_wconf 88' lang='lat' dir='ltr'><strong>pro-</strong></span> 
     </span>
    </p>
   </div>
   <div class='ocr_carea' id='block_1_83' title="bbox 2045 3778 3617 3850">
    <p class='ocr_par' dir='ltr' id='par_1_83' title="bbox 2045 3778 3617 3850">
     <span class='ocr_line' id='line_1_83' title="bbox 2045 3778 3617 3850; baseline 0.003 -18"><span class='ocrx_word' id='word_1_670' title='bbox 2045 3798 2064 3832; x_wconf 76' lang='grc' dir='ltr'><strong>ι</strong></span> <span class='ocrx_word' id='word_1_671' title='bbox 2102 3781 2280 3850; x_wconf 90' lang='lat' dir='ltr'><strong>prium</strong></span> <span class='ocrx_word' id='word_1_672' title='bbox 2329 3778 2453 3835; x_wconf 88' lang='lat' dir='ltr'><strong>Filii</strong></span> <span class='ocrx_word' id='word_1_673' title='bbox 2485 3780 2628 3836; x_wconf 88' lang='lat' dir='ltr'><strong>sicut</strong></span> <span class='ocrx_word' id='word_1_674' title='bbox 2676 3781 2889 3835; x_wconf 86' lang='lat' dir='ltr'><strong>scilicet</strong></span> <span class='ocrx_word' id='word_1_675' title='bbox 2939 3791 2994 3836; x_wconf 92' lang='lat' dir='ltr'><strong>et</strong></span> <span class='ocrx_word' id='word_1_676' title='bbox 3022 3779 3252 3836; x_wconf 81' lang='lat' dir='ltr'><strong>Patris?</strong></span> <span class='ocrx_word' id='word_1_677' title='bbox 3290 3780 3462 3850; x_wconf 83' lang='lat' dir='ltr'><strong>Cyril.</strong></span> <span class='ocrx_word' id='word_1_678' title='bbox 3500 3781 3617 3837; x_wconf 85' lang='lat' dir='ltr'><strong>Non</strong></span> 
     </span>
    </p>
   </div>
   <div class='ocr_carea' id='block_1_84' title="bbox 2047 3872 3620 3942">
    <p class='ocr_par' dir='ltr' id='par_1_84' title="bbox 2047 3872 3620 3942">
     <span class='ocr_line' id='line_1_84' title="bbox 2047 3872 3620 3942; baseline 0.003 -19"><span class='ocrx_word' id='word_1_679' title='bbox 2047 3888 2066 3923; x_wconf 79' lang='grc' dir='ltr'><strong>ι</strong></span> <span class='ocrx_word' id='word_1_680' title='bbox 2104 3879 2398 3927; x_wconf 78' lang='lat' dir='ltr'><strong>extraneas</strong></span> <span class='ocrx_word' id='word_1_681' title='bbox 2443 3872 2548 3928; x_wconf 87' lang='lat' dir='ltr'><strong>erit</strong></span> <span class='ocrx_word' id='word_1_682' title='bbox 2597 3872 2777 3937; x_wconf 88' lang='lat' dir='ltr'><strong>testis,</strong></span> <span class='ocrx_word' id='word_1_683' title='bbox 2817 3873 2912 3928; x_wconf 90' lang='lat' dir='ltr'><strong>sed</strong></span> <span class='ocrx_word' id='word_1_684' title='bbox 2954 3873 3132 3942; x_wconf 89' lang='lat' dir='ltr'><strong>ipsum</strong></span> <span class='ocrx_word' id='word_1_685' title='bbox 3166 3873 3446 3928; x_wconf 83' lang='lat' dir='ltr'><strong>Chrismm</strong></span> <span class='ocrx_word' id='word_1_686' title='bbox 3485 3873 3620 3928; x_wconf 80' lang='lat' dir='ltr'><strong>aﬂ‘e-</strong></span> 
     </span>
    </p>
   </div>
   <div class='ocr_carea' id='block_1_85' title="bbox 2046 3963 3620 4021">
    <p class='ocr_par' dir='ltr' id='par_1_85' title="bbox 2046 3963 3620 4021">
     <span class='ocr_line' id='line_1_85' title="bbox 2046 3963 3620 4021; baseline 0.003 -6"><span class='ocrx_word' id='word_1_687' title='bbox 2046 3982 2066 4015; x_wconf 76' lang='grc' dir='ltr'><strong>ι</strong></span> <span class='ocrx_word' id='word_1_688' title='bbox 2105 3978 2223 4017; x_wconf 90' lang='lat' dir='ltr'><strong>ram</strong></span> <span class='ocrx_word' id='word_1_689' title='bbox 2270 3963 2543 4020; x_wconf 88' lang='lat' dir='ltr'><strong>dicentem</strong></span> <span class='ocrx_word' id='word_1_690' title='bbox 2580 3981 2595 4018; x_wconf 88' lang='lat'><strong>:</strong></span> <span class='ocrx_word' id='word_1_691' title='bbox 2646 3984 2666 4017; x_wconf 78' lang='grc' dir='ltr'><strong>ι</strong></span> <span class='ocrx_word' id='word_1_692' title='bbox 2701 3967 2900 4021; x_wconf 85' lang='lat' dir='ltr'><strong>Adhuc</strong></span> <span class='ocrx_word' id='word_1_693' title='bbox 2934 3966 3107 4020; x_wconf 93' lang='lat' dir='ltr'><strong>multa</strong></span> <span class='ocrx_word' id='word_1_694' title='bbox 3141 3966 3317 4021; x_wconf 82' lang='lat' dir='ltr'><strong>habeo</strong></span> <span class='ocrx_word' id='word_1_695' title='bbox 3342 3965 3500 4021; x_wconf 90' lang='lat' dir='ltr'><strong>vobis</strong></span> <span class='ocrx_word' id='word_1_696' title='bbox 3536 3967 3620 4021; x_wconf 85' lang='lat' dir='ltr'><strong>di-</strong></span> 
     </span>
    </p>
   </div>
   <div class='ocr_carea' id='block_1_86' title="bbox 2045 4057 3618 4128">
    <p class='ocr_par' dir='ltr' id='par_1_86' title="bbox 2045 4057 3618 4128">
     <span class='ocr_line' id='line_1_86' title="bbox 2045 4057 3618 4128; baseline 0.003 -19"><span class='ocrx_word' id='word_1_697' title='bbox 2045 4075 2066 4109; x_wconf 77' lang='grc' dir='ltr'><strong>ι</strong></span> <span class='ocrx_word' id='word_1_698' title='bbox 2107 4072 2251 4123; x_wconf 89' lang='lat' dir='ltr'><strong>cere,</strong></span> <span class='ocrx_word' id='word_1_699' title='bbox 2273 4057 2366 4112; x_wconf 91' lang='lat' dir='ltr'><strong>sed</strong></span> <span class='ocrx_word' id='word_1_700' title='bbox 2393 4073 2502 4113; x_wconf 89' lang='lat' dir='ltr'><strong>non</strong></span> <span class='ocrx_word' id='word_1_701' title='bbox 2527 4058 2755 4128; x_wconf 90' lang='lat' dir='ltr'><strong>potestis</strong></span> <span class='ocrx_word' id='word_1_702' title='bbox 2781 4067 3000 4128; x_wconf 89' lang='lat' dir='ltr'><strong>portare</strong></span> <span class='ocrx_word' id='word_1_703' title='bbox 3029 4060 3188 4114; x_wconf 89' lang='lat' dir='ltr'><strong>modo</strong></span> <span class='ocrx_word' id='word_1_704' title='bbox 3215 4061 3258 4092; x_wconf 85' lang='lat'><strong>&quot;</strong></span> <span class='ocrx_word' id='word_1_705' title='bbox 3293 4076 3306 4114; x_wconf 90' lang='lat'><strong>:</strong></span> <span class='ocrx_word' id='word_1_706' title='bbox 3339 4078 3357 4111; x_wconf 75' lang='grc' dir='ltr'><strong>ι</strong></span> <span class='ocrx_word' id='word_1_707' title='bbox 3396 4059 3618 4128; x_wconf 89' lang='lat' dir='ltr'><strong>quando</strong></span> 
     </span>
    </p>
   </div>
   <div class='ocr_carea' id='block_1_87' title="bbox 2050 4151 3621 4222">
    <p class='ocr_par' dir='ltr' id='par_1_87' title="bbox 2050 4151 3621 4222">
     <span class='ocr_line' id='line_1_87' title="bbox 2050 4151 3621 4222; baseline 0.003 -20"><span class='ocrx_word' id='word_1_708' title='bbox 2050 4168 2070 4202; x_wconf 77' lang='grc' dir='ltr'><strong>ι</strong></span> <span class='ocrx_word' id='word_1_709' title='bbox 2102 4160 2286 4206; x_wconf 90' lang='lat' dir='ltr'><strong>autem</strong></span> <span class='ocrx_word' id='word_1_710' title='bbox 2316 4153 2527 4207; x_wconf 88' lang='lat' dir='ltr'><strong>venerit</strong></span> <span class='ocrx_word' id='word_1_711' title='bbox 2554 4151 2648 4207; x_wconf 89' lang='lat' dir='ltr'><strong>ille</strong></span> <span class='ocrx_word' id='word_1_712' title='bbox 2691 4151 2932 4222; x_wconf 88' lang='lat' dir='ltr'><strong>Spiritus</strong></span> <span class='ocrx_word' id='word_1_713' title='bbox 2963 4151 3230 4218; x_wconf 89' lang='lat' dir='ltr'><strong>veritatis,</strong></span> <span class='ocrx_word' id='word_1_714' title='bbox 3259 4152 3491 4207; x_wconf 88' lang='lat' dir='ltr'><strong>deducet</strong></span> <span class='ocrx_word' id='word_1_715' title='bbox 3524 4167 3621 4207; x_wconf 87' lang='lat' dir='ltr'><strong>vos</strong></span> 
     </span>
    </p>
   </div>
   <div class='ocr_carea' id='block_1_88' title="bbox 2047 4241 3624 4313">
    <p class='ocr_par' dir='ltr' id='par_1_88' title="bbox 2047 4241 3624 4313">
     <span class='ocr_line' id='line_1_88' title="bbox 2047 4241 3624 4313; baseline 0.001 -19"><span class='ocrx_word' id='word_1_716' title='bbox 2047 4259 2068 4294; x_wconf 75' lang='grc' dir='ltr'><strong>ι</strong></span> <span class='ocrx_word' id='word_1_717' title='bbox 2107 4241 2161 4296; x_wconf 90' lang='lat' dir='ltr'><strong>in</strong></span> <span class='ocrx_word' id='word_1_718' title='bbox 2197 4257 2418 4298; x_wconf 89' lang='lat' dir='ltr'><strong>omnem</strong></span> <span class='ocrx_word' id='word_1_719' title='bbox 2472 4243 2758 4297; x_wconf 89' lang='lat' dir='ltr'><strong>veritatem</strong></span> <span class='ocrx_word' id='word_1_720' title='bbox 2813 4259 2828 4296; x_wconf 93' lang='lat'><strong>:</strong></span> <span class='ocrx_word' id='word_1_721' title='bbox 2866 4259 2975 4298; x_wconf 91' lang='lat' dir='ltr'><strong>non</strong></span> <span class='ocrx_word' id='word_1_722' title='bbox 3019 4243 3165 4298; x_wconf 91' lang='lat' dir='ltr'><strong>enim</strong></span> <span class='ocrx_word' id='word_1_723' title='bbox 3202 4244 3458 4313; x_wconf 90' lang='lat' dir='ltr'><strong>loquetur</strong></span> <span class='ocrx_word' id='word_1_724' title='bbox 3489 4259 3520 4298; x_wconf 92' lang='lat' dir='ltr'><strong>a</strong></span> <span class='ocrx_word' id='word_1_725' title='bbox 3563 4258 3624 4298; x_wconf 89' lang='lat' dir='ltr'><strong>se</strong></span> 
     </span>
    </p>
   </div>
   <div class='ocr_carea' id='block_1_89' title="bbox 2049 4333 3622 4404">
    <p class='ocr_par' dir='ltr' id='par_1_89' title="bbox 2049 4333 3622 4404">
     <span class='ocr_line' id='line_1_89' title="bbox 2049 4333 3622 4404; baseline 0.003 -18"><span class='ocrx_word' id='word_1_726' title='bbox 2049 4351 2070 4386; x_wconf 77' lang='grc' dir='ltr'><strong>ι</strong></span> <span class='ocrx_word' id='word_1_727' title='bbox 2104 4333 2244 4402; x_wconf 89' lang='lat' dir='ltr'><strong>ipso,</strong></span> <span class='ocrx_word' id='word_1_728' title='bbox 2281 4334 2376 4390; x_wconf 87' lang='lat' dir='ltr'><strong>sed</strong></span> <span class='ocrx_word' id='word_1_729' title='bbox 2420 4348 2543 4404; x_wconf 67' lang='lat' dir='ltr'><strong>quae</strong></span> <span class='ocrx_word' id='word_1_730' title='bbox 2567 4333 2802 4388; x_wconf 84' lang='lat' dir='ltr'><strong>audierit</strong></span> <span class='ocrx_word' id='word_1_731' title='bbox 2846 4333 3123 4403; x_wconf 89' lang='lat' dir='ltr'><strong>loquetur,</strong></span> <span class='ocrx_word' id='word_1_732' title='bbox 3155 4344 3209 4389; x_wconf 90' lang='lat' dir='ltr'><strong>et</strong></span> <span class='ocrx_word' id='word_1_733' title='bbox 3242 4350 3363 4404; x_wconf 85' lang='lat' dir='ltr'><strong>quae</strong></span> <span class='ocrx_word' id='word_1_734' title='bbox 3395 4343 3622 4390; x_wconf 74' lang='lat' dir='ltr'><strong>ventura</strong></span> 
     </span>
    </p>
   </div>
   <div class='ocr_carea' id='block_1_90' title="bbox 2049 4423 3747 4495">
    <p class='ocr_par' dir='ltr' id='par_1_90' title="bbox 2049 4423 3747 4495">
     <span class='ocr_line' id='line_1_90' title="bbox 2049 4423 3747 4495; baseline -0.002 -14"><span class='ocrx_word' id='word_1_735' title='bbox 2049 4445 2072 4481; x_wconf 75' lang='grc' dir='ltr'><strong>ι</strong></span> <span class='ocrx_word' id='word_1_736' title='bbox 2113 4435 2244 4482; x_wconf 86' lang='lat' dir='ltr'><strong>sunt</strong></span> <span class='ocrx_word' id='word_1_737' title='bbox 2276 4426 2624 4482; x_wconf 88' lang='lat' dir='ltr'><strong>annuntiabit</strong></span> <span class='ocrx_word' id='word_1_738' title='bbox 2653 4424 2836 4481; x_wconf 90' lang='lat' dir='ltr'><strong>vobis.</strong></span> <span class='ocrx_word' id='word_1_739' title='bbox 2875 4423 3074 4480; x_wconf 88' lang='lat' dir='ltr'><strong>Omnia</strong></span> <span class='ocrx_word' id='word_1_740' title='bbox 3102 4441 3224 4495; x_wconf 78' lang='lat' dir='ltr'><strong>quae</strong></span> <span class='ocrx_word' id='word_1_741' title='bbox 3269 4426 3432 4480; x_wconf 84' lang='lat' dir='ltr'><strong>habet</strong></span> <span class='ocrx_word' id='word_1_742' title='bbox 3461 4425 3624 4482; x_wconf 85' lang='lat' dir='ltr'><strong>Pater</strong></span> <span class='ocrx_word' id='word_1_743' title='bbox 3737 4469 3747 4477; x_wconf 89' lang='lat'><strong>.</strong></span> 
     </span>
    </p>
   </div>
   <div class='ocr_carea' id='block_1_91' title="bbox 2052 4518 3622 4590">
    <p class='ocr_par' dir='ltr' id='par_1_91' title="bbox 2052 4518 3622 4590">
     <span class='ocr_line' id='line_1_91' title="bbox 2052 4518 3622 4590; baseline 0 -16"><span class='ocrx_word' id='word_1_744' title='bbox 2052 4538 2072 4574; x_wconf 75' lang='grc' dir='ltr'><strong>ι</strong></span> <span class='ocrx_word' id='word_1_745' title='bbox 2109 4535 2233 4577; x_wconf 89' lang='lat' dir='ltr'><strong>mea</strong></span> <span class='ocrx_word' id='word_1_746' title='bbox 2283 4527 2414 4576; x_wconf 87' lang='lat' dir='ltr'><strong>sunt</strong></span> <span class='ocrx_word' id='word_1_747' title='bbox 2469 4539 2483 4574; x_wconf 90' lang='lat'><strong>:</strong></span> <span class='ocrx_word' id='word_1_748' title='bbox 2545 4527 2836 4590; x_wconf 88' lang='lat' dir='ltr'><strong>propterea</strong></span> <span class='ocrx_word' id='word_1_749' title='bbox 2887 4519 3001 4572; x_wconf 79' lang='lat' dir='ltr'><strong>dixi</strong></span> <span class='ocrx_word' id='word_1_750' title='bbox 3047 4518 3200 4572; x_wconf 84' lang='lat' dir='ltr'><strong>vobis</strong></span> <span class='ocrx_word' id='word_1_751' title='bbox 3228 4519 3274 4550; x_wconf 74' lang='grc'><strong>³⁸</strong></span> <span class='ocrx_word' id='word_1_752' title='bbox 3324 4519 3452 4588; x_wconf 89' lang='lat' dir='ltr'><strong>quia</strong></span> <span class='ocrx_word' id='word_1_753' title='bbox 3491 4536 3508 4569; x_wconf 81' lang='grc' dir='ltr'><strong>ι</strong></span> <span class='ocrx_word' id='word_1_754' title='bbox 3547 4519 3622 4574; x_wconf 83' lang='lat' dir='ltr'><strong>De</strong></span> 
     </span>
    </p>
   </div>
   <div class='ocr_carea' id='block_1_92' title="bbox 362 4608 1929 4685">
    <p class='ocr_par' dir='ltr' id='par_1_92' title="bbox 362 4608 1929 4680">
     <span class='ocr_line' id='line_1_92' title="bbox 362 4608 1929 4680; baseline 0.004 -18"><span class='ocrx_word' id='word_1_755' title='bbox 362 4631 381 4662; x_wconf 74' lang='grc' dir='ltr'><strong>ι</strong></span> <span class='ocrx_word' id='word_1_756' title='bbox 420 4611 521 4664; x_wconf 81' lang='grc' dir='ltr'><strong>καὶ</strong></span> <span class='ocrx_word' id='word_1_757' title='bbox 576 4608 644 4664; x_wconf 81' lang='grc' dir='ltr'><strong>τὰ</strong></span> <span class='ocrx_word' id='word_1_758' title='bbox 691 4611 965 4679; x_wconf 72' lang='grc' dir='ltr'>ἐρχόμενα</span> <span class='ocrx_word' id='word_1_759' title='bbox 1026 4609 1323 4678; x_wconf 82' lang='grc' dir='ltr'>ἀναγγελεῖ</span> <span class='ocrx_word' id='word_1_760' title='bbox 1377 4612 1531 4680; x_wconf 83' lang='grc' dir='ltr'>ὑμῖν.</span> <span class='ocrx_word' id='word_1_761' title='bbox 1593 4613 1778 4668; x_wconf 89' lang='grc' dir='ltr'>Πάντα</span> <span class='ocrx_word' id='word_1_762' title='bbox 1844 4615 1929 4668; x_wconf 74' lang='grc' dir='ltr'><strong>ὅσα</strong></span> 
     </span>
    </p>
   </div>
   <div class='ocr_carea' id='block_1_93' title="bbox 2041 4608 3628 4685">
    <p class='ocr_par' dir='ltr' id='par_1_93' title="bbox 2063 4611 3628 4685">
     <span class='ocr_line' id='line_1_93' title="bbox 2063 4611 3628 4685; baseline -0.004 -15"><span class='ocrx_word' id='word_1_763' title='bbox 2063 4635 2084 4670; x_wconf 73' lang='grc' dir='ltr'><strong>ι</strong></span> <span class='ocrx_word' id='word_1_764' title='bbox 2124 4631 2246 4671; x_wconf 87' lang='lat' dir='ltr'><strong>meo</strong></span> <span class='ocrx_word' id='word_1_765' title='bbox 2275 4614 2509 4685; x_wconf 87' lang='lat' dir='ltr'><strong>accipiet</strong></span> <span class='ocrx_word' id='word_1_766' title='bbox 2548 4622 2603 4669; x_wconf 89' lang='lat' dir='ltr'><strong>et</strong></span> <span class='ocrx_word' id='word_1_767' title='bbox 2658 4612 3008 4668; x_wconf 89' lang='lat' dir='ltr'><strong>annuntiabit</strong></span> <span class='ocrx_word' id='word_1_768' title='bbox 3043 4611 3222 4666; x_wconf 91' lang='lat' dir='ltr'><strong>vobis.</strong></span> <span class='ocrx_word' id='word_1_769' title='bbox 3262 4629 3280 4663; x_wconf 72' lang='grc' dir='ltr'><strong>ι</strong></span> <span class='ocrx_word' id='word_1_770' title='bbox 3318 4612 3512 4665; x_wconf 80' lang='lat' dir='ltr'><strong>Annon</strong></span> <span class='ocrx_word' id='word_1_771' title='bbox 3545 4613 3628 4664; x_wconf 90' lang='lat' dir='ltr'><strong>in-</strong></span> 
     </span>
    </p>
   </div>
   <div class='ocr_carea' id='block_1_94' title="bbox 363 4702 1942 4777">
    <p class='ocr_par' dir='ltr' id='par_1_94' title="bbox 363 4702 1942 4777">
     <span class='ocr_line' id='line_1_94' title="bbox 363 4702 1942 4777; baseline 0.001 -21"><span class='ocrx_word' id='word_1_772' title='bbox 363 4723 383 4756; x_wconf 74' lang='grc' dir='ltr'><strong>ι</strong></span> <span class='ocrx_word' id='word_1_773' title='bbox 421 4703 536 4773; x_wconf 71' lang='grc' dir='ltr'>ἔχει</span> <span class='ocrx_word' id='word_1_774' title='bbox 590 4703 619 4755; x_wconf 89' lang='lat'><strong>6</strong></span> <span class='ocrx_word' id='word_1_775' title='bbox 669 4703 880 4774; x_wconf 81' lang='grc' dir='ltr'>Πατὴρ,</span> <span class='ocrx_word' id='word_1_776' title='bbox 912 4703 1021 4772; x_wconf 76' lang='grc' dir='ltr'>ἐμά</span> <span class='ocrx_word' id='word_1_777' title='bbox 1053 4707 1167 4756; x_wconf 76' lang='grc' dir='ltr'>ἐστι</span> <span class='ocrx_word' id='word_1_778' title='bbox 1199 4719 1211 4732; x_wconf 91' lang='grc'><strong>·</strong></span> <span class='ocrx_word' id='word_1_779' title='bbox 1241 4703 1328 4756; x_wconf 86' lang='grc' dir='ltr'>διὰ</span> <span class='ocrx_word' id='word_1_780' title='bbox 1379 4703 1536 4758; x_wconf 87' lang='grc' dir='ltr'>τοῦτο</span> <span class='ocrx_word' id='word_1_781' title='bbox 1579 4702 1734 4760; x_wconf 77' lang='grc' dir='ltr'>εἷπον</span> <span class='ocrx_word' id='word_1_782' title='bbox 1793 4708 1942 4777; x_wconf 79' lang='grc' dir='ltr'>ὑμῖν,</span> 
     </span>
    </p>
   </div>
   <div class='ocr_carea' id='block_1_95' title="bbox 364 4793 1938 4867">
    <p class='ocr_par' dir='ltr' id='par_1_95' title="bbox 364 4793 1938 4867">
     <span class='ocr_line' id='line_1_95' title="bbox 364 4793 1938 4867; baseline 0.003 -19"><span class='ocrx_word' id='word_1_783' title='bbox 364 4817 384 4848; x_wconf 76' lang='grc' dir='ltr'><strong>ι</strong></span> <span class='ocrx_word' id='word_1_784' title='bbox 426 4799 511 4849; x_wconf 81' lang='grc' dir='ltr'>ὅτι</span> <span class='ocrx_word' id='word_1_785' title='bbox 544 4796 610 4850; x_wconf 78' lang='grc' dir='ltr'><strong>ἐκ</strong></span> <span class='ocrx_word' id='word_1_786' title='bbox 640 4793 737 4849; x_wconf 85' lang='grc' dir='ltr'><strong>τοῦ</strong></span> <span class='ocrx_word' id='word_1_787' title='bbox 773 4794 907 4864; x_wconf 76' lang='grc' dir='ltr'>ἐμοῦ</span> <span class='ocrx_word' id='word_1_788' title='bbox 938 4795 1230 4866; x_wconf 77' lang='grc' dir='ltr'>λαμϐάνει,</span> <span class='ocrx_word' id='word_1_789' title='bbox 1267 4797 1364 4850; x_wconf 75' lang='grc' dir='ltr'>καὶ</span> <span class='ocrx_word' id='word_1_790' title='bbox 1401 4797 1700 4866; x_wconf 83' lang='grc' dir='ltr'>ἀναγγελεί</span> <span class='ocrx_word' id='word_1_791' title='bbox 1724 4799 1877 4867; x_wconf 88' lang='grc' dir='ltr'>ὑμῖν.</span> <span class='ocrx_word' id='word_1_792' title='bbox 1921 4819 1938 4852; x_wconf 72' lang='grc' dir='ltr'><strong>ι</strong></span> 
     </span>
    </p>
   </div>
   <div class='ocr_carea' id='block_1_96' title="bbox 365 4888 1947 4960">
    <p class='ocr_par' dir='ltr' id='par_1_96' title="bbox 365 4888 1947 4960">
     <span class='ocr_line' id='line_1_96' title="bbox 365 4888 1947 4960; baseline 0.001 -17"><span class='ocrx_word' id='word_1_793' title='bbox 365 4909 387 4943; x_wconf 68' lang='grc' dir='ltr'><strong>ε</strong></span> <span class='ocrx_word' id='word_1_794' title='bbox 429 4888 502 4944; x_wconf 86' lang='grc' dir='ltr'><strong>Ἦ</strong></span> <span class='ocrx_word' id='word_1_795' title='bbox 537 4889 641 4942; x_wconf 80' lang='grc' dir='ltr'><strong>οὐκ</strong></span> <span class='ocrx_word' id='word_1_796' title='bbox 673 4890 932 4960; x_wconf 82' lang='grc' dir='ltr'>ἀποχρῶν</span> <span class='ocrx_word' id='word_1_797' title='bbox 985 4890 1014 4942; x_wconf 91' lang='lat'><strong>6</strong></span> <span class='ocrx_word' id='word_1_798' title='bbox 1070 4890 1228 4958; x_wconf 86' lang='grc' dir='ltr'>λόγος</span> <span class='ocrx_word' id='word_1_799' title='bbox 1281 4891 1361 4952; x_wconf 82' lang='grc' dir='ltr'>εἰς</span> <span class='ocrx_word' id='word_1_800' title='bbox 1418 4890 1794 4960; x_wconf 82' lang='grc' dir='ltr'>πληροφορίαν</span> <span class='ocrx_word' id='word_1_801' title='bbox 1836 4894 1947 4954; x_wconf 84' lang='grc' dir='ltr'>τοῖς</span> 
     </span>
    </p>
   </div>
   <div class='ocr_carea' id='block_1_97' title="bbox 369 4977 1946 5049">
    <p class='ocr_par' dir='ltr' id='par_1_97' title="bbox 369 4977 1946 5049">
     <span class='ocr_line' id='line_1_97' title="bbox 369 4977 1946 5049; baseline 0.001 -16"><span class='ocrx_word' id='word_1_802' title='bbox 369 5001 390 5033; x_wconf 86' lang='grc'><em>‹</em></span> <span class='ocrx_word' id='word_1_803' title='bbox 430 4981 657 5049; x_wconf 79' lang='grc' dir='ltr'>σοφοῖς,</span> <span class='ocrx_word' id='word_1_804' title='bbox 714 4977 789 5041; x_wconf 86' lang='grc' dir='ltr'>ὡς</span> <span class='ocrx_word' id='word_1_805' title='bbox 841 4978 974 5031; x_wconf 76' lang='grc' dir='ltr'>ἴδιον</span> <span class='ocrx_word' id='word_1_806' title='bbox 1045 4978 1144 5046; x_wconf 85' lang='grc' dir='ltr'>μέν</span> <span class='ocrx_word' id='word_1_807' title='bbox 1211 4995 1344 5047; x_wconf 82' lang='grc' dir='ltr'>φησι</span> <span class='ocrx_word' id='word_1_808' title='bbox 1404 4979 1498 5030; x_wconf 82' lang='grc' dir='ltr'><strong>τὸν</strong></span> <span class='ocrx_word' id='word_1_809' title='bbox 1565 4979 1946 5048; x_wconf 85' lang='grc' dir='ltr'>Παράκλητον.</span> 
     </span>
    </p>
   </div>
   <div class='ocr_carea' id='block_1_98' title="bbox 369 5071 1948 5144">
    <p class='ocr_par' dir='ltr' id='par_1_98' title="bbox 369 5071 1948 5144">
     <span class='ocr_line' id='line_1_98' title="bbox 369 5071 1948 5144; baseline 0.001 -18"><span class='ocrx_word' id='word_1_810' title='bbox 369 5096 388 5127; x_wconf 73' lang='grc' dir='ltr'><strong>ε</strong></span> <span class='ocrx_word' id='word_1_811' title='bbox 429 5073 660 5142; x_wconf 87' lang='grc' dir='ltr'>Πνεῦμα</span> <span class='ocrx_word' id='word_1_812' title='bbox 683 5073 793 5143; x_wconf 81' lang='grc' dir='ltr'><strong>γὰρ</strong></span> <span class='ocrx_word' id='word_1_813' title='bbox 826 5071 1085 5140; x_wconf 83' lang='grc' dir='ltr'>ἀληθείας</span> <span class='ocrx_word' id='word_1_814' title='bbox 1114 5073 1402 5141; x_wconf 84' lang='grc' dir='ltr'>ὠνόμασεν</span> <span class='ocrx_word' id='word_1_815' title='bbox 1434 5072 1598 5126; x_wconf 89' lang='grc' dir='ltr'>αὑτόν</span> <span class='ocrx_word' id='word_1_816' title='bbox 1626 5089 1644 5105; x_wconf 79' lang='grc' dir='ltr'><strong>ο</strong></span> <span class='ocrx_word' id='word_1_817' title='bbox 1665 5074 1764 5144; x_wconf 86' lang='grc' dir='ltr'><strong>οὐχ</strong></span> <span class='ocrx_word' id='word_1_818' title='bbox 1784 5075 1948 5144; x_wconf 81' lang='grc' dir='ltr'>ἑτέρα</span> 
     </span>
    </p>
   </div>
   <div class='ocr_carea' id='block_1_99' title="bbox 373 5161 1951 5236">
    <p class='ocr_par' dir='ltr' id='par_1_99' title="bbox 373 5161 1951 5236">
     <span class='ocr_line' id='line_1_99' title="bbox 373 5161 1951 5236; baseline 0.001 -18"><span class='ocrx_word' id='word_1_819' title='bbox 373 5187 393 5218; x_wconf 78' lang='grc' dir='ltr'><strong>ι</strong></span> <span class='ocrx_word' id='word_1_820' title='bbox 430 5165 490 5219; x_wconf 85' lang='grc' dir='ltr'>δὲ</span> <span class='ocrx_word' id='word_1_821' title='bbox 523 5165 655 5236; x_wconf 86' lang='grc' dir='ltr'>παρ’</span> <span class='ocrx_word' id='word_1_822' title='bbox 697 5165 864 5217; x_wconf 84' lang='grc' dir='ltr'>αὑτὸν</span> <span class='ocrx_word' id='word_1_823' title='bbox 889 5163 1204 5234; x_wconf 79' lang='grc' dir='ltr'>ἠ¹άλήθεια.</span> <span class='ocrx_word' id='word_1_824' title='bbox 1251 5161 1572 5232; x_wconf 76' lang='grc' dir='ltr'>Προστιθεὶς</span> <span class='ocrx_word' id='word_1_825' title='bbox 1615 5163 1672 5216; x_wconf 82' lang='grc' dir='ltr'>δὲ</span> <span class='ocrx_word' id='word_1_826' title='bbox 1702 5165 1808 5228; x_wconf 82' lang='grc' dir='ltr'>ὅτι,</span> <span class='ocrx_word' id='word_1_827' title='bbox 1854 5165 1951 5219; x_wconf 84' lang='grc' dir='ltr'>Ἐκ</span> 
     </span>
    </p>
   </div>
   <div class='ocr_carea' id='block_1_100' title="bbox 374 5256 1951 5329">
    <p class='ocr_par' dir='ltr' id='par_1_100' title="bbox 374 5256 1951 5329">
     <span class='ocr_line' id='line_1_100' title="bbox 374 5256 1951 5329; baseline 0 -19"><span class='ocrx_word' id='word_1_828' title='bbox 374 5280 394 5310; x_wconf 71' lang='grc' dir='ltr'><strong>ε</strong></span> <span class='ocrx_word' id='word_1_829' title='bbox 433 5259 531 5312; x_wconf 85' lang='grc' dir='ltr'><strong>τοῦ</strong></span> <span class='ocrx_word' id='word_1_830' title='bbox 564 5257 700 5329; x_wconf 75' lang='grc' dir='ltr'>ἐμοῦ</span> <span class='ocrx_word' id='word_1_831' title='bbox 733 5257 987 5328; x_wconf 79' lang='grc' dir='ltr'>λήψεται,</span> <span class='ocrx_word' id='word_1_832' title='bbox 1015 5256 1112 5328; x_wconf 86' lang='grc' dir='ltr'>τὴν</span> <span class='ocrx_word' id='word_1_833' title='bbox 1136 5256 1368 5324; x_wconf 85' lang='grc' dir='ltr'>οὑσιὼδη</span> <span class='ocrx_word' id='word_1_834' title='bbox 1412 5256 1509 5308; x_wconf 75' lang='grc' dir='ltr'><strong>καὶ</strong></span> <span class='ocrx_word' id='word_1_835' title='bbox 1545 5257 1782 5328; x_wconf 80' lang='grc' dir='ltr'>φυσικὴν</span> <span class='ocrx_word' id='word_1_836' title='bbox 1820 5256 1951 5310; x_wconf 79' lang='grc' dir='ltr'>ἰδιό-</span> 
     </span>
    </p>
   </div>
   <div class='ocr_carea' id='block_1_101' title="bbox 377 5348 1953 5422">
    <p class='ocr_par' dir='ltr' id='par_1_101' title="bbox 377 5348 1953 5422">
     <span class='ocr_line' id='line_1_101' title="bbox 377 5348 1953 5422; baseline -0.001 -18"><span class='ocrx_word' id='word_1_837' title='bbox 377 5371 397 5404; x_wconf 75' lang='grc' dir='ltr'><strong>ι</strong></span> <span class='ocrx_word' id='word_1_838' title='bbox 436 5367 580 5422; x_wconf 85' lang='grc' dir='ltr'>τητα</span> <span class='ocrx_word' id='word_1_839' title='bbox 639 5349 875 5420; x_wconf 83' lang='grc' dir='ltr'>δέδειχεν</span> <span class='ocrx_word' id='word_1_840' title='bbox 922 5349 1194 5419; x_wconf 77' lang='grc' dir='ltr'>ἐναργῶς,</span> <span class='ocrx_word' id='word_1_841' title='bbox 1246 5349 1368 5401; x_wconf 87' lang='grc' dir='ltr'>καθ’</span> <span class='ocrx_word' id='word_1_842' title='bbox 1421 5349 1489 5421; x_wconf 70' lang='grc' dir='ltr'>ἣν</span> <span class='ocrx_word' id='word_1_843' title='bbox 1537 5348 1597 5402; x_wconf 76' lang='grc' dir='ltr'>ἓν</span> <span class='ocrx_word' id='word_1_844' title='bbox 1643 5351 1765 5402; x_wconf 79' lang='grc' dir='ltr'>ἐστι</span> <span class='ocrx_word' id='word_1_845' title='bbox 1813 5349 1953 5416; x_wconf 81' lang='grc' dir='ltr'>πρὸς</span> 
     </span>
    </p>
   </div>
   <div class='ocr_carea' id='block_1_102' title="bbox 2062 4701 3629 4777">
    <p class='ocr_par' dir='ltr' id='par_1_102' title="bbox 2062 4701 3629 4777">
     <span class='ocr_line' id='line_1_102' title="bbox 2062 4701 3629 4777; baseline -0.001 -18"><span class='ocrx_word' id='word_1_846' title='bbox 2062 4725 2081 4759; x_wconf 76' lang='grc' dir='ltr'><strong>ι</strong></span> <span class='ocrx_word' id='word_1_847' title='bbox 2120 4705 2423 4777; x_wconf 83' lang='lat' dir='ltr'><strong>telligentes</strong></span> <span class='ocrx_word' id='word_1_848' title='bbox 2471 4719 2652 4759; x_wconf 90' lang='lat' dir='ltr'><strong>sermo</strong></span> <span class='ocrx_word' id='word_1_849' title='bbox 2701 4704 2792 4759; x_wconf 89' lang='lat' dir='ltr'><strong>ille</strong></span> <span class='ocrx_word' id='word_1_850' title='bbox 2837 4701 3238 4759; x_wconf 76' lang='lat' dir='ltr'><strong>sufficientibus</strong></span> <span class='ocrx_word' id='word_1_851' title='bbox 3290 4705 3629 4773; x_wconf 76' lang='lat' dir='ltr'><strong>argumentis</strong></span> 
     </span>
    </p>
   </div>
   <div class='ocr_carea' id='block_1_103' title="bbox 2060 4793 3631 4868">
    <p class='ocr_par' dir='ltr' id='par_1_103' title="bbox 2060 4793 3631 4868">
     <span class='ocr_line' id='line_1_103' title="bbox 2060 4793 3631 4868; baseline -0.002 -17"><span class='ocrx_word' id='word_1_852' title='bbox 2060 4817 2079 4851; x_wconf 81' lang='grc' dir='ltr'><strong>ι</strong></span> <span class='ocrx_word' id='word_1_853' title='bbox 2117 4799 2296 4864; x_wconf 85' lang='lat' dir='ltr'><strong>docet,</strong></span> <span class='ocrx_word' id='word_1_854' title='bbox 2315 4799 2596 4868; x_wconf 88' lang='lat' dir='ltr'><strong>proprium</strong></span> <span class='ocrx_word' id='word_1_855' title='bbox 2629 4797 2848 4865; x_wconf 88' lang='lat' dir='ltr'><strong>quidem</strong></span> <span class='ocrx_word' id='word_1_856' title='bbox 2882 4797 3064 4851; x_wconf 88' lang='lat' dir='ltr'><strong>dicere</strong></span> <span class='ocrx_word' id='word_1_857' title='bbox 3091 4793 3472 4849; x_wconf 78' lang='lat' dir='ltr'><strong>Paracletnm?</strong></span> <span class='ocrx_word' id='word_1_858' title='bbox 3504 4794 3631 4864; x_wconf 87' lang='lat' dir='ltr'><strong>Spi-</strong></span> 
     </span>
    </p>
   </div>
   <div class='ocr_carea' id='block_1_104' title="bbox 2064 4886 3665 4952">
    <p class='ocr_par' dir='ltr' id='par_1_104' title="bbox 2064 4886 3665 4952">
     <span class='ocr_line' id='line_1_104' title="bbox 2064 4886 3665 4952; baseline -0.002 -8"><span class='ocrx_word' id='word_1_859' title='bbox 2064 4911 2082 4944; x_wconf 79' lang='grc' dir='ltr'><strong>ι</strong></span> <span class='ocrx_word' id='word_1_860' title='bbox 2116 4893 2286 4946; x_wconf 89' lang='lat' dir='ltr'><strong>ritum</strong></span> <span class='ocrx_word' id='word_1_861' title='bbox 2335 4890 2482 4945; x_wconf 92' lang='lat' dir='ltr'><strong>enim</strong></span> <span class='ocrx_word' id='word_1_862' title='bbox 2525 4889 2772 4944; x_wconf 87' lang='lat' dir='ltr'><strong>veritatis</strong></span> <span class='ocrx_word' id='word_1_863' title='bbox 2814 4887 3120 4943; x_wconf 82' lang='lat' dir='ltr'><strong>nominavit</strong></span> <span class='ocrx_word' id='word_1_864' title='bbox 3147 4888 3326 4952; x_wconf 89' lang='lat' dir='ltr'><strong>illum,</strong></span> <span class='ocrx_word' id='word_1_865' title='bbox 3372 4902 3483 4941; x_wconf 91' lang='lat' dir='ltr'><strong>non</strong></span> <span class='ocrx_word' id='word_1_866' title='bbox 3525 4886 3665 4941; x_wconf 70' lang='lat' dir='ltr'><strong>alia.</strong></span> 
     </span>
    </p>
   </div>
   <div class='ocr_carea' id='block_1_105' title="bbox 2067 4979 3663 5050">
    <p class='ocr_par' dir='ltr' id='par_1_105' title="bbox 2067 4979 3663 5050">
     <span class='ocr_line' id='line_1_105' title="bbox 2067 4979 3663 5050; baseline -0.003 -12"><span class='ocrx_word' id='word_1_867' title='bbox 2067 5002 2086 5034; x_wconf 74' lang='grc' dir='ltr'><strong>ι</strong></span> <span class='ocrx_word' id='word_1_868' title='bbox 2124 4991 2308 5038; x_wconf 88' lang='lat' dir='ltr'><strong>autem</strong></span> <span class='ocrx_word' id='word_1_869' title='bbox 2335 4983 2403 5036; x_wconf 89' lang='lat' dir='ltr'><strong>ab</strong></span> <span class='ocrx_word' id='word_1_870' title='bbox 2431 4982 2552 5050; x_wconf 88' lang='lat' dir='ltr'><strong>ipso</strong></span> <span class='ocrx_word' id='word_1_871' title='bbox 2582 4990 2667 5036; x_wconf 90' lang='lat' dir='ltr'><strong>est</strong></span> <span class='ocrx_word' id='word_1_872' title='bbox 2709 4979 2934 5036; x_wconf 87' lang='lat' dir='ltr'><strong>veritas.</strong></span> <span class='ocrx_word' id='word_1_873' title='bbox 2971 4979 3254 5049; x_wconf 83' lang='lat' dir='ltr'><strong>Adjiciens</strong></span> <span class='ocrx_word' id='word_1_874' title='bbox 3292 4994 3478 5049; x_wconf 91' lang='lat' dir='ltr'><strong>porro,</strong></span> <span class='ocrx_word' id='word_1_875' title='bbox 3515 4996 3533 5029; x_wconf 75' lang='grc' dir='ltr'><strong>ι</strong></span> <span class='ocrx_word' id='word_1_876' title='bbox 3567 4979 3663 5034; x_wconf 79' lang='lat' dir='ltr'><strong>de.</strong></span> 
     </span>
    </p>
   </div>
   <div class='ocr_carea' id='block_1_106' title="bbox 2067 5069 3633 5142">
    <p class='ocr_par' dir='ltr' id='par_1_106' title="bbox 2067 5069 3633 5142">
     <span class='ocr_line' id='line_1_106' title="bbox 2067 5069 3633 5142; baseline -0.003 -15"><span class='ocrx_word' id='word_1_877' title='bbox 2067 5094 2084 5127; x_wconf 80' lang='grc' dir='ltr'><strong>ι</strong></span> <span class='ocrx_word' id='word_1_878' title='bbox 2123 5089 2246 5129; x_wconf 87' lang='lat' dir='ltr'><strong>meo</strong></span> <span class='ocrx_word' id='word_1_879' title='bbox 2280 5073 2532 5142; x_wconf 87' lang='lat' dir='ltr'><strong>accipiet,</strong></span> <span class='ocrx_word' id='word_1_880' title='bbox 2570 5092 2590 5126; x_wconf 72' lang='grc' dir='ltr'><strong>ι</strong></span> <span class='ocrx_word' id='word_1_881' title='bbox 2638 5072 3167 5128; x_wconf 86' lang='lat' dir='ltr'><strong>consubstantialem</strong></span> <span class='ocrx_word' id='word_1_882' title='bbox 3216 5079 3271 5126; x_wconf 89' lang='lat' dir='ltr'><strong>et</strong></span> <span class='ocrx_word' id='word_1_883' title='bbox 3324 5069 3633 5124; x_wconf 84' lang='lat' dir='ltr'><strong>naturalem</strong></span> 
     </span>
    </p>
   </div>
   <div class='ocr_carea' id='block_1_107' title="bbox 2065 5161 3630 5236">
    <p class='ocr_par' dir='ltr' id='par_1_107' title="bbox 2065 5161 3630 5236">
     <span class='ocr_line' id='line_1_107' title="bbox 2065 5161 3630 5236; baseline -0.002 -20"><span class='ocrx_word' id='word_1_884' title='bbox 2065 5184 2083 5216; x_wconf 73' lang='grc' dir='ltr'><strong>ι</strong></span> <span class='ocrx_word' id='word_1_885' title='bbox 2121 5165 2507 5236; x_wconf 88' lang='lat' dir='ltr'><strong>proprietatem</strong></span> <span class='ocrx_word' id='word_1_886' title='bbox 2537 5163 2778 5218; x_wconf 84' lang='lat' dir='ltr'><strong>ostendit</strong></span> <span class='ocrx_word' id='word_1_887' title='bbox 2805 5162 3103 5228; x_wconf 90' lang='lat' dir='ltr'><strong>evidenter,</strong></span> <span class='ocrx_word' id='word_1_888' title='bbox 3133 5161 3436 5217; x_wconf 86' lang='lat' dir='ltr'><strong>secundum</strong></span> <span class='ocrx_word' id='word_1_889' title='bbox 3464 5175 3630 5230; x_wconf 86' lang='lat' dir='ltr'><strong>quam</strong></span> 
     </span>
    </p>
   </div>
   <div class='ocr_carea' id='block_1_108' title="bbox 2064 5249 3630 5324">
    <p class='ocr_par' dir='ltr' id='par_1_108' title="bbox 2064 5249 3630 5324">
     <span class='ocr_line' id='line_1_108' title="bbox 2064 5249 3630 5324; baseline -0.005 -13"><span class='ocrx_word' id='word_1_890' title='bbox 2064 5276 2082 5310; x_wconf 81' lang='grc' dir='ltr'><strong>ι</strong></span> <span class='ocrx_word' id='word_1_891' title='bbox 2119 5270 2263 5311; x_wconf 84' lang='lat' dir='ltr'><strong>unus</strong></span> <span class='ocrx_word' id='word_1_892' title='bbox 2315 5261 2401 5309; x_wconf 86' lang='lat' dir='ltr'><strong>est</strong></span> <span class='ocrx_word' id='word_1_893' title='bbox 2451 5269 2576 5308; x_wconf 89' lang='lat' dir='ltr'><strong>cum</strong></span> <span class='ocrx_word' id='word_1_894' title='bbox 2629 5255 2750 5324; x_wconf 92' lang='lat' dir='ltr'><strong>ipso</strong></span> <span class='ocrx_word' id='word_1_895' title='bbox 2813 5253 3052 5323; x_wconf 91' lang='lat' dir='ltr'><strong>Spiritus</strong></span> <span class='ocrx_word' id='word_1_896' title='bbox 3103 5253 3243 5322; x_wconf 87' lang='lat' dir='ltr'><strong>ejus.</strong></span> <span class='ocrx_word' id='word_1_897' title='bbox 3299 5249 3421 5305; x_wconf 85' lang='lat' dir='ltr'><strong>Non</strong></span> <span class='ocrx_word' id='word_1_898' title='bbox 3482 5249 3630 5304; x_wconf 89' lang='lat' dir='ltr'><strong>enim</strong></span> 
     </span>
    </p>
   </div>
   <div class='ocr_carea' id='block_1_109' title="bbox 2066 5331 3628 5418">
    <p class='ocr_par' dir='ltr' id='par_1_109' title="bbox 2066 5331 3628 5418">
     <span class='ocr_line' id='line_1_109' title="bbox 2066 5331 3628 5418; baseline -0.005 -16"><span class='ocrx_word' id='word_1_899' title='bbox 2066 5368 2085 5402; x_wconf 80' lang='grc' dir='ltr'><strong>ι</strong></span> <span class='ocrx_word' id='word_1_900' title='bbox 2122 5346 2503 5418; x_wconf 86' lang='lat' dir='ltr'><strong>participative</strong></span> <span class='ocrx_word' id='word_1_901' title='bbox 2563 5331 2869 5415; x_wconf 71' lang='lat' dir='ltr'><strong>sapientem</strong></span> <span class='ocrx_word' id='word_1_902' title='bbox 2907 5345 3024 5400; x_wconf 90' lang='lat' dir='ltr'><strong>fore</strong></span> <span class='ocrx_word' id='word_1_903' title='bbox 3064 5344 3132 5399; x_wconf 88' lang='lat' dir='ltr'><strong>ab</strong></span> <span class='ocrx_word' id='word_1_904' title='bbox 3184 5345 3304 5414; x_wconf 88' lang='lat' dir='ltr'><strong>ipso</strong></span> <span class='ocrx_word' id='word_1_905' title='bbox 3361 5341 3628 5412; x_wconf 86' lang='lat' dir='ltr'><strong>Spiritum</strong></span> 
     </span>
    </p>
   </div>
   <div class='ocr_carea' id='block_1_110' title="bbox 383 5431 1929 5510">
    <p class='ocr_par' dir='ltr' id='par_1_110' title="bbox 383 5438 1928 5510">
     <span class='ocr_line' id='line_1_110' title="bbox 383 5438 1928 5510; baseline -0.001 -16"><span class='ocrx_word' id='word_1_906' title='bbox 383 5462 401 5494; x_wconf 74' lang='grc' dir='ltr'><strong>ι</strong></span> <span class='ocrx_word' id='word_1_907' title='bbox 442 5441 609 5494; x_wconf 80' lang='grc' dir='ltr'>αὑτὸν</span> <span class='ocrx_word' id='word_1_908' title='bbox 642 5439 704 5493; x_wconf 80' lang='grc' dir='ltr'>τὸ</span> <span class='ocrx_word' id='word_1_909' title='bbox 735 5439 963 5508; x_wconf 82' lang='grc' dir='ltr'>Πνεῦμα</span> <span class='ocrx_word' id='word_1_910' title='bbox 992 5438 1181 5505; x_wconf 58' lang='grc' dir='ltr'>αὑτοῦ,</span> <span class='ocrx_word' id='word_1_911' title='bbox 1210 5439 1285 5491; x_wconf 87' lang='grc' dir='ltr'>Ού</span> <span class='ocrx_word' id='word_1_912' title='bbox 1315 5439 1424 5510; x_wconf 88' lang='grc' dir='ltr'><strong>γάρ</strong></span> <span class='ocrx_word' id='word_1_913' title='bbox 1463 5456 1549 5492; x_wconf 88' lang='grc' dir='ltr'><strong>τοι</strong></span> <span class='ocrx_word' id='word_1_914' title='bbox 1595 5439 1928 5510; x_wconf 88' lang='grc' dir='ltr'>μεταληπτῶ</span> 
     </span>
    </p>
   </div>
   <div class='ocr_carea' id='block_1_111' title="bbox 2041 5431 3636 5510">
    <p class='ocr_par' dir='ltr' id='par_1_111' title="bbox 2041 5431 3636 5506">
     <span class='ocr_line' id='line_1_111' title="bbox 2041 5431 3636 5506; baseline -0.006 -13"><span class='ocrx_word' id='word_1_915' title='bbox 2041 5459 2087 5494; x_wconf 87' lang='grc'><strong>.‹</strong></span> <span class='ocrx_word' id='word_1_916' title='bbox 2128 5437 2284 5504; x_wconf 90' lang='lat' dir='ltr'><strong>dicit,</strong></span> <span class='ocrx_word' id='word_1_917' title='bbox 2335 5452 2514 5506; x_wconf 83' lang='lat' dir='ltr'><strong>neque</strong></span> <span class='ocrx_word' id='word_1_918' title='bbox 2560 5434 2935 5490; x_wconf 74' lang='lat' dir='ltr'><strong>ministrorum</strong></span> <span class='ocrx_word' id='word_1_919' title='bbox 2989 5433 3153 5488; x_wconf 88' lang='lat' dir='ltr'><strong>modo</strong></span> <span class='ocrx_word' id='word_1_920' title='bbox 3185 5431 3308 5486; x_wconf 87' lang='lat' dir='ltr'><strong>Filii</strong></span> <span class='ocrx_word' id='word_1_921' title='bbox 3351 5443 3636 5485; x_wconf 85' lang='lat' dir='ltr'><strong>sermones</strong></span> 
     </span>
    </p>
   </div>
   <div class='ocr_carea' id='block_1_112' title="bbox 386 5521 1929 5601">
    <p class='ocr_par' dir='ltr' id='par_1_112' title="bbox 386 5529 1929 5601">
     <span class='ocr_line' id='line_1_112' title="bbox 386 5529 1929 5601; baseline 0.001 -17"><span class='ocrx_word' id='word_1_922' title='bbox 386 5550 406 5584; x_wconf 77' lang='grc' dir='ltr'><strong>ι</strong></span> <span class='ocrx_word' id='word_1_923' title='bbox 447 5531 615 5601; x_wconf 75' lang='grc' dir='ltr'>σοφὸν</span> <span class='ocrx_word' id='word_1_924' title='bbox 644 5529 862 5584; x_wconf 74' lang='grc' dir='ltr'>ἔσεσθαι</span> <span class='ocrx_word' id='word_1_925' title='bbox 900 5530 1035 5600; x_wconf 87' lang='grc' dir='ltr'>παρ’</span> <span class='ocrx_word' id='word_1_926' title='bbox 1070 5529 1237 5583; x_wconf 87' lang='grc' dir='ltr'>αὐτοῦ</span> <span class='ocrx_word' id='word_1_927' title='bbox 1269 5530 1329 5582; x_wconf 81' lang='grc' dir='ltr'><strong>τὸ</strong></span> <span class='ocrx_word' id='word_1_928' title='bbox 1361 5529 1588 5600; x_wconf 88' lang='grc' dir='ltr'>Πνεῦμά</span> <span class='ocrx_word' id='word_1_929' title='bbox 1619 5546 1809 5601; x_wconf 83' lang='grc' dir='ltr'>φησιν,</span> <span class='ocrx_word' id='word_1_930' title='bbox 1839 5529 1929 5585; x_wconf 79' lang='grc' dir='ltr'><strong>οὕτ</strong></span> 
     </span>
    </p>
   </div>
   <div class='ocr_carea' id='block_1_113' title="bbox 2041 5521 3636 5601">
    <p class='ocr_par' dir='ltr' id='par_1_113' title="bbox 2069 5521 3636 5596">
     <span class='ocr_line' id='line_1_113' title="bbox 2069 5521 3636 5596; baseline -0.006 -11"><span class='ocrx_word' id='word_1_931' title='bbox 2069 5551 2088 5585; x_wconf 77' lang='grc' dir='ltr'><strong>ι</strong></span> <span class='ocrx_word' id='word_1_932' title='bbox 2131 5529 2339 5588; x_wconf 85' lang='lat' dir='ltr'><strong>sanctis</strong></span> <span class='ocrx_word' id='word_1_933' title='bbox 2377 5526 2670 5584; x_wconf 88' lang='lat' dir='ltr'><strong>allaturum</strong></span> <span class='ocrx_word' id='word_1_934' title='bbox 2702 5544 2716 5582; x_wconf 90' lang='lat'><strong>:</strong></span> <span class='ocrx_word' id='word_1_935' title='bbox 2760 5528 2858 5582; x_wconf 90' lang='lat' dir='ltr'><strong>sed</strong></span> <span class='ocrx_word' id='word_1_936' title='bbox 2887 5527 3043 5596; x_wconf 89' lang='lat' dir='ltr'><strong>quasi</strong></span> <span class='ocrx_word' id='word_1_937' title='bbox 3080 5527 3125 5579; x_wconf 90' lang='lat' dir='ltr'><strong>si</strong></span> <span class='ocrx_word' id='word_1_938' title='bbox 3153 5525 3277 5594; x_wconf 89' lang='lat' dir='ltr'><strong>quis</strong></span> <span class='ocrx_word' id='word_1_939' title='bbox 3309 5521 3636 5592; x_wconf 78' lang='lat' dir='ltr'><strong>fragrantis-</strong></span> 
     </span>
    </p>
   </div>
   <div class='ocr_carea' id='block_1_114' title="bbox 385 5613 1929 5694">
    <p class='ocr_par' dir='ltr' id='par_1_114' title="bbox 385 5619 1929 5694">
     <span class='ocr_line' id='line_1_114' title="bbox 385 5619 1929 5694; baseline 0.001 -18"><span class='ocrx_word' id='word_1_940' title='bbox 385 5642 404 5676; x_wconf 82' lang='grc' dir='ltr'><strong>ι</strong></span> <span class='ocrx_word' id='word_1_941' title='bbox 445 5623 553 5694; x_wconf 81' lang='grc' dir='ltr'><strong>μὴν</strong></span> <span class='ocrx_word' id='word_1_942' title='bbox 588 5624 646 5676; x_wconf 79' lang='grc' dir='ltr'>ὲν</span> <span class='ocrx_word' id='word_1_943' title='bbox 675 5623 826 5688; x_wconf 82' lang='grc' dir='ltr'>τάξει</span> <span class='ocrx_word' id='word_1_944' title='bbox 859 5625 925 5694; x_wconf 81' lang='grc' dir='ltr'>τῇ</span> <span class='ocrx_word' id='word_1_945' title='bbox 944 5619 1290 5694; x_wconf 69' lang='grc' dir='ltr'>λειτουργικῇ</span> <span class='ocrx_word' id='word_1_946' title='bbox 1313 5623 1437 5686; x_wconf 83' lang='grc' dir='ltr'>τοὺς</span> <span class='ocrx_word' id='word_1_947' title='bbox 1457 5623 1589 5693; x_wconf 85' lang='grc' dir='ltr'>παρ’</span> <span class='ocrx_word' id='word_1_948' title='bbox 1611 5622 1743 5676; x_wconf 84' lang='grc' dir='ltr'>Υίοῦ</span> <span class='ocrx_word' id='word_1_949' title='bbox 1771 5623 1929 5692; x_wconf 83' lang='grc' dir='ltr'>λόγον</span> 
     </span>
    </p>
   </div>
   <div class='ocr_carea' id='block_1_115' title="bbox 2041 5613 3636 5694">
    <p class='ocr_par' dir='ltr' id='par_1_115' title="bbox 2075 5613 3636 5678">
     <span class='ocr_line' id='line_1_115' title="bbox 2075 5613 3636 5678; baseline -0.01 -2"><span class='ocrx_word' id='word_1_950' title='bbox 2075 5641 2093 5676; x_wconf 81' lang='grc' dir='ltr'><strong>ι</strong></span> <span class='ocrx_word' id='word_1_951' title='bbox 2131 5623 2309 5678; x_wconf 83' lang='lat' dir='ltr'><strong>simus</strong></span> <span class='ocrx_word' id='word_1_952' title='bbox 2339 5618 2439 5675; x_wconf 86' lang='lat' dir='ltr'><strong>flos</strong></span> <span class='ocrx_word' id='word_1_953' title='bbox 2466 5633 2628 5674; x_wconf 85' lang='lat' dir='ltr'><strong>suum</strong></span> <span class='ocrx_word' id='word_1_954' title='bbox 2661 5616 2996 5672; x_wconf 64' lang='lat' dir='ltr'><strong>diffunderet</strong></span> <span class='ocrx_word' id='word_1_955' title='bbox 3027 5616 3277 5678; x_wconf 88' lang='lat' dir='ltr'><strong>odorem,</strong></span> <span class='ocrx_word' id='word_1_956' title='bbox 3311 5622 3363 5666; x_wconf 85' lang='lat' dir='ltr'><strong>ct</strong></span> <span class='ocrx_word' id='word_1_957' title='bbox 3395 5613 3636 5666; x_wconf 89' lang='lat' dir='ltr'><strong>circum-</strong></span> 
     </span>
    </p>
   </div>
   <div class='ocr_carea' id='block_1_116' title="bbox 386 5703 1929 5787">
    <p class='ocr_par' dir='ltr' id='par_1_116' title="bbox 386 5714 1929 5787">
     <span class='ocr_line' id='line_1_116' title="bbox 386 5714 1929 5787; baseline 0.002 -18"><span class='ocrx_word' id='word_1_958' title='bbox 386 5734 406 5769; x_wconf 75' lang='grc' dir='ltr'><strong>ι</strong></span> <span class='ocrx_word' id='word_1_959' title='bbox 441 5719 554 5779; x_wconf 82' lang='grc' dir='ltr'>τοῖς</span> <span class='ocrx_word' id='word_1_960' title='bbox 583 5715 763 5786; x_wconf 88' lang='grc' dir='ltr'>άγίοις</span> <span class='ocrx_word' id='word_1_961' title='bbox 787 5715 1099 5785; x_wconf 86' lang='grc' dir='ltr'>διακομίσει</span> <span class='ocrx_word' id='word_1_962' title='bbox 1127 5733 1143 5749; x_wconf 89' lang='grc'><strong>·</strong></span> <span class='ocrx_word' id='word_1_963' title='bbox 1194 5714 1314 5769; x_wconf 80' lang='grc' dir='ltr'>ἀλλ’</span> <span class='ocrx_word' id='word_1_964' title='bbox 1371 5715 1562 5787; x_wconf 85' lang='grc' dir='ltr'>ὥσπερ</span> <span class='ocrx_word' id='word_1_965' title='bbox 1590 5715 1657 5772; x_wconf 78' lang='grc' dir='ltr'><strong>ἂν</strong></span> <span class='ocrx_word' id='word_1_966' title='bbox 1684 5714 1740 5770; x_wconf 82' lang='grc' dir='ltr'><strong>εί</strong></span> <span class='ocrx_word' id='word_1_967' title='bbox 1761 5733 1815 5770; x_wconf 90' lang='grc' dir='ltr'><strong>τι</strong></span> <span class='ocrx_word' id='word_1_968' title='bbox 1857 5714 1929 5772; x_wconf 77' lang='grc' dir='ltr'><strong>τῶ</strong></span> 
     </span>
    </p>
   </div>
   <div class='ocr_carea' id='block_1_117' title="bbox 2041 5703 3677 5787">
    <p class='ocr_par' dir='ltr' id='par_1_117' title="bbox 2074 5703 3677 5774">
     <span class='ocr_line' id='line_1_117' title="bbox 2074 5703 3677 5774; baseline -0.012 0"><span class='ocrx_word' id='word_1_969' title='bbox 2074 5734 2093 5769; x_wconf 76' lang='grc' dir='ltr'><strong>ι</strong></span> <span class='ocrx_word' id='word_1_970' title='bbox 2131 5715 2396 5774; x_wconf 88' lang='lat' dir='ltr'><strong>stantium</strong></span> <span class='ocrx_word' id='word_1_971' title='bbox 2422 5711 2674 5771; x_wconf 83' lang='lat' dir='ltr'><strong>sensibus</strong></span> <span class='ocrx_word' id='word_1_972' title='bbox 2699 5725 2758 5766; x_wconf 89' lang='lat' dir='ltr'><strong>se</strong></span> <span class='ocrx_word' id='word_1_973' title='bbox 2787 5707 3080 5764; x_wconf 76' lang='lat' dir='ltr'><strong>infundens</strong></span> <span class='ocrx_word' id='word_1_974' title='bbox 3113 5707 3267 5764; x_wconf 77' lang='lat' dir='ltr'><strong>dicat</strong></span> <span class='ocrx_word' id='word_1_975' title='bbox 3300 5724 3312 5761; x_wconf 90' lang='lat'>:</span> <span class='ocrx_word' id='word_1_976' title='bbox 3349 5725 3366 5757; x_wconf 86' lang='grc'><strong>‹</strong></span> <span class='ocrx_word' id='word_1_977' title='bbox 3408 5703 3482 5761; x_wconf 90' lang='lat' dir='ltr'><strong>De</strong></span> <span class='ocrx_word' id='word_1_978' title='bbox 3517 5717 3677 5757; x_wconf 84' lang='lat' dir='ltr'><strong>meo</strong></span> 
     </span>
    </p>
   </div>
   <div class='ocr_carea' id='block_1_118' title="bbox 457 5867 1399 5951">
    <p class='ocr_par' dir='ltr' id='par_1_118' title="bbox 457 5867 1399 5951">
     <span class='ocr_line' id='line_1_118' title="bbox 457 5867 1399 5951; baseline -0.002 -23"><span class='ocrx_word' id='word_1_979' title='bbox 457 5871 502 5905; x_wconf 83' lang='lat'>&quot;</span> <span class='ocrx_word' id='word_1_980' title='bbox 533 5869 695 5930; x_wconf 76' lang='lat' dir='ltr'><strong>Joan.</strong></span> <span class='ocrx_word' id='word_1_981' title='bbox 729 5887 842 5942; x_wconf 73' lang='lat' dir='ltr'><strong>xvr,</strong></span> <span class='ocrx_word' id='word_1_982' title='bbox 879 5870 970 5927; x_wconf 73' lang='lat'><strong>12.</strong></span> <span class='ocrx_word' id='word_1_983' title='bbox 1003 5949 1018 5951; x_wconf 10' lang='grc' dir='ltr'><strong>Δ.</strong></span> <span class='ocrx_word' id='word_1_984' title='bbox 1043 5871 1106 5950; x_wconf 84' lang='lat'><strong>_&quot;</strong></span> <span class='ocrx_word' id='word_1_985' title='bbox 1135 5867 1267 5926; x_wconf 86' lang='lat' dir='ltr'><strong>ibid.</strong></span> <span class='ocrx_word' id='word_1_986' title='bbox 1309 5867 1399 5926; x_wconf 80' lang='lat' dir='ltr'><strong>i5.</strong></span> 
     </span>
    </p>
   </div>
  </div>
