  <div class='ocr_page' id='page_1' title='image "/cluster/home/n/w/nwhite01/storage/ocr_20150623/141/coo.31924054870468/269.png"; bbox 0 0 3958 6396; ppageno 0'>
   <div class='ocr_carea' id='block_1_1' title="bbox 417 392 1993 464">
    <p class='ocr_par' dir='ltr' id='par_1_1' title="bbox 417 392 1993 461">
     <span class='ocr_line' id='line_1_1' title="bbox 417 392 1993 461; baseline 0.003 -8"><span class='ocrx_word' id='word_1_1' title='bbox 417 392 511 454; x_wconf 75' lang='grc'><strong>531</strong></span> <span class='ocrx_word' id='word_1_2' title='bbox 1425 400 1635 461; x_wconf 80' lang='lat' dir='ltr'><strong>JOAN.</strong></span> <span class='ocrx_word' id='word_1_3' title='bbox 1680 398 1891 461; x_wconf 71' lang='lat' dir='ltr'><strong>VECCI</strong></span> <span class='ocrx_word' id='word_1_4' title='bbox 1929 399 1993 459; x_wconf 90' lang='lat' dir='ltr'><strong>Cl</strong></span> 
     </span>
    </p>
   </div>
   <div class='ocr_carea' id='block_1_2' title="bbox 2103 392 3649 464">
    <p class='ocr_par' dir='ltr' id='par_1_2' title="bbox 2103 395 3649 461">
     <span class='ocr_line' id='line_1_2' title="bbox 2103 395 3649 461; baseline 0.001 -2"><span class='ocrx_word' id='word_1_5' title='bbox 2103 400 2588 461; x_wconf 67' lang='lat' dir='ltr'><strong>PATRIARCHIE</strong></span> <span class='ocrx_word' id='word_1_6' title='bbox 3542 395 3649 461; x_wconf 75' lang='grc'><strong>532</strong></span> 
     </span>
    </p>
   </div>
   <div class='ocr_carea' id='block_1_3' title="bbox 416 511 1993 588">
    <p class='ocr_par' dir='ltr' id='par_1_3' title="bbox 416 511 1974 586">
     <span class='ocr_line' id='line_1_3' title="bbox 416 511 1974 586; baseline 0.004 -22"><span class='ocrx_word' id='word_1_7' title='bbox 416 533 431 564; x_wconf 79' lang='grc' dir='ltr'><strong>ι</strong></span> <span class='ocrx_word' id='word_1_8' title='bbox 470 511 723 581; x_wconf 75' lang='lat' dir='ltr'><strong>accipiet,</strong></span> <span class='ocrx_word' id='word_1_9' title='bbox 760 532 781 566; x_wconf 74' lang='grc' dir='ltr'><strong>ι</strong></span> <span class='ocrx_word' id='word_1_10' title='bbox 828 522 884 569; x_wconf 89' lang='lat' dir='ltr'><strong>et</strong></span> <span class='ocrx_word' id='word_1_11' title='bbox 926 516 1235 570; x_wconf 88' lang='lat' dir='ltr'><strong>naturalem</strong></span> <span class='ocrx_word' id='word_1_12' title='bbox 1272 516 1662 585; x_wconf 73' lang='lat' dir='ltr'><strong>proprietatem</strong></span> <span class='ocrx_word' id='word_1_13' title='bbox 1697 515 1974 586; x_wconf 81' lang='lat' dir='ltr'><strong>signiﬁca-</strong></span> 
     </span>
    </p>
   </div>
   <div class='ocr_carea' id='block_1_4' title="bbox 2103 511 3650 588">
    <p class='ocr_par' dir='ltr' id='par_1_4' title="bbox 2142 514 3650 588">
     <span class='ocr_line' id='line_1_4' title="bbox 2142 514 3650 588; baseline 0.001 -18"><span class='ocrx_word' id='word_1_14' title='bbox 2142 517 2526 587; x_wconf 83' lang='grc' dir='ltr'><strong>εὐοσμοτάτων</strong></span> <span class='ocrx_word' id='word_1_15' title='bbox 2560 515 2775 572; x_wconf 80' lang='grc' dir='ltr'><strong>ἀνθέων</strong></span> <span class='ocrx_word' id='word_1_16' title='bbox 2817 518 2948 587; x_wconf 81' lang='grc' dir='ltr'>περὶ</span> <span class='ocrx_word' id='word_1_17' title='bbox 2988 516 3090 588; x_wconf 75' lang='grc' dir='ltr'><strong>τῆς</strong></span> <span class='ocrx_word' id='word_1_18' title='bbox 3126 517 3185 584; x_wconf 73' lang='grc' dir='ltr'>ἐξ</span> <span class='ocrx_word' id='word_1_19' title='bbox 3215 514 3409 570; x_wconf 80' lang='grc' dir='ltr'><strong>ἑαυτοῦ</strong></span> <span class='ocrx_word' id='word_1_20' title='bbox 3434 519 3650 572; x_wconf 82' lang='grc' dir='ltr'><strong>διασκι-</strong></span> 
     </span>
    </p>
   </div>
   <div class='ocr_carea' id='block_1_5' title="bbox 416 606 1993 679">
    <p class='ocr_par' dir='ltr' id='par_1_5' title="bbox 416 606 1973 678">
     <span class='ocr_line' id='line_1_5' title="bbox 416 606 1973 678; baseline 0.001 -19"><span class='ocrx_word' id='word_1_21' title='bbox 416 625 432 651; x_wconf 65' lang='lat'><em>:</em></span> <span class='ocrx_word' id='word_1_22' title='bbox 472 606 564 673; x_wconf 89' lang='lat' dir='ltr'><strong>rit,</strong></span> <span class='ocrx_word' id='word_1_23' title='bbox 604 616 659 662; x_wconf 90' lang='lat' dir='ltr'><strong>et</strong></span> <span class='ocrx_word' id='word_1_24' title='bbox 689 623 796 663; x_wconf 87' lang='lat' dir='ltr'><strong>non</strong></span> <span class='ocrx_word' id='word_1_25' title='bbox 840 607 1045 677; x_wconf 89' lang='lat' dir='ltr'><strong>aliquid</strong></span> <span class='ocrx_word' id='word_1_26' title='bbox 1076 608 1235 678; x_wconf 90' lang='lat' dir='ltr'><strong>quasi</strong></span> <span class='ocrx_word' id='word_1_27' title='bbox 1278 609 1615 678; x_wconf 77' lang='lat' dir='ltr'><strong>participans</strong></span> <span class='ocrx_word' id='word_1_28' title='bbox 1655 609 1973 664; x_wconf 90' lang='lat' dir='ltr'><strong>discretum.</strong></span> 
     </span>
    </p>
   </div>
   <div class='ocr_carea' id='block_1_6' title="bbox 2103 606 3652 679">
    <p class='ocr_par' dir='ltr' id='par_1_6' title="bbox 2103 606 3652 679">
     <span class='ocr_line' id='line_1_6' title="bbox 2103 606 3652 679; baseline 0.001 -20"><span class='ocrx_word' id='word_1_29' title='bbox 2103 628 2105 659; x_wconf 83' lang='lat'>:</span> <span class='ocrx_word' id='word_1_30' title='bbox 2138 608 2412 678; x_wconf 81' lang='grc' dir='ltr'><strong>δναμένης</strong></span> <span class='ocrx_word' id='word_1_31' title='bbox 2439 608 2633 677; x_wconf 81' lang='grc' dir='ltr'><strong>ὀδμῆς,</strong></span> <span class='ocrx_word' id='word_1_32' title='bbox 2656 607 2751 662; x_wconf 82' lang='grc' dir='ltr'>καὶ</span> <span class='ocrx_word' id='word_1_33' title='bbox 2773 610 2895 671; x_wconf 80' lang='grc' dir='ltr'><strong>ταῖς</strong></span> <span class='ocrx_word' id='word_1_34' title='bbox 2921 607 3031 669; x_wconf 79' lang='grc' dir='ltr'><strong>τῶν</strong></span> <span class='ocrx_word' id='word_1_35' title='bbox 3057 606 3428 679; x_wconf 73' lang='grc' dir='ltr'><strong>παρεστώτων</strong></span> <span class='ocrx_word' id='word_1_36' title='bbox 3451 607 3652 679; x_wconf 77' lang='grc' dir='ltr'><strong>αἰσθή-</strong></span> 
     </span>
    </p>
   </div>
   <div class='ocr_carea' id='block_1_7' title="bbox 414 695 1993 769">
    <p class='ocr_par' dir='ltr' id='par_1_7' title="bbox 414 695 1978 769">
     <span class='ocr_line' id='line_1_7' title="bbox 414 695 1978 769; baseline 0.005 -22"><span class='ocrx_word' id='word_1_37' title='bbox 414 716 431 747; x_wconf 78' lang='grc' dir='ltr'><strong>ι</strong></span> <span class='ocrx_word' id='word_1_38' title='bbox 473 695 565 752; x_wconf 87' lang='lat' dir='ltr'><strong>Sic</strong></span> <span class='ocrx_word' id='word_1_39' title='bbox 619 698 888 765; x_wconf 76' lang='lat' dir='ltr'><strong>intelligas</strong></span> <span class='ocrx_word' id='word_1_40' title='bbox 937 700 1006 754; x_wconf 85' lang='lat' dir='ltr'><strong>de</strong></span> <span class='ocrx_word' id='word_1_41' title='bbox 1058 698 1199 754; x_wconf 84' lang='lat' dir='ltr'><strong>Filio</strong></span> <span class='ocrx_word' id='word_1_42' title='bbox 1237 708 1292 753; x_wconf 81' lang='lat' dir='ltr'><strong>et</strong></span> <span class='ocrx_word' id='word_1_43' title='bbox 1343 701 1409 754; x_wconf 87' lang='lat' dir='ltr'><strong>de</strong></span> <span class='ocrx_word' id='word_1_44' title='bbox 1467 698 1698 769; x_wconf 77' lang='lat' dir='ltr'><strong>Spiritu.</strong></span> <span class='ocrx_word' id='word_1_45' title='bbox 1739 700 1978 768; x_wconf 73' lang='lat' dir='ltr'><strong>Spiritus</strong></span> 
     </span>
    </p>
   </div>
   <div class='ocr_carea' id='block_1_8' title="bbox 2103 695 3652 769">
    <p class='ocr_par' dir='ltr' id='par_1_8' title="bbox 2143 695 3652 769">
     <span class='ocr_line' id='line_1_8' title="bbox 2143 695 3652 769; baseline -0.001 -17"><span class='ocrx_word' id='word_1_46' title='bbox 2143 715 2295 752; x_wconf 83' lang='grc' dir='ltr'><strong>σεσιν</strong></span> <span class='ocrx_word' id='word_1_47' title='bbox 2324 698 2733 769; x_wconf 71' lang='grc' dir='ltr'><strong>ἐμπιπτούσης,</strong></span> <span class='ocrx_word' id='word_1_48' title='bbox 2770 698 2903 768; x_wconf 73' lang='grc' dir='ltr'>λέγῃ</span> <span class='ocrx_word' id='word_1_49' title='bbox 2948 699 3053 763; x_wconf 84' lang='grc' dir='ltr'><strong>ὅτι,</strong></span> <span class='ocrx_word' id='word_1_50' title='bbox 3117 699 3214 751; x_wconf 87' lang='grc' dir='ltr'><strong>Ἐκ</strong></span> <span class='ocrx_word' id='word_1_51' title='bbox 3247 696 3342 750; x_wconf 88' lang='grc' dir='ltr'><strong>τοῦ</strong></span> <span class='ocrx_word' id='word_1_52' title='bbox 3380 696 3518 767; x_wconf 69' lang='grc' dir='ltr'><strong>ιμοῦ</strong></span> <span class='ocrx_word' id='word_1_53' title='bbox 3548 695 3652 768; x_wconf 77' lang='grc' dir='ltr'><strong>λή-</strong></span> 
     </span>
    </p>
   </div>
   <div class='ocr_carea' id='block_1_9' title="bbox 417 788 1993 863">
    <p class='ocr_par' dir='ltr' id='par_1_9' title="bbox 417 792 1978 863">
     <span class='ocr_line' id='line_1_9' title="bbox 417 792 1978 863; baseline 0.003 -22"><span class='ocrx_word' id='word_1_54' title='bbox 417 813 431 841; x_wconf 85' lang='grc' dir='ltr'><strong>ι</strong></span> <span class='ocrx_word' id='word_1_55' title='bbox 476 792 616 846; x_wconf 88' lang='lat' dir='ltr'><strong>enim</strong></span> <span class='ocrx_word' id='word_1_56' title='bbox 673 793 958 860; x_wconf 76' lang='lat' dir='ltr'><strong>sapientia:</strong></span> <span class='ocrx_word' id='word_1_57' title='bbox 1007 802 1062 847; x_wconf 88' lang='lat' dir='ltr'><strong>et</strong></span> <span class='ocrx_word' id='word_1_58' title='bbox 1102 792 1320 847; x_wconf 82' lang='lat' dir='ltr'><strong>virtutis</strong></span> <span class='ocrx_word' id='word_1_59' title='bbox 1365 793 1659 859; x_wconf 78' lang='lat' dir='ltr'><strong>exsistens,</strong></span> <span class='ocrx_word' id='word_1_60' title='bbox 1710 793 1978 863; x_wconf 80' lang='lat' dir='ltr'><strong>sapientia</strong></span> 
     </span>
    </p>
   </div>
   <div class='ocr_carea' id='block_1_10' title="bbox 2103 788 3651 863">
    <p class='ocr_par' dir='ltr' id='par_1_10' title="bbox 2103 788 3651 863">
     <span class='ocr_line' id='line_1_10' title="bbox 2103 788 3651 863; baseline -0.002 -18"><span class='ocrx_word' id='word_1_61' title='bbox 2103 813 2104 816; x_wconf 47' lang='grc' dir='ltr'><strong>η</strong></span> <span class='ocrx_word' id='word_1_62' title='bbox 2139 792 2324 860; x_wconf 84' lang='grc' dir='ltr'>ψεται,</span> <span class='ocrx_word' id='word_1_63' title='bbox 2346 795 2442 846; x_wconf 76' lang='grc' dir='ltr'><strong>καὶ</strong></span> <span class='ocrx_word' id='word_1_64' title='bbox 2468 794 2568 863; x_wconf 81' lang='grc' dir='ltr'><strong>τὴν</strong></span> <span class='ocrx_word' id='word_1_65' title='bbox 2599 793 2835 862; x_wconf 80' lang='grc' dir='ltr'><strong>φυσικὴν</strong></span> <span class='ocrx_word' id='word_1_66' title='bbox 2857 795 3153 863; x_wconf 69' lang='grc' dir='ltr'><strong>οὑσιότητα</strong></span> <span class='ocrx_word' id='word_1_67' title='bbox 3172 790 3534 860; x_wconf 77' lang='grc' dir='ltr'><strong>κατασημήνῃ</strong></span> <span class='ocrx_word' id='word_1_68' title='bbox 3557 788 3651 853; x_wconf 71' lang='grc' dir='ltr'><strong>ἂν,</strong></span> 
     </span>
    </p>
   </div>
   <div class='ocr_carea' id='block_1_11' title="bbox 416 872 1993 954">
    <p class='ocr_par' dir='ltr' id='par_1_11' title="bbox 416 881 1977 947">
     <span class='ocr_line' id='line_1_11' title="bbox 416 881 1977 947; baseline 0.001 -12"><span class='ocrx_word' id='word_1_69' title='bbox 416 901 431 927; x_wconf 77' lang='grc' dir='ltr'><strong>ι</strong></span> <span class='ocrx_word' id='word_1_70' title='bbox 479 881 702 935; x_wconf 83' lang='lat' dir='ltr'><strong>Omnino</strong></span> <span class='ocrx_word' id='word_1_71' title='bbox 741 891 793 933; x_wconf 88' lang='lat' dir='ltr'><strong>et</strong></span> <span class='ocrx_word' id='word_1_72' title='bbox 840 881 1014 935; x_wconf 82' lang='lat' dir='ltr'><strong>virtus</strong></span> <span class='ocrx_word' id='word_1_73' title='bbox 1064 890 1167 947; x_wconf 82' lang='lat' dir='ltr'><strong>est,</strong></span> <span class='ocrx_word' id='word_1_74' title='bbox 1214 892 1381 936; x_wconf 89' lang='lat' dir='ltr'><strong>totam</strong></span> <span class='ocrx_word' id='word_1_75' title='bbox 1409 898 1477 937; x_wconf 79' lang='lat' dir='ltr'><strong>ex</strong></span> <span class='ocrx_word' id='word_1_76' title='bbox 1520 893 1636 937; x_wconf 90' lang='lat' dir='ltr'><strong>toto</strong></span> <span class='ocrx_word' id='word_1_77' title='bbox 1673 884 1977 938; x_wconf 83' lang='lat' dir='ltr'><strong>efﬁcaciam</strong></span> 
     </span>
    </p>
   </div>
   <div class='ocr_carea' id='block_1_12' title="bbox 2103 872 3654 954">
    <p class='ocr_par' dir='ltr' id='par_1_12' title="bbox 2103 872 3654 954">
     <span class='ocr_line' id='line_1_12' title="bbox 2103 872 3654 954; baseline -0.004 -18"><span class='ocrx_word' id='word_1_78' title='bbox 2103 903 2104 909; x_wconf 47' lang='grc' dir='ltr'><strong>η</strong></span> <span class='ocrx_word' id='word_1_79' title='bbox 2143 885 2235 937; x_wconf 76' lang='grc' dir='ltr'><strong>καὶ</strong></span> <span class='ocrx_word' id='word_1_80' title='bbox 2277 883 2397 938; x_wconf 86' lang='grc' dir='ltr'><strong>οῦτι</strong></span> <span class='ocrx_word' id='word_1_81' title='bbox 2425 902 2526 938; x_wconf 84' lang='grc' dir='ltr'><strong>που</strong></span> <span class='ocrx_word' id='word_1_82' title='bbox 2561 886 2621 937; x_wconf 78' lang='grc' dir='ltr'><strong>τὸ</strong></span> <span class='ocrx_word' id='word_1_83' title='bbox 2645 885 2721 949; x_wconf 83' lang='grc' dir='ltr'><strong>ὡς</strong></span> <span class='ocrx_word' id='word_1_84' title='bbox 2746 888 2803 939; x_wconf 82' lang='grc' dir='ltr'><strong>ὲν</strong></span> <span class='ocrx_word' id='word_1_85' title='bbox 2832 884 3050 954; x_wconf 81' lang='grc' dir='ltr'><strong>μεθέξει</strong></span> <span class='ocrx_word' id='word_1_86' title='bbox 3104 881 3471 954; x_wconf 80' lang='grc' dir='ltr'><strong>διῃρημένως.</strong></span> <span class='ocrx_word' id='word_1_87' title='bbox 3517 872 3654 931; x_wconf 72' lang='grc' dir='ltr'><strong>Ὦδέ</strong></span> 
     </span>
    </p>
   </div>
   <div class='ocr_carea' id='block_1_13' title="bbox 418 968 1993 1047">
    <p class='ocr_par' dir='ltr' id='par_1_13' title="bbox 418 973 1977 1046">
     <span class='ocr_line' id='line_1_13' title="bbox 418 973 1977 1046; baseline 0.006 -24"><span class='ocrx_word' id='word_1_88' title='bbox 418 993 433 1022; x_wconf 80' lang='grc' dir='ltr'><strong>ε</strong></span> <span class='ocrx_word' id='word_1_89' title='bbox 478 973 815 1027; x_wconf 87' lang='lat' dir='ltr'><strong>emittentem</strong></span> <span class='ocrx_word' id='word_1_90' title='bbox 861 974 914 1026; x_wconf 92' lang='lat' dir='ltr'><strong>in</strong></span> <span class='ocrx_word' id='word_1_91' title='bbox 969 987 1031 1029; x_wconf 87' lang='lat' dir='ltr'><strong>se</strong></span> <span class='ocrx_word' id='word_1_92' title='bbox 1071 975 1188 1044; x_wconf 89' lang='lat' dir='ltr'><strong>ipsa</strong></span> <span class='ocrx_word' id='word_1_93' title='bbox 1243 989 1597 1038; x_wconf 86' lang='lat' dir='ltr'><strong>conservans,</strong></span> <span class='ocrx_word' id='word_1_94' title='bbox 1642 986 1697 1033; x_wconf 89' lang='lat' dir='ltr'><strong>et</strong></span> <span class='ocrx_word' id='word_1_95' title='bbox 1737 978 1891 1046; x_wconf 90' lang='lat' dir='ltr'><strong>quasi</strong></span> <span class='ocrx_word' id='word_1_96' title='bbox 1923 977 1977 1031; x_wconf 86' lang='lat' dir='ltr'><strong>in</strong></span> 
     </span>
    </p>
   </div>
   <div class='ocr_carea' id='block_1_14' title="bbox 2103 968 3655 1047">
    <p class='ocr_par' dir='ltr' id='par_1_14' title="bbox 2103 968 3655 1047">
     <span class='ocr_line' id='line_1_14' title="bbox 2103 968 3655 1047; baseline -0.007 -15"><span class='ocrx_word' id='word_1_97' title='bbox 2103 995 2104 1024; x_wconf 80' lang='lat'>1</span> <span class='ocrx_word' id='word_1_98' title='bbox 2145 992 2223 1047; x_wconf 82' lang='grc' dir='ltr'><strong>πη</strong></span> <span class='ocrx_word' id='word_1_99' title='bbox 2253 979 2467 1046; x_wconf 80' lang='grc' dir='ltr'><strong>νοήσεις</strong></span> <span class='ocrx_word' id='word_1_100' title='bbox 2492 978 2587 1031; x_wconf 76' lang='grc' dir='ltr'><strong>καὶ</strong></span> <span class='ocrx_word' id='word_1_101' title='bbox 2614 977 2701 1045; x_wconf 71' lang='grc' dir='ltr'><strong>ἐφ’</strong></span> <span class='ocrx_word' id='word_1_102' title='bbox 2728 976 2880 1039; x_wconf 86' lang='grc' dir='ltr'><strong>Υἱοῦ,</strong></span> <span class='ocrx_word' id='word_1_103' title='bbox 2912 977 3008 1029; x_wconf 68' lang='grc' dir='ltr'><strong>καὶ</strong></span> <span class='ocrx_word' id='word_1_104' title='bbox 3043 975 3387 1043; x_wconf 79' lang='grc' dir='ltr'><strong>Πνεῦματος,</strong></span> <span class='ocrx_word' id='word_1_105' title='bbox 3424 968 3655 1038; x_wconf 78' lang='grc' dir='ltr'><strong>Πνεῦμα</strong></span> 
     </span>
    </p>
   </div>
   <div class='ocr_carea' id='block_1_15' title="bbox 416 1059 1993 1141">
    <p class='ocr_par' dir='ltr' id='par_1_15' title="bbox 416 1065 1975 1141">
     <span class='ocr_line' id='line_1_15' title="bbox 416 1065 1975 1141; baseline 0.008 -31"><span class='ocrx_word' id='word_1_106' title='bbox 416 1083 431 1110; x_wconf 76' lang='grc' dir='ltr'><strong>ι</strong></span> <span class='ocrx_word' id='word_1_107' title='bbox 479 1065 695 1139; x_wconf 82' lang='lat' dir='ltr'><strong>propria</strong></span> <span class='ocrx_word' id='word_1_108' title='bbox 746 1074 945 1119; x_wconf 88' lang='lat' dir='ltr'><strong>natura</strong></span> <span class='ocrx_word' id='word_1_109' title='bbox 992 1065 1131 1120; x_wconf 82' lang='lat' dir='ltr'><strong>bene</strong></span> <span class='ocrx_word' id='word_1_110' title='bbox 1178 1069 1471 1141; x_wconf 87' lang='lat' dir='ltr'><strong>ostendens</strong></span> <span class='ocrx_word' id='word_1_111' title='bbox 1524 1084 1666 1133; x_wconf 90' lang='lat' dir='ltr'><strong>eam,</strong></span> <span class='ocrx_word' id='word_1_112' title='bbox 1706 1083 1829 1138; x_wconf 76' lang='lat' dir='ltr'><strong>qua:</strong></span> <span class='ocrx_word' id='word_1_113' title='bbox 1873 1078 1975 1124; x_wconf 73' lang='grc' dir='ltr'><strong>εει.</strong></span> 
     </span>
    </p>
   </div>
   <div class='ocr_carea' id='block_1_16' title="bbox 2103 1059 3656 1141">
    <p class='ocr_par' dir='ltr' id='par_1_16' title="bbox 2144 1059 3656 1141">
     <span class='ocr_line' id='line_1_16' title="bbox 2144 1059 3656 1141; baseline -0.008 -17"><span class='ocrx_word' id='word_1_114' title='bbox 2144 1068 2255 1141; x_wconf 83' lang='grc' dir='ltr'>γὰρ</span> <span class='ocrx_word' id='word_1_115' title='bbox 2302 1070 2496 1138; x_wconf 77' lang='grc' dir='ltr'>σοφίας</span> <span class='ocrx_word' id='word_1_116' title='bbox 2521 1070 2618 1124; x_wconf 78' lang='grc' dir='ltr'><strong>καὶ</strong></span> <span class='ocrx_word' id='word_1_117' title='bbox 2648 1072 2920 1133; x_wconf 77' lang='grc' dir='ltr'><strong>συνέσεως</strong></span> <span class='ocrx_word' id='word_1_118' title='bbox 2947 1069 3030 1132; x_wconf 80' lang='grc' dir='ltr'><strong>δν,</strong></span> <span class='ocrx_word' id='word_1_119' title='bbox 3066 1068 3233 1135; x_wconf 81' lang='grc' dir='ltr'><strong>σοφία</strong></span> <span class='ocrx_word' id='word_1_120' title='bbox 3268 1065 3486 1126; x_wconf 73' lang='grc' dir='ltr'><strong>πάντως</strong></span> <span class='ocrx_word' id='word_1_121' title='bbox 3529 1059 3656 1114; x_wconf 67' lang='grc' dir='ltr'><strong>ἐστὶ</strong></span> 
     </span>
    </p>
   </div>
   <div class='ocr_carea' id='block_1_17' title="bbox 420 1140 1993 1229">
    <p class='ocr_par' dir='ltr' id='par_1_17' title="bbox 420 1140 1973 1228">
     <span class='ocr_line' id='line_1_17' title="bbox 420 1140 1973 1228; baseline 0.005 -24"><span class='ocrx_word' id='word_1_122' title='bbox 420 1177 434 1203; x_wconf 84' lang='grc' dir='ltr'><strong>ι</strong></span> <span class='ocrx_word' id='word_1_123' title='bbox 477 1154 771 1224; x_wconf 84' lang='lat' dir='ltr'><strong>Postquam</strong></span> <span class='ocrx_word' id='word_1_124' title='bbox 833 1164 1015 1212; x_wconf 87' lang='lat' dir='ltr'><strong>autem</strong></span> <span class='ocrx_word' id='word_1_125' title='bbox 1073 1156 1235 1222; x_wconf 81' lang='lat' dir='ltr'><strong>dixit,</strong></span> <span class='ocrx_word' id='word_1_126' title='bbox 1297 1140 1337 1210; x_wconf 57' lang='grc' dir='ltr'><strong>ι’</strong></span> <span class='ocrx_word' id='word_1_127' title='bbox 1360 1157 1434 1214; x_wconf 89' lang='lat' dir='ltr'><strong>De</strong></span> <span class='ocrx_word' id='word_1_128' title='bbox 1495 1175 1617 1214; x_wconf 89' lang='lat' dir='ltr'><strong>meo</strong></span> <span class='ocrx_word' id='word_1_129' title='bbox 1668 1160 1917 1228; x_wconf 89' lang='lat' dir='ltr'><strong>accipiet,</strong></span> <span class='ocrx_word' id='word_1_130' title='bbox 1953 1176 1973 1211; x_wconf 74' lang='grc' dir='ltr'><strong>ι</strong></span> 
     </span>
    </p>
   </div>
   <div class='ocr_carea' id='block_1_18' title="bbox 2103 1140 3660 1229">
    <p class='ocr_par' dir='ltr' id='par_1_18' title="bbox 2103 1150 3660 1229">
     <span class='ocr_line' id='line_1_18' title="bbox 2103 1150 3660 1229; baseline -0.005 -17"><span class='ocrx_word' id='word_1_131' title='bbox 2103 1181 2104 1185; x_wconf 52' lang='grc' dir='ltr'><strong>π</strong></span> <span class='ocrx_word' id='word_1_132' title='bbox 2145 1159 2238 1212; x_wconf 78' lang='grc' dir='ltr'><strong>καὶ</strong></span> <span class='ocrx_word' id='word_1_133' title='bbox 2263 1158 2515 1228; x_wconf 85' lang='grc' dir='ltr'><strong>δύναμις,</strong></span> <span class='ocrx_word' id='word_1_134' title='bbox 2542 1159 2672 1229; x_wconf 79' lang='grc' dir='ltr'><strong>ὅλην</strong></span> <span class='ocrx_word' id='word_1_135' title='bbox 2698 1158 2759 1224; x_wconf 75' lang='grc' dir='ltr'>ἐξ</span> <span class='ocrx_word' id='word_1_136' title='bbox 2788 1159 2912 1211; x_wconf 79' lang='grc' dir='ltr'><strong>ὅλου</strong></span> <span class='ocrx_word' id='word_1_137' title='bbox 2939 1158 3037 1228; x_wconf 89' lang='grc' dir='ltr'><strong>τὴν</strong></span> <span class='ocrx_word' id='word_1_138' title='bbox 3062 1157 3156 1209; x_wconf 85' lang='grc' dir='ltr'><strong>τοῦ</strong></span> <span class='ocrx_word' id='word_1_139' title='bbox 3190 1153 3475 1220; x_wconf 79' lang='grc' dir='ltr'><strong>προῖέντος</strong></span> <span class='ocrx_word' id='word_1_140' title='bbox 3500 1150 3660 1220; x_wconf 74' lang='grc' dir='ltr'><strong>ἐνέρ-</strong></span> 
     </span>
    </p>
   </div>
   <div class='ocr_carea' id='block_1_19' title="bbox 418 1243 1993 1319">
    <p class='ocr_par' dir='ltr' id='par_1_19' title="bbox 418 1248 1981 1319">
     <span class='ocr_line' id='line_1_19' title="bbox 418 1248 1981 1319; baseline 0.003 -21"><span class='ocrx_word' id='word_1_141' title='bbox 418 1267 433 1292; x_wconf 76' lang='grc' dir='ltr'><strong><em>ο</em></strong></span> <span class='ocrx_word' id='word_1_142' title='bbox 475 1248 731 1315; x_wconf 90' lang='lat' dir='ltr'><strong>apposuit</strong></span> <span class='ocrx_word' id='word_1_143' title='bbox 764 1248 1078 1302; x_wconf 88' lang='lat' dir='ltr'><strong>necessario</strong></span> <span class='ocrx_word' id='word_1_144' title='bbox 1100 1286 1117 1312; x_wconf 92' lang='lat'><strong>,</strong></span> <span class='ocrx_word' id='word_1_145' title='bbox 1159 1265 1178 1299; x_wconf 80' lang='grc' dir='ltr'><strong>ι</strong></span> <span class='ocrx_word' id='word_1_146' title='bbox 1202 1248 1394 1303; x_wconf 87' lang='lat' dir='ltr'><strong>Omnia</strong></span> <span class='ocrx_word' id='word_1_147' title='bbox 1444 1265 1784 1319; x_wconf 76' lang='lat' dir='ltr'><strong>quaecunque</strong></span> <span class='ocrx_word' id='word_1_148' title='bbox 1816 1251 1981 1304; x_wconf 81' lang='lat' dir='ltr'><strong>habet</strong></span> 
     </span>
    </p>
   </div>
   <div class='ocr_carea' id='block_1_20' title="bbox 2103 1243 3657 1319">
    <p class='ocr_par' dir='ltr' id='par_1_20' title="bbox 2103 1243 3657 1319">
     <span class='ocr_line' id='line_1_20' title="bbox 2103 1243 3657 1319; baseline -0.005 -17"><span class='ocrx_word' id='word_1_149' title='bbox 2103 1271 2106 1302; x_wconf 72' lang='grc' dir='ltr'><strong>ἶ</strong></span> <span class='ocrx_word' id='word_1_150' title='bbox 2142 1266 2298 1317; x_wconf 87' lang='grc' dir='ltr'>γειαν</span> <span class='ocrx_word' id='word_1_151' title='bbox 2347 1250 2639 1315; x_wconf 76' lang='grc' dir='ltr'><strong>ἀποσῶξον</strong></span> <span class='ocrx_word' id='word_1_152' title='bbox 2682 1250 2740 1303; x_wconf 81' lang='grc' dir='ltr'><strong>ὲν</strong></span> <span class='ocrx_word' id='word_1_153' title='bbox 2768 1249 2969 1319; x_wconf 66' lang='grc' dir='ltr'><strong>ἑαυτῷ,</strong></span> <span class='ocrx_word' id='word_1_154' title='bbox 2995 1249 3091 1302; x_wconf 78' lang='grc' dir='ltr'><strong>καὶ</strong></span> <span class='ocrx_word' id='word_1_155' title='bbox 3120 1249 3176 1300; x_wconf 83' lang='grc' dir='ltr'><strong>ὲν</strong></span> <span class='ocrx_word' id='word_1_156' title='bbox 3213 1245 3321 1316; x_wconf 75' lang='grc' dir='ltr'><strong>ἰδίᾳ</strong></span> <span class='ocrx_word' id='word_1_157' title='bbox 3354 1243 3514 1314; x_wconf 81' lang='grc' dir='ltr'><strong>φύσει</strong></span> <span class='ocrx_word' id='word_1_158' title='bbox 3547 1258 3657 1296; x_wconf 76' lang='grc' dir='ltr'><strong>κα-</strong></span> 
     </span>
    </p>
   </div>
   <div class='ocr_carea' id='block_1_21' title="bbox 419 1334 1993 1412">
    <p class='ocr_par' dir='ltr' id='par_1_21' title="bbox 419 1336 1976 1409">
     <span class='ocr_line' id='line_1_21' title="bbox 419 1336 1976 1409; baseline 0.002 -19"><span class='ocrx_word' id='word_1_159' title='bbox 419 1358 436 1384; x_wconf 73' lang='grc' dir='ltr'><strong>ι</strong></span> <span class='ocrx_word' id='word_1_160' title='bbox 480 1336 635 1392; x_wconf 88' lang='lat' dir='ltr'><strong>Pater</strong></span> <span class='ocrx_word' id='word_1_161' title='bbox 678 1353 798 1392; x_wconf 87' lang='lat' dir='ltr'><strong>mea</strong></span> <span class='ocrx_word' id='word_1_162' title='bbox 858 1347 987 1393; x_wconf 87' lang='lat' dir='ltr'><strong>sunt</strong></span> <span class='ocrx_word' id='word_1_163' title='bbox 1022 1338 1067 1370; x_wconf 83' lang='grc'><em>’³</em></span> <span class='ocrx_word' id='word_1_164' title='bbox 1130 1353 1143 1390; x_wconf 90' lang='lat'><strong>:</strong></span> <span class='ocrx_word' id='word_1_165' title='bbox 1209 1350 1430 1409; x_wconf 83' lang='lat' dir='ltr'><strong>prOpIer</strong></span> <span class='ocrx_word' id='word_1_166' title='bbox 1485 1340 1591 1396; x_wconf 87' lang='lat' dir='ltr'><strong>hoc</strong></span> <span class='ocrx_word' id='word_1_167' title='bbox 1638 1341 1748 1394; x_wconf 82' lang='lat' dir='ltr'><strong>dixi</strong></span> <span class='ocrx_word' id='word_1_168' title='bbox 1800 1340 1976 1405; x_wconf 82' lang='lat' dir='ltr'><strong>vobis,</strong></span> 
     </span>
    </p>
   </div>
   <div class='ocr_carea' id='block_1_22' title="bbox 2103 1334 3658 1412">
    <p class='ocr_par' dir='ltr' id='par_1_22' title="bbox 2103 1334 3658 1412">
     <span class='ocr_line' id='line_1_22' title="bbox 2103 1334 3658 1412; baseline -0.004 -19"><span class='ocrx_word' id='word_1_169' title='bbox 2103 1362 2107 1393; x_wconf 75' lang='grc' dir='ltr'><strong>ι</strong></span> <span class='ocrx_word' id='word_1_170' title='bbox 2143 1342 2455 1397; x_wconf 82' lang='grc' dir='ltr'><strong>ταδεικνύον</strong></span> <span class='ocrx_word' id='word_1_171' title='bbox 2487 1340 2546 1395; x_wconf 83' lang='grc' dir='ltr'><strong>εὖ</strong></span> <span class='ocrx_word' id='word_1_172' title='bbox 2590 1342 2757 1411; x_wconf 83' lang='grc' dir='ltr'><strong>μάλα,</strong></span> <span class='ocrx_word' id='word_1_173' title='bbox 2804 1342 2905 1412; x_wconf 78' lang='grc' dir='ltr'><strong>τὴν</strong></span> <span class='ocrx_word' id='word_1_174' title='bbox 2944 1342 3082 1411; x_wconf 85' lang='grc' dir='ltr'><strong>ὅπερ</strong></span> <span class='ocrx_word' id='word_1_175' title='bbox 3118 1338 3291 1391; x_wconf 78' lang='grc' dir='ltr'><strong>ἐστίν.</strong></span> <span class='ocrx_word' id='word_1_176' title='bbox 3340 1335 3560 1405; x_wconf 80' lang='grc' dir='ltr'><strong>Ἐπειδὴ</strong></span> <span class='ocrx_word' id='word_1_177' title='bbox 3593 1334 3658 1388; x_wconf 72' lang='grc' dir='ltr'><strong>δὲ</strong></span> 
     </span>
    </p>
   </div>
   <div class='ocr_carea' id='block_1_23' title="bbox 418 1428 1993 1513">
    <p class='ocr_par' dir='ltr' id='par_1_23' title="bbox 418 1429 1981 1500">
     <span class='ocr_line' id='line_1_23' title="bbox 418 1429 1981 1500; baseline 0 -17"><span class='ocrx_word' id='word_1_178' title='bbox 418 1452 433 1475; x_wconf 81' lang='grc' dir='ltr'><strong><em>ο</em></strong></span> <span class='ocrx_word' id='word_1_179' title='bbox 481 1429 624 1497; x_wconf 90' lang='lat' dir='ltr'><strong>quod</strong></span> <span class='ocrx_word' id='word_1_180' title='bbox 680 1430 748 1485; x_wconf 89' lang='lat' dir='ltr'><strong>de</strong></span> <span class='ocrx_word' id='word_1_181' title='bbox 804 1444 926 1486; x_wconf 90' lang='lat' dir='ltr'><strong>meo</strong></span> <span class='ocrx_word' id='word_1_182' title='bbox 975 1432 1193 1500; x_wconf 89' lang='lat' dir='ltr'><strong>accipit.</strong></span> <span class='ocrx_word' id='word_1_183' title='bbox 1235 1450 1256 1483; x_wconf 74' lang='grc' dir='ltr'><strong>ι</strong></span> <span class='ocrx_word' id='word_1_184' title='bbox 1308 1430 1771 1496; x_wconf 85' lang='lat' dir='ltr'><strong>Quemadmodum</strong></span> <span class='ocrx_word' id='word_1_185' title='bbox 1834 1432 1981 1485; x_wconf 89' lang='lat' dir='ltr'><strong>enim</strong></span> 
     </span>
    </p>
   </div>
   <div class='ocr_carea' id='block_1_24' title="bbox 2103 1428 3662 1513">
    <p class='ocr_par' dir='ltr' id='par_1_24' title="bbox 2103 1428 3662 1513">
     <span class='ocr_line' id='line_1_24' title="bbox 2103 1428 3662 1513; baseline -0.005 -27"><span class='ocrx_word' id='word_1_186' title='bbox 2103 1454 2106 1485; x_wconf 82' lang='lat' dir='ltr'><strong>l</strong></span> <span class='ocrx_word' id='word_1_187' title='bbox 2145 1436 2204 1487; x_wconf 83' lang='grc' dir='ltr'><strong>τὸ</strong></span> <span class='ocrx_word' id='word_1_188' title='bbox 2236 1453 2254 1486; x_wconf 79' lang='grc' dir='ltr'><strong>ι</strong></span> <span class='ocrx_word' id='word_1_189' title='bbox 2280 1434 2373 1487; x_wconf 80' lang='grc' dir='ltr'>Ἐκ</span> <span class='ocrx_word' id='word_1_190' title='bbox 2428 1434 2522 1513; x_wconf 83' lang='grc' dir='ltr'><strong>τοῦ</strong></span> <span class='ocrx_word' id='word_1_191' title='bbox 2557 1434 2692 1504; x_wconf 65' lang='grc' dir='ltr'><strong>ἐμοῦ</strong></span> <span class='ocrx_word' id='word_1_192' title='bbox 2716 1433 2968 1503; x_wconf 81' lang='grc' dir='ltr'><strong>λήψεται,</strong></span> <span class='ocrx_word' id='word_1_193' title='bbox 2998 1450 3017 1484; x_wconf 78' lang='grc' dir='ltr'><strong>ι</strong></span> <span class='ocrx_word' id='word_1_194' title='bbox 3060 1433 3216 1500; x_wconf 67' lang='grc' dir='ltr'><strong>φησι,</strong></span> <span class='ocrx_word' id='word_1_195' title='bbox 3262 1428 3662 1499; x_wconf 76' lang='grc' dir='ltr'><strong>προστέθεικεν</strong></span> 
     </span>
    </p>
   </div>
   <div class='ocr_carea' id='block_1_25' title="bbox 419 1518 1993 1594">
    <p class='ocr_par' dir='ltr' id='par_1_25' title="bbox 419 1524 1982 1594">
     <span class='ocr_line' id='line_1_25' title="bbox 419 1524 1982 1594; baseline 0.004 -21"><span class='ocrx_word' id='word_1_196' title='bbox 419 1542 437 1573; x_wconf 77' lang='grc' dir='ltr'><strong>ι</strong></span> <span class='ocrx_word' id='word_1_197' title='bbox 478 1530 704 1579; x_wconf 86' lang='lat' dir='ltr'><strong>sanctus</strong></span> <span class='ocrx_word' id='word_1_198' title='bbox 754 1532 840 1577; x_wconf 90' lang='lat' dir='ltr'><strong>est</strong></span> <span class='ocrx_word' id='word_1_199' title='bbox 886 1524 1186 1578; x_wconf 85' lang='lat' dir='ltr'><strong>secundum</strong></span> <span class='ocrx_word' id='word_1_200' title='bbox 1244 1533 1519 1589; x_wconf 89' lang='lat' dir='ltr'><strong>naturam,</strong></span> <span class='ocrx_word' id='word_1_201' title='bbox 1586 1524 1841 1594; x_wconf 81' lang='lat' dir='ltr'><strong>quoniam</strong></span> <span class='ocrx_word' id='word_1_202' title='bbox 1897 1536 1982 1579; x_wconf 89' lang='lat' dir='ltr'><strong>est</strong></span> 
     </span>
    </p>
   </div>
   <div class='ocr_carea' id='block_1_26' title="bbox 2103 1518 3657 1594">
    <p class='ocr_par' dir='ltr' id='par_1_26' title="bbox 2103 1518 3657 1591">
     <span class='ocr_line' id='line_1_26' title="bbox 2103 1518 3657 1591; baseline -0.004 -18"><span class='ocrx_word' id='word_1_203' title='bbox 2103 1543 2106 1572; x_wconf 74' lang='grc' dir='ltr'>ἰ</span> <span class='ocrx_word' id='word_1_204' title='bbox 2150 1521 2458 1587; x_wconf 78' lang='grc' dir='ltr'>ἀναγκαίως</span> <span class='ocrx_word' id='word_1_205' title='bbox 2478 1522 2560 1573; x_wconf 85' lang='grc' dir='ltr'><strong>ὅτι</strong></span> <span class='ocrx_word' id='word_1_206' title='bbox 2579 1541 2598 1573; x_wconf 73' lang='grc' dir='ltr'><strong>ι</strong></span> <span class='ocrx_word' id='word_1_207' title='bbox 2622 1522 2808 1575; x_wconf 80' lang='grc' dir='ltr'><strong>Πάντα</strong></span> <span class='ocrx_word' id='word_1_208' title='bbox 2836 1523 2938 1575; x_wconf 83' lang='grc' dir='ltr'><strong>ὅσα</strong></span> <span class='ocrx_word' id='word_1_209' title='bbox 2963 1521 3077 1591; x_wconf 79' lang='grc' dir='ltr'><strong>εχει</strong></span> <span class='ocrx_word' id='word_1_210' title='bbox 3106 1522 3135 1574; x_wconf 81' lang='grc' dir='ltr'><strong>ὁ</strong></span> <span class='ocrx_word' id='word_1_211' title='bbox 3157 1518 3347 1589; x_wconf 79' lang='grc' dir='ltr'><strong>Πατὴρ</strong></span> <span class='ocrx_word' id='word_1_212' title='bbox 3368 1519 3477 1587; x_wconf 74' lang='grc' dir='ltr'><strong>ἐμά</strong></span> <span class='ocrx_word' id='word_1_213' title='bbox 3509 1518 3657 1569; x_wconf 72' lang='grc' dir='ltr'><strong>εστι.</strong></span> 
     </span>
    </p>
   </div>
   <div class='ocr_carea' id='block_1_27' title="bbox 419 1607 1993 1685">
    <p class='ocr_par' dir='ltr' id='par_1_27' title="bbox 419 1611 1981 1685">
     <span class='ocr_line' id='line_1_27' title="bbox 419 1611 1981 1685; baseline 0.006 -25"><span class='ocrx_word' id='word_1_214' title='bbox 419 1632 436 1660; x_wconf 78' lang='grc' dir='ltr'><strong>ι</strong></span> <span class='ocrx_word' id='word_1_215' title='bbox 474 1614 647 1667; x_wconf 84' lang='lat' dir='ltr'><strong>sancti</strong></span> <span class='ocrx_word' id='word_1_216' title='bbox 705 1611 883 1668; x_wconf 85' lang='lat' dir='ltr'><strong>Patris</strong></span> <span class='ocrx_word' id='word_1_217' title='bbox 931 1614 1188 1682; x_wconf 83' lang='lat' dir='ltr'><strong>Spiritus,</strong></span> <span class='ocrx_word' id='word_1_218' title='bbox 1240 1615 1316 1669; x_wconf 88' lang='lat' dir='ltr'><strong>ita</strong></span> <span class='ocrx_word' id='word_1_219' title='bbox 1348 1624 1403 1669; x_wconf 88' lang='lat' dir='ltr'><strong>et</strong></span> <span class='ocrx_word' id='word_1_220' title='bbox 1449 1615 1689 1683; x_wconf 76' lang='lat' dir='ltr'><strong>sapiens,</strong></span> <span class='ocrx_word' id='word_1_221' title='bbox 1728 1616 1981 1685; x_wconf 81' lang='lat' dir='ltr'><strong>quando-</strong></span> 
     </span>
    </p>
   </div>
   <div class='ocr_carea' id='block_1_28' title="bbox 2103 1607 3652 1685">
    <p class='ocr_par' dir='ltr' id='par_1_28' title="bbox 2103 1607 3652 1682">
     <span class='ocr_line' id='line_1_28' title="bbox 2103 1607 3652 1682; baseline -0.004 -18"><span class='ocrx_word' id='word_1_222' title='bbox 2103 1631 2108 1664; x_wconf 92' lang='lat' dir='ltr'><strong>l</strong></span> <span class='ocrx_word' id='word_1_223' title='bbox 2147 1613 2246 1667; x_wconf 82' lang='grc' dir='ltr'>Διά</span> <span class='ocrx_word' id='word_1_224' title='bbox 2266 1613 2426 1667; x_wconf 84' lang='grc' dir='ltr'><strong>τοῦτο</strong></span> <span class='ocrx_word' id='word_1_225' title='bbox 2449 1610 2604 1666; x_wconf 79' lang='grc' dir='ltr'><strong>εἷπον</strong></span> <span class='ocrx_word' id='word_1_226' title='bbox 2627 1614 2758 1681; x_wconf 82' lang='grc' dir='ltr'><strong>ὑμῖν</strong></span> <span class='ocrx_word' id='word_1_227' title='bbox 2786 1614 2869 1666; x_wconf 81' lang='grc' dir='ltr'><strong>ὅτι</strong></span> <span class='ocrx_word' id='word_1_228' title='bbox 2904 1615 2969 1666; x_wconf 82' lang='grc' dir='ltr'><strong>ἑκ</strong></span> <span class='ocrx_word' id='word_1_229' title='bbox 3006 1611 3102 1664; x_wconf 91' lang='grc' dir='ltr'><strong>τοῦ</strong></span> <span class='ocrx_word' id='word_1_230' title='bbox 3136 1609 3274 1682; x_wconf 70' lang='grc' dir='ltr'><strong>ἐμοῦ</strong></span> <span class='ocrx_word' id='word_1_231' title='bbox 3300 1607 3591 1678; x_wconf 82' lang='grc' dir='ltr'>λαμὸἀνει.</span> <span class='ocrx_word' id='word_1_232' title='bbox 3631 1624 3652 1657; x_wconf 76' lang='grc' dir='ltr'><strong>ι</strong></span> 
     </span>
    </p>
   </div>
   <div class='ocr_carea' id='block_1_29' title="bbox 419 1699 1993 1777">
    <p class='ocr_par' dir='ltr' id='par_1_29' title="bbox 419 1703 1984 1777">
     <span class='ocr_line' id='line_1_29' title="bbox 419 1703 1984 1777; baseline 0.006 -25"><span class='ocrx_word' id='word_1_233' title='bbox 419 1725 434 1752; x_wconf 77' lang='grc' dir='ltr'><strong>ι</strong></span> <span class='ocrx_word' id='word_1_234' title='bbox 480 1703 694 1769; x_wconf 80' lang='lat' dir='ltr'><strong>quidem</strong></span> <span class='ocrx_word' id='word_1_235' title='bbox 745 1703 1025 1773; x_wconf 68' lang='lat' dir='ltr'><strong>sapientiae</strong></span> <span class='ocrx_word' id='word_1_236' title='bbox 1080 1706 1316 1773; x_wconf 78' lang='lat' dir='ltr'><strong>Spiritus</strong></span> <span class='ocrx_word' id='word_1_237' title='bbox 1370 1718 1484 1771; x_wconf 91' lang='lat' dir='ltr'><strong>est,</strong></span> <span class='ocrx_word' id='word_1_238' title='bbox 1534 1709 1801 1777; x_wconf 84' lang='lat' dir='ltr'><strong>sapientia</strong></span> <span class='ocrx_word' id='word_1_239' title='bbox 1850 1724 1984 1765; x_wconf 82' lang='lat' dir='ltr'><strong>vero</strong></span> 
     </span>
    </p>
   </div>
   <div class='ocr_carea' id='block_1_30' title="bbox 2103 1699 3660 1777">
    <p class='ocr_par' dir='ltr' id='par_1_30' title="bbox 2103 1699 3660 1775">
     <span class='ocr_line' id='line_1_30' title="bbox 2103 1699 3660 1775; baseline -0.005 -17"><span class='ocrx_word' id='word_1_240' title='bbox 2103 1725 2107 1758; x_wconf 68' lang='grc' dir='ltr'><strong>ι</strong></span> <span class='ocrx_word' id='word_1_241' title='bbox 2150 1706 2361 1775; x_wconf 78' lang='grc' dir='ltr'><strong>’Ὥσπερ</strong></span> <span class='ocrx_word' id='word_1_242' title='bbox 2412 1705 2567 1773; x_wconf 75' lang='grc' dir='ltr'>ἅγιόν</span> <span class='ocrx_word' id='word_1_243' title='bbox 2619 1706 2738 1758; x_wconf 77' lang='grc' dir='ltr'><strong>ἐστι</strong></span> <span class='ocrx_word' id='word_1_244' title='bbox 2791 1703 2932 1758; x_wconf 84' lang='grc' dir='ltr'>κατά</span> <span class='ocrx_word' id='word_1_245' title='bbox 2978 1702 3166 1771; x_wconf 87' lang='grc' dir='ltr'><strong>φύσιν,</strong></span> <span class='ocrx_word' id='word_1_246' title='bbox 3219 1701 3453 1768; x_wconf 74' lang='grc' dir='ltr'><strong>ιπείπερ</strong></span> <span class='ocrx_word' id='word_1_247' title='bbox 3503 1699 3660 1751; x_wconf 72' lang='grc' dir='ltr'><strong>ἐστὶν</strong></span> 
     </span>
    </p>
   </div>
   <div class='ocr_carea' id='block_1_31' title="bbox 419 1790 1993 1869">
    <p class='ocr_par' dir='ltr' id='par_1_31' title="bbox 419 1793 1981 1869">
     <span class='ocr_line' id='line_1_31' title="bbox 419 1793 1981 1869; baseline 0.004 -24"><span class='ocrx_word' id='word_1_248' title='bbox 419 1815 433 1837; x_wconf 79' lang='grc' dir='ltr'><strong>ι</strong></span> <span class='ocrx_word' id='word_1_249' title='bbox 482 1793 670 1849; x_wconf 72' lang='lat' dir='ltr'><strong>Filius.</strong></span> <span class='ocrx_word' id='word_1_250' title='bbox 713 1793 775 1846; x_wconf 86' lang='lat' dir='ltr'><strong>Et</strong></span> <span class='ocrx_word' id='word_1_251' title='bbox 810 1810 1085 1863; x_wconf 85' lang='lat' dir='ltr'><strong>nunquam</strong></span> <span class='ocrx_word' id='word_1_252' title='bbox 1119 1795 1355 1852; x_wconf 89' lang='lat' dir='ltr'><strong>dicimus</strong></span> <span class='ocrx_word' id='word_1_253' title='bbox 1405 1798 1706 1853; x_wconf 88' lang='lat' dir='ltr'><strong>secundum</strong></span> <span class='ocrx_word' id='word_1_254' title='bbox 1740 1800 1981 1869; x_wconf 88' lang='lat' dir='ltr'><strong>aliquam</strong></span> 
     </span>
    </p>
   </div>
   <div class='ocr_carea' id='block_1_32' title="bbox 2103 1790 3659 1869">
    <p class='ocr_par' dir='ltr' id='par_1_32' title="bbox 2103 1790 3659 1865">
     <span class='ocr_line' id='line_1_32' title="bbox 2103 1790 3659 1865; baseline -0.003 -17"><span class='ocrx_word' id='word_1_255' title='bbox 2103 1816 2109 1848; x_wconf 87' lang='lat' dir='ltr'><strong>l</strong></span> <span class='ocrx_word' id='word_1_256' title='bbox 2151 1798 2308 1865; x_wconf 83' lang='grc' dir='ltr'><strong>ἁγίου</strong></span> <span class='ocrx_word' id='word_1_257' title='bbox 2346 1797 2559 1865; x_wconf 81' lang='grc' dir='ltr'><strong>Πατρὸς</strong></span> <span class='ocrx_word' id='word_1_258' title='bbox 2596 1795 2842 1865; x_wconf 82' lang='grc' dir='ltr'><strong>Πνεῦμα,</strong></span> <span class='ocrx_word' id='word_1_259' title='bbox 2886 1794 3032 1848; x_wconf 83' lang='grc' dir='ltr'><strong>οὓτω</strong></span> <span class='ocrx_word' id='word_1_260' title='bbox 3066 1796 3161 1847; x_wconf 78' lang='grc' dir='ltr'><strong>καὶ</strong></span> <span class='ocrx_word' id='word_1_261' title='bbox 3192 1793 3376 1860; x_wconf 77' lang='grc' dir='ltr'><strong>σοφὸν,</strong></span> <span class='ocrx_word' id='word_1_262' title='bbox 3422 1790 3545 1842; x_wconf 66' lang='grc' dir='ltr'>ἔπει</span> <span class='ocrx_word' id='word_1_263' title='bbox 3571 1807 3659 1844; x_wconf 89' lang='grc' dir='ltr'><strong>τοι</strong></span> 
     </span>
    </p>
   </div>
   <div class='ocr_carea' id='block_1_33' title="bbox 422 1875 1993 1958">
    <p class='ocr_par' dir='ltr' id='par_1_33' title="bbox 422 1882 1981 1956">
     <span class='ocr_line' id='line_1_33' title="bbox 422 1882 1981 1956; baseline 0.009 -26"><span class='ocrx_word' id='word_1_264' title='bbox 422 1903 437 1930; x_wconf 74' lang='grc' dir='ltr'><strong>ε</strong></span> <span class='ocrx_word' id='word_1_265' title='bbox 482 1882 853 1938; x_wconf 69' lang='lat' dir='ltr'><strong>habitudinem</strong></span> <span class='ocrx_word' id='word_1_266' title='bbox 903 1894 958 1939; x_wconf 91' lang='lat' dir='ltr'><strong>et</strong></span> <span class='ocrx_word' id='word_1_267' title='bbox 1008 1885 1485 1955; x_wconf 87' lang='lat' dir='ltr'><strong>participationem</strong></span> <span class='ocrx_word' id='word_1_268' title='bbox 1537 1888 1801 1956; x_wconf 83' lang='lat' dir='ltr'><strong>Spiritum</strong></span> <span class='ocrx_word' id='word_1_269' title='bbox 1857 1903 1981 1945; x_wconf 87' lang='lat' dir='ltr'><strong>esse</strong></span> 
     </span>
    </p>
   </div>
   <div class='ocr_carea' id='block_1_34' title="bbox 2103 1875 3658 1958">
    <p class='ocr_par' dir='ltr' id='par_1_34' title="bbox 2103 1880 3658 1958">
     <span class='ocr_line' id='line_1_34' title="bbox 2103 1880 3658 1958; baseline -0.005 -18"><span class='ocrx_word' id='word_1_270' title='bbox 2103 1909 2107 1940; x_wconf 76' lang='grc' dir='ltr'><strong>ι</strong></span> <span class='ocrx_word' id='word_1_271' title='bbox 2148 1890 2342 1958; x_wconf 79' lang='grc' dir='ltr'><strong>σοφίας</strong></span> <span class='ocrx_word' id='word_1_272' title='bbox 2383 1888 2610 1958; x_wconf 87' lang='grc' dir='ltr'>Πνεῦμά</span> <span class='ocrx_word' id='word_1_273' title='bbox 2642 1889 2781 1951; x_wconf 75' lang='grc' dir='ltr'><strong>ἐστι,</strong></span> <span class='ocrx_word' id='word_1_274' title='bbox 2827 1887 2988 1955; x_wconf 91' lang='grc' dir='ltr'><strong>σοφία</strong></span> <span class='ocrx_word' id='word_1_275' title='bbox 3032 1887 3091 1938; x_wconf 77' lang='grc' dir='ltr'><strong>δὲ</strong></span> <span class='ocrx_word' id='word_1_276' title='bbox 3139 1888 3168 1939; x_wconf 81' lang='grc' dir='ltr'><strong>ὁ</strong></span> <span class='ocrx_word' id='word_1_277' title='bbox 3210 1885 3361 1947; x_wconf 79' lang='grc' dir='ltr'><strong>Υἱός.</strong></span> <span class='ocrx_word' id='word_1_278' title='bbox 3401 1883 3511 1937; x_wconf 68' lang='grc' dir='ltr'><strong>Καὶ</strong></span> <span class='ocrx_word' id='word_1_279' title='bbox 3538 1880 3658 1934; x_wconf 83' lang='grc' dir='ltr'><strong>οῦτι</strong></span> 
     </span>
    </p>
   </div>
   <div class='ocr_carea' id='block_1_35' title="bbox 423 1973 1993 2050">
    <p class='ocr_par' dir='ltr' id='par_1_35' title="bbox 423 1976 1983 2050">
     <span class='ocr_line' id='line_1_35' title="bbox 423 1976 1983 2050; baseline 0.008 -28"><span class='ocrx_word' id='word_1_280' title='bbox 423 2001 435 2022; x_wconf 84' lang='grc'><strong>.</strong></span> <span class='ocrx_word' id='word_1_281' title='bbox 480 1986 725 2031; x_wconf 89' lang='lat' dir='ltr'><strong>sanctum</strong></span> <span class='ocrx_word' id='word_1_282' title='bbox 758 1988 811 2028; x_wconf 76' lang='lat' dir='ltr'><strong>et</strong></span> <span class='ocrx_word' id='word_1_283' title='bbox 840 1976 1162 2045; x_wconf 89' lang='lat' dir='ltr'><strong>sapientem,</strong></span> <span class='ocrx_word' id='word_1_284' title='bbox 1191 1977 1287 2032; x_wconf 85' lang='lat' dir='ltr'><strong>sed</strong></span> <span class='ocrx_word' id='word_1_285' title='bbox 1314 1980 1749 2034; x_wconf 88' lang='lat' dir='ltr'><strong>substantialiter</strong></span> <span class='ocrx_word' id='word_1_286' title='bbox 1777 1981 1983 2050; x_wconf 82' lang='lat' dir='ltr'><strong>potius,</strong></span> 
     </span>
    </p>
   </div>
   <div class='ocr_carea' id='block_1_36' title="bbox 2103 1973 3659 2050">
    <p class='ocr_par' dir='ltr' id='par_1_36' title="bbox 2103 1973 3659 2050">
     <span class='ocr_line' id='line_1_36' title="bbox 2103 1973 3659 2050; baseline -0.006 -15"><span class='ocrx_word' id='word_1_287' title='bbox 2103 1999 2112 2035; x_wconf 94' lang='lat' dir='ltr'><strong>l</strong></span> <span class='ocrx_word' id='word_1_288' title='bbox 2153 1980 2255 2033; x_wconf 85' lang='grc' dir='ltr'><strong>πού</strong></span> <span class='ocrx_word' id='word_1_289' title='bbox 2282 1997 2462 2050; x_wconf 88' lang='grc' dir='ltr'>φαμεν</span> <span class='ocrx_word' id='word_1_290' title='bbox 2493 1979 2568 2042; x_wconf 84' lang='grc' dir='ltr'><strong>ὡς</strong></span> <span class='ocrx_word' id='word_1_291' title='bbox 2595 1980 2737 2033; x_wconf 81' lang='grc' dir='ltr'><strong>κατὰ</strong></span> <span class='ocrx_word' id='word_1_292' title='bbox 2772 1977 2955 2049; x_wconf 82' lang='grc' dir='ltr'><strong>σχέσιν</strong></span> <span class='ocrx_word' id='word_1_293' title='bbox 2978 1978 3102 2032; x_wconf 76' lang='grc' dir='ltr'><strong>τινὰ</strong></span> <span class='ocrx_word' id='word_1_294' title='bbox 3132 1976 3227 2030; x_wconf 76' lang='grc' dir='ltr'><strong>καὶ</strong></span> <span class='ocrx_word' id='word_1_295' title='bbox 3250 1974 3473 2046; x_wconf 74' lang='grc' dir='ltr'><strong>μέθεξιν</strong></span> <span class='ocrx_word' id='word_1_296' title='bbox 3503 1973 3659 2041; x_wconf 72' lang='grc' dir='ltr'>ἅγιόν</span> 
     </span>
    </p>
   </div>
   <div class='ocr_carea' id='block_1_37' title="bbox 422 2066 1993 2142">
    <p class='ocr_par' dir='ltr' id='par_1_37' title="bbox 422 2067 1987 2139">
     <span class='ocr_line' id='line_1_37' title="bbox 422 2067 1987 2139; baseline 0.002 -18"><span class='ocrx_word' id='word_1_297' title='bbox 422 2093 433 2109; x_wconf 79' lang='grc' dir='ltr'><strong>ι</strong></span> <span class='ocrx_word' id='word_1_298' title='bbox 482 2076 533 2121; x_wconf 80' lang='lat' dir='ltr'><strong>et</strong></span> <span class='ocrx_word' id='word_1_299' title='bbox 560 2067 717 2135; x_wconf 88' lang='lat' dir='ltr'><strong>quasi</strong></span> <span class='ocrx_word' id='word_1_300' title='bbox 775 2067 1045 2121; x_wconf 89' lang='lat' dir='ltr'><strong>naturalis</strong></span> <span class='ocrx_word' id='word_1_301' title='bbox 1092 2069 1340 2136; x_wconf 63' lang='lat' dir='ltr'><strong>quaedam</strong></span> <span class='ocrx_word' id='word_1_302' title='bbox 1374 2069 1613 2139; x_wconf 81' lang='lat' dir='ltr'><strong>qualitas</strong></span> <span class='ocrx_word' id='word_1_303' title='bbox 1665 2081 1868 2125; x_wconf 70' lang='lat' dir='ltr'><strong>sanctae</strong></span> <span class='ocrx_word' id='word_1_304' title='bbox 1900 2085 1987 2124; x_wconf 89' lang='lat' dir='ltr'><strong>sa-</strong></span> 
     </span>
    </p>
   </div>
   <div class='ocr_carea' id='block_1_38' title="bbox 2103 2066 3651 2142">
    <p class='ocr_par' dir='ltr' id='par_1_38' title="bbox 2103 2066 3651 2142">
     <span class='ocr_line' id='line_1_38' title="bbox 2103 2066 3651 2142; baseline -0.005 -15"><span class='ocrx_word' id='word_1_305' title='bbox 2103 2093 2115 2127; x_wconf 83' lang='grc' dir='ltr'><strong>ι</strong></span> <span class='ocrx_word' id='word_1_306' title='bbox 2152 2075 2268 2126; x_wconf 77' lang='grc' dir='ltr'><strong>ὲςτι</strong></span> <span class='ocrx_word' id='word_1_307' title='bbox 2312 2073 2370 2126; x_wconf 82' lang='grc' dir='ltr'><strong>τὸ</strong></span> <span class='ocrx_word' id='word_1_308' title='bbox 2414 2072 2638 2142; x_wconf 80' lang='grc' dir='ltr'>Πνεῦμα</span> <span class='ocrx_word' id='word_1_309' title='bbox 2671 2071 2767 2126; x_wconf 74' lang='grc' dir='ltr'><strong>καὶ</strong></span> <span class='ocrx_word' id='word_1_310' title='bbox 2810 2072 2995 2139; x_wconf 76' lang='grc' dir='ltr'><strong>σοφὸν,</strong></span> <span class='ocrx_word' id='word_1_311' title='bbox 3030 2069 3303 2131; x_wconf 80' lang='grc' dir='ltr'><strong>οὐσιωδῶς</strong></span> <span class='ocrx_word' id='word_1_312' title='bbox 3344 2068 3402 2121; x_wconf 74' lang='grc' dir='ltr'><strong>δὲ</strong></span> <span class='ocrx_word' id='word_1_313' title='bbox 3432 2066 3651 2137; x_wconf 75' lang='grc' dir='ltr'><strong>μᾶλλον.</strong></span> 
     </span>
    </p>
   </div>
   <div class='ocr_carea' id='block_1_39' title="bbox 424 2156 1993 2233">
    <p class='ocr_par' dir='ltr' id='par_1_39' title="bbox 424 2158 1986 2229">
     <span class='ocr_line' id='line_1_39' title="bbox 424 2158 1986 2229; baseline 0.005 -20"><span class='ocrx_word' id='word_1_314' title='bbox 424 2184 435 2203; x_wconf 75' lang='grc' dir='ltr'><strong><em>ο</em></strong></span> <span class='ocrx_word' id='word_1_315' title='bbox 479 2158 785 2225; x_wconf 84' lang='lat' dir='ltr'><strong>pientisque</strong></span> <span class='ocrx_word' id='word_1_316' title='bbox 834 2158 1156 2226; x_wconf 84' lang='lat' dir='ltr'><strong>divinitatis,</strong></span> <span class='ocrx_word' id='word_1_317' title='bbox 1188 2176 1310 2229; x_wconf 48' lang='lat' dir='ltr'><strong>quae</strong></span> <span class='ocrx_word' id='word_1_318' title='bbox 1345 2163 1505 2217; x_wconf 86' lang='lat' dir='ltr'><strong>sicuti</strong></span> <span class='ocrx_word' id='word_1_319' title='bbox 1549 2163 1601 2216; x_wconf 92' lang='lat' dir='ltr'><strong>in</strong></span> <span class='ocrx_word' id='word_1_320' title='bbox 1652 2161 1892 2228; x_wconf 62' lang='lat' dir='ltr'><strong>Patrexet</strong></span> <span class='ocrx_word' id='word_1_321' title='bbox 1931 2164 1986 2217; x_wconf 90' lang='lat' dir='ltr'><strong>in</strong></span> 
     </span>
    </p>
   </div>
   <div class='ocr_carea' id='block_1_40' title="bbox 2103 2156 3656 2233">
    <p class='ocr_par' dir='ltr' id='par_1_40' title="bbox 2103 2156 3656 2233">
     <span class='ocr_line' id='line_1_40' title="bbox 2103 2156 3656 2233; baseline -0.006 -16"><span class='ocrx_word' id='word_1_322' title='bbox 2103 2187 2112 2217; x_wconf 92' lang='lat' dir='ltr'>I</span> <span class='ocrx_word' id='word_1_323' title='bbox 2150 2166 2243 2217; x_wconf 77' lang='grc' dir='ltr'><strong>καὶ</strong></span> <span class='ocrx_word' id='word_1_324' title='bbox 2285 2161 2450 2216; x_wconf 77' lang='grc' dir='ltr'><strong>οἶονεί</strong></span> <span class='ocrx_word' id='word_1_325' title='bbox 2484 2181 2569 2226; x_wconf 86' lang='grc' dir='ltr'><strong>τις</strong></span> <span class='ocrx_word' id='word_1_326' title='bbox 2613 2168 2820 2233; x_wconf 77' lang='grc' dir='ltr'><strong>φυσικὴ</strong></span> <span class='ocrx_word' id='word_1_327' title='bbox 2863 2164 3089 2229; x_wconf 81' lang='grc' dir='ltr'><strong>ποιότης</strong></span> <span class='ocrx_word' id='word_1_328' title='bbox 3129 2162 3226 2230; x_wconf 81' lang='grc' dir='ltr'><strong>τῆς</strong></span> <span class='ocrx_word' id='word_1_329' title='bbox 3273 2160 3436 2227; x_wconf 80' lang='grc' dir='ltr'>ἁγίας</span> <span class='ocrx_word' id='word_1_330' title='bbox 3470 2175 3532 2210; x_wconf 87' lang='grc' dir='ltr'><strong>τε</strong></span> <span class='ocrx_word' id='word_1_331' title='bbox 3567 2156 3656 2210; x_wconf 62' lang='grc' dir='ltr'><strong>καὶ</strong></span> 
     </span>
    </p>
   </div>
   <div class='ocr_carea' id='block_1_41' title="bbox 423 2250 1993 2327">
    <p class='ocr_par' dir='ltr' id='par_1_41' title="bbox 423 2250 1986 2325">
     <span class='ocr_line' id='line_1_41' title="bbox 423 2250 1986 2325; baseline 0.004 -22"><span class='ocrx_word' id='word_1_332' title='bbox 423 2276 437 2296; x_wconf 71' lang='grc' dir='ltr'><strong>ι</strong></span> <span class='ocrx_word' id='word_1_333' title='bbox 485 2250 639 2313; x_wconf 78' lang='lat' dir='ltr'><strong>Filio,</strong></span> <span class='ocrx_word' id='word_1_334' title='bbox 676 2250 751 2304; x_wconf 87' lang='lat' dir='ltr'><strong>ita</strong></span> <span class='ocrx_word' id='word_1_335' title='bbox 798 2262 851 2303; x_wconf 89' lang='lat' dir='ltr'><strong>et</strong></span> <span class='ocrx_word' id='word_1_336' title='bbox 897 2251 951 2305; x_wconf 89' lang='lat' dir='ltr'><strong>in</strong></span> <span class='ocrx_word' id='word_1_337' title='bbox 994 2252 1111 2320; x_wconf 86' lang='lat' dir='ltr'><strong>ipso</strong></span> <span class='ocrx_word' id='word_1_338' title='bbox 1156 2251 1363 2322; x_wconf 88' lang='lat' dir='ltr'><strong>Spiritu</strong></span> <span class='ocrx_word' id='word_1_339' title='bbox 1412 2255 1758 2325; x_wconf 81' lang='lat' dir='ltr'><strong>intelligitur.</strong></span> <span class='ocrx_word' id='word_1_340' title='bbox 1801 2254 1986 2310; x_wconf 85' lang='lat' dir='ltr'><strong>Patris</strong></span> 
     </span>
    </p>
   </div>
   <div class='ocr_carea' id='block_1_42' title="bbox 2103 2250 3654 2327">
    <p class='ocr_par' dir='ltr' id='par_1_42' title="bbox 2103 2250 3654 2327">
     <span class='ocr_line' id='line_1_42' title="bbox 2103 2250 3654 2327; baseline -0.006 -18"><span class='ocrx_word' id='word_1_341' title='bbox 2103 2277 2116 2309; x_wconf 86' lang='lat' dir='ltr'><strong>r</strong></span> <span class='ocrx_word' id='word_1_342' title='bbox 2158 2258 2326 2326; x_wconf 76' lang='grc' dir='ltr'><strong>σοφῆς</strong></span> <span class='ocrx_word' id='word_1_343' title='bbox 2353 2256 2626 2327; x_wconf 85' lang='grc' dir='ltr'><strong>θεότητος,</strong></span> <span class='ocrx_word' id='word_1_344' title='bbox 2663 2257 2762 2325; x_wconf 84' lang='grc' dir='ltr'><strong>τῆς</strong></span> <span class='ocrx_word' id='word_1_345' title='bbox 2803 2256 2878 2317; x_wconf 83' lang='grc' dir='ltr'><strong>ὡς</strong></span> <span class='ocrx_word' id='word_1_346' title='bbox 2925 2256 2984 2309; x_wconf 78' lang='grc' dir='ltr'><strong>ὲν</strong></span> <span class='ocrx_word' id='word_1_347' title='bbox 3029 2254 3206 2324; x_wconf 73' lang='grc' dir='ltr'>Πατρὶ</span> <span class='ocrx_word' id='word_1_348' title='bbox 3240 2254 3337 2305; x_wconf 78' lang='grc' dir='ltr'><strong>καὶ</strong></span> <span class='ocrx_word' id='word_1_349' title='bbox 3361 2250 3479 2320; x_wconf 84' lang='grc' dir='ltr'><strong>Υίῷ</strong></span> <span class='ocrx_word' id='word_1_350' title='bbox 3504 2264 3654 2302; x_wconf 86' lang='grc' dir='ltr'><strong>νοου-</strong></span> 
     </span>
    </p>
   </div>
   <div class='ocr_carea' id='block_1_43' title="bbox 425 2337 1993 2420">
    <p class='ocr_par' dir='ltr' id='par_1_43' title="bbox 425 2343 1989 2417">
     <span class='ocr_line' id='line_1_43' title="bbox 425 2343 1989 2417; baseline 0.006 -22"><span class='ocrx_word' id='word_1_351' title='bbox 425 2372 437 2388; x_wconf 74' lang='grc' dir='ltr'><strong>ι</strong></span> <span class='ocrx_word' id='word_1_352' title='bbox 480 2352 661 2396; x_wconf 84' lang='lat' dir='ltr'><strong>autem</strong></span> <span class='ocrx_word' id='word_1_353' title='bbox 703 2345 989 2411; x_wconf 85' lang='lat' dir='ltr'><strong>Spiritum,</strong></span> <span class='ocrx_word' id='word_1_354' title='bbox 1023 2343 1284 2414; x_wconf 86' lang='lat' dir='ltr'><strong>Spiritum</strong></span> <span class='ocrx_word' id='word_1_355' title='bbox 1315 2362 1436 2403; x_wconf 90' lang='lat' dir='ltr'><strong>esse</strong></span> <span class='ocrx_word' id='word_1_356' title='bbox 1471 2346 1619 2413; x_wconf 86' lang='lat' dir='ltr'><strong>Filii,</strong></span> <span class='ocrx_word' id='word_1_357' title='bbox 1659 2348 1775 2416; x_wconf 89' lang='lat' dir='ltr'><strong>ipse</strong></span> <span class='ocrx_word' id='word_1_358' title='bbox 1806 2364 1903 2417; x_wconf 88' lang='lat' dir='ltr'><strong>per</strong></span> <span class='ocrx_word' id='word_1_359' title='bbox 1927 2362 1989 2405; x_wconf 86' lang='lat' dir='ltr'><strong>se</strong></span> 
     </span>
    </p>
   </div>
   <div class='ocr_carea' id='block_1_44' title="bbox 2103 2337 3658 2420">
    <p class='ocr_par' dir='ltr' id='par_1_44' title="bbox 2103 2337 3658 2420">
     <span class='ocr_line' id='line_1_44' title="bbox 2103 2337 3658 2420; baseline -0.008 -17"><span class='ocrx_word' id='word_1_360' title='bbox 2103 2369 2113 2403; x_wconf 84' lang='grc' dir='ltr'><strong>ι</strong></span> <span class='ocrx_word' id='word_1_361' title='bbox 2154 2352 2320 2420; x_wconf 75' lang='grc' dir='ltr'><strong>μένης</strong></span> <span class='ocrx_word' id='word_1_362' title='bbox 2356 2348 2449 2402; x_wconf 71' lang='grc' dir='ltr'><strong>καὶ</strong></span> <span class='ocrx_word' id='word_1_363' title='bbox 2479 2352 2535 2401; x_wconf 83' lang='grc' dir='ltr'><strong>ὲν</strong></span> <span class='ocrx_word' id='word_1_364' title='bbox 2564 2348 2715 2418; x_wconf 86' lang='grc' dir='ltr'><strong>αὐτῷ</strong></span> <span class='ocrx_word' id='word_1_365' title='bbox 2744 2347 2823 2417; x_wconf 81' lang='grc' dir='ltr'><strong>τῷ</strong></span> <span class='ocrx_word' id='word_1_366' title='bbox 2862 2345 3159 2415; x_wconf 79' lang='grc' dir='ltr'>Πνεῦματι.</span> <span class='ocrx_word' id='word_1_367' title='bbox 3218 2345 3342 2397; x_wconf 87' lang='grc' dir='ltr'><strong>Ὅτι</strong></span> <span class='ocrx_word' id='word_1_368' title='bbox 3378 2343 3439 2396; x_wconf 70' lang='grc' dir='ltr'><strong>δδ</strong></span> <span class='ocrx_word' id='word_1_369' title='bbox 3470 2342 3530 2395; x_wconf 82' lang='grc' dir='ltr'><strong>τὸ</strong></span> <span class='ocrx_word' id='word_1_370' title='bbox 3563 2337 3658 2392; x_wconf 87' lang='grc' dir='ltr'><strong>τοῦ</strong></span> 
     </span>
    </p>
   </div>
   <div class='ocr_carea' id='block_1_45' title="bbox 424 2433 1993 2512">
    <p class='ocr_par' dir='ltr' id='par_1_45' title="bbox 424 2435 1985 2504">
     <span class='ocr_line' id='line_1_45' title="bbox 424 2435 1985 2504; baseline 0.008 -22"><span class='ocrx_word' id='word_1_371' title='bbox 424 2455 438 2482; x_wconf 76' lang='grc' dir='ltr'><strong>ι</strong></span> <span class='ocrx_word' id='word_1_372' title='bbox 478 2435 650 2502; x_wconf 85' lang='lat' dir='ltr'><strong>ipsum</strong></span> <span class='ocrx_word' id='word_1_373' title='bbox 679 2437 911 2500; x_wconf 82' lang='lat' dir='ltr'><strong>erudiet,</strong></span> <span class='ocrx_word' id='word_1_374' title='bbox 950 2436 1138 2492; x_wconf 90' lang='lat' dir='ltr'><strong>dicens</strong></span> <span class='ocrx_word' id='word_1_375' title='bbox 1169 2454 1184 2492; x_wconf 91' lang='lat'><strong>:</strong></span> <span class='ocrx_word' id='word_1_376' title='bbox 1239 2456 1258 2489; x_wconf 79' lang='grc' dir='ltr'><strong>ι</strong></span> <span class='ocrx_word' id='word_1_377' title='bbox 1294 2440 1525 2504; x_wconf 77' lang='lat' dir='ltr'><strong>Quando</strong></span> <span class='ocrx_word' id='word_1_378' title='bbox 1577 2441 1786 2495; x_wconf 76' lang='lat' dir='ltr'><strong>venerit</strong></span> <span class='ocrx_word' id='word_1_379' title='bbox 1811 2438 1985 2495; x_wconf 83' lang='lat' dir='ltr'><strong>Para-</strong></span> 
     </span>
    </p>
   </div>
   <div class='ocr_carea' id='block_1_46' title="bbox 2103 2433 3662 2512">
    <p class='ocr_par' dir='ltr' id='par_1_46' title="bbox 2103 2433 3662 2512">
     <span class='ocr_line' id='line_1_46' title="bbox 2103 2433 3662 2512; baseline -0.008 -16"><span class='ocrx_word' id='word_1_380' title='bbox 2103 2462 2115 2496; x_wconf 92' lang='lat' dir='ltr'><strong>I</strong></span> <span class='ocrx_word' id='word_1_381' title='bbox 2159 2442 2370 2512; x_wconf 80' lang='grc' dir='ltr'><strong>Πατρδς</strong></span> <span class='ocrx_word' id='word_1_382' title='bbox 2402 2441 2651 2511; x_wconf 80' lang='grc' dir='ltr'>Πνεῦμα,</span> <span class='ocrx_word' id='word_1_383' title='bbox 2683 2440 2908 2511; x_wconf 87' lang='grc' dir='ltr'>Πνεῦμά</span> <span class='ocrx_word' id='word_1_384' title='bbox 2938 2440 3053 2491; x_wconf 61' lang='grc' dir='ltr'><strong>ἔστι</strong></span> <span class='ocrx_word' id='word_1_385' title='bbox 3092 2435 3189 2491; x_wconf 88' lang='grc' dir='ltr'><strong>τοῦ</strong></span> <span class='ocrx_word' id='word_1_386' title='bbox 3213 2434 3367 2498; x_wconf 86' lang='grc' dir='ltr'><strong>Υἱοῦ,</strong></span> <span class='ocrx_word' id='word_1_387' title='bbox 3407 2433 3570 2494; x_wconf 80' lang='grc' dir='ltr'><strong>αὐτός</strong></span> <span class='ocrx_word' id='word_1_388' title='bbox 3595 2447 3662 2499; x_wconf 90' lang='grc' dir='ltr'>γε</span> 
     </span>
    </p>
   </div>
   <div class='ocr_carea' id='block_1_47' title="bbox 423 2522 1993 2604">
    <p class='ocr_par' dir='ltr' id='par_1_47' title="bbox 423 2526 1986 2603">
     <span class='ocr_line' id='line_1_47' title="bbox 423 2526 1986 2603; baseline 0.008 -28"><span class='ocrx_word' id='word_1_389' title='bbox 423 2548 437 2575; x_wconf 78' lang='grc' dir='ltr'><strong>ι</strong></span> <span class='ocrx_word' id='word_1_390' title='bbox 482 2526 679 2591; x_wconf 75' lang='lat' dir='ltr'><strong>rletus,</strong></span> <span class='ocrx_word' id='word_1_391' title='bbox 726 2543 887 2597; x_wconf 87' lang='lat' dir='ltr'><strong>quem</strong></span> <span class='ocrx_word' id='word_1_392' title='bbox 933 2544 1033 2598; x_wconf 72' lang='lat' dir='ltr'><strong>ego</strong></span> <span class='ocrx_word' id='word_1_393' title='bbox 1076 2531 1284 2586; x_wconf 76' lang='lat' dir='ltr'><strong>mittam</strong></span> <span class='ocrx_word' id='word_1_394' title='bbox 1348 2534 1504 2588; x_wconf 82' lang='lat' dir='ltr'><strong>vobis</strong></span> <span class='ocrx_word' id='word_1_395' title='bbox 1563 2548 1592 2588; x_wconf 82' lang='lat' dir='ltr'><strong>a</strong></span> <span class='ocrx_word' id='word_1_396' title='bbox 1628 2533 1808 2599; x_wconf 91' lang='lat' dir='ltr'><strong>Patre,</strong></span> <span class='ocrx_word' id='word_1_397' title='bbox 1862 2533 1986 2603; x_wconf 82' lang='lat' dir='ltr'><strong>Spi-</strong></span> 
     </span>
    </p>
   </div>
   <div class='ocr_carea' id='block_1_48' title="bbox 2103 2522 3663 2604">
    <p class='ocr_par' dir='ltr' id='par_1_48' title="bbox 2103 2522 3663 2604">
     <span class='ocr_line' id='line_1_48' title="bbox 2103 2522 3663 2604; baseline -0.009 -14"><span class='ocrx_word' id='word_1_398' title='bbox 2103 2556 2113 2590; x_wconf 90' lang='lat' dir='ltr'><strong>t</strong></span> <span class='ocrx_word' id='word_1_399' title='bbox 2150 2537 2216 2589; x_wconf 86' lang='grc' dir='ltr'><strong>δ.’</strong></span> <span class='ocrx_word' id='word_1_400' title='bbox 2242 2534 2438 2588; x_wconf 71' lang='grc' dir='ltr'><strong>ἑαυτοῦ</strong></span> <span class='ocrx_word' id='word_1_401' title='bbox 2469 2537 2893 2604; x_wconf 80' lang='grc' dir='ltr'><strong>μυσταγωγήσει</strong></span> <span class='ocrx_word' id='word_1_402' title='bbox 2931 2530 3136 2596; x_wconf 78' lang='grc' dir='ltr'>λέγων’</span> <span class='ocrx_word' id='word_1_403' title='bbox 3171 2546 3192 2580; x_wconf 75' lang='grc' dir='ltr'><strong>ι</strong></span> <span class='ocrx_word' id='word_1_404' title='bbox 3231 2528 3402 2580; x_wconf 86' lang='grc' dir='ltr'>Ὅταν</span> <span class='ocrx_word' id='word_1_405' title='bbox 3437 2525 3497 2577; x_wconf 79' lang='grc' dir='ltr'><strong>δὲ</strong></span> <span class='ocrx_word' id='word_1_406' title='bbox 3530 2522 3663 2594; x_wconf 65' lang='grc' dir='ltr'><strong>ἔλθῃ</strong></span> 
     </span>
    </p>
   </div>
   <div class='ocr_carea' id='block_1_49' title="bbox 425 2618 1988 2693">
    <p class='ocr_par' dir='ltr' id='par_1_49' title="bbox 425 2618 1988 2693">
     <span class='ocr_line' id='line_1_49' title="bbox 425 2618 1988 2693; baseline 0.008 -28"><span class='ocrx_word' id='word_1_407' title='bbox 425 2638 439 2665; x_wconf 76' lang='grc' dir='ltr'><strong>ι</strong></span> <span class='ocrx_word' id='word_1_408' title='bbox 486 2618 650 2671; x_wconf 87' lang='lat' dir='ltr'><strong>ritum</strong></span> <span class='ocrx_word' id='word_1_409' title='bbox 710 2620 980 2686; x_wconf 88' lang='lat' dir='ltr'><strong>veritatis,</strong></span> <span class='ocrx_word' id='word_1_410' title='bbox 1025 2622 1172 2691; x_wconf 90' lang='lat' dir='ltr'><strong>quia</strong></span> <span class='ocrx_word' id='word_1_411' title='bbox 1204 2622 1362 2677; x_wconf 89' lang='lat' dir='ltr'><strong>Patre</strong></span> <span class='ocrx_word' id='word_1_412' title='bbox 1394 2626 1664 2693; x_wconf 85' lang='lat' dir='ltr'><strong>procedit,</strong></span> <span class='ocrx_word' id='word_1_413' title='bbox 1709 2626 1799 2680; x_wconf 88' lang='lat' dir='ltr'><strong>ille</strong></span> <span class='ocrx_word' id='word_1_414' title='bbox 1832 2626 1988 2682; x_wconf 86' lang='lat' dir='ltr'><strong>testi-</strong></span> 
     </span>
    </p>
   </div>
   <div class='ocr_carea' id='block_1_50' title="bbox 426 2712 1988 2787">
    <p class='ocr_par' dir='ltr' id='par_1_50' title="bbox 426 2712 1988 2787">
     <span class='ocr_line' id='line_1_50' title="bbox 426 2712 1988 2787; baseline 0.008 -29"><span class='ocrx_word' id='word_1_415' title='bbox 426 2730 441 2758; x_wconf 83' lang='grc' dir='ltr'><strong>ι</strong></span> <span class='ocrx_word' id='word_1_416' title='bbox 487 2712 727 2765; x_wconf 88' lang='lat' dir='ltr'><strong>monium</strong></span> <span class='ocrx_word' id='word_1_417' title='bbox 764 2713 1071 2781; x_wconf 84' lang='lat' dir='ltr'><strong>perhibebit</strong></span> <span class='ocrx_word' id='word_1_418' title='bbox 1116 2714 1184 2770; x_wconf 86' lang='lat' dir='ltr'><strong>de</strong></span> <span class='ocrx_word' id='word_1_419' title='bbox 1213 2731 1298 2769; x_wconf 90' lang='lat' dir='ltr'><strong>me</strong></span> <span class='ocrx_word' id='word_1_420' title='bbox 1327 2716 1396 2769; x_wconf 77' lang='lat'><strong>“.</strong></span> <span class='ocrx_word' id='word_1_421' title='bbox 1435 2735 1454 2768; x_wconf 76' lang='grc' dir='ltr'><strong>ι</strong></span> <span class='ocrx_word' id='word_1_422' title='bbox 1508 2716 1773 2786; x_wconf 77' lang='lat' dir='ltr'><strong>lntelligis</strong></span> <span class='ocrx_word' id='word_1_423' title='bbox 1798 2718 1988 2787; x_wconf 70' lang='lat' dir='ltr'><strong>igitur,</strong></span> 
     </span>
    </p>
   </div>
   <div class='ocr_carea' id='block_1_51' title="bbox 427 2805 1991 2875">
    <p class='ocr_par' dir='ltr' id='par_1_51' title="bbox 427 2805 1991 2875">
     <span class='ocr_line' id='line_1_51' title="bbox 427 2805 1991 2875; baseline 0.008 -24"><span class='ocrx_word' id='word_1_424' title='bbox 427 2832 442 2851; x_wconf 87' lang='lat'><strong>.</strong></span> <span class='ocrx_word' id='word_1_425' title='bbox 481 2805 761 2870; x_wconf 78' lang='lat' dir='ltr'><strong>quomodo</strong></span> <span class='ocrx_word' id='word_1_426' title='bbox 788 2807 1068 2875; x_wconf 84' lang='lat' dir='ltr'><strong>preprium</strong></span> <span class='ocrx_word' id='word_1_427' title='bbox 1096 2808 1381 2875; x_wconf 86' lang='lat' dir='ltr'><strong>promittat</strong></span> <span class='ocrx_word' id='word_1_428' title='bbox 1415 2824 1472 2861; x_wconf 90' lang='lat' dir='ltr'><strong>se</strong></span> <span class='ocrx_word' id='word_1_429' title='bbox 1510 2809 1805 2865; x_wconf 87' lang='lat' dir='ltr'><strong>missurum</strong></span> <span class='ocrx_word' id='word_1_430' title='bbox 1830 2809 1991 2864; x_wconf 82' lang='lat' dir='ltr'><strong>nobis</strong></span> 
     </span>
    </p>
   </div>
   <div class='ocr_carea' id='block_1_52' title="bbox 426 2896 1987 2971">
    <p class='ocr_par' dir='ltr' id='par_1_52' title="bbox 426 2896 1987 2971">
     <span class='ocr_line' id='line_1_52' title="bbox 426 2896 1987 2971; baseline 0.006 -28"><span class='ocrx_word' id='word_1_431' title='bbox 426 2917 440 2943; x_wconf 81' lang='grc' dir='ltr'><strong>ι</strong></span> <span class='ocrx_word' id='word_1_432' title='bbox 482 2912 545 2949; x_wconf 77' lang='lat' dir='ltr'><strong>ex</strong></span> <span class='ocrx_word' id='word_1_433' title='bbox 598 2896 775 2971; x_wconf 78' lang='lat' dir='ltr'><strong>Patre,</strong></span> <span class='ocrx_word' id='word_1_434' title='bbox 814 2906 868 2950; x_wconf 91' lang='lat' dir='ltr'><strong>et</strong></span> <span class='ocrx_word' id='word_1_435' title='bbox 920 2896 1186 2966; x_wconf 87' lang='lat' dir='ltr'><strong>Spiritum</strong></span> <span class='ocrx_word' id='word_1_436' title='bbox 1242 2900 1463 2969; x_wconf 83' lang='lat' dir='ltr'><strong>quidem</strong></span> <span class='ocrx_word' id='word_1_437' title='bbox 1512 2901 1759 2955; x_wconf 83' lang='lat' dir='ltr'><strong>veritatis</strong></span> <span class='ocrx_word' id='word_1_438' title='bbox 1809 2910 1987 2966; x_wconf 84' lang='lat' dir='ltr'><strong>vocet,</strong></span> 
     </span>
    </p>
   </div>
   <div class='ocr_carea' id='block_1_53' title="bbox 2096 2611 3662 2692">
    <p class='ocr_par' dir='ltr' id='par_1_53' title="bbox 2096 2611 3662 2692">
     <span class='ocr_line' id='line_1_53' title="bbox 2096 2611 3662 2692; baseline -0.006 -19"><span class='ocrx_word' id='word_1_439' title='bbox 2096 2642 2115 2673; x_wconf 79' lang='grc' dir='ltr'><strong>ε</strong></span> <span class='ocrx_word' id='word_1_440' title='bbox 2154 2626 2179 2674; x_wconf 74' lang='grc' dir='ltr'>ὁ</span> <span class='ocrx_word' id='word_1_441' title='bbox 2241 2622 2617 2692; x_wconf 81' lang='grc' dir='ltr'><strong>Παράκλητος,</strong></span> <span class='ocrx_word' id='word_1_442' title='bbox 2668 2621 2728 2673; x_wconf 86' lang='grc' dir='ltr'><strong>ὃν</strong></span> <span class='ocrx_word' id='word_1_443' title='bbox 2773 2619 2884 2689; x_wconf 74' lang='grc' dir='ltr'><strong>ἐγὼ</strong></span> <span class='ocrx_word' id='word_1_444' title='bbox 2929 2620 3132 2688; x_wconf 70' lang='grc' dir='ltr'>πέμψω</span> <span class='ocrx_word' id='word_1_445' title='bbox 3179 2617 3312 2687; x_wconf 84' lang='grc' dir='ltr'><strong>ὑμῖν</strong></span> <span class='ocrx_word' id='word_1_446' title='bbox 3360 2613 3516 2683; x_wconf 81' lang='grc' dir='ltr'><strong>παρά</strong></span> <span class='ocrx_word' id='word_1_447' title='bbox 3563 2611 3662 2665; x_wconf 89' lang='grc' dir='ltr'><strong>τοῦ</strong></span> 
     </span>
    </p>
   </div>
   <div class='ocr_carea' id='block_1_54' title="bbox 2097 2701 3661 2783">
    <p class='ocr_par' dir='ltr' id='par_1_54' title="bbox 2097 2701 3661 2783">
     <span class='ocr_line' id='line_1_54' title="bbox 2097 2701 3661 2783; baseline -0.007 -17"><span class='ocrx_word' id='word_1_448' title='bbox 2097 2732 2116 2764; x_wconf 77' lang='grc' dir='ltr'><strong>ι</strong></span> <span class='ocrx_word' id='word_1_449' title='bbox 2156 2713 2387 2783; x_wconf 78' lang='grc' dir='ltr'><strong>Πατρδς,</strong></span> <span class='ocrx_word' id='word_1_450' title='bbox 2432 2713 2493 2765; x_wconf 75' lang='grc' dir='ltr'><strong>τὸ</strong></span> <span class='ocrx_word' id='word_1_451' title='bbox 2557 2712 2781 2781; x_wconf 87' lang='grc' dir='ltr'>Πνεῦμα</span> <span class='ocrx_word' id='word_1_452' title='bbox 2824 2711 2925 2779; x_wconf 77' lang='grc' dir='ltr'><strong>τῆς</strong></span> <span class='ocrx_word' id='word_1_453' title='bbox 2960 2708 3239 2779; x_wconf 80' lang='grc' dir='ltr'>ἀληθείας,</span> <span class='ocrx_word' id='word_1_454' title='bbox 3287 2706 3317 2758; x_wconf 79' lang='grc' dir='ltr'><strong>ὃ</strong></span> <span class='ocrx_word' id='word_1_455' title='bbox 3361 2705 3514 2775; x_wconf 73' lang='grc' dir='ltr'><strong>παρὰ</strong></span> <span class='ocrx_word' id='word_1_456' title='bbox 3567 2701 3661 2755; x_wconf 87' lang='grc' dir='ltr'><strong>τοῦ</strong></span> 
     </span>
    </p>
   </div>
   <div class='ocr_carea' id='block_1_55' title="bbox 2098 2794 3664 2877">
    <p class='ocr_par' dir='ltr' id='par_1_55' title="bbox 2098 2794 3664 2877">
     <span class='ocr_line' id='line_1_55' title="bbox 2098 2794 3664 2877; baseline -0.008 -18"><span class='ocrx_word' id='word_1_457' title='bbox 2098 2826 2116 2858; x_wconf 73' lang='grc' dir='ltr'><strong>ι</strong></span> <span class='ocrx_word' id='word_1_458' title='bbox 2152 2805 2363 2877; x_wconf 83' lang='grc' dir='ltr'>Πατρὸς</span> <span class='ocrx_word' id='word_1_459' title='bbox 2410 2804 2810 2875; x_wconf 72' lang='grc' dir='ltr'><strong>ἐκπορεύεται,</strong></span> <span class='ocrx_word' id='word_1_460' title='bbox 2869 2806 3076 2864; x_wconf 73' lang='grc' dir='ltr'><strong>ἐκεῖνος</strong></span> <span class='ocrx_word' id='word_1_461' title='bbox 3139 2800 3483 2870; x_wconf 80' lang='grc' dir='ltr'><strong>μαρτυρήσει</strong></span> <span class='ocrx_word' id='word_1_462' title='bbox 3532 2794 3664 2865; x_wconf 77' lang='grc' dir='ltr'><strong>περὶ</strong></span> 
     </span>
    </p>
   </div>
   <div class='ocr_carea' id='block_1_56' title="bbox 2096 2888 3662 2968">
    <p class='ocr_par' dir='ltr' id='par_1_56' title="bbox 2096 2888 3662 2968">
     <span class='ocr_line' id='line_1_56' title="bbox 2096 2888 3662 2968; baseline -0.008 -17"><span class='ocrx_word' id='word_1_463' title='bbox 2096 2919 2115 2951; x_wconf 77' lang='grc' dir='ltr'><strong>ι</strong></span> <span class='ocrx_word' id='word_1_464' title='bbox 2154 2897 2309 2968; x_wconf 76' lang='grc' dir='ltr'><strong>ἐμοῦ.</strong></span> <span class='ocrx_word' id='word_1_465' title='bbox 2359 2899 2555 2966; x_wconf 77' lang='grc' dir='ltr'><strong>Συνίης</strong></span> <span class='ocrx_word' id='word_1_466' title='bbox 2600 2893 2717 2960; x_wconf 76' lang='grc' dir='ltr'>οὖν,</span> <span class='ocrx_word' id='word_1_467' title='bbox 2769 2896 2916 2957; x_wconf 78' lang='grc' dir='ltr'><strong>ὅπως</strong></span> <span class='ocrx_word' id='word_1_468' title='bbox 2957 2895 3031 2956; x_wconf 83' lang='grc' dir='ltr'><strong>ὡς</strong></span> <span class='ocrx_word' id='word_1_469' title='bbox 3066 2894 3201 2947; x_wconf 80' lang='grc' dir='ltr'><strong>ῑδιον</strong></span> <span class='ocrx_word' id='word_1_470' title='bbox 3252 2888 3662 2959; x_wconf 69' lang='grc' dir='ltr'><strong>ἐπαγγέλλεται</strong></span> 
     </span>
    </p>
   </div>
   <div class='ocr_carea' id='block_1_57' title="bbox 428 2978 1993 3062">
    <p class='ocr_par' dir='ltr' id='par_1_57' title="bbox 428 2989 1987 3062">
     <span class='ocr_line' id='line_1_57' title="bbox 428 2989 1987 3062; baseline 0.008 -27"><span class='ocrx_word' id='word_1_471' title='bbox 428 3008 445 3035; x_wconf 72' lang='grc' dir='ltr'>ς</span> <span class='ocrx_word' id='word_1_472' title='bbox 482 3002 744 3041; x_wconf 81' lang='lat' dir='ltr'><strong>emanare</strong></span> <span class='ocrx_word' id='word_1_473' title='bbox 794 2989 959 3042; x_wconf 88' lang='lat' dir='ltr'><strong>etiam</strong></span> <span class='ocrx_word' id='word_1_474' title='bbox 1005 3005 1069 3042; x_wconf 83' lang='lat' dir='ltr'><strong>ex</strong></span> <span class='ocrx_word' id='word_1_475' title='bbox 1123 2990 1239 3059; x_wconf 88' lang='lat' dir='ltr'><strong>ipso</strong></span> <span class='ocrx_word' id='word_1_476' title='bbox 1271 2991 1498 3046; x_wconf 82' lang='lat' dir='ltr'><strong>deﬁniat</strong></span> <span class='ocrx_word' id='word_1_477' title='bbox 1530 2990 1711 3058; x_wconf 83' lang='lat' dir='ltr'><strong>Patre,</strong></span> <span class='ocrx_word' id='word_1_478' title='bbox 1757 3000 1812 3047; x_wconf 87' lang='lat' dir='ltr'><strong>et</strong></span> <span class='ocrx_word' id='word_1_479' title='bbox 1843 2993 1987 3062; x_wconf 90' lang='lat' dir='ltr'><strong>quod</strong></span> 
     </span>
    </p>
   </div>
   <div class='ocr_carea' id='block_1_58' title="bbox 2103 2978 3662 3062">
    <p class='ocr_par' dir='ltr' id='par_1_58' title="bbox 2103 2978 3662 3060">
     <span class='ocr_line' id='line_1_58' title="bbox 2103 2978 3662 3060; baseline -0.008 -17"><span class='ocrx_word' id='word_1_480' title='bbox 2103 3011 2116 3043; x_wconf 86' lang='lat' dir='ltr'><strong>r</strong></span> <span class='ocrx_word' id='word_1_481' title='bbox 2155 2989 2534 3060; x_wconf 70' lang='grc' dir='ltr'><strong>καταπέμψειν</strong></span> <span class='ocrx_word' id='word_1_482' title='bbox 2564 2989 2694 3057; x_wconf 81' lang='grc' dir='ltr'><strong>ὑμῖν</strong></span> <span class='ocrx_word' id='word_1_483' title='bbox 2721 2987 2781 3040; x_wconf 84' lang='grc' dir='ltr'><strong>τὺ</strong></span> <span class='ocrx_word' id='word_1_484' title='bbox 2815 2990 2878 3041; x_wconf 75' lang='grc' dir='ltr'><strong>ὲκ</strong></span> <span class='ocrx_word' id='word_1_485' title='bbox 2918 2986 3012 3040; x_wconf 91' lang='grc' dir='ltr'><strong>τοῦ</strong></span> <span class='ocrx_word' id='word_1_486' title='bbox 3042 2984 3291 3053; x_wconf 71' lang='grc' dir='ltr'>Πατρὸς,</span> <span class='ocrx_word' id='word_1_487' title='bbox 3311 2981 3408 3036; x_wconf 80' lang='grc' dir='ltr'><strong>καὶ</strong></span> <span class='ocrx_word' id='word_1_488' title='bbox 3435 2978 3662 3049; x_wconf 85' lang='grc' dir='ltr'>Πνεῦμα</span> 
     </span>
    </p>
   </div>
   <div class='ocr_carea' id='block_1_59' title="bbox 425 3070 1993 3153">
    <p class='ocr_par' dir='ltr' id='par_1_59' title="bbox 425 3078 1988 3153">
     <span class='ocr_line' id='line_1_59' title="bbox 425 3078 1988 3153; baseline 0.001 -18"><span class='ocrx_word' id='word_1_489' title='bbox 425 3100 443 3135; x_wconf 64' lang='grc' dir='ltr'><strong>ι</strong></span> <span class='ocrx_word' id='word_1_490' title='bbox 485 3079 647 3133; x_wconf 85' lang='lat' dir='ltr'><strong>etiam</strong></span> <span class='ocrx_word' id='word_1_491' title='bbox 687 3078 1059 3133; x_wconf 87' lang='lat' dir='ltr'><strong>testimonium</strong></span> <span class='ocrx_word' id='word_1_492' title='bbox 1097 3080 1163 3133; x_wconf 87' lang='lat' dir='ltr'><strong>de</strong></span> <span class='ocrx_word' id='word_1_493' title='bbox 1203 3096 1262 3135; x_wconf 88' lang='lat' dir='ltr'><strong>se</strong></span> <span class='ocrx_word' id='word_1_494' title='bbox 1313 3083 1686 3150; x_wconf 81' lang='lat' dir='ltr'><strong>perhibiturus</strong></span> <span class='ocrx_word' id='word_1_495' title='bbox 1713 3086 1812 3145; x_wconf 87' lang='lat' dir='ltr'><strong>sis,</strong></span> <span class='ocrx_word' id='word_1_496' title='bbox 1853 3099 1988 3153; x_wconf 73' lang='lat' dir='ltr'><strong>prte—</strong></span> 
     </span>
    </p>
   </div>
   <div class='ocr_carea' id='block_1_60' title="bbox 2103 3070 3664 3153">
    <p class='ocr_par' dir='ltr' id='par_1_60' title="bbox 2103 3070 3664 3152">
     <span class='ocr_line' id='line_1_60' title="bbox 2103 3070 3664 3152; baseline -0.006 -19"><span class='ocrx_word' id='word_1_497' title='bbox 2103 3099 2116 3133; x_wconf 86' lang='grc' dir='ltr'><strong>ι</strong></span> <span class='ocrx_word' id='word_1_498' title='bbox 2157 3083 2256 3152; x_wconf 82' lang='grc' dir='ltr'><strong>μὲν</strong></span> <span class='ocrx_word' id='word_1_499' title='bbox 2301 3082 2556 3151; x_wconf 83' lang='grc' dir='ltr'>ἀληθείας</span> <span class='ocrx_word' id='word_1_500' title='bbox 2604 3080 2892 3146; x_wconf 79' lang='grc' dir='ltr'><strong>ἀποκαλεῖ,</strong></span> <span class='ocrx_word' id='word_1_501' title='bbox 2947 3077 3268 3149; x_wconf 81' lang='grc' dir='ltr'><strong>προχεῖσθαί</strong></span> <span class='ocrx_word' id='word_1_502' title='bbox 3319 3092 3383 3141; x_wconf 86' lang='grc' dir='ltr'>γε</span> <span class='ocrx_word' id='word_1_503' title='bbox 3435 3073 3544 3143; x_wconf 85' lang='grc' dir='ltr'><strong>μὴν</strong></span> <span class='ocrx_word' id='word_1_504' title='bbox 3603 3070 3664 3134; x_wconf 71' lang='grc' dir='ltr'><strong>ἐξ</strong></span> 
     </span>
    </p>
   </div>
   <div class='ocr_carea' id='block_1_61' title="bbox 426 3167 1993 3263">
    <p class='ocr_par' dir='ltr' id='par_1_61' title="bbox 426 3167 1983 3242">
     <span class='ocr_line' id='line_1_61' title="bbox 426 3167 1983 3242; baseline 0.005 -24"><span class='ocrx_word' id='word_1_505' title='bbox 426 3189 443 3218; x_wconf 73' lang='grc' dir='ltr'><strong>ι</strong></span> <span class='ocrx_word' id='word_1_506' title='bbox 491 3169 726 3224; x_wconf 88' lang='lat' dir='ltr'><strong>nuntiat.</strong></span> <span class='ocrx_word' id='word_1_507' title='bbox 781 3167 915 3223; x_wconf 82' lang='lat' dir='ltr'><strong>Her.</strong></span> <span class='ocrx_word' id='word_1_508' title='bbox 992 3169 1057 3223; x_wconf 89' lang='lat' dir='ltr'><strong>Et</strong></span> <span class='ocrx_word' id='word_1_509' title='bbox 1114 3172 1236 3238; x_wconf 79' lang='lat' dir='ltr'><strong>quis</strong></span> <span class='ocrx_word' id='word_1_510' title='bbox 1297 3172 1628 3242; x_wconf 84' lang='lat' dir='ltr'><strong>intelligetur</strong></span> <span class='ocrx_word' id='word_1_511' title='bbox 1690 3173 1983 3228; x_wconf 87' lang='lat' dir='ltr'><strong>testimonii</strong></span> 
     </span>
    </p>
   </div>
   <div class='ocr_carea' id='block_1_62' title="bbox 2103 3167 3663 3263">
    <p class='ocr_par' dir='ltr' id='par_1_62' title="bbox 2103 3169 3663 3243">
     <span class='ocr_line' id='line_1_62' title="bbox 2103 3169 3663 3243; baseline -0.004 -18"><span class='ocrx_word' id='word_1_512' title='bbox 2103 3196 2115 3225; x_wconf 81' lang='grc' dir='ltr'><strong>ι</strong></span> <span class='ocrx_word' id='word_1_513' title='bbox 2157 3174 2321 3227; x_wconf 82' lang='grc' dir='ltr'><strong>αὐτοῦ</strong></span> <span class='ocrx_word' id='word_1_514' title='bbox 2348 3173 2640 3243; x_wconf 86' lang='grc' dir='ltr'><strong>διωρίσατο</strong></span> <span class='ocrx_word' id='word_1_515' title='bbox 2673 3172 2767 3225; x_wconf 85' lang='grc' dir='ltr'><strong>τοῦ</strong></span> <span class='ocrx_word' id='word_1_516' title='bbox 2808 3173 3043 3240; x_wconf 82' lang='grc' dir='ltr'><strong>Πατρός.</strong></span> <span class='ocrx_word' id='word_1_517' title='bbox 3072 3172 3183 3224; x_wconf 73' lang='grc' dir='ltr'><strong>Καὶ</strong></span> <span class='ocrx_word' id='word_1_518' title='bbox 3209 3169 3315 3240; x_wconf 82' lang='grc' dir='ltr'>μὴν</span> <span class='ocrx_word' id='word_1_519' title='bbox 3340 3170 3425 3223; x_wconf 86' lang='grc' dir='ltr'><strong>ὅτι</strong></span> <span class='ocrx_word' id='word_1_520' title='bbox 3455 3184 3663 3238; x_wconf 87' lang='grc' dir='ltr'><strong>μαρτυ-</strong></span> 
     </span>
    </p>
   </div>
   <div class='ocr_carea' id='block_1_63' title="bbox 427 3258 1993 3336">
    <p class='ocr_par' dir='ltr' id='par_1_63' title="bbox 427 3261 1989 3335">
     <span class='ocr_line' id='line_1_63' title="bbox 427 3261 1989 3335; baseline 0.006 -25"><span class='ocrx_word' id='word_1_521' title='bbox 427 3284 441 3310; x_wconf 81' lang='grc' dir='ltr'><strong>ι</strong></span> <span class='ocrx_word' id='word_1_522' title='bbox 480 3262 712 3316; x_wconf 85' lang='lat' dir='ltr'><strong>modus?</strong></span> <span class='ocrx_word' id='word_1_523' title='bbox 756 3261 921 3330; x_wconf 84' lang='lat' dir='ltr'><strong>Cyril.</strong></span> <span class='ocrx_word' id='word_1_524' title='bbox 960 3261 1095 3315; x_wconf 82' lang='lat' dir='ltr'><strong>Nam</strong></span> <span class='ocrx_word' id='word_1_525' title='bbox 1136 3266 1393 3333; x_wconf 85' lang='lat' dir='ltr'><strong>quOniam</strong></span> <span class='ocrx_word' id='word_1_526' title='bbox 1423 3280 1485 3319; x_wconf 86' lang='lat' dir='ltr'><strong>ea</strong></span> <span class='ocrx_word' id='word_1_527' title='bbox 1522 3282 1641 3333; x_wconf 73' lang='lat' dir='ltr'><strong>qua:</strong></span> <span class='ocrx_word' id='word_1_528' title='bbox 1667 3266 1762 3320; x_wconf 78' lang='lat' dir='ltr'><strong>Dei</strong></span> <span class='ocrx_word' id='word_1_529' title='bbox 1796 3281 1989 3335; x_wconf 89' lang='lat' dir='ltr'><strong>opera-</strong></span> 
     </span>
    </p>
   </div>
   <div class='ocr_carea' id='block_1_64' title="bbox 2103 3258 3666 3336">
    <p class='ocr_par' dir='ltr' id='par_1_64' title="bbox 2103 3258 3666 3336">
     <span class='ocr_line' id='line_1_64' title="bbox 2103 3258 3666 3336; baseline -0.005 -18"><span class='ocrx_word' id='word_1_530' title='bbox 2103 3286 2117 3318; x_wconf 87' lang='grc' dir='ltr'><strong>ι</strong></span> <span class='ocrx_word' id='word_1_531' title='bbox 2158 3270 2312 3336; x_wconf 86' lang='grc' dir='ltr'><strong>ρήσει</strong></span> <span class='ocrx_word' id='word_1_532' title='bbox 2357 3267 2484 3335; x_wconf 77' lang='grc' dir='ltr'><strong>περὶ</strong></span> <span class='ocrx_word' id='word_1_533' title='bbox 2522 3265 2689 3318; x_wconf 77' lang='grc' dir='ltr'><strong>αὑτοῦ</strong></span> <span class='ocrx_word' id='word_1_534' title='bbox 2735 3264 3182 3333; x_wconf 83' lang='grc' dir='ltr'><strong>προμεμήνυκεν.</strong></span> <span class='ocrx_word' id='word_1_535' title='bbox 3231 3261 3518 3329; x_wconf 78' lang='grc' dir='ltr'><strong>Ἑρμείας.</strong></span> <span class='ocrx_word' id='word_1_536' title='bbox 3554 3258 3666 3312; x_wconf 69' lang='grc' dir='ltr'><strong>Καὶ</strong></span> 
     </span>
    </p>
   </div>
   <div class='ocr_carea' id='block_1_65' title="bbox 430 3354 1993 3426">
    <p class='ocr_par' dir='ltr' id='par_1_65' title="bbox 430 3357 1988 3422">
     <span class='ocr_line' id='line_1_65' title="bbox 430 3357 1988 3422; baseline 0.006 -21"><span class='ocrx_word' id='word_1_537' title='bbox 430 3372 446 3401; x_wconf 81' lang='grc' dir='ltr'><strong>ι</strong></span> <span class='ocrx_word' id='word_1_538' title='bbox 487 3363 573 3405; x_wconf 89' lang='lat' dir='ltr'><strong>tus</strong></span> <span class='ocrx_word' id='word_1_539' title='bbox 620 3360 703 3406; x_wconf 89' lang='lat' dir='ltr'><strong>est</strong></span> <span class='ocrx_word' id='word_1_540' title='bbox 746 3368 843 3422; x_wconf 89' lang='lat' dir='ltr'><strong>per</strong></span> <span class='ocrx_word' id='word_1_541' title='bbox 897 3368 1094 3408; x_wconf 86' lang='lat' dir='ltr'><strong>manus</strong></span> <span class='ocrx_word' id='word_1_542' title='bbox 1133 3366 1451 3409; x_wconf 85' lang='lat' dir='ltr'><strong>sanctorum</strong></span> <span class='ocrx_word' id='word_1_543' title='bbox 1479 3396 1493 3419; x_wconf 94' lang='lat'><strong>,</strong></span> <span class='ocrx_word' id='word_1_544' title='bbox 1544 3357 1865 3411; x_wconf 88' lang='lat' dir='ltr'><strong>testiﬁcatus</strong></span> <span class='ocrx_word' id='word_1_545' title='bbox 1904 3366 1988 3412; x_wconf 90' lang='lat' dir='ltr'><strong>est</strong></span> 
     </span>
    </p>
   </div>
   <div class='ocr_carea' id='block_1_66' title="bbox 2103 3354 3661 3426">
    <p class='ocr_par' dir='ltr' id='par_1_66' title="bbox 2103 3354 3661 3426">
     <span class='ocr_line' id='line_1_66' title="bbox 2103 3354 3661 3426; baseline -0.005 -14"><span class='ocrx_word' id='word_1_546' title='bbox 2103 3381 2114 3412; x_wconf 91' lang='lat' dir='ltr'><strong>I</strong></span> <span class='ocrx_word' id='word_1_547' title='bbox 2155 3360 2237 3422; x_wconf 77' lang='grc' dir='ltr'><strong>τίς</strong></span> <span class='ocrx_word' id='word_1_548' title='bbox 2262 3362 2328 3414; x_wconf 81' lang='grc' dir='ltr'><strong>ἂν</strong></span> <span class='ocrx_word' id='word_1_549' title='bbox 2360 3361 2532 3411; x_wconf 86' lang='grc' dir='ltr'><strong>νοοῖτο</strong></span> <span class='ocrx_word' id='word_1_550' title='bbox 2556 3357 2658 3426; x_wconf 81' lang='grc' dir='ltr'><strong>τῆς</strong></span> <span class='ocrx_word' id='word_1_551' title='bbox 2687 3356 2995 3425; x_wconf 83' lang='grc' dir='ltr'><strong>μαρτυρίας</strong></span> <span class='ocrx_word' id='word_1_552' title='bbox 3015 3358 3044 3409; x_wconf 83' lang='grc' dir='ltr'>ὁ</span> <span class='ocrx_word' id='word_1_553' title='bbox 3074 3356 3311 3424; x_wconf 83' lang='grc' dir='ltr'><strong>τρόπος;</strong></span> <span class='ocrx_word' id='word_1_554' title='bbox 3341 3354 3661 3422; x_wconf 67' lang='grc' dir='ltr'><strong>Κύριλλος.</strong></span> 
     </span>
    </p>
   </div>
   <div class='ocr_carea' id='block_1_67' title="bbox 427 3443 1993 3521">
    <p class='ocr_par' dir='ltr' id='par_1_67' title="bbox 427 3443 1989 3517">
     <span class='ocr_line' id='line_1_67' title="bbox 427 3443 1989 3517; baseline 0.006 -22"><span class='ocrx_word' id='word_1_555' title='bbox 427 3463 445 3495; x_wconf 80' lang='grc' dir='ltr'><strong>ι</strong></span> <span class='ocrx_word' id='word_1_556' title='bbox 485 3444 783 3508; x_wconf 84' lang='lat' dir='ltr'><strong>evidenter,</strong></span> <span class='ocrx_word' id='word_1_557' title='bbox 828 3443 998 3498; x_wconf 88' lang='lat' dir='ltr'><strong>Deum</strong></span> <span class='ocrx_word' id='word_1_558' title='bbox 1037 3461 1159 3500; x_wconf 89' lang='lat' dir='ltr'><strong>esse</strong></span> <span class='ocrx_word' id='word_1_559' title='bbox 1202 3445 1419 3512; x_wconf 79' lang='lat' dir='ltr'><strong>Filium,</strong></span> <span class='ocrx_word' id='word_1_560' title='bbox 1452 3446 1609 3515; x_wconf 85' lang='lat' dir='ltr'><strong>cujus</strong></span> <span class='ocrx_word' id='word_1_561' title='bbox 1649 3456 1704 3503; x_wconf 89' lang='lat' dir='ltr'><strong>et</strong></span> <span class='ocrx_word' id='word_1_562' title='bbox 1751 3446 1989 3517; x_wconf 86' lang='lat' dir='ltr'><strong>Spiritus</strong></span> 
     </span>
    </p>
   </div>
   <div class='ocr_carea' id='block_1_68' title="bbox 2103 3443 3666 3521">
    <p class='ocr_par' dir='ltr' id='par_1_68' title="bbox 2103 3444 3666 3521">
     <span class='ocr_line' id='line_1_68' title="bbox 2103 3444 3666 3521; baseline -0.004 -20"><span class='ocrx_word' id='word_1_563' title='bbox 2103 3474 2114 3501; x_wconf 88' lang='grc' dir='ltr'><strong>ι</strong></span> <span class='ocrx_word' id='word_1_564' title='bbox 2171 3452 2322 3504; x_wconf 73' lang='grc' dir='ltr'><strong>Ἐπεὶ</strong></span> <span class='ocrx_word' id='word_1_565' title='bbox 2341 3450 2451 3521; x_wconf 83' lang='grc' dir='ltr'><strong>γὰρ</strong></span> <span class='ocrx_word' id='word_1_566' title='bbox 2477 3451 2752 3519; x_wconf 79' lang='grc' dir='ltr'><strong>ὲνήργηκε</strong></span> <span class='ocrx_word' id='word_1_567' title='bbox 2775 3448 2844 3502; x_wconf 84' lang='grc' dir='ltr'><strong>τὰ</strong></span> <span class='ocrx_word' id='word_1_568' title='bbox 2863 3444 2958 3501; x_wconf 90' lang='grc' dir='ltr'><strong>τοῦ</strong></span> <span class='ocrx_word' id='word_1_569' title='bbox 2988 3446 3123 3499; x_wconf 85' lang='grc' dir='ltr'><strong>Θεοῦ</strong></span> <span class='ocrx_word' id='word_1_570' title='bbox 3151 3447 3246 3501; x_wconf 83' lang='grc' dir='ltr'><strong>διὰ</strong></span> <span class='ocrx_word' id='word_1_571' title='bbox 3268 3446 3452 3515; x_wconf 83' lang='grc' dir='ltr'><strong>χειρὸς</strong></span> <span class='ocrx_word' id='word_1_572' title='bbox 3466 3444 3666 3511; x_wconf 78' lang='grc' dir='ltr'>ἁγίων,</span> 
     </span>
    </p>
   </div>
   <div class='ocr_carea' id='block_1_69' title="bbox 428 3534 1993 3612">
    <p class='ocr_par' dir='ltr' id='par_1_69' title="bbox 428 3534 1595 3602">
     <span class='ocr_line' id='line_1_69' title="bbox 428 3534 1595 3602; baseline 0.007 -20"><span class='ocrx_word' id='word_1_573' title='bbox 428 3554 443 3582; x_wconf 78' lang='grc' dir='ltr'><strong>ι</strong></span> <span class='ocrx_word' id='word_1_574' title='bbox 477 3542 579 3597; x_wconf 80' lang='lat' dir='ltr'><strong>est,</strong></span> <span class='ocrx_word' id='word_1_575' title='bbox 610 3534 1070 3602; x_wconf 84' lang='lat' dir='ltr'><strong>quemadmodum</strong></span> <span class='ocrx_word' id='word_1_576' title='bbox 1109 3537 1313 3592; x_wconf 75' lang='lat' dir='ltr'><strong>scilicet</strong></span> <span class='ocrx_word' id='word_1_577' title='bbox 1343 3535 1540 3592; x_wconf 84' lang='lat' dir='ltr'><strong>Patris.</strong></span> <span class='ocrx_word' id='word_1_578' title='bbox 1576 3557 1595 3590; x_wconf 76' lang='grc' dir='ltr'><strong>ι</strong></span> 
     </span>
    </p>
   </div>
   <div class='ocr_carea' id='block_1_70' title="bbox 2103 3534 3664 3612">
    <p class='ocr_par' dir='ltr' id='par_1_70' title="bbox 2103 3534 3664 3612">
     <span class='ocr_line' id='line_1_70' title="bbox 2103 3534 3664 3612; baseline -0.005 -17"><span class='ocrx_word' id='word_1_579' title='bbox 2103 3565 2116 3597; x_wconf 89' lang='grc' dir='ltr'><strong>ι</strong></span> <span class='ocrx_word' id='word_1_580' title='bbox 2160 3543 2588 3612; x_wconf 83' lang='grc' dir='ltr'><strong>μεμαρτύρηκεν</strong></span> <span class='ocrx_word' id='word_1_581' title='bbox 2630 3538 2879 3610; x_wconf 70' lang='grc' dir='ltr'><strong>ἐναργῶς</strong></span> <span class='ocrx_word' id='word_1_582' title='bbox 2930 3539 3014 3592; x_wconf 85' lang='grc' dir='ltr'><strong>ὅτι</strong></span> <span class='ocrx_word' id='word_1_583' title='bbox 3054 3537 3190 3600; x_wconf 85' lang='grc' dir='ltr'><strong>Θεός</strong></span> <span class='ocrx_word' id='word_1_584' title='bbox 3234 3538 3385 3589; x_wconf 76' lang='grc' dir='ltr'><strong>ἐστιν</strong></span> <span class='ocrx_word' id='word_1_585' title='bbox 3436 3538 3467 3589; x_wconf 83' lang='grc' dir='ltr'>ὁ</span> <span class='ocrx_word' id='word_1_586' title='bbox 3514 3534 3664 3597; x_wconf 79' lang='grc' dir='ltr'>Υἱὸς,</span> 
     </span>
    </p>
   </div>
   <div class='ocr_carea' id='block_1_71' title="bbox 2100 3627 3658 3702">
    <p class='ocr_par' dir='ltr' id='par_1_71' title="bbox 2100 3627 3658 3702">
     <span class='ocr_line' id='line_1_71' title="bbox 2100 3627 3658 3702; baseline -0.005 -15"><span class='ocrx_word' id='word_1_587' title='bbox 2100 3656 2117 3687; x_wconf 82' lang='grc' dir='ltr'><strong>ι</strong></span> <span class='ocrx_word' id='word_1_588' title='bbox 2154 3633 2214 3688; x_wconf 73' lang='grc' dir='ltr'><strong>οὗ</strong></span> <span class='ocrx_word' id='word_1_589' title='bbox 2238 3636 2332 3688; x_wconf 69' lang='grc' dir='ltr'><strong>καὶ</strong></span> <span class='ocrx_word' id='word_1_590' title='bbox 2355 3633 2581 3702; x_wconf 87' lang='grc' dir='ltr'>Πνεῦμά</span> <span class='ocrx_word' id='word_1_591' title='bbox 2606 3635 2746 3694; x_wconf 74' lang='grc' dir='ltr'><strong>ἐστι,</strong></span> <span class='ocrx_word' id='word_1_592' title='bbox 2774 3631 3026 3699; x_wconf 81' lang='grc' dir='ltr'><strong>καθάπερ</strong></span> <span class='ocrx_word' id='word_1_593' title='bbox 3046 3628 3241 3700; x_wconf 75' lang='grc' dir='ltr'>ἀμέλει</span> <span class='ocrx_word' id='word_1_594' title='bbox 3263 3628 3358 3681; x_wconf 90' lang='grc' dir='ltr'><strong>τοῦ</strong></span> <span class='ocrx_word' id='word_1_595' title='bbox 3390 3627 3658 3697; x_wconf 71' lang='grc' dir='ltr'><strong>Πατρός.»</strong></span> 
     </span>
    </p>
   </div>
   <div class='ocr_carea' id='block_1_72' title="bbox 1004 3723 1429 3778">
    <p class='ocr_par' dir='ltr' id='par_1_72' title="bbox 1004 3723 1429 3778">
     <span class='ocr_line' id='line_1_72' title="bbox 1004 3723 1429 3778; baseline 0.002 -1"><span class='ocrx_word' id='word_1_596' title='bbox 1004 3723 1429 3778; x_wconf 80' lang='lat' dir='ltr'><strong>Animaduersio.</strong></span> 
     </span>
    </p>
   </div>
   <div class='ocr_carea' id='block_1_73' title="bbox 501 3813 1991 3885">
    <p class='ocr_par' dir='ltr' id='par_1_73' title="bbox 501 3813 1991 3885">
     <span class='ocr_line' id='line_1_73' title="bbox 501 3813 1991 3885; baseline 0.003 -19"><span class='ocrx_word' id='word_1_597' title='bbox 501 3835 524 3879; x_wconf 58' lang='grc' dir='ltr'><strong>ι</strong></span> <span class='ocrx_word' id='word_1_598' title='bbox 559 3814 725 3868; x_wconf 77' lang='lat' dir='ltr'><strong>Plane</strong></span> <span class='ocrx_word' id='word_1_599' title='bbox 759 3814 1095 3869; x_wconf 76' lang='lat' dir='ltr'><strong>admirabilis</strong></span> <span class='ocrx_word' id='word_1_600' title='bbox 1129 3823 1215 3868; x_wconf 83' lang='lat' dir='ltr'><strong>est</strong></span> <span class='ocrx_word' id='word_1_601' title='bbox 1246 3813 1362 3868; x_wconf 67' lang='lat' dir='ltr'><strong>haec</strong></span> <span class='ocrx_word' id='word_1_602' title='bbox 1399 3816 1669 3885; x_wconf 89' lang='lat' dir='ltr'><strong>pericope,</strong></span> <span class='ocrx_word' id='word_1_603' title='bbox 1720 3817 1906 3871; x_wconf 81' lang='lat' dir='ltr'><strong>multis</strong></span> <span class='ocrx_word' id='word_1_604' title='bbox 1936 3818 1991 3870; x_wconf 88' lang='lat' dir='ltr'><strong>in</strong></span> 
     </span>
    </p>
   </div>
   <div class='ocr_carea' id='block_1_74' title="bbox 432 3904 1990 3976">
    <p class='ocr_par' dir='ltr' id='par_1_74' title="bbox 432 3904 1990 3976">
     <span class='ocr_line' id='line_1_74' title="bbox 432 3904 1990 3976; baseline 0.003 -17"><span class='ocrx_word' id='word_1_605' title='bbox 432 3934 448 3959; x_wconf 70' lang='grc' dir='ltr'><strong>ι</strong></span> <span class='ocrx_word' id='word_1_606' title='bbox 508 3905 640 3961; x_wconf 89' lang='lat' dir='ltr'><strong>locis</strong></span> <span class='ocrx_word' id='word_1_607' title='bbox 662 3922 729 3961; x_wconf 81' lang='lat' dir='ltr'><strong>ex</strong></span> <span class='ocrx_word' id='word_1_608' title='bbox 756 3904 915 3959; x_wconf 85' lang='lat' dir='ltr'><strong>Patre</strong></span> <span class='ocrx_word' id='word_1_609' title='bbox 939 3920 1033 3975; x_wconf 90' lang='lat' dir='ltr'><strong>per</strong></span> <span class='ocrx_word' id='word_1_610' title='bbox 1050 3904 1246 3959; x_wconf 87' lang='lat' dir='ltr'><strong>Filium</strong></span> <span class='ocrx_word' id='word_1_611' title='bbox 1285 3905 1549 3974; x_wconf 85' lang='lat' dir='ltr'><strong>Spiritum</strong></span> <span class='ocrx_word' id='word_1_612' title='bbox 1573 3922 1693 3961; x_wconf 89' lang='lat' dir='ltr'><strong>esse</strong></span> <span class='ocrx_word' id='word_1_613' title='bbox 1718 3909 1990 3976; x_wconf 85' lang='lat' dir='ltr'><strong>indicans,</strong></span> 
     </span>
    </p>
   </div>
   <div class='ocr_carea' id='block_1_75' title="bbox 432 3994 1993 4065">
    <p class='ocr_par' dir='ltr' id='par_1_75' title="bbox 432 3994 1993 4065">
     <span class='ocr_line' id='line_1_75' title="bbox 432 3994 1993 4065; baseline 0.006 -18"><span class='ocrx_word' id='word_1_614' title='bbox 432 4018 448 4047; x_wconf 75' lang='grc' dir='ltr'><strong>ε</strong></span> <span class='ocrx_word' id='word_1_615' title='bbox 495 4000 587 4052; x_wconf 84' lang='lat' dir='ltr'><strong>sed</strong></span> <span class='ocrx_word' id='word_1_616' title='bbox 638 3998 695 4049; x_wconf 91' lang='lat' dir='ltr'><strong>in</strong></span> <span class='ocrx_word' id='word_1_617' title='bbox 754 3994 862 4048; x_wconf 87' lang='lat' dir='ltr'><strong>illis</strong></span> <span class='ocrx_word' id='word_1_618' title='bbox 895 3996 1260 4064; x_wconf 88' lang='lat' dir='ltr'><strong>potissimum,</strong></span> <span class='ocrx_word' id='word_1_619' title='bbox 1318 3999 1371 4050; x_wconf 91' lang='lat' dir='ltr'><strong>iu</strong></span> <span class='ocrx_word' id='word_1_620' title='bbox 1400 3998 1601 4065; x_wconf 79' lang='lat' dir='ltr'><strong>quibus</strong></span> <span class='ocrx_word' id='word_1_621' title='bbox 1658 3998 1993 4057; x_wconf 81' lang='lat' dir='ltr'><strong>Salvatorem</strong></span> 
     </span>
    </p>
   </div>
   <div class='ocr_carea' id='block_1_76' title="bbox 429 4087 1994 4163">
    <p class='ocr_par' dir='ltr' id='par_1_76' title="bbox 429 4087 1994 4163">
     <span class='ocr_line' id='line_1_76' title="bbox 429 4087 1994 4163; baseline 0.005 -25"><span class='ocrx_word' id='word_1_622' title='bbox 429 4110 445 4138; x_wconf 77' lang='grc' dir='ltr'><strong>ε</strong></span> <span class='ocrx_word' id='word_1_623' title='bbox 501 4087 741 4153; x_wconf 81' lang='lat' dir='ltr'><strong>adducit,</strong></span> <span class='ocrx_word' id='word_1_624' title='bbox 773 4087 1032 4157; x_wconf 88' lang='lat' dir='ltr'><strong>Spiritum</strong></span> <span class='ocrx_word' id='word_1_625' title='bbox 1075 4088 1319 4144; x_wconf 88' lang='lat' dir='ltr'><strong>veritatis</strong></span> <span class='ocrx_word' id='word_1_626' title='bbox 1371 4089 1633 4160; x_wconf 89' lang='lat' dir='ltr'><strong>Spiritum</strong></span> <span class='ocrx_word' id='word_1_627' title='bbox 1665 4092 1842 4163; x_wconf 89' lang='lat' dir='ltr'><strong>ipsum</strong></span> <span class='ocrx_word' id='word_1_628' title='bbox 1895 4109 1994 4146; x_wconf 81' lang='lat' dir='ltr'><strong>vo-</strong></span> 
     </span>
    </p>
   </div>
   <div class='ocr_carea' id='block_1_77' title="bbox 429 4164 1990 4251">
    <p class='ocr_par' dir='ltr' id='par_1_77' title="bbox 429 4164 1990 4251">
     <span class='ocr_line' id='line_1_77' title="bbox 429 4164 1990 4251; baseline 0.006 -22"><span class='ocrx_word' id='word_1_629' title='bbox 429 4199 446 4229; x_wconf 79' lang='grc' dir='ltr'><strong>ι</strong></span> <span class='ocrx_word' id='word_1_630' title='bbox 506 4189 743 4251; x_wconf 85' lang='lat' dir='ltr'><strong>cantem,</strong></span> <span class='ocrx_word' id='word_1_631' title='bbox 776 4179 889 4232; x_wconf 86' lang='lat' dir='ltr'><strong>sive</strong></span> <span class='ocrx_word' id='word_1_632' title='bbox 928 4178 1013 4232; x_wconf 91' lang='lat' dir='ltr'><strong>sui</strong></span> <span class='ocrx_word' id='word_1_633' title='bbox 1062 4180 1233 4248; x_wconf 90' lang='lat' dir='ltr'><strong>ipsius</strong></span> <span class='ocrx_word' id='word_1_634' title='bbox 1260 4198 1273 4234; x_wconf 88' lang='lat'>:</span> <span class='ocrx_word' id='word_1_635' title='bbox 1301 4183 1416 4250; x_wconf 89' lang='lat' dir='ltr'><strong>ipse</strong></span> <span class='ocrx_word' id='word_1_636' title='bbox 1436 4164 1586 4236; x_wconf 28' lang='lat' dir='ltr'><strong>lenitn</strong></span> <span class='ocrx_word' id='word_1_637' title='bbox 1627 4184 1831 4238; x_wconf 85' lang='lat' dir='ltr'><strong>veritas</strong></span> <span class='ocrx_word' id='word_1_638' title='bbox 1888 4193 1990 4251; x_wconf 81' lang='lat' dir='ltr'><strong>est,</strong></span> 
     </span>
    </p>
   </div>
   <div class='ocr_carea' id='block_1_78' title="bbox 431 4271 1996 4341">
    <p class='ocr_par' dir='ltr' id='par_1_78' title="bbox 431 4271 1996 4341">
     <span class='ocr_line' id='line_1_78' title="bbox 431 4271 1996 4341; baseline 0.004 -17"><span class='ocrx_word' id='word_1_639' title='bbox 431 4292 448 4324; x_wconf 83' lang='grc' dir='ltr'><strong>ι</strong></span> <span class='ocrx_word' id='word_1_640' title='bbox 503 4282 558 4328; x_wconf 90' lang='lat' dir='ltr'><strong>et</strong></span> <span class='ocrx_word' id='word_1_641' title='bbox 597 4271 798 4327; x_wconf 76' lang='lat' dir='ltr'><strong>effundi</strong></span> <span class='ocrx_word' id='word_1_642' title='bbox 855 4287 978 4337; x_wconf 82' lang='lat' dir='ltr'><strong>eum</strong></span> <span class='ocrx_word' id='word_1_643' title='bbox 1027 4288 1093 4326; x_wconf 82' lang='lat' dir='ltr'><strong>ex</strong></span> <span class='ocrx_word' id='word_1_644' title='bbox 1127 4274 1246 4341; x_wconf 89' lang='lat' dir='ltr'><strong>ipso</strong></span> <span class='ocrx_word' id='word_1_645' title='bbox 1294 4272 1456 4330; x_wconf 88' lang='lat' dir='ltr'><strong>Patre</strong></span> <span class='ocrx_word' id='word_1_646' title='bbox 1493 4275 1860 4331; x_wconf 82' lang='lat' dir='ltr'><strong>delinientem.</strong></span> <span class='ocrx_word' id='word_1_647' title='bbox 1917 4276 1996 4331; x_wconf 83' lang='lat' dir='ltr'><strong>Ne</strong></span> 
     </span>
    </p>
   </div>
   <div class='ocr_carea' id='block_1_79' title="bbox 430 4365 1996 4434">
    <p class='ocr_par' dir='ltr' id='par_1_79' title="bbox 430 4365 1996 4434">
     <span class='ocr_line' id='line_1_79' title="bbox 430 4365 1996 4434; baseline 0.006 -20"><span class='ocrx_word' id='word_1_648' title='bbox 430 4383 447 4414; x_wconf 78' lang='grc' dir='ltr'><strong>ι</strong></span> <span class='ocrx_word' id='word_1_649' title='bbox 497 4377 623 4418; x_wconf 85' lang='lat' dir='ltr'><strong>vero</strong></span> <span class='ocrx_word' id='word_1_650' title='bbox 649 4377 838 4433; x_wconf 89' lang='lat' dir='ltr'><strong>parum</strong></span> <span class='ocrx_word' id='word_1_651' title='bbox 861 4371 1018 4417; x_wconf 82' lang='lat' dir='ltr'><strong>caute</strong></span> <span class='ocrx_word' id='word_1_652' title='bbox 1038 4374 1387 4430; x_wconf 72' lang='lat' dir='ltr'><strong>pet-transeas</strong></span> <span class='ocrx_word' id='word_1_653' title='bbox 1411 4365 1540 4419; x_wconf 88' lang='lat' dir='ltr'><strong>illud</strong></span> <span class='ocrx_word' id='word_1_654' title='bbox 1560 4381 1624 4422; x_wconf 85' lang='lat' dir='ltr'><strong>ex</strong></span> <span class='ocrx_word' id='word_1_655' title='bbox 1659 4367 1777 4434; x_wconf 89' lang='lat' dir='ltr'><strong>ipso</strong></span> <span class='ocrx_word' id='word_1_656' title='bbox 1807 4383 1822 4421; x_wconf 90' lang='lat'><strong>:</strong></span> <span class='ocrx_word' id='word_1_657' title='bbox 1856 4368 1996 4423; x_wconf 77' lang='lat' dir='ltr'><strong>forte</strong></span> 
     </span>
    </p>
   </div>
   <div class='ocr_carea' id='block_1_80' title="bbox 428 4454 1992 4528">
    <p class='ocr_par' dir='ltr' id='par_1_80' title="bbox 428 4454 1992 4528">
     <span class='ocr_line' id='line_1_80' title="bbox 428 4454 1992 4528; baseline 0.006 -23"><span class='ocrx_word' id='word_1_658' title='bbox 428 4474 446 4505; x_wconf 76' lang='grc' dir='ltr'><strong>ε</strong></span> <span class='ocrx_word' id='word_1_659' title='bbox 506 4455 647 4508; x_wconf 90' lang='lat' dir='ltr'><strong>enim</strong></span> <span class='ocrx_word' id='word_1_660' title='bbox 678 4470 784 4508; x_wconf 89' lang='lat' dir='ltr'><strong>non</strong></span> <span class='ocrx_word' id='word_1_661' title='bbox 816 4470 879 4508; x_wconf 78' lang='lat' dir='ltr'><strong>ex</strong></span> <span class='ocrx_word' id='word_1_662' title='bbox 913 4454 1025 4506; x_wconf 86' lang='lat' dir='ltr'><strong>ullo</strong></span> <span class='ocrx_word' id='word_1_663' title='bbox 1080 4454 1189 4507; x_wconf 90' lang='lat' dir='ltr'><strong>alio</strong></span> <span class='ocrx_word' id='word_1_664' title='bbox 1225 4456 1374 4509; x_wconf 89' lang='lat' dir='ltr'><strong>illum</strong></span> <span class='ocrx_word' id='word_1_665' title='bbox 1433 4471 1552 4511; x_wconf 89' lang='lat' dir='ltr'><strong>esse</strong></span> <span class='ocrx_word' id='word_1_666' title='bbox 1592 4458 1879 4528; x_wconf 79' lang='lat' dir='ltr'><strong>signiﬁcat,</strong></span> <span class='ocrx_word' id='word_1_667' title='bbox 1914 4461 1992 4514; x_wconf 90' lang='lat' dir='ltr'><strong>uti</strong></span> 
     </span>
    </p>
   </div>
   <div class='ocr_carea' id='block_1_81' title="bbox 432 4546 1725 4615">
    <p class='ocr_par' dir='ltr' id='par_1_81' title="bbox 432 4546 1725 4615">
     <span class='ocr_line' id='line_1_81' title="bbox 432 4546 1725 4615; baseline 0.002 -20"><span class='ocrx_word' id='word_1_668' title='bbox 432 4566 449 4595; x_wconf 78' lang='grc' dir='ltr'><strong>ι</strong></span> <span class='ocrx_word' id='word_1_669' title='bbox 497 4546 635 4615; x_wconf 84' lang='lat' dir='ltr'><strong>ipse,</strong></span> <span class='ocrx_word' id='word_1_670' title='bbox 667 4562 764 4599; x_wconf 87' lang='lat' dir='ltr'><strong>nec</strong></span> <span class='ocrx_word' id='word_1_671' title='bbox 786 4552 915 4613; x_wconf 87' lang='lat' dir='ltr'><strong>puto</strong></span> <span class='ocrx_word' id='word_1_672' title='bbox 944 4559 1029 4599; x_wconf 91' lang='lat' dir='ltr'><strong>me</strong></span> <span class='ocrx_word' id='word_1_673' title='bbox 1044 4546 1186 4612; x_wconf 70' lang='lat' dir='ltr'><strong>Jalli,</strong></span> <span class='ocrx_word' id='word_1_674' title='bbox 1219 4548 1612 4602; x_wconf 80' lang='lat' dir='ltr'><strong>animadverto.</strong></span> <span class='ocrx_word' id='word_1_675' title='bbox 1648 4567 1667 4599; x_wconf 77' lang='grc' dir='ltr'><strong>ι</strong></span> <span class='ocrx_word' id='word_1_676' title='bbox 1718 4576 1725 4577; x_wconf 47' lang='grc' dir='ltr'>ί</span> 
     </span>
    </p>
   </div>
   <div class='ocr_carea' id='block_1_82' title="bbox 1072 4622 1366 4708">
    <p class='ocr_par' dir='ltr' id='par_1_82' title="bbox 1072 4622 1366 4708">
     <span class='ocr_line' id='line_1_82' title="bbox 1072 4622 1366 4708; baseline 0.003 -17"><span class='ocrx_word' id='word_1_677' title='bbox 1072 4622 1366 4708; x_wconf 72' lang='lat' dir='ltr'><strong>Refutalio.</strong></span> 
     </span>
    </p>
   </div>
   <div class='ocr_carea' id='block_1_83' title="bbox 493 4718 1994 4802">
    <p class='ocr_par' dir='ltr' id='par_1_83' title="bbox 493 4718 1994 4802">
     <span class='ocr_line' id='line_1_83' title="bbox 493 4718 1994 4802; baseline 0.003 -21"><span class='ocrx_word' id='word_1_678' title='bbox 493 4718 615 4781; x_wconf 83' lang='lat' dir='ltr'><strong>Uno</strong></span> <span class='ocrx_word' id='word_1_679' title='bbox 669 4728 920 4795; x_wconf 87' lang='lat' dir='ltr'><strong>equidem</strong></span> <span class='ocrx_word' id='word_1_680' title='bbox 974 4744 1246 4784; x_wconf 88' lang='lat' dir='ltr'><strong>consensu</strong></span> <span class='ocrx_word' id='word_1_681' title='bbox 1315 4730 1404 4783; x_wconf 85' lang='lat' dir='ltr'><strong>hic</strong></span> <span class='ocrx_word' id='word_1_682' title='bbox 1452 4730 1754 4802; x_wconf 74' lang='lat' dir='ltr'><strong>jungimur,</strong></span> <span class='ocrx_word' id='word_1_683' title='bbox 1805 4736 1994 4789; x_wconf 88' lang='lat' dir='ltr'><strong>admo-</strong></span> 
     </span>
    </p>
   </div>
   <div class='ocr_carea' id='block_1_84' title="bbox 424 4808 1992 4894">
    <p class='ocr_par' dir='ltr' id='par_1_84' title="bbox 424 4808 1992 4894">
     <span class='ocr_line' id='line_1_84' title="bbox 424 4808 1992 4894; baseline 0.006 -24"><span class='ocrx_word' id='word_1_684' title='bbox 424 4816 554 4871; x_wconf 91' lang='lat' dir='ltr'><strong>dum</strong></span> <span class='ocrx_word' id='word_1_685' title='bbox 589 4815 959 4872; x_wconf 83' lang='lat' dir='ltr'><strong>admirabilem</strong></span> <span class='ocrx_word' id='word_1_686' title='bbox 1013 4835 1135 4875; x_wconf 86' lang='lat' dir='ltr'><strong>esse</strong></span> <span class='ocrx_word' id='word_1_687' title='bbox 1177 4808 1319 4875; x_wconf 63' lang='lat' dir='ltr'><strong>lianc</strong></span> <span class='ocrx_word' id='word_1_688' title='bbox 1372 4812 1702 4892; x_wconf 85' lang='lat' dir='ltr'><strong>perlcopem.</strong></span> <span class='ocrx_word' id='word_1_689' title='bbox 1739 4840 1861 4894; x_wconf 65' lang='lat' dir='ltr'><strong>qua:</strong></span> <span class='ocrx_word' id='word_1_690' title='bbox 1898 4841 1992 4878; x_wconf 86' lang='lat' dir='ltr'><strong>va—</strong></span> 
     </span>
    </p>
   </div>
   <div class='ocr_carea' id='block_1_85' title="bbox 422 4909 1987 4988">
    <p class='ocr_par' dir='ltr' id='par_1_85' title="bbox 422 4909 1987 4988">
     <span class='ocr_line' id='line_1_85' title="bbox 422 4909 1987 4988; baseline 0.004 -23"><span class='ocrx_word' id='word_1_691' title='bbox 422 4911 520 4966; x_wconf 89' lang='lat' dir='ltr'><strong>riis</strong></span> <span class='ocrx_word' id='word_1_692' title='bbox 550 4911 602 4964; x_wconf 90' lang='lat' dir='ltr'><strong>in</strong></span> <span class='ocrx_word' id='word_1_693' title='bbox 645 4909 781 4967; x_wconf 83' lang='lat' dir='ltr'><strong>locis</strong></span> <span class='ocrx_word' id='word_1_694' title='bbox 811 4914 1171 4983; x_wconf 78' lang='lat' dir='ltr'><strong>cognitionem</strong></span> <span class='ocrx_word' id='word_1_695' title='bbox 1225 4914 1467 4983; x_wconf 79' lang='lat' dir='ltr'><strong>ingerere</strong></span> <span class='ocrx_word' id='word_1_696' title='bbox 1521 4918 1717 4984; x_wconf 90' lang='lat' dir='ltr'><strong>poterit</strong></span> <span class='ocrx_word' id='word_1_697' title='bbox 1764 4918 1862 4983; x_wconf 92' lang='lat' dir='ltr'><strong>illi,</strong></span> <span class='ocrx_word' id='word_1_698' title='bbox 1898 4921 1987 4988; x_wconf 83' lang='lat' dir='ltr'><strong>qui</strong></span> 
     </span>
    </p>
   </div>
   <div class='ocr_carea' id='block_1_86' title="bbox 421 5004 1989 5076">
    <p class='ocr_par' dir='ltr' id='par_1_86' title="bbox 421 5004 1989 5076">
     <span class='ocr_line' id='line_1_86' title="bbox 421 5004 1989 5076; baseline 0.004 -19"><span class='ocrx_word' id='word_1_699' title='bbox 421 5018 539 5057; x_wconf 84' lang='lat' dir='ltr'><strong>eam</strong></span> <span class='ocrx_word' id='word_1_700' title='bbox 569 5013 727 5056; x_wconf 88' lang='lat' dir='ltr'><strong>caute</strong></span> <span class='ocrx_word' id='word_1_701' title='bbox 786 5004 1095 5074; x_wconf 80' lang='lat' dir='ltr'><strong>perlegerit,</strong></span> <span class='ocrx_word' id='word_1_702' title='bbox 1129 5020 1193 5060; x_wconf 75' lang='lat' dir='ltr'><strong>ex</strong></span> <span class='ocrx_word' id='word_1_703' title='bbox 1245 5004 1401 5058; x_wconf 88' lang='lat' dir='ltr'><strong>Patre</strong></span> <span class='ocrx_word' id='word_1_704' title='bbox 1436 5015 1489 5059; x_wconf 89' lang='lat' dir='ltr'><strong>et</strong></span> <span class='ocrx_word' id='word_1_705' title='bbox 1535 5005 1673 5061; x_wconf 86' lang='lat' dir='ltr'><strong>Filio</strong></span> <span class='ocrx_word' id='word_1_706' title='bbox 1728 5007 1989 5076; x_wconf 90' lang='lat' dir='ltr'><strong>Spiritum</strong></span> 
     </span>
    </p>
   </div>
   <div class='ocr_carea' id='block_1_87' title="bbox 422 5095 1997 5169">
    <p class='ocr_par' dir='ltr' id='par_1_87' title="bbox 422 5095 1997 5169">
     <span class='ocr_line' id='line_1_87' title="bbox 422 5095 1997 5169; baseline 0.005 -20"><span class='ocrx_word' id='word_1_707' title='bbox 422 5110 569 5169; x_wconf 86' lang='lat' dir='ltr'><strong>esse,</strong></span> <span class='ocrx_word' id='word_1_708' title='bbox 591 5095 737 5164; x_wconf 87' lang='lat' dir='ltr'><strong>quod</strong></span> <span class='ocrx_word' id='word_1_709' title='bbox 760 5109 815 5150; x_wconf 91' lang='lat' dir='ltr'><strong>et</strong></span> <span class='ocrx_word' id='word_1_710' title='bbox 850 5110 906 5152; x_wconf 89' lang='lat' dir='ltr'><strong>tu</strong></span> <span class='ocrx_word' id='word_1_711' title='bbox 938 5112 1154 5165; x_wconf 79' lang='lat' dir='ltr'><strong>quoque</strong></span> <span class='ocrx_word' id='word_1_712' title='bbox 1177 5111 1285 5152; x_wconf 90' lang='lat' dir='ltr'><strong>non</strong></span> <span class='ocrx_word' id='word_1_713' title='bbox 1309 5098 1604 5169; x_wconf 84' lang='lat' dir='ltr'><strong>isinﬁcias.</strong></span> <span class='ocrx_word' id='word_1_714' title='bbox 1639 5100 1697 5155; x_wconf 85' lang='lat' dir='ltr'><strong>In</strong></span> <span class='ocrx_word' id='word_1_715' title='bbox 1738 5102 1859 5156; x_wconf 87' lang='lat' dir='ltr'><strong>aliis</strong></span> <span class='ocrx_word' id='word_1_716' title='bbox 1889 5102 1997 5157; x_wconf 90' lang='lat' dir='ltr'><strong>tuis</strong></span> 
     </span>
    </p>
   </div>
   <div class='ocr_carea' id='block_1_88' title="bbox 424 5188 1998 5263">
    <p class='ocr_par' dir='ltr' id='par_1_88' title="bbox 424 5188 1998 5263">
     <span class='ocr_line' id='line_1_88' title="bbox 424 5188 1998 5263; baseline 0.003 -21"><span class='ocrx_word' id='word_1_717' title='bbox 424 5188 989 5243; x_wconf 86' lang='lat' dir='ltr'><strong>animadversioni&#39;ous</strong></span> <span class='ocrx_word' id='word_1_718' title='bbox 1021 5189 1459 5261; x_wconf 80' lang='lat' dir='ltr'><strong>praepositionem</strong></span> <span class='ocrx_word' id='word_1_719' title='bbox 1488 5205 1552 5243; x_wconf 68' lang='lat' dir='ltr'><strong>ex</strong></span> <span class='ocrx_word' id='word_1_720' title='bbox 1573 5201 1627 5246; x_wconf 89' lang='lat' dir='ltr'><strong>et</strong></span> <span class='ocrx_word' id='word_1_721' title='bbox 1654 5209 1748 5262; x_wconf 86' lang='lat' dir='ltr'><strong>per</strong></span> <span class='ocrx_word' id='word_1_722' title='bbox 1763 5196 1998 5263; x_wconf 62' lang='lat' dir='ltr'><strong>aequales</strong></span> 
     </span>
    </p>
   </div>
   <div class='ocr_carea' id='block_1_89' title="bbox 423 5279 1998 5342">
    <p class='ocr_par' dir='ltr' id='par_1_89' title="bbox 423 5279 1998 5342">
     <span class='ocr_line' id='line_1_89' title="bbox 423 5279 1998 5342; baseline 0.005 -10"><span class='ocrx_word' id='word_1_723' title='bbox 423 5283 569 5338; x_wconf 83' lang='lat' dir='ltr'><strong>vires</strong></span> <span class='ocrx_word' id='word_1_724' title='bbox 590 5296 715 5337; x_wconf 90' lang='lat' dir='ltr'><strong>cum</strong></span> <span class='ocrx_word' id='word_1_725' title='bbox 755 5282 935 5337; x_wconf 87' lang='lat' dir='ltr'><strong>fassus</strong></span> <span class='ocrx_word' id='word_1_726' title='bbox 981 5279 1171 5342; x_wconf 88' lang='lat' dir='ltr'><strong>fueris.</strong></span> <span class='ocrx_word' id='word_1_727' title='bbox 1209 5284 1339 5336; x_wconf 85' lang='lat' dir='ltr'><strong>dum</strong></span> <span class='ocrx_word' id='word_1_728' title='bbox 1374 5283 1439 5337; x_wconf 89' lang='lat' dir='ltr'><strong>de</strong></span> <span class='ocrx_word' id='word_1_729' title='bbox 1470 5282 1607 5339; x_wconf 86' lang='lat' dir='ltr'><strong>Filio</strong></span> <span class='ocrx_word' id='word_1_730' title='bbox 1656 5301 1835 5341; x_wconf 87' lang='lat' dir='ltr'><strong>sermo</strong></span> <span class='ocrx_word' id='word_1_731' title='bbox 1871 5296 1955 5340; x_wconf 88' lang='lat' dir='ltr'><strong>est</strong></span> <span class='ocrx_word' id='word_1_732' title='bbox 1984 5308 1998 5340; x_wconf 87' lang='lat'>:</span> 
     </span>
    </p>
   </div>
   <div class='ocr_carea' id='block_1_90' title="bbox 425 5372 2000 5442">
    <p class='ocr_par' dir='ltr' id='par_1_90' title="bbox 425 5372 2000 5442">
     <span class='ocr_line' id='line_1_90' title="bbox 425 5372 2000 5442; baseline 0.006 -18"><span class='ocrx_word' id='word_1_733' title='bbox 425 5374 479 5426; x_wconf 92' lang='lat' dir='ltr'><strong>in</strong></span> <span class='ocrx_word' id='word_1_734' title='bbox 518 5372 622 5428; x_wconf 86' lang='lat' dir='ltr'><strong>hac</strong></span> <span class='ocrx_word' id='word_1_735' title='bbox 654 5386 784 5427; x_wconf 83' lang='lat' dir='ltr'><strong>vero</strong></span> <span class='ocrx_word' id='word_1_736' title='bbox 813 5386 938 5427; x_wconf 89' lang='lat' dir='ltr'><strong>cum</strong></span> <span class='ocrx_word' id='word_1_737' title='bbox 977 5387 1259 5427; x_wconf 84' lang='lat' dir='ltr'><strong>assensum</strong></span> <span class='ocrx_word' id='word_1_738' title='bbox 1293 5375 1620 5442; x_wconf 66' lang='lat' dir='ltr'><strong>prmbueris.</strong></span> <span class='ocrx_word' id='word_1_739' title='bbox 1654 5393 1776 5433; x_wconf 88' lang='lat' dir='ltr'><strong>eum</strong></span> <span class='ocrx_word' id='word_1_740' title='bbox 1797 5394 1861 5432; x_wconf 81' lang='lat' dir='ltr'><strong>ex</strong></span> <span class='ocrx_word' id='word_1_741' title='bbox 1897 5378 2000 5434; x_wconf 84' lang='lat' dir='ltr'><strong>Pa-</strong></span> 
     </span>
    </p>
   </div>
   <div class='ocr_carea' id='block_1_91' title="bbox 425 5462 2003 5535">
    <p class='ocr_par' dir='ltr' id='par_1_91' title="bbox 425 5462 2003 5535">
     <span class='ocr_line' id='line_1_91' title="bbox 425 5462 2003 5535; baseline 0.004 -19"><span class='ocrx_word' id='word_1_742' title='bbox 425 5476 505 5519; x_wconf 88' lang='lat' dir='ltr'><strong>tre</strong></span> <span class='ocrx_word' id='word_1_743' title='bbox 528 5479 625 5534; x_wconf 90' lang='lat' dir='ltr'><strong>per</strong></span> <span class='ocrx_word' id='word_1_744' title='bbox 645 5462 839 5517; x_wconf 80' lang='lat' dir='ltr'><strong>Filium</strong></span> <span class='ocrx_word' id='word_1_745' title='bbox 859 5478 1002 5528; x_wconf 84' lang='lat' dir='ltr'><strong>esse,</strong></span> <span class='ocrx_word' id='word_1_746' title='bbox 1033 5471 1085 5517; x_wconf 89' lang='lat' dir='ltr'><strong>et</strong></span> <span class='ocrx_word' id='word_1_747' title='bbox 1107 5466 1250 5533; x_wconf 89' lang='lat' dir='ltr'><strong>quod</strong></span> <span class='ocrx_word' id='word_1_748' title='bbox 1279 5481 1389 5535; x_wconf 76' lang='lat' dir='ltr'><strong>prae</strong></span> <span class='ocrx_word' id='word_1_749' title='bbox 1419 5467 1540 5522; x_wconf 87' lang='lat' dir='ltr'><strong>aliis</strong></span> <span class='ocrx_word' id='word_1_750' title='bbox 1564 5469 2003 5524; x_wconf 84' lang='lat' dir='ltr'><strong>animadverten-</strong></span> 
     </span>
    </p>
   </div>
   <div class='ocr_carea' id='block_1_92' title="bbox 427 5554 2000 5623">
    <p class='ocr_par' dir='ltr' id='par_1_92' title="bbox 427 5554 2000 5623">
     <span class='ocr_line' id='line_1_92' title="bbox 427 5554 2000 5623; baseline 0.004 -16"><span class='ocrx_word' id='word_1_751' title='bbox 427 5555 553 5609; x_wconf 90' lang='lat' dir='ltr'><strong>dum</strong></span> <span class='ocrx_word' id='word_1_752' title='bbox 586 5558 788 5621; x_wconf 57' lang='lat' dir='ltr'><strong>est,,’et</strong></span> <span class='ocrx_word' id='word_1_753' title='bbox 851 5554 991 5610; x_wconf 82' lang='lat' dir='ltr'><strong>lianc</strong></span> <span class='ocrx_word' id='word_1_754' title='bbox 1046 5557 1369 5611; x_wconf 87' lang='lat' dir='ltr'><strong>sententiam</strong></span> <span class='ocrx_word' id='word_1_755' title='bbox 1431 5569 1866 5615; x_wconf 86' lang='lat' dir='ltr'><strong>commonstrans</strong></span> <span class='ocrx_word' id='word_1_756' title='bbox 1897 5558 2000 5623; x_wconf 81' lang='lat' dir='ltr'><strong>est&#39;,</strong></span> 
     </span>
    </p>
   </div>
   <div class='ocr_carea' id='block_1_93' title="bbox 426 5643 1999 5708">
    <p class='ocr_par' dir='ltr' id='par_1_93' title="bbox 426 5643 1999 5708">
     <span class='ocr_line' id='line_1_93' title="bbox 426 5643 1999 5708; baseline 0.008 -17"><span class='ocrx_word' id='word_1_757' title='bbox 426 5645 569 5708; x_wconf 67' lang='lat' dir='ltr'><strong>quod</strong></span> <span class='ocrx_word' id='word_1_758' title='bbox 603 5653 825 5701; x_wconf 87' lang='lat' dir='ltr'><strong>sanctus</strong></span> <span class='ocrx_word' id='word_1_759' title='bbox 860 5643 1191 5700; x_wconf 85' lang='lat' dir='ltr'><strong>Salvatorem</strong></span> <span class='ocrx_word' id='word_1_760' title='bbox 1213 5645 1442 5702; x_wconf 88' lang='lat' dir='ltr'><strong>adducat</strong></span> <span class='ocrx_word' id='word_1_761' title='bbox 1457 5648 1719 5707; x_wconf 87' lang='lat' dir='ltr'><strong>dicentem</strong></span> <span class='ocrx_word' id='word_1_762' title='bbox 1761 5668 1772 5705; x_wconf 83' lang='lat'>:</span> <span class='ocrx_word' id='word_1_763' title='bbox 1814 5668 1831 5701; x_wconf 80' lang='grc' dir='ltr'><strong>ι</strong></span> <span class='ocrx_word' id='word_1_764' title='bbox 1865 5650 1999 5704; x_wconf 89' lang='lat' dir='ltr'><strong>Cum</strong></span> 
     </span>
    </p>
   </div>
   <div class='ocr_carea' id='block_1_94' title="bbox 495 5818 1533 5892">
    <p class='ocr_par' dir='ltr' id='par_1_94' title="bbox 495 5818 1533 5892">
     <span class='ocr_line' id='line_1_94' title="bbox 495 5818 1533 5892; baseline 0.009 -20"><span class='ocrx_word' id='word_1_765' title='bbox 495 5818 714 5877; x_wconf 66' lang='lat' dir='ltr'><strong>&quot;Joan.</strong></span> <span class='ocrx_word' id='word_1_766' title='bbox 754 5840 861 5889; x_wconf 73' lang='lat' dir='ltr'><strong>1m,</strong></span> <span class='ocrx_word' id='word_1_767' title='bbox 903 5825 990 5879; x_wconf 76' lang='lat' dir='ltr'><strong>l5.</strong></span> <span class='ocrx_word' id='word_1_768' title='bbox 1068 5826 1114 5859; x_wconf 74' lang='lat'><strong>”</strong></span> <span class='ocrx_word' id='word_1_769' title='bbox 1134 5825 1291 5882; x_wconf 86' lang='lat' dir='ltr'><strong>Joan.</strong></span> <span class='ocrx_word' id='word_1_770' title='bbox 1328 5841 1418 5892; x_wconf 80' lang='lat' dir='ltr'><strong>xv,</strong></span> <span class='ocrx_word' id='word_1_771' title='bbox 1446 5825 1533 5880; x_wconf 76' lang='grc'><strong>26.</strong></span> 
     </span>
    </p>
   </div>
   <div class='ocr_carea' id='block_1_95' title="bbox 2695 3722 3075 3779">
    <p class='ocr_par' dir='ltr' id='par_1_95' title="bbox 2695 3722 3075 3779">
     <span class='ocr_line' id='line_1_95' title="bbox 2695 3722 3075 3779; baseline -0.013 0"><span class='ocrx_word' id='word_1_772' title='bbox 2695 3722 3075 3779; x_wconf 73' lang='grc' dir='ltr'><strong>Ἐπιστασία.</strong></span> 
     </span>
    </p>
   </div>
   <div class='ocr_carea' id='block_1_96' title="bbox 2171 3811 3665 3890">
    <p class='ocr_par' dir='ltr' id='par_1_96' title="bbox 2171 3811 3665 3890">
     <span class='ocr_line' id='line_1_96' title="bbox 2171 3811 3665 3890; baseline -0.007 -18"><span class='ocrx_word' id='word_1_773' title='bbox 2171 3840 2188 3872; x_wconf 79' lang='grc' dir='ltr'><strong>ι</strong></span> <span class='ocrx_word' id='word_1_774' title='bbox 2226 3818 2526 3890; x_wconf 73' lang='grc' dir='ltr'><strong>Θαυμαστὴ</strong></span> <span class='ocrx_word' id='word_1_775' title='bbox 2562 3818 2704 3871; x_wconf 80' lang='grc' dir='ltr'><strong>πάνυ</strong></span> <span class='ocrx_word' id='word_1_776' title='bbox 2739 3817 2773 3885; x_wconf 82' lang='grc' dir='ltr'><strong>ὴ</strong></span> <span class='ocrx_word' id='word_1_777' title='bbox 2801 3814 3075 3886; x_wconf 76' lang='grc' dir='ltr'><strong>περικοπή</strong></span> <span class='ocrx_word' id='word_1_778' title='bbox 3106 3813 3267 3877; x_wconf 80' lang='grc' dir='ltr'><strong>αὕτη,</strong></span> <span class='ocrx_word' id='word_1_779' title='bbox 3304 3813 3364 3865; x_wconf 76' lang='grc' dir='ltr'><strong>ὲν</strong></span> <span class='ocrx_word' id='word_1_780' title='bbox 3386 3811 3665 3881; x_wconf 83' lang='grc' dir='ltr'><strong>διαφόροις</strong></span> 
     </span>
    </p>
   </div>
   <div class='ocr_carea' id='block_1_97' title="bbox 2103 3902 3665 3983">
    <p class='ocr_par' dir='ltr' id='par_1_97' title="bbox 2103 3902 3665 3983">
     <span class='ocr_line' id='line_1_97' title="bbox 2103 3902 3665 3983; baseline -0.006 -19"><span class='ocrx_word' id='word_1_781' title='bbox 2103 3934 2120 3964; x_wconf 79' lang='grc' dir='ltr'><strong>ι</strong></span> <span class='ocrx_word' id='word_1_782' title='bbox 2168 3913 2387 3983; x_wconf 75' lang='grc' dir='ltr'><strong>χωρίοις</strong></span> <span class='ocrx_word' id='word_1_783' title='bbox 2418 3911 2586 3977; x_wconf 72' lang='grc' dir='ltr'><strong>αὐτῆς</strong></span> <span class='ocrx_word' id='word_1_784' title='bbox 2614 3912 2675 3963; x_wconf 79' lang='grc' dir='ltr'><strong>ὲκ</strong></span> <span class='ocrx_word' id='word_1_785' title='bbox 2700 3910 2905 3978; x_wconf 83' lang='grc' dir='ltr'><strong>Πατρὸς</strong></span> <span class='ocrx_word' id='word_1_786' title='bbox 2938 3909 3006 3961; x_wconf 84' lang='grc' dir='ltr'><strong>δι’</strong></span> <span class='ocrx_word' id='word_1_787' title='bbox 3030 3906 3161 3960; x_wconf 80' lang='grc' dir='ltr'><strong>Υίοῦ</strong></span> <span class='ocrx_word' id='word_1_788' title='bbox 3190 3906 3251 3959; x_wconf 81' lang='grc' dir='ltr'><strong>τὸ</strong></span> <span class='ocrx_word' id='word_1_789' title='bbox 3279 3905 3499 3972; x_wconf 88' lang='grc' dir='ltr'>Πνεῦμα</span> <span class='ocrx_word' id='word_1_790' title='bbox 3525 3902 3665 3955; x_wconf 82' lang='grc' dir='ltr'><strong>διδά⁹</strong></span> 
     </span>
    </p>
   </div>
   <div class='ocr_carea' id='block_1_98' title="bbox 2101 3995 3664 4069">
    <p class='ocr_par' dir='ltr' id='par_1_98' title="bbox 2101 3995 3664 4069">
     <span class='ocr_line' id='line_1_98' title="bbox 2101 3995 3664 4069; baseline -0.008 -12"><span class='ocrx_word' id='word_1_791' title='bbox 2101 4025 2120 4057; x_wconf 77' lang='grc' dir='ltr'><strong>ι</strong></span> <span class='ocrx_word' id='word_1_792' title='bbox 2168 4021 2392 4069; x_wconf 85' lang='grc' dir='ltr'><strong>σκουσα,</strong></span> <span class='ocrx_word' id='word_1_793' title='bbox 2417 4005 2474 4056; x_wconf 72' lang='grc' dir='ltr'>ὲν</span> <span class='ocrx_word' id='word_1_794' title='bbox 2504 3999 2584 4065; x_wconf 77' lang='grc' dir='ltr'><strong>οἷς</strong></span> <span class='ocrx_word' id='word_1_795' title='bbox 2606 4001 2663 4055; x_wconf 80' lang='grc' dir='ltr'><strong>δὲ</strong></span> <span class='ocrx_word' id='word_1_796' title='bbox 2694 4000 2893 4069; x_wconf 79' lang='grc' dir='ltr'><strong>μᾶλλον</strong></span> <span class='ocrx_word' id='word_1_797' title='bbox 2924 3998 3086 4052; x_wconf 79' lang='grc' dir='ltr'><strong>αὐτὸν</strong></span> <span class='ocrx_word' id='word_1_798' title='bbox 3111 3998 3205 4050; x_wconf 70' lang='grc' dir='ltr'><strong>τὸν</strong></span> <span class='ocrx_word' id='word_1_799' title='bbox 3231 3996 3459 4064; x_wconf 81' lang='grc' dir='ltr'><strong>Σωτῆρα</strong></span> <span class='ocrx_word' id='word_1_800' title='bbox 3484 3995 3664 4064; x_wconf 85' lang='grc' dir='ltr'>παρά-</span> 
     </span>
    </p>
   </div>
   <div class='ocr_carea' id='block_1_99' title="bbox 2103 4088 3665 4165">
    <p class='ocr_par' dir='ltr' id='par_1_99' title="bbox 2103 4088 3665 4165">
     <span class='ocr_line' id='line_1_99' title="bbox 2103 4088 3665 4165; baseline -0.006 -17"><span class='ocrx_word' id='word_1_801' title='bbox 2103 4118 2120 4148; x_wconf 82' lang='grc' dir='ltr'><strong>ι</strong></span> <span class='ocrx_word' id='word_1_802' title='bbox 2165 4116 2269 4165; x_wconf 86' lang='grc' dir='ltr'>γει,</span> <span class='ocrx_word' id='word_1_803' title='bbox 2287 4097 2515 4161; x_wconf 79' lang='grc' dir='ltr'>Πνεῦμα</span> <span class='ocrx_word' id='word_1_804' title='bbox 2538 4096 2633 4164; x_wconf 80' lang='grc' dir='ltr'>μὲν</span> <span class='ocrx_word' id='word_1_805' title='bbox 2657 4094 2911 4161; x_wconf 77' lang='grc' dir='ltr'><strong>ἀληθείας</strong></span> <span class='ocrx_word' id='word_1_806' title='bbox 2936 4090 3315 4146; x_wconf 77' lang='grc' dir='ltr'><strong>ἀποκαλοῦντα</strong></span> <span class='ocrx_word' id='word_1_807' title='bbox 3336 4091 3397 4143; x_wconf 79' lang='grc' dir='ltr'><strong>τὸ</strong></span> <span class='ocrx_word' id='word_1_808' title='bbox 3422 4088 3665 4157; x_wconf 82' lang='grc' dir='ltr'>Πνεῦμα,</span> 
     </span>
    </p>
   </div>
   <div class='ocr_carea' id='block_1_100' title="bbox 2102 4180 3665 4259">
    <p class='ocr_par' dir='ltr' id='par_1_100' title="bbox 2102 4180 3665 4259">
     <span class='ocr_line' id='line_1_100' title="bbox 2102 4180 3665 4259; baseline -0.005 -19"><span class='ocrx_word' id='word_1_809' title='bbox 2102 4207 2120 4240; x_wconf 83' lang='grc' dir='ltr'><strong>ι</strong></span> <span class='ocrx_word' id='word_1_810' title='bbox 2166 4190 2284 4259; x_wconf 66' lang='grc' dir='ltr'><strong>ἦτοι</strong></span> <span class='ocrx_word' id='word_1_811' title='bbox 2314 4186 2504 4243; x_wconf 73' lang='grc' dir='ltr'><strong>αὐτοῦ’</strong></span> <span class='ocrx_word' id='word_1_812' title='bbox 2539 4186 2702 4247; x_wconf 75' lang='grc' dir='ltr'><strong>αὐτὸς</strong></span> <span class='ocrx_word' id='word_1_813' title='bbox 2747 4186 2854 4255; x_wconf 87' lang='grc' dir='ltr'><strong>γάρ</strong></span> <span class='ocrx_word' id='word_1_814' title='bbox 2900 4186 3050 4237; x_wconf 70' lang='grc' dir='ltr'><strong>ἐστιν</strong></span> <span class='ocrx_word' id='word_1_815' title='bbox 3082 4184 3116 4253; x_wconf 82' lang='grc' dir='ltr'><strong>ή</strong></span> <span class='ocrx_word' id='word_1_816' title='bbox 3148 4180 3400 4251; x_wconf 79' lang='grc' dir='ltr'>ἀλήθεια,</span> <span class='ocrx_word' id='word_1_817' title='bbox 3445 4182 3665 4251; x_wconf 81' lang='grc' dir='ltr'><strong>προχεί-</strong></span> 
     </span>
    </p>
   </div>
   <div class='ocr_carea' id='block_1_101' title="bbox 2104 4271 3667 4345">
    <p class='ocr_par' dir='ltr' id='par_1_101' title="bbox 2104 4271 3667 4345">
     <span class='ocr_line' id='line_1_101' title="bbox 2104 4271 3667 4345; baseline -0.006 -11"><span class='ocrx_word' id='word_1_818' title='bbox 2104 4300 2122 4334; x_wconf 79' lang='grc' dir='ltr'><strong>ι</strong></span> <span class='ocrx_word' id='word_1_819' title='bbox 2165 4282 2287 4335; x_wconf 89' lang='grc' dir='ltr'><strong>σθαι</strong></span> <span class='ocrx_word' id='word_1_820' title='bbox 2330 4279 2388 4333; x_wconf 82' lang='grc' dir='ltr'><strong>δὲ</strong></span> <span class='ocrx_word' id='word_1_821' title='bbox 2436 4278 2593 4331; x_wconf 86' lang='grc' dir='ltr'><strong>τοῦτο</strong></span> <span class='ocrx_word' id='word_1_822' title='bbox 2618 4277 2679 4342; x_wconf 73' lang='grc' dir='ltr'>ἐξ</span> <span class='ocrx_word' id='word_1_823' title='bbox 2709 4278 2873 4331; x_wconf 82' lang='grc' dir='ltr'><strong>αὑτοῦ</strong></span> <span class='ocrx_word' id='word_1_824' title='bbox 2903 4276 2998 4330; x_wconf 88' lang='grc' dir='ltr'><strong>τοῦ</strong></span> <span class='ocrx_word' id='word_1_825' title='bbox 3049 4274 3262 4345; x_wconf 77' lang='grc' dir='ltr'>Πατρδς</span> <span class='ocrx_word' id='word_1_826' title='bbox 3294 4271 3667 4345; x_wconf 74' lang='grc' dir='ltr'><strong>προσδιοριζόο</strong></span> 
     </span>
    </p>
   </div>
   <div class='ocr_carea' id='block_1_102' title="bbox 2102 4363 3667 4442">
    <p class='ocr_par' dir='ltr' id='par_1_102' title="bbox 2102 4363 3667 4442">
     <span class='ocr_line' id='line_1_102' title="bbox 2102 4363 3667 4442; baseline -0.006 -18"><span class='ocrx_word' id='word_1_827' title='bbox 2102 4392 2121 4424; x_wconf 80' lang='grc' dir='ltr'><strong>ι</strong></span> <span class='ocrx_word' id='word_1_828' title='bbox 2166 4386 2349 4442; x_wconf 88' lang='grc' dir='ltr'><strong>μενον.</strong></span> <span class='ocrx_word' id='word_1_829' title='bbox 2379 4369 2473 4438; x_wconf 75' lang='grc' dir='ltr'><strong>Μὴ</strong></span> <span class='ocrx_word' id='word_1_830' title='bbox 2520 4369 2579 4421; x_wconf 73' lang='grc' dir='ltr'><strong>ὲν</strong></span> <span class='ocrx_word' id='word_1_831' title='bbox 2608 4368 2874 4438; x_wconf 84' lang='grc' dir='ltr'>παρέργῳ</span> <span class='ocrx_word' id='word_1_832' title='bbox 2918 4367 2976 4421; x_wconf 67' lang='grc' dir='ltr'><strong>δὲ</strong></span> <span class='ocrx_word' id='word_1_833' title='bbox 3007 4366 3068 4420; x_wconf 82' lang='grc' dir='ltr'><strong>τὸ</strong></span> <span class='ocrx_word' id='word_1_834' title='bbox 3096 4365 3154 4431; x_wconf 71' lang='grc' dir='ltr'>ἐξ</span> <span class='ocrx_word' id='word_1_835' title='bbox 3187 4363 3355 4418; x_wconf 85' lang='grc' dir='ltr'><strong>αὑτοῦ</strong></span> <span class='ocrx_word' id='word_1_836' title='bbox 3388 4363 3667 4435; x_wconf 72' lang='grc' dir='ltr'><strong>ειταραδρά.⁸</strong></span> 
     </span>
    </p>
   </div>
   <div class='ocr_carea' id='block_1_103' title="bbox 2105 4454 3669 4534">
    <p class='ocr_par' dir='ltr' id='par_1_103' title="bbox 2105 4454 3669 4534">
     <span class='ocr_line' id='line_1_103' title="bbox 2105 4454 3669 4534; baseline -0.004 -20"><span class='ocrx_word' id='word_1_837' title='bbox 2105 4480 2123 4514; x_wconf 77' lang='grc' dir='ltr'><strong>ι</strong></span> <span class='ocrx_word' id='word_1_838' title='bbox 2167 4475 2293 4534; x_wconf 76' lang='grc' dir='ltr'>μῃς.</span> <span class='ocrx_word' id='word_1_839' title='bbox 2329 4458 2483 4528; x_wconf 75' lang='grc' dir='ltr'><strong>Τάχα</strong></span> <span class='ocrx_word' id='word_1_840' title='bbox 2513 4459 2623 4527; x_wconf 85' lang='grc' dir='ltr'><strong>γὰρ</strong></span> <span class='ocrx_word' id='word_1_841' title='bbox 2656 4459 2715 4510; x_wconf 87' lang='grc' dir='ltr'><strong>τὸ</strong></span> <span class='ocrx_word' id='word_1_842' title='bbox 2757 4457 2877 4526; x_wconf 74' lang='grc' dir='ltr'><strong>οὐχὶ</strong></span> <span class='ocrx_word' id='word_1_843' title='bbox 2908 4458 3000 4510; x_wconf 77' lang='grc' dir='ltr'><strong>καὶ</strong></span> <span class='ocrx_word' id='word_1_844' title='bbox 3045 4455 3104 4523; x_wconf 71' lang='grc' dir='ltr'>ἐξ</span> <span class='ocrx_word' id='word_1_845' title='bbox 3131 4455 3292 4510; x_wconf 81' lang='grc' dir='ltr'><strong>ἄλλου</strong></span> <span class='ocrx_word' id='word_1_846' title='bbox 3323 4455 3471 4518; x_wconf 73' lang='grc' dir='ltr'><strong>τινὸς</strong></span> <span class='ocrx_word' id='word_1_847' title='bbox 3517 4454 3669 4508; x_wconf 86' lang='grc' dir='ltr'><strong>τοῦτο</strong></span> 
     </span>
    </p>
   </div>
   <div class='ocr_carea' id='block_1_104' title="bbox 2107 4550 3573 4625">
    <p class='ocr_par' dir='ltr' id='par_1_104' title="bbox 2107 4550 3573 4625">
     <span class='ocr_line' id='line_1_104' title="bbox 2107 4550 3573 4625; baseline -0.005 -19"><span class='ocrx_word' id='word_1_848' title='bbox 2107 4574 2126 4606; x_wconf 70' lang='grc' dir='ltr'><strong>ι</strong></span> <span class='ocrx_word' id='word_1_849' title='bbox 2164 4555 2480 4625; x_wconf 78' lang='grc' dir='ltr'><strong>παρίστησι,</strong></span> <span class='ocrx_word' id='word_1_850' title='bbox 2506 4553 2649 4606; x_wconf 84' lang='grc' dir='ltr'><strong>κατὰ</strong></span> <span class='ocrx_word' id='word_1_851' title='bbox 2674 4554 2734 4604; x_wconf 84' lang='grc' dir='ltr'><strong>τὸ</strong></span> <span class='ocrx_word' id='word_1_852' title='bbox 2764 4552 2903 4612; x_wconf 75' lang='grc' dir='ltr'><strong>τέως</strong></span> <span class='ocrx_word' id='word_1_853' title='bbox 2935 4551 3057 4617; x_wconf 66' lang='grc' dir='ltr'><strong>ἐμοὶ</strong></span> <span class='ocrx_word' id='word_1_854' title='bbox 3085 4550 3515 4620; x_wconf 83' lang='grc' dir='ltr'><strong>παριστάμενον.</strong></span> <span class='ocrx_word' id='word_1_855' title='bbox 3554 4568 3573 4599; x_wconf 75' lang='grc' dir='ltr'><strong>ι</strong></span> 
     </span>
    </p>
   </div>
   <div class='ocr_carea' id='block_1_105' title="bbox 2694 4644 3080 4712">
    <p class='ocr_par' dir='ltr' id='par_1_105' title="bbox 2694 4644 3080 4712">
     <span class='ocr_line' id='line_1_105' title="bbox 2694 4644 3080 4712; baseline -0.005 -14"><span class='ocrx_word' id='word_1_856' title='bbox 2694 4644 3080 4712; x_wconf 72' lang='grc' dir='ltr'><strong>Ἀντίρῤησις.</strong></span> 
     </span>
    </p>
   </div>
   <div class='ocr_carea' id='block_1_106' title="bbox 2171 4731 3669 4810">
    <p class='ocr_par' dir='ltr' id='par_1_106' title="bbox 2171 4731 3669 4810">
     <span class='ocr_line' id='line_1_106' title="bbox 2171 4731 3669 4810; baseline -0.007 -17"><span class='ocrx_word' id='word_1_857' title='bbox 2171 4740 2436 4810; x_wconf 79' lang='grc' dir='ltr'><strong>Σύμφημί</strong></span> <span class='ocrx_word' id='word_1_858' title='bbox 2487 4755 2569 4792; x_wconf 91' lang='grc' dir='ltr'><strong>σοι</strong></span> <span class='ocrx_word' id='word_1_859' title='bbox 2613 4737 2709 4789; x_wconf 74' lang='grc' dir='ltr'><strong>καὶ</strong></span> <span class='ocrx_word' id='word_1_860' title='bbox 2736 4735 2899 4799; x_wconf 80' lang='grc' dir='ltr'><strong>αὐτὸς</strong></span> <span class='ocrx_word' id='word_1_861' title='bbox 2929 4735 3006 4796; x_wconf 83' lang='grc' dir='ltr'>ὡς</span> <span class='ocrx_word' id='word_1_862' title='bbox 3053 4733 3339 4803; x_wconf 84' lang='grc' dir='ltr'><strong>θαυμαστή</strong></span> <span class='ocrx_word' id='word_1_863' title='bbox 3375 4733 3493 4784; x_wconf 76' lang='grc' dir='ltr'><strong>ἐστι</strong></span> <span class='ocrx_word' id='word_1_864' title='bbox 3528 4731 3669 4796; x_wconf 80' lang='grc' dir='ltr'><strong>πάνυ</strong></span> 
     </span>
    </p>
   </div>
   <div class='ocr_carea' id='block_1_107' title="bbox 2101 4824 3673 4901">
    <p class='ocr_par' dir='ltr' id='par_1_107' title="bbox 2101 4824 3673 4901">
     <span class='ocr_line' id='line_1_107' title="bbox 2101 4824 3673 4901; baseline -0.003 -20"><span class='ocrx_word' id='word_1_865' title='bbox 2101 4834 2134 4901; x_wconf 69' lang='grc' dir='ltr'><strong>ἡ</strong></span> <span class='ocrx_word' id='word_1_866' title='bbox 2189 4830 2416 4901; x_wconf 71' lang='grc' dir='ltr'><strong>ῥηθεῖσα</strong></span> <span class='ocrx_word' id='word_1_867' title='bbox 2465 4826 2763 4899; x_wconf 69' lang='grc' dir='ltr'><strong>περικοπή,</strong></span> <span class='ocrx_word' id='word_1_868' title='bbox 2814 4827 2875 4880; x_wconf 69' lang='grc' dir='ltr'><strong>ιν</strong></span> <span class='ocrx_word' id='word_1_869' title='bbox 2911 4826 3190 4895; x_wconf 82' lang='grc' dir='ltr'><strong>διαφόροις</strong></span> <span class='ocrx_word' id='word_1_870' title='bbox 3235 4824 3460 4896; x_wconf 82' lang='grc' dir='ltr'><strong>χωρίοις</strong></span> <span class='ocrx_word' id='word_1_871' title='bbox 3502 4826 3673 4897; x_wconf 74' lang='grc' dir='ltr'><strong>αὐτῆς</strong></span> 
     </span>
    </p>
   </div>
   <div class='ocr_carea' id='block_1_108' title="bbox 2094 4916 3673 4991">
    <p class='ocr_par' dir='ltr' id='par_1_108' title="bbox 2094 4916 3673 4991">
     <span class='ocr_line' id='line_1_108' title="bbox 2094 4916 3673 4991; baseline -0.006 -15"><span class='ocrx_word' id='word_1_872' title='bbox 2094 4923 2299 4991; x_wconf 85' lang='grc' dir='ltr'><strong>γνῶσιν</strong></span> <span class='ocrx_word' id='word_1_873' title='bbox 2337 4923 2639 4990; x_wconf 80' lang='grc' dir='ltr'><strong>παρασχεῖν</strong></span> <span class='ocrx_word' id='word_1_874' title='bbox 2695 4918 2968 4989; x_wconf 79' lang='grc' dir='ltr'><strong>δυναμένη</strong></span> <span class='ocrx_word' id='word_1_875' title='bbox 3002 4916 3082 4987; x_wconf 84' lang='grc' dir='ltr'><strong>τῷ</strong></span> <span class='ocrx_word' id='word_1_876' title='bbox 3109 4916 3476 4978; x_wconf 68' lang='grc' dir='ltr'><strong>ἑπιστατικῶς</strong></span> <span class='ocrx_word' id='word_1_877' title='bbox 3509 4917 3673 4984; x_wconf 72' lang='grc' dir='ltr'>ἔπερ-</span> 
     </span>
    </p>
   </div>
   <div class='ocr_carea' id='block_1_109' title="bbox 2045 4993 3675 5087">
    <p class='ocr_par' dir='ltr' id='par_1_109' title="bbox 2045 4993 3675 5087">
     <span class='ocr_line' id='line_1_109' title="bbox 2045 4993 3675 5087; baseline -0.004 -20"><span class='ocrx_word' id='word_1_878' title='bbox 2045 5026 2054 5037; x_wconf 95' lang='grc'><strong>·</strong></span> <span class='ocrx_word' id='word_1_879' title='bbox 2099 5018 2314 5087; x_wconf 80' lang='grc' dir='ltr'>χομένῳ</span> <span class='ocrx_word' id='word_1_880' title='bbox 2343 5013 2533 5084; x_wconf 81' lang='grc' dir='ltr'><strong>αὐτὴν,</strong></span> <span class='ocrx_word' id='word_1_881' title='bbox 2562 5013 2709 5075; x_wconf 77' lang='grc' dir='ltr'><strong>ὅπως</strong></span> <span class='ocrx_word' id='word_1_882' title='bbox 2741 5012 2807 5064; x_wconf 72' lang='grc' dir='ltr'><strong>εκ</strong></span> <span class='ocrx_word' id='word_1_883' title='bbox 2831 5010 3044 5080; x_wconf 86' lang='grc' dir='ltr'><strong>Πατρὸς</strong></span> <span class='ocrx_word' id='word_1_884' title='bbox 3068 5010 3162 5064; x_wconf 72' lang='grc' dir='ltr'><strong>καὶ</strong></span> <span class='ocrx_word' id='word_1_885' title='bbox 3191 4993 3322 5062; x_wconf 61' lang='lat' dir='ltr'><strong>ficii</strong></span> <span class='ocrx_word' id='word_1_886' title='bbox 3352 5008 3413 5061; x_wconf 84' lang='grc' dir='ltr'><strong>τὸ</strong></span> <span class='ocrx_word' id='word_1_887' title='bbox 3445 5007 3675 5076; x_wconf 89' lang='grc' dir='ltr'>Πνεῦμὰ</span> 
     </span>
    </p>
   </div>
   <div class='ocr_carea' id='block_1_110' title="bbox 2099 5098 3673 5173">
    <p class='ocr_par' dir='ltr' id='par_1_110' title="bbox 2099 5098 3673 5173">
     <span class='ocr_line' id='line_1_110' title="bbox 2099 5098 3673 5173; baseline -0.008 -12"><span class='ocrx_word' id='word_1_888' title='bbox 2099 5107 2268 5170; x_wconf 70' lang='grc' dir='ltr'><strong>ἐστιν,</strong></span> <span class='ocrx_word' id='word_1_889' title='bbox 2317 5104 2457 5173; x_wconf 81' lang='grc' dir='ltr'><strong>ὅπερ</strong></span> <span class='ocrx_word' id='word_1_890' title='bbox 2506 5104 2602 5155; x_wconf 71' lang='grc' dir='ltr'>καὶ</span> <span class='ocrx_word' id='word_1_891' title='bbox 2655 5101 2718 5155; x_wconf 84' lang='grc' dir='ltr'><strong>σὺ</strong></span> <span class='ocrx_word' id='word_1_892' title='bbox 2748 5100 2912 5163; x_wconf 80' lang='grc' dir='ltr'><strong>αὐτὸς</strong></span> <span class='ocrx_word' id='word_1_893' title='bbox 2943 5100 3219 5169; x_wconf 78' lang='grc' dir='ltr'><strong>συνιστᾷς,</strong></span> <span class='ocrx_word' id='word_1_894' title='bbox 3251 5099 3310 5151; x_wconf 81' lang='grc' dir='ltr'>ὲν</span> <span class='ocrx_word' id='word_1_895' title='bbox 3344 5098 3441 5166; x_wconf 82' lang='grc' dir='ltr'>μὲν</span> <span class='ocrx_word' id='word_1_896' title='bbox 3483 5098 3673 5158; x_wconf 85' lang='grc' dir='ltr'><strong>ἄλλαις</strong></span> 
     </span>
    </p>
   </div>
   <div class='ocr_carea' id='block_1_111' title="bbox 2100 5191 3672 5266">
    <p class='ocr_par' dir='ltr' id='par_1_111' title="bbox 2100 5191 3672 5266">
     <span class='ocr_line' id='line_1_111' title="bbox 2100 5191 3672 5266; baseline -0.005 -14"><span class='ocrx_word' id='word_1_897' title='bbox 2100 5196 2445 5260; x_wconf 67' lang='grc' dir='ltr'><strong>ἑπιστασίαις</strong></span> <span class='ocrx_word' id='word_1_898' title='bbox 2479 5198 2543 5250; x_wconf 81' lang='grc' dir='ltr'><strong>τὸ</strong></span> <span class='ocrx_word' id='word_1_899' title='bbox 2568 5195 2665 5266; x_wconf 85' lang='grc' dir='ltr'><strong>τῆς</strong></span> <span class='ocrx_word' id='word_1_900' title='bbox 2695 5192 2766 5259; x_wconf 78' lang='grc' dir='ltr'><strong>ἐξ</strong></span> <span class='ocrx_word' id='word_1_901' title='bbox 2792 5193 2888 5246; x_wconf 77' lang='grc' dir='ltr'><strong>καὶ</strong></span> <span class='ocrx_word' id='word_1_902' title='bbox 2915 5192 3016 5246; x_wconf 79' lang='grc' dir='ltr'><strong>διὰ</strong></span> <span class='ocrx_word' id='word_1_903' title='bbox 3047 5192 3367 5259; x_wconf 82' lang='grc' dir='ltr'><strong>ίσοδύναμον</strong></span> <span class='ocrx_word' id='word_1_904' title='bbox 3392 5191 3672 5262; x_wconf 86' lang='grc' dir='ltr'><strong>ὁμολογῶν</strong></span> 
     </span>
    </p>
   </div>
   <div class='ocr_carea' id='block_1_112' title="bbox 2099 5280 3671 5354">
    <p class='ocr_par' dir='ltr' id='par_1_112' title="bbox 2099 5280 3671 5354">
     <span class='ocr_line' id='line_1_112' title="bbox 2099 5280 3671 5354; baseline -0.004 -10"><span class='ocrx_word' id='word_1_905' title='bbox 2099 5291 2194 5344; x_wconf 75' lang='grc' dir='ltr'><strong>ἐπὶ</strong></span> <span class='ocrx_word' id='word_1_906' title='bbox 2236 5289 2331 5343; x_wconf 90' lang='grc' dir='ltr'><strong>τοῦ</strong></span> <span class='ocrx_word' id='word_1_907' title='bbox 2369 5288 2520 5354; x_wconf 83' lang='grc' dir='ltr'><strong>Υίοῦ,</strong></span> <span class='ocrx_word' id='word_1_908' title='bbox 2553 5286 2786 5342; x_wconf 76' lang='grc' dir='ltr'>ἐνταῦθα</span> <span class='ocrx_word' id='word_1_909' title='bbox 2814 5286 2874 5339; x_wconf 78' lang='grc' dir='ltr'><strong>δὲ</strong></span> <span class='ocrx_word' id='word_1_910' title='bbox 2910 5286 2976 5339; x_wconf 80' lang='grc' dir='ltr'><strong>ὲκ</strong></span> <span class='ocrx_word' id='word_1_911' title='bbox 3023 5284 3237 5354; x_wconf 77' lang='grc' dir='ltr'><strong>Πατρὸς</strong></span> <span class='ocrx_word' id='word_1_912' title='bbox 3266 5283 3334 5336; x_wconf 82' lang='grc' dir='ltr'><strong>δι’</strong></span> <span class='ocrx_word' id='word_1_913' title='bbox 3365 5283 3500 5337; x_wconf 88' lang='grc' dir='ltr'><strong>Υίοῦ</strong></span> <span class='ocrx_word' id='word_1_914' title='bbox 3532 5280 3671 5337; x_wconf 78' lang='grc' dir='ltr'><strong>εῖναι</strong></span> 
     </span>
    </p>
   </div>
   <div class='ocr_carea' id='block_1_113' title="bbox 2101 5373 3672 5448">
    <p class='ocr_par' dir='ltr' id='par_1_113' title="bbox 2101 5373 3672 5448">
     <span class='ocr_line' id='line_1_113' title="bbox 2101 5373 3672 5448; baseline -0.005 -15"><span class='ocrx_word' id='word_1_915' title='bbox 2101 5378 2236 5434; x_wconf 78' lang='grc' dir='ltr'><strong>αὐτὸ</strong></span> <span class='ocrx_word' id='word_1_916' title='bbox 2285 5378 2686 5448; x_wconf 84' lang='grc' dir='ltr'><strong>συντιθέμενος,</strong></span> <span class='ocrx_word' id='word_1_917' title='bbox 2714 5376 2777 5433; x_wconf 79' lang='grc' dir='ltr'><strong>τὸ</strong></span> <span class='ocrx_word' id='word_1_918' title='bbox 2811 5375 2867 5430; x_wconf 85' lang='grc' dir='ltr'><strong>δὲ</strong></span> <span class='ocrx_word' id='word_1_919' title='bbox 2913 5374 2980 5446; x_wconf 80' lang='grc' dir='ltr'><strong>δὴ</strong></span> <span class='ocrx_word' id='word_1_920' title='bbox 3026 5374 3190 5428; x_wconf 81' lang='grc' dir='ltr'><strong>πλέον</strong></span> <span class='ocrx_word' id='word_1_921' title='bbox 3227 5374 3338 5427; x_wconf 84' lang='grc' dir='ltr'><strong>τῶν</strong></span> <span class='ocrx_word' id='word_1_922' title='bbox 3366 5374 3543 5428; x_wconf 76' lang='grc' dir='ltr'>ἀλλων</span> <span class='ocrx_word' id='word_1_923' title='bbox 3574 5373 3672 5442; x_wconf 79' lang='grc' dir='ltr'><strong>τὴν</strong></span> 
     </span>
    </p>
   </div>
   <div class='ocr_carea' id='block_1_114' title="bbox 2100 5465 3671 5540">
    <p class='ocr_par' dir='ltr' id='par_1_114' title="bbox 2100 5465 3671 5540">
     <span class='ocr_line' id='line_1_114' title="bbox 2100 5465 3671 5540; baseline -0.005 -17"><span class='ocrx_word' id='word_1_924' title='bbox 2100 5470 2311 5523; x_wconf 73' lang='grc' dir='ltr'><strong>ἔννοιαν</strong></span> <span class='ocrx_word' id='word_1_925' title='bbox 2348 5468 2736 5540; x_wconf 83' lang='grc' dir='ltr'><strong>παρεμφαῖνον</strong></span> <span class='ocrx_word' id='word_1_926' title='bbox 2776 5467 2938 5521; x_wconf 82' lang='grc' dir='ltr'><strong>τοῦτό</strong></span> <span class='ocrx_word' id='word_1_927' title='bbox 2985 5467 3125 5530; x_wconf 70' lang='grc' dir='ltr'><strong>ἐστι,</strong></span> <span class='ocrx_word' id='word_1_928' title='bbox 3159 5465 3428 5536; x_wconf 83' lang='grc' dir='ltr'>παράγων</span> <span class='ocrx_word' id='word_1_929' title='bbox 3459 5466 3488 5519; x_wconf 82' lang='grc' dir='ltr'>ὁ</span> <span class='ocrx_word' id='word_1_930' title='bbox 3520 5465 3671 5531; x_wconf 85' lang='grc' dir='ltr'><strong>ἆγιος</strong></span> 
     </span>
    </p>
   </div>
   <div class='ocr_carea' id='block_1_115' title="bbox 2100 5556 3662 5632">
    <p class='ocr_par' dir='ltr' id='par_1_115' title="bbox 2100 5556 3662 5632">
     <span class='ocr_line' id='line_1_115' title="bbox 2100 5556 3662 5632; baseline -0.005 -17"><span class='ocrx_word' id='word_1_931' title='bbox 2100 5563 2191 5615; x_wconf 79' lang='grc' dir='ltr'><strong>τὸν</strong></span> <span class='ocrx_word' id='word_1_932' title='bbox 2217 5558 2456 5632; x_wconf 78' lang='grc' dir='ltr'><strong>Σωτῆρα·</strong></span> <span class='ocrx_word' id='word_1_933' title='bbox 2470 5556 2721 5630; x_wconf 74' lang='grc' dir='ltr'><strong>λέγοντα,</strong></span> <span class='ocrx_word' id='word_1_934' title='bbox 2753 5577 2774 5611; x_wconf 78' lang='grc' dir='ltr'><strong>ι</strong></span> <span class='ocrx_word' id='word_1_935' title='bbox 2804 5558 2976 5612; x_wconf 86' lang='grc' dir='ltr'><strong>Ὅταν</strong></span> <span class='ocrx_word' id='word_1_936' title='bbox 2996 5557 3053 5610; x_wconf 73' lang='grc' dir='ltr'><strong>δὲ</strong></span> <span class='ocrx_word' id='word_1_937' title='bbox 3079 5557 3207 5629; x_wconf 79' lang='grc' dir='ltr'><strong>ἔλθῃ</strong></span> <span class='ocrx_word' id='word_1_938' title='bbox 3231 5558 3259 5610; x_wconf 81' lang='grc' dir='ltr'>ὁ</span> <span class='ocrx_word' id='word_1_939' title='bbox 3285 5556 3662 5625; x_wconf 74' lang='grc' dir='ltr'><strong>Παράκλητος,</strong></span> 
     </span>
    </p>
   </div>
   <div class='ocr_carea' id='block_1_116' title="bbox 2098 5642 3661 5731">
    <p class='ocr_par' dir='ltr' id='par_1_116' title="bbox 2098 5642 3661 5731">
     <span class='ocr_line' id='line_1_116' title="bbox 2098 5642 3661 5731; baseline -0.004 -27"><span class='ocrx_word' id='word_1_940' title='bbox 2098 5651 2163 5731; x_wconf 77' lang='grc' dir='ltr'><strong>ὃν</strong></span> <span class='ocrx_word' id='word_1_941' title='bbox 2199 5650 2309 5720; x_wconf 83' lang='grc' dir='ltr'><strong>ἐγὼ</strong></span> <span class='ocrx_word' id='word_1_942' title='bbox 2340 5650 2540 5720; x_wconf 72' lang='grc' dir='ltr'>πέμψω</span> <span class='ocrx_word' id='word_1_943' title='bbox 2584 5650 2713 5721; x_wconf 80' lang='grc' dir='ltr'><strong>ὑμῖν</strong></span> <span class='ocrx_word' id='word_1_944' title='bbox 2748 5648 2897 5722; x_wconf 82' lang='grc' dir='ltr'>παρά</span> <span class='ocrx_word' id='word_1_945' title='bbox 2930 5649 3022 5702; x_wconf 81' lang='grc' dir='ltr'><strong>τοῦ</strong></span> <span class='ocrx_word' id='word_1_946' title='bbox 3073 5642 3305 5719; x_wconf 79' lang='grc' dir='ltr'><strong>Πάτρὸς,</strong></span> <span class='ocrx_word' id='word_1_947' title='bbox 3349 5647 3410 5701; x_wconf 85' lang='grc' dir='ltr'><strong>τὺ</strong></span> <span class='ocrx_word' id='word_1_948' title='bbox 3447 5646 3661 5716; x_wconf 83' lang='grc' dir='ltr'>Πνεῦμα</span> 
     </span>
    </p>
   </div>
  </div>
