3958 6396
443 327 548 393 535

1462 341 1674 403 JOAN.
1710 343 1928 406 VECCI
1967 346 2078 408 CP.
2119 350 2632 417 ΡΑΤΒΙΑΒΟΗΒ

3579 365 3687 432 Ε’ὶθ

450 461 468 492 ι
511 440 693 511 telligo
741 443 809 498 ad
841 453 1064 502 sanctos
1115 449 1392 516 apostolos
1441 451 1698 520 proferri.
1754 473 1774 505 ι
1832 455 2018 512 Adhuc

2134 481 2153 514 ι
2192 469 2305 529 τοῖς
2337 467 2514 535 ἁγίοις
2556 471 2876 537 ἀποστόλοις
2906 490 2922 506 ·
2977 494 2996 527 ι
3039 477 3158 529 Ἔτι
3203 474 3374 530 πολλὰ
3424 475 3531 548 ιχω
3561 477 3690 546 ὑμῖν

447 551 468 584 ι
512 534 684 589 multa
725 535 899 590 habeo
926 537 1077 592 vobis
1111 538 1312 605 dicere,
1346 543 1437 595 sed
1472 557 1578 597 non
1611 546 1841 612 potestis
1887 562 2012 616 por-

446 643 464 677 ι
507 635 625 681 tare
657 629 817 681 modo
845 628 932 680 ":
973 647 992 680 ι
1026 659 1097 669 --
1129 649 1147 681 ι
1183 646 1305 685 cum
1330 648 1455 686 vero
1481 636 1691 690 venerit
1739 638 1828 692 ille
1857 638 2018 692 Para-

450 733 468 765 ι
517 717 707 780 cletus,
745 715 982 786 Spiritus
1040 720 1283 774 veritatis
1307 723 1376 784 ³⁸,
1440 705 1765 780 i'conducet
1817 744 1912 782 vos
1961 729 2014 782 in

451 826 468 858 ι
514 823 729 861 omnem
760 810 1082 865 veritatem:
1124 830 1142 863 ι
1197 829 1303 866 non
1335 815 1477 868 enim
1523 832 1589 870 ex
1637 834 1694 872 se
1744 819 2013 886 loquetur,

447 919 464 949 ι
511 905 604 952 sed
634 915 974 971 quaecunque
1019 903 1201 957 audiet
1232 905 1506 973 loquetur,
1538 918 1591 962 et
1637 925 1758 977 quae
1790 920 2015 964 ventura

447 1009 465 1039 ι
508 999 658 1055 sunt,
691 993 1040 1048 annuntiabit
1074 995 1248 1049 vobis.
1279 995 1376 1049 Ille
1404 1014 1485 1051 me
1506 999 1846 1067 gloriﬁcabit,
1886 1001 2012 1070 quia

448 1102 465 1130 ι
520 1083 584 1135 de
605 1097 724 1136 meo
758 1084 1008 1153 accipiet,
1047 1095 1100 1139 et
1131 1088 1476 1141 a‘nnuntiabit
1537 1091 1690 1144 vobis
1714 1092 1781 1144 ³⁷.
1823 1110 1841 1140 ι
1902 1091 2016 1143 Λιι-

448 1191 465 1220 c
519 1187 626 1226 non
656 1173 752 1226 tibi
777 1175 886 1242 jam
921 1185 1070 1244 patet
1099 1179 1241 1246 quod
1273 1188 1429 1234 antea
1483 1181 1704 1236 allatum
1758 1192 1843 1236 est
1896 1182 2013 1236 elo-

446 1283 463 1308 σ
513 1264 747 1333 quium?
795 1265 961 1321 Vides
1020 1267 1283 1338 Spiritum
1370 1273 1612 1329 veritatis
1646 1276 2012 1328 ‘Paracletum

444 1373 462 1404 ι
516 1359 898 1426 nuncupasse?
929 1359 986 1413 Id
1022 1376 1150 1414 vero
1171 1362 1584 1432 insinuat,§cum
1618 1379 1682 1418 ex
1712 1363 1869 1418 Patre
1891 1379 2018 1434 pro-

444 1462 466 1494 ι
518 1446 694 1513 gredi,
736 1463 1078 1521 quaecunque
1126 1452 1304 1508 Patris
1335 1463 1481 1509 sunt.
1513 1455 1614 1512 sibi
1651 1457 1866 1527 propria
1894 1471 2015 1513 esse

445 1553 466 1588 ι
511 1538 886 1596 manifestans.
921 1561 940 1594 ι

1023 1638 1447 1694 Animadversio.

516 1741 536 1774 ι
578 1723 679 1778 Hic
717 1741 908 1780 rursus
970 1726 1209 1797 Spiritus
1267 1733 1707 1801 progressionem
1750 1751 1817 1790 ex
1854 1736 2014 1792 Patre

448 1831 468 1864 ι
513 1813 670 1869 docet
701 1832 715 1868 :
746 1820 1019 1887 proprium
1055 1836 1185 1876 vero
1218 1797 1452 1875 illum‘et
1483 1821 1605 1878 Filii
1629 1826 1843 1890 asserit,
1870 1826 2012 1896 quod
2046 1797 2089 1852 Β

445 1922 464 1955 ι
512 1907 672 1962 unius
701 1907 1058 1979 ejusdemque
1091 1925 1213 1966 cum
1251 1912 1342 1966 illo
1373 1920 1580 1968 naturae
1609 1923 1714 1970 est.
1756 1933 1774 1966 ι

1140 2098 1434 2169 Refutatio.

510 2205 981 2272 Quemadmodum
1022 2223 1189 2267 antea
1243 2216 1450 2284 digesta
1497 2217 1754 2285 pericope
1797 2227 2015 2287 propter

438 2297 774 2355 identitatem
810 2302 1092 2358 etl‘usionis
1123 2313 1176 2359 et
1205 2307 1570 2374 processiouis
1596 2309 1919 2363 ostendebat
1945 2324 2014 2363 ex

438 2391 599 2447 Patre
628 2401 682 2448 et
716 2392 854 2449 Filio
879 2411 1000 2450 esse
1047 2396 1309 2467 Spiritum
1341 2417 1355 2452 :
1390 2402 1590 2455 etenim
1656 2401 1701 2455 si
1733 2401 1874 2456 idem
1931 2411 2014 2456 est

437 2485 494 2541 in
543 2487 701 2543 Patre
752 2490 956 2546 eﬁundi
1010 2495 1418 2564 et‘procedere.
1454 2512 1624 2565 quare
1660 2513 1767 2551 non
1801 2500 1903 2552 erit
1947 2513 2014 2552 ex

442 2591 682 2648 utroque
729 2584 872 2652 quod
909 2599 977 2638 ex
1037 2596 1267 2656 utroque
1299 2587 1636 2642 effunditur?
1668 2589 1790 2644 Pari
1851 2591 2012 2644 modo

436 2681 514 2735 et,
549 2688 670 2742 qua:
710 2691 856 2729 nunc
883 2676 1045 2730 allata
1082 2686 1186 2743 est,
1220 2679 1322 2734 hoc
1369 2680 1511 2733 idem
1545 2690 1832 2748 monstrat,
1885 2697 2009 2735 cum

436 2764 579 2818 enim
603 2776 824 2822 sanctus
855 2770 1200 2837 interrogans
1231 2773 1375 2825 dicat
1408 2787 1420 2822 :
1454 2771 1592 2825 Num
1621 2773 1803 2829 vidisti
1840 2773 2014 2843 Spiri-

437 2868 553 2912 tum
589 2860 838 2915 veritatis
870 2860 1214 2916 Paracletum
1247 2866 1636 2934 nuncupasse?
1680 2865 1736 2920 Id
1771 2882 1898 2920 vero
1932 2868 2013 2922 in-

436 2951 636 3012 sinuat,
666 2966 788 3005 cum
822 2952 898 3004 ait
926 2968 1051 3007 eum
1083 2970 1146 3007 ex
1188 2954 1348 3010 Patre
1380 2957 1652 3026 progredi.
1685 2957 1838 3024 Quod
1863 2960 2009 3013 enim

439 3042 688 3097 Salvator
743 3046 1042 3113 procedere,
1106 3047 1354 3116 progredi
1400 3057 1624 3104 sanctus
1685 3051 2007 3117 nominavit,

2129 572 2146 604 ι
2186 555 2391 624 λέγεινι
2425 559 2541 613 ἀλλ’
2563 561 2623 614 οὐ
2657 563 2884 616 δύνασθε
2917 564 3206 636 βαστάζειν
3232 569 3377 634 ἄρτι.
3427 567 3596 620 Ὅταν
3633 567 3691 619 δέ

2126 661 2145 694 ι
2185 644 2312 716 ἔλθῃ
2348 649 2553 710 ἐκεῖνος
2587 653 2614 703 ό
2644 653 3003 725 Παράκλητος
3043 657 3102 707 τὸ
3145 657 3367 724 Πνεῦμα
3412 659 3512 725 τῆς
3560 657 3696 725 ἀλη-

2125 756 2143 787 ι
2187 737 2357 803 θείας,
2395 741 2652 810 ὁδηγήσει
2706 746 2850 814 ὑμᾶς
2906 749 2983 808 εἰς
3035 751 3215 801 πᾶσαν
3260 749 3359 819 τὴν
3407 749 3695 818 ἀλήθειαν.

2125 845 2143 879 ι
2187 830 2261 882 Οὐ
2303 832 2413 901 γὰρ
2447 833 2671 902 λαλήσει
2719 835 2814 904 ἀφ’
2845 838 3060 903 ἑαυτοῦ,
3109 838 3223 892 ἀλλ’
3262 841 3362 892 ὅσα
3389 839 3454 891 ἂν
3481 840 3694 911 ἀκούσῃ

2125 938 2143 971 ι
2185 921 2434 990 λαλήσει,
2474 927 2569 978 καὶ
2601 927 2667 980 τὰ
2689 929 2959 997 ἐρχόμενα
2992 931 3288 997 ἀναγγελεῖ
3321 932 3470 997 ὑμῖν.
3517 929 3694 984 Ἐκεῖ-

2124 1029 2142 1064 ι
2184 1031 2272 1071 νος
2303 1016 2401 1083 ἐμὲ
2451 1017 2686 1084 δοξάσει,
2738 1021 2819 1072 ὅτι
2862 1023 2925 1072 ἐκ
2968 1021 3062 1072 τοῦ
3118 1021 3254 1090 ἐμοῦ
3309 1021 3563 1090 λήψεται,
3600 1027 3699 1076 καὶ

2123 1125 2142 1156 ι
2185 1107 2636 1180 ἁναγγελείὐμῖν,
2667 1129 2686 1161 ι
2714 1105 2860 1183 *Αρά
2883 1130 2964 1165 σοι
2992 1115 3161 1180 σαφὲς
3199 1115 3258 1165 τὸ
3284 1115 3576 1182 παροισθέν
3608 1132 3698 1168 σοι

2123 1216 2142 1248 ι
2184 1197 2401 1264 λόγιον;
2443 1202 2552 1253 Καὶ
2585 1203 2983 1273 προσδεδορκας
3014 1205 3094 1257 ὅτι
3144 1205 3367 1272 Πνεῦμα
3413 1205 3510 1273 μὲν
3553 1206 3702 1274 ἀλη-

2125 1309 2143 1341 ι
2185 1290 2333 1353 θείας
2363 1294 2722 1363 κατωνόμασε
2751 1295 2841 1347 τὸν
2876 1296 3234 1365 Παράκλητον
3263 1312 3277 1359 ;
3317 1297 3460 1378 Ἔφη
3491 1314 3553 1365 γε
3582 1297 3701 1368 μὴν
3813 1313 3817 1316 '

2125 1399 2142 1433 ι
2184 1382 2258 1444 ὡς
2284 1384 2565 1454 πρόσεισιν
2591 1385 2654 1437 ἐκ
2679 1387 2912 1455 Πατρός,
2952 1386 3061 1440 ἴδια
3103 1387 3282 1439 πάντα
3319 1385 3532 1450 δεικνὺς
3561 1388 3700 1440 ἐαυ-

2125 1495 2143 1525 ι
2184 1474 2276 1527 τοῦ
2301 1476 2366 1528 τὰ
2392 1476 2487 1530 τοῦ
2519 1478 2754 1545 Πατρός.
2792 1498 2811 1531 ι
2837 1494 2846 1547 ,'

2201 1729 2210 1742 ι
2719 1669 3094 1722 Ἐπιστασία.

2193 1743 2209 1806 ἆ
2259 1753 2521 1808 Ἐνταῦθα
2545 1754 2599 1808 δέ
2630 1755 2794 1809 πάλιν
2823 1758 2922 1827 τὴν
2944 1758 3169 1829 πρόοδον
3197 1756 3295 1828 μέν
3319 1753 3409 1812 τοῦ
3441 1757 3698 1827 Πνεῦμα-

2127 1867 2146 1900 ι
2183 1866 2274 1911 τος
2303 1848 2544 1902 διδάσκει
2581 1850 2644 1902 ἐκ
2676 1848 2767 1901 τοῦ
2801 1850 3033 1920 Πατρὺς,
3085 1852 3215 1904 ἴδιον
3253 1850 3310 1903 δέ
3362 1851 3496 1905 αὐτὸ
3539 1851 3693 1920 λέγει

2125 1959 2144 1992 ι
2184 1942 2276 1993 καὶ
2319 1939 2414 1993 τοῦ
2465 1939 2598 1993 Υἱοῦ
2645 1941 2733 1995 διὰ
2776 1941 2836 1994 τὸ
2886 1943 3017 2011 μιᾶς
3075 1945 3170 1997 καὶ
3223 1943 3324 2012 τῆς
3351 1942 3524 2012 αὐτῆς
3550 1940 3690 1997 εῖναι

2125 2049 2143 2082 ι
2185 2031 2416 2100 φύσεως.
2467 2051 2486 2084 ο

2716 2112 3104 2194 Ἀντίῤῥησις.

2191 2243 2403 2307 Ὠσπερ
2439 2243 2472 2310 ἡ
2507 2241 2880 2312 προρῤηθεῖσα
2927 2240 3202 2310 περικοπή
3247 2240 3334 2294 διὰ
3366 2241 3467 2310 τῆς
3499 2242 3693 2294 ταυτό-

2115 2351 2277 2402 τητος
2314 2332 2406 2386 τοῦ
2461 2333 2780 2404 προχεῖσθαι
2827 2335 2921 2387 καὶ
2999 2331 3393 2402 ἐκπορεύεσθαι
3453 2331 3691 2385 ἐδείκνυε

2115 2427 2177 2478 τὸ
2211 2427 2275 2478 ἐκ
2322 2426 2536 2494 Πατρὸς
2593 2426 2687 2477 καὶ
2741 2422 2873 2476 Υῑοῦ
2927 2420 3067 2476 εἶναι
3114 2423 3174 2474 τὸ
3209 2420 3454 2490 Πνεῦμα·
3499 2423 3547 2472 εἰ
3584 2422 3690 2489 γὰρ

2116 2517 2312 2569 ταυτὸν
2342 2517 2432 2567 ἐπὶ
2465 2515 2559 2568 τοῦ
2619 2514 2935 2583 Πνεύματος
2986 2514 3046 2565 τὸ
3080 2512 3400 2582 προχεῖσθαι
3448 2512 3553 2562 καὶ·
3595 2512 3689 2562 ἐκ-

2117 2607 2463 2679 πορεύεσθαι,
2524 2608 2641 2668 πῶς
2695 2605 2916 2671 οὐκίέξ
2945 2607 3147 2674 ἀμφοῖν
3209 2605 3268 2657 τὸ
3324 2603 3691 2674 προχεόμενον

2116 2702 2176 2766 ἐξ
2206 2702 2408 2770 ἀμφοῖν
2430 2718 2442 2765 ;
2463 2699 2606 2753 οὕτω
2670 2701 2765 2752 καὶ
2796 2701 2828 2769 ἠ
2861 2699 2955 2752 νῦν
2989 2697 3216 2769 ῥηθεῖσα
3246 2694 3520 2765 περικοπὴ
3551 2697 3691 2746 ἀπο-

2115 2795 2348 2848 δεικνύει
2380 2795 2439 2846 τὸ
2469 2793 2620 2855 αὐτὸ,
2653 2793 2746 2845 τοῦ
2777 2791 2933 2858 ἁγίου
2965 2791 3085 2843 κατ’
3117 2787 3386 2857 ἐρώτησιν
3407 2785 3683 2854 λέγοντος,

2114 2883 2261 2959 Ἀρα
2289 2887 2706 2958 προσδέδορκας,
2739 2884 2820 2937 ὅτι
2854 2883 3078 2949 Πνεῦμα
3103 2882 3201 2952 μὲν
3219 2881 3477 2950 ἀληθείας
3512 2897 3690 2933 κατω·
3715 2909 3720 2913 -

2112 2981 2320 3050 νόμασε
2369 2980 2458 3033 τὸν
2497 2978 2884 3048 Παράκλητον;
2921 2977 3063 3045 Ἔφη
3094 2990 3158 3042 γε
3185 2973 3288 3044 μὴν
3324 2973 3400 3035 ὡς
3445 2974 3690 3042 πρόεισιν

2114 3073 2178 3126 ἐκ
2209 3072 2438 3138 Πατρός.
2461 3072 2526 3123 Ὃ
2555 3070 2661 3139 γὰρ
2681 3069 3084 3136 ἐκπορεύεται,
3113 3069 3140 3118 ό
3166 3065 3355 3134 Σωτὴρ
3387 3063 3516 3132 ἐφη,
3542 3067 3689 3131 πρό-

438 3133 648 3188 nullum
679 3135 819 3189 inter
843 3135 1008 3190 hasce
1043 3137 1313 3193 dictiones
1349 3140 1643 3194 discrimen
1681 3156 2002 3212 agnoscens.

2129 3179 2267 3218 uo'w
2296 3133 2338 3215 ό-
2354 3162 2507 3230 ἅγιος
2537 3133 2682 3224 eius,
2720 3133 2886 3230 μηδέν
2915 3157 3159 3226 οἰόμενος
3191 3133 3473 3226 διαφέρειν
3526 3157 3689 3226 ἀλλή-

438 3344 523 3416 Ea:
552 3346 731 3414 eodem
763 3345 832 3399 ad
867 3343 1144 3400 Hermiam
1186 3355 1417 3402 tractatu
1457 3349 1522 3404 de
1547 3349 1756 3421 Spiritu
1781 3353 2010 3410 'sanctu.

507 3533 715 3601 XCVII.
755 3553 774 3598 ι
798 3536 876 3591 Ita
898 3547 1000 3600 est,
1030 3535 1108 3593 ait
1134 3556 1148 3592 :
1177 3538 1344 3594 Deum
1376 3542 1698 3611 agnovimus
1724 3541 1934 3599 Patrem
1959 3555 2016 3600 et

444 3649 462 3679 ι
509 3626 729 3692 Filium,
775 3635 831 3682 at
862 3643 968 3682 non
1014 3628 1143 3684 item
1190 3628 1472 3699 Spiritum.
1507 3630 1707 3688 Verum
1755 3650 1854 3689 nos
1904 3651 2011 3689 non

446 3740 465 3769 ‹
524 3720 670 3784 illos,
705 3720 797 3788 qui
830 3729 1013 3774 mente
1045 3721 1302 3775 excaecati
1336 3730 1489 3788 sunt,
1528 3723 1582 3777 in
1614 3724 1850 3779 medium
1883 3725 2014 3780 aﬂ‘e-

442 3832 458 3862 ι
523 3826 729 3884 remus.
754 3808 869 3864 Non
888 3811 1034 3866 enim
1072 3811 1362 3880 spiritibus
1389 3814 1699 3878 erronibus,
1762 3823 1824 3870 ut
1873 3814 2015 3870 Scri-

443 3926 460 3954 α
509 3915 666 3974 ptura
713 3904 807 3966 ait,
837 3904 1202 3969 attendemus,
1226 3906 1426 3961 {inesse
1455 3922 1585 3962 vero
1634 3908 1838 3979 potius,
1873 3921 1928 3964 et
1958 3911 2010 3963 i'n

445 4015 462 4045 ι
520 3995 630 4052 Deo
653 3996 919 4050 exsistere
941 3995 1592 4067 essentialiterﬁpiritum
1621 4008 1869 4054 sanctum
1891 4014 2012 4054 cre-

445 4109 462 4140 ι
509 4089 725 4153 demus,
767 4087 1228 4156 quemadmodum
1261 4098 1316 4143 et
1357 4090 1411 4143 in
1443 4090 1658 4145 homine
1692 4091 2012 4154 humanum.

440 4200 459 4230 σ
515 4179 580 4249 Et
635 4180 1089 4249 quemadmodum
1153 4181 1196 4236 si
1259 4183 1384 4252 quis
1431 4183 1588 4251 nobis
1627 4192 1721 4240 aut
1773 4185 2012 4250 Petrum,

448 4290 464 4320 ι
512 4268 886 4335 autJoannem
924 4270 1061 4326 forte
1109 4273 1491 4340 nominaverit,
1524 4289 1630 4340 una
1680 4275 1842 4328 simul
1887 4290 2012 4330 cum

443 4382 460 4412 ι
511 4362 643 4432 ipsis
673 4371 726 4417 et
757 4363 1008 4432 spiritum
1065 4377 1253 4416 eorum
1288 4365 1594 4433 proprium,
1634 4365 1728 4432 qui
1792 4365 1845 4420 in
1903 4366 2014 4421 illis

2114 3259 2223 3312 λων
2253 3257 2425 3310 ταῦτα
2462 3254 2534 3307 τὰ
2570 3255 2815 3325 ῥήματα.

2119 3365 2233 3420 Τοῦ
2259 3365 2448 3420 αὐτοῦ
2476 3364 2546 3417 ἐκ
2577 3364 2685 3416 τοῦ
2712 3362 2782 3416 ἐν
2808 3363 2884 3430 τῇ
2910 3362 3060 3430 πρὸς
3100 3361 3377 3430 Ἑρμείαν
3418 3373 3688 3428 πραγμα-

2253 3439 2382 3504 τείᾳ
2411 3433 2545 3503 περὶ
2594 3432 2700 3487 τοῦ
2738 3435 2912 3503 ἁγίου
2948 3435 3294 3502 Πνεύματος
3335 3433 3545 3500 λόγου.

2185 3543 2296 3612 ἱιΖ’.
2338 3564 2356 3596 ι
2395 3545 2523 3607 Ναὶ,
2598 3545 2754 3615 φησὶ,
2790 3543 2925 3597 Θεὸν
2973 3543 3296 3611 ἐγνώκαμεν
3345 3541 3436 3593 τὸν
3469 3539 3690 3608 Πατέρα

2121 3657 2138 3689 ι
2184 3636 2398 3690 καὶτὸν
2429 3637 2591 3690 Υἱόν·
2639 3637 2758 3707 οὐχὶ
2801 3635 2858 3689 δέ
2904 3635 2968 3706 δὴ
3011 3635 3106 3689 καὶ
3153 3633 3216 3686 τὸ
3249 3632 3495 3702 Πνεῦμα.
3547 3631 3688 3683 Ἀλλ’

2121 3752 2140 3785 ι
2185 3731 2246 3784 οὐ
2292 3733 2405 3795 τοῖς
2434 3730 2743 3800 διεφθορόσι
2791 3729 2882 3783 τὸν
2946 3729 3082 3782 ῐδιον
3137 3725 3264 3780 νοῦν
3303 3725 3686 3796 μυσταγωγοῖς

2121 3844 2139 3877 ι
2188 3823 2524 3896 χρησόμεθα.
2548 3821 2891 3891 Προσέξομεν
2907 3820 2963 3874 δέ
3003 3821 3127 3890 οὐχὶ
3154 3817 3426 3888 πνεύμασι
3469 3816 3690 3878 πλάνοις

2121 3937 2139 3970 ι
2193 3918 2336 3971 κατά
2381 3917 2481 3980 τὰς
2532 3916 2788 3987 Γραφάςο
2824 3915 3025 3968 ἐνεῖναι
3079 3912 3136 3965 δέ
3181 3911 3382 3982 μᾶλλον
3416 3909 3512 3963 καὶ
3563 3910 3688 3960 ὲνυο

2121 4030 2140 4064 ι
2187 4010 2421 4080 πάρχειν
2442 4007 2717 4072 οὐσιωδῶς
2740 4005 3104 4074 πιστεύσομεν
3129 4001 3208 4073 τῷ
3223 4001 3342 4071 Θεῷ
3369 4000 3429 4054 τὸ
3463 3997 3689 4066 Πνεῦμα

2123 4122 2142 4157 ι
2188 4102 2250 4154 τὸ
2297 4103 2475 4169 ἅγιον,
2538 4099 2682 4152 καθά
2719 4097 2815 4152 καὶ
2871 4095 3148 4166 ἀνθρώπῳ
3203 4093 3264 4146 τὸ
3320 4091 3685 4163 ἀνθρώπινον.

2122 4213 2140 4246 ι
2183 4193 2294 4247 Καὶ
2329 4191 2518 4261 ὥσπερ
2545 4189 2600 4243 εἴ
2636 4207 2721 4253 τις
2754 4189 2788 4260 ἢ
2816 4189 3022 4260 Πέτρον
3050 4188 3182 4257 ἡμῖν
3212 4184 3246 4256 ἢ
3292 4183 3546 4253 Ἰωάννην
3569 4181 3688 4236 ὀνο-

2123 4303 2143 4338 ι
2192 4284 2354 4353 μάσοι
2408 4282 2593 4352 τυχὸν,
2651 4279 2995 4352 συνεσήμανέ
3056 4295 3159 4332 που
3220 4276 3404 4338 αὐτοῖς
3460 4274 3560 4327 καὶ
3623 4273 3683 4326 τὺ

2122 4394 2141 4426 ι
2187 4375 2322 4428 ῐδιον
2362 4373 2564 4437 αὐτῶν,
2597 4375 2692 4426 καὶ
2724 4374 2782 4425 ἐν
2809 4373 2992 4434 αὐτοῖς
3027 4369 3268 4439 πνεῦμα,
3300 4367 3394 4421 καὶ
3430 4365 3525 4419 τοῦ
3557 4382 3688 4419 παν-

442 4471 462 4514 ι
513 4461 614 4517 est,
648 4453 928 4520 indicavit,
979 4466 1031 4507 et
1063 4453 1330 4524 integrum
1363 4455 1566 4509 animal
1598 4465 2009 4524 commonstrat,

2129 4488 2142 4520 r
2188 4467 2278 4531 τὸς
2335 4465 2478 4531 ζώου
2539 4467 2775 4518 ποιεῖται
2823 4463 2921 4533 τὴν
2959 4461 3212 4532 δήλωσιν,
3266 4459 3362 4512 καὶ
3400 4457 3493 4510 τὸν
3527 4456 3688 4510 αὐτὸν
3752 4501 3762 4522 ,

441 4563 460 4595 ι
515 4547 699 4615 eadem
722 4548 916 4615 Opinor
952 4544 1163 4600 ratione
1195 4545 1446 4613 de’_Patre
1480 4557 1535 4602 et
1567 4545 1705 4601 Filio
1739 4549 2013 4622 disseren-

2127 4577 2144 4618 ι
2189 4553 2342 4627 οἶμαι
2370 4557 2569 4626 τρόπον
2601 4555 2692 4606 ἐπὶ
2723 4553 2818 4607 τοῦ
2859 4552 3071 4621 Πατρδς
3103 4551 3196 4608 καὶ
3223 4550 3316 4605 τοῦ
3343 4547 3497 4603 Υἱοῦ.
3554 4547 3689 4614 Συγ-

444 4658 463 4690 ι
514 4639 642 4695 dum
702 4647 786 4701 est
814 4657 829 4693 :
861 4638 1026 4693 simul
1057 4639 1201 4692 enim
1249 4655 1373 4694 cum
1422 4655 1758 4711 unoquoque
1789 4659 1851 4697 ex
1887 4643 2018 4713 ipsis

2129 4669 2146 4713 ι
2190 4650 2663 4720 κατασημαίνεται
2712 4647 2821 4717 γὰρ
2864 4645 3111 4714 ἐκατέρῳ
3176 4643 3236 4696 τὸ
3295 4641 3540 4713 Πνεῦμα,
3596 4639 3688 4693 καὶ

441 4749 462 4783 ι
511 4739 567 4798 et
597 4731 823 4800 spiritus
846 4731 1139 4796 indicatur,
1177 4747 1283 4787 non
1317 4742 1576 4803 tanquam
1603 4734 1748 4789 illius
1773 4738 2017 4804 pars,1uti

2125 4761 2143 4794 ι
2189 4743 2287 4811 οὐχ
2318 4742 2392 4804 ὡς
2430 4741 2596 4810 μέρος
2631 4738 2692 4794 ὃν
2729 4737 2922 4803 αὐτοῦ,
2955 4735 3098 4791 καθά
3121 4735 3215 4816 καὶ
3246 4733 3334 4788 ἐπ’
3384 4732 3687 4805 ἀνθρώπων
3747 4764 3756 4770 -

444 4845 464 4878 ι
511 4825 570 4883 in
598 4824 912 4894 hominibus
957 4827 1324 4895 concipimus.
1379 4823 1644 4884 Subsistit
1687 4827 1832 4881 enim
1893 4844 2018 4897 pro-

2129 4853 2142 4884 '
2190 4833 2440 4903 νοοῦμενο
2493 4832 2800 4901 Ὑφέστηκε
2853 4828 2963 4900 γὰρ
3029 4827 3234 4891 ἰδικῶς,
3287 4827 3384 4880 καὶ
3453 4827 3680 4894 προΐησι
3741 4819 3754 4853 θ·

441 4936 460 4968 ι
517 4917 656 4985 prie,
685 4925 740 4972 et
771 4919 1116 4988 progreditur
1143 4934 1208 4972 ex
1251 4918 1466 4986 propria
1519 4927 1735 4990 natura,
1763 4920 2016 4989 suppedi-

441 5032 462 5065 ι
515 5020 594 5074 tat
620 5026 750 5073 vero
780 5012 959 5080 dignis
987 5023 1042 5070 et
1072 5011 1187 5080 ipse
1217 5010 1408 5066 Filius.
1452 5030 1470 5062 ι

1007 5125 1432 5179 Animadversio.

509 5237 531 5273 ι
578 5219 783 5276 Discito
811 5235 875 5274 ex
907 5219 992 5273 bis
1010 5233 1229 5289 quoque
1257 5235 1286 5270 ιι
1304 5217 1462 5277 Patre
1490 5218 1708 5288 quidem
1742 5217 2004 5289 Spiritum

441 5333 462 5368 ι
519 5311 794 5385 progredi,
829 5327 860 5366 a
883 5309 1024 5365 Filio
1052 5325 1183 5365 vero
1214 5311 1570 5378 suppeditari.
1607 5330 1624 5361 ι

1085 5423 1375 5492 ΒεῙαιαιὶο.

510 5519 568 5574 Si
594 5533 703 5574 non
740 5516 1012 5572 invenires
1040 5517 1344 5573 innumeris
1381 5533 1548 5588 prope
1601 5517 2011 5588 Scripturarum

439 5613 576 5674 locis
622 5625 654 5664 a
685 5609 826 5666 Filio
855 5609 1115 5680 Spiritum
1169 5611 1441 5696 progredi,
1494 5619 1618 5681 apte
1681 5613 1897 5680 quidem
1933 5612 2008 5666 di-

2123 4946 2141 4980 ι
2192 4928 2290 4998 μὲν
2319 4927 2376 4993 ἐξ
2427 4927 2563 4990 ιδίας
2611 4926 2746 4979 αὐτὸ
2797 4923 3071 4996 φύσεωςό
3101 4920 3313 4991 Πατὴρ,
3371 4915 3683 4990 χορηγεῐδὲ

2121 5040 2138 5074 ι
2184 5023 2296 5083 τοῖς
2329 5018 2501 5085 ἀξίοις
2545 5019 2642 5074 καὶ
2673 5018 2835 5080 αὐτὸς
2866 5019 2894 5068 ό
2925 5014 3072 5082 Υἱός.
3115 5033 3134 5066 ι

2719 5133 3094 5188 Ἐπιστασία.

2196 5245 2214 5280 ι
2257 5189 2516 5281 Μάνθανε
2573 5226 2853 5286 κάνταῦθα
2893 5225 3152 5296 προϊέντα
3211 5222 3308 5292 μὲν
3365 5220 3425 5274 τὸ
3456 5217 3681 5292 Πνεῦμα

2117 5337 2136 5372 ι
2183 5320 2272 5373 τὸν
2304 5319 2543 5391 Πατέρα,
2577 5320 2921 5390 χορηγοῦντα
2957 5317 3016 5371 δέ
3041 5317 3132 5370 τὸν
3153 5315 3302 5370 Υἱόν.
3342 5333 3362 5365 ι

2689 5433 3074 5502 Ἀντίρρησις.

2186 5526 2249 5578 El
2285 5526 2382 5596 μὲν
2420 5525 2496 5596 μὴ
2527 5520 2686 5595 εὗρες
2729 5523 2999 5595 μυριαχοῦ
3035 5523 3134 5591 τῆς
3159 5518 3382 5590 Γραφῆς
3441 5517 3535 5570 καὶ
3588 5513 3676 5567 τὸν

2115 5619 2244 5672 Υἱὺν
2275 5619 2535 5689 προϊέντα
2565 5619 2625 5672 τὸ
2656 5617 2902 5689 Πνεῦμα,
2936 5615 3119 5679 καλῶς
3147 5613 3213 5668 ἂν
3245 5607 3434 5665 ἐποιοῦ
3467 5609 3676 5662 διαστο-

529 5796 573 5840 .“
596 5793 750 5854 Joan.
786 5812 896 5862 xw,
934 5796 1018 5850 12.
1054 5796 1100 5829 "
1125 5796 1257 5852 ibid.
1289 5811 1377 5862 xv,
1405 5796 1493 5851 26.
1574 5795 1618 5828 ’7
1641 5795 1769 5852 ibid.
1808 5812 1924 5866 xvi,
1956 5797 2023 5854 I5
2049 5811 2169 5869 sqq.
