3958 6392
471 352 576 417 539
1493 361 1707 423 ΙΟᾹΝ.
1752 365 1965 424 VECCI
2002 365 2043 423 C

2165 365 2665 425 PATRIARCILE
3609 375 3716 437 540

481 477 498 510 ι
540 475 648 529 qua
674 476 772 517 nos
805 463 1121 532 premimur,
1143 466 1435 530 obnoxius,
1472 476 1566 523 seti
1600 476 1675 524 uti
1706 488 1899 527 natura
1924 474 2052 527 liber

2165 491 2183 525 ι
2229 475 2381 545 ὑμῖν,
2413 476 2511 546 οὑχ
2568 478 2646 541 ὡς
2673 476 2879 547 κτίσμα
2923 481 3015 533 καὶ
3067 482 3314 552 γενητὸν,
3366 486 3461 539 καὶ
3502 486 3725 558 δουλείᾳ

480 572 499 601 ‹
546 560 600 604 et
626 552 795 621 ipsius
824 555 1063 608 veritatis
1092 554 1330 624 Spiritus
1349 561 1639 626 exsistens,
1665 564 1914 633 quinimo
1936 566 2051 633 ipsa

2165 582 2183 616 r
2224 569 2290 636 τῇ
2324 567 2446 620 καθ’
2475 570 2624 638 ἡμᾶς
2655 570 2989 640 ἐνεχόμενον,
3014 573 3129 627 ἀλλ’
3160 574 3235 637 ὡς
3263 576 3549 645 ἐλεύθερον
3576 552 3725 632 κατα

481 661 499 690 ι
545 644 839 694 secundum
863 644 1121 698 unitatem
1148 660 1269 699 cum
1294 644 1436 703 Filio
1462 652 1686 715 veritas,
1710 662 1770 706 ut
1801 653 2049 724 Scriptu-

480 750 499 780 ο
553 747 624 784 rae
650 734 885 797 tradunt,
917 734 1118 790 veritas
1169 752 1301 792 vero
1329 737 1583 797 Christus
1612 745 1728 797 est?
1768 745 1904 813 Erga
1961 745 2054 800 Fi-

483 837 502 868 ι
549 818 681 872 litim
717 820 885 887 igitur
928 823 1194 877 natutalis
1248 824 1524 896 identitas,
1577 828 1837 899 Spiritum
1880 830 2050 886 Deum

478 929 494 957 ι
550 925 671 964 esse
703 911 767 963 ad
805 923 1051 967 nostram
1089 917 1471 975 certitudinem
1528 930 1582 976 et
1625 924 2052 979 demonstratio-

480 1018 498 1050 σ
546 1015 670 1055 nem
696 1004 830 1059 satis
865 1019 1143 1075 superque
1179 1016 1285 1063 est.
1326 1028 1346 1061 ι

1046 1190 1473 1253 Αηὶιηαάυεηεο.

557 1294 577 1327 ε
609 1276 860 1333 Praesens
900 1281 1160 1352 pericope
1216 1285 1479 1352 insinuat,
1533 1288 1794 1360 Spiritum
1831 1291 2048 1360 quidem

481 1385 501 1418 ι
546 1370 843 1437 procedere
870 1386 935 1424 ex
966 1372 1151 1437 Patre,
1171 1389 1294 1430 esse
1348 1392 1480 1433 vero
1505 1389 1559 1434 et
1601 1382 1844 1438 veritatis
1879 1383 2053 1455 Spiri-

480 1477 503 1510 ι
550 1468 689 1526 tum,
725 1462 840 1517 sive
862 1460 987 1518 Filii
1019 1477 1244 1536 propter
1268 1470 1519 1525 eamdem
1556 1480 1829 1530 naturam.
1868 1493 1889 1527 ι

1104 1651 1410 1723 Refutatio.

543 1736 665 1792 Non
711 1738 800 1795 hic
847 1755 878 1795 a
922 1750 1118 1799 sancto
1144 1747 1429 1813 quaeritur,
1462 1748 1643 1815 Quare
1692 1750 1927 1822 Spiritus
1959 1772 2050 1813 re-

474 1830 652 1886 ritatis
706 1830 945 1901 Spiritus
992 1835 1233 1901 dicatur,
1291 1845 1350 1892 ιιι
1398 1840 1496 1893 tibi
1550 1841 1786 1898 facultas
1841 1845 1934 1900 [lat
1963 1848 2051 1901 di-

473 1923 654 1988 cendi,
686 1936 1012 1992 praesentem
1045 1928 1246 1981 docere
1293 1930 1629 2001 pericnpem,
1670 1934 1821 1988 illum
1872 1936 2051 2007 Spiri-

474 2024 589 2068 tum
630 2030 755 2071 esse
782 2019 1051 2084 veritatis,
1086 2030 1315 2091 propter
1354 2024 1605 2078 eamdem
1635 2034 1912 2083 naturam.
1945 2028 2049 2085 Sed

476 2112 655 2159 totum
719 2110 899 2164 sancti
956 2112 1197 2165 studium
1255 2113 1307 2167 in
1346 2115 1402 2169 id
1447 2117 1661 2180 nititur,
1716 2116 1887 2174 Deum
1929 2136 2051 2177 esse

483 2198 773 2263 Spiritum,
821 2204 965 2270 quod
1019 2204 1107 2259 ille
1164 2215 1250 2260 est
1303 2207 1553 2262 veritatis
1601 2208 1865 2281 Spiritus,
1914 2223 1964 2268 et
2019 2230 2049 2269 a

484 2289 648 2345 Patre
679 2294 944 2362 procedit,
977 2298 1121 2365 quod
1146 2308 1204 2351 et
1229 2299 1545 2371 syllogismo
1580 2306 1877 2371 concludit,
1904 2308 2049 2363 illius

480 2383 743 2450 medium,
767 2389 1395 2445 consubsmutialitatem
1422 2408 1545 2447 cum
1579 2392 1720 2449 Filio
1752 2413 2047 2468 usurpans.

478 2477 636 2531 Ilnnc
680 2479 825 2533 enim
858 2479 911 2533 iu
960 2481 1182 2535 inodum
1233 2496 1457 2539 sanctus
1502 2488 1877 2558 syllogismum
1920 2507 2053 2546 con-

479 2571 670 2625 nectit.
720 2569 1173 2643 Quandoquidem
1220 2574 1461 2645 Spiritus
1492 2582 1764 2643 veritatis,
1798 2599 1926 2654 erga
1957 2585 2052 2640 Fi-

477 2662 611 2714 ltum
676 2666 984 2718 naturalem
1043 2667 1384 2721 identitatem
1430 2670 1679 2737 obtinet,
1738 2690 1865 2743 erga
1919 2691 2051 2731 vero

478 2751 677 2808 Filium
731 2757 1008 2811 naturalis
1052 2757 1312 2814 identitas
1363 2762 1429 2815 ad
1468 2774 1713 2816 nostram
1764 2767 2052 2821 certitudi-

479 2862 603 2901 nem
630 2857 684 2902 et
711 2850 1231 2905 demonstrationem
1266 2853 1399 2907 satis
1433 2866 1710 2924 superque
1733 2866 1839 2918 est.
1872 2856 2049 2927 Spiri-

480 2948 595 2991 tum
635 2955 758 2994 esse
790 2939 990 2994 Deum.
1024 2942 1184 2996 Aliud
1211 2960 1375 3013 porro
1405 2957 1488 3000 est
1516 2948 1570 3000 in
1595 2946 1741 3002 dicta
1775 2950 2047 3019 perieope,

478 3034 566 3085 cui
604 3043 841 3087 mentem
888 3036 1055 3103 ligere
1104 3040 1368 3093 attentius
1401 3038 1690 3095 debueras.
1727 3039 2053 3107 Quodnam?

480 3123 952 3187 Animadvertere,
988 3129 1210 3194 quando
1238 3129 1459 3197 quidem
1492 3126 1661 3183 Deum
1699 3131 1833 3185 dicit
1877 3130 2053 3200 Spiri-

483 3224 596 3267 tum
625 3225 895 3279 sanetum,
926 3219 1055 3285 quia
1088 3218 1178 3272 ille
1226 3228 1309 3274 est
1360 3220 1603 3289 Spiritus
1633 3223 1899 3288 veritatis,
1936 3232 1989 3276 et
2021 3238 2051 3277 a

485 3303 646 3359 Patre
683 3308 948 3374 procedit,
988 3306 1195 3365 dictum
1234 3312 1612 3381 evangelicum
1657 3328 1938 3378 asserens,
1985 3331 2049 3371 ex

486 3394 643 3449 Patre
673 3398 825 3450 illum
854 3400 1171 3467 procedere,
1197 3402 1549 3471 aequipollere
1580 3406 1735 3457 alteri
1763 3407 2052 3470 asserenti,

485 3500 611 3538 cum
642 3485 905 3555 Spiritum
949 3491 1221 3545 veritatis.
1277 3492 1389 3547 Nec
1424 3508 1530 3547 non
1583 3494 1930 3549 considerare
1960 3511 2055 3564 per

484 3580 575 3632 illa
613 3583 800 3635 eadem
839 3585 1007 3647 dicta,
1041 3600 1162 3639 esse
1210 3586 1474 3656 Spiritum
1519 3589 2051 3643 comubstantialcm

484 3666 648 3738 filio,
674 3676 800 3741 quia
834 3674 1068 3743 Spiritus
1098 3674 1222 3739 Filii
1255 3688 1360 3742 est,
1397 3696 1506 3734 non
1544 3689 1726 3734 autem
1755 3681 1884 3750 quia
1917 3674 2053 3734 cori-

484 3765 870 3821 tubseantialis
902 3779 984 3821 est
1019 3765 1179 3831 Filio,
1218 3769 1341 3825 ideo
1370 3767 1633 3839 Spiritum
1660 3770 1780 3826 Filii
1807 3787 1953 3828 esse.

695 3973 779 4027 Ea:
806 3973 1082 4029 duodecim
1127 3977 1389 4046 capitibus
1419 3992 1575 4049 caput
1618 3996 1835 4035 nouum.

555 4138 616 4189 (1.
663 4154 681 4187 ι
720 4136 776 4194 Si
821 4138 948 4209 quis
977 4137 1126 4202 dicit.
1145 4154 1315 4197 unum
1347 4142 1635 4198 Dominum
1678 4140 1865 4201 Jesum
1896 4144 2058 4202 Citri-

488 4249 506 4279 ε
548 4239 693 4285 stum
753 4233 1117 4303 gloriﬁcatum
1195 4248 1317 4289 esse
1378 4252 1408 4289 a
1471 4234 1717 4305 Spiritu,
1791 4246 2054 4308 tanquam

488 4343 506 4372 ‹
546 4326 719 4379 aliena
752 4326 956 4379 virtute
987 4341 1083 4394 per
1114 4325 1268 4381 illum
1323 4340 1506 4394 usum,
1557 4338 1611 4382 et
1659 4332 1938 4399 accepisse
1978 4329 2056 4384 fa-

480 4436 503 4466 4
544 4417 798 4471 cultatetn
834 4419 902 4471 ab
935 4419 1076 4487 ipso,
1125 4428 1183 4473 ut
1229 4421 1444 4486 operari
1489 4431 1675 4489 posset
1707 4431 1901 4477 contra
1948 4422 2054 4476 im-

2160 673 2181 706 ‹
2225 654 2409 724 φύσιν,
2467 660 2560 711 καὶ
2614 660 2788 731 αὐτῆς
2843 662 3091 733 ὑπάρχον
3161 667 3261 734 τῆς
3348 666 3610 738 ἀληθείας
3662 670 3727 722 τὸ

2160 765 2180 799 ‹
2225 748 2474 817 Πνεῦμα,
2504 751 2705 819 μᾶλλον
2729 753 2785 806 δὲ
2817 755 2911 807 καὶ
2935 756 3071 827 αὐτὴ
3094 755 3220 809 καθ’
3250 757 3443 811 ἕνωσιν
3463 761 3567 829 τὴν
3587 760 3726 827 πρὸς

2160 857 2178 889 ι
2223 838 2315 893 τὸν
2361 840 2488 894 Υίὸν
2514 842 2739 905 ἀλήθεια
2785 849 2930 899 κατά
2957 849 3057 907 τὰς
3107 849 3352 919 Γραφάς,
3387 850 3623 919 ἀλήθεια
3668 854 3732 905 δὲ

2159 951 2176 982 ι
2220 931 2249 984 6
2279 933 2550 1002 Χριστός;
2594 935 2659 988 Ἦ
2694 937 2829 1005 πρὸς
2856 938 2948 992 τὸν
2982 941 3105 993 Υίὸν
3132 942 3240 1011 ἄρα
3271 944 3475 1012 φυσικὴ
3528 946 3729 996 ταυτὸ-

2159 1040 2177 1073 ι
2219 1039 2345 1091 της,
2384 1023 2459 1087 ὡς
2484 1026 2571 1096 εἴη
2610 1029 2670 1079 τὸ
2704 1029 2926 1099 Πνεῦμα
2954 1031 3107 1095 Θεὸς,
3162 1033 3380 1103 ἀπόχρη
3415 1034 3555 1104 πρὸς
3587 1036 3731 1089 ἀπό-

2158 1132 2177 1165 ι
2222 1115 2390 1183 δειξιν
2422 1117 2517 1170 καὶ
2541 1117 2914 1190 πληροφορίαν
2945 1124 3096 1192 ἡμῖν.
3135 1142 3156 1175 ι

2775 1213 3158 1270 Ἐπιστασία.

2228 1314 2248 1349 ι
2278 1298 2343 1350 Ἠ
2376 1299 2625 1371 παροῦσα
2670 1302 2910 1357 διδάσκει
2959 1304 3257 1376 περικοπὴ,
3290 1306 3356 1359 ἐκ
3387 1307 3483 1360 τοῦ
3514 1307 3738 1377 Πατιρδς

2160 1405 2179 1438 t
2241 1390 2340 1458 μὲν
2374 1393 2771 1462 ἐκπορεύεσθαι
2811 1397 2873 1447 τὸ
2927 1395 3172 1466 Πνεῦμα.
3206 1394 3346 1451 εῖναι
3373 1398 3431 1453 δὲ
3493 1400 3596 1453 καὶ
3628 1404 3737 1469 τῆς

2160 1498 2180 1532 ι
2227 1482 2491 1553 ἀληθείας
2522 1486 2768 1558 Πνεῦμα,
2818 1488 2941 1559 ἦτοι
2990 1488 3086 1543 τοῦ
3136 1488 3291 1556 Υίοῦ,
3323 1490 3499 1546 διὰτὸ
3525 1494 3735 1563 6510023-

2158 1592 2175 1624 1
2220 1588 2356 1629 σιον.
2392 1594 2413 1629 ›

2756 1671 3142 1742 Ἀντίρῤησις.

2222 1759 2336 1813 Οὐκ
2392 1759 2540 1814 ἔστιν
2579 1762 2812 1818 ἐνταῦθα
2867 1766 2945 1835 τῷ
3005 1767 3144 1839 ἁγίῳ
3192 1768 3225 1838 ἡ
3276 1766 3528 1839 ζήτησις.
3589 1769 3737 1825 διατι

2155 1850 2374 1919 Πνεῦμα
2400 1853 2499 1921 τῆς
2546 1854 2804 1924 ἀληθείας
2835 1856 3056 1925 λέγεται
3085 1859 3146 1911 τὸ
3194 1859 3443 1929 Πνεῦμα,
3497 1861 3587 1914 ἵνα
3649 1880 3733 1917 σοι

2151 1941 2241 1992 ἐπ’
2292 1942 2477 2006 ἀδείας
2529 1944 2684 1999 ἔσται
2733 1949 2910 2003 εἰπεῖν
2961 1950 3058 2017 ὡςΔ
3087 1952 3121 2021 ἡ
3168 1951 3419 2021 παροῦσα
3483 1953 3731 2007 διδάσκει

2152 2034 2450 2105 περικοπῇ,
2481 2031 2620 2088 εἶναι
2649 2037 2785 2091 αὐτὸ
2833 2038 3059 2109 Πνεῦμα
3096 2042 3197 2113 τῆς
3249 2042 3513 2112 ἀληθείας
3554 2044 3725 2099 διὲτο

2149 2123 2455 2189 ὁμοοῦσιον.
2493 2126 2633 2179 Ἀλλ’
2662 2128 2810 2181 ἔστιν
2838 2131 2870 2200 ή
2906 2133 3057 2184 πᾶσα
3092 2130 3295 2201 σπουδὴ
3320 2131 3397 2201 τῷ
3423 2132 3563 2201 ἁγίῳ
3590 2130 3718 2185 Θεὸν

2150 2208 2430 2277 ἀποδεῖξαι
2450 2213 2510 2265 τὸ
2532 2214 2911 2285 Πνεῦμα,·τάπὸ
2932 2220 3029 2271 τοῦ
3052 2221 3320 2290 ὑπάρχειν
3344 2222 3475 2273 αὐτὸ
3503 2221 3728 2292 Πνεῦμα

2152 2302 2251 2371 τῆς
2288 2302 2569 2373 ἀληθείας,
2604 2308 2699 2360 καὶ⁸
2748 2308 2907 2379 παρά
2933 2308 3030 2362 τοῦ
3067 2311 3279 2381 Harpe;
3310 2310 3733 2381 ἐκπορεύεσθαι,

2130 2396 2246 2462 ,καὶ
2291 2397 2630 2452 ἀποδεικνύει
2682 2401 3108 2469 συλλογιστικῶς
3152 2403 3330 2465 τοῦτο,
3378 2402 3457 2465 ὡς
3512 2402 3607 2455 διὰ
3641 2405 3739 2473 μέ-

2154 2504 2248 2542 σου
2282 2491 2434 2560 ὅρου,
2467 2492 2569 2561 τῆς
2603 2491 2740 2561 πρὸς
2770 2492 2865 2545 τὸν
2901 2493 3033 2546 Υίὸν
3062 2495 3480 2562 ὁμοουσιότητος
3525 2494 3695 2548 αὑτοῦ
3718 2535 3733 2549 .

2153 2582 2328 2636 Οίονεὶ
2359 2583 2466 2652 γάρ
2493 2600 2614 2636 τινα
2641 2583 2887 2637 τοιοῦτον
2907 2585 3265 2653 συλλογισμὸν
3287 2587 3323 2638 6
3340 2584 3495 2653 ἅγιος
3517 2584 3729 2651 πλέκει,

2152 2674 2385 2742 ὲπείπερ
2418 2675 2641 2744 Πνεῦμα
2689 2676 2789 2744 τῆς
2822 2675 3076 2747 ἀληθείας
3125 2675 3225 2745 τὴν
3272 2675 3411 2745 πρὸς
3458 2678 3555 2730 τον
3608 2678 3734 2730 Tib»

2156 2766 2392 2836 φυσικὴν
2425 2767 2733 2837 ταυτότητα
2773 2767 2907 2838 ἔχει,
2943 2770 2976 2838 ἡ
3002 2768 3059 2821 δὲ
3092 2767 3229 2838 πρὸς
3255 2768 3350 2820 τὸν
3368 2768 3498 2822 Υίὸν
3528 2771 3733 2839 φυσικὴ

2155 2859 2422 2923 ταυτότης
2472 2861 2687 2931 ἀπόχρη
2723 2863 2856 2931 ἡμῖν
2894 2861 3031 2929 πρὸς
3079 2860 3356 2925 ἀπόδειξιν
3404 2861 3503 2914 καὶ
3534 2861 3736 2931 πληρο-

2156 2951 2349 3022 φορίαν
2373 2954 2468 3003 τοῦ
2527 2952 2659 3005 Θεὸν
2683 2950 2822 3007 εἶναι
2853 2957 2913 3008 τὸ
2946 2954 3190 3022 Πνεῦμα.
3228 2951 3391 3006 Ἀλλο
3412 2953 3470 3005 δέ
3499 2954 3557 3005 τί
3591 2956 3735 3006 ἐστιν
3806 2996 3813 3002 .

2155 3044 2214 3095 ὲν
2269 3045 2334 3113 τῇ
2376 3043 2604 3115 ῥηθείσῃ
2640 3038 2980 3114 περικοπῇᾧ
3009 3044 3313 3113 ὲμὸαθῦναί
3369 3060 3429 3097 σε
3477 3045 3614 3100 εδει.
3672 3046 3733 3097 Τί

2155 3133 2312 3187 τοῦτο
2336 3150 2352 3201 ;
2378 3136 2787 3205 Συνεωρακὲναι
2809 3134 2883 3197 ὡς
2904 3134 3092 3204 ἐπειδὴ
3114 3134 3249 3188 θεὸν
3264 3134 3417 3201 λέγει
3432 3137 3495 3188 τὸ
3512 3134 3731 3204 Πνεῦμα

2155 3226 2216 3279 τὸ
2250 3227 2427 3294 ἆγιον,
2458 3226 2564 3280 ἀπὸ
2591 3227 2686 3280 τοῦ
2727 3222 2868 3280 εἶναι
2899 3226 3031 3278 αὐτὸ
3074 3226 3296 3294 Πνεῦμα
3324 3227 3424 3292 τῆς
3454 3226 3731 3296 ἀληθείας,

2154 3320 2248 3372 καὶ
2283 3321 2434 3390 παρὰ
2491 3317 2586 3371 τοῦ
2648 3319 2859 3386 Πατρδς
2905 3318 3039 3370 αὐτὸ
3086 3317 3507 3387 ἐκπορεύεσθαι,
3563 3321 3734 3371 ἐκεῖνο

2155 3414 2378 3467 δύναται
2435 3414 2467 3483 ἡ
2533 3412 2864 3480 εὐαγγελικὴ
2924 3411 3086 3481 ῥῆσις
3133 3411 3167 3481 ή
3207 3410 3445 3477 λέγουσα
3512 3413 3582 3465 ὲκ
3644 3411 3733 3465 τοῦ

2158 3502 2371 3573 Ila-:96;
2397 3503 2531 3555 αὐτὸ
2557 3500 2970 3570 ἐκπορεύεσθαι,
2994 3501 3133 3571 ὅπερ
3155 3502 3253 3552 καὶ
3285 3501 3319 3570 ή
3344 3500 3583 3568 λέγουσα
3608 3502 3736 3555 αὐτὸ

2158 3596 2383 3664 Πνεῦμα
2414 3594 2514 3665 τῆς
2542 3594 2823 3664 ἀληθείας.
2856 3594 2965 3645 Καὶ
2998 3592 3080 3645 ἔτι
3119 3592 3177 3645 δὲ
3208 3592 3491 3660 σκοπῆσαί
3521 3609 3584 3646 σε
3632 3593 3734 3647 ἔδει

2155 3686 2244 3740 διὰ
2279 3688 2458 3756 μέσων
2491 3685 2600 3738 τῶν
2624 3683 2952 3755 εἰρημένων,
2973 3683 3048 3744 ὡς
3077 3681 3186 3735 ἀπὸ
3208 3681 3303 3734 τοῦ
3343 3677 3485 3735 εἶναι
3512 3683 3737 3753 Πνεῦμα

2157 3776 2311 3837 Υἰοῦ,
2340 3775 2485 3828 ἔστιν
2520 3774 2804 3843 ὁμοοῦσιον
2837 3772 2969 3842 Υίῷ,
2994 3771 3259 3841 οῠμενουν
3298 3770 3410 3825 ἀπὸ
3447 3772 3546 3825 τοῦ
3596 3770 3735 3828 εἶναι

2154 3868 2441 3938 ὀμοούσιον
2475 3868 2589 3937 Υἱῴ
2644 3867 2759 3919 ἔστι
2796 3865 3019 3934 Πνεῦμα
3062 3864 3215 3919 Υίοῦ.

2162 3980 2274 4035 Τοῦ
2327 3979 2514 4040 αὑτοῦ
2584 3981 2653 4033 ἐκ
2704 3976 2849 4101 τῶνλ
2874 3976 3106 4103 δώδευνεα
3154 3977 3503 4046 κεφαλαίων
3552 3978 3737 4049 κεφά.

2853 4064 2987 4101 acor
3069 4088 3082 4101 .

2809 4052 2987 4101 λαιον
3011 4048 3082 4101 0‘.

2229 4144 2292 4197 P'
2321 4161 2340 4195 ι
2380 4144 2449 4197 Et
2473 4159 2558 4205 τις
2583 4142 2674 4196 τὸν
2703 4141 2801 4195 ἕνα
2828 4140 3036 4206 Κύριον
3076 4137 3287 4207 Ἰησοῦν
3316 4140 3558 4211 Χριστὸν
3598 4142 3734 4195 δεδο-

2166 4254 2181 4284 σ
2232 4234 2427 4300 ξάσθαι
2477 4232 2626 4300 λέγει
2676 4231 2826 4301 παρὰ
2871 4229 3349 4296 τοῦνΠνεύματος,
3378 4230 3454 4294 ὡς
3484 4231 3738 4303 ἀλλοτρίᾳ

2169 4346 2186 4376 ‹
2224 4327 2471 4394 δυνάμει,
2502 4326 2566 4395 τῇ
2598 4322 2666 4376 δι’
2693 4320 2859 4375 αὐτοῦ
2901 4321 3201 4393 χρώμενον,
3235 4323 3330 4375 καὶ
3387 4324 3521 4393 παρ’
3575 4304 3771 4401 αὐτοῦς

2168 4441 2184 4469 ι
2232 4416 2473 4471 λαϐόντα
2519 4416 2580 4470 τὸ
2614 4416 2861 4486 ἐνεργεῖν
2900 4414 3165 4467 δύνασθαι
3210 4414 3355 4469 κατὰ
3407 4418 3736 4486 πνευμάτων

486 4529 503 4559 ε
547 4509 781 4563 mundos
838 4509 1088 4578 spiritus,
1151 4518 1203 4564 et
1249 4510 1555 4580 adimplere
1615 4510 1669 4564 in
1734 4512 2052 4566 hominibus

2165 4535 2178 4565 ι
2222 4506 2565 4581 ἀκαθάρῑων,
2590 4510 2683 4562 καὶ
2702 4509 2762 4561 τὸ
2783 4507 3022 4577 πληροῦν
3046 4507 3127 4568 εἰς
3152 4505 3474 4577 ἀνθρώπους
3496 4507 3598 4572 τὰς
3621 4508 3734 4561 θεο.

484 4618 503 4646 ι
546 4600 730 4653 divina
768 4600 948 4668 signa,
989 4609 1043 4654 et
1082 4615 1189 4655 non
1222 4603 1397 4671 magis
1422 4596 1705 4672 proprium
1733 4603 1854 4674 ejus
1888 4605 2053 4674 spiri-

488 4713 506 4742 ε
542 4703 654 4746 tum
693 4693 858 4764 dicat,
893 4706 990 4762 per
1028 4707 1190 4762 quem
1237 4705 1287 4748 et
1339 4692 1524 4748 divina
1558 4692 1717 4764 signa
1762 4693 2054 4751 eﬂicaciter

486 4803 504 4835 ι
544 4758 803 4854 opera/tus
839 4758 942 4839 est.
984 4758 1297 4839 Anathema
1327 4784 1420 4840 sit.
1465 4803 1484 4837 ι

1046 4879 1083 4930 Δ
1096 4877 1474 4930 nimadversio.

559 4988 576 5020 ι
615 4968 851 5025 Videsne
877 4971 1012 5026 locis
1038 4971 1091 5024 in
1122 4971 1381 5025 omnibus
1410 4970 1554 5025 hunc
1576 4978 1823 5025 sanctum
1855 4972 2056 5028 docere

484 5081 503 5113 ι
543 5061 801 5130 Spiritum
839 5078 963 5118 esse
988 5065 1268 5132 proprium
1306 5061 1450 5128 Filii,
1483 5064 1776 5132 procedere
1814 5081 1943 5120 vero
1987 5084 2054 5122 ex

490 5171 507 5203 ι
545 5153 664 5224 ipso
704 5152 1016 5224 nusquam?
1046 5173 1065 5204 ι

1088 5256 1091 5265 ’
1134 5245 1427 5316 Refutatt'o.

560 5340 617 5394 Si
667 5342 925 5395 attentius
980 5340 1138 5394 dicta:
1186 5341 1452 5411 pericopae
1505 5350 1740 5397 utentem
1805 5342 2057 5410 thiasos,

485 5430 808 5499 agnovisses
838 5430 1025 5499 utique
1054 5438 1108 5484 et
1137 5444 1265 5484 vere
1310 5430 1577 5483 rationem
1614 5431 1685 5485 ob
1714 5446 1880 5500 quam
1930 5446 2062 5487 san-

2162 4623 2179 4654 ι
2232 4602 2486 4670 σημείας,
2542 4604 2637 4652 καὶ
2709 4597 2831 4667 οὐχὶ
2883 4596 2945 4667 δὴ
3009 4594 3211 4675 μᾶλλον
3272 4596 3405 4651 ῐδιον
3460 4599 3633 4653 αὑτοῦ
3681 4598 3736 4650 τὸ

2162 4716 2178 4746 ι
2223 4693 2451 4761 Πνεῦμα
2478 4690 2633 4760 φησὶ,
2665 4686 2735 4743 δι’
2775 4679 2836 4740 οῦ
2868 4687 2962 4740 καὶ
3004 4686 3229 4755 ἐνήργει
3263 4687 3365 4751 τὰς
3389 4687 3713 4759 θεοσημείας

2162 4807 2179 4836 ‹
2230 4783 2499 4838 ἀνάθεμα.
2537 4799 2557 4833 ι

2759 4870 3139 4925 Ἐπιστασίσσ

2234 4985 2253 5018 ι
2312 4965 2518 5035 Ὀρᾷςς
2572 4960 2709 5015 ῐὸιον
2741 4960 2842 5028 μὲν
2869 4958 3153 5028 πανταχοῦ
3179 4959 3274 5012 τοῦ
3333 4959 3465 5014 Υιοῦ
3494 4962 3734 5016 διδάσκει

2169 5076 2186 5107 ι
2232 5057 2295 5109 τὺ
2348 5053 2573 5124 Πνεῦμα
2600 5052 2629 5104 6
2664 5050 2841 5120 ἅγιος,
2895 5050 2953 5116 ἐξ
3000 5048 3165 5101 αὐτοῦ
3214 5049 3273 5102 δὲ
3310 5050 3739 5121 ἐκπορευόμενον

2165 5170 2183 5202 ‹
2225 5149 2474 5219 οὐδαμῶς
2500 5165 2516 5216 ;
2545 5164 2565 5200 ι
2736 5146 2739 5149 ’

2220 5252 2223 5257 ·
2711 5238 3107 5307 Ἀντίῤῥησις.

2232 5336 2296 5389 El
2328 5332 2405 5404 τῷ
2446 5330 2635 5400 σγιοπῷ
2675 5332 2775 5401 τῆς
2822 5328 3081 5400 meum;
3111 5328 3424 5398 περικοπῆς
3478 5327 3738 5382 ὲνεδάθυ-

2163 5445 2282 5491 νας,
2309 5425 2479 5493 ἔγνως
2518 5425 2584 5477 ἂν
2607 5421 2824 5493 ἀληθῶς
2850 5421 3063 5474 καῖτδν
3085 5418 3265 5489 λόγον,
3296 5418 3419 5472 καθ’
3440 5418 3504 5472 ὃν
3530 5419 3561 5472 6
3589 5420 3743 5487 ἅγιος

491 5531 616 5576 ctus
648 5521 927 5590 proprium
957 5520 1080 5573 Filii
1119 5520 1399 5575 vocaverit
1430 5520 1718 5590 Spiritum.
1742 5520 1881 5574 Cum
1912 5522 2052 5576 enim

2166 5520 2295 5574 [διον
2326 5517 2456 5571 Υίοῦ
2504 5517 2652 5583 λέγει
2684 5514 2746 5568 τὸ
2800 5512 3039 5583 Πνεῦμα.
3083 5512 3239 5566 Ἐπεὶ
3283 5511 3392 5581 γὰρ
3415 5511 3446 5565 6
3473 5512 3742 5583 θεομάχος

491 5611 693 5679 impius
744 5610 1033 5666 Nestorius
1078 5611 1396 5682 blaspheme
1443 5611 1822 5675 contenderet,
1874 5609 2061 5665 Domi-

2169 5610 2509 5680 ἐϐλασφήμει
2525 5608 2838 5678 Νεστόριος,
2858 5607 2931 5668 ὡς
2950 5606 3196 5676 ὁηΚύριος
3218 5604 3377 5675 ἡμῶν
3392 5602 3744 5672 ἸησοῦςΧρι-

499 5718 629 5757 num
704 5712 951 5759 nostrum
1014 5703 1204 5758 Jcsum
1277 5705 1601 5768 Christum,
1673 5703 1857 5757 divina
1909 5704 2052 5774 signa

2171 5703 2293 5767 στδς
2313 5702 2409 5764 τὰς
2434 5703 2757 5771 θεοσημείας
2778 5701 3065 5770 εἰργάζετο
3078 5700 3151 5762 ὡς
3168 5699 3418 5767 ἀλλοτρίᾳ
3433 5696 3660 5767 δυνάμει
3676 5699 3740 5767 τῇ

505 5793 851 5863 adimplesse,
890 5795 966 5851 uti
998 5807 1220 5852 externa
1250 5795 1449 5851 virtute
1480 5810 1541 5852 ea
1579 5812 1700 5868 quae
1740 5804 1860 5853 erat
1888 5794 2063 5868 Spiri-

2169 5795 2256 5850 διὰ
2280 5793 2371 5849 τοῦ
2409 5794 2723 5864 Πνεῦμα-ξος
2748 5793 3047 5865 χρώμενος,
3080 5795 3108 5847 ὁ
3136 5791 3291 5862 ἅγιος
3324 5789 3464 5845 κατά
3497 5789 3596 5861 τῆς
3619 5789 3741 5845 δυσο-
