3958 6394
141 384 235 451 541

1082 385 1166 445 ΙΝ
1203 382 1592 444 CAMATERI
1633 382 2381 445 ANIMADVERSIONES.

3266 379 3371 446 5i2

143 504 350 576 φημιας
383 500 591 572 ταύτης
615 500 939 573 μαχόμενος,
968 500 1269 572 άναθέματι
1301 500 1594 554 ι’ἴπσσαλλει
1613 499 1705 553 τὸν

1839 516 1934 561 us,
1997 509 2275 562 utentem,
2335 508 2558 553 sanctus
2605 509 2795 554 contra
2857 496 3091 552 similem
3122 496 3370 565 blasphe-

141 597 364 663 λεγοντα
394 593 693 664 κεχρῆσθαι
716 594 808 645 τὸν
832 593 979 658 Υίὸν,
1009 593 1085 655 ὡς
1123 593 1381 664 ἀλλοτρία
1405 592 1584 663 «ista
1608 591 1702 645 τοῦ

143 682 454 752 Πνεῦματος
475 683 723 751 δυνάμει.
766 682 1073 751 Σκοπητέον
1095 678 1225 750 γοῦν
1263 682 1474 751 μήποτε
1498 684 1565 750 τῇ
1598 697 1708 733 τοι-

146 779 280 847 αύτῃ
300 773 626 844 βλασφημίᾳ
650 773 995 843 συνεμπίπτῃ
1019 772 1079 825 τὸ
1099 774 1276 844 νόημα
1302 771 1413 824 τῶν
1436 772 1704 838 λεγόντων

150 870 221 937 μὴ
239 863 382 920 εἶναι
407 867 467 917 τὸ
491 864 715 932 Πνεῦμα
737 864 825 918 διὰ
858 864 952 917 τοῦ
974 863 1103 918 Υἱοῦ
1128 881 1184 917 τε
1212 863 1310 917 καὶ
1341 864 1404 916 ὲκ
1431 863 1526 917 τοῦ
1554 863 1708 917 Υἰοῦ.

146 957 311 1011 Πόθεν
340 958 453 1026 γὰρ
494 954 559 1008 ἂν
616 954 841 1009 ἄλλοθεν
884 954 1243 1026 διαγνωσθείη
1300 953 1559 1025 ἀλλοτρία
1610 953 1707 1007 τοῦ

150 1045 271 1098 Υίοῦ
301 1044 446 1114 ήδιᾶ
476 1042 571 1095 τοῦ
626 1042 943 1111 Πνεύματος
976 1044 1229 1114 δύναμις,
1262 1045 1311 1096 εί
1349 1044 1423 1113 μὴ
1456 1043 1564 1097 ἀπὸ
1590 1043 1711 1107 ἑνὸς

153 1137 331 1205 μόνου,
363 1133 462 1187 τοῦ
504 1136 579 1205 μὴ
611 1134 878 1205 ὑπάρχειν
907 1136 1039 1189 αὐτὸ
1085 1137 1151 1188 ἐκ
1182 1136 1275 1188 τοῦ
1310 1135 1440 1190 Υίοῦ
1466 1153 1494 1212 ;.
1530 1135 1714 1189 ’Δλλοσι

144 1228 367 1295 τρίωσις
393 1229 508 1298 γὰρ
540 1226 672 1297 άλλη
703 1230 802 1281 οὐκ
821 1229 974 1282 ἔσται
995 1227 1090 1281 τοῦ
1119 1229 1435 1298 Πνεῦματος
1460 1227 1520 1292 ἐξ
1551 1227 1715 1292 Υίοῦ,

145 1322 191 1371 εί
228 1320 302 1389 μὴ
341 1322 398 1370 τὸ
424 1320 694 1389 ὑπάρχειν
729 1321 863 1374 αὐτὸ
897 1323 964 1373 ὲκ
990 1321 1085 1373 τοῦ
1116 1320 1337 1391 Πατρὸς
1377 1322 1564 1390 μόνου,
1619 1322 1715 1373 καὶ

149 1411 268 1480 οὐχὶ
292 1388 391 1465 διὰ
418 1411 515 1464 τοῦ
563 1409 714 1466 Υίοῦ.
747 1412 857 1464 Καὶ
885 1411 1044 1465 τοῦτο
1068 1413 1097 1464 6
1126 1388 1289 1475 a616;
1327 1388 1499 1481 μέγας
1528 1388 1733 1465 διασαέ

150 1506 237 1573 φεῖ
262 1502 536 1574 Κύριλλος
581 1504 640 1555 ἐν
691 1506 756 1573 τῇ
790 1504 1058 1574 ἑρμηνείᾳ
1111 1502 1205 1556 τοῦ
1253 1503 1395 1557 κατὰ
1460 1502 1716 1573 Ἰωάννην

154 1594 341 1665 ῥητοῦ,
385 1593 507 1658 τοῦ,
544 1611 564 1645 ι
602 1595 772 1647 Ὅταν
800 1590 894 1647 οὗν
928 1594 1063 1665 ἔλθῃ
1091 1596 1119 1647 6
1147 1593 1537 1664 Παράκλητος,
1567 1611 1586 1644 ι
1621 1595 1717 1660 φά-

154 1702 299 1739 σκων
328 1684 469 1739 οὕτω
513 1686 698 1756 ῥητῶς
724 1702 739 1716 ο
774 1704 795 1737 ι
833 1685 977 1756 Πρὸς
1017 1686 1076 1739 δὲ
1122 1686 1235 1748 τοῖς
1265 1684 1583 1755 εἰρημένοις
1621 1686 1720 1738 κά-

164 1775 310 1825 κεῖνο
364 1773 541 1826 λοιπὸν
597 1774 672 1836 ὡς
728 1773 787 1840 ἐξ
836 1775 1088 1844 ἀνάγκης
1134 1774 1472 1843 εἰσϐήσεται.
1515 1774 1577 1826 Ei
1608 1774 1717 1843 γὰρ

1808 593 1971 665 miam
1997 592 2335 660 depugnans,
2371 591 2715 644 anathemate
2741 588 2865 642 ferit
2908 587 3178 642 dicentem
3208 601 3368 653 usum

1808 682 1977 739 fuisse
1999 682 2275 738 Christum
2308 683 2382 736 uti
2418 682 2593 734 aliena
2632 679 2868 749 Spiritus
2897 678 3170 732 facultate.
3221 674 3375 732 Cou-

1809 776 2163 833 siderandum
2209 790 2340 845 ergo
2374 785 2554 829 estne
2602 777 2656 826 in
2692 773 2928 828 similem
2976 771 3371 840 blasphemiam

1814 867 2018 936 irrepat
2055 881 2244 920 eorum
2282 865 2487 933 opinio,
2529 863 2620 933 qui
2648 870 2921 923 asserunt,
2954 861 3216 929 Spiritum
3266 875 3373 914 non

1811 975 1933 1016 esse
1988 974 2083 1027 per
2132 956 2364 1020 Filium,
2422 965 2477 1011 et
2540 971 2605 1010 ex
2662 953 2834 1010 Filio.
2878 951 3165 1008 Undenam
3228 953 3374 1005 enim

1814 1052 2034 1107 aliunde
2063 1058 2388 1121 agnoscatur
2420 1049 2596 1103 aliena
2641 1045 2786 1111 Filii,
2823 1060 2944 1115 quas
2979 1060 3072 1113 per
3108 1044 3372 1112 Spiritum

1813 1156 1915 1210 est,
1950 1143 2146 1208 virtus,
2177 1141 2282 1196 nisi
2323 1140 2392 1194 ab
2428 1153 2538 1193 uno
2579 1147 2634 1192 et
2682 1138 2823 1202 solo,
2859 1138 3037 1205 ipsum
3069 1135 3278 1190 scilicet
3309 1148 3378 1187 ex

1813 1233 1953 1288 Filio
1982 1248 2089 1287 non
2120 1230 2423 1287 exsistere?
2451 1230 2567 1284 Alia
2598 1228 2866 1297 siquidem
2899 1225 3139 1295 Spiritus
3174 1240 3202 1278 a
3234 1222 3376 1277 Filio

1816 1324 2074 1379 alienatio
2112 1322 2259 1376 nulla
2294 1320 2476 1381 fuerit,
2509 1318 2612 1393 nisi
2653 1318 2778 1385 quia
2809 1319 2922 1384 ipse
2954 1332 3019 1370 ex
3068 1316 3182 1369 solo
3214 1312 3378 1366 Patre

1817 1418 2083 1486 procedit,
2116 1424 2171 1469 et
2210 1431 2315 1468 non
2355 1428 2384 1467 a
2413 1411 2574 1466 Filio.
2616 1409 2770 1476 Quod
2805 1410 2947 1464 idem
2985 1409 3096 1477 ipse
3142 1407 3382 1477 Cyrillus

1818 1508 2162 1576 apertissime
2218 1506 2459 1560 declarat
2517 1503 2861 1571 expositione
2915 1500 2968 1555 in
3021 1498 3382 1567 Evangelinm

1817 1599 2067 1661 Joannis,
2115 1596 2170 1650 in
2210 1597 2438 1660 dictum,
2483 1613 2501 1645 ι
2540 1594 2675 1647 Cum
2725 1593 2909 1659 itaque
2958 1590 3171 1643 venerit
3217 1587 3387 1643 Para-

1821 1691 1995 1744 cletns
2020 1689 2089 1752 θ’,
2123 1707 2142 1738 i
2198 1687 2283 1741 his
2333 1684 2622 1754 ipsissimis
2675 1681 2857 1735 verbis
2903 1696 2918 1732 :
2969 1697 2988 1730 ι
3024 1678 3227 1732 Praeter
3273 1677 3387 1744 jam

1821 1780 1989 1843 dicta,
2024 1777 2154 1831 illud
2184 1789 2402 1844 quoque
2449 1771 2767 1826 necessario
2813 1776 3201 1837 consequetur.
3248 1763 3388 1818 Nam

172 1864 463 1933 ὑπουργίαν
501 1865 820 1935 διακονικὴν
846 1865 1201 1936 ἀποπληροῦν
1230 1865 1408 1918 οἴεσθε
1439 1868 1531 1919 τὸν
1557 1866 1709 1930 Υίὸν,

1839 1871 1867 1925 εἰ
1906 1868 2102 1923 servile
2130 1866 2492 1921 ministerium
2528 1860 2828 1931 opinamini
2852 1857 3095 1914 exerceri
3161 1855 3391 1921 a,Fiiio,

169 1956 224 2005 τὸ
252 1954 524 2023 ἀλλότριον
559 1958 714 2025 ἡμῖν,
752 1956 1001 2008 τουτέστι
1026 1956 1086 2008 τὸ
1112 1956 1265 2025 παρὰ
1292 1956 1386 2008 τοῦ
1428 1955 1566 2010 Θεοῦ
1616 1958 1714 2010 καὶ

159 2046 364 2115 ιιατρὸς
390 2048 805 2116 κεχορηγηκότα
831 2046 986 2116 ἅγιον
1019 2046 1078 2100 ὃν
1108 2048 1249 2102 κατὰ
1277 2047 1440 2116 φύσιν
1467 2049 1714 2117 Πνεῦμα,

153 2138 212 2187 οὐ
242 2137 385 2190 κατά
418 2140 580 2206 φύσιν
610 2138 765 2207 ἅγιος
801 2142 829 2192 6
857 2140 1010 2206 Θεὸς,
1036 2142 1174 2194 κατὰ
1209 2140 1427 2210 μέθεξιν
1452 2141 1508 2194 δὲ
1533 2140 1721 2208 ὥσπερ

155 2230 332 2296 ἡμεῖς.
374 2247 394 2280 ι
447 2226 615 2301 Ὀρᾷς
665 2230 830 2283 πόθεν
888 2231 917 2283 6
978 2233 1134 2298 ἅγιος
1192 2232 1420 2302 συνάγει
1471 2238 1573 2303 τὴν
1623 2230 1721 2287 τοῦ

153 2320 468 2386 Πνεῦματος
495 2323 603 2376 ἀπὸ
636 2322 731 2374 τοῦ
790 2320 918 2374 Υἱοῦ
972 2322 1359 2392 ἀλλοτριότητα
1378 2340 1397 2389 ;η
1429 2322 1555 2375 Ἐάν
1607 2339 1716 2387 τις,

152 2417 342 2482 φησὶν,
379 2412 517 2487 λέγῃ
550 2415 612 2467 τὸ
641 2413 1095 2485 ὁμολογουμένως
1121 2416 1273 2484 παρὰ
1303 2414 1400 2468 τοῦ
1457 2414 1593 2467 Θεοῦ
1627 2417 1725 2467 καὶ

153 2504 372 2576 Ματρὸς
440 2507 696 2578 ὑπάρχον
759 2506 987 2577 Πνεῦμα
1039 2508 1362 2570 διακονικῶς
1414 2507 1568 2576 παρὰ
1626 2505 1723 2560 τοῦ

154 2597 289 2651 Υίοῦ
330 2600 713 2671 χορηγεῖσθαι,
771 2598 1055 2670 ἀλλότριον
1113 2599 1267 2653 ἔσται
1319 2598 1415 2653 τοῦ
1475 2598 1610 2652 Υἱοῦ
1666 2600 1726 2652 τὸ

152 2690 403 2759 Πνεῦμα,
442 2692 535 2745 καὶ
584 2692 948 2763 ἀκολουθήσει
1011 2693 1149 2762 μηδὲ
1177 2694 1320 2746 κατὰ
1367 2692 1727 2761 φύσινάγιον

150 2781 293 2837 εἶναι
322 2782 511 2844 αὑτὸν,
548 2786 695 2838 κατὰ
734 2785 958 2855 μέθεξιν
991 2785 1050 2838 δὲ
1088 2785 1279 2855 ὥσπερ
1309 2786 1491 2854 ἡμεῖς.
1525 2786 1724 2838 Τοιαύ-

150 2893 275 2939 ταις
316 2893 410 2945 μοι
468 2878 719 2932 δοκοῦσιν
754 2879 1054 2948 ἐμπίπτειν
1103 2881 1221 2942 ταῖς
1269 2878 1525 2940 ἀτοπίαις
1568 2880 1620 2932 οἱ
1654 2880 1729 2948 μὴ

152 2968 414 3038 λέγοντες
446 2970 716 3042 ὑπάρχειν
742 2972 804 3025 τὸ
833 2972 1058 3041 Πνεῦμα
1095 2972 1189 3025 διὰ
1239 2972 1334 3025 τοῦ
1367 2971 1519 3026 Υίοῦ.

235 3061 564 3131 Ἐρμηνεία
610 3063 720 3118 τοῦ
773 3065 958 3120 αὐτοῦ
1005 3064 1260 3119 ἐνάτου
1304 3063 1659 3131 κεφαλαίου.

1823 1972 1959 2017 cum’
1987 1958 2224 2011 alienum
2266 1953 2447 2015 nobis,
2481 1953 2582 2006 hoc
2617 1958 2703 2005 est
2744 1964 2774 2003 a
2807 1949 2916 2003 Deo
2966 1956 3021 2002 et
3055 1946 3216 2001 Patre
3260 1962 3391 2015 snp-

1823 2053 2048 2124 peditat,
2104 2050 2234 2103 dum
2287 2045 2527 2116 Spiritus
2576 2053 2771 2098 natura
2836 2055 2934 2097 sua
2993 2050 3220 2094 sanctus
3282 2047 3392 2103 est,

1826 2161 1935 2198 non
1983 2152 2180 2198 natura
2225 2139 2367 2193 Dens
2409 2145 2634 2191 sanctus
2661 2143 2767 2198 est,
2805 2131 3220 2202 participatione
3259 2144 3392 2183 vero

1825 2236 1990 2295 sicuti
2037 2249 2157 2289 nos.
2200 2253 2218 2285 ι
2276 2230 2518 2286 Videsne
2571 2227 2841 2282 undenatn
2895 2232 3123 2278 sanctus
3176 2220 3396 2290 colligat

1826 2323 2064 2393 Spiritus
2095 2337 2126 2375 a
2176 2319 2316 2374 Filio
2362 2315 2784 2372 alienationem?
2837 2312 2894 2367 Si
2926 2313 3070 2380 quis,
3111 2312 3208 2375 ait,
3246 2305 3399 2363 dicit

1826 2416 2110 2485 Spiritum,
2147 2413 2239 2482 qui
2265 2413 2472 2479 absque
2499 2409 2666 2463 dubio
2702 2423 2730 2462 a
2761 2407 2871 2460 Deo
2896 2415 2950 2459 et
2970 2403 3132 2458 Patre
3155 2402 3395 2466 exsistit,

1827 2508 2008 2563 servili
2055 2507 2218 2561 modo
2256 2520 2286 2558 a
2333 2502 2472 2557 Filio
2506 2499 2868 2571 suppeditari,
2920 2498 3159 2552 alienum
3194 2494 3327 2548 dicit
3365 2508 3396 2545 a

1826 2600 1968 2656 Filio
2013 2599 2279 2671 Spiritum
2310 2615 2324 2652 :
2351 2606 2406 2651 et
2456 2602 2965 2664 sequeturrneque
3011 2594 3208 2642 natura
3267 2601 3391 2640 eum

1828 2704 2077 2754 sanctum
2122 2707 2265 2756 esse,
2328 2690 2444 2754 sed,
2515 2696 2726 2741 tantum
2770 2681 3192 2754 participatione
3232 2678 3391 2733 sicuti

1829 2804 1951 2844 nos.
2015 2786 2074 2840 in
2128 2785 2225 2839 has
2273 2781 2541 2838 absurdas
2600 2776 2884 2846 opiniones
2944 2773 3199 2825 videntur
3261 2766 3395 2823 mihi

1828 2878 2062 2951 prolabi,
2092 2876 2187 2947 qui
2235 2889 2344 2928 non
2380 2871 2622 2927 fatentur
2666 2867 2935 2923 exsistere
2990 2862 3256 2932 Spiritum
3299 2875 3396 2931 per

1829 2973 2052 3028 Filium.

2151 3058 2432 3130 Expositio
2457 3055 2676 3124 hujusce
2710 3068 2833 3106 nam
2862 3050 3078 3117 capitis.

223 3153 357 3208 PA'.
395 3175 415 3206 ι
439 3155 659 3219 Φθάσας
684 3157 821 3227 ἔφην
847 3160 931 3210 ὅτι
956 3159 1071 3220 τοῖς
1104 3158 1277 3210 Νεστη
1289 3157 1403 3227 ρίου
1460 3157 1529 3227 βα
1542 3156 1723 3227 ἰ’ταρί⁸

1903 3158 1990 3214 Ci.
2033 3177 2052 3210 ι
2093 3158 2222 3209 Item
2254 3153 2386 3217 dixi,
2422 3149 2570 3220 quod
2611 3145 2850 3201 Nestorii
2901 3142 3086 3215 nugis,
3135 3154 3232 3194 seu
3284 3137 3402 3191 bla-

154 3267 174 3299 ι
226 3266 455 3319 σμασιν,
488 3251 657 3317 ἤγουν
684 3250 1018 3319 δυσφημίαις
1047 3253 1141 3303 καὶ
1167 3252 1280 3314 τάς
1315 3249 1462 3317 ἄγαν
1522 3250 1731 3318 ἀτημε-

1841 3270 1859 3302 ι
1908 3249 2195 3318 sphetniis,
2247 3256 2299 3300 et
2349 3242 2471 3312 ejus
2533 3241 2696 3295 dictis
2753 3235 3045 3291 admodum
3100 3228 3406 3285 temerariis

154 3358 177 3392 ι
223 3339 687 3414 λῶςνερίσρημὲνοις
713 3343 746 3414 ή
771 3341 879 3397 τῶν
927 3335 1240 3412 κεφαλαίων
1302 3342 1536 3412 μάχεται
1567 3340 1730 3392 δύνα-

156 3452 176 3483 σ
229 3452 351 3504 μις.
401 3435 641 3489 Ἐκείνου
680 3435 1064 3506 γὰρλέγοντος
1093 3436 1226 3506 περὶ
1250 3434 1344 3488 τοῦ
1374 3435 1528 3502 ἁγίου
1555 3431 1730 3486 Πνεῦ-

156 3546 176 3578 ι
229 3544 430 3594 ματος.
463 3525 632 3579 Τοῦτο
684 3528 749 3598 δὴ
797 3527 1136 3598 τηλικαύτην
1187 3527 1336 3596 αὐτῷ
1366 3525 1733 3596 χαρισάμενον

158 3639 177 3669 ι
230 3617 499 3687 δύναμιν,
535 3620 595 3671 τὸ
619 3619 870 3690 δαίμοσιν
906 3619 1040 3674 αὐτὸ
1068 3621 1299 3691 φοϐερὸν
1350 3619 1732 3690 ἐργασάμενον

152 3730 173 3761 ι
228 3711 296 3763 τὸ
326 3712 430 3780 τῆν
460 3700 727 3781 ἀνάληψιν
761 3711 909 3782 αὐτῷ
931 3712 1030 3781 τὴν
1062 3715 1142 3775 εἷς
1169 3709 1399 3781 οὐρανὸν
1433 3710 1738 3780 χαρισάμε-

154 3822 175 3853 ¢
230 3815 351 3867 νον,
402 3803 497 3855 καὶ
529 3801 609 3866 ὡς’
638 3805 767 3874 περί
799 3822 943 3866 τινος
992 3803 1098 3857 τῶν
1142 3802 1264 3856 καθ’
1313 3803 1481 3872 ἡμᾶς.
1527 3792 1740 3869 ἀνθρώ-

152 3915 172 3944 ι
233 3904 347 3947 που
369 3894 553 3949 κοινοῦ
572 3896 794 3950 τοιαῦτα
822 3896 1289 3967 πεφλυαρηκότος,
1315 3896 1540 3964 γέγονεν
1565 3894 1740 3960 ἀναγ-

155 4008 175 4038 σ
231 3987 415 4048 mite;
449 3989 477 4039 ὁ
504 3988 972 4057 άναθεματισμὺς.
1008 3989 1068 4040 οὐ
1109 3985 1250 4042 κατά
1284 4002 1347 4056 γε
1384 3986 1493 4039 τῶν
1552 3984 1741 4052 λεγόν-

156 4094 177 4124 (
233 4093 354 4129 των
400 4076 716 4141 δεδοξάσθαι
769 4079 922 4148 παρὰ
973 4076 1068 4131 τοῦ
1102 4078 1611 4148 ἁγίουυΠνεύματος
1646 4075 1738 4129 τὸν

156 4186 177 4215 ε
232 4168 398 4234 Υίδν,
438 4170 722 4222 τουτέστιν
752 4169 1276 4240 ὲνάνθρωτέῆσαντα,
1328 4170 1451 4221 κατ’
1509 4166 1739 4219 ἐκείνων

157 4279 179 4310 ι
232 4260 296 4314 δὲ
331 4262 559 4333 μᾶλλον,
590 4261 640 4315 οἳ
665 4264 757 4316 καὶ
780 4263 973 4332 ἀνέδην
998 4263 1187 4328 αὐτὸν,
1227 4261 1311 4324 ὡς’
1357 4260 1618 4331 ἀλλοτρίᾲ
1645 4259 1743 4312 δυ-

157 4372 179 4405 ι
235 4354 503 4423 νάμειτῇ
533 4352 623 4407 διὰ
670 4353 768 4406 τοῦ
819 4354 1142 4425 Πνεῦματος
1198 4354 1506 4424 κεχρῆσθαί
1553 4368 1741 4421 φασιν.

158 4466 177 4497 ι
230 4445 589 4515 Μεμνήμεθα
615 4445 936 4509 δὲείπὸντος
963 4445 1201 4515 περὶτοῦ
1218 4446 1375 4513 ἁγίου
1400 4444 1745 4514 Πνεῦματος,

1845 3361 1863 3393 ι
1903 3342 2077 3395 virtus
2138 3336 2495 3406 capitulorum
2542 3337 2858 3399 repugnat:
2892 3326 2985 3379 illo
3035 3336 3273 3390 namque
3320 3320 3411 3373 di-

1846 3453 1863 3484 ι
1904 3444 2057 3487 cente
2092 3432 2159 3485 de
2194 3408 2400 3498 Spiritu
2454 3431 2679 3479 sancto:
2708 3421 2758 3476 Is
2790 3420 2881 3491 qni
2927 3426 3147 3471 tantam
3185 3413 3405 3469 Christo

1848 3546 1865 3577 ι
1905 3524 2130 3593 gloriam
2176 3519 2426 3584 contulit,
2463 3532 2585 3571 eum
2634 3512 2973 3568 daemonibus
3022 3508 3153 3563 fecit
3199 3505 3409 3560 terribi-

1849 3634 1867 3666 ι
1907 3616 2032 3679 lem,
2088 3609 2420 3676 donavitque
2469 3606 2518 3659 ei
2569 3603 2636 3657 ad
2686 3603 2855 3656 caelos
2898 3598 3303 3658 ascensionem,
3355 3603 3409 3647 et

1850 3728 1869 3760 ‹
1909 3718 2164 3775 tanquam
2201 3703 2268 3756 de
2297 3700 2479 3768 aliquo
2523 3694 2826 3752 Secundum
2871 3708 2970 3747 nos
3004 3689 3223 3743 homine
3253 3698 3410 3741 cem-

1853 3820 1871 3853 ι
1913 3797 2064 3854 muni
2114 3797 2228 3850 hac
2279 3793 2675 3854 deblaterante,
2736 3787 2912 3840 factus
2964 3793 3049 3838 est
3098 3778 3407 3836 necessario

1856 3913 1872 3946 ι
1914 3888 2428 3947 anathematismus,
2466 3896 2574 3937 mm
2623 3881 2886 3934 adversus
2928 3891 3045 3940 eos,
3079 3873 3171 3943 qui
3198 3873 3410 3933 dicunt,

1854 4004 1872 4040 ι
1910 3984 2265 4040 clariﬁcatnm
2321 3994 2351 4033 a
2405 3974 2616 4046 Spiritu
2676 3980 2869 4027 sancto
2914 3968 3127 4030 Jesum,
3184 3965 3288 4018 hoc
3329 3971 3417 4016 est

1854 4100 1873 4133 ς
1913 4079 2329 4133 inhumanatum
2376 4064 2468 4123 Dei
2520 4066 2801 4129 Verbum;
2850 4061 2947 4118 sed
2985 4058 3166 4130 potius
3221 4063 3410 4110 contra

1856 4190 1873 4223 ι
1910 4171 2055 4232 illos,
2089 4166 2184 4237 qui
2217 4162 2559 4232 impudenter
2597 4172 2721 4212 eum
2767 4155 2967 4209 virtute
3006 4166 3105 4223 per
3148 4149 3413 4218 Spiritum

1856 4281 1874 4314 ι
1915 4273 2172 4330 tanquam
2219 4255 2395 4308 aliena
2446 4266 2607 4306 usuin
2641 4262 2763 4304 esse
2811 4245 3023 4301 dicunt.
3066 4239 3417 4296 Meminimus

1859 4374 1879 4407 ς
1918 4329 2060 4407 enim
2088 4363 2212 4403 eum
2240 4354 2425 4417 aperte
2457 4342 2661 4396 dixisse
2688 4340 2755 4394 de
2785 4345 2972 4391 sancto
3002 4335 3227 4403 Spiritu,
3269 4349 3286 4382 ι
3328 4329 3420 4384 Ille

1859 4464 1879 4497 ι
1920 4461 2002 4499 me
2027 4438 2350 4498 clariﬁcabit
2371 4438 2409 4490 ί.
2426 4455 2444 4488 ›
2471 4433 2734 4490 Novimus
2756 4431 2821 4485 ad
2850 4430 2955 4484 hoc
2975 4424 3151 4480 sancti
3180 4423 3421 4492 Spiritus

158 4556 179 4586 ι
249 4536 499 4598 Ἐκεῖνος
526 4537 626 4606 ἐμὲ
653 4537 887 4602 δοξάςει,
925 4537 1082 4607 ἴσμεν
1111 4545 1171 4590 τε
1205 4535 1340 4605 ἐτρὸς
1360 4536 1535 4605 τούτῳ
1552 4537 1627 4611 τῇ
1649 4532 1731 4587 τοί

1858 4559 1873 4589 ι
1914 4535 2230 4606 operatione
2255 4537 2626 4586 conterentem
2667 4523 3033 4593 nequissimas
3073 4515 3420 4570 immundas-

158 4644 177 4673 ι
236 4627 406 4693 ἁγίου
462 4626 778 4697 Πνεῦμα-σος
825 4628 1077 4700 ἐνεργείᾳ
1108 4627 1207 4690 τὰς
1250 4628 1494 4696 πονηράς
1530 4642 1589 4678 τε
1648 4625 1745 4679 καὶ

160 4737 182 4769 σ
239 4716 596 4788 ἀκαθάρτους
616 4718 870 4790 δυνάμεις
894 4717 1268 4789 συντρίϐονταο
1296 4716 1415 4770 ἀλλ’
1446 4717 1544 4784 οὐχ
1572 4714 1745 4777 οὕτως

166 4833 186 4862 ι
242 4810 437 4880 φαμὲν
462 4810 645 4878 αὑτὸν,
679 4811 934 4881 καθάπερ
954 4810 1179 4863 καὶτῶν
1205 4809 1374 4877 ἁγίων
1394 4809 1649 4873 ἕκαστον,
1676 4807 1751 4868 ὡς

165 4925 185 4956 ι
240 4903 511 4973 ἀλλοτρίᾳ
528 4903 753 4971 δυνάμει
786 4902 1083 4973 κεχρῆσθαι
1103 4904 1169 4971 τῇ
1196 4899 1290 4954 τοῦ
1312 4901 1471 4968 ἁγίου
1496 4899 1753 4970 Πνεῦμα-

169 5017 188 5046 ι
237 5013 363 5059 τος.
393 4991 502 5048 Ἦν
528 4995 636 5063 γὰρ
667 4995 761 5048 κα).
784 4994 931 5047 ἐστιν
959 4991 1123 5046 αὐτοῦ
1147 4992 1208 5044 τὸ
1229 4991 1473 5058 Πνεῦμα,
1502 4988 1755 5058 καθάπερ

172 5108 191 5138 ι
243 5088 445 5159 ἀμέλει
472 5087 567 5141 καὶ
583 5087 674 5141 τοῦ
699 5087 933 5157 Πατρός.
952 5085 1235 5139 Καὶτοῦτο
1251 5086 1382 5154 ἡμῖν
1408 5081 1468 5136 εῦ
1499 5082 1646 5152 μάλα
1664 5096 1756 5132 σα-

180 5201 198 5231 ι
252 5183 452 5252 φηνιεῖ
476 5178 769 5250 γεγραφὼς
795 5180 824 5232 ὁ
853 5177 1141 5238 θεσπέσιος
1164 5175 1378 5239 Παῦλος
1407 5190 1421 5204 ο
1460 5193 1479 5227 1
1514 5175 1578 5227 Οἱ
1602 5171 1660 5225 δὲ
1690 5173 1750 5225 ὲν

185 5295 203 5324 ι
255 5276 432 5346 σαρκὶ
452 5275 605 5337 ὅντες
619 5273 738 5343 Θεῷ
763 5272 961 5342 ἀρέσαι
992 5271 1055 5325 οὐ
1073 5269 1346 5324 δύνανται.
1362 5268 1555 5338 Ὑμεῖς
1583 5266 1639 5319 δὲ
1660 5265 1759 5318 οὐκ

182 5388 199 5416 ι
251 5367 385 5421 ἐστὶ
421 5366 482 5421 ἐν
514 5366 703 5436 σαρκὶ,
747 5364 863 5420 ἀλλ’
897 5366 954 5418 ὲν
1000 5362 1295 5432 πνεύματι,
1338 5360 1501 5430 εἴπερ
1531 5358 1756 5419 Πνεῦμα

179 5480 201 5510 ι
249 5457 396 5515 Θεοῦ
424 5458 569 5513 οῑκεῐ
591 5461 650 5512 ὲν
672 5459 822 5523 ὑμῖν.
852 5456 923 5512 Ei'
941 5475 1027 5520 τις
1053 5456 1110 5509 δὲ
1137 5455 1362 5523 Πνεῦμα
1390 5451 1627 5523 Χριστοῦ
1654 5452 1754 5504 οὐκ

184 5574 202 5604 ς
250 5553 392 5624 ἔχει,
416 5544 572 5615 οὗτος
596 5552 695 5605 οὐκ
724 5551 873 5604 ἐστιν
899 5549 1083 5605 αὐτοῦ.
1103 5546 1495 5619 Ἐκπορεύεται
1524 5546 1620 5616 μὲν
1647 5545 1756 5614 γάρ

184 5666 203 5695 ‹
254 5648 320 5699 ὲκ
346 5645 446 5699 τοῦ
477 5643 611 5697 Θεοῦ
639 5645 734 5698 καὶ
756 5642 971 5712 Πατρὸς
996 5643 1057 5695 τὸ
1078 5640 1303 5711 Πνεῦμα
1348 5638 1411 5693 τὸ
1437 5637 1591 5707 ἅγιον
1618 5640 1758 5692 κατὰ

255 5800 493 5877 1“‘Joan.
517 5814 610 5868 xv,
636 5798 726 5856 26.
805 5800 821 5832 ¹
844 5797 998 5854 Joan.
1036 5815 1143 5865 XVI,
1177 5800 1260 5854 ii.
1339 5800 1358 5830 ³
1381 5797 1538 5853 Rom.
1571 5811 1684 5860 rm,
1718 5796 1771 5851 8.

1861 4649 1879 4681 ι
1913 4644 2018 4698 que
2064 4628 2295 4681 virtutes
2330 4640 2346 4688 ;
2386 4621 2477 4676 sed
2528 4634 2635 4673 non
2675 4617 2749 4671 ita
2791 4615 3029 4670 dicimus
3088 4624 3214 4664 eum
3273 4608 3417 4661 sicut

1862 4742 1880 4774 ς
1921 4732 2365 4786 unumquemque
2420 4713 2632 4769 scilicet
2666 4716 3007 4771 sanctorum,
3049 4703 3248 4756 virtute
3297 4699 3417 4767 Spi-

1867 4835 1885 4865 ι
1928 4814 2064 4868 ritus
2097 4810 2272 4867 sancti
2314 4818 2577 4876 tanquam
2605 4804 2784 4857 aliena
2813 4814 2970 4855 usum
3006 4802 3162 4851 :erat
3191 4792 3332 4849 enim
3372 4798 3427 4844 ct

1868 4925 1886 4957 ι
1922 4916 2006 4961 est
2042 4904 2165 4974 ejus
2207 4899 2445 4971 Spiritus
2496 4895 2656 4952 sicuti
2697 4903 2847 4949 certe
2888 4897 2945 4946 et
2986 4888 3185 4942 Patris.
3228 4882 3294 4938 Et
3322 4883 3427 4936 hoc

1868 5021 1891 5052 ε
1923 4998 2081 5053 nobis
2112 4996 2253 5051 bene
2301 4992 2438 5048 satis
2482 4991 2739 5060 explanat
2784 4984 3003 5039 divinus
3039 4979 3245 5034 Paulus
3288 4975 3427 5030 scri-

1870 5107 1888 5137 ε
1927 5087 2100 5140 hens:
2139 5101 2157 5134 ι
2195 5081 2298 5147 Qui
2332 5089 2515 5134 autem
2553 5078 2608 5131 in
2654 5090 2819 5131 carne
2873 5079 3025 5138 sunt,
3054 5070 3165 5124 Deo
3208 5066 3423 5138 placere

1865 5197 1881 5227 ι
1921 5192 2026 5230 non
2070 5171 2366 5243 possunt’.
2424 5167 2536 5225 Vos
2572 5178 2753 5223 autem
2809 5180 2923 5219 non
2981 5160 3112 5216 estis
3155 5160 3208 5212 in
3240 5168 3424 5218 carne,

1867 5288 1884 5320 ι
1923 5267 2015 5322 sed
2055 5266 2110 5321 in
2150 5263 2379 5334 Spiritu,
2412 5261 2457 5317 si
2489 5272 2671 5316 tamen
2717 5256 2941 5328 spiritus
2974 5250 3065 5304 Dei
3115 5246 3331 5334 habitat
3367 5245 3422 5297 In

1872 5379 1889 5411 ι
1929 5360 2106 5414 vobis.
2144 5333 2209 5411 Si
2243 5356 2368 5426 quis
2413 5361 2596 5408 autem
2642 5350 2897 5420 spiritum
2933 5339 3137 5398 Christi
3178 5351 3286 5390 nou
3322 5333 3426 5389 ha-

1870 5471 1889 5504 σ
1926 5453 2038 5515 bet,
2071 5450 2161 5504 hic
2188 5463 2293 5504 non
2321 5455 2407 5505 est
2431 5445 2573 5516 ejus.
2607 5461 2626 5495 ι
2661 5437 2914 5496 Procedit
2948 5433 3094 5489 enim
3126 5444 3194 5484 ex
3222 5426 3332 5482 Deo
3374 5436 3429 5480 et

1869 5566 1888 5600 ι
1924 5545 2083 5603 Patre
2107 5544 2345 5615 Spiritus
2380 5553 2606 5599 sanctus
2640 5536 2941 5594 secundum
2976 5526 3281 5586 Salvatoris
3325 5538 3427 5578 vo-

1871 5659 1887 5690 ‹
1926 5654 2062 5706 cem,
2094 5638 2187 5695 sed
2228 5652 2336 5693 non
2379 5642 2463 5692 est
2507 5633 2719 5689 alienus
2768 5643 2797 5683 a
2838 5625 2998 5683 Filio.
3041 5618 3235 5676 Omnia
3280 5615 3424 5685 enim
