3958 6392
523 382 630 446 543
1570 385 1782 446 JOAN.
1823 386 2038 449 VECCI
2076 388 2098 449 (

2225 385 2738 449 ΡΑΤΗΙΑΠΟΗᾸΞ
3655 387 3766 450 διι

523 510 542 543 ι
581 493 744 546 habet
779 509 901 547 cum
933 491 1094 549 Patre
1142 505 1196 548 et
1237 496 1345 549 hoc
1377 496 1493 565 ipse
1540 492 1759 552 edocuit
1784 499 1976 554 dicens
2018 500 2086 554 de

2208 519 2215 552 l
2259 502 2357 572 τὴν
2373 502 2465 554 τοῦ
2485 503 2738 573 Σωτῆρος
2757 500 2964 572 φωνὴν,
2983 499 3099 554 ἀλλ’
3119 499 3219 553 οὐκ
3234 497 3510 570 ἀλλότριόν
3535 500 3651 554 ἐστι
3666 504 3767 556 τοῦ

524 595 541 622 ι
581 579 791 645 Spiritu
839 591 1029 636 sancto
1063 599 1078 636 :
1116 600 1134 633 ι
1165 581 1360 637 Omnia
1410 600 1752 657 quaecunque
1794 589 1958 644 habet
1986 590 2090 645 Pa-

2208 613 2216 645 l
2262 592 2414 646 Υἱοῦ.
2439 594 2625 647 Πάντα
2647 595 2756 662 γὰρ
2779 593 2892 663 ἔχει
2925 594 3065 664 μετὰ
3091 593 3183 645 τοῦ
3221 593 3456 662 Πατρδς,
3488 595 3773 650 καὶτοῦτο

525 686 543 719 ι
581 680 682 733 ter,
730 687 846 724 mea
903 684 1051 727 sunt.
1101 676 1396 743 Propterea
1444 677 1556 731 dixi
1605 680 1792 745 vobis,
1840 683 1968 752 quia
2021 684 2089 738 de

2208 701 2214 734 l
2261 682 2423 744 αὐτὸς
2460 683 2695 746 ἐδίδαξεν
2731 683 2902 737 εἰπὼν
2927 687 3055 753 περὶ
3091 685 3185 736 τοῦ
3228 685 3384 752 ἁγίου
3413 685 3770 752 Πνεύματος’

522 777 540 808 ι
584 775 705 813 meo
733 763 987 831 accipiet,
1017 777 1072 818 et
1098 767 1447 821 annuntiabit
1479 770 1633 825 vobis
1656 771 1697 825 ³.
1738 790 1756 823 ι
1793 772 1936 842 Ergo
1979 773 2091 828 cla-

2208 787 2215 822 l
2267 771 2480 824 ιΠάντα
2501 773 2600 825 ὅσα
2626 773 2737 842 ἔχει
2760 776 2787 826 ὁ
2806 774 2995 844 Πατὴρ
3023 774 3133 842 ἐμά
3159 775 3296 828 ἐστι.
3319 775 3417 827 Διὰ
3434 775 3591 827 τοῦτο
3609 771 3776 828 εἷπον

523 871 541 899 ι
582 853 813 906 rilicavit
843 854 1060 922 quidem
1086 855 1273 911 Jesum
1309 859 1549 928 Spiritus
1578 871 1800 918 sanctus
1847 865 2088 921 admira-

2208 873 2216 906 l
2271 855 2398 921 ὑμῖν
2423 857 2504 909 ὅτι
2537 859 2600 911 ἐκ
2622 859 2717 912 τοῦ
2739 861 2874 929 ἐμοῦ
2905 861 3135 930 λήψεται
3153 863 3245 914 καὶ
3267 863 3554 930 ἀναγγελεῖ
3577 865 3738 934 ὑμῖν.
3753 884 3771 915 ι

526 961 545 993 ι
585 943 713 996 bilia
756 960 1013 1012 operans,
1062 961 1439 1005 verumtamen
1471 961 1532 1006 ut
1565 954 1801 1023 Spiritus
1835 957 1980 1025 ejus,
2033 968 2089 1014 et

2208 961 2222 994 ι
2269 943 2480 997 Οὐκοῦν
2503 945 2721 1010 ἐδόξασε
2757 948 2858 1016 μὲν
2879 950 2938 1000 τὸ
2966 949 3189 1019 Πνεῦμα
3209 950 3268 1004 τὸ
3298 951 3476 1018 ἅγιον,
3506 954 3780 1021 ἐνεργοῦν

523 1055 544 1084 ‹
576 1050 684 1088 non
709 1045 768 1090 ut
793 1039 966 1092 aliena
997 1040 1170 1096 virtus
1202 1053 1256 1096 et
1284 1057 1348 1097 eo
1375 1047 1752 1114 praestantior,
1783 1051 2087 1104 secundum

2208 1049 2217 1083 I
2263 1034 2332 1086 τὰ
2369 1035 2668 1104 παράδοξα,
2719 1036 2859 1107 πλὴν
2888 1038 2963 1102 ὡς
3009 1039 3234 1110 Πνεῦμα
3281 1041 3470 1105 αὑτοῦ,
3518 1043 3612 1095 καὶ
3671 1044 3781 1096 οὐκ

523 1145 546 1198 «γ
579 1127 725 1195 quod
789 1130 1117 1199 intelligitur
1185 1132 1350 1190 Deus.
1411 1135 1530 1190 Non
1592 1138 2090 1208 blasphemavimus

2208 1141 2219 1175 ι
2271 1123 2530 1195 ἀλλοτρία
2581 1127 2835 1198 δύναμις,
2924 1130 3018 1182 καὶ
3071 1132 3334 1200 κρείττων
3386 1133 3572 1199 αὐτοῦ,
3629 1136 3782 1188 καθὸ

525 1234 544 1267 ι
581 1218 752 1287 igitur
787 1221 841 1274 in
873 1233 1098 1278 sanctos
1127 1226 1372 1294 angelos,
1406 1243 1506 1283 nec
1542 1229 1595 1282 in
1621 1231 1913 1300 pr0phetas
1948 1233 2091 1288 sicut

2208 1232 2221 1266 ι
2281 1219 2481 1270 νοεῖται
2529 1218 2680 1281 Θεός.
2755 1221 2831 1274 Οὐ
2884 1221 3386 1294 δεδυσφημήκαμεν
3438 1227 3622 1279 τοίνυν
3695 1231 3780 1292 είς

526 1326 544 1358 ι
585 1311 767 1364 dicere
794 1315 1163 1383 praesumpsit,
1201 1318 1291 1383 qui
1325 1318 1670 1375 solummodo
1698 1337 1958 1378 accusare
1987 1340 2089 1380 no-

2208 1324 2218 1357 ι
2264 1307 2769 1378 ἁγίουξάγγέλους,
2802 1311 2926 1365 οὔτε
2979 1315 3086 1384 μὴν
3133 1317 3214 1376 είς
3263 1319 3571 1386 προφήτας,
3614 1322 3777 1374 καθὰ

525 1419 544 1451 ι
581 1401 681 1454 vit.
715 1401 850 1466 Quia
887 1419 1016 1458 vero
1047 1409 1383 1475 propositum
1418 1411 1539 1478 ejus
1571 1421 1624 1466 et
1660 1414 1935 1469 sociorum
1983 1425 2086 1482 est,

2208 1415 2219 1448 ι
2264 1400 2602 1470 τετόλμηκεν
2633 1405 2816 1458 εἰπεῖν
2871 1405 2899 1456 ὁ
2927 1406 3083 1476 μόνος,
3129 1405 3284 1470 εἰδὼς
3320 1409 3378 1459 τὸ
3405 1413 3780 1480 κακηγορεῖν.

526 1511 543 1543 ι
583 1501 641 1546 ut
690 1509 856 1547 unum
911 1497 963 1548 in
1015 1498 1155 1552 duos
1201 1497 1450 1556 Chnstos
1500 1504 1785 1570 dividant,
1832 1515 1885 1559 et
1934 1506 2088 1562 illum

2208 1509 2221 1542 ι
2278 1492 2437 1543 Ἐπεὶ
2463 1493 2519 1545 δέ
2550 1495 2666 1546 ἐστι
2692 1496 2889 1558 σκοπὸς
2925 1498 3074 1566 αὐτῷ
3103 1514 3161 1550 τε
3181 1499 3275 1550 καὶ
3302 1501 3414 1562 τοῖς
3445 1501 3568 1553 κατ’
3603 1503 3781 1556 αὐτὸν

529 1598 546 1629 ι
585 1581 803 1648 quidem
837 1584 1152 1651 clariﬁcari,
1185 1597 1240 1641 et
1272 1589 1339 1642 ad
1372 1592 1708 1660 operandum
1753 1596 2087 1664 promoveri,

2208 1599 2218 1633 ι
2273 1582 2335 1635 τὸ
2377 1582 2605 1653 διαιρεῖν
2663 1587 2744 1649 είς
2775 1587 2866 1640 δύο
2909 1588 3181 1658 Χριστοὺς
3222 1590 3312 1642 τὸν
3353 1590 3471 1654 ἕνα,
3523 1593 3621 1645 καὶ
3681 1594 3782 1646 τὸν
3841 1658 3846 1663 τ

538 1689 557 1721 ι
597 1671 744 1727 hunc
782 1689 911 1729 vero
945 1688 999 1730 et
1029 1677 1329 1735 elariﬁcare
1359 1691 1412 1735 et
1452 1685 1668 1752 operari
1707 1686 1892 1740 dicant
1922 1704 1936 1741 :
1969 1688 2090 1742 ideo

2208 1690 2220 1724 ι
2271 1672 2367 1742 μὲν
2425 1673 2786 1747 δοξαζόμενὸν
2843 1696 2904 1732 τε
2955 1681 3047 1733 καὶ
3111 1683 3525 1752 ἐνεργούμενον,
3572 1686 3668 1738 τὸν
3725 1688 3780 1741 δέ

525 1779 545 1813 ι
580 1775 814 1834 carpunt
869 1767 1194 1838 insipienter
1252 1789 1470 1828 omnem
1525 1792 1834 1832 sermonem
1903 1781 2087 1848 pium,

2208 1785 2220 1816 ι
2265 1767 2554 1834 δοξάζοντά
2604 1787 2663 1822 τε
2718 1771 2813 1824 καὶ
2866 1772 3194 1840 ἐνεργοῦντα
3223 1774 3402 1843 λέγειν
3428 1792 3442 1808 ο
3478 1779 3778 1834 κατασκώο

527 1872 547 1904 ι
582 1865 636 1909 et
667 1859 761 1926 qui
817 1837 1039 1930 ipsosia
1085 1865 1179 1918 tali
1213 1881 1470 1935 perversa
1513 1871 1784 1924 sententia
1830 1873 2088 1927 dimovet.

2209 1874 2226 1906 ι
2282 1873 2507 1912 πτουσιν
2577 1861 2852 1925 ἀσυνέτως
2912 1864 3088 1916 πάντα
3140 1867 3308 1934 ,λόγον
3360 1868 3582 1937 εὐσεϐῆ,
3676 1872 3778 1924 καὶ

527 1967 545 1999 ι
583 1948 820 2006 Proinde
851 1964 904 2008 et
937 1957 1004 2010 de
1047 1958 1206 2014 beato
1247 1960 1496 2016 Gahriele
1532 1962 1736 2018 faciens
1785 1979 2092 2019 sermonem

2208 1951 2366 2017 ιτῆς
2443 1954 2704 2022 τοιαύτης
2761 1955 2957 2017 αὐτοὺς
3033 1958 3348 2024 ἀφιστῶντα
3427 1961 3770 2028 κακοδοξίας.

527 2059 548 2092 ι
586 2043 952 2100 calumniator
1006 2048 1109 2103 iste
1154 2052 1402 2105 :etenim
1453 2055 1752 2109 secundum
1824 2071 2046 2111 carnem
2078 2095 2093 2121 ,

530 2154 549 2186 ι
587 2137 790 2207 inquit,
823 2139 1104 2196 Christum
1150 2161 1216 2198 ex
1246 2144 1455 2215 Spiritu
1490 2157 1684 2204 sancto
1721 2159 1910 2204 natum
1946 2166 2095 2215 esse,

529 2245 548 2275 ι
585 2229 795 2296 primus
859 2231 991 2296 ille,
1049 2244 1105 2289 et
1153 2246 1276 2291 ante
1320 2237 1701 2295 formationem
1759 2243 2093 2311 pra-dicavit.

531 2335 550 2368 ι
588 2318 743 2376 Alius
779 2322 945 2392 igitur
971 2335 1055 2380 est
1089 2327 1342 2383 Christus
1372 2331 1483 2393 ille,
1518 2332 1610 2400 qui
1643 2333 1944 2388 secundum
1973 2350 2097 2390 car-

529 2428 548 2459 ι
587 2423 735 2476 nem,
778 2424 830 2466 et
867 2415 1006 2470 alius
1037 2420 1268 2474 seorsim
1301 2421 1558 2477 Christus
1603 2440 1794 2480 rursus
1828 2424 2094 2495 Verbum,

529 2518 548 2549 ι
589 2503 730 2568 quod
767 2517 830 2556 ex
865 2502 976 2557 Deo
1002 2504 1162 2561 Patre
1199 2517 1304 2563 est.
1339 2507 1442 2564 Ubi
1472 2510 1638 2580 igitur
1664 2512 1840 2566 unio?
1889 2524 1944 2568 et
1975 2530 2097 2582 quae

529 2608 548 2640 ι
591 2591 716 2646 inde
737 2595 945 2650 utilitas
973 2599 1017 2651 si
1050 2599 1160 2652 duo
1189 2599 1394 2654 Christi
1423 2609 1476 2654 et
1499 2603 1727 2657 seorsim
1758 2619 1823 2658 ac
1852 2604 2095 2672 divisim,

531 2700 549 2732 ι
589 2692 644 2737 ut
677 2695 906 2756 uterque
947 2689 1303 2759 intelligatur,
1341 2707 1406 2746 ac
1451 2693 1820 2762 praedicetur?
1887 2697 2096 2764 Eapro-

530 2793 549 2824 ι
588 2784 703 2842 pter
735 2777 861 2832 licet
898 2781 1119 2848 pietatis
1149 2797 1380 2849 persona
1432 2798 1490 2837 se
1521 2785 1772 2850 induant,
1827 2793 1882 2840 et
1927 2801 2096 2840 unum

530 2880 550 2913 ι
588 2865 773 2918 dicant
829 2883 951 2923 esse
1015 2869 1334 2937 Christum,
1392 2887 1518 2927 vere
1566 2886 1747 2928 tamen
1793 2876 1930 2931 duos
1976 2892 2100 2933 esse

532 2973 550 3002 ι
591 2963 868 3022 putantes,
902 2959 1130 3013 audiant
1159 2976 1189 3014 a
1215 2961 1372 3017 nobis
1400 2979 1413 3015 :
1454 2963 1748 3032 Usquequo
1775 2965 2098 3022 claudicatis

532 3062 551 3094 ι
593 3045 644 3099 in
677 3048 945 3103 ambobus
975 3051 1298 3119 peplitihus.
1349 3051 1535 3107 Satius
1561 3055 1709 3108 enim
1753 3055 1919 3110 fuerit
1953 3065 2098 3112 recte

2203 2057 2222 2090 ι
2270 2043 2378 2094 Καὶ
2402 2043 2532 2110 γοῦν
2566 2048 2695 2116 περὶ
2721 2047 2812 2100 τοῦ
2868 2050 3142 2120 μακαρίου
3201 2053 3443 2123 Γαϐριὴλ
3474 2057 3562 2108 τὸν
3603 2057 3761 2125 λόγον

2199 2149 2221 2184 ‹
2269 2133 2588 2204 ποιούμενος
2638 2139 2668 2190 ὁ
2702 2138 2967 2206 φιλαίτιος
3010 2142 3221 2208 οὐτοσὶ,
3276 2144 3380 2197 Τὸν
3451 2147 3562 2215 γὰρ
3621 2149 3768 2202 κατὰ

2203 2243 2221 2278 ι
2271 2230 2469 2294 σάρκα,
2526 2229 2682 2298 φησὶ,
2713 2231 2948 2300 Χριστὸν
3009 2233 3073 2286 ἐκ
3109 2233 3426 2305 Πνεύματος
3467 2237 3628 2304 ἁγίου
3675 2257 3776 2307 γε-

2204 2335 2223 2368 ι
2269 2318 2532 2386 γενῆσθαι
2580 2322 2795 2390 πρῶτος
2822 2323 3058 2389 ἐκεῖνος,
3113 2325 3208 2378 καὶ
3265 2326 3371 2396 πρὸ
3405 2328 3506 2397 τῆς
3544 2330 3781 2383 διαπλά-

2205 2425 2226 2460 t
2275 2426 2411 2473 σεως
2457 2410 2748 2481 ἐκήρυξεν.
2819 2413 3050 2482 Ἕτερος
3097 2411 3194 2469 οὖν
3228 2417 3337 2487 ἄρα
3369 2419 3487 2472 ἐστὶ
3528 2421 3774 2492 Χριστος

2207 2517 2228 2552 ι
2277 2501 2370 2552 καὶ
2404 2501 2588 2572 ἕτερος
2624 2503 2809 2566 ίδικῶς
2840 2504 3073 2573 Χριστὸς
3105 2509 3132 2558 ὁ
3175 2509 3318 2560 κατὰ
3346 2511 3550 2581 σάρκα,
3581 2515 3682 2566 καὶ
3706 2519 3771 2587 δὴ

2205 2609 2224 2643 ι
2278 2592 2438 2646 πάλιν
2471 2597 2498 2646 ὁ
2531 2597 2595 2646 ἐκ
2626 2595 2762 2648 Θεοῦ
2792 2598 3004 2666 Πατρὸς
3047 2598 3241 2667 Λόγος.
3279 2601 3389 2654 Ποῦ
3422 2606 3608 2658 τοίνυν
3659 2608 3692 2675 ή
3721 2608 3774 2659 ἓ.-

2206 2703 2225 2736 t
2289 2701 2473 2748 νωσις,
2503 2687 2596 2738 καὶ
2627 2686 2679 2738 τί
2741 2687 2803 2738 τὸ
2834 2689 3085 2742 ἐντεῦθεν
3141 2689 3356 2759 ὄφελος,
3408 2695 3459 2747 εί
3506 2694 3603 2747 δύο
3648 2696 3778 2765 Χρι-

2206 2795 2225 2827 ι
2289 2779 2401 2830 στοὶ
2451 2777 2630 2838 ιδικῶς
2655 2779 2748 2831 καὶ
2799 2781 2902 2832 ἀνὰ
2950 2781 3114 2851 μέρος
3167 2784 3396 2847 ἕκαστος
3428 2788 3636 2840 νοεῖται
3681 2791 3777 2841 καὶ

2213 2883 2230 2915 ι
2273 2865 2524 2934 λέγεται;
2553 2865 2760 2919 Οὐκοῦν
2789 2867 2890 2920 κᾶν
2921 2871 2990 2934 εἰ,
3020 2871 3079 2922 τὸ
3110 2871 3210 2941 τῆς
3241 2873 3527 2937 εὐσεϐείας
3547 2892 3773 2946 προσω-

2206 2975 2226 3008 ι
2285 2960 2436 3011 πείον
2465 2959 2680 3020 ἑαυτοῖς
2709 2961 3188 3032 περιπλάττοντες,
3225 2965 3324 3019 ἕνα
3351 2966 3564 3036 λέγωσι
3607 2971 3780 3040 Χρισ-

2213 3065 2232 3098 ι
2293 3049 2403 3112 τὸν,
2438 3050 2532 3103 δύο
2563 3053 2887 3123 φρονοῦντες
2923 3057 3062 3108 κατὰ
3096 3057 3381 3125 ἀλήθειαν,
3413 3062 3780 3118 άκουέτωσαν

457 3135 472 3150 ⁸
531 3154 553 3187 ι
594 3137 869 3206 incedere,
913 3141 1073 3198 ﬁdem
1123 3145 1390 3201 habentes
1435 3162 1627 3215 puram
1677 3156 1731 3203 et
1771 3149 2006 3218 ﬁrmam,
2043 3159 2098 3205 et

2208 3157 2227 3190 ι
2283 3140 2422 3210 πρὸς
2451 3143 2482 3210 ή
2493 3141 2628 3210 μῶν,
2656 3142 2801 3207 Ἕως
2831 3145 2961 3198 ποτε
2990 3147 3280 3216 χωλανεῖτε
3303 3152 3394 3202 ἐπ’
3428 3153 3779 3224 ἀμφοτέραις

535 3246 702 3298 «έηοιι
729 3233 909 3291 stultis
936 3235 1290 3306 opinionibus
1316 3237 1732 3296 claudicantem.
1768 3259 1786 3292 ι

1090 3542 1522 3601 Animadversio.

608 3673 627 3706 ι
665 3654 956 3724 Perspicua
986 3655 1278 3712 admodum
1308 3667 1396 3714 est
1426 3667 1482 3714 et
1533 3661 1621 3715 hic
1657 3675 1878 3730 quoque
1923 3671 2099 3717 sancti

536 3764 556 3798 ι
595 3747 862 3803 doctrina.
895 3747 1107 3804 Rursus
1145 3750 1289 3804 enim
1334 3752 1536 3806 ibidem
1583 3753 1800 3817 asserit,
1843 3767 1908 3807 ex
1939 3751 2102 3808 Patre

537 3856 554 3888 ι
597 3836 861 3906 Spiritum
929 3839 1261 3908 procedere,
1334 3850 1388 3896 et
1437 3842 1707 3913 dogmatis
1775 3844 2097 3913 magistrum

2207 3250 2227 3284 ι
2281 3236 2402 3294 ταῖς
2455 3233 2666 3302 ἰγνύαις
2713 3236 2906 3305 ὑμῶν;
2950 3239 3296 3307 Ὀρθοποδεῖν
3361 3244 3472 3313 γὰρ
3523 3246 3776 3314 ἄμεινον,

2207 3344 2226 3377 ι
2285 3324 2468 3378 πίστιν
2514 3327 2737 3396 ἔχοντας
2769 3328 2870 3399 τὴν
2905 3330 3172 3401 ἀϐέϐηλον
3203 3332 3300 3385 καὶ
3345 3337 3776 3410 ἐρηρεισμένην,

2208 3436 2227 3470 ι
2277 3419 2373 3471 καὶ
2397 3419 2497 3473 οὐκ
2518 3421 2801 3485 άσυνέτοις
2829 3423 3138 3487 σκάζουσαν
3166 3425 3469 3498 λογισμοῖς.
3510 3448 3529 3480 ι

2791 3537 3172 3596 Ἐπιστασια.

2222 3648 2244 3713 1
2277 3667 2296 3700 ι
2357 3650 2545 3721 Σαφὴς
2568 3649 2707 3704 πάνυ
2735 3650 3015 3704 κάνταῦθα
3043 3650 3193 3723 ήιτοῦ
3229 3652 3385 3720 ἁγίου
3428 3652 3776 3711 διδασκαλίαι

2209 3757 2228 3792 ι
2276 3740 2437 3808 Λέγει
2476 3740 2585 3812 γὰρ
2608 3741 2700 3795 καὶ
2731 3740 2894 3794 πάλιν
2921 3741 3321 3813 ἐκπορεύεσθαι
3350 3744 3409 3796 τὸ
3438 3745 3673 3816 Πνεῦμα
3714 3751 3778 3802 ἐκ

2208 3848 2228 3882 ι
2281 3831 2496 3901 Πατρὸς
2530 3832 2850 3886 διδάσκαλον
2877 3832 2971 3886 τοῦ
3015 3836 3261 3888 τοιούτου
3293 3835 3568 3907 δόγματος
3618 3839 3778 3892 αὐτὸν

537 3949 554 3982 ι
594 3931 933 3987 Salvator-em
968 3935 1143 4003 ipsum
1167 3935 1406 4000 adducit,
1432 3938 1712 4006 proprium
1736 3953 1862 3994 vero
1881 3937 2024 4006 Filii,
2045 3950 2098 3997 et

2211 3939 2231 3974 ι
2289 3921 2380 3976 τὸν
2411 3921 2643 3992 Σωτῆρα
2665 3922 2954 3991 παράγων,
2986 3923 3118 3976 ίδιον
3142 3923 3200 3977 δὲ
3228 3920 3368 3978 εἶναι
3399 3925 3493 3979 τοῦ
3531 3928 3662 3982 Υξοῦ
3686 3929 3778 3982 καὶ

537 4041 554 4072 ι
594 4039 699 4077 non
725 4025 964 4080 alienum
997 4037 1256 4098 tanquam
1280 4032 1824 4088 consubstantialem.
1858 4053 1877 4086 »

1159 4141 1463 4212 Refutatio.

607 4244 897 4314 Proprium
939 4247 1063 4303 Filii
1097 4249 1236 4305 dicis
1287 4251 1553 4320 Spiritum
1599 4263 1656 4309 et
1687 4272 1799 4311 non
1839 4257 2100 4328 alienum,

534 4340 663 4406 quia
699 4342 1207 4398 consubstantialis.
1257 4343 1370 4415 Ego
1405 4362 1537 4401 vero
1583 4347 1815 4404 dixerim
1861 4354 2101 4409 consub-

531 4433 838 4486 stantialem
868 4433 1008 4489 Filio
1041 4435 1331 4504 Spiritum,
1378 4439 1505 4508 quia
1554 4438 1676 4494 Filii
1715 4447 1994 4513 proprius,
2031 4461 2103 4501 ne

2209 4033 2229 4066 ι
2289 4016 2390 4070 οὐκ
2416 4015 2726 4096 ἀλλότριον,
2753 4015 2828 4080 ὡς
2849 4015 3156 4085 ὁμοούσιον.
3198 4035 3217 4068 ι

2761 4133 3142 4202 Ἁηιρῤησις.

2279 4245 2444 4299 Ἴδιον
2471 4245 2566 4300 τοῦ
2599 4245 2734 4299 Υίοῦ
2763 4245 2944 4314 λέγεις
2969 4245 3030 4299 τὸ
3062 4247 3285 4316 Πνεῦμα
3324 4247 3421 4300 καὶ
3462 4249 3568 4301 οὐκ
3619 4248 3780 4302 ἀλλό-

2203 4353 2378 4404 τριον,
2413 4337 2496 4388 ὃτι
2519 4336 2806 4405 ὁμοούσιον
2852 4335 2984 4404 Υίῷ.
3030 4334 3173 4405 Ἐγὼ
3206 4337 3263 4389 δέ
3295 4353 3439 4406 φημι
3483 4339 3781 4406 ὁμοούσιον

2205 4427 2322 4498 Υἱῷ
2336 4427 2398 4481 τὸ
2413 4427 2658 4496 Πνεῦμα,
2678 4429 2762 4481 ὅτι
2783 4427 2916 4482 ῐδιον
2936 4427 3090 4492 Υίοῦ,
3113 4429 3200 4481 ἵνα
3226 4427 3299 4498 μὴ
3317 4429 3665 4503 ἀκολουθήσῃ
3689 4433 3784 4484 καὶ

531 4534 819 4594 sequatur,
850 4525 1051 4581 Filium
1089 4527 1373 4596 pr0prium
1415 4531 1635 4598 quidem
1688 4532 1928 4602 Spiritus
1966 4536 2098 4603 dici,

2208 4520 2296 4573 τὸν
2327 4519 2456 4574 Υίδν
2480 4520 2612 4573 ἴδιον
2632 4519 2727 4573 τοῦ
2757 4520 2897 4573 Πνεύ
2907 4537 3078 4590 ματος
3106 4520 3384 4586 λέγεσθαι,
3413 4521 3490 4584 ὡς
3510 4522 3589 4592 τῷ
3616 4523 3785 4576 Πνεύ-

532 4627 792 4687 tanquam
847 4623 941 4690 qui
995 4621 1480 4678 consubstantialis
1523 4623 1754 4692 Spiritui
1809 4636 1914 4680 est.
1960 4627 2098 4683 Cum

531 4727 661 4766 vero
696 4712 834 4767 dicis
867 4722 1119 4768 sanctum
1148 4713 1412 4784 Cyrillum
1441 4714 1782 4769 Salvatorem
1823 4718 2100 4775 adducere

533 4803 857 4872 magistrum
898 4805 1174 4859 dicentem
1209 4805 1474 4875 Spiritum
1498 4806 1794 4876 procedere
1825 4824 1894 4863 ex
1917 4808 2099 4879 Patre,

531 4893 815 4948 sciendum
834 4904 921 4950 est
948 4895 1067 4959 tibi,
1101 4902 1161 4948 ut
1199 4905 1255 4950 et
1284 4896 1339 4950 in
1367 4897 1488 4952 aliis
1525 4897 1953 4965 insinuavimus,
1995 4901 2103 4955 Do-

531 4983 795 5037 minicam
835 4999 1023 5038 vocem
1075 4985 1217 5038 sumi
1262 5000 1290 5038 a
1326 4995 1516 5040 sancto
1563 4988 1626 5040 ad
1663 4989 2099 5042 conﬁrmandum

533 5071 798 5140 Spiritum
843 5087 912 5127 ex
958 5071 1119 5127 Patre
1169 5088 1292 5128 esse
1327 5076 1786 5143 quemadmodum
1841 5079 1978 5132 locis
2045 5079 2102 5132 in

533 5165 659 5220 aliis
685 5165 753 5219 ab
779 5165 898 5234 ipso
930 5175 1122 5221 sancto
1149 5167 1373 5237 Cyrillo,
1407 5180 1463 5224 et
1492 5169 1560 5224 ab
1584 5171 1706 5225 aliis
1733 5172 1917 5226 multis
1947 5171 2103 5225 theo-

528 5255 672 5325 logis
727 5253 981 5311 Patribus
1041 5257 1159 5312 aliae
1226 5258 1524 5316 Dominicae
1591 5260 1900 5328 dictiones,
1959 5264 2102 5317 inter

530 5363 689 5418 quas,
733 5357 934 5420 etquae
979 5352 1199 5418 asserit,
1244 5352 1508 5423 Spiritum
1539 5356 1785 5411 veritatis
1835 5355 2098 5425 Spiritum

526 5448 778 5494 sanctum
806 5453 952 5506 esse,
999 5451 1053 5495 et
1095 5457 1215 5511 quae
1259 5459 1325 5497 ex
1358 5443 1498 5498 Filio
1533 5443 1684 5497 illum
1729 5443 1975 5512 accipere
2008 5443 2101 5498 de-

526 5530 726 5593 clarat,
758 5530 823 5584 ad
878 5533 1346 5604 comprobandum
1395 5549 1461 5590 ex
1505 5532 1645 5590 Filio
1675 5548 1893 5604 quoque
1941 5548 2097 5590 eum-

526 5621 648 5676 dem
686 5637 826 5678 esse.

598 5805 618 5835 ³
638 5801 794 5858 Joan.
831 5818 938 5873 xw,
968 5805 1056 5861 15.

2204 4629 2336 4685 ματι
2371 4613 2682 4682 ὀμοούσιον.
2732 4613 2822 4666 Ἐν
2853 4613 2912 4666 δὲ
2961 4614 3040 4682 τῷ
3088 4614 3271 4682 λέγειν
3301 4612 3374 4691 ᾡς
3410 4615 3439 4666 ὁ
3471 4615 3632 4682 ἅγιος
3666 4615 3783 4669 Κύ-

2203 4706 2384 4776 ριλλος
2440 4705 2763 4760 διδάσκαλον
2813 4706 2908 4761 τὸν
2972 4707 3203 4777 Σωτῆρα
3266 4708 3507 4776 παράγει
3562 4708 3661 4761 τοῦ
3717 4710 3778 4762 τδ

2201 4796 2426 4865 Πνεῦμα
2476 4797 2878 4868 ἐκπορεύεσθαι
2931 4799 2996 4850 ἐκ
3050 4798 3289 4869 Πατρδς,
3331 4797 3533 4852 εἰδέναι
3586 4817 3648 4852 σε
3693 4800 3778 4853 δεῖ

2203 4887 2348 4941 καθὰ
2373 4890 2470 4942 καὶ
2499 4891 2556 4942 ἐν
2583 4889 2766 4952 ἄλλοις
2793 4890 3114 4960 εἰρήκειμεν
3169 4891 3244 4953 ὡς
3265 4892 3298 4959 ή
3333 4890 3590 4961 Κυριακὴ
3625 4893 3780 4962 φωνὴ
3879 4950 3882 4952 ,

2201 4977 2280 5047 τῷ
2315 4977 2454 5046 ἁγίῳ
2483 4979 2976 5049 παραλαμϐάνεται
3017 4981 3096 5042 είς
3125 4979 3435 5050 μαρτυρίαν
3477 4981 3574 5034 τοῦ
3638 4977 3782 5035 εἶναι

2201 5068 2264 5121 τὸ
2315 5069 2540 5140 Πνεῦμα
2583 5071 2648 5123 ἐκ
2675 5070 2770 5122 τοῦ
2819 5071 3052 5141 Πατρός.
3095 5071 3308 5141 Ὠσπερ
3337 5067 3432 5126 οὖν
3477 5074 3536 5126 ἐν
3590 5073 3780 5137 ἄλλοις

2202 5160 2352 5230 αὐτῷ
2391 5177 2452 5212 τε
2487 5159 2566 5231 τῷ
2606 5161 2748 5233 ἁγίῳ
2781 5162 3054 5233 Κυρίλλῳ,
3083 5164 3177 5215 καὶ
3204 5163 3422 5226 πολλοῖς
3448 5163 3637 5229 ἄλλοις
3668 5165 3780 5218 τῶν

2206 5250 2476 5321 θεολόγων
2532 5251 2793 5324 Πατέρων
2841 5253 2896 5305 αἱ
2948 5253 3106 5308 ἄλλαι
3155 5255 3438 5324 Κυριακαὶ
3490 5257 3689 5325 φωναὶ,
3744 5257 3776 5326 ἡ

2203 5343 2432 5412 Πνεῦμα
2488 5342 2746 5410 ἀληθείας
2799 5342 3002 5415 δηλαδὴ
3032 5343 3271 5413 λέγουσα
3322 5345 3384 5397 τὸ
3447 5345 3677 5417 Πνεῦμα
3718 5345 3778 5398 τὺ

2207 5435 2386 5504 ἅγιον,
2417 5436 2510 5488 καὶ
2553 5437 2588 5504 ή
2617 5437 2681 5489 ἐκ
2725 5435 2819 5489 τοῦ
2853 5436 2986 5490 Υίοῦ
3014 5437 3317 5508 λαμϐάνειν
3341 5437 3584 5506 δηλοῦσα
3624 5438 3773 5500 αὐτὸ,

2205 5530 2286 5592 εἰς
2322 5531 2635 5600 μαρτυρίαν
2686 5529 3215 5604 παραλαμϐάνονται
3261 5529 3359 5583 τοῦ
3415 5532 3510 5584 καὶ
3573 5533 3638 5586 ἐκ
3682 5546 3773 5584 του

2205 5621 2339 5676 Υίοῦ
2376 5621 2533 5678 εἶναι
2576 5624 2727 5679 αὐτό.
