3958 6412
201 337 312 402 545

276 559 406 612 PB'.
447 555 648 609 «Ὅταν
671 557 725 609 δὲ
748 555 882 627 λέγῃ
903 557 1028 628 περὶ
1059 556 1153 610 τοῦ
1180 557 1520 626 Πνεύματος,
1548 576 1567 608 ι
1598 555 1779 609 Ἐκεῖ-

200 671 218 701 c
282 666 376 711 νος
411 647 510 717 ἐμὲ
537 647 775 713 δοξάσει,
810 667 829 700 ι
867 648 1116 712 νοοῦντες
1147 649 1348 718 ὀρθῶς,
1375 647 1478 717 οὐχ
1510 648 1587 709 ὡς
1620 647 1778 716 δόξης

197 760 216 789 σ
267 741 471 792 ἐπιδεᾶ
504 738 606 807 τῆς
629 739 762 808 παρ’
791 739 979 808 ἐτέρου
1017 740 1196 808 φαμὲν
1242 738 1335 790 τὸν
1399 738 1495 790 ἕνα
1541 736 1780 806 Χριστὸν

201 853 218 881 ε
268 835 365 884 καὶ
395 831 551 894 Υἱὸν,
604 832 704 899 τὴν
735 831 884 899 παρὰ
922 831 1018 882 τοῦ
1059 831 1215 896 ἁγίου
1271 829 1589 897 Πνεύματος
1623 827 1782 890 δόξαν

200 945 217 974 ι
271 924 427 994 ἔχειν
475 926 557 976 ὅτι
596 923 732 993 μηδέ
764 926 1010 992 κρεῖττον
1053 922 1194 992 ύπὲρ
1235 921 1395 975 αὐτὸν
1436 921 1497 972 τὸ
1559 919 1782 989 Πνεῦμα

204 1037 222 1068 ι
266 1015 464 1070 αὐτοῦ.
517 1016 670 1068 Ἐπεὶ
703 1014 760 1068 δὲ
807 1016 888 1076 εἰς
917 1014 1140 1077 ἔνδειξιν
1173 1015 1272 1083 τῆς
1305 1008 1471 1066 αὐτοῦ
1532 1011 1782 1079 θεότητος

207 1129 227 1160 ι
275 1107 486 1178 ἐχρῆτο
516 1105 594 1175 τῷ
651 1106 1108 1176 ἰδίῳΙΠνεύματι
1164 1105 1301 1174 πρὸς
1355 1102 1780 1174 μεγαλουργίαν,

145 1256 156 1264 ,
202 1221 223 1254 ι
267 1201 595 1266 δεδοξάσθαι
647 1201 781 1270 παρ’
811 1201 979 1253 αὐτοῦ
1035 1217 1220 1268 φησιν,
1255 1200 1446 1268 ὥσπερ
1476 1199 1541 1251 ἂν
1585 1200 1634 1250 εί
1690 1198 1783 1250 καί

207 1313 224 1345 ι
268 1311 358 1356 τις
387 1294 529 1363 λέγῃ
553 1290 663 1344 τῶν
692 1291 814 1344 καθ’
847 1292 994 1360 ἡμᾶς
1027 1292 1156 1362 περὶ
1183 1292 1282 1360 τῆς
1315 1290 1543 1358 ἐνούσης
1599 1288 1784 1358 ἰσχύος

208 1405 226 1436 ι
271 1383 429 1454 αύτῷ
455 1383 642 1452 τυχὸν,
694 1381 727 1452 ἦ
768 1380 898 1449 γοῦν
949 1383 1261 1451 ἐπιστήμης
1306 1382 1403 1450 τῆς
1439 1380 1524 1449 ἐφ’
1557 1379 1780 1450 ὁτῳοῦν.

210 1495 230 1529 ι
277 1477 361 1529 ὅτι
395 1476 728 1538 Δοξάσουσιν
758 1475 878 1542 ἐμέ.
910 1473 971 1526 Εἰ
1002 1474 1110 1544 γὰρ
1142 1475 1235 1526 καὶ
1261 1474 1414 1526 ἐστιν
1455 1475 1514 1525 ἐν
1554 1471 1784 1524 ὑποστά-

216 1587 233 1618 ι
273 1584 357 1619 σει
388 1565 451 1618 τὸ
478 1562 706 1633 Πνεῦμα
736 1563 902 1632 ίδικῇ,
927 1563 1020 1614 καὶ
1054 1565 1255 1615 νοεῖται
1281 1560 1403 1614 καθ’
1437 1559 1622 1624 ἑαυτὸ,
1649 1556 1787 1611 καθὸ

212 1677 229 1707 ι
272 1655 500 1724 Πνεῦμά
525 1657 640 1705 ἐστι
669 1654 762 1704 καὶ
789 1651 886 1720 οὐχ
917 1651 1064 1714 Υἱὸς,
1098 1649 1217 1702 ἀλλ’
1242 1649 1359 1718 οὖν,
1386 1649 1485 1701 οὐκ
1508 1647 1788 1716 ἀλλότριόν

222 1766 241 1797 ι
291 1746 439 1798 ἐστιν
473 1741 660 1796 αὑτοῦ.
698 1741 924 1810 Πνεῦμα
971 1742 1081 1810 γὰρ
1128 1739 1388 1808 ἀληθείας
1441 1736 1780 1807 ὠνόμασται,

226 1856 244 1887 ι
290 1837 531 1906 καθάπερ
553 1834 751 1904 ἀμέλει
783 1835 876 1886 καὶ
927 1834 992 1886 ἐκ
1053 1831 1146 1885 τοῦ
1199 1830 1336 1884 Θεοῦ
1394 1831 1490 1883 καὶ
1539 1830 1773 1898 Πατρός.

223 1947 240 1979 ι
298 1929 625 1996 Ἐνεργῆσαν
653 1925 946 1996 τοιγαροῦν
975 1926 1037 1977 τὸ
1059 1923 1286 1992 Πνεῦμα
1325 1923 1419 1976 atati.
1454 1922 1542 1976 διὰ
1577 1921 1778 1991 χειρῶν

217 2039 234 2071 ι
275 2019 381 2071 τῶν
407 2018 580 2086 ἁγίων
602 2019 919 2070 ἀποστόλων
943 2018 1012 2070 τὰ
1039 2016 1339 2086 παράδοξα,
1375 2014 1516 2084 μετά
1535 2014 1596 2067 τὸ
1625 2013 1777 2067 ἀνελ-

204 2129 225 2162 ι
279 2111 394 2164 θεῖν
425 2112 520 2163 τὸν
576 2108 784 2179 Κύριον
813 2109 972 2178 ἡμῶν
1017 2108 1224 2178 Ἰησοῦν
1270 2107 1504 2176 Χριστὸν
1558 2107 1638 2167 εἰς
1685 2105 1779 2156 τὸν

205 2224 223 2254 ι
265 2201 524 2273 οὐρανὸν,
588 2200 842 2266 ἐδόξασεν
889 2198 1077 2252 αὐτόν.
1138 2197 1472 2265 Ἐπιστεύθη
1535 2197 1644 2265 γὰρ
1691 2196 1776 2248 ὅτι

202 2314 221 2345 ι
267 2294 402 2356 Θεὸς
437 2293 580 2347 κατὰ
619 2292 780 2361 φύσιν
805 2293 942 2346 ἐστί.
983 2293 1150 2346 Πάλιν
1200 2292 1360 2354 αὐτὸς
1418 2290 1658 2359 ἐνεργῶν
1687 2289 1776 2341 διὰ

197 2407 216 2439 ι
264 2387 363 2439 τοῦ
395 2387 556 2455 ἁγίου
593 2385 915 2456 Πνεύματος
947 2385 1184 2454 ἔφασκεν
1212 2385 1293 2436 ὅτι
1329 2402 1348 2434 ι
1401 2383 1496 2436 Ἐκ
1516 2383 1610 2435 τοῦ
1637 2382 1772 2452 ἐμοῦ

195 2496 214 2527 ι
263 2476 506 2547 λήψεται
542 2477 634 2529 καὶ
666 2475 960 2542 ἀναγγελεῖ
990 2475 1138 2544 ὑμῖν.
1177 2493 1195 2525 ι
1230 2475 1341 2526 Καὶ
1369 2472 1484 2525 οὔτι
1535 2474 1637 2525 πού
1672 2487 1777 2540 φα-

198 2590 217 2619 ι
271 2585 378 2638 μεν
411 2569 486 2632 ὡς
523 2570 588 2622 ἐκ
618 2568 854 2639 μετοχῆς
886 2568 948 2620 τὸ
982 2566 1207 2636 Πνεῦμά
1239 2568 1378 2630 ἐστι,
1411 2564 1573 2633 σοφόν
1601 2581 1659 2616 τε
1685 2564 1780 2617 καὶ

195 2680 214 2711 ‹
263 2660 499 2713 δυνατόν
523 2672 539 2687 ⁶
565 2659 886 2710 παντέλειον
914 2657 1023 2726 γὰρ
1055 2662 1150 2709 καὶ
1174 2654 1470 2724 ἀπροσδεές
1498 2656 1614 2706 ἐστι
1645 2672 1780 2706 παν-

199 2771 218 2802 ι
264 2750 363 2813 τὸς
395 2749 626 2818 ἀγαθοῦ.
670 2748 826 2802 Ἐπεὶ
855 2748 912 2801 δὲ
963 2749 1063 2817 τῆς
1106 2746 1202 2800 τοῦ
1233 2746 1447 2816 Πατρός
1498 2746 1781 2815 δυνάμεως

199 2863 222 2894 ε
270 2843 372 2896 καὶ⁵
402 2843 618 2909 σοφίας,
647 2841 897 2894 τουτέστι
928 2838 1022 2892 τοῦ
1052 2837 1183 2892 Υἱοῦ
1215 2836 1442 2908 Πνεῦμα
1471 2839 1641 2900 ἐστιν,
1680 2839 1781 2890 αύ-

195 2953 219 2986 ι
262 2937 528 3005 τόχρημα
557 2935 721 3003 σοφία
754 2933 873 2986 ἐστὶ
900 2933 995 2985 καὶ
1022 2930 1273 3001 δύναμις.
1312 2949 1332 2983 ι

196 3046 217 3076 ι
259 3029 474 3082 tionem
527 3029 747 3096 sapiens
799 3034 895 3082 aut
947 3031 1141 3094 potens
1187 3023 1260 3077 sit
1318 3039 1334 3076 :

1159 333 1244 395 IN
1285 330 1675 394 CAMATERI
1713 332 2461 398 ANIMADVERSIONES.
2501 368 2523 393 ο

201 445 323 502 τοῦ
347 444 540 500 αὐτοῦ
570 443 637 497 ἐκ
666 441 774 512 τῆς
802 445 952 513 πρὸς
979 444 1312 513 Νεστόριον
1332 441 1380 514 γ’
1417 441 1777 512 ἐπιστολῆς.
1810 451 1856 506 Α

3347 342 3453 408 546

2028 443 2282 514 Ejusdem
2322 463 2388 500 ea:
2411 446 2638 516 epistola
2672 448 2831 501 tertia
2865 448 2934 501 ad
2978 445 3304 502 Nestorium.

1954 555 2067 612 Cll.
2121 577 2138 610 ι
2173 559 2308 612 Cum
2361 560 2428 615 de
2486 559 2693 628 Spiritu
2755 570 2947 616 sancto
2999 561 3129 616 ait:
3168 561 3310 618 ι111ε
3364 579 3455 620 me

1891 666 1910 699 ι
1947 649 2274 717 glorificabit
2299 650 2340 717 ι,
2375 670 2394 704 ι
2466 653 2569 707 nisi
2642 668 2826 708 errare
2857 654 3112 717 velimus,
3170 654 3451 711 Christum

1893 759 1911 790 ι
1953 739 2044 794 Dei
2067 740 2265 795 Filium
2299 743 2462 797 veluti
2495 744 2697 809 gloriae,
2726 761 2846 812 qua:
2889 745 3111 799 aliunde
3149 745 3453 814 proﬁcisci-

1891 849 1909 882 ι
1953 840 2060 897 tur,
2095 833 2338 902 indigum
2392 850 2419 887 a
2454 835 2658 904 Spiritu
2709 845 2904 889 sancto
2946 837 3310 904 glorificatum
3351 853 3449 893 ne-

1891 939 1910 973 c
1948 937 2223 992 quaquam
2259 925 2527 979 dicemus.
2563 923 2844 994 Siquidem
2893 924 3134 994 Spiritus
3161 927 3310 980 illius
3352 941 3454 980 ne-

1891 1031 1910 1065 ι
1947 1029 2054 1083 que
2101 1015 2196 1068 illo
2250 1015 2466 1080 melior,
2532 1032 2709 1086 neque
2757 1017 2850 1071 illo
2895 1033 3114 1071 rursum
3162 1020 3455 1075 sublimior

1891 1123 1910 1158 ι
1948 1114 2055 1162 est.
2098 1105 2297 1160 Verum
2335 1108 2481 1175 quod
2505 1110 2571 1162 ad
2603 1108 2906 1163 divinitatis
2955 1126 3068 1164 sua:
3099 1111 3456 1184 significatio-

1893 1214 1912 1247 ι
1944 1211 2066 1250 nem
2107 1212 2209 1252 suo
2241 1198 2474 1252 subinde
2535 1196 2743 1265 Spiritu
2794 1200 2849 1256 in
2878 1199 3193 1270 insignium
3227 1188 3460 1272 ope-Fuﬁi

1865 1305 1910 1348 ,ι
1952 1291 2356 1358 perpetratinne
2390 1299 2656 1357 uteretur,
2699 1291 2770 1346 ob
2801 1293 2856 1346 id
2903 1309 2961 1347 se
2995 1294 3064 1347 ab
3109 1293 3202 1347 illo
3247 1296 3457 1363 gloriﬁ-

1891 1397 1912 1432 ι
1953 1381 2070 1434 cari
2094 1381 2475 1451 profitebatur,
2512 1383 2738 1452 perinde
2766 1400 2831 1440 ac
2875 1387 2918 1439 si
2947 1387 3070 1455 quis
3113 1395 3359 1440 nostrum
3391 1388 3460 1443 de

1893 1488 1912 1522 ι
1952 1486 2049 1525 sua
2081 1471 2426 1541 fortitudine,
2459 1485 2555 1530 aut
2601 1477 2850 1545 cujusvis
2901 1477 2978 1530 rei
3014 1477 3242 1531 scientia
3271 1477 3458 1531 dicat:

1895 1580 1915 1613 ‹
1953 1561 2071 1616 Mea
2102 1578 2187 1615 me
2210 1564 2410 1629 virtus,
2443 1575 2539 1619 aut
2569 1566 2798 1620 scientia
2830 1566 3180 1636 glorificabit.
3219 1566 3354 1622 Nam
3405 1574 3462 1621 et

1894 1667 1913 1700 ι
1952 1651 1998 1706 si
2029 1648 2266 1720 Spiritus
2295 1653 2351 1706 in
2382 1655 2599 1723 propria
2626 1670 2858 1724 persona
2883 1657 3169 1723 subsistat,
3203 1668 3460 1712 eatenus-

1901 1758 1920 1791 ι
1955 1756 2064 1810 que
2116 1743 2170 1795 in
2203 1757 2264 1796 se
2301 1744 2420 1811 ipso
2462 1746 2863 1810 consideretur,
2898 1760 3169 1814 quatenus
3216 1747 3459 1816 Spiritus

1891 1850 1908 1882 ι
1946 1843 2030 1886 est
2055 1843 2110 1886 et
2148 1849 2257 1888 non
2293 1835 2491 1898 Filius,
2519 1852 2629 1889 non
2673 1846 2756 1890 est
2783 1849 2960 1890 tamen
3002 1838 3070 1890 ab
3104 1852 3168 1891 eo
3200 1837 3408 1892 alienus
3439 1853 3456 1892 :

1893 1942 1912 1975 ι
1949 1925 2386 1994 quandoquidem
2415 1925 2650 1995 Spiritus
2675 1929 2918 1982 veritatis
2942 1928 3275 1982 nominatur.
3295 1927 3458 1982 Cliri-

1895 2035 1914 2068 ι
1951 2028 2073 2072 stus
2106 2029 2286 2071 autem
2320 2020 2522 2072 veritas
2545 2029 2665 2086 est;
2695 2020 2788 2074 sed
2815 2029 2872 2074 et
2901 2021 3126 2088 perinde
3146 2034 3362 2090 quoque
3389 2019 3459 2074 ab

1900 2127 1918 2160 ι
1959 2107 2052 2160 illo
2085 2119 2249 2175 atque
2285 2123 2314 2160 a
2345 2107 2455 2162 Deo
2481 2107 2641 2162 Patre
2683 2109 3054 2178 profunditur.
3097 2109 3232 2163 Cum
3273 2109 3460 2177 itaque

1889 2218 1909 2251 ‹
1948 2198 2181 2254 Domino
2238 2207 2430 2256 nostro
2498 2203 2565 2256 ad
2618 2202 2817 2257 coelum
2879 2212 3166 2271 assumpto
3225 2201 3461 2270 Spiritus

1891 2309 1908 2341 ι
1948 2300 2171 2346 sanctus
2210 2293 2474 2361 stupenda
2530 2293 2777 2362 prodigia
2821 2307 2917 2361 per
2969 2303 3285 2347 sanctorum
3330 2305 3462 2360 apo-

1889 2400 1907 2432 ι
1945 2386 2211 2436 stolorum
2245 2399 2442 2438 manus
2485 2385 2691 2451 ederet,
2737 2393 2867 2438 tunc
2900 2399 3027 2437 vere
3068 2385 3222 2437 illum
3257 2381 3464 2452 glorifi—

1891 2495 1908 2524 ι
1947 2476 2112 2528 cavit.
2155 2474 2434 2529 Creditum
2479 2483 2561 2528 est
2599 2477 2744 2528 enim
2782 2477 2927 2545 quod
2975 2476 3116 2529 Deus
3153 2476 3450 2529 secundum

1891 2583 1909 2617 ι
1951 2574 2201 2619 naturam
2238 2576 2404 2628 esset,
2444 2581 2542 2634 per
2597 2564 2859 2636 Spiritum
2897 2585 3053 2622 suum
3099 2568 3251 2621 illum
3280 2569 3461 2621 denuo

1893 2673 1911 2707 ι
1952 2657 2189 2724 operari.
2257 2656 2552 2726 Pr0pterea
2613 2675 2833 2729 quoque
2901 2659 3168 2714 Dominus
3203 2659 3384 2713 aiebat
3439 2677 3456 2715 :

1892 2765 1910 2796 ι
1951 2745 2220 2811 Quoniam
2277 2748 2342 2802 de
2388 2765 2508 2803 meo
2559 2751 2813 2819 accipiet,
2863 2761 2916 2804 et
2967 2749 3316 2803 aununtiabit
3361 2763 3462 2803 vo-

1895 2857 1913 2890 ι
1953 2840 2035 2892 bis
2061 2839 2103 2890 ⁵.
2143 2856 2162 2889 ι
2227 2840 2342 2893 Hoc
2401 2851 2578 2894 tamen
2628 2856 2737 2895 non
2789 2842 2863 2894 ita
2905 2841 3283 2908 accipiendum
3331 2849 3458 2906 est,

1898 2947 1916 2980 ι
1961 2933 2116 2998 quasi
2153 2931 2393 3000 Spiritus
2439 2920 2664 2986 sanctus
2697 2948 2791 3002 per
2823 2933 3118 3001 quamdam
3159 2931 3460 3002 participa-

1392 3029 1477 3077 cst
1523 3020 1668 3075 enim
1730 3019 1821 3074 ille
1873 3023 2118 3076 numeris
2181 3024 2436 3078 omnibus
2498 3022 2796 3093 perlectus,
2849 3025 3164 3092 nulliusque
3240 3021 3460 3092 penitus

195 3141 219 3173 ι
265 3122 492 3190 indigus
527 3138 540 3174 :
572 3135 763 3174 verum
824 3119 955 3189 quia
1049 3117 1354 3188 potentiae,
1409 3125 1465 3172 et
1526 3117 1812 3186 sapientiae
1874 3116 2076 3185 Patris,
2117 3118 2224 3174 hoc
2266 3131 2351 3174 est
2414 3118 2538 3172 Filii
2581 3119 2815 3188 Spiritus
2875 3129 2978 3184 est,
3021 3120 3150 3174 hinc
3219 3129 3274 3172 et
3328 3116 3448 3188 ipse

200 3238 221 3270 ι
268 3230 495 3288 quoque
529 3230 589 3270 re
616 3215 734 3285 ipsa
776 3213 1018 3283 p0tentia
1043 3223 1098 3268 et
1130 3212 1400 3282 sapientia
1433 3220 1536 3266 est.
1570 3229 1590 3263 ι

821 3307 1205 3360 Ἐπιστασία.

283 3419 302 3452 ι
353 3398 602 3462 Συνετῶς
633 3398 733 3468 τῆς
767 3398 1074 3469 περικοπῆς
1123 3396 1330 3468 ταύτης
1361 3397 1550 3463 ἄκουε,
1582 3397 1678 3453 καὶ
1712 3396 1788 3470 μὴ

195 3512 217 3544 ι
272 3491 512 3561 θροείτω
538 3508 598 3542 σε
625 3490 686 3543 τὸ
711 3491 894 3558 λέγειν
925 3490 1016 3542 τὸν
1050 3493 1207 3558 ὅιγιον
1234 3493 1293 3542 ἐν
1341 3489 1519 3562 ταύτῃ
1568 3492 1791 3560 προχεῖ-

198 3607 218 3636 c
270 3585 403 3638 σθαι
428 3586 488 3637 τὸ
511 3583 733 3653 Πνεῦμα
762 3585 912 3652 παρὰ
933 3583 1026 3635 τοῦ
1052 3581 1206 3648 Υἱοῦ,
1245 3582 1494 3652 καθάπερ
1521 3586 1613 3634 καὶ
1639 3583 1790 3654 παρὰ

199 3699 218 3730 ς
271 3677 376 3732 τοῦ
411 3678 621 3746 Πατρός
646 3691 662 3708 ⁸
709 3676 844 3729 ἀλλά
865 3677 964 3738 τὰς
1001 3677 1127 3738 ὅλας
1154 3676 1316 3737 εὐθὺς
1345 3675 1664 3744 ἀναλογίζου
1691 3673 1786 3728 τοῦ

201 3791 220 3821 ι
285 3769 459 3822 αὐτοῦ
505 3768 599 3820 καὶ
633 3767 750 3830 ἐνὸς
798 3767 952 3834 ἁγίου
1004 3769 1329 3838 περικοπὰς,
1370 3767 1470 3830 τὰς
1529 3767 1789 3835 ἀνωτέρω

203 3883 223 3914 ι
282 3860 796 3931 καταστρωθείσας,
823 3861 918 3912 καὶ
942 3860 1212 3926 εὑρίσκων
1234 3862 1291 3912 ἐν
1308 3861 1543 3921 ἐκείναις
1564 3860 1786 3922 πάσαις,

205 3973 226 4004 ς
293 3954 367 4006 ἐκ
396 3952 490 4004 τοῦ
517 3952 730 4019 Πατρδς
757 3953 1214 4020 μαρτυρουμένην
1231 3949 1327 4018 τὴν
1349 3950 1442 4002 τοῦ
1472 3949 1788 4018 Πνεύματος

208 4067 228 4096 ι
296 4045 658 4112 ἐκπόρευσιν,
684 4042 780 4111 τὴν
810 4043 866 4094 δὲ
899 4042 1067 4107 δόσιν,
1099 4042 1132 4110 ἢ
1179 4045 1278 4112 τὴν
1309 4041 1593 4112 χορηγίαν,
1630 4041 1661 4107 ἢ
1688 4041 1788 4106 τὴν

209 4160 228 4191 ι
293 4137 629 4206 ἀποστολὴν,
667 4137 763 4188 καὶ
786 4136 855 4187 τὰ
880 4135 1090 4196 τούτοις
1117 4136 1277 4204 ὅμοια
1327 4135 1478 4202 παρὰ
1508 4131 1602 4184 τοῦ
1630 4129 1785 4196 Υἱοῦ,

210 4253 229 4284 ι
298 4230 417 4282 νόει
450 4226 730 4280 κάνταῦθα
785 4225 881 4296 τὴν
940 4226 1201 4296 πρόχυσιν
1234 4224 1590 4285 ἀδιαστίκτως
1620 4221 1763 4274 οὕτω

206 4347 225 4377 ‹
294 4322 577 4383 τεθεῖσαν,
632 4319 757 4372 ἄλλο
787 4337 839 4371 τι
895 4319 1045 4388 παρὰ
1084 4317 1183 4387 τὴν
1244 4317 1593 4386 ἐκπόρευσιν,
1640 4314 1787 4368 δόσιν

207 4437 226 4468 ι
283 4415 474 4484 τυχὸν,
505 4413 538 4481 ἢ
575 4410 900 4480 ἀποστολὴν,
936 4409 1190 4478 ἢῖτερον
1214 4411 1416 4478 ὅμοιον.
1457 4425 1476 4459 ι

817 4502 1204 4568 Ἁντιζὸρησις.

291 4594 354 4645 Ὁ
384 4591 544 4660 ἆγιος
596 4589 830 4644 ἐνταῦθα
876 4589 1197 4658 προχεῖσθαι
1251 4587 1402 4656 λέγει
1451 4589 1513 4640 τὸ
1558 4585 1786 4656 Πνεῦμα

1814 3308 1862 3373 C

2462 3303 2893 3370 Animadversiml

1969 3395 2323 3468 «.Prudenter
2344 3397 2487 3452 hanc
2518 3403 2825 3466 perieiipeui
2855 3395 3169 3465 intelligito,
3199 3410 3373 3463 neque
3404 3403 3460 3451 te

1899 3507 1917 3541 ι
1957 3491 2159 3556 turbet,
2190 3505 2311 3542 cum
2346 3489 2402 3542 in
2447 3503 2510 3542 ea
2542 3498 2768 3543 sanctus
2816 3489 2950 3542 dicit
2982 3485 3238 3556 profundi
3285 3487 3462 3555 Spiri-

1897 3600 1916 3634 ι
1952 3591 2064 3637 tum
2116 3597 2146 3635 a
2196 3579 2356 3646 Filio,
2404 3581 2630 3651 perinde
2676 3590 2839 3649 atque
2881 3597 2912 3634 a
2964 3581 3073 3634 Deo
3123 3581 3300 3634 Patre.
3352 3577 3460 3636 Sed

1895 3696 1915 3729 ι
1957 3694 2150 3733 omnes
2183 3679 2367 3733 statim
2394 3675 2637 3749 ejusdem
2668 3685 2940 3747 uniusque
2973 3678 3145 3731 sancti
3180 3678 3462 3746 pericopas

1894 3788 1912 3822 ι
1950 3771 2005 3824 in
2060 3778 2296 3824 mentem
2345 3785 2540 3824 revoca
2594 3785 2760 3836 supra
2819 3771 3079 3838 digestas,
3121 3780 3176 3822 et
3221 3783 3344 3822 cum
3404 3767 3464 3823 in

1894 3878 1914 3912 ι
1955 3859 2063 3913 illis
2092 3860 2347 3914 omnibus
2381 3860 2621 3928 reperies
2656 3858 2898 3926 Spiritus
2931 3858 3340 3926 processionem
3380 3871 3452 3910 ex

1897 3973 1914 4005 ι
1951 3951 2110 4006 Patre
2148 3959 2528 4015 contestatam,
2565 3951 2843 4005 dationem
2883 3961 3088 4014 autem,
3137 3950 3222 4003 vt-l
3251 3964 3457 4017 suppe-

1896 4063 1914 4096 ‹
1950 4045 2296 4108 dilationem,
2350 4045 2434 4096 vel
2493 4042 2807 4095 missionem
2857 4051 2912 4096 et
2960 4042 3162 4096 similia
3208 4056 3239 4095 a
3297 4039 3460 4102 Filio,

1894 4151 1913 4185 ι
1951 4135 2239 4205 intelligito
2292 4132 2381 4185 hic
2414 4147 2636 4202 quoque
2687 4133 3083 4202 profusionem,
3137 4133 3216 4186 sic
3257 4133 3465 4201 absque

1897 4241 1916 4274 ι
1955 4225 2064 4277 ulla
2109 4221 2460 4276 distinctione
2501 4214 2807 4290 appositam
2864 4221 3010 4274 aliud
3060 4223 3341 4290 quidpiam
3394 4227 3465 4273 ait

1897 4332 1914 4366 ι
1949 4315 2066 4383 ipsa
2115 4313 2465 4382 processioﬁe
2526 4313 2774 4374 innuere,
2829 4313 3107 4366 dationem
3154 4311 3316 4377 forte,
3363 4324 3460 4366 aut

1896 4421 1914 4455 ι
1955 4405 2298 4467 missionem,
2332 4412 2425 4455 aut
2453 4401 2598 4454 aliud
2632 4402 2835 4455 simile.
2873 4420 2894 4452 ι

2520 4490 2825 4558 Refutatio.

1966 4580 2198 4636 Sanctus
2258 4582 2344 4636 hic
2389 4584 2587 4636 astruit
2639 4582 2900 4651 Spiritum
2947 4579 3202 4651 profundi
3247 4595 3277 4634 a
3329 4578 3466 4633 Filio

201 4685 367 4754 παρά
402 4681 496 4735 τοῦ
534 4681 689 4747 Υἱοῦ,
742 4677 998 4748 καθάπερ
1052 4681 1244 4748 ἀμέλει
1287 4680 1382 4732 καὶ
1425 4680 1490 4731 ἐκ
1518 4677 1614 4730 ’τοῦ
1657 4676 1784 4730 Θεοῦ

1901 4676 2123 4744 perinde
2166 4685 2332 4744 atque
2379 4688 2411 4728 a
2460 4673 2572 4727 Deo
2604 4672 2786 4727 Patre.
2829 4671 2887 4727 Si
2930 4674 3137 4740 itaque,
3170 4680 3229 4726 ut
3273 4683 3327 4724 tu
3362 4676 3466 4736 ais,

206 4777 308 4828 καὶ
340 4773 581 4841 Πατρός.
611 4773 671 4822 Ei
707 4771 860 4839 γοῦν,
895 4772 969 4832 ὡς
1011 4771 1073 4822 σὺ
1106 4770 1232 4840 φῂς,
1281 4771 1380 4838 τὴν
1426 4770 1572 4822 δόσιν
1602 4771 1790 4840 τυχὸν,

210 4870 244 4938 ἢ
270 4867 376 4936 τὴν
403 4863 711 4933 ἀποστολὴν
740 4861 999 4932 ἐμφαίνει
1031 4863 1064 4930 ή
1099 4862 1385 4930 πρόχυσις,
1413 4860 1472 4911 τὸ
1501 4862 1558 4924 ἐξ
1589 4860 1794 4928 ἀμφοῖν

213 4957 588 5030 προχεόμενον
644 4956 702 5021 ἐξ
741 4956 946 5024 ἀμφοῖν
975 4953 1270 5022 διδόμενον,
1327 4953 1360 5021 ἢ
1396 4953 1797 5021 ἀποστελλόμε-

213 5068 303 5104 νον
333 5050 517 5101 ἔσται.
552 5048 663 5100 Καὶ
692 5047 739 5098 εἰ
770 5046 869 5116 μὲν
897 5045 1116 5115 νοηθείη
1152 5045 1212 5097 τὸ
1264 5043 1490 5114 Πνεῦμα
1520 5044 1796 5114 διδόμενον

214 5143 247 5211 ἢ
280 5139 756 5208 ἀποστελλόμενον
817 5136 876 5202 ἐξ
906 5138 1130 5204 ἀμφοῖν,
1170 5133 1247 5206 ὡς
1288 5133 1346 5198 ἐξ
1380 5135 1582 5201 ἀμφοῖν
1617 5133 1798 5201 ὑπάρ-

214 5253 332 5307 χον,
356 5235 444 5298 τὸ,
477 5231 812 5303 ζητούμενον
833 5233 966 5300 ἡμῖν
1001 5227 1250 5282 ἐντεῦθεν
1287 5229 1624 5293 συνίσταται,
1652 5227 1790 5296 ὅπερ

216 5331 334 5380 εστὶ
362 5327 425 5378 τὸ
480 5325 582 5395 τὴν
635 5324 694 5387 ἐξ
722 5325 926 5393 ἀμφοῖν
961 5322 1106 5374 δόσιν
1138 5337 1194 5373 τε
1230 5321 1323 5373 καὶ
1363 5318 1673 5388 ἀποστολὴν
1723 5320 1790 5388 τῇ

217 5421 276 5482 ἐξ
315 5411 526 5487 δι’μφοῖν
558 5415 791 5480 ὑπάρξει
820 5413 912 5465 τοῦ
937 5412 1257 5482 Πνεύματος
1283 5411 1602 5465 ἀκολουθεῖν
1621 5427 1636 5442 ο
1663 5410 1711 5462 εἰ
1735 5410 1792 5462 δὲ

217 5513 499 5580 διδόμενον
535 5508 630 5560 καὶ
661 5506 1128 5574 ἀποστελλόμενον
1152 5502 1368 5571 νοηθείη
1399 5501 1460 5566 ἐξ
1485 5503 1686 5571 ἀμφοῖν
1717 5501 1792 5563 ὼς

220 5607 494 5674 ὑπάρχον,
533 5598 796 5671 οὕμενουν
831 5598 890 5662 ἐξ
922 5599 1148 5669 ἀμφοῖν,
1182 5596 1312 5651 ἄλλο
1365 5598 1516 5666 παρὰ
1556 5595 1624 5649 τὰ
1665 5592 1794 5663 τρία

290 5760 493 5819 διιοεη.
525 5773 643 5822 xw,
676 5755 762 5810 14.
840 5757 860 5786 ⁵
889 5753 1021 5811 ibid.

1737 5864 1816 5872 ,ηε-

1891 4768 2164 4821 dationcm
2203 4767 2363 4833 forte,
2398 4775 2490 4820 aut
2550 4767 2871 4822 missionem
2925 4765 3174 4836 profusio
3223 4767 3469 4826 denotat,

1893 4860 2037 4928 quod
2084 4876 2147 4913 ex
2179 4871 2411 4926 utroque
2446 4858 2821 4926 profunditur,
2862 4873 2926 4911 ex
2975 4871 3211 4926 utroque
3259 4859 3469 4917 datum,

1895 4962 1986 5006 aut
2017 4954 2247 5006 missum
2291 4952 2457 5005 fuerit
2487 4969 2499 5004 :
2538 4961 2592 5005 et
2637 4953 2680 5006 si
2717 4951 2952 5018 Spiritus
2988 4951 3326 5018 intelligatur
3375 4951 3475 5004 da-

1893 5053 2004 5107 tus,
2049 5043 2270 5106 missus,
2321 5050 2416 5095 aut
2444 5044 2604 5095 datus
2661 5042 2730 5095 ab
2787 5052 3044 5110 utroque,
3090 5052 3350 5109 tauquam
3400 5041 3472 5094 ab

1897 5144 2132 5202 utroque
2180 5134 2494 5197 exsistens,
2550 5133 2694 5199 quod
2755 5135 3055 5202 quaerimus
3112 5134 3238 5186 inde
3303 5131 3468 5186 etiam

1899 5225 2368 5292 comprobabitur,
2402 5224 2547 5292 quod
2591 5233 2696 5290 est,
2749 5240 2815 5278 ex
2842 5234 3076 5292 utroque
3113 5223 3388 5277 dationem
3416 5231 3472 5276 ct

1902 5317 2242 5378 missionem,
2300 5329 2363 5367 ex
2414 5323 2648 5384 utroque
2684 5316 3058 5369 exsisteutiam
3103 5313 3339 5382 Spiritus
3387 5328 3473 5365 se-

1901 5407 2018 5475 qui.
2049 5406 2205 5471 Quod
2232 5406 2275 5458 si
2302 5407 2460 5459 datus
2489 5417 2540 5460 et
2569 5409 2769 5460 missus
2809 5409 2876 5460 ab
2910 5417 3141 5473 utroque
3203 5402 3473 5471 intelligu-

1903 5509 1990 5552 tur
2059 5514 2167 5552 non
2209 5504 2469 5566 tanquam
2513 5499 2582 5550 ab
2619 5506 2852 5564 utroque
2889 5501 3181 5561 exsistcns,
3218 5509 3327 5563 pra:
3370 5497 3469 5546 tri-

1902 5591 2004 5647 bus
2040 5592 2188 5646 liiscc
2213 5590 2513 5646 diiinitatis
2538 5591 2785 5661 personis
2816 5591 2920 5644 alia
2946 5598 3239 5658 quaeretur,
3269 5601 3336 5642 ex
3366 5599 3474 5655 qua
