3958 6446
511 348 617 414 547

1538 338 1748 402 ῘΟΑΝ.
1783 334 2002 399 VECCI
2039 333 2147 394 ΟΡ.
2188 329 2705 394 PATBIABCIUE

3630 329 3770 392 543

509 461 748 533 Spiritus
813 463 1071 526 exsistat,
1141 456 1290 530 quod
1349 454 1580 527 impium
1654 461 1776 521 est,
1851 462 1907 507 et
1967 451 2088 507 bla-

2213 449 2369 511 ταῦτα
2399 446 2664 521 πρόσωπα
2690 448 2789 516 τῆς
2816 443 3078 514 θεότητος
3113 441 3441 512 ζητηθήσετ’
3485 439 3573 503 ἂν,
3604 440 3670 504 ἐξ
3709 432 3781 492 οῦ

510 554 803 623 sphemuni
817 590 830 605 .

510 754 764 823 Ejusdem
802 770 866 808 ea:
915 752 1351 823 interpretatione
1397 751 1452 805 in
1483 758 1726 805 sanctum
1754 745 2087 817 Symbolum.

580 938 717 994 CIII.
759 959 779 992 ι
812 939 1167 995 Profu-nditur
1199 938 1369 1003 enim,
1406 952 1603 1006 nempe
1639 935 1886 1005 procedit
1923 935 2092 990 veluti

515 1045 535 1078 ι
569 1042 599 1081 a
628 1027 779 1084 fonte
810 1030 918 1084 Deo
949 1038 1004 1084 et
1032 1028 1212 1093 Patre,
1250 1027 1626 1097 suppeditatur
1661 1040 1792 1079 vero
1828 1034 2092 1079 creaturae

510 1138 535 1174 ι
569 1135 665 1189 per
698 1120 918 1175 Filium.
960 1138 981 1173 ι

1092 1212 1518 1267 Ληίιααάοενιὶο.

593 1325 615 1361 ι
653 1304 994 1373 Compendio
1029 1305 1301 1359 redditum
1330 1313 1416 1360 est
1455 1304 1552 1358 tibi
1591 1301 1890 1372 superioris
1919 1300 2094 1355 aduo-

515 1416 535 1450 ι
576 1397 798 1452 tationis
839 1396 1215 1451 testimonium
1260 1406 1381 1465 per
1399 1402 1717 1464 praesentem
1760 1394 2092 1462 pericopem.

517 1508 536 1541 ι
573 1488 936 1544 Considerata
965 1489 1111 1543 enim
1158 1487 1245 1541 hic
1288 1487 1466 1541 sancti
1510 1494 1819 1541 accuratam
1861 1484 2094 1553 diligen-

517 1601 535 1632 ι
576 1582 706 1636 tiam
727 1597 756 1634 ιι
803 1578 1181 1651 profusionem
1215 1579 1360 1635 enim
1399 1594 1524 1633 cum
1570 1578 1833 1638 dixisset,
1864 1589 2096 1644 eamque

517 1691 539 1724 ι
581 1673 991 1742 processionem
1028 1680 1174 1727 esset
1221 1673 1630 1739 interpretatus,
1664 1684 1731 1723 ex
1774 1667 1935 1721 Patre
1976 1667 2095 1721 solo

2193 543 2436 613 ὑπάρχον
2483 542 2637 595 ἔσται
2689 540 2750 594 τὺ
2799 537 3049 609 Πνεῦμα,
3107 536 3246 605 ὅπερ
3294 532 3493 596 ἀσεϐές
3545 549 3605 585 τε
3670 532 3787 584 καὶ

2194 635 2406 705 βλάσῳη
2414 652 2538 705 μον.

2198 749 2307 804 Τοῦ
2335 747 2523 803 αὐτοῦ
2547 748 2618 801 ἐκ
2647 746 2761 815 τῆς
2789 748 2879 813 εις
2904 744 2972 868 τῗ
2994 743 3167 813 ἄτιον
3217 740 3536 810 Σύμϐολον
3584 736 3791 805 ἑρμη-

2878 833 2946 868 re
2973 831 3066 868 ac.

2876 831 3066 880 νειας.

2264 931 2386 987 Pl".
2432 951 2452 985 ι
2497 933 2787 1003 Προχεῖται
2837 928 2938 1000 μὲν
2996 927 3124 997 γὰρ,
3174 926 3345 996 ἧγουν
3375 920 3787 992 ἐκπορεύεται,

2199 1044 2220 1077 ι
2280 1023 2533 1092 καθάπερ
2566 1022 2675 1075 ἀπὸ
2722 1021 2908 1092 πηγῆς
2939 1018 3032 1073 τοῦ
3059 1016 3194 1070 Θεοῦ
3221 1029 3314 1069 και
3340 1015 3576 1085 Πατρὸς,
3607 1029 3794 1084 χορη-

2200 1137 2219 1169 ι
2282 1119 2460 1185 γεῖται
2506 1117 2564 1170 δὲ
2596 1119 2665 1187 τῇ
2700 1114 2874 1169 κτίσει
2908 1112 2997 1166 διὰ
3028 1110 3121 1164 τοῦ
3158 1109 3309 1169 Υἱοῦ.

2790 1205 3168 1260 Ἐπιστασια.

2271 1318 2293 1355 ι
2347 1300 2638 1371 Συντόμως
2666 1299 2984 1353 ἀποδέδοταί
3019 1314 3102 1352 σοι
3132 1300 3166 1369 ἡ
3212 1298 3312 1369 τῆς
3343 1296 3552 1355 ἄνωθεν
3581 1312 3793 1365 παρα-

2199 1413 2220 1447 ι
2283 1392 2640 1465 σημειώσεως
2672 1395 2952 1465 μαρτυρία
2975 1392 3064 1446 διὰ
3092 1392 3193 1461 τῆς
3230 1393 3513 1462 παρούσης
3540 1405 3792 1457 περικο-

2201 1506 2220 1539 ι
2267 1490 2398 1557 πῆς.
2431 1488 2577 1558 Ὅρα
2608 1490 2718 1556 γὰρ
2751 1486 2984 1540 ἐνταῦθα
3014 1485 3115 1558 τὴν
3144 1484 3240 1538 τοῦ
3272 1486 3432 1552 ἁγίου
3454 1484 3787 1554 ἀκρίϐειαν·

2202 1597 2221 1631 ι
2284 1578 2556 1649 πρόχυσιν
2613 1581 2724 1650 γὰρ
2775 1577 2947 1631 εἰπὼν
3002 1578 3098 1631 καὶ
3158 1577 3491 1646 ὲκπόρευσιν
3562 1577 3791 1645 ταύτην

2199 1689 2222 1726 ι
2281 1671 2653 1742 ἑρμηνεύσας,
2703 1671 2769 1723 ἑκ
2806 1669 2900 1723 τοῦ
2933 1670 3147 1740 Πατρὸς
3209 1668 3370 1739 μόνου
3415 1669 3622 1737 ταύτην
3675 1668 3789 1720 ἐδί-

516 1781 537 1814 ι
572 1777 696 1818 eaut
723 1762 939 1816 edocuit
972 1779 987 1816 :
1021 1761 1513 1831 suppeditatiouem
1552 1774 1684 1814 vero
1725 1758 1863 1813 Filio
1912 1758 2090 1811 vindi-

2213 1782 2221 1814 l
2283 1762 2410 1826 δαξε
2438 1778 2452 1792 ·
2483 1763 2581 1832 τὴν
2612 1763 2667 1815 δὲ
2693 1761 2958 1833 χορηγίαν
2989 1761 3067 1829 τῷ
3107 1761 3224 1833 Υίῷ
3253 1761 3569 1828 ἀπένειμεν.
3608 1759 3787 1812 Ὥστε

515 1872 534 1905 ι
572 1853 734 1908 cavit.
801 1852 980 1919 Quare
1039 1852 1295 1922 profundi
1328 1852 1650 1920 simpliciter
1685 1850 1765 1905 sic
1796 1849 2026 1919 positum
2063 1864 2093 1903 a

2213 1874 2222 1905 ι
2280 1855 2342 1908 τὸ
2372 1854 2717 1925 προχεῖσθαι,
2746 1854 2917 1925 ψιλῶς
2951 1853 3094 1906 οῦτω
3121 1853 3278 1905 τεθὲν
3314 1853 3466 1921 παρὰ.
3491 1851 3584 1905 τοῦ
3609 1853 3783 1920 ἁγίου

488 1962 539 2011 ,ι
574 1955 767 2002 sancto
800 1946 852 1998 in
885 1946 1159 2015 superiori
1189 1944 1465 2012 pericope,
1495 1943 1643 1997 aliud
1676 1942 1956 2011 quidpiam
2002 1941 2091 1995 in-

517 2053 536 2086 s
576 2035 748 2100 dicat,
776 2044 966 2091 etnon
1004 2034 1432 2106 processionem.
1475 2051 1495 2084 ι

1162 2147 1456 2219 Refntatio.

585 2238 669 2293 Tu
712 2238 935 2311 Quidem
990 2239 1071 2294 uti
1127 2246 1181 2293 et
1229 2256 1391 2308 supra
1445 2238 1713 2293 diversam
1758 2235 2095 2308 profusionis

518 2330 971 2402 signiﬁcationem
1006 2330 1466 2395 comminisceris,
1502 2330 1648 2383 unde
1675 2330 1907 2399 colligis,
1945 2329 2093 2383 aliud

520 2422 799 2493 quidpiam
871 2423 1171 2477 dictionem
1238 2432 1448 2489 notare,
1499 2437 1623 2476 cum
1672 2437 1737 2476 ex
1793 2421 1951 2475 Patre
2008 2420 2094 2475 di-

521 2513 664 2567 citur
714 2510 950 2580 Spiritus
1005 2511 1300 2581 profundi,
1342 2520 1396 2566 et
1450 2511 1595 2565 aliud
1636 2527 1761 2566 cum
1816 2526 1883 2566 ex
1934 2510 2092 2565 Filio.

523 2602 911 2656 Verumtamen
970 2602 1465 2656 Alexandrinorum
1498 2617 1563 2655 ac
1608 2602 1755 2656 orbis
1787 2602 1973 2655 lumen
2009 2602 2096 2655 di-

520 2694 842 2750 vinissimus
868 2694 1108 2763 Cyrillus
1136 2695 1188 2748 in
1213 2708 1381 2763 supra
1407 2694 1570 2748 allata
1603 2694 1875 2761 pericope,
1913 2712 1933 2743 ι
1966 2709 2096 2761 prn-

519 2785 674 2840 fundi
714 2802 735 2837 )
784 2785 921 2840 dixit
953 2804 971 2836 ι
1018 2801 1046 2838 a
1085 2785 1220 2839 Filio
1270 2785 1568 2855 Spiritum.
1607 2786 1829 2853 perinde
1867 2795 2029 2854 atque
2066 2802 2096 2840 a

517 2877 628 2932 Deo
671 2885 726 2931 et
770 2875 957 2932 Patre.
1005 2895 1024 2927 ι
1074 2875 1139 2930 Ει
1173 2892 1465 2946 quemnam
1510 2879 1613 2931 hoc
1650 2878 1753 2930 fide
1793 2877 2096 2947 digniorem

518 2978 711 3023 teatem
746 2970 1175 3037 conquiremus,
1218 2969 1271 3022 in
1309 2971 1595 3038 utriusque
1634 2969 1888 3022 dictionis
1922 2970 2099 3039 signi-

518 3057 778 3112 ficatione
813 3059 967 3113 nullo
1000 3061 1211 3129 uspiam
1245 3061 1409 3114 modo
1441 3060 1684 3114 variari?
1712 3059 1865 3127 Quod
1894 3062 1938 3116 si
1971 3063 2096 3131 quia

2205 1965 2223 1997 ι
2283 1947 2342 1999 ἐν
2370 1949 2437 2017 τῇ
2484 1946 2595 1999 ἄνω
2628 1948 2928 2017 περικοπῇ,
2959 1945 3091 1999 ἄλλο
3128 1963 3181 1998 τι
3207 1944 3404 2014 ἐνοήθη
3442 1943 3622 2009 τοῦτο,
3678 1946 3782 2000 καὶ

2206 2054 2227 2087 ι
2270 2036 2394 2106 οὐχὶ
2424 2038 2773 2108 ὲκπόρευσις.
2815 2056 2835 2089 ι

2794 2149 3187 2219 Ἀντίρῤησις.

2271 2239 2343 2293 Σὺ
2374 2239 2492 2309 μὲν,
2530 2241 2604 2303 ὼς
2636 2242 2733 2294 καὶ
2758 2242 3036 2310 ἀνωτέρω,
3066 2239 3325 2312 διάφορόν
3347 2257 3472 2294 τινα
3506 2239 3608 2312 τῆς
3639 2256 3784 2309 προσ

2201 2333 2414 2402 χεῖσθαι
2464 2332 2659 2397 λέξεως
2709 2334 2808 2401 τὴν
2845 2334 3121 2402 σημασίαν
3166 2333 3466 2396 διδάσκεις,
3523 2333 3784 2400 συνάγων

2201 2424 2451 2478 ἐντεῦθεν
2481 2425 2611 2478 ἄλλο
2648 2426 2746 2495 μέν
2774 2441 2827 2478 τι
2867 2427 3159 2495 σημαίνειν
3204 2426 3304 2498 τὴν
3333 2425 3501 2492 λέξιν,
3536 2426 3674 2478 ὅταν
3722 2428 3784 2478 ἐκ

2202 2516 2418 2586 [ἰατρὸς
2445 2516 2671 2585 λέγηται
2700 2517 3025 2587 προχεῖσθαι
3056 2517 3116 2569 τὸ
3154 2517 3397 2586 Πνεῦμα,
3446 2515 3584 2572 ἄλλο
3641 2516 3705 2569 δέ
3734 2534 3780 2568 τι

2209 2610 2526 2678 σημαίνειν,
2567 2611 2697 2662 ὅταν
2735 2610 2799 2662 ἐκ
2858 2608 2953 2662 τοῦ
3005 2609 3136 2663 Υίοῦ
3187 2609 3413 2678 λέγηται
3451 2609 3779 2681 προχεῖσθαι

2203 2701 2368 2752 αὐτό·
2394 2702 2421 2752 ὁ
2449 2701 2504 2754 δὲ
2528 2701 2638 2753 τῶν
2691 2700 3090 2770 Ἀλεξανδρέων
3140 2701 3234 2753 καὶ
3296 2701 3395 2769 τῆς
3439 2699 3783 2768 οἰκουμένης

2205 2791 2431 2861 φωστὴρ
2481 2790 2750 2861 Κύριλλος
2779 2792 2807 2844 ὁ
2851 2791 3128 2853 θειότατος
3174 2793 3231 2843 ὲν
3288 2793 3354 2862 τῇ
3390 2791 3779 2863 προρῤηθεὶσῃ

2203 2885 2476 2954 περικοπῇ
2526 2900 2545 2933 ι
2588 2881 2914 2954 προχεῖσθαι
2946 2900 2966 2932 ι
3004 2881 3110 2952 ἔφη
3148 2900 3167 2933 ι
3230 2883 3382 2952 παρὰ
3419 2883 3517 2935 τοῦ
3554 2882 3698 2936 Υίοῦ
3729 2886 3785 2933 τὸ

2203 2977 2452 3047 Πνεῦμα,
2485 2976 2741 3046 καθάπερ
2781 2975 2980 3045 ἀμέλει
3038 2974 3136 3028 καὶ
3184 2976 3337 3045 παρὰ
3370 2973 3469 3027 τοῦ
3517 2974 3664 3028 Θεοῦ
3696 2974 3789 3028 καὶ

2204 3071 2438 3139 Πατρός.
2463 3087 2483 3120 ι
2510 3068 2759 3122 Καὶτίνα
2777 3068 2962 3121 λοιπὸν
2989 3068 3433 3137 ἀξιοπιστότερον
3466 3068 3788 3139 ζητήσομεν

521 3160 746 3205 sanctus
805 3148 1136 3217 profundere
1195 3150 1341 3204 Patri
1404 3152 1692 3212 attribuit,
1756 3156 2098 3222 suppeditare

2213 3163 2458 3232 μάρτυρα
2485 3161 2578 3215 τοῦ
2604 3162 2896 3230 ἀδιάφορον
2922 3159 3009 3212 ἐπ’
3042 3162 3248 3228 ἀμφοῖν
3280 3156 3423 3212 εἶναι
3455 3162 3558 3229 τὴν
3602 3177 3787 3228 σημα-

520 3256 649 3296 vero
689 3240 832 3297 Filio
877 3244 929 3296 in
976 3245 1121 3298 dicta
1168 3245 1463 3316 pericOpe,
1505 3256 1789 3315 propterea
1831 3261 1896 3300 ex
1946 3247 2103 3301 Patre

520 3335 737 3403 quidem
761 3337 843 3390 vis
864 3351 985 3391 esse
1010 3336 1294 3406 Spiritum,
1323 3349 1394 3397 ex,
1413 3335 1555 3390 Filio
1586 3352 1713 3390 vero
1736 3353 2100 3407 nequaquam,

514 3425 627 3495 jam
662 3427 879 3481 tandem
925 3442 955 3479 a
992 3437 1045 3481 te
1086 3428 1501 3482 concedendum
1530 3438 1633 3492 est,
1660 3443 1729 3482 ex
1773 3427 1907 3482 Filio
1950 3431 2101 3482 illum

516 3515 826 3581 exsistere,
866 3528 1122 3586 tanquam
1171 3519 1264 3586 qui
1305 3534 1334 3571 a
1374 3518 1512 3572 Filio
1557 3510 1909 3588 profunditur
1938 3520 2102 3574 veluti

519 3622 550 3661 a
587 3606 760 3670 fonte,
794 3623 861 3661 ex
890 3607 1051 3662 Patre
1082 3625 1209 3662 vero
1241 3624 1363 3662 cum
1400 3612 1623 3663 minimc
1655 3614 1946 3676 exsistere,
1982 3621 2103 3665 tan—

512 3714 681 3767 quam
707 3702 798 3768 qui
830 3702 898 3754 ab
932 3703 1049 3769 ipso
1079 3706 1354 3756 creaturis
1380 3707 1783 3772 suppeditatur.

526 4023 782 4094 Ejusdem
833 4038 897 4077 ea:
939 4022 1160 4088 epistofa
1208 4023 1276 4074 ad
1317 4020 1581 4076 Joannem
1628 4024 2013 4079 Antiochenam
2039 4025 2103 4079 de

1227 4108 1375 4161 pace.

594 4205 727 4261 CIV.
777 4226 794 4256 ι
826 4204 988 4258 Nullo
1027 4212 1207 4257 autem
1246 4203 1409 4258 modo
1440 4202 1698 4273 patimur,
1732 4215 1790 4258 ut
1822 4204 1891 4258 ab
1919 4205 2103 4273 aliquo

529 4321 548 4353 ι
592 4300 725 4354 fides
753 4298 868 4359 illa,
900 4299 1016 4354 sive
1042 4296 1165 4352 fidei
1201 4295 1519 4365 Symbolum
1553 4298 1924 4361 concutiatur,
1959 4298 2103 4366 quod

496 4395 550 4440 ἰ
589 4405 619 4444 a
662 4388 867 4443 sanctis
912 4387 1187 4455 quondam
1235 4383 1493 4439 Patribus
1539 4385 1745 4439 editum
1782 4392 1886 4439 est.
1917 4382 2104 4452 Neque

2207 3255 2331 3307 σίαν
2366 3253 2467 3323 τῆς
2497 3254 2697 3319 λέξεως
2729 3272 2744 3319 ;
2772 3253 2833 3306 Εἰ
2857 3252 2914 3307 δὲ
2942 3254 3024 3305 ὅτι
3048 3256 3076 3304 ὁ
3116 3254 3271 3321 ᾆγιος
3302 3252 3365 3305 τὸ
3401 3252 3505 3321 μὲν
3561 3254 3789 3323 προχεῖ-

2202 3364 2294 3400 ται
2322 3346 2524 3398 δέδωκε
2556 3346 2635 3414 τῷ
2673 3345 2873 3415 Πατρὶ,
2920 3343 2982 3397 τὸ
3003 3344 3059 3397 δὲ
3098 3346 3422 3415 χορηγεῑται
3452 3342 3533 3413 τῷ
3573 3344 3698 3414 Υἱῷ
3733 3346 3787 3395 ἐν

2206 3442 2274 3509 τῇ
2311 3439 2413 3510 ἤδη
2444 3438 2674 3508 ῥηθείσῃ
2724 3440 3030 3509 περικοπῇ,
3073 3436 3163 3489 διὰ
3216 3436 3374 3488 τοῦτο
3420 3437 3485 3488 ὲκ
3530 3435 3633 3504 μὲν
3690 3435 3785 3488 τοῦ

2204 3531 2418 3600 Πατρὸς
2450 3531 2625 3594 Θέλεις
2665 3526 2808 3584 εἶναι
2844 3530 2904 3583 τὸ
2931 3529 3175 3600 Πνεῦμα,
3205 3531 3270 3583 ὲκ
3296 3529 3355 3582 δὲ
3399 3529 3512 3593 τοῦ,
3538 3528 3680 3582 Υίοῢ
3714 3534 3787 3600 μὴ

2203 3617 2342 3673 εἶναι
2383 3623 2539 3687 αὐτὸ,
2578 3622 2697 3692 ὥρα
2741 3639 2826 3674 σοι
2873 3621 2967 3675 καὶ
3024 3624 3089 3674 ὲκ
3140 3622 3241 3691 μὲν
3288 3621 3383 3673 τοῦ
3421 3620 3559 3672 Υἱοῦ
3599 3619 3786 3690 λέγειν

2204 3711 2473 3780 ὑπάρχειν
2505 3712 2657 3773 αὐτὸ,
2679 3712 2753 3772 ὡς
2781 3710 3151 3781 προχεόμενον
3176 3710 3313 3780 παρ’
3332 3710 3503 3763 αὐτοῦ
3527 3712 3788 3781 καθάπερ

2203 3802 2313 3856 ἀπὸ
2344 3804 2553 3873 πηγῆς,
2584 3806 2647 3856 ὲκ
2672 3804 2727 3855 δὲ
2752 3803 2846 3856 τοῦ
2882 3801 3098 3873 [ἰατρὸς
3149 3800 3224 3873 μὴ
3265 3802 3446 3868 λέγειν
3506 3803 3785 3872 ὑπάρχειν

2203 3893 2356 3960 αὐτὸ,
2390 3896 2465 3956 ὼς
2504 3898 2571 3965 τῇ
2602 3896 2778 3946 κτίσει
2806 3893 3212 3965 χορηγούμενον
3240 3892 3370 3962 παρ’
3406 3892 3603 3946 αὑτοῦ.

2208 4004 2320 4059 Τοῦ
2340 4006 2531 4060 αὐτοῦ
2554 4006 2623 4059 ἐκ
2646 4004 2755 4073 τῆς
2778 4008 2930 4073 πρὸς
2959 4005 3240 4073 Ἰωάννην
3262 4006 3626 4073 Ἀντιοχείας
3646 4006 3784 4075 περὶ

2672 4077 2913 4144 sip/wn;
2948 4077 3201 4130 ἐπιστολ
3212 4076 3302 4145 ῆς.

2272 4188 2389 4245 ΡΔ’.
2427 4210 2445 4242 ι
2483 4190 2621 4244 Κατ’
2644 4192 2834 4245 οὐδένα
2854 4191 3056 4259 τρόπον
3084 4190 3416 4246 σαλεύεσθαι
3451 4192 3609 4262 παρά
3638 4208 3784 4253 τινος

2210 4304 2228 4334 ι
2283 4283 2594 4355 ἀνεχόμεθα
2624 4284 2747 4354 ,τὴν
2808 4283 3120 4352 ὁρισθεῖσαν
3170 4283 3351 4335 πίστιν
3382 4282 3416 4352 ἢ
3457 4282 3519 4335 τὸ
3545 4282 3648 4352 τῆς
3692 4282 3784 4334 πί-

2210 4395 2230 4428 r
2289 4392 2459 4439 στεως
2496 4372 2777 4446 Σύμϐολον
2810 4375 2960 4446 παρὰ
2988 4376 3097 4428 τῶν
3122 4375 3291 4443 ἁγίων
3324 4374 3587 4442 Πατέρων
3611 4388 3628 4405 ⁸
3659 4372 3785 4427 οὔτε

533 4503 550 4533 ι
587 4483 731 4535 enim
772 4491 868 4533 aut
897 4479 1056 4532 nobis
1088 4485 1182 4531 aut
1213 4475 1309 4529 ulli
1346 4476 1573 4529 omnino
1603 4475 1782 4540 alteri,
1821 4475 1905 4530 vel
1937 4489 2098 4528 unam

2214 4486 2233 4518 ι
2286 4467 2393 4537 μὴν
2426 4467 2795 4537 ἐπιτρέπομεν
2816 4466 3033 4529 ἑαυτοῖς
3063 4467 3095 4537 ἢ
3140 4467 3348 4536 ἑτέροις
3373 4466 3406 4535 ἢ
3447 4466 3597 4530 λέξιν
3622 4467 3785 4535 ἀμεῖ-

533 4595 551 4625 ι
597 4574 843 4629 vuculam
876 4571 949 4625 ibi
982 4570 1222 4640 positam
1264 4572 1579 4632 immutare,
1613 4573 1710 4620 aut
1743 4581 1908 4620 unam
1934 4567 2098 4621 etiam

2213 4579 2232 4611 ι
2287 4560 2388 4631 ψαι
2419 4560 2530 4614 τῶν
2571 4559 2911 4628 ἐγκειμένων
2943 4559 3208 4630 ὲκεῖσε,ῆ
3255 4560 3385 4627 μίαν
3411 4557 3545 4625 γοῦν
3600 4576 3786 4626 παρα-

533 4690 551 4721 ι
592 4668 857 4738 syllabam
903 4665 1186 4734 praeterire
1224 4664 1629 4734 permittimus;
1675 4674 1946 4714 memores
1983 4660 2105 4728 ejus

534 4780 552 4812 ι
591 4759 684 4828 qui
716 4758 854 4812 dixit
881 4774 895 4810 :
926 4755 1005 4810 Ne
1037 4753 1339 4810 transferas
1372 4751 1639 4807 terminos
1657 4750 1934 4817 antiquos,
1964 4764 2105 4820 quos

535 4871 552 4903 ι
592 4860 893 4922 posuerunt
928 4850 1118 4904 Patres
1150 4848 1251 4902 tui.
1276 4846 1396 4900 Non
1436 4845 1581 4898 enim
1612 4842 1715 4912 ipsi
1750 4843 1911 4897 locuti
1952 4852 2103 4910 sunt,

535 4962 557 4994 ι
597 4943 689 4997 sed
724 4943 837 5012 ipse
873 4941 1109 5011 Spiritus
1150 4938 1240 4993 Dei
1277 4953 1341 4992 ac
1364 4937 1561 5000 Patris,
1591 4936 1686 5002 qui
1719 4934 1955 5002 procedit
1984 4933 2108 5002 qui-

539 5060 555 5087 ι
594 5036 715 5091 dem
744 5053 806 5090 ex
835 5036 990 5105 ipso;
1020 5049 1120 5087 nec
1144 5033 1215 5086 ob
1239 5031 1288 5084 id
1312 5041 1494 5082 tamen
1523 5028 1825 5082 secundum
1854 5029 2106 5082 essentia;

536 5151 553 5181 ι
593 5131 882 5192 rationein,
920 5127 1132 5181 alienus
1161 5132 1241 5175 est
1276 5138 1305 5175 a
1340 5121 1499 5174 Film.
1531 5138 1550 5172 ι
1834 5128 1839 5139 ’

1107 5237 1529 5291 Animadversio.

606 5355 623 5386 ι
666 5333 899 5387 Videsne
927 5331 1231 5385 doctrinam
1265 5328 1653 5389 clarissimam,
1693 5324 1958 5395 Spiritum
1985 5327 2105 5394 qui-

535 5448 555 5480 ι
594 5429 718 5483 dem
748 5442 813 5480 ex
854 5425 1011 5477 Patre
1039 5425 1373 5492 procedere;
1418 5422 1717 5476 secundum
1754 5433 1883 5471 vero
1917 5432 2104 5471 esseu-

535 5544 554 5576 ι
598 5526 685 5578 tiae
732 5521 997 5576 rationem
1048 5517 1331 5588 proprium
1377 5531 1498 5570 esse
1541 5513 1699 5569 Filii?
1735 5514 1870 5567 Cum
1920 5512 2106 5579 itaque

535 5636 553 5666 ι
594 5618 731 5670 locis
774 5616 826 5667 in
876 5613 999 5666 aliis
1042 5611 1319 5665 inveneris
1360 5609 1659 5676 scriptum,
1703 5603 1848 5673 quod
1887 5618 1993 5656 non
2030 5603 2102 5655 ita

537 5727 555 5759 ι
594 5707 751 5762 facile
802 5716 1063 5776 perceptu
1104 5714 1222 5770 est,
1262 5704 1328 5757 ad
1360 5701 1665 5757 clarissima
1699 5700 1811 5751 haec
1844 5696 1935 5749 illa
1971 5711 2095 5750 eon-

537 5816 557 5849 ι
595 5799 754 5856 ferto.
791 5817 810 5851 ι

2210 4668 2230 4701 ι
2296 4649 2776 4719 ϐῆναισυλλαὸὴν,
2823 4649 3196 4720 μεμνημένοις
3244 4647 3340 4702 τοῦ
3383 4648 3663 4716 λέγοντος,
3691 4648 3787 4719 Μὴ

2209 4760 2230 4793 ι
2297 4745 2583 4813 μεταίρειν
2610 4744 2735 4813 ὅρια
2768 4742 2985 4807 αἰώνια,
3014 4740 3050 4795 ἃ
3075 4742 3261 4793 ἔθεντο
3308 4741 3358 4793 οί
3391 4742 3634 4810 πατέρες
3663 4756 3783 4793 σου.

2213 4846 2232 4879 ι
2268 4828 2343 4883 Οὐ
2361 4829 2471 4899 γὰρ
2491 4825 2631 4899 ἦσαν
2649 4830 2806 4883 αὐτοὶ
2822 4830 2872 4881 οι
2890 4827 3199 4893 λαλοῦντες,
3225 4828 3358 4881 ἀλλὰ
3376 4833 3431 4881 τὸ
3448 4829 3679 4898 Πνεῦμα
3690 4825 3786 4881 τοῦ

2213 4940 2231 4973 ι
2289 4919 2426 4974 Θεοῦ
2459 4922 2555 4974 καὶ
2593 4921 2832 4990 Πατρδς,
2867 4921 2897 4974 ὃ
2941 4921 3304 4992 ἐκπορεύεται
3348 4925 3448 4991 μὲν
3472 4920 3533 4986 ἐξ
3567 4920 3737 4975 αὑτοῦ
3769 4936 3784 4953 ·

2213 5034 2231 5067 ι
2288 5013 2405 5068 ἔστι
2429 5015 2486 5066 δὲ
2506 5014 2606 5066 οὐκ
2634 5014 2916 5085 ἀλλότριον
2938 5016 3035 5067 καὶ
3055 5013 3152 5067 τοῦ
3194 5014 3348 5081 Υἱοῦ,
3387 5015 3532 5068 κατὰ
3561 5014 3656 5068 τὸν
3684 5013 3788 5082 τῆς

2210 5088 2231 5161 ἁ
2284 5110 2473 5174 οὐσίας
2512 5109 2690 5180 λόγον.
2726 5125 2746 5159 ι

2817 5226 3194 5279 Ἑπιστασία.

2280 5338 2299 5370 ι
2357 5317 2523 5390 Ὃρᾷς
2575 5317 2916 5386 σαφεστάτην
2965 5315 3311 5370 διδασκαλίαν
3334 5315 3463 5385 περὶ
3487 5314 3585 5368 τοῦ
3619 5316 3785 5369 ἐκπο-

2210 5430 2230 5463 ι
2283 5412 2537 5484 ρεύεσθαι
2594 5411 2693 5481 μὲν
2743 5409 2838 5463 τοῦ
2895 5409 3110 5479 Πατρὸς
3159 5410 3220 5461 τὸ
3279 5400 3529 5477 Πνεῦμα,
3559 5407 3693 5459 ἴδιον
3726 5406 3782 5458 δὲ

2215 5522 2233 5556 ι
2277 5502 2417 5558 εἶναι
2452 5503 2595 5557 κατὰ
2644 5502 2737 5556 τὸν
2781 5502 2881 5571 τῆς
2923 5501 3111 5564 οὐσίας
3156 5500 3316 5568 λόγον
3348 5502 3444 5554 καὶ
3491 5499 3590 5551 τοῦ
3624 5498 3780 5565 Υἱοῦ;

2211 5611 2230 5644 ι
2290 5594 2458 5647 ’Ἐνθα
2474 5594 2654 5647 τοίνυν
2681 5592 2936 5663 εὑρήσεις
2964 5590 3199 5660 ἀλλαχοῦ
3222 5590 3546 5660 δυσλήπςως
3578 5607 3629 5643 τι
3655 5605 3784 5660 γρα-

2213 5706 2231 5739 ι
2279 5690 2398 5756 φὲν,
2427 5690 2562 5756 πρὸς
2596 5687 2662 5740 τὰ
2701 5684 2848 5754 σαφῆ
2873 5683 3043 5737 ταῦτα
3067 5685 3295 5738 κάκεῖνα
3316 5681 3645 5747 συμείσαζε.
3682 5699 3702 5733 ι
