3958 6420
204 317 319 381 549

817 421 1203 491 ἏντΙρῤησις.

286 518 405 569 ﬂint
429 512 712 586 ἀλλότριον
737 512 833 567 τοῦ
865 514 998 567 Υἱοῦ
1042 514 1192 581 λέγει
1216 511 1280 565 τὸ
1312 512 1541 581 Πνεῦμα
1560 509 1609 579 ζὸ
1643 510 1800 577 ἅγιος

202 611 358 660 κατὰ
380 605 475 659 τὸν
505 604 608 673 τῆς
634 604 823 668 οὐσίας
870 604 1053 673 λόγον,
1084 605 1144 656 οὐ
1176 602 1338 656 τοῦτο
1369 601 1570 671 δηλῶν,
1598 601 1737 670 ὅπερ
1765 601 1800 669 ἡ

204 701 285 767 σὴ
318 697 575 768 ἐμφαίνει
603 696 914 759 ἐπιστασία,
941 697 1070 749 ἴδιον
1102 693 1306 767 δηλαδὴ
1349 693 1444 749 τοῦ
1479 690 1612 745 Υίοῦ
1656 687 1801 744 εἶναι

200 788 578 858 αὐτὸ,ὲπειδὴ
625 785 910 858 ὁμοούσιόν
960 787 1076 839 ἐστι
1100 787 1179 858 τῷ
1214 786 1342 855 Υίῷ.
1365 780 1444 838 Ἦ
1468 784 1576 855 γὰρ
1604 783 1693 849 ἂν,
1723 782 1800 847 ὡς

200 881 306 933 καὶ
327 879 593 942 πολλάκις
613 879 745 952 ᾐμίν
771 878 991 948 ὲρρἐη,
1016 878 1148 942 ἴδιος
1175 877 1270 931 καὶ
1295 878 1324 931 ὁ
1352 876 1481 941 re;
1506 875 1601 930 τοῦ
1629 874 1800 929 Ilvati-

205 986 394 1044 ματος
418 966 611 1041 ἧν,ὃτι
660 968 947 1038 ὀμοούσιός
1000 971 1118 1022 ἐστι
1168 969 1247 1038 τῷ
1283 971 1582 1037 Πνεῦματι.
1641 966 1806 1019 Ἀλλὰ

204 1061 621 1134 ἐκπορεύεσθαι
651 1060 751 1129 μὲν
801 1061 867 1115 ἐκ
911 1060 1003 1113 τοῦ
1039 1060 1247 1130 Πατρὸς
1274 1058 1422 1127 λέγει
1453 1058 1518 1111 τὸ
1553 1055 1801 1126 Πνεῦμα,

208 1156 281 1210 ἐκ
314 1154 420 1227 τῆς
480 1153 576 1213 τοῦ
636 1153 852 1223 Πατρὸς
894 1151 1084 1214 οὐσίας
1138 1152 1270 1204 αὐτὸ
1320 1147 1460 1204 εἶναι
1489 1148 1686 1220 δηλῶν,
1707 1148 1807 1201 οὐκ

208 1246 513 1317 ἀλλότριον
544 1245 603 1299 δὲ
657 1244 902 1297 διδάσκει
935 1245 1031 1297 καὶ
1084 1242 1385 1310 τοῦ,ξ]’ίοῦ,
1444 1243 1535 1296 διὰ
1587 1241 1648 1294 τὸ
1708 1239 1808 1298 καὶ

209 1340 276 1393 ὲκ
296 1340 398 1407 τῆς
431 1337 622 1399 οὐσίας
684 1335 850 1389 αὐτοῦ
898 1331 1048 1399 ,εἶναι
1081 1336 1236 1391 αὑτό.
1268 1334 1437 1388 Τοῦτο
1497 1334 1604 1402 γὰρ
1631 1333 1802 1403 δηλοῖ,

217 1430 421 1500 λέγων,
446 1429 606 1482 Ἔστι
635 1427 694 1481 δὲ
728 1428 830 1481 οὐκ
855 1425 1137 1497 ἀλλότριον
1162 1429 1255 1481 καὶ
1284 1426 1377 1480 τοῦ
1402 1426 1531 1480 Υἱοῦ
1556 1426 1695 1480 κατὰ
1715 1426 1806 1479 τὸν

215 1523 311 1592 τῆς
343 1519 532 1579 οὐσίας
564 1519 745 1588 λόγον.

222 1633 331 1688 Τοῦ
361 1630 547 1686 αὑτοῦ
576 1633 644 1685 ἐκ
691 1631 803 1686 τῶν
862 1633 1051 1710 κατὰ-
1083 1630 1419 1685 Ἰουλιανοῦ
1492 1629 1798 1698 Ἀπιρῤη-

917 1719 1122 1757 τικων.

1173 309 1255 368 IN
1294 305 1683 370 CAMATERI
1730 305 2487 370 ANIMADVERSIONES.

3366 315 3472 380 550

2558 419 2850 490 Refutalio.

1975 506 2114 562 Cum
2144 523 2254 563 non
2279 509 2519 565 alienum
2547 525 2577 564 a
2604 511 2742 593 Filio
2788 523 3013 570 sanctus
3044 514 3300 584 Spiritum
3329 517 3484 578 dicit.

1906 599 2209 653 secundum
2246 600 2498 654 essentia;
2520 602 2810 665 rationem.
2849 620 2955 656 nun
2988 603 3041 657 id
3078 604 3305 670 indicat,
3335 608 3483 674 quod

1908 697 1997 743 tua
2029 689 2448 746 Animadversio
2476 691 2743 757 insinuat,
2776 694 3056 763 proprium
3087 696 3299 753 scilicet
3326 697 3479 751 illum

1905 780 2027 835 Filii
2052 797 2194 845 esse,
2248 783 2689 851 quandoquidem
2713 787 3197 841 consubstantialis
3220 797 3300 842 est
3326 788 3484 844 Filio.

1907 872 1999 928 Sic
2040 876 2216 937 enim,
2260 885 2323 931 ut
2366 877 2568 947 saepius
2617 877 2946 933 inculcatum
2979 890 3084 947 est,
3130 882 3392 950 .pr0prius
3435 892 3491 936 et

1903 966 2079 1022 Filius
2112 966 2351 1038 Spiritus
2375 978 2543 1034 esset,
2576 970 2703 1039 quia
2733 969 2963 1040 Spiritui
2998 972 3491 1030 consubstantialis

1906 1067 2010 1115 est.
2055 1059 2157 1114 Sed
2186 1060 2484 1128 procedere
2517 1061 2737 1128 quidem
2779 1062 2858 1115 ait
2892 1077 2957 1115 ex
2992 1060 3155 1117 Patre
3195 1061 3484 1133 Spiritum,

1905 1167 1971 1206 ex
2003 1149 2183 1204 Patris
2214 1152 2452 1209 essentia
2490 1151 2641 1206 illum
2675 1167 2798 1206 esse
2832 1153 3176 1222 signiﬁcans,
3213 1169 3320 1208 non
3353 1156 3484 1209 alie-

1903 1259 2036 1297 num
2073 1256 2203 1297 vero
2235 1253 2289 1297 et
2322 1259 2353 1296 a
2392 1241 2530 1299 Filio
2568 1244 2762 1308 docet,
2794 1247 2940 1314 quod
2964 1261 3036 1300 ex
3068 1249 3305 1303 essentia
3342 1246 3491 1305 illius

1900 1343 2004 1391 est.
2036 1336 2154 1391 Hoc
2182 1336 2328 1391 enim
2356 1336 2537 1391 innuit
2562 1351 2685 1392 cum
2704 1337 2835 1391 dicit
2863 1353 2879 1391 :
2912 1336 3027 1393 Non
3058 1346 3151 1397 est
3174 1339 3325 1397 enim
3350 1339 3488 1397 alic-

1907 1442 2012 1483 nus
2040 1442 2071 1482 a
2096 1426 2237 1483 Filio
2268 1428 2574 1483 secundum
2600 1434 2859 1485 essentiae
2889 1431 3181 1485 rationem.

2018 1632 2270 1704 Ejusdem
2296 1650 2363 1688 ea:
2383 1633 2757 1689 Antirrheticis
2786 1632 3040 1687 adversus
3064 1632 3379 1686 lulianum.

303 1814 421 1869 PE’.
451 1835 470 1868 ι
514 1816 603 1880 Ὠς
642 1816 895 1887 appium;
949 1816 1049 1885 μὲν
1092 1815 1152 1868 τὸ
1182 1813 1410 1883 Πνεῦμα
1459 1813 1524 1867 ὲκ
1562 1811 1656 1868 τοῦ
1690 1816 1800 1867 Πα-

1974 1817 2086 1874 CV.
2166 1835 2186 1869 ι
2245 1816 2598 1872 lnell’abiliter
2647 1816 2869 1885 quidem
2920 1815 3158 1884 Spiritus
3200 1830 3279 1869 ex
3325 1814 3491 1871 Patre

236 1925 257 1957 ι
296 1907 418 1977 cpe;
439 1906 824 1977 ἐκπορεύεται,
850 1906 940 1961 διὰ
983 1905 1078 1958 τοῦ
1109 1905 1238 1958 Υίοῦ
1273 1904 1329 1957 δὲ
1356 1906 1677 1976 χορηγεῖται
1732 1907 1800 1976 τῇ

228 2017 252 2047 ηι
293 2001 490 2054 κτίσει.
549 2018 569 2051 ι

810 2089 1189 2147 Ἐπιστασὶα.

288 2226 307 2259 t
350 2206 463 2259 Καὶ
481 2204 624 2275 αὕτη
651 2205 772 2268 ταῖς
794 2202 1199 2274 apd/tumcum;
1236 2204 1422 2272 ὁμοία,
1464 2205 1528 2255 ὲκ
1558 2202 1654 2255 τοῦ
1691 2204 1804 2255 lla.-

216 2316 238 2351 ε
279 2297 413 2366 τρδς
445 2295 546 2364 μὲν
578 2294 906 2375 διδάσκουσα
926 2295 1025 2364 τὴν
1056 2294 1408 2368 ὲκπόρευσιν,
1428 2296 1515 2349 διὰ
1541 2294 1636 2347 τοῦ
1668 2291 1801 2346 Υίοῦ

210 2407 232 2441 ι
277 2389 341 2446 δὲ
366 2388 473 2459 τὴν
505 2386 772 2459 χορηγίαν
796 2385 900 2440 ιτοῦ
931 2385 1272 2458 Πνεύματος.
1307 2405 1328 2438 ι

742 2638 751 2645 '
811 2573 1221 2644 .Αντ[ῤῥησίς.

292 2687 542 2760 mnes;
577 2688 677 2760 μὲν
723 2688 821 2741 καὶ
869 2686 1013 2761 αῦτη
1043 2691 1079 2760 ἡ
1109 2689 1386 2760 περικοπὴ
1438 2689 1681 2742 διδάσκει
1707 2701 1806 2760 την

208 2778 545 2849 ὲκπόρευσιν
565 2782 630 2833 ὲκ
660 2778 896 2849 Πατρδς,
916 2779 1009 2854 διὰ
1031 2780 1124 2833 τοῦ
1167 2780 1298 2833 Υίοῦ
1328 2779 1384 2833 δὲ
1415 2781 1517 2851 τὴν
1544 2781 1809 2850 χορηγίαν

210 2869 307 2923 τοῦ
338 2871 680 2939 Πνεύματος.
721 2869 864 2925 Ἀλλ’
903 2872 1154 2926 ἐντεῦθεν
1198 2874 1452 2943 ἐμφαίνει
1503 2874 1564 2924 τὸ
1609 2873 1686 2943 μὴ
1744 2875 1810 2926 ὲκ

214 2961 381 3032 μόνου
415 2962 509 3013 τοῦ
549 2960 934 3033 Πατρδςηλεῖναι
970 2966 1120 3019 αὑτά.
1157 2964 1278 3018 Ἵνα
1298 2964 1404 3034 γὰρ
1439 2968 1511 3033 μή
1542 2982 1626 3027 τις
1653 2963 1813 3017 ἀκού-

217 3069 327 3121 εις
341 3055 528 3128 τὴνὲκ
548 3057 647 3128 τῆς
676 3057 1041 3127 εύαγγελικῆς
1067 3055 1374 3126 μαρτυρίας
1394 3055 1599 3126 φωνὴν,
1627 3074 1644 3106 ‹
1682 3055 1810 3109 Ἐκ-

1909 1923 1929 1957 ι
1970 1905 2254 1974 procedit,
2312 1919 2410 1974 per
2475 1905 2674 1959 Filium
2724 1921 2853 1959 vero
2911 1905 3178 1970 creaturis
3225 1906 3490 1975 suppedi-

1911 2015 1930 2049 ι
1972 2006 2137 2052 tatur.
2176 2014 2196 2047 ι

2482 2087 2915 2143 Animadversio.

1984 2223 2001 2256 ι
2050 2203 2114 2259 Et
2139 2204 2252 2259 haec
2299 2203 2522 2274 quidem
2572 2219 2739 2274 supra
2789 2205 2968 2260 allatis
3019 2208 3292 2279 pericnpis
3340 2211 3485 2266 haud

1911 2320 1929 2348 ι
1975 2297 2256 2351 dissimilis
2276 2305 2382 2361 est,
2406 2311 2529 2365 quae
2554 2312 2619 2351 ex
2644 2296 2806 2352 Patre
2830 2300 3049 2367 quidem
3077 2303 3484 2369 proccssionem

1913 2407 1930 2440 ι
1970 2388 2248 2448 insinuat,
2301 2402 2400 2457 per
2446 2386 2645 2443 Filium
2700 2404 2831 2444 vero
2879 2390 3119 2460 Spiritus
3166 2397 3485 2465 suppedita-

1912 2498 1929 2529 ι
1971 2478 2207 2533 tionem.
2241 2497 2259 2528 ι

2550 2571 2845 2644 Rcfutatio.

1979 2681 2119 2738 Vere
2147 2684 2364 2752 quidem
2397 2685 2510 2738 haec
2537 2701 2757 2755 quoque
2782 2688 3039 2756 pericope
3069 2704 3133 2742 ex
3164 2687 3327 2746 Patre
3357 2706 3487 2760 pro-

1908 2776 2208 2831 cessioncm
2237 2817 2251 2839 ,
2298 2792 2393 2846 per
2422 2775 2620 2832 Filium
2656 2794 2784 2832 vero
2821 2778 3056 2849 Spiritus
3091 2783 3487 2852 suppeditatio-

1909 2883 2033 2922 nem
2070 2867 2332 2943 insinuat.
2370 2869 2475 2923 Sed
2519 2872 2646 2925 hinc
2672 2873 2913 2927 ostendit
2943 2890 3052 2928 non
3077 2889 3144 2928 ex
3178 2876 3295 2929 solo
3324 2874 3486 2931 Patre

1910 2955 2061 3009 illum
2104 2971 2244 3011 esse.
2280 2957 2355 3011 Ne
2401 2958 2547 3012 enim
2598 2962 2871 3030 quispiam
2920 2964 3148 3019 audiens
3186 2968 3487 3036 evangelici

1913 3047 2210 3102 testimonii
2236 3063 2450 3113 vocem,
2482 3068 2499 3099 ι
2532 3049 2768 3118 Spiritus
2791 3052 2882 3120 qui
2905 3068 2933 3105 a
2958 3052 3116 3109 Patre
3139 3057 3435 3123 procedit“,
3461 3077 3479 3107 ι

213 3149 514 3218 πορεύεται
569 3149 631 3202 τὸ
664 3148 891 3218 Πνεῦμα
914 3149 979 3203 ἐκ
997 3148 1091 3201 τοῦ
1149 3146 1383 3217 Πατρὸς,
1417 3165 1437 3198 υ
1471 3148 1714 3216 οἱήσαιτο
1744 3148 1803 3199 ὲκ

1917 3140 2282 3210 suspicaretur
2324 3157 2391 3195 ex
2438 3142 2557 3197 solo
2606 3145 2764 3198 Patre
2811 3142 3076 3212 Spiritum
3124 3163 3279 3210 esse,
3329 3149 3487 3218 cujus

214 3241 384 3310 μόνου
418 3239 581 3293 αὑτοῦ
614 3237 841 3295 εἶναιτὸ
870 3239 1114 3310 Πνεῦμα.
1154 3235 1307 3313 ’ᾗτινι
1361 3238 1489 3312 δόξῃ
1518 3239 1806 3292 ἀκολουθεί

212 3322 405 3383 καὶτὸ
432 3326 575 3383 εἶναι
602 3332 664 3383 τὸ
694 3320 924 3400 Πνεῦμα
976 3329 1312 3402 διῃρημένον
1348 3327 1506 3393 Titii,
1543 3330 1693 3393 παρὰ
1739 3329 1802 3400 δὴ

208 3419 374 3474 τοῦτο
396 3425 490 3474 καὶ
524 3422 804 3492 ἀλλότριον
825 3419 978 3489 Υἰοῦ,
1010 3424 1038 3473 ὁ
1069 3421 1168 3491 μὲν
1188 3419 1297 3473 τῶν
1321 3420 1494 3487 ἁγίων
1513 3421 1806 3490 ἐκπορεύε-

210 3530 304 3566 ται
339 3514 601 3567 είπὼν-τὸ
629 3513 852 3584 Πνεῦμα
882 3515 947 3571 ὲκ
981 3512 1075 3566 τοῦ
1114 3512 1349 3581 Πατρδς,
1371 3513 1649 3581 παρευοὺς
1672 3511 1808 3566 ἑπά-

209 3619 330 3671 γει,
364 3620 384 3654 t
422 3605 654 3657 Ἐστιδὲ
686 3605 787 3657 οὐκ
823 3603 1103 3674 ἀλλότριον
1127 3603 1242 3661 ,καὶ
1261 3601 1356 3654 τοῦ
1409 3600 1541 3654 Υίοῦ
1569 3616 1585 3633 ⁶
1627 3621 1646 3654 ι
1687 3604 1716 3655 ὁ
1745 3600 1804 3655 δὲ

209 3693 479 3757 ὡσαύτως
521 3694 603 3760 τὸ,
638 3693 734 3747 Ἐκ
768 3694 863 3747 τοῦ
914 3694 1127 3763 Πατρὸς
1185 3694 1571 3763 ἐκπορεύεται.
1596 3692 1789 3761 εἰπὼν,

210 3783 637 3854 προσεπιφέρει,
671 3800 690 3835 ι
724 3782 881 3835 Ἐστι
900 3781 957 3833 δὲ
991 3781 1122 3833 ἴδιον
1153 3784 1246 3833 καὶ
1265 3778 1359 3832 τοῦ
1385 3779 1538 3843 Υίοῦ,
1569 3799 1589 3831 ι
1615 3779 1689 3842 ὡς
1711 3781 1803 3831 καὶ

209 3876 243 3928 ὁ
272 3875 431 3943 ἅγιος
459 3862 873 3937 οὖτοςένταῢθα
910 3874 1225 3943 προσέθηκε
1254 3874 1321 3941 τῇ
1353 3871 1418 3923 ὲκ
1458 3869 1552 3924 τοῦ
1588 3871 1803 3943 Πατρὸς

220 3966 559 4036 ὲκπορεύσει
588 3965 763 4020 καὶτὸ
797 3984 817 4018 ι
845 3966 1180 4035 Χορηγεῖται
1203 3963 1262 4017 δὲ
1293 3966 1356 4035 τῇ
1385 3963 1560 4015 κτίσει
1587 3963 1676 4016 διὰ
1707 3960 1803 4017 τοῦ

212 4057 382 4113 Υῑοῦ.
420 4075 444 4111 ι
477 4058 656 4128 "Amp
691 4057 910 4111 ἅπαντα
940 4056 1200 4126 ἐμφαίνει
1225 4055 1287 4108 τὸ
1318 4057 1393 4126 μὴ
1424 4062 1485 4107 ὲκ
1513 4054 1678 4125 μόνου
1706 4052 1805 4107 τοῦ

214 4149 440 4221 ηατρὺς
477 4146 615 4204 εἶναι
651 4151 804 4205 αὑτό.
826 4151 889 4202 El
912 4150 1018 4218 γὰρ
1047 4150 1110 4200 ἐκ
1134 4147 1296 4217 μόνου
1325 4145 1421 4199 τοῦ
1464 4145 1682 4214 ’Πατρὺς
1734 4141 1804 4217 ἦν

211 4245 311 4294 καὶ
342 4240 420 4310 μή
444 4241 509 4293 ὲκ
532 4239 626 4291 τοῦ
661 4239 791 4292 Υίοῦ
823 4239 1070 4307 φυσικῶς
1110 4237 1203 4290 καὶ
1233 4234 1531 4300 ούσιωδῶς,
1578 4234 1700 4287 οὐδὲ
1735 4234 1804 4287 δι’

212 4331 353 4387 Υίοῦ
378 4330 784 4404 χορηγούμενον
811 4333 904 4385 καὶ
925 4327 1389 4396 ἀποστελλόμενον
1404 4322 1496 4397 ἦν,
1517 4328 1565 4378 εἰ
1591 4328 1663 4397 μή
1686 4343 1805 4388 πως

211 4425 611 4492 λειτουργικώς
667 4440 726 4476 τε
780 4425 873 4478 καὶ
934 4420 1339 4493 ὑπηρετικῶς,-
1398 4418 1534 4489 ὅπερ
1609 4417 1804 4481 ἀσεϐές

214 4534 279 4571 τε
328 4518 428 4570 καὶ
459 4516 802 4586 βλάσφημον.

241 4619 577 4701 P321512;
618 4626 768 4682 ΤΟΥ
822 4627 1558 4701 Αιῖιογζ-,ΓΡΗΓΟΡΙΟΥ
1668 4625 1810 4678 Tor

859 4695 1174 4751 ΝΥΣΣΗΣ.

659 4813 797 4868 Ἀπὸ
825 4810 898 4880 τῆ
903 4831 931 4877 ς
965 4810 1362 4879 Θεογνωσίας.

296 4927 317 4961 ι
367 4905 503 4975 PG".
546 4903 774 4974 Πνεῦμα
816 4901 873 4955 δὲ
917 4901 977 4953 τὸ
1032 4900 1133 4970 τῆς
1164 4899 1441 4970 πατρικῆς
1503 4897 1807 4970 ἐκπορευό-

226 5018 245 5050 ι
298 5013 463 5067 μενον
497 4997 867 5055 ὑποστάσεως.
905 4990 1060 5044 Τοῦδ’
1103 4990 1265 5043 ἕνεκα
1298 4992 1406 5060 γὰρ
1440 4989 1533 5043 καὶ
1575 4990 1802 5058 Πνεῦμα

227 5108 246 5140 ‹
297 5087 595 5156 στόματος,
619 5085 732 5138 ἀλλ’
767 5085 890 5153 οὐχὶ
919 5087 1014 5135 καὶ
1045 5082 1219 5149 Λόγον
1269 5081 1535 5150 στόματος
1578 5081 1805 5151 εἰρήκα-

226 5199 247 5232 ι
295 5196 421 5251 μεν,
456 5179 541 5230 ίνα
591 5177 691 5246 τὴν
745 5174 1139 5245 ἐκπορευτικὴν
1202 5174 1443 5243 ἰδιότητα
1504 5171 1583 5242 τῷ
1631 5171 1805 5241 Πατρὶ

231 5295 247 5325 ι
300 5272 452 5345 μόνῳ
482 5268 790 5343 προσοῦσαν
822 5268 1184 5337 πιστώσηται.
1215 5286 1232 5313 ι
1322 5266 1329 5301 ⁷

824 5359 1205 5415 Ἐπιστασία.

304 5476 335 5510 ι
388 5455 718 5525 Ἐπίστησον
764 5452 1027 5520 ἀκριϐῶς,
1061 5453 1177 5517 πῶς
1211 5452 1308 5506 καὶ
1331 5455 1359 5506 ὁ
1390 5452 1609 5523 ὑψίνους
1648 5446 1804 5516 οὗτος

234 5569 255 5603 ι
302 5549 630 5623 Γρηγὸριος,
687 5547 755 5601 τὰ
796 5547 935 5601 αὐτὰ
965 5549 1078 5611 τοῖς
1110 5546 1315 5611 λοιποῖς
1349 5546 1593 5616 Πατράσι
1653 5544 1800 5599 διδά-

301 5727 327 5760 ⁶
344 5726 504 5783 Joan.
529 5742 642 5791 xlv,
668 5726 755 5780 ‘26.

1904 3232 2176 3298 opinionis
2208 3248 2391 3288 eomes
2421 3244 2503 3287 est
2534 3232 2595 3288 'et
2632 3234 2720 3288 illa
2744 3275 2758 3299 ,
2799 3234 3066 3305 Spiritum
3096 3252 3213 3291 esse
3251 3239 3484 3293 divisqu

1904 3338 1934 3377 a
1970 3321 2141 3387 Filio,
2175 3337 2224 3379 et
2257 3338 2655 3397 consequenter
2692 3329 2929 3382 alienum
2963 3345 2991 3383 a
3024 3329 3181 3391 Filio,
3214 3347 3277 3384 ex
3311 3330 3487 3385 Patria

1903 3416 2008 3470 bus
2041 3432 2335 3481 nonnemo,
2360 3435 2481 3474 cum
2506 3420 2756 3485 dixisset,
2782 3438 2845 3473 ex
2874 3421 3034 3475 Patre
3065 3419 3327 3490 Spiritum
3358 3439 3486 3492 pro-

1905 3510 2132 3572 cedere,
2168 3512 2355 3565 statim
2423 3512 2744 3577 subintulit,
2792 3531 2814 3564 ι
2851 3525 2933 3569 est
2960 3530 3088 3568 veru
3128 3530 3236 3569 non
3274 3515 3485 3570 alienus

1905 3613 1936 3653 a
1974 3598 2152 3654 Filio:
2184 3620 2203 3652 ι
2249 3603 2392 3655 alius
2434 3618 2561 3655 cum
2604 3602 2834 3656 dixisset
2878 3604 3164 3667 similiter,
3212 3622 3279 3659 ex
3326 3605 3486 3659 Patre

1907 3689 2169 3759 Spiritum
2207 3693 2533 3760 procedere,
2573 3693 2852 3759 adnexuit,
2895 3712 2914 3744 ι
2958 3703 3042 3749 est
3070 3711 3198 3750 vero
3230 3696 3485 3765 proprius

1903 3779 2048 3834 Filii.
2099 3800 2118 3833 ι
2162 3780 2267 3837 Sed
2314 3790 2538 3836 sanctus
2600 3782 2689 3837 hic
2720 3786 3059 3854 processioni
3100 3802 3163 3838 ex
3200 3784 3360 3840 Patre
3390 3801 3486 3841 su-

1904 3874 2227 3943 peraddidit,
2262 3893 2280 3927 ι
2314 3882 2369 3929 et
2392 3875 2774 3945 suppeditatur
2797 3877 3060 3932 creaturis
3087 3893 3181 3946 per
3206 3877 3426 3935 Filium.
3457 3897 3476 3929 ι

1904 3965 2035 4030 Quae
2058 3966 2241 4020 omnia
2266 3967 2427 4035 plane
2448 3970 2747 4021 ostendunt
2769 3984 2891 4023 eum
2918 3985 3022 4022 non
3053 3986 3118 4023 ex
3152 3970 3268 4026 solo
3295 3970 3483 4026 Patre.

1903 4055 2117 4109 Etenim
2161 4056 2205 4111 si
2259 4066 2407 4111 esset
2458 4072 2523 4112 ex
2559 4059 2679 4113 solo
2720 4058 2931 4120 Patre.
2979 4069 3032 4115 et
3081 4076 3188 4114 non
3232 4076 3298 4117 ex
3343 4060 3484 4117 Filio

1906 4148 2228 4202 naturaliter
2258 4159 2310 4202 et
2341 4150 2738 4215 essentialiter,‘
2760 4167 2934 4220 neque
2965 4168 3061 4222 per
3092 4151 3292 4207 Filium
3330 4168 3486 4207 crea-

1906 4240 2044 4294 turis
2094 4243 2538 4310 suppeditaretur
2593 4250 2648 4297 et
2700 4245 3050 4306 mitteretur.
3107 4245 3212 4298 nisi
3264 4253 3484 4300 tantum

1907 4331 2069 4386 nzodo
2093 4331 2289 4386 servili
2312 4341 2366 4387 et
2400 4332 2742 4388 ministeriali
2765 4374 2780 4401 ,
2819 4339 2965 4405 quod
3002 4335 3225 4396 impium
3254 4351 3319 4390 ac
3352 4336 3485 4391 bla-

1908 4421 2198 4490 sphemum
2228 4422 2417 4476 fuerit.

2194 4621 2407 4676 DICTA
2438 4620 2802 4678 GREGORII
2843 4623 3197 4680 NYSSENI.

2142 4803 2229 4858 Ex-
2258 4805 2415 4868 libro,
2444 4805 2529 4859 cui
2568 4803 2905 4874 Tlteognosiaz
2933 4824 3119 4862 nomen
3149 4820 3248 4862 est.

1979 4895 2116 4952 CVI.
2156 4917 2174 4949 ι
2204 4895 2442 4964 Spiritus
2474 4914 2537 4952 ex
2574 4908 2794 4968 paterna
2835 4899 3116 4971 hypostasi
3156 4915 3478 4970 procedens.

1915 4986 2126 5058 «Illaec
2171 4990 2335 5043 etiam
2385 4989 2455 5043 ob
2502 5005 2724 5043 causam
2758 4999 2810 5043 et
2863 4990 3129 5060 Spiritum
3180 4991 3326 5053 oris,
3376 5007 3487 5048 non

1919 5097 1938 5131 ι
1973 5086 2152 5134 autem
2187 5078 2425 5133 Verbum
2457 5082 2570 5134 oris
2601 5081 2767 5134 David
2814 5083 3137 5152 appellavit,
3184 5090 3243 5137 ut
3279 5085 3485 5152 produ-

1919 5188 1938 5221 ι
1973 5170 2130 5225 cendi
2165 5171 2471 5226 facultatem
2497 5170 2643 5225 Patri
2671 5174 2773 5227 soli
2804 5176 3174 5229 conﬁrmaret.
3210 5193 3230 5225 ι

2475 5352 2898 5417 Animadversio.

1987 5473 2009 5507 ι
2046 5455 2269 5511 Atteute
2303 5463 2540 5511 mentem
2585 5457 2732 5527 tigito
2769 5453 3168 5522 consideraque
3210 5453 3486 5522 quomodo

1918 5564 1939 5599 ι
1978 5546 2203 5604 sublimi
2254 5555 2439 5604 mente
2484 5549 2572 5604 hic
2620 5546 2919 5619 Gregorius
2968 5546 3155 5599 eadem
3201 5560 3325 5600 cum
3359 5544 3486 5600 aliis
