3958 6420
469 337 571 405 ’551

1489 335 1699 398 JOAN.
1736 334 1952 399 VECCI
1991 334 2100 397 CP.
2139 331 2648 394 PATRIARCHIE

3618 327 3732 392 552

475 475 494 505 ‹
535 451 788 508 Patribus
823 449 1046 512 docens,
1084 447 1184 503 soli
1215 447 1360 502 Patri
1392 447 1594 518 palam,
1625 445 2042 517 manifestoque,

2158 463 2176 498 ι
2223 462 2391 510 σκων,
2428 445 2572 515 μόνῳ
2627 440 2721 496 καὶ
2758 435 2914 505 οὗτος
2947 439 3024 513 τῷ
3047 439 3222 509 Πατρὶ
3249 437 3435 508 σαφῶς
3464 436 3562 492 καὶ
3596 436 3738 507 ἀρι-

473 566 488 597 ι
533 544 772 616 Spiritus
805 539 1210 611 processiouem
1252 539 1499 593 ascribit.
1539 557 1558 590 ι

1108 629 1404 700 Refutatio.

539 725 681 780 Huic
745 724 1202 779 animadversioni
1256 721 1389 774 nihil
1455 721 1521 775 de
1585 719 1789 775 nostris
1853 727 2041 774 contra

467 833 826 888 opponemus,
863 817 960 870 sed
988 831 1110 884 qua:
1139 815 1279 867 alius
1311 822 1437 867 ante
1465 813 1606 865 hanc
1639 820 1882 865 nostram
1913 820 2045 863 aeta-

469 917 612 974 tem,
651 907 1003 975 corruptione
1035 904 1293 958 dictionis
1332 903 1386 955 in
1426 902 1528 955 hac
1559 901 1812 970 pericope
1843 902 2047 968 Optime

466 999 792 1063 observata,
860 995 1157 1064 evulgavit.
1218 993 1589 1063 Nys'senorum
1653 995 1798 1044 enim
1864 992 2043 1044 lumen

465 1089 765 1160 Gregorius
813 1103 938 1142 cum
977 1087 1077 1142 sibi
1122 1088 1500 1155 preposuisset
1547 1084 1837 1139 ostendere
1869 1082 2044 1152 Spiri-

467 1191 584 1236 tum
637 1181 937 1235 secundum
993 1193 1150 1232 suam
1210 1177 1608 1248 hypostatiCam
1661 1177 2046 1245 proprietatem

467 1274 785 1342 procedere,
829 1272 902 1326 ita
949 1271 1180 1340 digessit
1223 1270 1532 1324 orationem
1570 1267 1760 1323 :Hanc
1798 1271 1942 1320 enim
1978 1269 2047 1320 ob

467 1383 693 1424 causam
724 1376 777 1420 ct
807 1365 1060 1434 spiritum
1098 1363 1233 1424 oris,
1266 1371 1319 1414 et
1344 1376 1450 1413 non
1484 1361 1707 1413 verbum
1739 1360 1850 1412 uris
1880 1358 2047 1412 David

466 1455 774 1524 appellavit,
809 1460 866 1505 ut
900 1449 1227 1520 procedendi
1265 1449 1649 1517 pr0prietatem
1682 1448 1905 1516 Spiritui
1944 1448 2046 1502 soli

468 1547 823 1601 inhaerentem
872 1549 1169 1596 astrueret.
1215 1540 1319 1605 Qui
1363 1555 1492 1593 vero
1527 1543 1707 1593 omnia
1743 1543 2043 1605 invertunt,

467 1654 592 1692 cum
626 1637 917 1690 dictionem
953 1634 1189 1703 Spiritus
1214 1632 1390 1686 tribus
1424 1630 1710 1686 elementis
1738 1642 2043 1694 exaratam,

467 1729 948 1793 abbreviatamque
974 1725 1390 1793 comperissent,
1438 1722 1562 1784 mi,
1615 1722 1842 1791 parique
1885 1723 2045 1775 modo

2151 555 2169 588 ι
2214 536 2390 606 δήλως
2439 537 2538 607 τὴν
2571 535 2663 590 τοῦ
2697 534 3016 604 Πνεὺματος
3040 534 3303 604 ἀπονέμει
3333 531 3732 603 έκπόρευσιν.»

2740 630 3136 697 Ἀντίῤῥησις.

2228 722 2318 776 Ἐν
2362 721 2537 792 ταύτῃ
2593 723 2657 791 τῇ
2710 721 3000 790 ἐπιστασίᾳ
3029 719 3313 788 γενόμενοι
3373 714 3526 769 οὐδὲν
3583 713 3741 786 πρὸς

2145 813 2466 884 ἀντίρρησιν
2493 816 2693 884 ταύτης
2717 815 2912 866 οἰκεῖον
2937 814 3191 882 ἐροῦμεν,
3221 811 3332 865 ἀλλ’
3363 811 3508 877 ἆπερ
3537 808 3744 878 ἕτερός

2146 923 2231 968 τις
2265 907 2473 974 εἰρήκει
2507 905 2615 958 τῶν
2643 906 2747 974 πρὸ
2795 906 2973 974 ἡμῶν,
3007 904 3107 973 τὴν
3139 901 3500 972 παραφθορὰν
3531 901 3634 969 τῆς
3680 903 3744 952 ὲν

2146 999 2212 1065 τῇ
2251 997 2529 1064 περικοπῇ
2559 993 2733 1066 ταύτῃ
2763 995 2961 1060 λέξεως
3014 994 3278 1048 κάλλιστα
3309 993 3598 1056 ἐξετάσας.
3673 990 3741 1044 Ὀ

2152 1086 2250 1155 μὲν
2289 1086 2398 1152 γὰρ
2426 1087 2534 1138 τῶν
2558 1087 2855 1138 Νυσσαέων
2889 1088 3136 1155 φωστὴρ,
3173 1085 3522 1154 παραστῆσαι
3553 1081 3749 1135 θέλων

2148 1176 2209 1228 τὸ
2234 1175 2458 1242 Πνεῦμα
2483 1176 2643 1243 μόνον
2672 1173 2810 1229 εἶναι
2837 1179 3168 1246 ὲκπορευτὺν
3193 1177 3335 1227 κατὰ
3361 1173 3458 1244 τὴν
3490 1176 3750 1226 ὑποστα-

2149 1269 2304 1336 τικὴν
2335 1265 2530 1320 ἑαυτοῦ
2561 1268 2823 1338 ἰδιότητα,
2875 1266 3019 1319 οὑτω
3068 1266 3158 1318 τὸν
3186 1267 3342 1332 λόγον
3373 1267 3702 1334 προήνεγκε
3725 1280 3741 1295 ·

2149 1359 2304 1413 Τοῦδ’
2336 1362 2496 1414 ’ἑνεκα
2549 1364 2656 1430 γὰρ
2709 1364 2804 1414 καὶ
2855 1359 3078 1428 Πνεῦμα
3115 1360 3401 1427 στόματος,
3455 1356 3572 1408 ἀλλ’
3606 1354 3746 1426 οὐχὶ

2149 1454 2241 1504 καὶ
2267 1452 2423 1520 λόγον
2463 1453 2730 1520 στόματος
2763 1453 2985 1520 εἴρηκεν
3015 1453 3043 1502 6
3084 1448 3266 1514 Δαυῒδ,
3316 1449 3402 1500 ἵνα
3430 1451 3526 1515 τὴν
3558 1448 3746 1499 ἐκπο-

2151 1541 2411 1610 ρευτικὴν
2461 1543 2705 1610 ἰδιότητα
2750 1542 2826 1610 τῷ
2873 1540 3151 1609 Πνεὺματι
3217 1540 3364 1607 μόνῳ
3417 1535 3745 1607 προσοῦσαν

2149 1633 2509 1702 πιστώσηται.
2548 1635 2612 1685 Οι
2633 1633 2689 1685 δὲ
2719 1633 2894 1685 πάντα.
2919 1631 3396 1702 διαστρεϐλοῦντες
3422 1629 3520 1699 τὴν
3552 1627 3742 1680 Πνεύ-

2153 1741 2284 1793 ματι
2340 1724 2486 1787 λέξιν
2538 1726 2689 1794 τρισὶ
2749 1723 3033 1792 στοιχείοις
3070 1723 3320 1791 εὑρόντες
3365 1721 3742 1790 διαχαραττό-

467 1818 761 1874 dictionem
797 1815 974 1870 Patris
994 1854 1009 1879 ,
1041 1815 1139 1885 πρὶ
1161 1854 1176 1878 ,
1207 1816 1443 1868 mediam
1472 1813 1711 1866 litteram
1747 1814 2042 1867 immutan-

2158 1819 2322 1887 μένην
2362 1817 2788 1886 συγκοπτικῶς,
2815 1817 2957 1870 κατὰ
2988 1815 3166 1868 ταυτά
3193 1814 3251 1867 δὲ
3295 1814 3389 1867 καὶ
3419 1814 3518 1883 τὴν
3548 1813 3740 1884 Πατρὶ

469 1919 586 1974 tes,
625 1921 866 1977 namque
895 1922 924 1959 ν
960 1906 1016 1960 in
1063 1922 1093 1975 ρ
1125 1906 1431 1958 immutatio
1461 1903 1640 1960 facilis
1675 1914 1788 1967 est,
1819 1919 1914 1958 eos
1954 1906 2046 1974 qui

471 2017 580 2057 non
609 2001 954 2055 considerate
975 2039 990 2064 ,
1025 1998 1120 2053 sed
1154 1998 1313 2067 quasi
1345 1998 1493 2052 aliud
1529 2009 1751 2066 agentes
1798 1997 2050 2066 Scriptu-

468 2107 559 2147 ras
590 2101 940 2161 percurrunt,
977 2089 1309 2150 fefellerunt,
1341 2095 1661 2162 adaptantes
1696 2089 1864 2153 Patri,
1902 2089 2048 2156 quod

469 2192 590 2236 erat
621 2181 855 2252 Spiritus
893 2180 1199 2249 prOprium.
1230 2181 1410 2246 Quare
1447 2179 1834 2248 inquirendum
1870 2189 1973 2243 est,
2004 2179 2051 2232 si

467 2275 780 2329 necessario
811 2274 1016 2327 dictum
1058 2273 1163 2326 hoc
1192 2272 1265 2326 ita
1287 2271 1620 2325 eﬂ‘erendum
1661 2282 1762 2324 est.
1797 2269 2044 2339 Namque

467 2376 624 2430 esto,
662 2367 896 2421 dixisset
938 2364 1103 2419 David
1142 2373 1197 2418 et
1250 2365 1474 2419 verbum
1507 2365 1619 2418 oris
1659 2364 1930 2426 Verbum,
1975 2364 2051 2417 uti

463 2469 520 2514 et
549 2459 798 2529 spiritum
826 2458 940 2511 oris
968 2457 1466 2526 Spiritumidixerat
1491 2472 1506 2510 :
1533 2473 1660 2510 num
1688 2467 1971 2525 propterea
1999 2465 2053 2508 et

471 2551 612 2606 hanc
631 2550 997 2620 processionis
1023 2551 1412 2618 proprietatem
1439 2549 1795 2616 ascripturus,
1821 2559 1872 2601 et
1897 2547 2053 2600 alteri

465 2657 587 2698 cum
605 2641 762 2696 Patre
777 2656 1124 2695 communem
1153 2639 1296 2693 factu
1308 2655 1397 2693 rus
1417 2639 1573 2692 erat?
1591 2638 1654 2690 Et
1675 2654 1792 2707 qua:
1819 2641 2056 2691 necessi-

469 2746 553 2789 tas
585 2735 819 2789 rationis
853 2735 955 2787 hoc
974 2733 1164 2802 urget?
1197 2731 1299 2786 Sed
1321 2733 1366 2786 si
1401 2733 1780 2785 dixitverbum
1800 2732 1912 2784 oris
1935 2745 2056 2784 esse

467 2828 731 2890 Verbum,
755 2827 1219 2896 quemadmodum
1239 2825 1482 2888 dixerat,
1521 2823 1921 2892 Spiritumesse
1949 2824 2057 2891 spi-

469 2916 635 2970 ritum
667 2917 780 2970 oris
809 2955 824 2978 ,
860 2931 1087 2985 prorsus
1141 2911 1513 2983 processionis
1562 2917 1949 2982 proprietatem
2003 2921 2056 2985 et

473 3005 650 3060 Verbo
699 3013 754 3059 et
785 2984 1013 3074 Spiritui
1064 3004 1571 3058 communicaturus
1621 3011 1757 3055 erat.
1808 2984 2056 3071 Namque

469 3111 594 3150 cum
629 3094 794 3148 verba
827 3095 941 3148 oris
973 3095 1319 3161 procedentia
1357 3103 1739 3161 nuncupentur
1768 3111 1782 3148 :
1809 3112 1826 3144 ι
1862 3093 1991 3158 Quae
2030 3111 2048 3146 ι

468 3187 613 3239 enim
651 3202 668 3235 ι
710 3185 1036 3254 procedunt,
1077 3202 1095 3235 ι
1135 3185 1232 3249 ait,
1267 3201 1284 3234 ι
1329 3200 1422 3252 per
1458 3184 1597 3237 labia
1629 3199 1743 3237 mea
1777 3199 1882 3238 n0n
1923 3185 2045 3238 irri-

471 3275 675 3344 tabo,_i
713 3277 757 3331 si
809 3275 1064 3343 spiritum
1093 3275 1204 3327 oris
1259 3273 1544 3342 Spiritum,
1577 3284 1631 3327 et
1677 3277 1899 3327 verbum
1935 3274 2047 3328 oris

477 3367 708 3421 Verbum
745 3365 916 3420 David
947 3366 1193 3432 dixisset,
1229 3381 1452 3435 prorsus
1485 3367 1797 3419 necessario
1829 3381 2048 3434 proces-

473 3461 644 3514 sionis
667 3458 972 3528 proprietas
1003 3458 1291 3525 utriusque
1322 3457 1542 3511 deberet
1567 3474 1687 3512 esse
1714 3459 2044 3512 communis.

475 3551 588 3604 lloc
635 3559 858 3604 sanctus
907 3566 1030 3608 cum
1084 3552 1296 3603 amoliri
1352 3561 1664 3612 cOnaretur,
1714 3552 1778 3603 ad
1823 3552 2048 3602 demou-

475 3647 758 3698 strandum
795 3643 1126 3712 procedendi
1164 3643 1545 3711 proprietatem
1576 3643 1674 3695 soli
1710 3642 1886 3695 inesse
1927 3640 2047 3709 Spi-

474 3736 622 3800 ritui,
653 3736 973 3804 assumpsit,
1009 3734 1265 3787 Davidem
1298 3748 1406 3786 non
1454 3735 1679 3800 dixisse,
1724 3732 1787 3785 Et
1823 3733 2045 3786 verbum

479 3829 611 3883 oris.
647 3827 780 3892 Quae
841 3841 964 3879 cum
1022 3825 1097 3879 ita
1142 3804 1265 3879 vero
1308 3841 1365 3878 se
1408 3825 1670 3888 habeant,
1732 3826 1856 3878 hinc
1892 3825 2046 3878 colh-

477 3932 604 3986 gere
657 3917 804 3982 licet,
868 3926 1134 3986 quantum
1197 3917 1622 3970 ecclesiasticam
1679 3931 1867 3984 pacem
1922 3931 2046 3984 pro-

479 4013 610 4080 pria:
640 4011 924 4064 sententia:
954 4017 1260 4064 amatorum
1306 4011 1589 4065 hominum
1633 4010 1932 4079 pertinacia
1961 4009 2050 4062 lae-

478 4103 634 4159 serit.
664 4102 799 4156 lllud
834 4112 1093 4172 prwterea
1125 4113 1330 4169 notato,
1362 4119 1464 4174 pro
1495 4118 1560 4156 eo
1579 4105 1721 4170 quod
1754 4104 2044 4157 dicendum

478 4202 628 4261 erat,
671 4194 843 4261 dixit,
894 4196 987 4265 qui
1030 4196 1323 4250 dictionem
1366 4197 1776 4261 vulneraverat,
1815 4197 2046 4247 diximus

480 4286 721 4354 scripsit,
755 4289 1209 4358 considerateque
1231 4327 1247 4352 ,
1279 4289 1703 4342 construetionis
1737 4303 1930 4342 seriem
1969 4289 2048 4340 in-

480 4392 718 4444 versam,
750 4394 873 4433 cum
905 4380 1050 4435 dicat
1078 4399 1092 4436 :
1124 4380 1356 4436 diximus
1412 4391 1471 4436 ut
1501 4393 1784 4446 astrueret,
1810 4381 1891 4436 vel
1925 4397 2048 4434 con-

481 4467 742 4538 ﬁrmaret.

901 4755 1154 4825 Ejusdem
1184 4771 1248 4809 ea:
1280 4757 1457 4809 eodem
1491 4756 1647 4809 liora.

552 4849 712 4906 CVII.
751 4867 768 4900 ι
808 4849 876 4906 Ut
907 4849 1402 4917 dicens,.Verbum,
1425 4849 1546 4902 Filii
1577 4849 1652 4902 uti
1677 4864 1741 4902 ex
1775 4849 2052 4903 intellectu

489 4965 506 4996 ι
544 4943 638 4998 Dei
671 4953 723 4998 et
760 4942 938 4998 Patris
971 4959 1196 5013 prorsus
1229 4944 1296 4996 ab
1333 4944 1478 4996 omni
1512 4943 1765 5010 passione
1799 4943 2051 5008 liberam,

486 5053 508 5089 ι
544 5044 598 5090 et
624 5035 949 5090 ineffabilem
975 5033 1385 5105 generationem
1412 5035 1831 5102 exciperemus:
1864 5035 2052 5088 dicens

484 5149 507 5181 α
545 5145 698 5194 vero,
736 5129 986 5198 spiritum
1022 5127 1170 5191 oris,
1204 5126 1633 5180 sanctilicantem
1659 5166 1674 5192 ,
1707 5135 1760 5180 et
1789 5126 2054 5179 essentia-

487 5239 505 5272 ι
545 5220 648 5276 lem
681 5222 1016 5291 potentiam,
1059 5235 1124 5275 ac
1163 5220 1286 5274 vita:
1316 5221 1579 5276 datricem
1615 5221 1846 5290 Spiritus
1881 5225 2050 5292 hypo-

488 5333 506 5364 ‹
547 5314 738 5368 stasim
795 5313 1269 5380 intelligeremus,
1322 5314 1650 5382 procedendi
1702 5314 2052 5384 proprietatis

489 5425 506 5458 ι
545 5408 764 5461 nomine
794 5405 1154 5475 designatam.
1191 5424 1209 5456 ι

1051 5497 1474 5553 Animadversio.

530 5608 576 5662 ,ι
614 5589 714 5644 Ηὶο
738 5603 956 5659 quoque
984 5589 1108 5645 licet
1135 5591 1273 5646 forte
1304 5594 1657 5660 perobscura,
1688 5591 1832 5644 Patri
1863 5605 2054 5644 rursus

485 5697 508 5731 ι
547 5678 781 5747 Spiritus
815 5683 1214 5748 proccssionem
1253 5684 1506 5739 attribuit
1539 5683 1613 5737 uti
1649 5693 1696 5736 et
1735 5681 1856 5735 Filii
1891 5696 2049 5749 grue:

484 5784 512 5825 ι
548 5771 834 5827 rationem.
879 5792 898 5830 ι

2149 1908 2316 1974 λέξιν,
2361 1909 2423 1960 τὸ
2455 1911 2617 1979 μέσον
2672 1910 2937 1977 στοιχεῖον
2995 1905 3466 1976 μεταποιήσαντές
3521 1921 3581 1957 τε
3633 1907 3738 1959 καὶ

2151 1997 2652 2069 παραφθείραντες,
2708 2000 2804 2051 καὶ
2846 1999 2953 2067 γὰρ
2984 1999 3017 2066 ἡ
3050 1996 3143 2049 τοῦ
3183 2013 3211 2050 ν
3238 1997 3377 2065 πρὸς
3407 1995 3469 2046 τὸ
3499 2011 3530 2064 ρ
3560 2010 3730 2061 μετα-

2151 2089 2370 2157 ποίησις
2400 2089 2652 2158 εὑχερὴς,
2685 2090 2812 2152 τοὺς
2853 2089 2926 2158 μὴ
2966 2088 3420 2157 ὲπεσκεμμένως,
3449 2084 3577 2137 ἀλλὰ
3609 2101 3716 2138 πα·

2156 2181 2381 2250 ροδικῶς
2417 2183 2519 2243 τὰς
2567 2182 2790 2250 Γραφὰς
2839 2182 3092 2242 ἐπιόντας
3141 2179 3455 2248 ἠπάτησαν,
3519 2175 3580 2226 τὸ
3627 2174 3724 2227 τοῦ

2154 2273 2470 2340 Πνεύματος
2501 2273 2628 2324 ἴδιον
2660 2272 2738 2340 τῷ
2784 2273 2960 2343 Πατρὶ
3014 2273 3525 2341 προσαρμόσαντες.
3549 2269 3732 2336 Ζητη-

2153 2363 2274 2416 τέον
2304 2363 2501 2416 οὑκοῦν
2535 2365 2694 2430 εἴπερ
2726 2365 2973 2433 ἀνάγκην
3016 2363 3138 2416 τινὰ
3168 2365 3195 2414 ὁ
3225 2363 3382 2430 λόγος
3427 2360 3543 2429 ἔχει
3587 2357 3735 2412 οὕτω

2157 2456 2517 2524 προάγεσθαι.
2583 2458 2766 2509 Ἔστω
2798 2459 2907 2526 γὰρ
2951 2459 3125 2508 εἰπεῖν
3145 2456 3233 2507 τὸν
3265 2453 3424 2506 Δαυῒδ
3485 2452 3584 2504 xui.
3643 2452 3736 2502 τὸν

2155 2550 2310 2618 λόγον
2369 2551 2638 2618 στόματος
2676 2551 2868 2616 Λόγον,
2906 2548 3096 2618 ὥσπερ
3130 2543 3224 2599 οὖν
3279 2549 3376 2599 καὶ
3409 2543 3472 2596 τὸ
3510 2543 3733 2611 πνεῦμα

2159 2642 2424 2708 στόματος
2463 2643 2652 2712 εἴρηκε
2687 2640 2942 2709 Πνεῦμασ
2972 2641 3060 2710 ἄρ’
3107 2639 3297 2708 ἔμελλε
3327 2639 3414 2691 διὰ
3446 2635 3611 2689 τοῦτο
3637 2637 3732 2705 τὴν

2154 2731 2413 2797 τοιαύτην
2457 2733 2859 2802 ὲκπορευτικὴν
2894 2732 3134 2800 ἰδιότητα
3165 2733 3261 2784 καί
3308 2747 3415 2782 τινι
3467 2731 3610 2800 μετὰ
3639 2727 3730 2782 τοῦ

2157 2821 2370 2891 Πατρός
2411 2825 2582 2894 ἑτέρῳ
2622 2824 3028 2890 κοινώσασθαις
3075 2824 3185 2876 Καὶ
3236 2823 3395 2875 ποίαν
3461 2822 3580 2890 ἔχει
3636 2820 3732 2891 τὴν

2157 2913 2407 2982 ἀνάγκην
2459 2917 2485 2965 ὁ
2523 2914 2712 2981 λόγος;
2769 2914 2909 2967 Ἀλλ’
2959 2917 3053 2968 ὲλν
3079 2910 3197 2966 εἶπε
3252 2914 3412 2980 λόγον
3458 2915 3732 2982 στόματος

2157 3000 2298 3058 εἶναι
2343 3006 2434 3057 τὸν
2466 3006 2659 3074 Λόγον,
2697 3005 2885 3077 ὥσπερ
2915 3004 3010 3059 οὖν
3061 3007 3152 3059 καὶ
3191 3005 3420 3076 Πνεῦμα
3452 3006 3725 3074 στόματος

2157 3092 2277 3149 εἷπε
2317 3098 2376 3149 τὸ
2400 3097 2647 3168 Πνεῦμα,
2680 3098 2898 3162 πάντως
2929 3100 3030 3167 τὴν
3061 3098 3461 3169 έκπορευτικὴν
3491 3098 3730 3166 ἰδιότητα

2164 3191 2260 3244 καὶ
2290 3189 2368 3259 τῷ
2390 3190 2532 3256 λόγῳ
2573 3193 2668 3242 καὶ
2690 3191 2766 3260 τῷ
2801 3190 3080 3260 Πνεύματι
3115 3189 3468 3245 κοινώσασθαι
3511 3190 3726 3259 ἔμελλε·

2153 3286 2247 3336 καὶ
2273 3285 2379 3352 γὰρ
2405 3285 2528 3335 ἐπεὶ
2556 3283 2620 3336 τὰ
2640 3282 2734 3334 τοῦ
2771 3283 3038 3351 στόματος
3063 3284 3283 3352 ῥήματα
3314 3282 3729 3351 ἐκπορευόμενα

2152 3374 2396 3442 λέγεται,
2436 3391 2455 3424 ι
2515 3375 2596 3427 Τὰ
2632 3374 2739 3444 γὰρ
2774 3373 3210 3442 ἐκπορευόμενα,
3274 3391 3295 3424 ι
3358 3371 3518 3441 φησὶ,
3576 3389 3596 3422 ι
3643 3370 3731 3424 διὰ

2152 3467 2262 3518 τῶν
2299 3465 2525 3535 χειλέων
2569 3483 2672 3535 μου
2701 3467 2759 3518 οὑ
2812 3465 2888 3536 μὴ
2917 3466 3186 3535 ἀθετήσω,
3231 3484 3250 3516 ι
3287 3466 3382 3517 ἐὰν
3415 3467 3476 3516 τὸ
3503 3465 3730 3533 Πνεῦμα

2155 3560 2419 3628 στόματο,
2472 3558 2716 3627 Πνεῦμα,
2753 3559 2967 3612 καὶτὸν
3020 3557 3177 3624 λόγον
3230 3559 3500 3626 στόματος
3555 3558 3729 3624 Λόγον

2153 3654 2376 3722 εἴρηκεν
2409 3652 2436 3702 6
2470 3653 2652 3715 Δαυῖδ,
2698 3652 2838 3706 κατὰ
2886 3654 3065 3733 «iam:
3098 3651 3344 3720 ἀνάγκην
3385 3653 3418 3719 ἡ
3465 3653 3729 3718 ἐκπορευ-

2154 3746 2280 3812 τικὴ
2324 3745 2519 3811 ἰδιότης
2555 3745 2777 3813 ἔμελλεν
2814 3745 3147 3815 ἀμφοτέροις
3181 3744 3514 3797 κοινοῦσθαι.
3559 3741 3730 3794 Τοῦτο

2152 3835 2284 3903 γοῦν
2313 3837 2341 3886 ὁ
2372 3838 2524 3902 ἅγιος
2561 3836 2822 3906 ἀναιρῶν,
2855 3839 2936 3898 εἰς
2986 3836 3262 3899 ἀπόδειξιν
3295 3835 3387 3887 τοῦ
3418 3836 3517 3905 τὴν
3566 3838 3727 3887 ὲκπσ

2158 3929 2414 3999 ρευτικὴν
2468 3919 2709 3997 ἰδιότητα
2752 3930 2898 3998 μόνῳ
2955 3935 3238 3999 προσεῖναι
3294 3931 3370 4000 τῷ
3422 3931 3725 3999 Πνεῦματι,

2155 4021 2434 4089 παρέλαϐε
2463 4022 2522 4073 τὸ
2547 4022 2622 4090 μὴ
2653 4021 2826 4073 εἰπεῖν
2856 4022 2948 4075 τὸν
2979 4023 3143 4075 Δαυῒδ
3174 4027 3266 4076 καὶ
3299 4025 3392 4077 τὸν
3421 4025 3580 4090 λόγον
3607 4025 3730 4078 στό-

2157 4131 2326 4184 ματος
2351 4115 2543 4182 Λόγον.
2573 4116 2733 4169 Οὑτω
2752 4115 2881 4184 γοῦν
2904 4116 3002 4185 τῆς
3029 4117 3286 4186 ἀληθείας
3315 4116 3567 4188 ἐχούσης,
3603 4135 3729 4170 συν·

2158 4205 2288 4258 ιδείν
2345 4206 2593 4259 ἐντεῦθεν
2664 4206 2835 4271 ἐστιν,
2888 4208 3060 4260 ὁπόσα
3108 4205 3205 4275 τὴν
3265 4207 3728 4276 ἐκκλησιαστικὴν

2155 4299 2431 4368 εἰρήνηνή
2462 4299 2969 4369 τῶνίίδιορρὑμων
2999 4299 3210 4368 ἀνδρῶν
3258 4298 3570 4368 ἐλυμήνατο
3609 4313 3730 4350 πειι

2157 4393 2350 4460 σμονή.
2386 4391 2698 4460 Σημείωσαι
2733 4393 2790 4443 δὲ
2821 4393 2916 4445 καὶ
2944 4393 3026 4443 ὃτι
3063 4391 3185 4442 ἀντὶ
3213 4389 3306 4443 τοῦ
3337 4393 3532 4454 εἰπεῖν,
3566 4388 3728 4456 εἰρηο

2082 4484 2125 4539 D
2157 4497 2262 4534 κεν
2292 4482 2320 4531 ὁ
2354 4479 2535 4548 Δαυῒδ,
2559 4483 2899 4550 εἰρήκαμεν,
2927 4479 3079 4537 εἶπεν
3122 4485 3148 4534 6
3196 4481 3579 4550 παραφθείρας
3629 4482 3726 4548 τὴν

2157 4576 2342 4644 ῥῆσιν,
2371 4577 2462 4626 καὶ
2499 4577 2690 4627 σκόπει
2728 4576 2825 4627 καὶ
2847 4578 2905 4627 τὸ
2945 4576 3043 4644 τῆς
3093 4574 3397 4638 συντάξεως
3427 4573 3724 4627 ἀνακόλου-

2155 4665 2265 4721 θον.
2299 4667 2460 4733 Λέγει
2503 4669 2630 4738 γάρ·
2661 4668 3003 4736 εἰρήκαμεν,
3033 4668 3133 4720 ἵνα
3163 4667 3562 4734 πιστώσηται..

2704 4761 2804 4814 Ἐκ
2841 4761 2951 4829 τῆς
2979 4760 3191 4827 αὐτῆς.

2224 4849 2342 4905 PZ'.
2373 4868 2392 4901 ι
2439 4849 2554 4903 Ἵνα
2609 4850 2695 4903 διὰ
2725 4851 2827 4918 μὲν
2863 4853 2954 4904 τοῦ
2988 4853 3160 4918 Λόγον
3222 4853 3394 4904 εἰπεῖν
3440 4850 3540 4922 τὴν
3567 4852 3642 4914 ὡς
3665 4854 3726 4906 ὲκ

2160 4959 2179 4992 ι
2216 4943 2309 4994 τοῦ
2338 4942 2471 4996 Θεοῦ
2525 4945 2618 4996 καὶ
2664 4944 2873 5014 ungo;
2928 4945 3313 5014 ἁπαθεστάτην
3348 4946 3441 4996 καὶ
3488 4945 3724 5017 ἄρρητον

2160 5051 2177 5084 ι
2214 5035 2307 5084 τοῦ
2353 5034 2481 5086 Υἱοῦ
2533 5036 2971 5106 παραδεχώμεθα
2999 5039 3273 5105 γέννησιν,
3305 5039 3392 5091 διὰ
3434 5039 3492 5092 δὲ
3531 5040 3624 5092 τοῦ
3655 5040 3727 5092 εἰσ

2161 5143 2178 5176 ι
2217 5127 2444 5196 ρηκέναι
2481 5128 2708 5197 Πνεῦμα
2739 5137 3006 5197 στόματος
3039 5130 3136 5198 τὴν
3165 5131 3490 5200 ἁγιαστικὴν
3520 5133 3614 5184 καὶ
3638 5132 3726 5184 οὐ.

2161 5237 2179 5270 ι
2219 5219 2383 5287 σιὼδη
2437 5218 2665 5288 δύναμιν
2727 5221 2820 5272 καὶ
2877 5218 3190 5290 ζωαρχικὴν
3259 5221 3353 5276 τοῦ
3409 5223 3726 5292 Πνεὺματος

2159 5330 2177 5362 ι
2217 5312 2513 5364 ὑπόστασιν
2547 5313 2926 5382 ὑπολάϐωμεν,
2964 5314 3040 5382 τῷ
3083 5314 3479 5385 ὲκπορευτικῆς
3528 5316 3723 5384 ἰδιότη-

2160 5425 2178 5458 ι
2215 5423 2305 5468 τος
2335 5407 2559 5475 ὀνόματι
2581 5407 2826 5475 δηλονότι
2859 5409 3407 5478 χαρακτηριζομένην
3462 5428 3480 5459 ι

2751 5501 3133 5555 Ἐπιστασία.

2229 5610 2248 5642 ι
2289 5591 2599 5658 Κάνταῦθα,
2634 5590 2998 5661 κὰκ-ἀσαφῶς
3035 5595 3197 5664 τάχα,
3243 5595 3382 5659 τέως
3427 5595 3505 5666 τῷ
3551 5598 3724 5667 Πατρὶ

2163 5700 2182 5733 ι
2217 5689 2308 5734 καὶ
2339 5683 2500 5735 πάλιν
2531 5683 2832 5753 ἀποκληροί
2860 5685 2956 5753 τὴν
2985 5685 3311 5753 ὲκπόρευσιν
3343 5688 3438 5741 τοῦ
3475 5688 3724 5758 Πνεύμαυ

2164 5793 2181 5824 ι
2222 5791 2331 5840 τος,
2371 5773 2443 5837 ὡς
2471 5776 2561 5827 καί
2587 5776 2682 5846 τὴν
2713 5776 2802 5828 τοῦ
2833 5774 2964 5830 Υἱοῦ
2996 5777 3268 5850 γέννησιν.
3303 5795 3326 5830 ι
