3958 6432
192 463 302 526 553

789 565 1182 635 Ἀντιᾏόρησις.
1206 582 1231 590 '

261 661 378 719 Καὶ
411 659 550 715 πάνυ
587 656 773 725 σαφῶς
825 658 859 726 ἡ
891 656 1117 726 ρηθετσα
1142 653 1418 724 περικοπὴ
1456 652 1554 723 τὴν
1584 669 1764 721 παρα-

185 754 404 827 φθορὰν
430 753 529 821 τῆς
572 748 1033 821 προηγησαμένης
1071 746 1456 802 διαλευκαίνει.
1486 746 1627 817 Ὅρα
1656 742 1767 813 γὰρ

181 848 270 900 ὅτι
298 841 402 911 τὴν
442 839 535 894 τοῦ
573 837 888 907 Πνεὺματος
926 836 1221 889 ὑπόστασιν
1253 833 1332 904 τῷ
1365 834 1484 903 τῆςξ
1505 835 1770 903 ἐκπορευ-

182 937 353 1005 τικῆς
381 931 642 998 ἰδιότητος
661 928 883 997 ὀνόματι
900 926 1003 996 ἔφη
1018 926 1580 997 χαρακτηριζομὲνην.
1608 921 1770 984 Ἀλλὰ

186 1026 287 1079 καὶ
318 1025 349 1076 6
379 1022 439 1073 ὲν
468 1019 643 1086 ἁγίοις
670 1016 858 1087 Πατὴρ
904 1016 1256 1076 Ἀναστάσιος
1286 1017 1343 1068 ἐν
1379 1021 1453 1078 ις’
1483 1012 1768 1082 κεφαλαίῳ

187 1115 289 1184 τῆς
316 1108 488 1164 αὑτοῦ
522 1107 706 1179 βίϐλου
732 1107 831 1176 τῆς
866 1105 1092 1175 Ὅδηγοῦ
1121 1104 1466 1175 κεκλημένης
1488 1104 1644 1175 ,οὑτω
1665 1121 1770 1174 φη.

190 1207 278 1260 σίν
298 1221 313 1237 ·
343 1222 365 1257 t
403 1204 480 1258 Οὐ
508 1202 617 1271 γὰρ
644 1201 707 1253 τὸ
739 1199 1032 1268 ἀγέννητον
1087 1195 1182 1252 τοῦ
1223 1196 1436 1268 Πατρὸς
1478 1195 1770 1267 πρόσωπον

189 1293 514 1367 ὲσαρκὼθη,
550 1290 674 1344 οὔτε
708 1276 817 1361 μὴν
835 1290 868 1359 ὴ
899 1289 1269 1358 ὲκπορευτικὴ
1293 1287 1387 1340 τοῦ
1421 1286 1581 1355 ἁγίου
1604 1282 1772 1338 Πνεὺ-

196 1372 369 1459 ματος
404 1384 723 1444 ὑπόστασις.
760 1400 779 1433 ι
807 1382 959 1451 Ἔχει
988 1381 1113 1434 δέτι
1142 1380 1238 1434 καὶ⁵
1277 1379 1403 1433 ἄλλο
1427 1377 1709 1448 γλαφυρὸν
1735 1377 1770 1447 ὴ

195 1475 499 1549 περικοπὴ,
533 1473 625 1527 καὶ
648 1473 678 1524 6
701 1474 767 1542 τῇ
791 1471 1015 1542 τοιαύτῃ
1046 1469 1417 1539 γλαφυρότητι
1439 1467 1771 1537 ὲμϐαθὺνας,

196 1570 295 1623 οὑκ
324 1563 443 1620 οἶδα
476 1566 596 1627 πῶς
631 1564 697 1617 ἂν
727 1563 1114 1633 ἁπαρνήσηται
1160 1562 1235 1632 μὴ
1270 1556 1408 1614 εἶναι
1440 1561 1500 1612 τὸ
1548 1559 1774 1626 Πνεῦμα

200 1664 293 1713 καὶ
321 1662 388 1713 ὲκ
409 1658 506 1712 τοῦ
538 1654 695 1709 Υἱοῦ,
724 1653 906 1724 Δὺτὴν
933 1652 1040 1724 γὰρ
1081 1653 1181 1722 τὴν
1215 1653 1539 1720 ἁγιαστικὴν
1564 1650 1656 1703 καὶ
1686 1649 1775 1702 οὑ-

207 1750 374 1821 σιὼδη
409 1750 633 1818 δύναμιν
676 1747 773 1801 καὶ
803 1744 1117 1816 ζωαρχικὴν
1148 1745 1244 1797 τοῦ
1288 1743 1599 1812 Πνεὺματος
1644 1740 1775 1794 ὑπό-

217 1857 403 1893 στασιν
441 1840 469 1891 6
527 1837 686 1906 ἅγιος
728 1835 1024 1906 δηλοῦσθαι
1068 1834 1365 1904 παρίστησι
1408 1834 1497 1885 διὰ
1539 1832 1632 1886 τοῦ
1683 1828 1775 1884 τιν

1146 454 1227 513 ΙΝ
1270 450 1660 512 CAMATERI
1703 447 2457 511 ANIMADVERSIONES.

1795 574 1843 630 Δ

3327 440 3433 507 55ἰ

2505 554 2803 624 Refutau'a.

1936 654 2292 728 Apertissime
2340 652 2455 705 haec
2527 647 2783 717 pericope
2853 644 3211 717 praecedentis
3250 659 3445 703 corru-

1866 749 2106 819 ptionem
2126 741 2457 800 manifestat.
2492 737 2740 809 Namque
2781 736 3049 793 advertito
3077 735 3318 807 Spiritus
3348 737 3448 809 by-

1868 833 2161 912 postasim'
2202 850 2329 893 eum
2407 834 2650 898 dixisse,
2703 830 3032 901 procedendi
3090 831 3444 900 proprietatis

1869 930 2092 991 nomine
2126 925 2421 997 designari.
2466 922 2558 978 Sic
2599 921 2764 977 etiam
2803 929 3027 976 sanctus
3063 921 3226 976 Pater
3256 929 3445 976 noster

1867 1018 2199 1076 Anastasius
2243 1015 2459 1071 decimo
2491 1021 2650 1068 sexto
2690 1011 2870 1080 capite
2908 1011 2993 1067 sui
3034 1010 3193 1089 libri,
3234 1011 3442 1081 Hodcgi

1876 1108 2043 1173 dicti,
2085 1107 2209 1163 ait:
2239 1124 2259 1158 ι
2298 1104 2486 1173 Neque
2530 1103 2676 1157 enim
2715 1101 2955 1172 ingenita
2996 1101 3175 1158 Patris
3204 1116 3437 1173 persona

1871 1213 2094 1254 carnem
2134 1193 2470 1263 assumpsit,
2523 1207 2701 1263 neque
2745 1206 2868 1261 quae
2913 1191 3157 1260 procedit
3199 1190 3437 1262 Spiritus

1873 1291 2203 1362 bypostasis.
2259 1305 2278 1339 ι
2326 1285 2585 1342 Continet
2633 1297 2764 1339 vero
2812 1282 2868 1338 in
2909 1298 2970 1339 se
3007 1284 3124 1339 haec
3163 1272 3437 1355 pericOpe,

1873 1382 2019 1453 quod
2044 1397 2075 1436 a
2104 1381 2322 1436 nemine
2354 1379 2410 1433 in
2438 1375 2872 1434 controversiam
2906 1364 3156 1441 vertitur,
3181 1386 3236 1432 et
3262 1378 3355 1447 qui
3388 1378 3442 1432 in

1875 1475 2054 1532 simile
2075 1473 2281 1528 dictum
2311 1472 2448 1526 adeo
2473 1471 2672 1525 scitum
2699 1475 2936 1522 mentem
2959 1467 3225 1523 attentius
3251 1466 3445 1535 ﬁxerit,

1873 1564 2065 1621 nescio
2093 1578 2202 1632 qua
2234 1564 2447 1617 ratione
2479 1560 2571 1615 ille
2598 1558 2867 1629 Spiritum
2895 1558 3061 1612 etiam
3091 1573 3157 1612 ex
3187 1556 3327 1615 Filio
3357 1561 3451 1615 de-

1848 1644 2180 1725 negaverit.
2214 1653 2390 1722 Ipsam
2422 1651 2568 1707 enim
2606 1648 3059 1714 sanctiﬁcantem,
3093 1659 3148 1705 et
3187 1651 3452 1708 essentia—

1875 1747 1979 1800 Iem
2030 1743 2324 1814 potentiam
2350 1782 2365 1806 ,
2414 1751 2471 1797 et
2504 1744 2625 1797 vitat
2664 1740 2960 1796 auctricem
2998 1740 3236 1811 Spiritus
3283 1744 3451 1814 hypo-

1876 1836 2067 1892 stasim
2103 1846 2327 1890 sanatus
2359 1833 2630 1888 insinuari
2661 1833 2878 1902 probat,
2917 1834 3062 1902 quod
3090 1831 3262 1889 David
3295 1836 3450 1889 dixe-

216 1930 371 1986 Δαυῖδ
397 1928 671 2000 εἰρηκέναι
704 1945 725 1979 ‹
764 1925 991 1995 Πνεῦμα
1039 1926 1329 1993 στόματος.
1365 1942 1386 1974 ι
1435 1923 1605 1991 Εἴπερ
1634 1921 1775 1990 {ro-3v

1888 1929 1978 1993 rit,
2016 1946 2035 1978 ι
2074 1926 2338 1995 Spiritum
2388 1925 2569 1980 oris".
2608 1942 2628 1975 ι
2678 1924 2736 1979 Si
2785 1925 2970 1992 itaque
3014 1924 3189 1981 Filius
3235 1935 3337 1992 est,
3390 1937 3452 1984 ut

207 2024 235 2075 6
255 2020 355 2090 μὲν
384 2019 504 2082 Υἱός
546 2020 664 2072 ἐστι
694 2015 834 2070 κατὰ
867 2017 963 2078 τὰς
1005 2015 1114 2068 τῶν
1166 2014 1427 2087 Πατέρων
1467 2010 1683 2085 γραφὰς
1718 2010 1781 2063 τὸ

199 2110 292 2165 τοῦ
343 2110 557 2182 Πατρός
604 2108 800 2178 στόμα,
849 2107 911 2160 τὸ
937 2107 1010 2160 ηδὲ
1049 2094 1144 2160 τοῦ
1188 2106 1455 2176 στόματος
1501 2103 1778 2172 πνεῦμαή

196 2202 291 2258 τοῦ
317 2200 633 2272 πνεύματος
659 2197 938 2270 ζωαρχικὴ
968 2197 1063 2251 καὶ
1082 2195 1344 2266 οὑσιώδης
1373 2195 1522 2247 ἐστὶν
1545 2194 1781 2246 ὑπόστα-

198 2311 305 2361 σις,
331 2293 450 2355 πῶς
474 2291 541 2346 ἂν
576 2291 652 2362 μὴ
688 2290 775 2359 είη
815 2288 878 2341 τὸ
921 2287 1149 2357 Πνεῦμα
1178 2286 1265 2340 διὰ
1294 2284 1388 2339 τοῦ
1431 2284 1557 2338 Υἱοῦ
1590 2299 1649 2337 τε
1688 2286 1783 2338 καὶ

193 2390 259 2440 ἐκ
287 2384 387 2438 τοῦ
425 2384 580 2446 Υἱοῦ,
606 2382 682 2445 ὡς
722 2380 812 2435 διὰ
846 2380 1111 2450 στόματος
1143 2379 1240 2431 καὶ
1287 2380 1352 2431 ὲκ
1384 2379 1649 2447 στόματος
1680 2373 1776 2428 τοῦ

192 2475 452 2546 Πατρός;
498 2475 653 2528 Ἐπεὶ
695 2474 930 2543 μάλιστα
974 2473 1069 2525 καὶ
1097 2473 1126 2525 6
1156 2470 1326 2541 μέγας
1370 2469 1648 2532 Βασίλειος
1691 2471 1782 2520 ὲκ-

191 2566 534 2638 πορεύεσθαι
564 2564 698 2619 αὐτὸ
723 2562 825 2634 ἔφη
858 2565 923 2617 ὲκ
950 2562 1214 2632 στόματος
1235 2560 1330 2614 τοῦ
1364 2558 1595 2630 Πατρός.

268 2680 386 2735 Τοῦ
421 2677 609 2733 αὐτοῦ
633 2677 703 2731 ἐκ
731 2676 837 2730 τοῦ
865 2676 999 2744 περὶ
1030 2674 1338 2744 τοῦάλρίου
1363 2674 1712 2744 Πνεύματος

532 2749 722 2817 λόγου
758 2746 911 2801 κατὰ
940 2742 1452 2799 ήΜακεδονιανῶν.

257 2837 400 2914 ,ΡΗἍ
441 2858 460 2891 ι
512 2837 698 2907 Ἦρῶν
728 2837 837 2908 γὰρ
870 2835 1226 2905 συντετάχθαι
1256 2835 1335 2905 τῷ
1380 2835 1555 2906 Πατρὶ
1586 2835 1679 2888 καλ⁵
1704 2834 1781 2906 τῷ

195 2950 219 2983 ι
259 2930 379 2997 Υίῷ
411 2928 473 2982 τὸ
501 2928 725 2998 Πνεῦμα
757 2928 816 2979 τὸ
857 2926 1008 2994 ἅγιον
1050 2918 1482 2996 ὁμολογούντων,
1516 2925 1591 2989 ὡς
1620 2926 1780 2995 μηδε-

192 3043 220 3074 ‹
259 3023 393 3091 μίαν
438 3016 576 3073 εἶναι
621 3019 978 3090 παραλλαγὴν
1019 3019 1075 3070 ὲν
1111 3017 1302 3088 μηδενὶ
1354 3016 1462 3070 τῶν
1509 3018 1638 3086 περί
1682 3016 1780 3085 τὴν

191 3132 217 3165 ο
256 3111 413 3165 Θείαν
448 3109 607 3179 φύσιν
636 3110 941 3175 νοουμένων
968 3124 1025 3160 τε
1072 3107 1168 3160 καὶ
1228 3105 1649 3175 ὀνομαζομένων
1681 3106 1777 3157 ἐκ·

188 3223 216 3257 ‹
258 3204 356 3266 τὸς
381 3201 477 3255 τοῦ
522 3201 644 3255 καθ’
690 3201 983 3253 ὑπόστασιν
1025 3196 1356 3261 ἰδιαζόντως,
1406 3197 1692 3267 θεωρεῖται
1719 3195 1778 3249 τὸ

188 3315 216 3348 ς
259 3292 492 3363 Πνεῦμα
522 3293 583 3344 τὸ
632 3291 789 3359 ἅγιον
835 3290 916 3342 ὅτι
949 3290 1014 3341 ὲκ
1059 3288 1154 3340 τοῦ
1206 3287 1341 3341 θεοῦ
1370 3289 1507 3352 ἐστι,
1554 3289 1649 3340 καὶ
1682 3287 1813 3340 τοῦῖ

189 3405 213 3437 ι
263 3381 506 3454 Χριστοῦ
556 3382 693 3444 ἐστι,
749 3379 930 3442 καθὼς
968 3378 1311 3449 γέγραπταιο
1355 3376 1481 3431 οὔτε
1527 3379 1671 3430 κατά
1717 3377 1779 3430 τὸ

186 3494 214 3528 ι
258 3474 555 3542 ἀγέννητον
572 3471 649 3541 τῷ
673 3470 864 3541 Πατρὶ,
887 3469 1010 3522 οὕτε
1032 3472 1172 3521 κατὰ
1196 3469 1256 3521 τὸ
1284 3469 1537 3539 ὁμογενὲς
1570 3469 1647 3538 τῷ
1665 3469 1778 3540 Υίῷ

191 3585 216 3617 ε
257 3561 744 3632 συναναχεόμενον,
762 3559 897 3613 ἀλλά
914 3576 1051 3612 τισιν
1073 3558 1368 3628 ἐξαιρέτοις
1391 3558 1669 3630 ίδιώμασιν
1691 3561 1775 3627 ἐφ’

187 3677 213 3711 ι
257 3652 460 3709 ἑαυτοῦ
488 3651 877 3721 θεωρούμενον,
906 3648 963 3703 ὲν
983 3651 1091 3712 τοῖς
1109 3650 1288 3712 ἄλλοις
1316 3648 1510 3716 ἅπασι,
1528 3650 1776 3720 καθάπερ

189 3766 215 3799 s
253 3746 422 3814 ἔφην,
444 3743 505 3796 τὸ
535 3742 877 3813 συνημμένον
903 3741 998 3794 καὶ
1020 3739 1437 3811 ἀπαράλλακτον
1484 3739 1629 3810 ἔχειν
1651 3744 1779 3811 ὀμο-

186 3858 212 3890 ε
257 3837 590 3905 λοτοὺντων,
617 3836 667 3888 οἱ
712 3834 1020 3888 ὑπεναντίοι
1056 3834 1217 3902 φασὶν
1246 3832 1617 3897 ἀπεξενῶσθαι
1645 3834 1777 3887 αὐτὸ

191 3947 215 3981 s
255 3929 359 3997 τῆς
391 3926 526 3995 προς
556 3924 644 3977 τὸν
670 3924 890 3994 Πατέρα
914 3918 1025 3976 οἷον
1051 3923 1281 3991 φυσικῆς
1308 3923 1613 3986 κοινωνίας.
1645 3942 1664 3974 ι

810 4110 1187 4164 Ἐπιστασία.

275 4223 296 4257 ι
342 4203 479 4258 Νόει
518 4201 799 4258 κάνταῦθα
824 4202 884 4254 τὸ
910 4206 975 4254 ὲκ
1004 4202 1099 4253 τοῦ
1133 4200 1292 4267 Θεοῦ,
1325 4200 1507 4263 καθὼς
1545 4204 1604 4254 ὲν
1638 4203 1772 4255 πολ-

194 4313 215 4347 σ
265 4293 396 4355 λαίς
432 4291 541 4346 τῶν
565 4289 953 4361 προλαὸουσῶν
987 4292 1305 4359 περικοπῶν
1361 4292 1778 4361 ὲπεσημειωσὰ-

194 4404 216 4437 ι
263 4382 439 4454 μεθα,
480 4381 574 4433 καί
596 4383 864 4451 πρόσσχες
889 4383 954 4450 τῇ
1004 4379 1098 4433 τοῦ
1147 4380 1302 4449 ἁγίου
1332 4381 1611 4451 ἀκριϐείᾳ,
1659 4382 1776 4445 πῶς

192 4494 215 4528 ι
268 4475 368 4528 ἐπὶ
401 4470 499 4526 τοῦ
530 4469 665 4524 Θεοῦ
722 4469 821 4542 την
856 4474 925 4523 ἐκ
969 4470 1251 4541 πρόθεσιν,
1288 4473 1380 4525 ἐπὶ
1415 4472 1473 4526 δὲ
1510 4472 1603 4526 τοῦ
1644 4471 1774 4526 Υίοῦ

195 4585 218 4619 ι
264 4564 486 4632 ταύτην
519 4562 964 4633 Μρεσιὼπησεν.
1013 4580 1033 4612 ι

804 4746 1203 4814 Ἀντῷρησις.

268 4838 348 4892 T6
387 4836 891 4906 παρασιωπηθῆναι
922 4838 1021 4906 τὴν
1059 4837 1128 4889 ἐκ
1159 4839 1252 4892 ἐπὶ
1278 4838 1373 4893 τοῦ
1425 4838 1579 4906 Υἱοῦ,
1632 4841 1777 4895 οὑτω

1890 2019 2082 2073 Patres
2111 2017 2335 2087 scriptis
2369 2019 2609 2080 tradunt,
2647 2013 2826 2070 Patris
2856 2029 2942 2081 os,
2978 2015 3091 2071 oris
3123 2032 3254 2072 vero
3282 2019 3450 2088 spiri-

1886 2118 1975 2166 tns
1995 2147 2011 2173 .
2044 2108 2272 2179 spiritus
2301 2108 2425 2162 vitae
2453 2107 2667 2162 auctrix
2711 2116 2766 2160 et
2812 2106 3121 2162 essentialis
3152 2116 3237 2163 est
3271 2107 3452 2179 hypo-

1883 2202 2072 2265 stasis,
2104 2214 2213 2270 qua
2255 2202 2468 2255 ratione
2500 2214 2608 2254 non
2634 2199 2736 2273 erit
2773 2197 3011 2269 Spiritus
3044 2215 3141 2269 per
3171 2200 3367 2256 Filium
3398 2211 3453 2257 et

1881 2311 1948 2350 ex
1979 2292 2118 2347 Filio
2149 2294 2311 2347 veluti
2342 2308 2438 2361 per
2467 2306 2552 2355 os,
2585 2300 2640 2347 et
2666 2307 2731 2345 ex
2767 2307 2863 2347 ore
2888 2289 3113 2348 Patris?
3140 2291 3207 2347 Et
3232 2295 3455 2363 potissi—

1885 2400 2032 2438 mum
2056 2399 2180 2436 cum
2210 2398 2441 2452 magnus
2472 2383 2705 2439 Basilius
2728 2391 2959 2450 asserat,
2985 2384 3135 2439 illum
3162 2386 3455 2456 procedere

1882 2491 1949 2530 ex
1981 2492 2074 2531 ore
2104 2474 2303 2529 Patris.
2352 2484 2367 2490 ‘

1884 2680 2141 2750 Ejusdem
2195 2694 2261 2734 ex
2326 2683 2566 2735 oratione
2625 2680 2691 2733 de
2751 2679 2958 2749 Spiritu
3016 2690 3201 2735 sancto
3264 2668 3453 2738 contra

2439 2751 2490 2805 .ll
2500 2751 2876 2808 acedonianos.

1949 2842 2134 2899 CVIII.
2169 2861 2188 2894 ι
2225 2843 2390 2898 Nobis
2422 2859 2550 2897 vero
2580 2858 2687 2898 una
2705 2858 2826 2897 cum
2848 2843 3005 2899 Patre
3038 2854 3092 2900 et
3117 2844 3252 2900 Filio
3284 2846 3454 2901 collo-

1887 2953 1905 2985 ι
1945 2935 2060 2989 cari
2089 2934 2354 3005 Spiritum
2385 2943 2640 2990 sanctum
2669 2936 3080 3004 proﬁtentibus,
3110 2939 3185 2991 ita
3216 2947 3276 2992 ut
3305 2932 3454 2994 nt'illa

1887 3044 1906 3077 ι
1947 3025 2021 3081 sit
2060 3026 2367 3082 diﬂ‘erentia
2405 3026 2458 3080 in
2491 3026 2592 3092 iis,
2622 3042 2744 3097 quae
2773 3028 2839 3082 de
2876 3027 3060 3082 divina
3100 3038 3294 3083 natura
3323 3045 3457 3084 con-

1888 3134 1909 3168 ι
1948 3116 2252 3186 cipiuutur,
2275 3125 2328 3172 et
2348 3117 2628 3182 dicuntur,
2652 3132 2718 3172 ea
2739 3119 3067 3186 si‘excipias.
3091 3135 3213 3189 quae
3235 3121 3452 3190 propria

1889 3228 1908 3262 ι
1947 3210 2259 3282 bypostasis
2299 3220 2446 3277 sunt,
2487 3221 2542 3267 et
2586 3212 2655 3267 de
2692 3228 2759 3267 eo
2799 3214 3255 3280 considerantur;
3299 3216 3453 3270 illum

1892 3321 1911 3354 ι
1950 3318 2146 3374 nempe
2174 3319 2239 3358 ex
2276 3303 2387 3358 Deo
2416 3314 2471 3359 et
2511 3304 2729 3359 Christo
2759 3319 2900 3371 esse,
2946 3314 3004 3360 ut
3043 3309 3305 3376 scriptum
3335 3316 3452 3372 est;

1889 3409 1909 3443 ι
1955 3406 2134 3462 neque
2182 3393 2486 3449 secundum
2518 3395 2752 3465 ingeniti
2793 3398 3058 3451 rationem
3103 3412 3227 3451 cum
3270 3396 3454 3463 Patre,

1860 3501 1912 3540 ,ι
1948 3497 2125 3552 neque
2176 3486 2474 3539 secundum
2523 3486 2691 3556 geniti
2741 3499 2864 3542 cum
2918 3487 3057 3543 Filio
3117 3488 3452 3546 confusum:

1889 3591 1910 3627 ‹
1951 3576 2046 3630 sed
2072 3576 2396 3643 quibusdam
2418 3578 2650 3647 propriis
2673 3578 2787 3634 suis
2816 3579 3243 3648 proprietatibus
3271 3596 3337 3640 ex
3373 3596 3458 3636 sc-

1892 3683 1910 3716 ‹
1946 3665 2063 3735 ipso
2096 3666 2527 3731 consideratum,
2553 3667 2650 3722 sed
2680 3669 2731 3721 in
2763 3669 3018 3723 omnibus
3058 3670 3199 3735 aliis,
3237 3679 3294 3724 ut
3319 3671 3454 3734 dixi,

1889 3773 1908 3805 ι
1946 3757 2328 3824 conjuncmm,
2360 3766 2411 3810 et
2439 3757 2494 3810 in
2519 3757 2664 3811 nullo
2696 3767 2945 3813 naturam
2969 3759 3302 3817 dificrentem
3331 3777 3460 3832 pos-

1889 3864 1909 3897 ι
1949 3846 2129 3901 sidere
2163 3848 2578 3913 conﬁtentibus,
2627 3850 2720 3918 qui
2757 3852 3083 3906 contrariam
3128 3855 3453 3907 sententiam

1889 3955 1908 3988 ι
1946 3944 2226 3992 sectantur
2269 3952 2300 3993 a
2346 3940 2582 3994 naturali
2629 3956 2757 4012 erga
2806 3940 3020 3999 Patrem
3069 3944 3456 4001 communione

1890 4046 1908 4077 ι
1946 4027 2184 4087 alienum
2214 4043 2337 4085 esse
2367 4031 2726 4086 contendunt.
2771 4050 2790 4084 ο

2463 4121 2882 4198 Animadversio,
3413 4178 3421 4191 ,

1959 4228 1981 4263 ι
2017 4209 2315 4267 Considera
2354 4212 2443 4267 hic
2466 4213 2628 4268 etiam
2654 4214 2784 4267 illud
2817 4230 2884 4268 ex
2910 4212 3093 4279 Patre,
3126 4216 3203 4272 uti
3233 4216 3287 4270 in
3320 4223 3459 4270 mul-

1889 4319 1909 4354 ι
1946 4302 2018 4358 tis
2073 4303 2465 4372 suprascriptis
2520 4304 2791 4372 pericopis
2844 4306 3352 4370 animadvertimus,
3402 4318 3458 4362 et

1887 4410 1907 4445 ι
1947 4393 2211 4446 attendito
2239 4394 2418 4447 sancti
2442 4394 2772 4463 diligentiam
2811 4405 3149 4463 accuratam,
3177 4399 3455 4467 quomodo

1888 4501 1910 4537 ι
1952 4483 2022 4538 de
2057 4481 2168 4536 Deo
2227 4482 2483 4552 loquens,
2534 4485 2975 4554 praepositionem
3035 4501 3101 4540 ea:
3178 4490 3453 4557 apposuit,

1812 4590 1904 4644 Di
1949 4588 2073 4627 cum
2129 4572 2195 4627 de
2247 4571 2387 4628 Filio
2442 4589 2749 4630 sermonem
2812 4575 3057 4643 haberet,
3117 4577 3260 4633 illam
3322 4596 3458 4649 pra:-

1887 4685 1906 4718 t
1954 4663 2117 4719 teriit.
2162 4682 2184 4716 ι

2507 4759 2796 4830 ΒεῙιιιαίὶο.

1953 4852 2132 4924 Magni
2159 4851 2422 4909 momenti
2460 4867 2587 4907 esse
2615 4852 2796 4916 ducis,
2833 4867 2958 4907 cum
2995 4853 3063 4908 de
3093 4853 3233 4909 Filio
3271 4870 3456 4913 sermo

185 4934 329 5002 περὶ
376 4930 578 4984 πολλοῦ
610 4934 737 5000 ποιῇ
775 4930 966 4999 ὥσπερ
998 4931 1093 4985 ἐὰν
1119 4933 1220 4986 οὑκ
1242 4928 1308 5004 ἧν
1338 4937 1372 5006 ἠ
1401 4937 1495 4990 ἐπὶ
1522 4938 1616 4992 τοῦ
1645 4939 1775 4992 Υίοῦ

1888 4952 2052 5011 esset,
2084 4943 2522 5013 praepositionem
2552 4957 2616 4995 ea:
2652 4941 2868 4996 silentio
2897 4944 3227 5011 praeteritam
3262 4943 3453 5002 fuisse.

192 5020 477 5095 μυριαχοῦ
516 5020 615 5091 τῆς
640 5020 882 5090 γραφῆς.

558 5204 673 5260 Τοῦ
729 5205 918 5260 αὐτοῦ
968 5206 1035 5260 ἐκ
1058 5206 1167 5261 τοῦ
1211 5209 1418 5263 αὐτοῦ.

264 5299 392 5355 ΡΘ¹.
461 5316 482 5349 ι
533 5297 652 5365 Ἐφ’
718 5289 794 5349 ὧν
844 5297 953 5366 γὰρ
1015 5299 1048 5368 ἡ
1100 5300 1239 5351 κατὰ
1288 5302 1348 5354 τὸ
1421 5303 1626 5371 ἀγαθὸν
1687 5309 1771 5360 ἐν-

196 5410 217 5443 t
262 5391 459 5460 ἑργεια
535 5386 796 5455 οὐδεμίαν
879 5387 1175 5440 ἐλάττωσιν
1247 5391 1287 5460 ἢ
1402 5395 1763 5467 παραλλαγὴν

201 5501 222 5532 ι
266 5481 405 5549 ἔχει,
437 5475 558 5541 πῶς
585 5478 733 5529 ἐστιν
772 5476 994 5545 εὑλογον
1031 5478 1129 5548 τὴν
1169 5480 1311 5534 κατὰ
1378 5484 1468 5537 τὸν
1532 5485 1766 5557 ἀριθμὸν

201 5591 221 5623 ι
254 5574 414 5639 τάξιν
454 5567 807 5632 ὲλαττώσεὼς
832 5586 978 5631 τινος
1018 5571 1113 5641 τῆς
1149 5574 1287 5625 κατὰ
1341 5574 1503 5643 φύσιν
1558 5580 1766 5650 παραλ-

205 5680 223 5713 ι
264 5661 446 5731 λωτῆς
470 5659 679 5712 οἴεσθαι
713 5662 938 5729 σημεῖον
968 5656 1105 5715 εῖναι
1133 5677 1149 5728 ;
1191 5661 1382 5735 ὥσπερ
1422 5665 1487 5719 ἂν
1519 5666 1675 5731 εἴτις
1705 5670 1762 5722 ἐν

271 5819 294 5852 ⁷
314 5818 464 5874 Psal.
502 5832 673 5879 xxx",
705 5816 756 5870 6.

522 5915 786 5975 Ριιτιιοι.
831 5913 945 5973 Gn.
980 5910 1183 5973 CXLI.

1885 5032 2052 5097 Quasi
2080 5049 2206 5090 vero
2249 5031 2558 5102 praepositio
2586 5048 2653 5086 ea;
2696 5036 2762 5088 de
2798 5031 2938 5089 Filio
2975 5036 3192 5106 scriptis
3229 5034 3454 5094 Patrum

1885 5123 2192 5179 innumeris
2226 5138 2337 5178 non
2366 5124 2760 5179 insinuaretur.
3518 5118 3523 5122 ’

2377 5213 2630 5284 Ejusdem
2657 5233 2721 5275 ex
2745 5217 2949 5273 eadem.

1948 5306 2084 5361 CIX.
2114 5323 2139 5358 ί
2174 5306 2307 5372 Quae
2360 5310 2506 5361 enim
2553 5310 2850 5366 secundum
2886 5314 3089 5367 bonum
3133 5322 3451 5380 Operanlttr,

1891 5416 1910 5450 ι
1954 5399 2160 5453 nullam
2188 5398 2654 5465 imminutionem,
2674 5412 2769 5455 aut
2792 5402 3223 5458 immutationem
3256 5392 3454 5460 admit-4

1883 5507 1904 5541 ι
1948 5500 2091 5552 tunt,
2121 5498 2176 5545 et
2207 5491 2481 5560 quomodo
2514 5493 2710 5547 rationi
2745 5503 3172 5550 consentaneum
3208 5494 3374 5550 fuerit
3395 5497 3450 5552 in

1880 5600 1899 5632 ι
1941 5582 2063 5647 illis,
2093 5582 2362 5648 ordinem,
2381 5583 2473 5652 qui
2503 5599 2569 5638 ex
2600 5589 2826 5639 numero
2859 5586 3034 5640 oritur
3057 5587 3455 5644 immolationis

1877 5688 1897 5722 ι
1936 5674 2190 5745 alicujus,
2223 5677 2631 5731 autsccundutn
2662 5687 2910 5735 naturain
2933 5678 3337 5736 immolationis
3360 5681 3441 5736 si-

2944 5932 3017 5996 18
