3958 6392
465 359 580 422 ’55ὖ

1498 351 1705 413 JOAN.
1743 349 1958 413 VECCI
1999 351 2104 416 CP.
2149 347 2658 412 PATRIARCIIE

3606 357 3710 420 ιεο

482 485 506 520 ο
539 478 702 536 gnum
721 476 853 519 esse
881 459 1230 518 exisrimare?
1258 459 1724 524 Quemadmodum
1756 459 1800 513 si
1839 460 1962 529 quis
1987 459 2041 514 in

2216 463 2364 531 τρισὶ
2421 460 2674 530 λαμπάσι
2735 458 3076 530 διῃρημένην
3118 461 3330 531 βλέπων
3389 462 3488 531 τὴν
3513 463 3709 531 φλόγα,

484 577 504 612 ι
547 558 718 613 tribus
758 555 1094 624 lampadibus
1126 553 1457 607 subdivisam
1509 550 1783 605 ﬂammam
1823 553 2041 620 conspi-

486 667 504 699 ι
543 649 985 712 ci‘ens;causam
1019 657 1145 696 vero
1197 641 1339 696 tertii
1403 639 1622 694 luminis
1671 655 2040 710 supponamus

488 757 508 789 ι
542 752 659 790 esse
685 737 913 804 pri-mam
955 731 1248 793 ﬂammam,
1279 745 1346 783 ex
1371 729 1864 784 communicatione
1916 744 2040 782 cum

484 847 504 879 ι
545 827 719 881 medio
759 834 1062 878 extremum
1089 821 1535 884 inﬂammantem,
1578 821 1925 890 postmodum
1959 836 2045 873 as-

485 940 504 972 ι
549 926 752 974 trueret
781 916 833 969 in
868 915 1043 984 prima
1097 911 1313 965 ﬂamma
1357 911 1635 964 abundare
1667 910 1946 975 calorem;
1991 911 2043 963 in

486 1032 504 1063 ι
541 1025 604 1066 ea
633 1024 784 1070 vero,
814 1022 933 1078 quae
961 1004 1326 1072 subsequitur,
1370 1001 1672 1063 immutari,
1694 1009 1747 1054 et
1789 1000 2044 1068 paulatim

485 1122 504 1156 ι
545 1101 791 1156 imminui
824 1116 839 1164 ;
875 1099 1090 1153 tertiam
1125 1111 1223 1148 nec
1251 1094 1426 1162 ignem
1465 1091 1692 1159 amplius
1717 1090 2044 1145 censendam

486 1213 504 1246 ι
545 1207 687 1258 esse,
747 1191 872 1243 licet
919 1201 1073 1256 aqua
1129 1184 1338 1237 ratione
1383 1181 1594 1244 adurat,
1640 1190 1692 1234 et
1739 1177 2043 1248 Splendeat,

485 1307 506 1340 ι
544 1284 838 1353 omniaque
866 1281 1006 1350 ignis
1042 1285 1313 1346 operetur.
1357 1293 1376 1325 ι

1053 1366 1472 1420 Animadversio.

559 1489 578 1520 ι
620 1464 878 1527 Audisne,
907 1474 1128 1516 causam
1172 1455 1546 1511 tantummodo
1580 1452 1810 1523 primam
1839 1453 2050 1521 lampaa

493 1582 510 1612 ι
553 1557 790 1614 dem?“
825 1554 970 1609 enim
1005 1559 1227 1606 sanctus
1260 1546 1644 1611 subiudicavil,
1679 1559 1804 1598 cum
1843 1542 2051 1597 addidit

2150 572 2168 604 ι
2209 555 2388 606 αἰτίαν
2415 553 2472 605 δὲ
2497 553 2593 606 τοῦ
2622 552 2812 622 τρίτου
2855 554 3031 620 φωτὸς
3067 553 3400 621 ὑποθώμεθα
3445 549 3713 623 εἶναιτὴν

2149 663 2167 694 ι
2209 641 2434 712 πρώτην
2466 643 2662 709 φλόγα,
2711 645 2778 695 ἐκ
2813 643 3105 704 διαδόσεως
3133 643 3222 694 διὰ
3284 643 3376 694 τοῦ
3429 644 3598 713 μέσου
3650 649 3714 698 τὸ

2150 751 2168 784 ι
2208 732 2378 802 ἄκρον
2407 732 2708 801 ἐξάψασαν,
2733 731 2926 785 ἔπειτα
2964 732 3366 796 κατασκευάζει
3392 733 3719 796 πλεονάζειν

2149 839 2168 871 ι
2214 824 2271 875 ἐν
2323 825 2386 891 τῇ
2418 822 2610 894 πρώτῃ
2642 823 2804 890 φλογὶ
2831 822 2928 891 τὴν
2961 821 3288 891 θερμασίαν,
3317 825 3383 892 τῇ
3409 823 3466 876 δὲ
3511 825 3718 892 ἐφεξῆς

2152 931 2171 964 ι
2219 913 2642 985 ὑποδε6ηκέναι,
2661 917 2780 984 ,καὶ
2810 916 2945 985 πρὸς
2973 915 3034 966 τὸ
3059 913 3281 966 ἔλαττον
3308 913 3454 982 ἐχειν
3480 915 3578 984 τὴν
3610 933 3723 968 πα·-

2151 1023 2170 1056 ι
2218 1005 2493 1074 ραλλαγὴν
2533 1007 2629 1075 τὴν
2653 1009 2840 1076 τρίτην
2868 1007 3001 1075 μηδὲ
3033 1006 3143 1075 πῦρ
3183 1005 3259 1058 ἐτι
3291 1005 3568 1071 λέγεσθαι,
3603 1007 3725 1058 κᾶν

2152 1113 2170 1145 ι
2209 1097 2609 1164 παραπλησίως
2645 1098 2776 1166 καίῃ
2805 1099 2900 1150 καὶ
2923 1097 3090 1165 φαίνῃ
3133 1097 3227 1148 καὶ
3267 1095 3446 1148 πάντα
3500 1095 3569 1148 τὰ
3621 1095 3726 1148 τοῦ

2153 1205 2171 1238 ι
2213 1187 2385 1257 πυρὸς
2417 1188 2748 1258 ἐργάζηται.
2793 1207 2810 1238 ›

2729 1375 3110 1428 Ἐπιστασία.

2224 1493 2242 1524 ι
2285 1471 2515 1534 Λκούεις
2549 1469 2729 1524 αἰτίαν
2768 1467 2941 1537 μόνην
2987 1466 3088 1535 τὴν
3137 1464 3361 1534 πρώτην
3417 1463 3726 1532 λαμπάδας

2157 1583 2176 1618 ι
2215 1563 2387 1617 Τοῦτο
2440 1562 2547 1632 γὰρ
2579 1565 2603 1614 ό
2631 1562 2786 1628 ἆγιος
2827 1557 3182 1626 ὑπεσήμανεν
3241 1556 3304 1606 ἐκ
3368 1554 3460 1606 τοῦ
3518 1557 3728 1616 εἰπεῖν,

491 1673 508 1705 ι
545 1668 638 1723 per
669 1651 930 1705 medium.
956 1644 1165 1714 Collige
1195 1643 1378 1711 itaque
1415 1639 1734 1710 prudenter,
1759 1635 1900 1706 quod
1929 1634 2052 1689 inde

2215 1654 2302 1708 διὰ
2353 1652 2446 1704 τοῦ
2519 1651 2707 1720 μέσου.
2761 1645 3085 1712 Συλλογίζου
3147 1642 3278 1710 γοῦν
3341 1642 3613 1712 νουνεχῶς
3671 1644 3734 1695 τὸ

490 1763 506 1790 ι
538 1740 798 1795 exoritur.
841 1755 859 1788 ›

1117 1822 1404 1893 Refulatio.

559 1923 614 1977 Si
672 1920 982 1994 prudenter,
1030 1915 1175 1987 quod
1222 1930 1287 1968 ex
1335 1912 1448 1982 jam
1503 1908 1746 1980 apposita
1801 1907 2050 1977 pericope

488 2018 682 2078 oritur,
734 2012 988 2080 colligere
1034 2006 1338 2064 voluisses,
1388 2014 1667 2069 nunquam
1721 1996 2052 2050 asscruisses

489 2109 660 2160 solam
687 2104 916 2174 primam
963 2095 1268 2166 lampadem
1312 2106 1532 2147 causam
1586 2087 1946 2150 sublndicari,
1986 2101 2052 2139 ex

491 2214 576 2259 eo,
615 2193 757 2264 quod
808 2202 1031 2248 sanctus
1079 2188 1236 2251 dixit,
1289 2200 1382 2254 per
1439 2182 1698 2245 medium,
1753 2180 1846 2235 sed
1877 2178 2054 2232 fassus

495 2286 713 2346 fuisses,
760 2280 1024 2350 Spiritum
1069 2292 1133 2332 ex
1164 2276 1320 2329 Patre
1347 2289 1442 2341 per
1480 2270 1672 2324 Filium
1700 2283 1842 2332 esse,
1867 2283 2056 2336 quem-

497 2371 791 2428 admodum
832 2370 1049 2426 tertium
1101 2367 1280 2420 lumen
1335 2377 1431 2433 per
1459 2361 1756 2416 secundum
1786 2373 1850 2411 ex
1884 2359 2055 2426 prima

493 2466 735 2519 ﬂamma.

986 2546 1240 2618 Ejusdem
1270 2561 1335 2599 ex
1368 2543 1566 2598 eadem.

563 2639 676 2697 CX.
714 2658 732 2692 ι
777 2637 1010 2709 Spiritus
1058 2645 1280 2690 sanctus
1308 2631 1489 2687 omnia
1543 2631 1598 2684 in
1649 2627 1903 2684 omnibus
1929 2639 2060 2694 ope-

503 2754 520 2784 ι
565 2742 735 2796 ratur,
776 2739 836 2784 ut
863 2729 966 2784 sibi
1009 2724 1298 2796 placuerit,
1331 2735 1516 2783 causa,
1562 2717 1890 2788 principalis,
1935 2727 2058 2767 rcc-

505 2844 522 2875 ι
566 2834 673 2887 tus,
706 2822 908 2889 justus,
949 2832 1128 2881 verus,
1162 2812 1430 2884 profunda
1464 2810 1557 2866 Dei
1595 2817 1961 2878 perscrutans,
1991 2819 2059 2860 ex

508 2934 524 2964 ι
564 2914 720 2967 l‘atrc
749 2908 1068 2981 procedens,
1101 2920 1168 2961 ex
1201 2902 1339 2958 Filio
1363 2899 1656 2970 accipiens.
1696 2915 1715 2948 ι

1068 3087 1491 3144 Animadversio.

576 3206 595 3240 ι
634 3185 927 3251 Attendito,
961 3197 1027 3240 ex
1052 3197 1286 3254 quonam
1311 3187 1396 3236 est
1416 3175 1648 3248 Spiritus
1675 3171 1966 3243 processio,
2007 3180 2061 3224 et
2095 3155 2140 3214 ὓ

2161 1763 2180 1796 ι
2220 1741 2476 1796 ἐντεῦθεν
2500 1737 2964 1807 ἀναφαινόμενον.
3017 1753 3035 1785 ι

2725 1829 2783 1881 Ἀ
2794 1827 3129 1893 Nai-1511019.

2232 1923 2358 1975 Ἐὰν
2387 1918 2653 1988 νουνεχῶς
2721 1917 2783 1968 τὺ
2854 1917 2919 1966 ἐκ
2943 1917 3039 1984 τῆς
3099 1912 3370 1983 meum;
3407 1912 3728 1981 περικοπῆς

2152 2011 2586 2082 ἀναφαινόμενον
2634 2006 3048 2073 συλλογίζεσθαι
3098 2003 3431 2072 ἧθελε;,οὑκ
3485 2002 3550 2055 ἂν
3574 2004 3728 2070 είρὴ-

2156 2119 2271 2166 κεις
2309 2103 2479 2171 μόνην
2517 2101 2617 2169 τὴν
2675 2096 2899 2168 πρώτην
2964 2095 3230 2164 λαμπάδα
3303 2095 3488 2147 αίτίαν
3523 2094 3723 2161 ὑποση-

2159 2190 2445 2262 μαίνεσθαι
2471 2189 2534 2241 ἐκ
2572 2187 2665 2240 τοῦ
2701 2174 2879 2238 εἰπεῖν
2900 2185 2992 2238 τὸν
3022 2183 3204 2252 ἅγιον,
3245 2183 3335 2237 διὰ
3395 2182 3492 2236 τοῦ
3526 2183 3720 2250 μέσου,

2155 2282 2268 2336 ἀλλ’
2295 2280 2649 2350 ὡμολόγησας
2693 2277 2758 2331 ἂν
2786 2277 2848 2329 τὸ
2892 2276 3115 2345 Πνεῦμα
3145 2275 3234 2327 διὰ
3292 2273 3387 2326 τοῦ
3435 2274 3594 2337 Υἰοῦ,
3664 2276 3730 2326 ἐκ

2154 2373 2249 2427 τοῦ
2290 2373 2502 2442 Πατρδς
2533 2365 2695 2434 εἶναι,
2722 2369 2798 2430 ὡς
2837 2368 2898 2419 τὺ
2930 2367 3114 2437 τρίτον
3148 2365 3262 2435 φῶς
3292 2365 3380 2418 διὰ
3432 2363 3526 2416 τοῦ
3562 2365 3734 2433 μέσου

2157 2467 2221 2518 ἐκ
2254 2463 2352 2534 τῆς
2394 2462 2638 2534 πρώτης,
2673 2460 2890 2528 φλογός.

2544 2549 2655 2604 Τοῦ
2690 2548 2878 2602 αὐτοῦ
2928 2547 2997 2600 ἐκ
3030 2546 3140 2601 τοῦ
3163 2544 3373 2599 αὐτοῦ.

2227 2646 2333 2699 Ριο.
2365 2662 2383 2695 ι
2422 2643 2497 2696 Τὸ
2553 2639 2778 2708 Πνεῦμα
2845 2638 2908 2690 τὸ
2977 2636 3134 2704 ἅγιον
3196 2636 3380 2689 πάντα
3439 2636 3497 2687 ἐν
3562 2636 3737 2688 πᾶσιν

2166 2756 2184 2789 ι
2229 2736 2462 2804 ἐνεργεῖ,
2515 2729 2708 2794 καθώς
2766 2728 3052 2799 βούλεται,·
3108 2728 3302 2788 αἴτιον.
3380 2727 3740 2796 ἡγεμονικὸν,

2166 2847 2185 2879 ι
2227 2826 2404 2888 εὑθές,
2463 2823 2690 2886 δίκαιον,
2744 2819 3016 2889 ἀληθινὸν,
3057 2819 3123 2872 τά
3164 2819 3303 2890 βάθη
3357 2819 3604 2889 ἐρευνῶν
3645 2818 3740 2870 τοῦ

2169 2937 2190 2970 ι
2233 2916 2401 2982 Θεοῦ,
2462 2916 2526 2967 ἐκ
2579 2911 2793 2983 Πατρὸς
2833 2909 3290 2978 ἐκπορευόμενον,
3342 2910 3405 2960 ἐκ
3442 2908 3542 2962 τοῦ
3605 2907 3744 2960 Υἱοῦ

2175 3025 2194 3058 ι
2234 3005 2530 3077 λαμβάνον,
2574 3022 2593 3055 ι

2742 3094 3123 3149 Ἐπιστασία.

2249 3209 2268 3243 ι
2310 3190 2586 3261 Πρόσσχες
2611 3191 2677 3242 ἐκ
2698 3189 2889 3258 τίνοςή
2911 3185 3006 3238 τοῦ
3028 3184 3368 3254 Πνεῦματος,
3389 3185 3744 3255 ὲκπόρευσις,

507 3301 524 3332 ι
563 3295 629 3333 ex
653 3292 763 3348 quo
807 3275 1070 3344 acceptio,
1099 3283 1154 3328 et
1171 3269 1443 3342 quomodo
1469 3279 1696 3334 magnus
1727 3263 1826 3318 iste
1846 3259 2063 3315 minime

2181 3299 2195 3333 ι
2238 3281 2333 3335 καὶ
2362 3259 2435 3335 ἐκ
2497 3259 2642 3342 τινος
2693 3281 2726 3349 ἡ
2764 3278 2948 3348 λῆψις,
2996 3277 3091 3329 καὶ
3138 3275 3253 3338 πῶς
3314 3275 3585 3344 σύμφωνα
3620 3281 3739 3338 τοῖς

509 3391 528 3424 ι
570 3373 782 3425 diversa
811 3367 880 3422 ab
905 3366 1026 3421 aliis
1067 3364 1271 3420 sanctis
1299 3360 1550 3417 Patribus
1580 3356 1842 3412 insinuat.
1901 3352 2070 3406 Nam-

512 3481 529 3514 ι
569 3475 676 3531 que
703 3474 826 3514 cum
855 3457 933 3511 illi
961 3456 1248 3520 dixissent,
1292 3451 1628 3508 Salvatorem
1663 3447 1906 3502 datorem
1941 3440 2072 3510 Spi-

514 3572 532 3604 ι
579 3555 736 3616 ritus,
795 3551 1140 3606 concorditer
1178 3555 1233 3600 et
1281 3545 1419 3614 ipse,
1449 3557 1515 3597 ex
1559 3539 1751 3594 eodem
1807 3534 2069 3604 Spiritum

513 3668 532 3698 ι
577 3645 749 3714 accipi
789 3644 965 3698 docet.
999 3639 1212 3695 Dationi
1245 3636 1511 3706 siquidem
1542 3631 1764 3687 omnino
1786 3624 2062 3696 acceptio-

511 3758 531 3792 ι
571 3753 692 3796 nem
725 3735 1017 3793 succedere
1047 3732 1365 3789 didicimus.
1409 3747 1429 3780 ι

1143 3821 1440 3892 Refutatio.

577 3924 778 3980 Verum
807 3921 1071 3978 attendite
1103 3929 1186 3982 tu,
1215 3913 1493 3986 quomodo
1519 3925 1585 3966 ex
1609 3907 1769 3963 Patre
1795 3905 2070 3977 processio

509 4029 560 4071 et
586 4033 654 4071 cx
691 4014 828 4070 Filio
867 4014 1109 4081 acceptio
1142 4010 1285 4064 idem
1312 4005 1642 4076 signiﬁcant,
1671 4001 1936 4070 Spiritum
1965 3997 2074 4052 sci-

512 4111 638 4164 licet
685 4123 807 4162 esse
854 4122 919 4160 ex
953 4113 1183 4171 utroque
1219 4107 1279 4154 ut
1317 4110 1544 4167 magnus
1579 4092 1914 4162 Epiphanius
1961 4099 2070 4144 tes-

513 4213 676 4263 tatur,
707 4213 830 4253 cum
869 4195 1020 4250 dicit.
1063 4212 1082 4244 ι
1124 4191 1276 4258 Quod
1305 4189 1350 4244 si
1387 4187 1638 4242 Christus
1667 4199 1735 4239 ex
1765 4182 1924 4237 Patre
1954 4195 2073 4236 cre-

2177 3389 2196 3424 ι
2243 3372 2616 3442 προγραφείσι
2645 3368 2810 3432 θείοις
2871 3368 3146 3438 Πατράσι,
3194 3369 3288 3420 καί⁸
3315 3369 3343 3420 ὁ
3378 3368 3554 3435 μέγας
3583 3361 3741 3430 οὗτος

2175 3482 2196 3515 ς
2227 3447 2500 3515 διδάσκει.
2541 3460 2750 3529 Δοτῆρα
2771 3459 2881 3529 γὰρ
2914 3459 3135 3510 ἐκείνων
3156 3457 3418 3510 εἰπόντων
3446 3456 3541 3509 τοῦ
3573 3458 3750 3512 Ilvati-

2178 3575 2198 3610 ι
2239 3572 2404 3627 ματος
2421 3557 2511 3607 τὸν
2528 3552 2778 3620 Σωτῆρα,
2825 3548 3130 3618 συμφώνως
3171 3550 3268 3600 καὶ
3295 3541 3450 3610 οὗτος
3472 3548 3533 3611 ἐξ
3567 3549 3750 3602 αὐτοῦ

2177 3667 2197 3701 ι
2236 3648 2298 3702 τὸ
2327 3644 2553 3716 Πνεῦμα
2582 3644 2829 3696 διδάσκει
2857 3639 3259 3710 λαμϐάνεσθαι.
3310 3639 3391 3709 Τῇ
3417 3639 3528 3708 γὰρ
3563 3640 3740 3704 δόσει,

2177 3760 2194 3792 ι
2241 3740 2337 3794 καλ⁵
2365 3737 2466 3809 τὴν
2494 3736 2658 3806 λῆψιν
2697 3734 2916 3796 πάντως
2959 3733 3235 3802 ἑπομένην
3260 3731 3562 3802 ἐμάθομεν.
3613 3751 3633 3782 ο

2763 3825 3151 3892 Ἀντίρῤησις.

2254 3922 2417 3976 ’Δλλα
2444 3919 2717 3989 πρόσσχες
2759 3915 2854 3968 καὶ
2889 3916 3036 3977 ὅπως
3061 3917 3095 3985 ἡ
3119 3915 3186 3968 ἐκ
3211 3913 3305 3968 τοῦ
3338 3913 3552 3986 Πατρδς
3583 3914 3753 3969 ἐκπό-

2174 4027 2360 4084 ρευσις
2398 4013 2494 4062 καὶ
2527 4011 2589 4060 ἐκ
2627 4007 2722 4060 τοῦ
2744 4005 2874 4058 Υἰοῦ
2905 4004 3067 4072 λῆψις
3112 4003 3440 4072 σημαίνουσι
3479 4005 3539 4057 τὸ
3582 4005 3747 4069 αὐτὸ,

2171 4105 2232 4156 τὸ
2267 4105 2328 4154 τὸ
2361 4099 2582 4168 Πνεῦμα
2607 4091 2748 4149 εἶναι
2781 4093 2986 4165 δηλαδὴ
3018 4092 3077 4158 ἐξ
3115 4093 3341 4160 ἀμφοῖν,
3376 4091 3451 4154 ώς
3505 4093 3533 4144 ό
3566 4092 3744 4159 μέγας

2185 4193 2499 4262 Ἐπίφάνιος
2532 4190 2799 4262 μαρτυρεί
2829 4189 2886 4240 ἐν
2913 4184 2993 4248 οἷς
3024 4185 3174 4252 λέγει
3195 4201 3207 4212 ·
3232 4185 3294 4236 El
3335 4183 3392 4234 δέ
3421 4184 3659 4254 Χριστὸς
3684 4186 3748 4236 ἐκ

512 4289 681 4351 ditur,
708 4283 849 4339 Deus
875 4298 940 4338 ex
968 4281 1101 4334 Deo.
1135 4277 1201 4332 Et
1233 4277 1471 4348 Spiritus
1498 4291 1564 4329 ex
1597 4273 1839 4337 Christo,
1865 4270 1980 4325 sive
2003 4270 2063 4324 ali

2181 4287 2266 4341 τοῦ
2334 4285 2548 4354 Πατρὸς
2616 4281 2959 4343 πιστεύεται,
3016 4279 3151 4339 Θεὸς
3209 4279 3272 4329 ἐκ
3334 4275 3494 4340 θεοῦ,
3552 4275 3742 4328 καὶτὸ

513 4389 762 4445 utroque,
793 4383 852 4428 ut
884 4372 1136 4426 Christus
1162 4370 1238 4423 ait
1271 4384 1286 4433 ;
1329 4385 1348 4418 ι
1381 4365 1534 4432 Quia
1565 4364 1724 4418 Patre
1753 4361 2013 4432 procedit,
2047 4376 2068 4409 ι

513 4480 590 4536 et,
633 4487 652 4520 ι
689 4466 791 4522 Hic
817 4481 885 4520 ex
910 4479 1031 4518 meo
1063 4461 1296 4532 accipiet
1323 4460 1368 4514 '.
1411 4476 1431 4510 ι

545 4672 794 4742 Ejusdem
823 4684 886 4722 ea:
914 4668 1084 4736 primo
1112 4673 1296 4720 contra
1323 4661 1644 4716 Eunomium
1669 4653 2045 4711 Antirrhetico.

586 4834 722 4890 CXI.
761 4850 779 4883 ι
813 4832 956 4887 Patri
983 4830 1278 4886 secundum
1319 4825 1464 4896 quod
1519 4823 1789 4876 increatus
1821 4826 1903 4871 est
1944 4829 2078 4869 con-

2178 4375 2399 4446 Πνεῦμα
2431 4376 2494 4427 ἐκ
2515 4374 2609 4426 τοῦ
2644 4369 2902 4440 Χριστοῦ,
2931 4368 2965 4439 ἢ
2997 4368 3126 4437 παρ’
3162 4366 3508 4436 ἀμφοτέρων,
3545 4365 3623 4428 ὥς
3649 4382 3750 4434 φη-

2181 4486 2265 4522 σιν
2296 4471 2326 4519 ὁ
2365 4465 2624 4535 Χριστὸς,
2670 4464 2736 4515 ’0
2767 4461 2918 4532 παρὰ
2975 4458 3071 4510 τοῦ
3126 4457 3338 4526 Πατρὸς
3363 4457 3742 4526 ἐκπορεύεται,

2102 4541 2156 4600 Ῑ)
2181 4560 2297 4620 καὶ,
2345 4574 2363 4606 ι
2393 4549 2561 4617 Οὗτος
2590 4554 2654 4605 ἐκ
2680 4551 2776 4605 τοῦ
2803 4549 2936 4619 ἐμοῦ
2973 4547 3226 4617 λήψεται.
3259 4563 3282 4597 ι

2185 4666 2295 4721 Τοῦ
2323 4663 2442 4719 ἀπὸ
2467 4663 2574 4719 τοῦ
2611 4647 2866 4796 ποώτοιὲ
2875 4655 2995 4710 τῶν
3021 4653 3179 4732 πρὸς
3196 4653 3498 4721 Εὐνόμιον
3536 4653 3754 4720 Ἀντιρο-

2871 4741 3113 4795 ητικων.

2871 4741 3113 4795 ητικων.

2250 4827 2398 4882 PIA'.
2433 4844 2450 4878 ι
2488 4823 2578 4892 Τῷ
2608 4823 2716 4893 γὰρ
2747 4820 2925 4888 Πατρὶ
2952 4815 3089 4869 κατὰ
3116 4813 3174 4867 τὸ
3196 4813 3453 4867 ἄκτιστον
3481 4813 3748 4866 συναπτό-

523 4947 539 4979 ι
569 4927 834 4996 jungitur.
863 4938 1164 4992 rursusque
1189 4923 1255 4974 ab
1277 4934 1368 4984 eo,
1397 4916 1538 4985 quod
1570 4915 1646 4968 uti
1669 4912 1758 4966 ille
1787 4911 1947 4965 Pater
1969 4921 2063 4962 nor

2187 4939 2206 4972 ι
2244 4934 2426 4990 μενον,
2456 4917 2618 4970 πάλιν
2652 4911 2838 4975 αὑτοῦ,
2873 4909 2951 4979 τῷ
2973 4907 3060 4978 ’μὴ
3109 4907 3301 4974 Πατὴρ
3332 4899 3472 4956 εἶναι
3501 4904 3756 4970 καθάπερ

525 5037 543 5068 ι
583 5028 686 5079 est,
738 5025 1064 5086 separatur:
1098 5009 1447 5079 conjungitur
1497 5015 1552 5060 et
1595 5002 1731 5062 Filio
1780 4999 2078 5056 secundum

525 5130 542 5162 ι
586 5108 732 5178 quod
767 5111 1043 5161 increatus
1083 5112 1190 5167 est,
1220 5112 1273 5155 et
1297 5098 1443 5170 quod
1487 5110 1709 5153 causam
1751 5093 2063 5150 exsistentia

2190 5126 2208 5158 ι
2245 5106 2304 5158 τὸ
2337 5105 2588 5159 ἄκτιστον
2633 5093 2918 5162 συναφείᾳ,
2974 5093 3069 5143 καὶ⁷
3103 5091 3159 5142 ἐν
3203 5087 3280 5157 τῷ
3308 5087 3406 5155 τὴν
3437 5086 3621 5136 αἰτίαν
3646 5086 3738 5152 τῆς

524 5221 542 5254 ι
580 5217 648 5256 cx
680 5202 923 5255 omnium
947 5196 1058 5250 Deo
1090 5195 1288 5248 habeat
1329 5210 1342 5245 :
1380 5190 1676 5261 seiungitur
1719 5201 1912 5242 rursus
1957 5199 2092 5252 pro-.

526 5315 544 5345 ι
582 5295 830 5363 prietate,
854 5288 1002 5360 quod
1033 5301 1144 5342 non
1191 5295 1445 5354 tanquam
1481 5281 1794 5351 unigenitus
1820 5293 1887 5332 ex
1927 5276 2084 5329 Patre

528 5407 546 5440 ι
585 5387 848 5449 substitit,
875 5392 934 5438 et
968 5381 1116 5451 quod
1161 5395 1258 5450 per
1300 5380 1474 5449 ipsum
1527 5375 1723 5429 Filium
1783 5371 2084 5441 apparuit:

533 5499 552 5530 ι
601 5491 796 5532 rursus
857 5489 983 5528 cum
1033 5481 1282 5527 creatura
1338 5484 1431 5538 per
1480 5466 1675 5520 Filium
1732 5460 2088 5523 substitisset,

528 5593 547 5624 ι
586 5589 654 5628 ne
683 5587 807 5625 eum
836 5584 899 5625 ea
927 5565 1361 5622 communionem
1405 5559 1643 5630 Spiritus
1673 5557 1872 5611 habere
1898 5551 2088 5608 existi-

597 5758 618 5789 ⁸
642 5758 801 5814 σιοιιιι.
838 5772 926 5822 xv,
969 5754 1072 5819 26;
1108 5750 1332 5820 “1,”.

2191 5031 2210 5064 ι
2250 5014 2478 5075 ἐκεῖνος,
2509 5004 2912 5076 διαχωρίζεται,
2964 5003 3035 5068 τῇ
3054 4998 3111 5050 δὲ
3141 4997 3274 5067 πρὸς
3338 4995 3430 5048 τὸν
3453 4995 3584 5047 Υίὸν
3615 4999 3750 5047 κατὰ

2199 5216 2218 5249 ι
2264 5193 2545 5264 ὑπάρξεως
2574 5191 2638 5241 ἐκ
2663 5187 2758 5238 τοῦ
2787 5183 2924 5236 Θεοῦ
2955 5183 3059 5234 τῶν
3079 5181 3216 5232 ὅλων
3247 5177 3408 5248 ἔχειν,
3461 5178 3748 5244 ἀφίσταται

2199 5306 2217 5339 ι
2259 5260 2421 5337 πάλιν
2451 5281 2530 5350 τῷ
2562 5276 2837 5342 ἰδιάζοντι,
2871 5275 2928 5325 ἐν
2949 5271 3027 5340 τῷ
3051 5271 3187 5340 μήτε
3213 5265 3519 5337 μονογενῶς
3573 5267 3635 5315 ἐκ
3665 5260 3749 5315 τοῦ

2201 5397 2219 5429 ι
2255 5374 2467 5445 Πατρδς
2500 5371 2825 5438 ὑποστῆναι,
2853 5365 2950 5417 κα)⁸
2981 5365 3040 5414 ἐν
3070 5361 3148 5430 τῷ
3171 5359 3238 5412 δι’
3271 5355 3437 5412 αὑτοῦ
3477 5354 3571 5408 τοῦ
3625 5351 3746 5406 Υίοῦ

2202 5488 2220 5520 ι
2264 5464 2584 5536 πεφηνέναι.
2620 5461 2787 5514 Πάλιν
2813 5458 2869 5509 δὲ
2895 5456 2995 5525 τῆς
3022 5453 3252 5514 κτίσεως
3284 5451 3371 5503 διὰ
3394 5449 3488 5502 τοῦ
3518 5449 3750 5512 Movere-

2206 5581 2225 5612 ι
2274 5560 2398 5621 νοῦς
2448 5554 2785 5619 ὑποστάσης,
2839 5549 2912 5612 de;
2957 5546 3023 5600 ἂν
3090 5545 3163 5615 μὴ
3217 5541 3508 5610 κοινότητα
3552 5556 3668 5592 τινα
3697 5535 3750 5588 τὸ
