3958 6398
224 403 332 465 557

1182 397 1260 458 1N
1295 367 1702 455 omnem
1732 388 2487 451 ANIMADVERSIONES.

3379 392 3483 452 553

241 539 260 570 ι
312 515 536 585 Πνεῦμα
568 514 798 585 νομισθῇ
828 514 961 583 πρὸς
994 514 1197 580 ταύτην
1233 512 1400 580 ἔχειν,
1450 512 1514 561 ὲκ
1570 507 1660 560 τοῦ
1722 507 1810 558 διὰ

1932 523 1937 555 ι
1978 512 2234 566 maretur,
2265 505 2408 572 quod
2449 519 2553 572 per.
2591 502 2784 559 Filium
2817 516 3095 575 appareat,
3133 506 3490 561 immutabili-

221 627 246 661 ε
301 608 398 660 τοῦ
437 607 570 660 Υῑοῦ
616 596 936 675 πεφηνέναι,
983 608 1039 657 ἐν
1085 603 1163 672 τῷ
1215 604 1492 671 ἀτρέπτῳ,
1523 601 1614 651 καὶ
1642 598 1803 650 ἀναλ-

229 718 250 751 ι
299 697 534 768 λοιώτῳ,
561 698 659 751 καὶ
676 697 967 766 ἀπροοδεεῐ
1012 695 1113 763 τῆς
1155 693 1422 762 ἑτέρωθεν
1451 688 1804 758 ἀγαθότητος,

224 809 246 842 ι
287 788 626 859 διακρίνεται
641 787 702 839 τὸ
720 787 951 855 ’Πνεῦμα
980 785 1085 840 ἀπὸ
1107 786 1200 855 τῆς
1229 783 1476 843 κτίσεως.
1500 799 1520 832 ι

797 898 1176 952 Ἐπιστασία.

304 1013 324 1046 ι
381 992 714 1061 Ἐπίστησον
741 990 1006 1060 ἀκριϐῶς,
1045 992 1190 1042 κατὰ
1218 990 1270 1042 τί
1301 990 1360 1040 τὸ
1393 987 1616 1056 Πνεῦμα
1646 985 1812 1036 atmi-

228 1102 249 1135 ι
291 1101 495 1136 πτεται
523 1082 603 1151 τῷ
629 1081 764 1148 Υἰῷ,
831 1082 1088 1134 καὶκατὰ
1145 1081 1196 1132 τί
1251 1080 1442 1132 τοῦτον
1479 1077 1807 1144 ἀφίσταται·

227 1193 248 1237 ς
289 1175 390 1227 xci.
415 1175 496 1228 ὅτι
524 1172 930 1240 συναπτόμενον
964 1171 1136 1242 τούτῳ
1165 1171 1307 1225 κατά
1336 1187 1393 1223 τε
1423 1171 1484 1222 τὸ
1529 1171 1806 1232 ἄκτιστον,

228 1284 248 1316 ι
293 1266 395 1318 καὶ
450 1265 510 1317 τὸ
557 1265 648 1315 τὸν
695 1264 855 1316 αὑτὸν
886 1265 1059 1332 τούτῳ
1090 1264 1182 1314 καὶ
1205 1265 1299 1315 ἕνα
1324 1263 1468 1331 ἔχειν
1503 1261 1601 1330 τῆς
1634 1261 1811 1329 ὑπάρ-

230 1375 249 1407 t
296 1355 434 1419 ξεως
486 1355 660 1406 αἴτιον
712 1357 1004 1422 ἀφίσταται
1033 1357 1176 1409 κατὰ
1204 1373 1261 1407 τε
1283 1354 1343 1406 τὸ
1371 1355 1444 1423 μὴ
1483 1351 1810 1420 γεννηθῆναι

233 1464 254 1497 ι
289 1446 368 1507 ὡς
404 1440 589 1508 οὗτος,
625 1449 720 1498 καὶ
748 1445 806 1498 τὸ
845 1448 919 1516 μὴ
951 1449 1008 1512 ἐξ
1051 1446 1218 1500 αὐτοῦ
1255 1445 1320 1498 δι’
1353 1443 1520 1498 αὑτοῦ
1553 1443 1608 1495 δὲ
1635 1458 1812 1510 πεφη-

233 1555 254 1588 σ
299 1538 476 1590 νέναι.
517 1537 752 1604 Μεγάλη
776 1537 830 1589 δὲ
864 1540 1078 1601 πάντως
1103 1539 1137 1608 ἡ
1164 1536 1258 1590 τοῦ
1306 1536 1365 1601 ἐξ
1388 1535 1553 1588 αὑτοῦ
1589 1533 1723 1602 πρὸς
1748 1532 1809 1584 τὸ

234 1649 257 1682 1
300 1630 372 1683 δι’
415 1627 583 1682 αὑτοῦ
605 1629 858 1698 διαφορά.
893 1649 911 1680 ι

811 1818 862 1870 Ἀ
873 1819 1208 1885 ντίρῤησις.

316 1909 479 1979 Χάρις
515 1926 617 1975 σοι,
652 1908 734 1962 ὅτι
759 1910 1166 1978 διωμολόγησας
1227 1909 1463 1978 ἰδιότητα
1496 1907 1588 1961 τοῦ
1642 1904 1813 1959 Πνεῦ-

243 2017 410 2066 ματος
435 1994 576 2053 εἶναι
604 2001 666 2052 τὸ
687 2000 760 2070 μὴ
788 2002 1136 2069 γεννηθῆναι,
1162 2001 1229 2063 ὡς
1272 2003 1299 2054 ό
1322 2001 1467 2062 Υἱὸς,
1493 2004 1585 2052 καὶ
1615 1998 1701 2050 διὰ
1721 1995 1815 2051 τοῦ

237 2091 370 2143 Υίοῦ
405 2092 704 2162 πεφηνέναι
743 2093 894 2146 αὑτό.
934 2091 1080 2162 Αὕτη
1129 2093 1235 2159 γὰρ
1270 2090 1607 2161 ήόμολογία,
1657 2089 1820 2158 παρί-

233 2199 429 2252 στησιν
462 2184 706 2251 ἐναργῶς
738 2185 813 2254 μὴ
847 2179 986 2236 εἶναι
1013 2185 1073 2235 τὸ
1117 2182 1344 2252 Πνεῦμα
1385 2185 1449 2235 ὲκ
1485 2181 1580 2234 τοῦ
1611 2181 1818 2250 Πατρὺς

237 2273 407 2341 μόνου
436 2289 452 2303 ⁶
482 2269 552 2344 ἦν
617 2275 726 2343 γὰρ
756 2274 823 2328 ἂν
846 2273 1102 2344 γεννητὸς
1148 2274 1275 2336 Υίὺς
1316 2275 1412 2327 καὶ
1459 2273 1608 2327 αὐτό.
1637 2273 1712 2324 Τὸ
1763 2271 1819 2323 δὲ

233 2367 300 2415 ἐκ
328 2365 547 2435 Πατρὸς
580 2364 671 2417 διὰ
699 2365 828 2416 Υἱοῦ
855 2366 1100 2434 πεφηνὸς
1134 2363 1194 2428 ἐξ
1228 2365 1454 2434 ἀμφοῖν,
1491 2364 1567 2427 ὡς
1602 2363 1660 2428 ἐξ
1692 2362 1812 2423 ἑνός

231 2455 356 2506 ἐστι
383 2456 604 2517 πάντως
633 2455 792 2508 Θεοῦ.
847 2475 866 2507 ι

768 2570 872 2622 Ἐκ
907 2570 1012 2624 τοῦ
1045 2570 1254 2629 αὐτοῦ.

316 2659 464 2714 PlB‘.
510 2676 530 2710 ι
573 2659 635 2713 Ei
697 2657 790 2714 οῦν
839 2666 894 2713 ὲν
925 2665 990 2731 τῇ
1047 2662 1288 2730 ἀκτίστῳ
1341 2661 1498 2730 φύσει
1529 2663 1729 2714 νοεῖται
1752 2661 1820 2714 τὰ

240 2769 264 2802 ι
309 2749 602 2818 θαυμαστὰ
668 2753 969 2822 πράγματὰ
1021 2771 1079 2806 τε
1135 2755 1229 2806 καὶ
1267 2754 1532 2822 ὀνόματα,
1565 2755 1590 2806 ὁ
1629 2752 1819 2822 Πατὴρ

243 2861 266 2894 a
307 2845 339 2895 ό
378 2844 500 2906 Υἱὸς
524 2847 618 2898 καὶ
647 2845 708 2896 τδ
736 2844 958 2914 Πνεῦμα
987 2845 1044 2898 τὸ
1069 2845 1246 2913 ἅγιον,
1278 2847 1392 2907 πῶς
1420 2846 1574 2897 ἔσται
1593 2845 1816 2896 δυνατὸν

245 2954 266 2986 ι
311 2937 452 3003 ὅπερ
476 2937 568 2988 ἐπὶ
582 2938 689 2990 τῶν
715 2937 862 2990 κάτω
883 2940 1353 3008 περιεργαζομένη
1381 2939 1473 2990 καὶ
1505 2937 1819 3006 πολυπραγ-

246 3042 264 3073 ι
314 3024 550 3093 μονοῦσα
569 3025 977 3092 καταλαμϐάνει
1001 3028 1033 3096 ἡ
1055 3025 1250 3089 ἔννοια,
1277 3027 1462 3092 ἕτερον
1481 3025 1667 3099 ἐτέρου
1688 3040 1818 3089 συγ-

245 3132 265 3163 c
311 3116 574 3184 κριτικῶς
622 3116 1000 3183 ὑπερτιθείσα,
1049 3117 1138 3168 διά
1190 3133 1336 3177 τινος
1388 3114 1644 3185 χρονικοῦ
1696 3113 1814 3165 δια-

1835 1842 1884 1902 Β

1917 614 1936 646 ι
1983 608 2111 659 tate,
2143 598 2419 660 ﬁrmitate,
2456 612 2521 652 ac
2571 597 2856 660 bonitatis,
2913 614 3035 668 qua:
3088 609 3347 653 extranea
3393 599 3487 662 sit,

1920 703 1939 736 ‹
1978 684 2124 738 nulla
2189 685 2487 756 indigentia
2557 702 2586 741 a
2660 697 2908 743 creatura
2947 689 3186 758 Spiritus
3251 691 3491 744 secerni-

1919 793 1938 824 ι
1986 785 2094 829 tur.
2135 795 2153 826 ι

2143 964 2153 972 ,
2489 913 2912 968 Animadt'ers-io.

1990 1015 2008 1046 ι
2040 996 2310 1054 Aecurale
2360 1000 2803 1066 animadvertito,
2846 1003 3147 1057 secundum
3191 1005 3320 1072 quid
3369 1004 3495 1075 Spi-

1922 1106 1940 1137 (
1983 1086 2118 1140 ritus
2157 1087 2519 1159 coniungatur
2548 1089 2682 1154 Deo,
2711 1100 2766 1143 et
2807 1092 3105 1146 secundum
3142 1093 3266 1162 quid
3305 1109 3490 1146 secer-

1923 1196 1940 1227 ι
1985 1186 2147 1232 natur
2179 1196 2194 1233 :
2232 1189 2285 1234 et
2316 1181 2669 1250 coniungitur
2698 1181 2916 1249 quidem
2963 1183 3042 1234 illi
3073 1185 3370 1237 secundum
3407 1183 3490 1236 in-

1919 1285 1937 1318 t
1975 1276 2238 1332 creatum,
2274 1277 2328 1323 et
2354 1271 2604 1325 eumdem
2641 1287 2805 1324 unam
2843 1287 2967 1326 cum
2995 1272 3104 1326 alio
3133 1274 3329 1327 habere
3379 1289 3490 1327 sua:

1922 1375 1940 1408 ι
1977 1357 2314 1411 exsistentiae
2361 1375 2608 1414 causam.
2645 1359 2963 1416 Secernitur
2995 1377 3178 1429 porro,
3202 1363 3347 1431 quod
3383 1379 3489 1416 non

1921 1465 1941 1498 ι
1979 1449 2050 1501 sit
2081 1450 2295 1516 genitus
2317 1458 2376 1503 ut
2405 1450 2513 1515 ille,
2552 1460 2605 1504 et
2635 1451 2779 1521 quod
2805 1468 2911 1504 non
2963 1468 3027 1505 ex
3079 1453 3196 1521 ipso
3253 1453 3344 1508 sed
3400 1469 3494 1521 per

1917 1559 1936 1591 ι
1976 1541 2154 1608 ipsum
2212 1543 2542 1611 apparuerit.
2594 1545 2843 1613 Magnum
2880 1559 3007 1596 veto
3063 1545 3356 1599 discrimen
3410 1554 3495 1599 est

1917 1650 1938 1684 ι
1979 1633 2119 1687 inter
2149 1632 2263 1688 haec
2287 1634 2396 1688 duo
2425 1651 2488 1690 ex
2521 1636 2657 1704 ipso,
2691 1651 2744 1691 et
2776 1653 2872 1705 per
2903 1637 3133 1706 ipsum.»

2548 1811 2845 1882 Refutatio.

1990 1898 2190 1954 Gratia:
2220 1901 2438 1970 quidem
2476 1903 2573 1958 tibi
2627 1906 2890 1960 habenda:
2933 1919 3082 1967 sunt.
3124 1914 3268 1980 quod
3311 1913 3494 1970 fassus

1930 2007 2013 2055 es,
2071 1992 2308 2060 Spiritus
2351 1996 2732 2062 pr0prietatem
2774 2013 2917 2062 esse,
2948 2016 3054 2053 non
3088 2019 3209 2057 esse
3253 2007 3492 2074 genitum

1920 2079 1998 2132 uti
2033 2087 2113 2133 est
2152 2078 2348 2147 Filius,
2392 2091 2445 2136 et
2493 2099 2589 2153 per
2613 2084 2812 2140 Filium
2857 2104 3144 2159 apparere.
3177 2093 3300 2149 l-lzec
3343 2097 3492 2152 enim

1919 2172 2152 2225 assertio
2176 2182 2357 2240 aperte
2388 2175 2645 2240 ostendit,
2681 2176 2940 2247 Spiritum
2967 2198 3073 2237 non
3101 2200 3221 2239 esse
3243 2204 3309 2240 ex
3338 2187 3496 2243 Patre

1918 2261 2056 2321 solo.
2085 2272 2225 2316 esset
2245 2263 2386 2315 enim
2418 2275 2470 2318 et
2497 2265 2612 2334 ipse
2634 2277 2926 2337 generatus
2956 2271 3148 2330 Filius.
3182 2276 3335 2342 Quod
3366 2296 3491 2334 vero

1918 2367 1984 2405 ex
2011 2351 2170 2407 Patre
2191 2370 2285 2423 per
2320 2353 2516 2409 Filium
2549 2370 2794 2428 apparet,
2836 2377 2901 2416 ex
2950 2375 3182 2434 utroque
3227 2371 3392 2424 veluti
3426 2388 3491 2426 ex

1923 2461 2030 2497 uno
2067 2454 2150 2499 est
2179 2445 2403 2501 omnino
2443 2447 2572 2504 Deo.

2540 2562 2626 2614 Ea:
2651 2563 2852 2617 eodem.

1993 2647 2159 2703 CXII.
2199 2669 2216 2702 t
2252 2652 2307 2705 Si
2338 2653 2522 2720 itaque
2557 2653 2608 2706 in
2643 2654 2878 2708 increata
2907 2660 3494 2731 naturaintelliguntnr

1927 2757 1946 2788 ‹
1992 2755 2076 2792 res
2109 2740 2453 2798 admirabiles
2479 2752 2532 2796 et
2564 2745 2786 2797 nomina
2814 2746 2994 2809 Pater,
3034 2746 3203 2803 Filius
3234 2761 3286 2803 et
3317 2752 3494 2820 Spiri-

1929 2850 1946 2882 ι
1985 2839 2073 2885 tus
2105 2843 2351 2898 sanctus,
2387 2837 2659 2904 quomodo
2691 2838 2806 2890 ﬁeri
2844 2847 3041 2906 potest.
3077 2853 3133 2894 ut
3167 2859 3284 2911 qua:
3309 2844 3375 2897 de
3409 2846 3496 2898 liis

1930 2922 2335 2979 «inferioribus
2386 2927 2603 2981 curiose
2652 2939 3036 2999 perscrutans,
3094 2942 3147 2987 et
3201 2936 3495 3005 exquirens

1928 3029 1946 3060 (
1985 3027 2139 3068 meus
2163 3016 2434 3086 intelligit,
2464 3019 2610 3072 aliud
2643 3034 2765 3073 eum
2799 3021 2907 3074 alio
2950 3024 3266 3091 conferens,
3308 3028 3494 3097 illique

1930 3121 1947 3152 ι
1984 3120 2302 3175 ριάψοιιθηε
2335 3119 2554 3178 propter
2577 3112 2795 3180 aliquod
2826 3117 3089 3182 temporis
3123 3119 3490 3184 intervallum,

244 3223 266 3254 ι
318 3205 618 3272 στήματος,
648 3203 806 3257 τοῦτο
835 3205 930 3258 καὶ
957 3207 1048 3258 ἐπὶ
1073 3207 1172 3274 τῆς
1221 3205 1475 3258 ἀκτίστου
1529 3204 1622 3256 καὶ
1660 3219 1796 3271 προ·

1932 3213 1946 3246 ι
1979 3195 2045 3250 de
2079 3197 2338 3266 increata,
2374 3211 2428 3255 et
2451 3217 2572 3271 quae
2603 3214 2730 3258 ante
2760 3208 2957 3260 sarcula
3009 3206 3108 3260 fuit
3139 3221 3332 3264 natura
3368 3226 3498 3263 con-

251 3314 271 3352 ι
323 3296 545 3350 αιωνίου
577 3297 822 3365 νομίζειν
852 3299 1038 3360 οὐσίας
1099 3295 1262 3361 εἶναι,
1303 3292 1418 3368 ἑνῇ
1476 3295 1664 3366 Πατὴρ
1720 3294 1818 3362 μὲν

246 3404 268 3436 ι
314 3381 352 3456 ᾖ
382 3387 574 3456 Πατὴρ
613 3387 847 3456 ἄναρχος
879 3388 976 3440 καὶ
1018 3387 1314 3457 ἀγέννητος
1365 3385 1572 3439 καὶάεὶ
1625 3384 1819 3450 Πατὴρ

1928 3303 1947 3336 ι
1985 3287 2172 3356 cipiel,
2200 3289 2253 3343 in
2283 3307 2391 3359 qua
2419 3303 2502 3346 est
2535 3294 2694 3349 Pater
2735 3297 2944 3366 absque
2984 3299 3283 3369 principio,
3319 3313 3372 3356 et
3404 3303 3493 3356 in-

1927 3397 1948 3429 ‹
1980 3381 2221 3448 genitus,
2267 3392 2320 3437 ct
2371 3399 2590 3452 semper
2643 3385 2970 3458 intelligitur
3021 3405 3142 3445 esse
3183 3391 3368 3456 Pater,
3423 3409 3494 3447 ex

249 3494 269 3526 ε
311 3479 539 3543 νοεῖται,
589 3477 648 3544 ἐξ
679 3477 846 3532 αὑτοῦ
875 3479 932 3531 δὲ
956 3479 1097 3532 κατὰ
1123 3479 1186 3530 τὸ
1246 3476 1513 3546 προσεχὲς
1564 3476 1815 3528 ἀδιαστά-

1932 3489 1946 3520 ι
1984 3471 2174 3525 eodetn
2229 3489 2360 3528 vero
2406 3477 2667 3532 continue
2710 3479 2920 3548 absque
2958 3481 3067 3535 ulla
3113 3487 3494 3552 segregatione

245 3583 268 3617 4
316 3583 426 3630 τως
454 3569 483 3620 ὁ
504 3567 795 3638 μονογενὴς
820 3569 946 3629 Υἱὸς
976 3567 1051 3637 τῷ
1078 3568 1254 3638 Πατρὶ
1281 3567 1696 3620 συνεπινοεῖται.
1737 3562 1820 3616 Δι’

246 3676 266 3708 ι
317 3657 488 3710 αὑτοῦ
515 3658 571 3710 δὲ
604 3660 701 3711 καὶ
734 3660 852 3730 μετ’
881 3658 1045 3712 αὑτοῦ
1077 3658 1206 3727 πρίν
1237 3675 1289 3710 τι
1313 3658 1466 3711 κενόν
1485 3673 1544 3710 τε
1571 3656 1666 3709 καὶ
1689 3657 1820 3709 ἀνυ-

243 3767 265 3800 ‹
305 3748 580 3802 πόστατον
624 3749 712 3802 διὰ
775 3749 942 3818 μέσου
981 3750 1354 3818 παρεμπεσεῖν
1405 3747 1605 3816 νόημα,
1656 3744 1818 3807 εὐθὺς

251 3859 271 3891 ι
313 3841 380 3894 τὸ
459 3839 682 3912 Πνεῦμα
747 3842 810 3895 τὸ
885 3843 1040 3910 ἅγιον
1111 3839 1473 3911 συνημμένως
1538 3839 1816 3904 καταλαμ-

247 3950 267 3982 ι
308 3929 552 3995 σάνεται,
606 3932 704 4001 οὐχ
754 3932 1033 4002 ὑστερίζον
1087 3931 1226 3986 κατὰ
1259 3931 1356 4000 τὴν
1409 3927 1642 3998 ὓπαρξιν
1683 3925 1820 3996 μετὰ

246 4040 268 4072 ι
311 4021 405 4073 τὸν
452 4021 611 4074 Υίόν·
669 4022 808 4075 ὥστε
871 4024 1002 4076 ποτὲ
1055 4023 1148 4076 τὸν
1223 4021 1483 4092 μονογενῆ
1543 4021 1667 4088 δίχα
1723 4016 1816 4070 τοῦ

248 4132 266 4162 ι
311 4111 635 4182 Πνεῦματος
685 4112 964 4184 νοηθῆναι,
1039 4115 1165 4166 ἀλλ’
1227 4115 1292 4165 ἐκ
1365 4111 1466 4182 μὲν
1535 4108 1628 4162 τοῦ
1679 4105 1816 4160 Θεοῦ

247 4221 266 4251 σ
313 4200 425 4253 τῶν
480 4202 615 4255 ὅλων
663 4204 758 4254 καὶ
811 4204 943 4256 αὐτὸ
982 4203 1082 4273 τὴν
1137 4203 1318 4255 αἰτίαν
1348 4201 1467 4270 ἔχον
1522 4198 1614 4252 τοῦ
1651 4194 1814 4262 εἶναι,

243 4311 265 4342 ε
315 4291 444 4344 ὅθεν
480 4293 660 4346 καὶτὸ
697 4293 986 4362 μονογενές
1010 4297 1124 4347 ἐστι
1161 4294 1298 4364 φῶς,
1335 4291 1422 4346 διὰ
1455 4291 1510 4344 δὲ
1545 4289 1640 4344 τοῦ
1687 4290 1818 4359 ἀλη-

244 4401 263 4434 c
314 4382 470 4434 θινοῦ
513 4383 688 4451 φωτὸς
736 4385 1044 4454 saepe“.
1099 4403 1118 4436 ι

825 4499 1206 4554 Ἐπιστασία.

317 4609 338 4642 ι
386 4590 501 4660 Τὴν
531 4590 702 4660 αὐτὴν
737 4589 1020 4644 κάνταῦθα
1042 4589 1196 4660 δέχου
1236 4588 1610 4652 διδασκαλίαν,
1638 4586 1815 4640 αῐτιον

245 4701 268 4738 ι
309 4683 412 4750 μὲν
456 4682 550 4735 καὶ
587 4681 916 4751 ἀμφοτέρων
954 4680 1050 4734 τοῦ
1086 4697 1148 4734 τε
1178 4679 1307 4732 Υἱοῦ
1363 4681 1456 4733 καὶ
1502 4679 1818 4749 Πνεῦματος

248 4793 268 4825 ι
308 4776 404 4826 τὴν
455 4773 674 4840 Πατέρα
714 4771 1118 4840 κηρύττουσαν,
1179 4775 1273 4824 καὶ
1305 4773 1370 4823 ὲκ
1395 4769 1486 4822 τοῦ
1508 4769 1644 4822 Θεοῦ
1694 4769 1815 4839 μὲν,

245 4883 266 4916 ι
306 4865 374 4916 οὐ
413 4861 600 4932 μὴνὲκ
628 4861 722 4914 τοῦ
752 4861 906 4927 Tim},
949 4862 1038 4915 διὰ
1061 4861 1118 4914 δὲ
1147 4861 1242 4914 τοῦ
1275 4860 1403 4913 Υίοῦ
1433 4860 1719 4928 ἐκλάμψαν
1758 4863 1817 4914 τὸ

247 4973 268 5006 ι
325 4951 552 5020 Πνεῦμα
581 4949 934 5014 δοξάζουσαν.
979 4969 998 5002 ι

822 5061 1207 5128 Ἄντίῤῥησις.

314 5152 501 5205 Αἴτιον
547 5150 647 5220 μὲν
674 5150 998 5219 ἀμφοτέρων
1018 5148 1301 5201 κάνταῦθα
1323 5148 1418 5201 τοῦ
1440 5149 1569 5201 Υίοῦ
1595 5150 1692 5201 καὶ
1723 5148 1818 5202 τοῦ

241 5244 569 5311 Πνεῦματος
614 5243 705 5293 τὸν
750 5239 974 5308 Πατέρα
1009 5242 1042 5308 ἡ
1097 5242 1322 5310 ρηθεῖσα
1375 5239 1638 5310 κηρύττει
1661 5256 1821 5308 περι-

243 5337 417 5404 κοπὴ,
453 5335 594 5404 πλὴν
623 5334 758 5386 ἀλλὰ
785 5334 1041 5403 διάφορον
1058 5334 1250 5398 αἴτιον,
1278 5333 1371 5386 τοῦ
1405 5334 1503 5402 μὲν
1526 5332 1657 5384 Υίοῦ
1680 5331 1824 5385 κατὰ

241 5429 303 5479 τὸ
342 5425 635 5494 προσεχὲς,
667 5422 760 5474 τοῦ
785 5423 843 5474 δὲ
875 5423 1191 5492 Πνεῦματος
1238 5422 1325 5475 διὰ
1370 5425 1464 5474 τοῦ
1511 5423 1662 5476 Υίοῦ.
1712 5423 1823 5475 Καὶ

242 5520 277 5588 ὴ
308 5517 542 5584 τοιαύτη
593 5514 826 5582 διαφορὰ
847 5514 909 5566 τὸ
934 5515 1032 5585 μὲν
1055 5513 1165 5566 τῶν
1218 5513 1479 5566 αἰτιατῶν
1534 5515 1599 5566 ἐκ
1658 5514 1820 5582 μόνου

241 5608 490 5660 δείκνυσι
519 5603 610 5656 τοῦ
645 5606 875 5673 Πατρός,
935 5608 994 5658 τὸ
1020 5607 1076 5658 δὲ
1106 5606 1166 5671 ἐξ
1211 5608 1433 5674 ἀμφοῖν.
1493 5605 1555 5657 Ei
1603 5606 1710 5675 γὰρ
1750 5607 1815 5658 ὲκ

249 5701 416 5768 μόνου
472 5693 613 5768 ἦσαν
667 5698 834 5764 ἄμφω
883 5698 949 5750 τὰ
998 5698 1240 5763 αἱτιατὰ,
1271 5697 1412 5768 ιοὺδὲ
1471 5696 1712 5767 διαφόρῳ
1744 5697 1810 5749 ἂν

181 5818 184 5821 -
245 5793 442 5861 τρόπῳ
489 5785 557 5859 ἦν
582 5790 754 5843 αίτιον
775 5790 835 5844 τὸ
872 5789 1069 5844 αἴτιον.

1844 4517 1896 4575 D

1926 3577 1946 3611 ι
1985 3562 2301 3631 unigenitus
2346 3564 2520 3620 Filius
2580 3583 2688 3622 una
2737 3585 2864 3623 cum
2922 3571 3085 3625 Patre
3138 3573 3489 3644 intelligitur.

1929 3668 1948 3702 ι
1982 3668 2078 3721 per
2109 3655 2284 3723 ipsum
2309 3665 2364 3710 et
2393 3672 2516 3710 cum
2555 3659 2675 3727 ipso
2700 3669 2992 3729 antequam
3022 3665 3183 3719 inane
3206 3675 3261 3718 et
3281 3668 3498 3737 absque

1926 3762 1944 3793 ι
1981 3745 2087 3797 ulla
2135 3746 2492 3802 subsistentia
2541 3751 2838 3804 intellectio
2891 3753 3256 3817 intermediet,
3304 3759 3490 3813 statim

1927 3851 1946 3883 ι
1985 3833 2222 3901 Spiritus
2253 3847 2480 3892 sanctus
2524 3839 2816 3907 conjuncte
2844 3843 3172 3910 concipitur,
3220 3861 3328 3899 non
3371 3860 3493 3916 post

1929 3942 1948 3974 ί
1988 3924 2185 3978 Filium
2236 3929 2536 3982 secundum
2589 3931 2964 3985 exsistentiam
3027 3937 3298 4002 posterior
3351 3948 3489 3990 tent-

1929 4032 1948 4064 ι
1983 4029 2132 4080 pore.
2178 4014 2248 4070 Ut
2282 4017 2468 4085 aliquo
2503 4029 2747 4088 tempore
2791 4019 3112 4090 Unigenitus
3143 4035 3266 4079 ante
3310 4025 3488 4094 Spiri-

1927 4125 1946 4158 ι
1984 4116 2096 4159 tum
2159 4107 2625 4178 pragintelligatur.
2694 4111 2800 4165 Sed
2866 4129 2930 4166 ex
2994 4130 3178 4168 rerum
3244 4119 3490 4172 omnium

1927 4216 1946 4248 ι
1987 4213 2153 4252 causa
2185 4199 2296 4253 Deo
2324 4208 2379 4254 et
2413 4199 2530 4269 ipse
2573 4202 2908 4272 principium
2950 4207 3032 4259 sui
3067 4207 3294 4272 habens,
3343 4211 3489 4264 unde

1927 4305 1946 4338 ς
1985 4297 2038 4342 et
2080 4289 2419 4358 unigenitum
2466 4291 2650 4347 lumen
2687 4303 2791 4359 est,
2835 4297 2928 4365 qui
2958 4312 3054 4365 per
3085 4312 3270 4350 verum
3304 4299 3490 4356 lumen

1925 4395 1942 4428 ι
1981 4379 2170 4432 eluxit.
2207 4396 2226 4428 ι

2502 4488 2604 4542 Ani
2611 4493 2924 4546 madversio.

1998 4596 2016 4627 ι
2051 4575 2309 4631 Eamdem
2356 4577 2445 4633 hic
2476 4595 2693 4649 quoque
2734 4583 2969 4652 accipito
2999 4586 3324 4655 doctrinam,
3358 4606 3489 4646 cau-

1925 4685 1945 4718 o
1981 4683 2098 4722 sam
2131 4669 2414 4738 utriusque
2438 4668 2561 4728 Filii
2593 4687 2787 4742 nempe
2813 4683 2865 4728 et
2886 4673 3125 4744 Spiritus
3156 4678 3366 4734 Patrem
3392 4683 3492 4763 bit:

1925 4777 1944 4812 ι
1981 4761 2200 4830 evulgat
2229 4778 2242 4814 :
2272 4771 2326 4814 et
2351 4775 2416 4816 ex
2452 4761 2580 4824 Deo.
2614 4779 2720 4819 non
2746 4780 2810 4818 ex
2845 4764 3007 4832 Filio,
3041 4771 3136 4824 sed
3171 4787 3264 4841 per
3291 4761 3490 4828 Filium

1925 4872 1942 4905 ι
1983 4851 2244 4922 Spiritum
2279 4853 2518 4910 eluxisse
2547 4855 2808 4909 insinuat.
2843 4875 2862 4908 ι

2559 5054 2846 5123 Refutalio.

1993 5145 2228 5199 Causam
2266 5145 2453 5214 utique
2501 5147 2790 5216 utriusque
2821 5147 2941 5203 Filii
2991 5165 3188 5220 nempe
3216 5163 3270 5206 et
3316 5155 3492 5222 Spiri-

1922 5243 2012 5290 tus
2055 5237 2304 5305 apposita
2352 5237 2604 5306 pericope
2652 5239 2866 5293 Patrem
2914 5243 3196 5310 praedicat,
3245 5249 3336 5298 sed
3386 5250 3495 5299 alio

1923 5338 2085 5396 atque
2127 5328 2234 5381 alio
2267 5329 2448 5390 modo,
2481 5327 2601 5382 Filii
2655 5331 2724 5384 ob
2764 5335 3198 5396 continuitatem,
3253 5338 3491 5405 Spiritus

1922 5434 2020 5488 per
2052 5418 2274 5473 Filium.
2302 5420 2368 5473 Et
2399 5423 2500 5475 hoc
2533 5421 2825 5477 discrimen
2867 5435 3218 5478 causatorum
3260 5428 3495 5484 alterum

1924 5527 1988 5564 ex
2017 5511 2134 5565 solo
2159 5510 2315 5564 Patre
2343 5513 2606 5577 insinuat,
2637 5515 2866 5567 alterum
2900 5531 2964 5567 ex
2991 5524 3248 5585 utroque.
3281 5517 3492 5573 Etenim

1925 5603 1969 5658 si
2004 5605 2166 5657 ambo
2215 5613 2442 5656 causata
2484 5620 2547 5656 ex
2595 5606 2714 5656 solo
2738 5606 2897 5660 Patre
2938 5618 3141 5671 essent,
3176 5624 3342 5663 causa
3382 5626 3491 5670 non

1925 5706 2070 5752 esset
2105 5698 2316 5752 diverso
2350 5701 2506 5752 modo
2531 5712 2718 5750 causa.
