3958 6400
443 367 564 443 ,559
1483 366 1696 427 JOAN.
1738 365 1955 429 VECCI
1997 376 2006 424 t

2150 372 2651 435 PATRIARCHE
3590 380 3698 444 560

1086 472 1173 526 Ea:
1204 472 1402 527 eodem.
2058 478 2111 540 Α
2341 491 2344 494 ’
2637 484 2649 503 ’

2058 478 2111 540 Α
2341 491 2344 494 ’
2637 484 2740 535 Ἐκ
2774 481 2880 536 τοῦ
2920 481 3131 538 αὐτοῦ.

532 562 719 617 CXIII.
770 582 789 617 ι
823 563 940 617 Νοη
970 570 1180 632 oportet
1214 563 1433 632 imagini
1457 564 1758 619 servientes
1783 565 2026 634 praebere

2199 568 2343 626 PII".
2383 588 2402 622 ι
2443 573 2520 625 Οὐ
2541 572 2648 643 γάρ
2689 573 2904 645 ἀνάγκη
2960 574 3108 645 πάσῃ
3150 576 3218 645 τῇ
3272 573 3443 629 εἰκόνι
3477 574 3701 629 δουλεύ-

469 672 486 705 ι
525 654 1010 709 calumniatoribus
1048 668 1236 709 ansam
1273 654 1327 706 in
1359 654 1593 722 exempli
1631 655 2022 710 imbecillitate.

2140 680 2156 713 t
2191 679 2350 724 οντας
2377 662 2562 717 δοῦναι
2591 664 2705 727 τοῖς
2731 664 3095 734 συκοφάνταις
3151 665 3322 736 λαὸὴν
3374 668 3434 720 ὲν
3487 669 3557 738 τῇ
3600 667 3703 721 τοῦ

469 765 485 795 ι
524 744 639 797 Non
673 744 885 798 radium
912 755 975 797 ex
1004 744 1117 798 sole
1146 743 1532 812 intelligemus,
1559 746 1655 800 sed
1692 760 1759 799 ex
1785 747 2026 815 ingenito

2141 769 2153 802 ι
2199 752 2597 823 ὑπώείγματος
2623 755 2833 826 ἀτονία.
2858 757 2995 829 Οὐχὶ
3034 759 3233 812 ἀκτῖνα
3260 756 3318 825 ἐξ
3347 756 3508 829 ήλίου
3566 761 3704 829 νοή-

469 852 486 884 ι
525 834 637 888 sole
684 833 851 887 alium
901 833 1095 897 solem,
1141 831 1338 889 Filium
1388 835 1597 890 scilicet
1647 837 1811 892 simul
1850 839 2025 908 prima

2141 863 2155 896 t
2191 861 2382 914 σομεν,
2408 845 2538 899 ἀλλ’
2579 846 2637 914 ἐξ
2667 848 2963 919 ἀγεννήτου
3000 848 3153 917 ἡλίου
3176 846 3338 902 ἄλλον
3357 832 3530 917 ἥλιον,
3556 847 3704 917 ὁμοῦ

473 941 491 975 ι
530 923 899 978 iutellectione
925 938 1018 993 per
1047 925 1453 994 generationem
1485 942 1592 980 una
1638 943 1763 982 cum
1792 929 1913 998 ipso
1947 930 2027 984 el-

2143 950 2154 985 t
2193 936 2257 1003 τῇ
2294 933 2485 1005 πρώτῃ
2528 934 2744 1003 ἐπινοίᾳ
2776 933 3051 1004 γεννητῶς
3092 931 3566 1002 συνεκλάμποντα,
3599 932 3706 985 καὶ

465 1032 485 1066 ι
522 1014 847 1087 fulgentem,
894 1018 1179 1086 eidemque
1218 1032 1315 1087 per
1363 1020 1546 1074 omnia
1597 1021 1859 1090 aequalem
1903 1022 2024 1090 pul-

2139 1044 2151 1076 ι
2192 1026 2332 1080 κατὰ
2371 1025 2546 1080 πάντα
2601 1026 2866 1090 ὡσαύτως
2925 1026 3122 1096 ἔχοντα
3170 1023 3381 1089 κάλλει,
3435 1023 3702 1092 δυνάμει,

476 1127 495 1159 ‹
530 1109 859 1174 chritudine,
897 1110 1098 1163 virtute
1125 1147 1140 1172 ,
1206 1110 1496 1178 splendore
1523 1153 1538 1178 ,
1607 1113 1979 1182 magnitudine
2005 1154 2022 1179 ,

2143 1134 2151 1167 ι
2195 1117 2519 1188 λαμπηδόνι,
2546 1116 2788 1187 μεγέθει,
2818 1116 3163 1188 φαιδρότητι,
3185 1116 3280 1168 καὶ
3308 1115 3476 1167 πᾶσιν
3504 1112 3706 1175 ἁπλῶς

465 1217 484 1250 ι
521 1198 790 1265 claritate,
822 1210 876 1256 et
907 1216 1017 1255 uno
1047 1201 1212 1255 verbo
1254 1202 1511 1258 omnibus
1564 1220 1687 1274 quae
1711 1206 1816 1260 soli
1845 1205 2024 1262 inesse

2144 1226 2149 1260 ι
2190 1211 2300 1271 τοῖς
2317 1225 2383 1260 πε
2394 1210 2447 1278 pl.
2475 1209 2565 1262 τὸν
2589 1208 2744 1278 ἥλιον
2768 1207 3184 1277 θεωρουμένοις,
3208 1203 3306 1258 καὶ
3323 1188 3484 1257 πάλιν
3503 1202 3707 1274 ἕτερον

464 1310 483 1343 ι
520 1300 824 1348 cernuntur
855 1308 871 1346 :
901 1300 957 1347 et
999 1308 1191 1348 rursus
1235 1294 1382 1349 aliud
1415 1296 1595 1351 simile
1623 1297 1802 1352 lumen
1846 1299 2024 1369 Spiri-

2145 1319 2149 1350 ι
2195 1299 2432 1353 τοιοῦτον
2461 1300 2598 1369 φῶς,
2625 1300 2767 1354 κατὰ
2796 1299 2888 1353 τὸν
2910 1300 3073 1353 αὐτὸν
3103 1297 3324 1369 τρόπον,
3356 1296 3418 1349 οὐ
3457 1295 3708 1367 χρονικῷ

463 1401 483 1435 ι
520 1392 635 1438 tum
667 1384 860 1439 eodem
893 1385 1078 1450 modo,
1108 1402 1215 1440 non
1237 1387 1493 1457 temporis
1518 1390 1704 1459 aliquo
1734 1390 2023 1446 intervallo

2146 1411 2149 1442 ι
2190 1408 2296 1445 τινι
2321 1389 2647 1463 διαστήματι
2670 1390 2764 1444 τοῦ
2804 1389 3068 1461 γεννητοῦ
3104 1389 3281 1457 φωτὸς
3309 1387 3709 1456 ἀποτεμνόμε-

463 1492 482 1527 ι
517 1489 547 1529 a
575 1476 757 1545 genito
802 1476 1009 1530 lumine
1037 1477 1375 1545 dissectum;
1412 1480 1506 1535 sed
1538 1494 1632 1549 per
1663 1480 1795 1536 illud
1844 1482 2024 1553 splen-

2143 1501 2151 1535 ι
2192 1500 2306 1546 νον,
2337 1482 2474 1536 ἀλλὰ
2496 1484 2573 1537 δι’
2621 1481 2788 1536 αὑτοῦ
2828 1484 2926 1553 μὲν
2979 1481 3284 1550 ἐκλάμπον,
3336 1478 3438 1546 τὴν
3488 1477 3546 1532 δὲ
3593 1478 3706 1549 τῆς

463 1583 481 1617 ι
519 1567 673 1632 dens,
708 1580 771 1621 ac
819 1567 1175 1637 hypostaseos
1221 1584 1446 1625 causam
1496 1572 1701 1627 habens
1735 1587 1802 1628 ex
1846 1574 2022 1643 primo

2140 1593 2148 1625 l
2195 1573 2543 1637 ὑποστάσεως
2572 1573 2751 1629 αίτίαν
2775 1574 2900 1643 ἔχον
2942 1574 3010 1625 ἐκ
3064 1569 3158 1624 τοῦ
3183 1567 3540 1637 πρωτοτύπου
3575 1585 3703 1638 (pto-

460 1674 480 1709 ι
511 1656 603 1712 illo
630 1671 693 1713 ac
720 1657 1014 1727 exemplari
1049 1658 1274 1715 lumine.
1310 1678 1328 1711 ι

794 1657 1014 1727 emplari
1049 1658 1274 1715 lumine.
1310 1678 1328 1711 ι
2128 1684 2149 1717 ‹
2192 1665 2303 1729 τός.
2339 1682 2357 1715 ι

1023 1750 1444 1805 Animadversio.
1469 1800 1473 1803 .
2048 1802 2094 1863 Β
2734 1756 3125 1810 Ἐπιστασία.

534 1859 554 1893 ι
584 1843 852 1913 Agnoscis
893 1858 963 1898 ne
1007 1842 1148 1897 hanc
1188 1844 1434 1899 eamdem
1482 1844 1792 1915 pericopem
1829 1857 2018 1899 eadem
2050 1842 2094 1863 ν

2199 1867 2219 1900 ι
2262 1849 2458 1918 Συνίης
2491 1848 2609 1913 πῶς
2639 1850 2733 1902 καὶ
2758 1852 2790 1917 ή
2825 1846 3073 1917 παροῦσα
3101 1845 3399 1917 περικοπὴ,
3442 1843 3512 1897 τά
3538 1842 3689 1896 αὐτὰ

457 1953 475 1984 ι
516 1935 632 2003 ipsa
663 1934 883 1999 docere,
918 1950 1048 2005 quae
1087 1942 1141 1990 et
1186 1943 1345 1989 antea
1372 1937 1549 2005 posita
1577 1937 1780 2003 docuit,
1810 1951 1907 2006 per
1933 1935 2020 1991 Fi-

2134 1958 2147 1992 ι
2194 1943 2260 2011 τῇ
2294 1939 2640 2011 προλαϐούσῃ
2667 1939 2907 1993 διδάσκει
2939 1954 3019 2004 σε,
3045 1938 3135 1990 διὰ
3187 1936 3282 1989 τοῦ
3320 1933 3450 1988 Υίοῦ
3482 1936 3580 2003 μὲν
3604 1935 3697 1987 ὲκε-

455 2040 474 2075 ι
515 2024 649 2077 lium
675 2023 895 2093 quidem
929 2022 1147 2077 elucere
1191 2022 1479 2091 Spiritum.
1512 2036 1579 2077 ex
1611 2023 1790 2092 primo
1818 2020 2018 2075 lumine

2186 2031 2422 2099 λάμπειν
2446 2032 2505 2082 τὸ
2545 2028 2788 2099 Πνεῦμα,
2828 2030 2893 2082 ἐκ
2929 2028 2986 2081 δὲ
3016 2028 3109 2081 τοῦ
3140 2027 3360 2097 πρώτου
3392 2025 3571 2095 φωτὸς
3593 2025 3685 2078 τοῦ
3726 2094 3732 2105 ⁸

455 2134 475 2169 ι
512 2115 670 2172 Patre
699 2116 909 2172 scilicet
932 2130 1153 2171 causam
1182 2115 1381 2172 habere
1405 2116 1747 2171 decernens?
1782 2135 1799 2168 ι

2128 2142 2147 2175 ι
2194 2121 2402 2191 Πατρδς
2462 2120 2726 2191 δηλονότι,
2806 2121 2904 2190 τὴν
2959 2118 3142 2172 αἰτίαν
3205 2118 3353 2187 ἔχειν
3418 2116 3547 2170 αὐτὸ
3595 2116 3679 2168 λέ-

1986 2200 1991 2203 »
2128 2233 2147 2267 t
2193 2229 2397 2283 γουσσ.;
2437 2233 2455 2265 ι

1088 2299 1384 2370 Refutatio.

2729 2302 3112 2369 Αντίρῤησις.

522 2394 659 2451 Vere
694 2395 808 2465 jam
859 2392 1093 2446 adducta
1143 2390 1419 2461 pcricope,
1468 2406 1532 2446 ex
1568 2392 1746 2462 primo
1793 2393 2016 2458 lumine,

2202 2396 2444 2470 Ἀληθῶς
2474 2396 2622 2465 καὶὴ
2654 2396 2880 2466 ρηθετσα
2907 2392 3183 2463 περικοπή
3235 2392 3300 2444 ὲκ
3354 2388 3450 2443 τοῦ
3473 2389 3693 2458 πρώτου

449 2489 607 2543 Patre
633 2487 861 2547 scilicet,
905 2482 1173 2553 Spiritum
1207 2497 1430 2537 causam
1470 2486 1553 2538 sui
1597 2485 1799 2540 habere
1828 2485 2012 2541 decer-

2133 2492 2332 2562 ρωτδς,
2366 2488 2462 2542 τοῦ
2498 2489 2712 2559 Πατρὸς
2742 2486 2985 2556 δηλονότι
3038 2484 3100 2537 τὸ
3122 2482 3350 2552 Πνεῦμα
3375 2481 3475 2552 τὴν
3509 2482 3696 2533 αἰτίαν

448 2583 552 2646 nit,
597 2587 976 2635 verumtamen
1028 2591 1121 2646 per
1152 2574 1373 2641 Filium,
1442 2593 1548 2631 non
1592 2594 1658 2633 ex
1701 2581 1818 2635 solo
1864 2580 2011 2637 Patre

2128 2585 2350 2650 λέγουσα
2380 2580 2545 2650 ἔχειν,
2570 2579 2657 2631 διὰ
2693 2577 2785 2630 τοῦ
2817 2575 2946 2630 Υίοῦ
2974 2575 3053 2641 δὲ,
3072 2576 3173 2628 οὐκ
3225 2577 3290 2627 ὲκ
3342 2574 3506 2644 μόνου
3545 2566 3691 2626 εἶναι

384 2738 397 2753 λ
450 2674 628 2742 ipsum
658 2684 778 2725 esse
804 2666 1136 2722 manifestat.
1164 2677 1176 2693 ι

2119 2670 2252 2723 αὐτὸ
2296 2667 2451 2737 δηλοῖ
2498 2665 2593 2719 τοῦ
2626 2664 2864 2733 Πατρός.

839 2757 922 2811 Ex
947 2757 1185 2810 oratione
1216 2757 1284 2809 ad
1321 2757 1620 2811 Ablabium.

2518 2757 2619 2810 Ἐκ
2642 2755 2751 2810 τοῦ
2780 2754 2932 2823 πρὸς
2972 2752 3296 2808 Ἀὄλάϐιογ.

518 2851 705 2907 CXIV.
753 2870 772 2902 ι
808 2849 942 2903 Nam
984 2848 1097 2903 hoc
1143 2849 1360 2916 quidem
1406 2849 1748 2904 continenter
1803 2858 1856 2904 et
1895 2852 2020 2906 sine

2190 2851 2331 2904 PlA'.
2371 2867 2390 2901 ι
2431 2848 2503 2900 Τὸ
2539 2848 2638 2918 μὲν
2676 2846 2785 2917 γὰρ
2826 2845 3109 2916 προσεχῶς
3143 2846 3207 2898 ὲκ
3228 2841 3324 2897 τοῦ
3353 2840 3601 2914 πρώτου,
3624 2839 3685 2894 τὸ

454 2965 470 2996 ι
511 2945 688 2999 medio
722 2959 787 2998 ex
823 2943 999 3011 primo
1042 2950 1125 2996 cst
1157 2958 1170 2995 :
1207 2941 1311 2995 hoc
1349 2955 1478 2995 vero
1508 2956 1603 3011 per
1633 2940 1709 3007 id,
1742 2943 1885 3012 quod
1917 2944 2017 2998 im-

1807 2943 1885 2997 Iod
1917 2944 2018 2998 im-
2125 2961 2145 2995 ι
2183 2941 2242 2995 δὲ
2273 2939 2364 2994 διὰ
2401 2938 2496 2992 τοῦ
2530 2932 2818 3007 προσεχῶς
2847 2937 2912 2990 ὲκ
2934 2934 3028 2989 τοῦ
3060 2932 3305 3005 πρώτου.
3350 2950 3370 2984 ι

457 3054 474 3087 ι
515 3035 770 3099 mediate,
796 3044 850 3087 et
879 3033 1220 3086 continenter
1248 3040 1328 3084 est
1361 3046 1424 3085 ex
1457 3032 1655 3100 primo.
1695 3050 1715 3083 ι
3292 3021 3297 3025 ’

1015 3121 1435 3173 Animadversio.
2040 3130 2089 3194 ο

2040 3130 2089 3194 c
2721 3116 3103 3174 'Emotaola.

527 3232 546 3263 ι
585 3213 882 3285 Diligenter
925 3212 1065 3265 hanc
1116 3210 1419 3280 pet-icopem
1469 3226 1792 3280 percurrens
1834 3228 2018 3271 conSI-

2200 3228 2220 3262 ι
2273 3205 2579 3278 Ἐπιμελῶς
2606 3205 2709 3277 τὴν
2739 3205 3025 3275 παροῦσαν
3058 3201 3367 3274 περικοπὴν
3396 3202 3688 3276 ἀναγνοὺς⁹

453 3322 473 3353 ι
509 3303 664 3366 dera,
716 3318 781 3358 ex
827 3303 1165 3358 dictionibus
1214 3304 1268 3356 iu
1317 3320 1379 3357 ea
1442 3307 1635 3376 positis
1668 3308 1805 3364 nihil
1849 3311 2016 3376 aliud,

2130 3321 2149 3354 ι
2191 3302 2536 3368 άνὰλόγισαι,
2566 3298 2683 3361 πῶς
2709 3298 2797 3350 διὰ
2855 3296 2965 3351 τῶν
3001 3296 3059 3350 ὲν
3097 3295 3271 3367 ταύτῃ
3300 3292 3500 3357 λέξεων
3538 3293 3689 3345 οὐδὲν

453 3412 472 3442 ι
507 3407 670 3462 quam
717 3409 823 3446 non
863 3407 929 3447 ex
964 3391 1105 3444 Filio
1151 3405 1273 3446 esse
1323 3392 1586 3463 Spiritum
1636 3408 1887 3454 sanctum
1926 3400 2016 3455 do-

2129 3411 2147 3445 t
2189 3392 2374 3462 ἕτερον
2400 3391 2433 3459 ἢ
2464 3390 2523 3443 τὸ
2553 3392 2618 3442 ἐκ
2648 3387 2746 3442 τοῦ
2772 3386 2899 3442 Υίοῦ
2935 3383 3074 3441 εἶναι
3104 3386 3165 3439 τὺ
3196 3384 3423 3455 Πνεῦμα
3445 3383 3689 3437 διδάσκει

460 3500 479 3531 ι
519 3496 667 3548 cere,
717 3483 1060 3538 continenter
1107 3500 1170 3539 ex
1225 3484 1385 3540 Patre
1430 3484 1627 3542 Filium
1671 3490 1877 3559 dicens,
1928 3506 2023 3560 per

2130 3502 2148 3537 t
2261 3482 2433 3552 ἆγιος,
2471 3480 2754 3551 προσεχῶς
2783 3478 2956 3533 είπὼν
2976 3480 3039 3531 ὲκ
3060 3477 3153 3530 τοῦ
3179 3475 3390 3544 Πατρδς
3414 3474 3507 3529 τὸν
3544 3474 3688 3540 Υίδν,

461 3593 478 3623 ι
521 3574 696 3641 ipsum
728 3584 910 3630 autem
937 3575 1197 3644 Spiritum
1228 3594 1295 3634 ex
1326 3578 1501 3634 Patre.
1533 3578 1676 3632 Nihil
1703 3580 1845 3635 enim
1874 3580 2019 3638 aliud

2129 3595 2148 3629 ι
2191 3564 2258 3628 δι’
2286 3574 2451 3627 αὑτοῦ
2472 3573 2528 3626 δὲ
2557 3574 2651 3626 καὶ
2684 3572 2745 3624 τὸ
2780 3571 3007 3640 Πνεῦμα
3038 3571 3102 3624 ὲκ
3126 3568 3221 3622 τοῦ
3257 3566 3492 3637 Πατρός.
3518 3564 3691 3618 Οὐδὲν

458 3687 476 3719 ι
517 3666 825 3736 signiﬁcare
864 3668 996 3721 mihi
1047 3669 1279 3735 videtur,
1315 3671 1419 3726 hoc
1465 3672 1687 3739 quidem
1738 3675 2021 3727 continen-

2129 3687 2147 3721 t
2193 3667 2302 3738 γὰρ
2337 3666 2465 3719 ἄλλο
2497 3665 2784 3735 σημαίνειν
2833 3663 2980 3716 δοκεῖ
3015 3679 3104 3731 μοι
3135 3662 3219 3725 τὸ,
3267 3658 3329 3712 τὸ
3380 3657 3440 3711 δὲ
3475 3657 3567 3710 διὰ
3599 3654 3690 3708 τοῦ

455 3779 474 3812 ι
511 3771 592 3816 ter
622 3775 687 3815 ex
719 3760 895 3830 primo
920 3801 933 3827 ,
963 3776 1127 3831 quam
1162 3777 1269 3817 non
1304 3778 1367 3817 ex
1406 3763 1718 3819 continente
1745 3779 1885 3819 esse.
1924 3783 1942 3814 ο

2129 3778 2148 3811 ι
2198 3757 2481 3830 προσεχῶς
2505 3759 2569 3810 ὲκ
2603 3755 2697 3810 τοῦ
2751 3754 2996 3826 πρώτου,
3030 3751 3206 3820 ἀλλ’ἢ
3256 3750 3316 3803 τὸ
3362 3747 3439 3819 μὴ
3493 3749 3561 3800 ἐκ
3600 3743 3691 3800 τ.ῦ

2132 3866 2150 3898 ι
2196 3845 2479 3917 προσεχῶς
2503 3841 2662 3900 εἶναι.
2707 3864 2726 3896 ι

1082 3945 1376 4015 ΒεῙιιιαιίο.
2718 3932 3112 4002 Ἀντίρῤησις.

523 4032 806 4104 Significat
829 4035 1048 4102 quidem
1078 4052 1320 4106 praesens
1355 4038 1625 4107 pericOpe,
1658 4053 1766 4093 non
1792 4054 1912 4093 esse
1956 4055 2021 4095 ex

2193 4030 2458 4100 Σημαινει
2491 4028 2589 4098 μὲν
2609 4029 2641 4098 ἡ
2664 4025 2910 4096 παροῦσα
2934 4024 3209 4094 περικοπή
3243 4022 3318 4093 μὴ
3342 4015 3481 4074 εἶναι
3511 4022 3579 4074 ἐκ
3602 4017 3692 4072 τοῦ

451 4122 761 4175 continente
810 4120 1122 4193 Spiritum;
1169 4125 1262 4178 sed
1317 4126 1439 4193 quia
1493 4125 1608 4194 ipse
1666 4141 1772 4179 non
1819 4135 1901 4180 est
1952 4142 2014 4180 ex

2129 4121 2406 4191 προσεχῶς
2431 4120 2507 4177 τδ
2526 4116 2774 4188 Πνεῦμα,
2802 4116 2938 4170 ἀλλὰ
2966 4116 3055 4168 διὰ
3092 4114 3152 4167 τὸ
3187 4113 3261 4184 μὴ
3284 4110 3426 4165 εῖναι
3466 4111 3603 4164 αὐτὸ
3632 4112 3692 4163 ἐκ

451 4210 788 4276 continente,
814 4213 977 4266 veluti
1015 4228 1079 4266 ex
1111 4214 1285 4282 prima
1326 4229 1492 4270 causa
1520 4224 1572 4268 et
1596 4216 1883 4284 principio.
1912 4213 2014 4271 Ve-

2126 4210 2219 4263 τοῦ
2256 4209 2563 4280 προσεχῶς,
2604 4208 2680 4272 ὡς
2716 4210 2778 4260 ὲκ
2837 4209 3061 4277 πρώτης
3110 4205 3290 4266 αἰτίας
3335 4203 3429 4255 καὶ
3472 4201 3648 4271 ἀρχῆς
3676 4216 3689 4232 ⁸

453 4310 760 4357 rumtamen
807 4316 901 4371 per
939 4305 1307 4359 continentem
1350 4320 1415 4360 ex
1459 4307 1637 4375 primo
1684 4309 1858 4375 ipsum
1902 4320 2016 4360 esse

2128 4301 2213 4355 διὰ
2233 4301 2289 4354 δὲ
2318 4299 2411 4353 τοῦ
2444 4297 2725 4370 προσεχῶς
2754 4299 2819 4350 ὲκ
2849 4296 2941 4350 τοῦ
2994 4295 3223 4365 πρώτου
3242 4293 3374 4345 αὐτὸ
3419 4287 3566 4345 εἶναι
3598 4308 3691 4358 σῃ·

451 4394 756 4460 declaraus,
800 4396 1089 4452 manifeste
1135 4396 1392 4461 ostendit,
1439 4413 1544 4451 non
1592 4413 1657 4452 ex
1691 4376 2014 4456 solo’nrimc

2129 4392 2413 4462 μαίνουσα,
2436 4391 2586 4459 δηλοῖ
2618 4391 2694 4459 μὴ
2726 4390 2791 4441 ἐκ
2822 4387 2985 4457 μόνου
3008 4385 3103 4438 τοῦ
3130 4385 3347 4455 πρώτου
3372 4378 3516 4437 εἶναι
3540 4383 3691 4436 αὑτό.

454 4485 629 4553 ipsum
674 4499 819 4541 esse.
2054 4472 2098 4525 D

591 4595 847 4664 Eiusdem
891 4613 955 4651 ea:
999 4599 1310 4667 laudatione
1355 4598 1409 4651 in
1439 4606 1883 4667 protomartgrem
2138 4593 2154 4644 ε

2138 4593 2239 4645 Ἐκ
2269 4591 2377 4646 τοῦ
2402 4593 2492 4656 είς
2534 4591 2643 4645 τὸν
2670 4588 3137 4667 πρῳτομάρτυρα
3183 4587 3351 4656 ἅγιον
3380 4586 3693 4653 Στέφανον

1063 4666 1414 4737 Stephanum.
1439 4661 1448 4666 ’
1564 4689 1590 4711 δ
1739 4661 1758 4667 ⁷

1564 4689 1590 4711 ς
1739 4661 1758 4667 ⁷
2753 4661 3059 4729 ἐγκώμιον.

522 4757 685 4814 CXV.
756 4777 775 4809 ι
812 4757 1117 4825 Stephanus
1173 4765 1399 4819 autem,
1450 4769 1574 4809 cum
1636 4760 1786 4807 esset.
1834 4750 2026 4820 plenus

2197 4750 2344 4804 PlE'.
2386 4771 2404 4802 ι
2452 4750 2724 4819 Στέφανος
2774 4752 2854 4813 δὲ,
2885 4750 3101 4819 πλήρης
3148 4748 3469 4815 Πνεΰματος
3516 4745 3692 4812 ἁγίου,

458 4872 476 4904 ι
515 4849 721 4920 Spiritu
758 4857 970 4911 sancto,
1009 4847 1141 4900 vidit
1169 4848 1397 4915 gloriam
1432 4846 1549 4907 Dei,
1586 4854 1641 4897 et
1685 4842 2021 4912 unigenitum

2132 4861 2151 4894 ι
2201 4839 2311 4894 εἶδε
2342 4841 2501 4907 δόξαν
2525 4840 2682 4905 θεοῦ,
2715 4844 2809 4894 καὶ
2839 4844 2931 4894 τὸν
2979 4842 3261 4909 Μονογενῆ
3297 4838 3393 4890 τοῦ
3425 4836 3587 4890 Θεοῦ.
3620 4837 3692 4889 Οὐ

455 4963 474 4995 ι
511 4944 602 4998 Dei
630 4941 844 4996 Filium.
874 4939 993 4993 Non
1024 4939 1169 4997 enim
1219 4937 1335 4991 ﬁeri
1362 4945 1559 5005 potest,
1591 4943 1650 4988 ut
1683 4934 1859 5001 inquit
1884 4932 2017 4987 Pro-

2195 4933 2302 5001 γάρ
2334 4935 2475 4996 ἐστι,
2503 4932 2689 4994 καθώς
2711 4948 2875 5000 φησιν
2899 4935 2926 4983 ὁ
2960 4930 3276 4999 Προφήτης,
3301 4930 3416 4995 φῶς
3439 4927 3692 4996 ὀφθῆναι,
3740 4954 3758 4962 -

454 5055 471 5083 ι
511 5035 692 5104 pheta,
749 5041 807 5085 ut
840 5032 1022 5084 lumen
1061 5029 1331 5091 videatur,
1382 5025 1490 5080 nisi
1548 5025 1603 5078 iu
1638 5024 1847 5078 lumine
1886 5038 2017 5077 con-

2132 5042 2154 5078 ι
2203 5026 2279 5093 μὴ
2310 5026 2366 5077 ἐν
2389 5026 2468 5094 τῷ
2501 5025 2642 5093 φωτὶ
2669 5022 3078 5093 καθορώμενον.
3120 5040 3140 5073 ‹
3187 5019 3278 5073 Ἐν
3314 5020 3429 5088 γὰρ
3450 5018 3530 5089 τῷ
3561 5017 3693 5087 φωτί

454 5144 470 5175 ι
511 5124 815 5193 spiciatur:
856 5138 876 5172 ι
910 5119 964 5174 In
1002 5119 1206 5172 lumine
1234 5116 1401 5179 enim,
1451 5113 1650 5183 inquit,
1688 5121 1783 5166 tuo
1807 5111 2017 5166 videbi-

2136 5136 2153 5168 ι
2197 5133 2313 5180 σου,
2353 5132 2373 5166 ι
2437 5114 2624 5183 φησὶν,
2700 5133 2719 5166 ι
2757 5114 3001 5183 ὀψόμεθα
3050 5112 3185 5180 φῶς.
3238 5129 3257 5161 ι
3306 5111 3421 5163 Οὐκ
3479 5109 3695 5178 ἐνδέχε-

455 5237 474 5266 «
511 5232 631 5270 tuus
654 5216 836 5268 lumen
862 5214 905 5265 '.
943 5229 961 5262 ι
1004 5209 1061 5263 Si
1096 5209 1262 5276 igitur
1291 5219 1400 5259 nou
1433 5204 1536 5259 nisi
1564 5219 1659 5273 per
1685 5204 1867 5258 lumen
1900 5202 2018 5256 ﬁeri

2134 5225 2153 5257 ι
2213 5220 2327 5271 ται,
2363 5206 2516 5275 εἰμὴ
2549 5204 2705 5274 ἐντῷ
2746 5220 2887 5273 φωτι
2927 5204 3181 5270 γενέσθαι
3232 5202 3331 5271 τὴν
3389 5199 3487 5253 τοῦ
3521 5200 3695 5269 φωτὸς

455 5325 472 5358 ι
510 5306 731 5359 luminis
784 5299 1177 5368 contemplatio
1233 5304 1428 5365 potest,
1475 5295 1747 5365 quomodo
1803 5294 1847 5349 si
1895 5295 2018 5363 quis

2139 5316 2157 5349 t
2207 5298 2467 5368 θεωρίαν.
2529 5297 2649 5360 Πῶς
2687 5299 2838 5349 ἐστιν
2871 5296 3080 5349 ἀπιδεῖν
3123 5295 3203 5356 είς
3249 5295 3339 5347 τὸν
3369 5292 3543 5364 ἥλιον,
3596 5292 3697 5355 ἔξω

453 5417 470 5448 ι
512 5409 666 5453 extra
718 5394 901 5449 radios
948 5402 1221 5455 versetur,
1280 5389 1451 5443 solem
1501 5388 1748 5442 contueri
1801 5385 2016 5455 potesti

2137 5406 2156 5439 ι
2199 5388 2307 5441 τῶν
2333 5388 2571 5440 ἀκτίνων
2605 5387 2941 5455 γενόμενον;
3001 5387 3153 5438 Ἐπεὶ
3186 5381 3279 5438 οὖν
3326 5387 3385 5436 ἐν
3434 5383 3513 5453 τῷ
3561 5383 3697 5451 φωτὶ

453 5510 469 5537 ι
510 5489 778 5554 Quoniam
803 5485 970 5553 igitur
1002 5485 1056 5537 in
1083 5483 1292 5537 lumine
1327 5479 1525 5546 Patris,
1561 5483 1664 5534 hoc
1689 5488 1772 5535 est
1808 5481 1859 5532 in
1902 5476 2016 5548 Spi-

2137 5498 2155 5530 ι
2203 5476 2297 5531 τοῦ
2330 5479 2565 5549 Πατρὸς,
2601 5478 2881 5530 τουτέστιν
2906 5480 2964 5529 ὲν
2994 5476 3070 5546 τῷ
3098 5475 3379 5542 Πνεῦματι
3407 5474 3488 5544 τῷ
3535 5476 3691 5540 ἁγιῳ,

454 5598 472 5628 ι
512 5582 615 5632 ritu
644 5587 837 5633 sancto
871 5577 1021 5630 illiue
1051 5573 1377 5643 procedente
1415 5572 1758 5641 unigenitum
1791 5573 2012 5639 conspi-

2138 5589 2158 5622 ι
2203 5571 2279 5641 τῷ
2312 5571 2521 5623 ἐκεῖθεν
2551 5556 3005 5639 ἐκπορευομένῳ,
3037 5568 3098 5621 τὴ
3135 5568 3422 5637 μονογενὲς
3461 5566 3694 5632 καθορᾶ-

519 5736 538 5764 ³
572 5735 713 5787 l‘sal.
747 5749 908 5797 xxxv,
950 5735 1013 5788 10
