3958 6394
448 357 554 423 563

1468 366 1682 430 JOAN.
1722 368 1939 431 YECCI
1977 369 2086 430 CP.
2127 370 2643 437 PATRIARCHA!

3579 391 3685 455 56$

455 486 476 519 σ
514 468 1066 538 supersubstantialia
1093 472 1358 529 exsistere
1389 492 1404 528 :
1434 489 1672 544 quonam
1707 482 1888 529 autem
1920 487 2009 544 pa-

2126 492 2146 527 ι
2195 476 2393 544 λογίων
2420 483 2845 556 παρειλήφαμεν
2871 504 2884 517 '
2901 490 3048 554 ὅπως
3070 492 3127 547 δὲ
3156 492 3331 551 ταῦτά
3360 494 3530 564 ἔστιν,
3557 498 3688 554 οὔτε

453 576 474 609 ο
509 568 601 613 cto
629 574 750 617 sese
774 561 1032 628 habeant,
1070 578 1244 634 neque
1286 564 1468 636 eloqui
1502 579 1679 637 neque
1704 566 2011 637 intelligere

453 667 475 703 ι
509 651 777 708 valemus.
814 671 836 705 ι

1009 746 1434 803 Animadversio.

526 847 549 883 ι
587 826 749 889 Vides
795 834 936 891 hanc
969 852 1185 907 quoque
1223 841 1601 894 auctoritatem
1652 857 1775 897 cum
1809 858 2016 912 praece-

455 935 476 971 ι
512 918 673 976 dente
716 923 963 979 doctrina
1015 929 1392 984 concordare?
1439 938 1494 984 et
1542 929 1753 985 Patrem
1798 933 2014 989 deitatis

454 1027 475 1063 ι
511 1009 739 1077 fontem,
773 1013 968 1069 Filium
1018 1025 1077 1071 et
1120 1016 1381 1087 Spiritum
1419 1018 1565 1073 illius
1618 1021 1881 1087 germina,
1930 1024 2013 1079 vel

448 1120 470 1155 ι
507 1099 695 1168 ﬂores,
745 1105 830 1159 vel
870 1106 1098 1171 lumina,
1131 1115 1391 1178 tanquam
1435 1111 1528 1179 qui
1572 1111 1734 1166 ambo
1777 1126 1844 1166 ex
1904 1130 2010 1170 una

449 1210 471 1243 ι
508 1193 622 1261 illa,
653 1208 881 1265 prorsus
907 1202 1281 1255 asserentem?
1315 1220 1335 1253 ι

1072 1289 1365 1360 Refutatio.

511 1373 591 1428 Ex
620 1389 732 1429 uno
761 1377 980 1445 quidem
1013 1377 1161 1436 fonte
1193 1383 1354 1437 ambo
1382 1396 1607 1443 causata
1633 1388 1745 1456 jam
1774 1388 2007 1444 adducta

430 1464 769 1533 depraedicat
810 1468 1080 1527 doctrina.
1124 1472 1507 1532 Verumtamen
1557 1479 1645 1533 illa
1689 1480 1797 1534 alio
1841 1488 2005 1550 atque

443 1557 553 1611 alio
586 1559 749 1612 modo
778 1576 843 1614 ex
889 1577 997 1615 uno
1029 1562 1124 1618 illo
1167 1564 1317 1636 [ante
1345 1569 1636 1637 provenire
1681 1570 2006 1639 intelligere,

440 1649 747 1716 exemplum
804 1652 907 1709 hoc
966 1670 1069 1710 nec
1129 1657 1312 1713 obstat
1360 1675 1460 1715 nec
1518 1661 1760 1730 impedit.
1816 1663 2006 1731 Neque

440 1738 583 1791 enim
641 1739 751 1803 hic,
796 1751 856 1796 ut
908 1747 1061 1800 multi
1115 1751 1481 1815 contendunt.
1533 1753 1776 1824 germina
1818 1770 1849 1810 a
1897 1754 2013 1809 Deo

439 1838 555 1883 sata
582 1828 754 1884 Filius
784 1843 838 1887 et
864 1833 1100 1901 Spiritus
1136 1851 1547 1911 nuncupantur,
1581 1848 1725 1913 quod
1768 1845 1891 1900 inde
1925 1846 2009 1900 di-

436 1920 596 1975 visim
627 1922 864 1979 discreta
892 1938 1245 1995 enascuntur,
1294 1941 1351 1987 et
1377 1942 1588 1988 tantum
1628 1952 1735 1990 non
1771 1938 2008 1993 invicem

436 2023 714 2082 separata,
749 2025 809 2069 ut
840 2017 895 2070 in
927 2018 1091 2075 rebus
1117 2023 1338 2089 creatis,
1368 2032 1423 2078 et
1454 2028 1642 2082 sensui
1675 2028 2009 2097 subjacenti-

436 2106 540 2160 bus
570 2108 835 2173 cernitur,
891 2110 985 2165 sed
1019 2115 1162 2181 quod
1195 2116 1374 2170 solum
1418 2131 1775 2176 enascantur.
1818 2120 2008 2191 Neque

433 2191 580 2244 enim
616 2192 939 2261 simpliciter
964 2200 1198 2264 causati,
1246 2212 1301 2257 et
1346 2206 1492 2261 modi
1537 2209 1745 2263 causali
1782 2219 2003 2266 senteno

436 2280 567 2333 tiam
604 2282 773 2338 dictio
823 2286 1020 2345 similis
1062 2292 1343 2360 exprimit.
1392 2296 1545 2362 Quod
1586 2299 1746 2368 plane
1802 2302 2008 2356 intelli—

432 2382 582 2440 gent.
643 2377 760 2444 qui,
794 2381 1059 2437 attentius
1122 2392 1360 2441 mentem
1413 2388 1656 2454 ﬁxerint‘,
1711 2394 1857 2461 quod
1918 2394 2008 2450 hic

433 2465 698 2533 originem
748 2469 961 2526 Patrem
1008 2489 1119 2530 non
1168 2480 1464 2544 vocaverit,
1503 2482 1631 2537 licet
1677 2484 1747 2538 ab
1790 2487 1892 2540 hoc
1919 2484 2008 2540 di-

431 2559 587 2612 cendi
629 2562 791 2614 modo
849 2563 902 2618 in
954 2566 1077 2622 aliis
1111 2584 1216 2623 non
1264 2572 1557 2629 abstinuit.
1602 2574 1845 2632 Fontem-
1877 2595 2008 2635 vero

432 2653 654 2710 deitatis
686 2655 899 2712 Patrem
935 2671 1159 2717 sanctus
1195 2679 1543 2734 nuncupatis.
1588 2671 1916 2738 grrminum,
1953 2680 2008 2727 et

433 2742 624 2799 ﬂorum
683 2756 732 2800 et
805 2748 1071 2803 luminum
1122 2754 1365 2817 nomine,
1412 2769 1534 2823 qua:
1583 2755 1709 2810 inde
1754 2758 2008 2811 oriuntur

431 2848 657 2891 causata
700 2839 1073 2895 monitos-tavit
1108 2859 1121 2895 :
1156 2858 1386 2911 quorum
1422 2846 1559 2900 nihil
1604 2848 1901 2901 admodum
1951 2851 2017 2902 in

432 2940 492 2979 se
526 2926 794 2990 continet,
819 2929 965 2997 quod
1005 2930 1138 2984 fonti
1175 2935 1531 3003 proportione
1559 2938 1906 3006 respondeat.
1939 2939 2007 2995 Et

433 3019 523 3073 hic
566 3021 732 3073 etiam
777 3023 952 3091 palam
1016 3023 1095 3088 tit,
1151 3026 1472 3095 simpliciter
1529 3039 1840 3092 causatum,
1895 3046 2002 3085 non

2128 587 2146 620 ι
2199 570 2372 626 εἰπεῖν
2407 572 2530 628 οὔτε
2562 577 2814 648 ὲννοῆσαι
2852 581 3098 638 δυνατόν.
3135 602 3158 637 ι
3252 608 3259 619 ε

2715 771 3088 830 Ἐπιστασία.

2192 871 2211 903 ι
2267 854 2431 924 Ὀρᾷς
2457 858 2523 929 τῇ
2560 859 2910 936 προλαϐούσῃ
2964 865 3282 938 διδασκαλίᾳ
3326 868 3424 921 καὶ
3469 868 3692 940 ταύτην

2123 960 2142 995 ι
2189 947 2543 1016 συνᾲδουσαν,
2563 953 2658 1004 καὶ
2683 952 2774 1006 τὸν
2802 956 2899 1021 μὲν
2925 956 3146 1026 Πατέρα
3166 959 3409 1027 πηγαίαν
3425 959 3691 1031 θεότητα,

2122 1049 2143 1083 ι
2182 1033 2274 1087 τὸν
2299 1035 2356 1089 δὲ
2398 1037 2526 1091 Υιὸν
2553 1040 2741 1094 καὶτὸ
2789 1043 3013 1113 Πνεῦμα
3056 1045 3325 1117 βλαστοὺς
3369 1049 3609 1120 ἐκείνης,
3652 1051 3689 1120 ἤ

2121 1139 2141 1173 ι
2194 1121 2354 1192 ἄνθη,
2390 1123 2423 1193 ἢ
2455 1126 2630 1193 φῶτα,
2658 1128 2735 1192 ὡς
2763 1131 2826 1184 ὲκ
2864 1133 2996 1201 μιᾶς
3036 1133 3257 1198 παντως
3317 1136 3536 1207 ἐκείνης
3582 1141 3693 1193 καὶ

2120 1226 2141 1261 ι
2183 1209 2351 1279 ἄμφω
2383 1214 2800 1285 κηρύττουσανς
2834 1239 2853 1272 ι

2712 1307 3107 1381 Ἀντίρῤησις.

2195 1390 2291 1447 Ἐκ
2325 1394 2459 1463 μιᾶς
2489 1398 2588 1465 μὲν
2610 1399 2797 1469 πηγῆς
2831 1402 2927 1455 καὶ
2959 1404 3129 1472 ἄμφω
3148 1406 3220 1460 τὰ
3251 1408 3476 1463 αίτιατὰ
3517 1410 3623 1464 καὶ
3655 1412 3693 1480 ἡ

2114 1482 2341 1552 ρηθεῐσα
2374 1486 2636 1555 κηρύττει
2668 1489 3007 1547 διδασκαλία.
3056 1494 3204 1564 Πλὴν
3229 1496 3366 1552 ἀλλὰ
3418 1498 3511 1552 τοῦ
3539 1503 3697 1553 νοεῖ-

2114 1574 2238 1629 σθαι
2275 1575 2550 1645 διαφόρως
2603 1580 2743 1633 αὐτὰ
2789 1583 2854 1635 ὲκ
2887 1584 2988 1654 τῆς
3041 1587 3174 1654 μιᾶς
3223 1587 3441 1658 ἐκείνης
3492 1592 3691 1660 πηγῆς

2112 1667 2494 1737 προερχόμενα
2531 1670 2686 1724 οὐδέν
2715 1689 2773 1726 τι
2826 1676 3059 1743 γέγονεν
3091 1678 3345 1747 ἐμποδὼν
3384 1680 3445 1733 τὸ
3494 1681 3691 1750 παρά-

2112 1755 2330 1826 δειγμα.
2364 1760 2438 1812 υύ
2497 1761 2605 1831 γὰρ
2638 1762 2715 1826 ὡς
2757 1766 2807 1817 οἱ
2863 1767 3050 1821 πολλοὶ
3112 1769 3400 1832 βούλονται
3453 1770 3690 1840 βλαστοὶ

2114 1848 2364 1918 θεόφυτοι
2390 1852 2624 1906 ἐνταῦθα
2655 1855 2684 1906 ὁ
2714 1855 2844 1919 Υίδς
2871 1858 2966 1910 καὶ
2998 1859 3062 1912 τὸ
3089 1861 3314 1929 Πνεῦμα
3355 1860 3434 1931 τῷ
3468 1863 3691 1917 εἰπόντι

2112 1941 2251 2011 ἁγίῳ
2280 1941 2701 2012 ὠνομάσθησαν,
2729 1948 2816 1999 διὰ
2859 1948 2922 2000 τὸ
2951 1950 3145 2020 διεχῶς
3183 1952 3392 2007 ἐκεῖθεν
3422 1952 3687 2022 ἐκφῦναι,

2110 2031 2204 2085 καὶ
2241 2026 2354 2085 οἷον
2381 2033 2747 2104 διῃρημένως,
2783 2036 2860 2099 ὡς
2892 2040 3130 2094 ἐνταῦθα
3155 2043 3305 2094 ἐστιν
3335 2043 3425 2096 ὅτε
3469 2045 3528 2096 ὲν
3559 2047 3675 2107 τοῖς

2109 2123 2260 2177 κάτω
2290 2124 2497 2189 τούτοις
2530 2126 2620 2179 καὶ
2661 2129 3002 2199 φαινομένοις
3034 2132 3370 2203 εὑρίσκεται,
3415 2135 3546 2189 ἀλλὰ
3583 2135 3675 2188 διὰ

2112 2214 2273 2284 μόνον
2299 2214 2432 2268 αὐτὸ
2458 2215 2522 2268 τὸ
2566 2217 2820 2285 ἐκφῦναι.
2883 2219 2991 2274 Τοῦ
3038 2222 3147 2293 γὰρ
3181 2224 3371 2287 ἁπλῶς
3405 2224 3683 2290 αἰτιατοῦ,

2108 2304 2204 2357 καὶ
2238 2304 2298 2356 οὐ
2320 2302 2415 2357 τοῦ
2448 2304 2566 2368 πῶς
2602 2306 2848 2359 αἰτιατοῦ
2871 2308 2969 2378 τὴν
2992 2308 3207 2362 ἔννοιαν
3236 2311 3270 2380 ἡ
3326 2311 3474 2377 λέξις
3529 2310 3677 2382 αῦτη

2108 2394 2425 2465 παρίστησι.
2460 2394 2569 2447 Καὶ
2593 2396 2824 2449 συνιδεῖν
2847 2396 2958 2450 ἐστι
2983 2396 3141 2452 τοῦτο
3165 2402 3276 2462 τοῖς
3297 2394 3689 2470 προσεκτιξιιὶο-

2106 2505 2262 2557 τερον
2288 2486 2776 2557 διασκοπουμένοις
2798 2488 2861 2540 ὲκ
2885 2487 2981 2541 τοῦ
3029 2489 3105 2558 μὴ
3132 2489 3287 2560 ῥίζαν
3318 2489 3553 2545 ἐνταῦθα
3586 2492 3689 2545 τὸν

2108 2579 2327 2647 Πατέρα
2362 2577 2570 2639 καλεῖν,
2598 2578 2861 2646 καίτοιγε
2884 2579 3177 2648 εἰρημένον
3198 2579 3371 2643 οὕτως
3393 2583 3452 2633 ὲν
3472 2580 3688 2649 ἄλλοις.

2109 2671 2358 2738 Πηγαίαν
2390 2670 2496 2738 γὰρ
2531 2668 2761 2739 θεότητα
2794 2673 2821 2723 ὁ
2873 2669 3027 2747 ᾷγιος
3061 2670 3156 2724 τὸν
3212 2671 3431 2741 Πατέρα
3484 2671 3688 2735 εἰπὼν,

2107 2761 2182 2829 τῷ
2212 2760 2319 2812 τῶν
2355 2760 2598 2828 βλαστῶν
2630 2761 2723 2812 καὶ
2757 2760 2963 2812 ἀνθέων
2993 2760 3087 2813 καὶ
3117 2760 3312 2828 φώτων
3354 2762 3582 2832 ὀνόματι
3614 2763 3688 2817 τὰ

2107 2848 2317 2899 ἐκεῖθεν
2346 2847 2476 2899 ὄντα
2536 2846 2753 2900 αἰτιωτὰ
2806 2849 3235 2917 παρεδήλωσενσ
3294 2842 3371 2903 ὧν
3403 2850 3559 2902 οὐδὲν
3604 2850 3691 2913 ὡς

2109 2938 2247 3005 πρὸς
2303 2938 2401 3007 τὴν
2438 2937 2623 3007 πηγὴν
2673 2938 2786 3007 ἔχει
2838 2938 3024 3007 σχέσιν
3064 2938 3348 3007 ἀνάλογον.
3390 2941 3503 2993 Καὶ
3560 2942 3684 2994 ἔστι

2105 3028 2263 3097 δῆλον
2289 3029 2539 3083 ἐντεῦθεν
2590 3028 2649 3080 τὺ
2679 3028 2870 3090 ἁπλῶς
2925 3029 3185 3091 αίτιατδν,
3207 3031 3317 3083 uel.
3375 3030 3439 3083 οὐ
3466 3030 3528 3084 τὸ
3558 3030 3687 3093 πῶς

433 3123 560 3162 vero
592 3113 799 3164 causali
838 3112 1059 3167 modum
1103 3115 1206 3168 hoc
1254 3116 1307 3168 in
1352 3116 1474 3171 loco
1519 3128 1771 3173 sanctum
1813 3122 2001 3188 expri-

2118 3121 2347 3172 κίτιατδν
2413 3118 2705 3187 ἐμφαίνειν
2760 3117 2999 3172 ἐνταῦθα
3051 3119 3142 3172 τὸν
3197 3120 3375 3186 ἅγιον,
3425 3120 3597 3189 μηδέν
3629 3137 3685 3174 τι

432 3216 599 3265 ntere,
632 3217 756 3257 cum
790 3204 897 3258 alia
918 3207 1127 3276 scripto
1163 3209 1365 3263 tradita
1394 3209 1674 3264 dictonon
1704 3212 2004 3280 reprohon-

431 3300 544 3353 tur.
576 3310 695 3363 quae
723 3296 798 3350 uti
831 3311 952 3351 sese
983 3298 1222 3353 habeant
1243 3309 1464 3354 causata
1497 3301 1640 3354 inter
1673 3317 1754 3364 se,
1786 3311 1845 3355 et
1871 3318 2000 3371 erga

431 3401 654 3439 causam
710 3385 1109 3452 demonstrant,
1167 3390 1468 3443 asserentia
1517 3406 1662 3444 nunc
1727 3392 2003 3459 quidem:

448 3495 467 3526 ‹
504 3473 619 3529 Hoc
651 3475 871 3543 quidem
915 3479 1177 3546 contigue
1225 3494 1289 3532 ex
1324 3478 1505 3547 primo
1528 3518 1544 3542 ,
1599 3482 1701 3534 hoc
1731 3496 1861 3535 vero
1910 3498 2006 3551 per

433 3567 585 3630 illud,
615 3567 761 3635 quod
785 3570 1041 3639 contigue
1063 3579 1236 3625 estex
1263 3571 1477 3639 primo:
1509 3589 1527 3623 ι
1561 3587 1707 3628 nunc
1734 3586 1750 3626 :
1781 3592 1798 3624 ι
1828 3573 2019 3643 Ιηιιιεοι

433 3659 618 3713 Patris
666 3658 862 3725 Filius,
895 3661 1075 3729 imago
1120 3676 1247 3716 vero
1279 3661 1402 3715 Filii
1439 3662 1698 3732 Spiritus.
1736 3683 1759 3716 ιν
1791 3663 1855 3716 Et
1900 3665 2004 3718 ite-

432 3764 554 3802 rum
582 3767 597 3803 :
632 3767 651 3800 ι
693 3748 864 3804 Filius
892 3748 1115 3813 quidem
1144 3749 1600 3823 operatiolPatris
1631 3758 1734 3815 est,
1766 3751 2019 3820 Spiritus.

431 3855 563 3894 vero
606 3841 852 3910 operatio
886 3841 1007 3894 Filii
1043 3858 1056 3895 :
1100 3859 1119 3893 ι
1171 3850 1225 3895 et
1256 3857 1270 3895 :
1301 3861 1319 3892 ι
1360 3841 1535 3896 Filius
1567 3842 1786 3911 quidem
1838 3842 2006 3895 facies

433 3932 632 3997 Patris,
671 3933 912 4002 Spiritus
943 3947 1071 4001 vero
1102 3931 1270 3987 facies
1294 3931 1413 3999 Filii
1443 3951 1458 3987 :
1496 3951 1515 3984 ι
1548 3944 1601 3987 et
1632 3933 1760 3997 alia,
1804 3932 2003 4002 quibus

435 4023 728 4079 manifesto
779 4024 1150 4088 concluditur,
1197 4039 1308 4077 non
1364 4024 1702 4089 immediate,
1749 4025 1845 4079 sed
1910 4039 2006 4094 per

432 4115 631 4169 Filium
663 4130 786 4170 esse
819 4114 1087 4183 Spiritum
1123 4130 1187 4169 ex
1218 4115 1404 4171 Patre.

439 4229 692 4297 Eiusdem
746 4243 812 4283 ea:
857 4228 1100 4303 Epistula
1154 4229 1222 4303 ad
1266 4228 1615 4303 ,Timotlreum
1659 4230 1723 4285 de
1784 4232 2007 4303 mystica

955 4299 1235 4370 theologia,
1268 4317 1385 4369 cap.
1421 4302 1478 4355 ὃ.

2106 3210 2216 3262 τῶν
2245 3210 2423 3263 ἄλλων
2446 3209 3003 3279 ἀποδοκιμαζομένων
3055 3210 3348 3281 γραφικῶν
3397 3213 3683 3282 χρήσεων,

2108 3301 2333 3361 αἵτινες,
2364 3301 2513 3361 ὅπως
2552 3299 2737 3368 ἔχουσι
2771 3299 2838 3351 τὰ
2864 3290 3083 3369 αἰτιατὰ
3111 3300 3248 3369 πρός
3268 3316 3328 3352 τε
3352 3299 3563 3369 ἄλληλα
3585 3304 3688 3357 καὶ

2109 3391 2245 3458 πρὸς
2274 3391 2334 3441 τὸ
2368 3388 2541 3442 αἴτιον
2568 3389 2950 3456 ἐμφαίνουσα,
2979 3388 3073 3441 νῦν
3099 3389 3196 3455 μὲν
3220 3388 3403 3456 ἔλεγον
3432 3406 3452 3439 ι
3486 3388 3563 3441 Τδ
3584 3390 3688 3455 μὲν

2108 3481 2390 3550 προσεχῶς
2418 3482 2491 3533 ἐκ
2515 3477 2605 3532 τοῦ
2640 3478 2878 3548 πρώτου,
2905 3479 2964 3532 τὸ
3002 3479 3058 3532 δὲ
3094 3479 3185 3532 διὰ
3240 3477 3333 3532 τοῦ
3387 3478 3685 3548 προσεχῶς

2108 3576 2171 3625 ἐκ
2207 3572 2300 3626 τοῦ
2323 3573 2557 3641 πρώτου·
2585 3571 2682 3623 νῦν
2718 3571 2774 3623 δὲ
2800 3570 2874 3631 ὡς
2910 3588 2930 3622 ι
2963 3569 3139 3623 Είκὼν
3172 3571 3270 3640 μὲν
3293 3570 3388 3623 τοῦ
3411 3571 3624 3638 Πατρδς
3655 3572 3686 3623 ὁ

2108 3663 2258 3725 Υἱὸς,
2291 3660 2456 3713 εἰκὼν
2491 3660 2546 3712 δὲ
2583 3658 2678 3712 τοῦ
2708 3659 2840 3711 Υίοῦ
2866 3659 2926 3712 τὺ
2953 3657 3202 3727 Πνεῦμα.
3255 3676 3272 3710 ι
3313 3659 3425 3712 Καὶ
3458 3659 3625 3712 πάλιν
3656 3658 3688 3710 ὁ

2109 3752 2211 3821 μὲν
2250 3752 2376 3815 Υίδς
2408 3752 2658 3818 ἐνέργεια
2686 3749 2780 3802 τοῦ
2826 3751 3060 3818 Πατρὸς.
3090 3750 3152 3801 τὸ
3174 3748 3241 3803 δὲι
3262 3747 3489 3816 Πνεῦμα
3533 3748 3690 3817 ἐνέρ-

2106 3858 2232 3909 γεια
2263 3840 2358 3894 τοῦ
2382 3841 2536 3907 Υίοῦ,
2558 3842 2651 3895 καὶ
2676 3843 2704 3895 6
2729 3842 2827 3911 μὲν
2849 3842 2976 3904 Υἱὸς
3010 3840 3304 3910 πρόσωπον
3326 3837 3420 3890 τοῦ
3443 3839 3684 3908 Πατρὸς,

2105 3932 2167 3984 τὸ
2195 3932 2252 3985 δὲ
2284 3933 2511 4000 Πνεῦμα
2547 3933 2837 3999 πρόσωπον
2871 3931 2967 3985 τοῦ
2998 3930 3152 3994 Υίοῦ,
3199 3930 3294 3983 καὶ
3326 3928 3395 3982 τὰ
3435 3928 3597 3993 ἄλλα,
3627 3929 3685 3994 ἐξ

2082 4016 2187 4077 .ὧν
2213 4023 2570 4091 ἀναφαίνεται
2591 4022 2651 4075 τδ
2682 4023 2756 4091 μὴ
2809 4022 3050 4090 ἀμέσως,
3100 4019 3239 4074 ἀλλὰ
3284 4019 3374 4072 διὰ
3408 4018 3510 4072 τοῦ
3548 4018 3683 4072 Υίοῦ

2108 4105 2248 4165 εἶναι
2273 4110 2333 4163 τὸ
2354 4110 2579 4180 Πνεῦμα
2605 4113 2670 4163 ὲκ
2692 4109 2786 4162 τοῦ
2818 4110 3056 4178 Πατρός.

2113 4219 2224 4276 Τοῦ
2255 4221 2442 4298 αὐτοῦ
2469 4221 2588 4298 duo
2604 4220 2711 4298 τοῦ
2728 4220 2841 4298 ζῇς
2869 4220 3002 4298 περ)
3025 4218 3334 4298 μοστικῆς
3349 4218 3682 4298 ,θεολογίας
3730 4290 3741 4297 _

2177 4291 2332 4358 πρὸς
2361 4291 2468 4343 τὸν
2519 4291 2707 4344 αὐτὸν
2739 4289 3024 4360 Τιμόθεον
3078 4289 3433 4354 ἐπιστολῆς,
3476 4289 3680 4356 τρίτου

2178 4362 2540 4428 κεφαλαίου.
2580 4398 2583 4399 ν

504 4482 734 4539 cxvut.
783 4503 801 4535 ι
834 4482 891 4536 ιη
922 4482 1241 4552 ιιιροιοςῑοῑε
1269 4450 1489 4550 quidem
1517 4482 1999 4539 informationibus

2176 4470 2327 4528 PIH'.
2363 4490 2384 4525 ι
2425 4474 2514 4527 Ἐν
2540 4472 2642 4543 μὲν
2668 4473 2768 4527 οῦν
2793 4475 2909 4537 ταῖς
2933 4470 3272 4541 θεολογικαῖς
3295 4470 3680 4524 ὑποτυπώσεσι

442 4596 463 4630 ι
505 4592 592 4641 ea,
627 4556 1097 4645 quae’atlirmantis
1129 4575 1415 4645 theologia
1441 4577 1656 4645 propria
1703 4587 1833 4631 sunt
1863 4578 2009 4631 cele-

441 4684 461 4718 ι
499 4666 819 4730 bravimus;
856 4664 1132 4733 quomodo
1165 4665 1349 4720 divina
1386 4666 1638 4734 bonaque
1671 4675 1866 4720 natura
1900 4682 2025 4721 uua.

447 4778 465 4810 ι
502 4758 760 4813 dicatur.
807 4756 1082 4824 quomodo
1140 4756 1324 4821 trina;
1388 4771 1641 4825 quaenam
1701 4758 2006 4815 secundum

445 4869 463 4899 ι
503 4836 650 4903 illam
700 4845 1007 4901 Paternitas
1051 4847 1266 4903 dicatur
1293 4885 1308 4908 ,
1365 4854 1420 4899 et
1452 4861 1702 4915 qureoatn
1751 4846 2004 4916 Filiatio,

447 4962 466 4994 ι
503 4941 702 5010 quidve
735 4939 863 4993 velit
904 4940 1006 4994 sibi
1055 4940 1146 4995 illa
1176 4939 1365 4995 divina
1398 4937 1639 5007 Spiritus
1682 4939 2008 4996 denomina-

448 5050 468 5084 ι
505 5031 581 5086 tio
611 5048 626 5085 :
663 5028 941 5100 quomodo
962 5043 1029 5084 ex
1054 5027 1428 5094 immateriali,
1454 5036 1508 5082 et
1536 5027 1818 5085 individuo
1842 5029 2011 5085 modo

446 5143 473 5177 ι.
505 5123 766 5180 cordialia
802 5123 903 5178 ista
947 5121 1210 5178 bonitatis
1244 5121 1454 5175 lumina
1485 5120 1828 5190 pullularint.
1862 5131 1918 5177 et
1953 5123 2009 5176 in

449 5236 467 5267 ι
507 5216 647 5284 ipso,
701 5224 755 5270 et
802 5215 856 5268 in
899 5227 959 5269 se
1004 5213 1158 5282 ipsis.
1195 5219 1251 5266 et
1290 5211 1346 5265 in
1395 5226 1455 5266 se
1506 5221 2025 5268 mutuoeoaaterna-

449 5326 466 5359 ι
508 5304 887 5376 propagationi
950 5303 1238 5358 mansione
1311 5317 1582 5373 nusquam
1656 5303 2016 5375 digrediendo

454 5417 468 5451 ι
510 5395 929 5468 permanserint.
965 5413 986 5446 ι

1027 5485 1065 5540 Α
1077 5487 1449 5544 nimadversio.

525 5598 542 5630 ι
579 5578 717 5635 Nota
765 5576 929 5631 etiam
982 5577 1073 5632 hic
1117 5593 1182 5633 ex
1232 5578 1578 5635 immateriali
1623 5589 1676 5636 et
1730 5579 2018 5635 individuo

455 5688 474 5722 ι
514 5671 654 5725 bono
682 5670 846 5724 ambo
875 5669 1132 5726 cordialia
1162 5671 1369 5728 lumina
1398 5672 1718 5743 pullulasse,
1748 5689 1855 5728 non
1892 5687 2020 5729 vero

465 5784 484 5813 ι
522 5776 690 5817 unum
729 5777 796 5817 ex
826 5761 1062 5820 duobus.
1102 5781 1121 5816 ι

2117 4583 2137 4616 ι
2173 4563 2241 4617 τὰ
2264 4563 2577 4635 κυριώτατα
2600 4564 2699 4633 τῆς
2723 4562 3105 4631 καταφπικῆς
3131 4560 3410 4630 θεολογίας
3433 4561 3686 4632 ὑμνήσα-

2116 4673 2136 4708 ι
2184 4669 2318 4724 μενο
2345 4654 2460 4716 πῶς
2488 4656 2522 4724 ἡ
2559 4654 2678 4708 θεία
2711 4655 2808 4708 καὶ
2839 4654 3018 4724 ἀγαθὴ
3049 4653 3213 4720 φύσις
3256 4650 3417 4722 ἑνικὴ
3441 4652 3684 4718 λέγεται,

2115 4767 2135 4799 ι
2186 4747 2303 4809 πῶς
2335 4748 2612 4817 τριαδικὴ,
2638 4747 2722 4812 τίς
2747 4749 2779 4818 ἡ
2806 4746 2927 4800 κατ’
2960 4746 3129 4817 αὐτὴν
3159 4745 3428 4815 λεγομένη
3468 4744 3687 4814 Πατρό-

2117 4858 2136 4891 ι
2178 4856 2279 4909 της
2304 4855 2363 4891 τε
2389 4839 2482 4891 καὶ
2512 4838 2810 4907 Υίότης,τί
2840 4837 3090 4907 βούλεται
3115 4835 3310 4905 δηλοῦν
3331 4838 3365 4904 ἡ
3386 4835 3482 4890 τοῦ
3518 4832 3691 4888 Πνεὺο

2120 4949 2139 4982 ι
2190 4946 2360 4999 ματος
2396 4928 2668 4994 θεολογία,
2705 4928 2820 4990 πῶς
2849 4929 2914 4981 ὲκ
2967 4927 3063 4980 τοῦ
3103 4920 3266 4980 ἁΰλού
3296 4926 3394 4979 καὶ
3442 4924 3691 4994 ἀμεροῦς

2118 5040 2139 5075 σ
2187 5020 2395 5088 ἀγαθοῦ
2425 5020 2495 5073 τὰ
2518 5019 2785 5088 ἐγκάρδια
2804 5019 2902 5086 τῆς
2924 5018 3264 5087 ἁταθότητος
3312 5015 3479 5084 ἐξέφυ
3509 5017 3687 5083 φῶτα,

2120 5133 2139 5167 ι
2180 5115 2276 5167 καὶ
2307 5112 2409 5182 τῆς
2440 5112 2501 5166 ὲν
2530 5110 2679 5181 αὐτῷ
2702 5128 2761 5163 τε
2785 5109 2882 5163 καὶ
2917 5112 2973 5163 ἐν
2996 5110 3177 5170 αὐτοῖς
3209 5108 3302 5163 καὶ
3338 5110 3396 5160 ὲν
3428 5106 3686 5177 ἀλλήλοις

2123 5225 2141 5257 ι
2184 5205 2460 5258 συναῖδίου
2491 5202 3001 5274 τῇῖάναδλαστησει
3039 5202 3207 5273 μονῆς
3258 5202 3690 5271 ἀπομεμένηκεν

2124 5315 2142 5347 ι
2184 5293 2575 5366 ἀνεκφοίτητα.
2620 5313 2639 5346 ι
2848 5292 2853 5299 ’

2697 5480 3083 5534 Ἐπιστασ[α.

2196 5593 2215 5624 ι
2263 5572 2576 5643 Σημείωσαι
2600 5569 2879 5624 κάνταῦθα
2907 5571 2989 5623 ὅτι
3021 5572 3084 5623 ὲκ
3108 5568 3202 5622 τοῦ
3233 5568 3399 5622 αΰλου
3429 5566 3526 5623 καὶ
3551 5567 3682 5637 ἅμα·

2126 5688 2143 5719 ι
2196 5666 2321 5737 ροῦς
2347 5661 2572 5733 ἀγαθοῦ,
2608 5662 2701 5716 καὶ
2725 5663 2893 5731 ἄμφω
2924 5662 2993 5714 τὰ
3022 5661 3287 5733 ἑγκάρδια
3312 5659 3475 5731 ἐξέφυ
3510 5657 3682 5728 φῶτα,

2132 5778 2151 5810 ι
2195 5759 2253 5811 οὐ
2292 5757 2401 5827 μὴν
2427 5755 2487 5808 τὸ
2514 5754 2571 5808 ἓν
2603 5755 2665 5809 ὲκ
2688 5753 2794 5808 τῶν
2824 5750 2935 5807 δύο.
2986 5770 3007 5805 ι
