3958 6394
247 395 352 457 565

843 511 1237 578 Ἀντιξῤῥησις.

321 601 536 669 Ὠσπερ
559 598 706 654 ἐστὶν
740 600 958 670 ἀληθὲς,
989 602 1079 654 κα)⁵
1107 601 1204 668 τὴν
1239 600 1339 670 ἥεη
1374 599 1630 670 ῥηθεῖσαν
1661 617 1819 670 περι-

249 691 426 760 κοπὴν
456 689 652 759 δηλοῦν
672 692 736 742 ἐκ
759 690 850 742 τοῦ
881 691 1043 743 ἑώλου
1073 696 1165 742 καὶ
1204 690 1444 758 ἀμεροῦς
1480 688 1686 758 ἀγαθοῦ
1722 690 1818 742 καὶ

246 783 418 850 ἄμφω
445 779 515 832 τὰ
547 779 811 850 ὲγκὰρδια
850 779 1081 849 ἐκφῦναι
1110 779 1285 846 φῶτα,
1315 779 1490 842 οὕτως
1518 781 1666 832 ἐστὶν
1691 780 1822 850 ἀληο

247 872 340 934 θὲς
381 871 672 939 δηλοῦσθαι
723 874 819 926 καὶ
854 872 914 936 ἐξ
967 871 1167 936 αὐτῆς,
1199 871 1386 940 ὥσπερ
1433 870 1529 925 οὖν
1581 874 1691 924 κάκ
1723 871 1822 940 τῆς

245 961 683 1033 προρῤηθείσης,
714 963 788 1026 ὡς
813 965 840 1016 6
873 961 1026 1030 ἅγιος
1056 965 1118 1016 τὸ
1142 963 1326 1026 ἁπλῶς
1359 963 1602 1016 αἱτιατὸν
1631 965 1695 1015 ἐκ
1724 963 1819 1016 τοῦ

246 1054 472 1123 πρώτου
510 1052 570 1106 τὸ
597 1053 812 1121 πρῶτον
842 1054 1034 1118 αἴτιον,
1063 1053 1235 1107 ταῦτα
1264 1054 1332 1107 τὰ
1355 1053 1589 1117 αἰτιατὰ,
1619 1055 1826 1124 ἐγκάρ-

245 1142 340 1196 δια
370 1143 470 1211 τῆς
496 1141 832 1211 ἀγαθότητος
864 1143 1036 1197 ταῦτα
1068 1144 1221 1212 φῶτα
1241 1143 1516 1214 ὠνόμασε.
1535 1145 1644 1197 Καὶ
1669 1147 1826 1198 τοῦτο

247 1232 506 1286 ἐντεῦθεν
543 1232 1007 1302 διαγνωσθήσεται
1037 1251 1051 1265 ⁸
1098 1234 1282 1300 ἐπειδὴ
1334 1236 1436 1303 τὴν
1483 1237 1832 1305 προφητικὴν

249 1323 474 1388 ἐκείνην
495 1323 672 1390 ῥῆσιν,
693 1321 790 1390 τὴν
812 1321 1096 1390 λέγουσαν,
1125 1341 1143 1373 σ
1193 1323 1552 1394 Ἑξηρεύξατο
1577 1325 1610 1394 ἡ
1632 1323 1828 1394 καρδία

255 1429 362 1481 μου
388 1411 549 1477 λόγον
578 1411 781 1478 ἀγαθὸν
812 1431 830 1464 ι
877 1415 957 1476 εὶς
990 1413 1161 1484 μόνην
1181 1413 1276 1484 τὴν
1302 1413 1396 1466 τοῦ
1419 1413 1547 1466 Υῑοῦ
1576 1416 1828 1484 γέννησιν

251 1501 651 1564 ἁπαξάπαντες
701 1501 1016 1567 ἐξελάόοντο
1067 1505 1117 1556 οἱ
1179 1503 1479 1573 ἐξηγηταί·
1508 1503 1700 1572 ὥσπερ
1737 1501 1830 1556 οὖν

258 1593 358 1646 καὶ
395 1593 498 1661 τὴν
524 1593 789 1660 λέγουσαν
823 1612 841 1645 ι
875 1594 1100 1662 Πνεῦμα
1150 1596 1418 1664 στόματος
1472 1595 1568 1648 τοῦ
1619 1595 1830 1663 Πατρὸς

255 1685 322 1733 τὸ
346 1681 568 1750 Πνεῦμα
602 1681 662 1734 τὸ
701 1683 858 1751 ἅγιον
887 1703 906 1736 ι
942 1685 1020 1748 εἰς
1049 1686 1146 1754 τὴν
1172 1685 1264 1736 τοῦ
1307 1685 1620 1753 Πνεῦματος
1653 1682 1833 1752 ῦπαρ.-

273 1772 378 1836 ξιν.
399 1773 564 1840 Εἴπερ
595 1777 1018 1846 κυριολεκτῆσαι
1039 1777 1067 1829 6
1096 1776 1250 1844 ἆγιος
1277 1777 1375 1845 τὴν
1407 1777 1635 1829 ἑκάστου
1671 1775 1833 1846 ἠϐού-

273 1860 396 1912 λετο
425 1859 678 1931 ὕπαρξιν,
705 1864 805 1915 οὐκ
839 1864 905 1917 ἂν
938 1865 1103 1934 κοινῷ
1130 1863 1225 1916 καὶ
1271 1864 1562 1934 ἀδιορίστῳ
1606 1865 1833 1933 ὀνόματι

266 1950 527 2020 ἐγκάρδια
554 1954 653 2022 τῆς
678 1952 1014 2022 ἁγαθότητος
1039 1954 1194 2021 φῶτα
1225 1955 1318 2006 καὶ
1332 1953 1498 2022 ἄμφω
1523 1955 1590 2005 τὲ
1619 1956 1836 2008 αἱτιατὰ

262 2041 683 2110 κατωνόμασεν.
730 2043 890 2096 Ἀλλὰ
911 2047 1004 2096 καὶ
1035 2044 1168 2096 αὐτὸ
1197 2043 1257 2096 τὸ
1283 2043 1342 2097 ἓν
1368 2045 1564 2106 αἴτιον,
1601 2044 1693 2098 τὸν
1727 2046 1837 2099 Πα-

255 2131 396 2200 τέρα
429 2133 594 2201 φημὶ,
628 2134 676 2186 ei
715 2133 1137 2202 κυριολεκτικῶς
1165 2134 1426 2204 ἠϐούλετο
1457 2137 1556 2204 τὴν
1582 2134 1644 2199 ἐξ
1671 2135 1836 2188 αὑτοῦ

262 2222 594 2293 θεολογῆσαι
621 2225 824 2290 αἰτίαν,
855 2227 954 2278 οὐκ
983 2225 1048 2279 ἂν
1071 2226 1257 2290 ἁπλῶς
1283 2223 1426 2279 οὔτω
1455 2225 1706 2294 θεογόνον
1732 2225 1838 2295 ἔφη

257 2313 521 2382 Θεότητα.
549 2313 812 2379 Θεογόνος
865 2317 973 2385 γὰρ
1005 2317 1033 2369 6
1069 2316 1259 2386 Πατὴρ
1307 2317 1535 2386 κυρίως,
1587 2317 1669 2370 ὅτι
1706 2315 1840 2368 Θεὸν

261 2407 436 2474 γεννᾷ
463 2404 554 2456 τὸν
594 2406 743 2460 Υἰόν.
773 2409 930 2460 Κατά
961 2407 1017 2461 δὲ
1041 2408 1099 2460 1:6
1124 2408 1434 2476 ἐκπέμπειν
1462 2406 1684 2476 Πνεῦμα
1714 2405 1840 2459 οὔτε

263 2492 518 2559 ϐεογόνος
544 2493 670 2546 οὔτε
695 2494 878 2565 πατὴρ
907 2497 933 2548 6
968 2496 1178 2566 Πατήρ.
1212 2492 1288 2548 Ἦ
1334 2497 1440 2566 γὰρ
1502 2495 1568 2547 ἂν
1608 2495 1733 2558 Υἱὸς
1773 2491 1842 2566 ἦν

267 2586 364 2634 καὶ
405 2583 466 2635 1:6
495 2579 742 2654 Πνεῦμα,
777 2590 825 2638 εξ
856 2589 950 2640 καὶ
998 2587 1093 2640 τοῦ
1133 2583 1450 2657 Πνεῦματος
1495 2587 1683 2656 Πατὴρ
1719 2583 1784 2660 ἦν
1815 2589 1844 2640 6

265 2675 426 2737 Θεὸς,
461 2675 578 2739 καὶ,
613 2677 726 2744 ετγε
751 2681 843 2731 καὶ
871 2677 1010 2732 κατὰ
1036 2678 1134 2748 τὴν
1165 2678 1345 2732 αἰτίαν
1383 2676 1476 2731 τοῦ
1507 2677 1842 2748 Πνεῦματος,

267 2765 528 2831 θεογόνος
555 2764 797 2831 ἐλέγετο.
832 2768 938 2821 Καὶ
978 2769 1151 2822 ταῦτα
1183 2769 1281 2837 μὲν
1331 2765 1580 2836 βούλεται
1609 2770 1642 2838 ή
1683 2768 1843 2836 ἀκρί-

268 2853 420 2906 ϐεια.
461 2855 533 2906 Σὺ
566 2854 623 2908 δὲ
658 2857 718 2909 1:6
765 2858 1038 2928 διαφόρως
1068 2860 1241 2912 αῐτιον
1271 2853 1410 2912 εἶναι
1449 2858 1558 2911 τῶν
1587 2857 1647 2922 ἐξ
1677 2858 1843 2911 αὐτοῦ

268 2944 365 2992 τὸν
400 2945 641 3014 Πατέρα,
673 2949 768 2998 καὶ
818 2947 1088 3016 διαφόρως
1128 2949 1192 3001 ἐκ
1239 2948 1334 3000 τοῦ
1383 2948 1600 3016 πρώτου
1671 2948 1845 3000 αἰτίου

268 3031 507 3088 εἶναιτὰ
542 3037 759 3090 αἰτιατά
788 3040 1072 3108 παρορῶν,
1108 3041 1221 3094 ἄνω
1247 3039 1342 3092 καὶ
1376 3039 1526 3093 κάτω
1568 3041 1658 3090 τὸν
1690 3037 1846 3105 λόγον

1199 393 1279 452 1N
1321 393 1714 453 CAMATERI
1754 392 2502 458 ANIMADVERSIONES.

1361 521 1366 524 ’
1849 511 1901 569 Α

2555 508 2845 578 Refutatio.

1991 600 2460 667 Quemadmodum
2487 615 2678 656 verum
2713 609 2820 665 est,
2851 596 3142 653 adductam
3169 594 3484 665 pericopem

1923 692 2269 747 manifestare
2340 708 2406 747 ex
2460 691 2805 746 immateriali
2888 698 2943 744 et
3003 688 3286 742 individuo
3341 688 3485 742 bono

1923 783 2086 836 ambo
2117 786 2228 836 haec
2275 784 2478 836 lumina
2507 781 2765 836 eordialia
2807 780 3133 848 pullulasse,
3181 779 3254 832 ita
3293 792 3487 832 verum

1923 889 2141 942 quoque
2180 881 2266 928 est
2334 890 2400 927 ex
2445 873 2546 926 bac
2581 872 2794 934 eadem,
2827 872 2905 925 uti
2953 879 3008 925 et
3034 886 3101 924 ex
3148 869 3489 939 praecedente

1925 965 2249 1018 auctoritate
2299 963 2555 1025 indicari,
2603 972 2854 1017 sanctum
2920 961 3243 1030 simpliciter
3289 975 3488 1016 causa-

1926 1064 2040 1108 tum
2075 1070 2138 1109 ex
2172 1054 2368 1124 primo,
2408 1071 2530 1124 quae
2558 1063 2641 1108 est
2668 1052 2841 1122 prima
2887 1067 3080 1117 causa,
3112 1052 3226 1106 haec
3256 1059 3480 1106 causata

1927 1146 2185 1199 cordialia
2210 1146 2466 1199 bonitatis
2496 1145 2704 1198 lumina
2727 1158 3094 1214 nuncupasse.
3136 1140 3202 1196 Et
3231 1144 3334 1196 hoc
3361 1140 3490 1196 inde

1927 1236 2318 1304 dignoscelur:
2380 1250 2505 1287 eum
2574 1233 2951 1304 propheticum
3021 1231 3155 1286 illud
3211 1232 3416 1287 dictum
3475 1247 3490 1284 :

1935 1343 1954 1377 ι
1989 1326 2268 1379 Eructavit
2317 1338 2410 1378 cor
2461 1339 2639 1378 meum
2693 1323 2916 1378 verbum
2974 1323 3219 1386 bonum,
3275 1322 3320 1354 ¹⁶
3357 1341 3376 1374 ›
3430 1321 3498 1376 de

1931 1415 2046 1471 sola
2111 1414 2232 1470 Filii
2295 1416 2646 1486 generatione
2696 1429 2889 1470 omnes
2944 1413 3277 1484 interpretes
3329 1427 3496 1480 expo-

1931 1521 2088 1562 suere
2116 1521 2131 1560 :
2157 1505 2613 1575 quemadmodum
2643 1515 2696 1562 et
2728 1504 2864 1559 illud
2930 1522 2948 1556 ι
2982 1504 3227 1575 Spiritus
3248 1503 3362 1559 oris
3392 1502 3498 1556 Pa-

1933 1594 2034 1648 tris
2069 1593 2334 1662 Spiritum
2362 1601 2613 1647 sanetum
2650 1612 2670 1645 ι
2707 1593 2775 1648 de
2801 1591 3042 1662 Spiritus
3065 1593 3406 1646 exsistentia.
3443 1590 3499 1645 Si

1933 1689 2160 1736 sanctus
2183 1679 2449 1735 voluisset
2492 1680 2715 1750 proprio
2761 1680 2985 1736 nomine
3023 1681 3311 1748 utriusque
3354 1680 3500 1732 exsi-

1935 1772 2189 1826 stentiam
2218 1771 2566 1839 compellare,
2600 1785 2878 1840 nunquam
2908 1771 3208 1834 communi,
3241 1779 3296 1824 et
3345 1770 3502 1824 inde-

1936 1861 2090 1917 ﬁnito
2118 1862 2341 1916 nomine
2374 1854 2633 1916 cordialia
2671 1862 2932 1934 bonitatis
2974 1862 3202 1926 lumina,
3233 1869 3289 1916 et
3340 1861 3503 1914 ambo

1936 1962 2158 2007 causata
2191 1962 2460 2007 vocasset.
2512 1952 2618 2008 Sed
2655 1953 2830 2022 ipsam
2879 1968 3044 2007 unam
3091 1968 3339 2014 causam,
3397 1951 3503 2005 Pa-

1940 2043 2371 2113 trem,inquam,
2407 2044 2452 2097 si
2500 2044 2724 2114 proprio
2761 2045 2982 2099 nomine
3033 2044 3368 2113 compellare
3414 2059 3507 2096 vo-

1939 2133 2150 2199 luisset,
2181 2149 2244 2187 ex
2279 2149 2344 2187 eo
2386 2147 2580 2202 nempe
2616 2148 2839 2188 causam
2872 2134 3194 2198 decernere,
3224 2149 3504 2202 nunquam

1941 2226 2020 2280 sic
2047 2225 2370 2296 simpliciter
2395 2224 2661 2278 Deitatem
2695 2223 3007 2280 divinorum
3053 2224 3371 2294 genitricem
3409 2218 3525 2292 ap?

1942 2318 2216 2382 pellasset.
2252 2317 2497 2387 Namque
2523 2317 2832 2372 divinorum
2867 2317 3083 2386 genitor
3107 2323 3318 2371 tantum
3349 2314 3510 2368 Pater

1941 2415 2044 2469 est,
2069 2407 2212 2475 quod
2261 2405 2428 2460 Deum
2475 2405 2669 2460 Filium
2696 2414 2940 2476 generat.
2992 2404 3050 2459 In
3101 2420 3167 2459 eo
3197 2418 3323 2458 vero
3361 2403 3506 2471 quod

1943 2500 2138 2552 emittit
2173 2497 2460 2568 Spiritum.
2513 2514 2690 2568 neque
2717 2499 3026 2552 divinorum
3063 2497 3297 2565 genitor,
3335 2510 3510 2562 neque

1945 2589 2106 2643 Pater
2130 2597 2281 2657 pater
2310 2599 2416 2642 est.
2447 2588 2584 2642 Tum
2621 2587 2893 2658 siquidem
2925 2601 3053 2642 vere
3085 2585 3324 2654 Spiritus
3364 2593 3510 2637 esset

1944 2681 2139 2746 Filius,
2183 2683 2229 2736 si
2279 2681 2516 2750 Spiritus
2549 2680 2708 2735 Pater
2749 2681 2891 2735 Deus
2935 2689 3101 2739 esset,
3143 2687 3220 2739 et,
3257 2677 3310 2731 si.
3337 2692 3402 2730 ex
3437 2692 3503 2729 en

1945 2773 2093 2843 quod
2133 2786 2299 2826 causa
2338 2770 2580 2840 Spiritus
2603 2778 2712 2836 est,
2764 2771 3071 2824 divinorum
3106 2769 3317 2838 genitor
3352 2783 3512 2820 voca-

1946 2870 2115 2914 retur.
2174 2861 2240 2914 Et
2286 2863 2400 2913 lure
2445 2859 2662 2927 quidem
2705 2858 2976 2926 exquisita
3028 2857 3315 2925 theologia:
3371 2855 3511 2908 ratio

1949 2954 2142 3022 poscit.
2173 2952 2253 3006 Tu
2291 2966 2418 3004 vero
2451 2950 2582 3004 illud
2616 2949 2724 3002 alio
2755 2958 2921 3017 atque
2962 2947 3070 3000 alio
3101 2947 3263 2999 modo
3295 2944 3508 2998 Patrem

1949 3057 2172 3096 causam
2216 3057 2339 3095 esse
2379 3055 2591 3102 eorum,
2627 3054 2747 3108 (ιιιίιξ
2797 3055 2860 3093 ex
2894 3054 2962 3092 80
3003 3047 3152 3102 sunt,
3199 3052 3414 3093 necnon
3461 3045 3516 3090 οι

269 3123 537 3192 ὑποτίθητ
585 3125 663 3194 τῷ
710 3128 952 3198 ἀκροατῇ
1005 3127 1389 3197 σημειοῦσθαι,
1426 3127 1501 3190 ὡς
1560 3126 1619 3179 ἓν
1675 3125 1841 3180 αἴτιον

1951 3133 2169 3188 diverso
2217 3132 2377 3186 modo
2423 3147 2489 3184 ex
2525 3130 2700 3200 prima
2740 3144 2905 3185 causa
2948 3138 3174 3183 causata
3232 3143 3355 3183 esse
3405 3141 3512 3180 non

275 3211 411 3265 Υῐοῦ
446 3214 539 3266 καὶ
570 3214 889 3286 Πνεύματος
917 3217 944 3269 6
981 3217 1191 3288 Πατήρ.

527 3531 794 3591 ΡΗΣΕΙΣ
836 3524 1230 3590 ΤΟΥΑΙἾΟΥ
1261 3493 1529 3592 aerariae
1543 3540 1603 3591 Υ.

277 3651 397 3705 Τοῦ
427 3653 602 3726 ἀγέτλυ
632 3653 908 3726 Μαξίμου
965 3655 1084 3726 ἀσξὸ
1119 3653 1239 3708 τῶν
1289 3652 1853 3726 ἐπτακοσίῶντγνωο

352 3720 709 3795 στικ-ὧν-και
737 3720 1100 3795 θεολργικῶν
1143 3726 1488 3793 κεφαλαίων
1521 3720 1855 3795 κεφάλαιον

351 3797 402 3860 γ’
432 3791 542 3859 τῆς
579 3792 1000 3858 ἑκατοντάδας.

352 3923 503 3978 ΡΙΘ¹.
543 3943 561 3976 ι
595 3925 660 3977 Εἰ
699 3925 854 3993 λόγος
879 3925 1319 3996 προκαθηγεῖται
1373 3929 1474 3997 τῆς
1522 3929 1632 3982 τῶν
1678 3928 1850 3982 ὄντων

280 4037 302 4068 1
355 4017 643 4084 γενέσεως,
685 4017 808 4070 οὔτε
856 4013 947 4089 ἦν,
973 4018 1096 4073 οὕτε
1133 4021 1286 4074 ἔσται
1337 4019 1433 4073 τοῦ
1469 4021 1644 4089 Λόγου
1681 4023 1856 4089 Λόγος

279 4126 303 4158 ο
354 4109 646 4173 ἀνώτερος.
684 4108 856 4174 Λόγος
907 4110 964 4163 δὲ
996 4111 1096 4163 οὐκ
1151 4110 1372 4180 ἄνουςῆ
1414 4111 1562 4180 ζωῆς
1601 4111 1850 4181 ἄμοιρος,

283 4218 304 4250 e
357 4199 472 4251 ἀλλ’
517 4199 706 4261 ἔννους
765 4202 859 4252 καὶ
930 4201 1061 4265 ζῶν,
1096 4199 1171 4262 ὡς
1222 4203 1496 4269 γεννῶντα
1555 4201 1684 4255 νοῦν
1713 4203 1854 4272 ἔχων

185 4295 200 4308 ⁸
285 4309 306 4341 ι
353 4291 627 4353 οὑσιωδῶς
671 4292 1069 4361 ἐνυπάρχοντα,
1127 4294 1186 4346 τὸ
1249 4293 1472 4363 Πνεῦμα
1504 4292 1565 4345 τὸ
1612 4293 1788 4362 ἅγιον.
1832 4313 1852 4347 ›

883 4381 1257 4439 Ἐπιστασ1α.

359 4491 378 4524 ι
428 4473 570 4541 Ὅρα
608 4475 701 4527 καὶ
735 4473 828 4526 τὸν
859 4475 958 4543 τῆς
993 4475 1274 4538 εὐσεϐείας
1296 4474 1638 4548 ὁμολογητὴν
1663 4474 1852 4530 τοῦτον
1885 4481 1933 4542 D

286 4579 309 4614 ι
351 4561 534 4630 ἅγιον,
593 4563 902 4633 ἐνυπάρχον
931 4563 1009 4633 τῷ
1059 4564 1173 4634 Υἱῷ
1236 4566 1294 4616 τὸ
1342 4561 1585 4636 Πνεῦμα,
1637 4566 1696 4617 οὺ
1747 4565 1855 4637 μὴν

283 4672 306 4704 ο
352 4653 542 4708 τούτου
571 4657 1002 4726 ἐκπορευόμενον
1025 4655 1440 4724 δογματίζοντα,
1478 4674 1499 4708 ι

885 4748 1046 4802 Ἀντί
1040 4749 1156 4816 ppu
1165 4762 1264 4812 mc
1274 4787 1288 4802 .

365 4834 508 4888 Ἀλλ’
569 4836 875 4907 ἐνυπάρχον
922 4837 1000 4901 τῷ
1033 4835 1146 4905 Υἱῴ
1191 4838 1254 4890 τδ
1298 4838 1543 4908 Πνεῦμα,
1579 4842 1638 4894 06
1677 4841 1849 4906 δοτδν,

279 4923 390 4978 οὐδ’
417 4925 662 4978 ἐπακτὸν
720 4927 859 4980 κατὰ
915 4928 1014 4998 τὴν
1060 4927 1309 4998 θεότητα,
1373 4931 1616 4998 φυσικῶς
1670 4932 1853 4984 δὲκαὶ

280 5014 558 5076 οὐσιωδῶς
621 5018 922 5086 ἐνυπάρχει
975 5018 1144 5089 αὐτῷ.
1200 5020 1274 5072 Τὸ
1321 5020 1378 5073 δὲ
1429 5021 1702 5089 φυσικῶς,
1761 5023 1855 5074 καὶ

279 5106 403 5175 οὐχὶ
431 5135 435 5139 -
462 5106 634 5174 δοτδν,
691 5110 812 5162 οὐδὲ
875 5111 1113 5164 ἐπακτὸν
1155 5110 1464 5181 ἐνυπάρχον
1520 5112 1597 5182 τῷ
1633 5112 1747 5182 Υἱῷ
1793 5111 1856 5165 1:6

286 5195 534 5263 Πνεῦμα,
589 5197 664 5262 ὡς
696 5199 764 5252 δι’
807 5200 976 5254 αὑτοῦ
1033 5201 1280 5270 ὑπάρχον
1325 5200 1622 5270 ἐνυπάρχει
1678 5201 1852 5273 αὐτῷ.

459 5378 575 5447 Τῆς
611 5382 801 5451 αὐτῆς
824 5384 1225 5451 ἐπατοντάὸος
1253 5383 1579 5454 κεφάλαιον
1611 5385 1678 5438 δ’.

356 5470 489 5526 PK'.
533 5489 553 5523 t
609 5469 700 5537 Εἷς
746 5475 880 5539 Θεὸς
936 5477 1055 5540 ἐνὸς
1103 5475 1234 5530 Υἱοῦ
1292 5479 1597 5550 γεννήτωρ,
1636 5477 1846 5547 Πατὴρ,

293 5579 313 5614 ι
359 5563 454 5616 καὶ
505 5564 824 5635 Πνεῦματος
873 5568 992 5632 ἐνὸς
1043 5570 1201 5638 ἁγίου
1255 5568 1425 5640 πηγὴ,
1468 5568 1638 5640 μονὰς
1679 5568 1850 5634 ἀσύγ-

364 5746 408 5778 ¹⁶
447 5745 590 5802 Psal.
627 5762 775 5804 utv.
803 5747 876 5803 2.‘

1951 3223 2281 3293 intelligens,
2314 3222 2408 3276 sed
2441 3221 2782 3276 confundens
2812 3235 3015 3290 susque
3055 3220 3252 3288 deque,
3279 3218 3516 3272 auditori

1951 3317 2221 3388 suggeris,
2255 3329 2315 3370 ut
2349 3325 2494 3369 notet
2526 3330 2685 3370 unam
2719 3329 2840 3370 esse
2872 3328 3094 3370 causam
3128 3311 3250 3367 Filii
3294 3321 3346 3368 et
3395 3311 3517 3382 Spi-

1949 3409 2089 3462 ritus
2113 3407 2348 3462 Patrem.

2301 3541 2562 3604 SAIt'CsTl
2614 3542 2893 3603 MAXIM!
2936 3542 3170 3598 [ΜΕΤΑ.

1955 3658 2015 3716 S.
2062 3656 2286 3714 Maximi
2321 3675 2385 3729 ea;
2424 3662 2763 3728 septingentis
2809 3655 3059 3728 gnostit'ia
3112 3663 3161 3714 ei
3215 3652 3521 3729 ihwi'tigim

2199 3728 2480 3798 capitibus.
2528 3729 2718 3784 Tertia:
2765 3731 3018 3783 centuria.-
3063 3745 3183 3798 eap.
3217 3730 3272 3782 5.

2025 3932 2214 3990 CXIX.
2261 3953 2279 3986 ι
2318 3933 2374 3989 Si
2409 3935 2635 3989 verbum
2667 3933 2922 4005 praecedit
2968 3947 3178 3999 eorum,
3223 3947 3343 4002 quae
3370 3939 3521 4000 sunt,

1964 4045 1982 4078 ι
2019 4029 2459 4096 generationem,
2503 4029 2663 4096 piane
2733 4042 2912 4094 neque
2969 4033 3110 4088 erat,
3172 4039 3353 4093 neque
3417 4023 3525 4078 erit

1963 4137 1981 4170 ι
2025 4118 2198 4173 Verbo
2247 4118 2480 4174 Verbum
2537 4119 2813 4188 superius.
2850 4117 3082 4172 Verbum
3138 4131 3267 4170 vero
3314 4115 3522 4184 absque

1965 4228 1984 4260 ‹
2024 4216 2206 4263 mente
2231 4222 2336 4262 non
2363 4215 2466 4271 est,
2493 4219 2669 4276 neque
2694 4209 2815 4260 vita:
2845 4219 3060 4274 expers,
3093 4205 3188 4257 sed
3217 4204 3526 4273 intelligens

1968 4317 1988 4350 ι
2027 4307 2081 4353 et
2115 4299 2302 4352 viVens
2326 4339 2342 4362 ,
2387 4305 2645 4366 tanquam
2679 4298 2822 4365 quod
2873 4303 3109 4350 mentem
3145 4293 3246 4350 sibi
3283 4295 3523 4348 innatam

1967 4407 1986 4440 ι
2025 4388 2264 4458 possidet
2293 4387 2558 4459 Spiritum
2589 4397 2861 4444 sanctum.
2903 4405 2922 4439 ι

2527 4479 2950 4534 Animadversio.

2038 4589 2057 4622 ι
2099 4571 2234 4629 Vide
2259 4575 2420 4629 etiam
2449 4571 2669 4642 pietatis
2701 4574 2845 4626 hunc
2891 4570 3292 4641 bomologetam
3348 4569 3518 4624 Maxi-

1966 4681 1986 4714 ι
2023 4677 2192 4728 mum,
2242 4663 2508 4733 Spirittim
2561 4663 2743 4718 inesse
2796 4655 2958 4726 Filio,
3011 4676 3120 4716 non
3173 4674 3304 4716 vero
3355 4675 3421 4714 ex
3461 4663 3527 4715 e'o

1964 4770 1984 4804 ι
2025 4754 2324 4823 procedere
2348 4755 2750 4808 decernenlem.
2788 4770 2806 4804 ι

2589 4841 2882 4911 Refutati'o.

2030 4933 2136 4989 Sed
2175 4932 2432 5003 Spiritus,
2469 4933 2560 5002 qui
2599 4931 2743 4988 inest
2793 4930 2954 4996 Filio,
3005 4925 3114 4986 non
3158 4926 3396 4996 deditur,
3439 4943 3526 4984 ne-

1960 5039 2066 5093 que
2121 5025 2455 5078 adventitius
2509 5033 2592 5079 est
2652 5023 2953 5079 secundum
3010 5022 3372 5086 divinitatem,
3430 5024 3525 5077 sed

1962 5111 2296 5170 naturaliter
2323 5123 2378 5168 et
2424 5116 2791 5170 essentialite‘r
2825 5115 2901 5169 illi
2932 5116 3090 5170 inest.
3133 5113 3235 5180 Qui
3267 5127 3396 5167 Vero
3426 5128 3527 5164 na-

1964 5203 2231 5267 turaliter,
2281 5214 2472 5258 etnon
2521 5204 2739 5262 deditus
2793 5221 2965 5275 neque
3005 5203 3334 5259 adventitius
3386 5199 3524 5254 Filio

1962 5295 2107 5351 inest
2139 5296 2397 5366 Spiritus,
2451 5298 2527 5350 uti
2571 5313 2666 5367 per
2698 5300 2876 5367 ipsum
2927 5297 3200 5353 exsistens
3236 5295 3312 5352 illi
3359 5294 3522 5350 inest.

2352 5385 2606 5455 Ejusdem
2648 5390 2898 5441 centuria:
2935 5402 3051 5454 cap.
3081 5387 3137 5440 4.

2029 5473 2190 5530 CXX.
2240 5494 2259 5529 ι
2297 5474 2452 5531 Unus
2490 5477 2630 5532 Deus
2665 5477 2827 5532 unius
2857 5474 2978 5531 Filii
3009 5475 3224 5546 genitor
3251 5471 3430 5536 Pater,
3469 5478 3521 5526 et

1968 5587 1986 5621 ι
2023 5566 2264 5638 Spiritus
2305 5570 2472 5626 unius
2505 5571 2680 5626 sancti
2713 5570 2856 5634 fons,
2891 5569 3072 5624 unitas
3107 5563 3419 5627 ineonfusa,
3467 5569 3523 5622 et
