3958 6430
456 329 559 391 567

1479 341 1691 402 JOAN.
1736 343 1947 405 VE’L’CI
1989 346 2097 407 CP.
2138 349 2413 408 PATRIA
2432 349 2656 409 RCILE

3589 354 3692 416 568

467 467 486 499 1
523 449 739 505 trinitas
769 451 1031 523 indivisa;
1075 471 1228 512 mens
1263 458 1470 529 absque
1508 462 1797 532 principio,
1851 465 2011 518 solius

2135 484 2154 514 1
2204 482 2383 534 χυτος,
2422 466 2517 518 καὶ
2548 465 2707 535 τριὰς
2727 464 3053 535 ἀδιαίρετος,
3081 464 3205 528 νοῦς
3237 463 3494 535 ἄναρχος,
3533 468 3693 535 μόνου

465 557 484 589 1
522 539 636 594 sola
679 544 1049 601 essentialiter
1087 550 1291 618 alisque
1329 552 1622 621 principio,
1666 552 1820 607 Verhi
1869 553 2018 622 geni-

465 647 484 680 1
524 630 653 696 trix,
683 639 738 685 et
776 633 950 689 solius
980 645 1257 706 perpetuae
1285 640 1430 705 vitm,
1459 650 1513 696 et
1553 640 1794 711 Spiritus
1840 647 2019 701 sancti

460 740 480 772 1
515 721 657 777 fons.
697 741 719 775 ι

1031 820 1452 880 Anima‘dversio.

533 920 552 952 1
590 903 796 959 Discito
829 908 899 961 ab
929 907 1031 963 hoc
1057 924 1276 981 quoque
1308 914 1493 971 divino
1519 916 1701 981 Patre,
1734 917 2016 972 amborum

459 1010 482 1043 1
515 1006 731 1049 causam
762 1008 815 1052 et
845 996 967 1053 Filii
999 1010 1052 1055 et
1082 1003 1319 1070 Spiritus
1349 1005 1592 1074 Patrem,
1641 1009 1785 1064 illius
1816 1017 1875 1063 ut
1922 1026 2020 1080 ge-

459 1100 480 1134 1
516 1083 777 1154 nitorem,
800 1088 963 1161 hujus
987 1093 1064 1144 uti
1099 1091 1304 1147 fontem
1337 1105 1606 1152 assertum
1641 1098 1830 1156 fuisse.
1867 1120 1886 1153 ι

1080 1274 1377 1345 Refutatia.

528 1356 802 1421 Diversam
840 1363 1060 1419 tandem
1112 1383 1334 1423 causam
1381 1368 1501 1423 Filii
1552 1381 1604 1426 et
1636 1372 1868 1442 Spiritus
1915 1375 2020 1429 Pa-

450 1458 589 1504 trem
624 1452 832 1518 fateris,
864 1455 1013 1510 illius
1048 1469 1108 1511 ut
1145 1460 1470 1528 genitorem.
1506 1463 1665 1532 hujus
1695 1472 1752 1517 ut
1780 1464 2013 1521 fontem.

452 1538 508 1591 Si
550 1540 730 1608 itaque
777 1552 832 1595 et
861 1541 983 1597 Filii
1024 1553 1080 1598 et
1125 1546 1362 1616 Spiritus
1410 1550 1665 1619 contigua
1696 1564 1858 1605 causa
1911 1561 2013 1616 est,

2129 573 2148 606 1
2192 554 2351 624 μόνος
2405 554 2683 618 οὐσιωδῶς
2741 555 2978 625 ἀνάρχου
3036 556 3211 623 Λόγου
3261 557 3562 627 γεννήτωρ,
3597 560 3694 611 καὶ

2129 663 2147 696 1
2194 644 2362 714 μόνης
2387 644 2556 698 ἀϊδίου
2612 643 2760 719 ζωῆς
2787 647 2883 699 καὶ
2915 647 3229 717 Πνεῦματος
3259 644 3413 717 ἁγίου
3449 648 3625 718 πηγή.
3664 667 3685 698 ι

2722 834 3097 891 Ἐπιστασία.

2195 942 2215 975 1
2267 924 2466 978 ’Ἄκουε
2498 924 2593 977 καὶ
2624 926 2780 995 παρὰ
2804 924 2989 980 τούτου
3020 927 3111 981 τοῦ
3165 927 3311 981 θείου
3344 926 3561 997 Πατρδς
3595 926 3690 980 ατ-

2126 1031 2145 1063 1
2184 1030 2297 1065 τιον
2329 1013 2423 1067 καὶ
2447 1014 2671 1083 ἀμφοῖν,
2701 1014 2795 1068 τοῦ
2839 1034 2897 1068 τε
2926 1015 3057 1069 Υίοῦ
3098 1017 3192 1071 καὶ
3224 1015 3320 1069 τοῦ
3346 1015 3692 1084 Πνεῦματος,

2123 1122 2141 1154 1
2187 1104 2278 1157 τὸν
2317 1105 2554 1174 Πατέρα,
2594 1105 2687 1158 τοῦ
2724 1105 2825 1175 μὲν
2853 1106 2928 1169 ὡς
2976 1106 3300 1177 γεννήτορα,
3345 1104 3443 1160 τοῦ
3492 1107 3552 1160 δὲ
3610 1107 3690 1171 ὡς

2124 1211 2143 1244 1
2190 1193 2371 1265 πηγὴν
2397 1198 2819 1266 κηρυττόμενον.
2861 1215 2879 1248 ι

2693 1276 3088 1356 “rt/1315171716.

2188 1377 2458 1446 Διάφορον
2508 1375 2642 1440 τέως
2696 1376 2868 1430 αἴτιον
2926 1378 3058 1430 Υίοῦ
3107 1377 3201 1431 καὶ
3237 1376 3333 1431 τοῦ
3366 1376 3691 1447 Πνεῦματος

2114 1472 2207 1523 τὸν
2235 1471 2457 1539 Πατέρα
2488 1469 2792 1539 ὁμολογεῖς,
2826 1468 2921 1522 τοῦ
2952 1470 3075 1536 μὲν,
3106 1468 3181 1530 ὡς
3223 1472 3547 1540 γεννήτορα.
3582 1469 3680 1523 τοῦ

2113 1561 2189 1625 δὲ,
2213 1560 2287 1623 ὡς
2322 1561 2526 1629 πηγήν.
2585 1561 2649 1613 El
2683 1558 2815 1627 γοῦν
2851 1561 2946 1612 καὶ
2977 1559 3074 1612 τοῦ
3099 1559 3233 1614 Υίοῦ
3263 1560 3362 1613 καὶ
3383 1560 3480 1613 τοῦ
3514 1559 3692 1613 [Ινεύ-

452 1631 675 1685 ubinam
723 1641 806 1688 est
862 1635 916 1688 in
975 1634 1138 1692 Patre
1193 1652 1373 1692 causa:
1426 1639 1764 1696 discrimen?
1834 1642 2011 1708 Quare

2125 1668 2292 1719 ματος
2321 1650 2465 1703 κατὰ
2496 1649 2553 1703 τὸ
2583 1651 2854 1721 προσεχές
2886 1652 3033 1702 ἐστιν
3061 1651 3256 1718 αἴτιος,
3286 1650 3389 1703 ποῦ
3421 1651 3485 1702 τὸ
3510 1652 3569 1703 ὲν
3607 1650 3690 1719 τῷ

452 1717 825 1775 adnotandum
858 1723 955 1778 tibi
985 1733 1069 1779 est
1098 1742 1205 1796 qua
1249 1730 1461 1783 ratione
1496 1740 1726 1786 sanctus
1756 1748 1819 1785 ex
1852 1732 2011 1789 Patre

2125 1717 2293 1810 Πατρὶ
2347 1740 2603 1810 διάφορον
2633 1717 2999 1809 ’τῆςμαῐτίας
3032 1743 3124 1795 Δεῖ
3171 1742 3228 1795 δὲ
3276 1717 3693 1810 σημειώσασῗαί

454 1809 690 1879 Spiritus
727 1814 1134 1883 exsistentiam,
1182 1835 1305 1874 cum
1351 1820 1562 1877 Patrem
1605 1821 1808 1877 fontem
1849 1838 2011 1878 voca-

2125 1848 2203 1896 σε,
2235 1798 2384 1893 όάτως
2411 1832 2438 1883 ὁ
2468 1798 2619 1899 ἅγιος
2668 1798 2765 1902 την
2801 1833 2867 1885 ἐκ
2921 1832 3013 1885 τοῦ
3074 1831 3284 1901 Πατρὸς
3325 1798 3565 1900 ξπαρξιν
3597 1830 3694 1884 τοῦ

451 1904 592 1957 verit
624 1907 869 1975 aperuit;
903 1918 962 1963 ut
1005 1924 1130 1963 cum
1181 1911 1455 1967 inveneris
1491 1922 1544 1967 ct
1580 1912 1773 1967 Filium
1814 1914 2014 1968 fontem

452 1993 695 2062 Spiritus
744 1998 920 2052 sancti
969 1999 1196 2066 dictum,
1248 2016 1315 2055 ne
1355 2002 1409 2055 in
1453 2002 1597 2056 aliud
1650 2016 1862 2074 tempus
1894 2022 2019 2074 pro-

450 2088 637 2139 trahas
702 2087 881 2153 fateri,
934 2088 1195 2157 Spiritum
1246 2107 1365 2146 esse
1416 2095 1575 2147 etiam
1626 2110 1691 2148 ex
1762 2104 2012 2165 utroque.

449 2174 660 2230 Etenim
707 2178 776 2240 si,
812 2181 891 2233 uti
924 2189 1148 2236 sanctus
1170 2182 1407 2251 Cyrillus
1445 2184 1651 2239 refert:
1698 2204 1717 2237 1
1758 2185 2015 2241 Omnium

454 2267 781 2323 naturalium
830 2270 1097 2325 bonorum
1144 2273 1325 2328 Patris
1362 2276 1637 2345 particeps
1686 2285 1770 2330 est
1814 2274 2009 2339 Filius,

448 2373 614 2412 mam
677 2362 722 2416 si
781 2362 1030 2433 excipias
1085 2365 1492 2433 paternitatem,
1534 2386 1552 2419 ι
1618 2368 1780 2421 Pater
1829 2376 2010 2420 autem

452 2450 692 2513 Spiritus
739 2470 846 2507 non
898 2467 1001 2511 cst.
1036 2455 1323 2522 Quomodo
1369 2474 1498 2513 vero
1543 2475 1666 2513 cum
1697 2460 1859 2514 Patre
1902 2475 2011 2513 non

449 2544 877 2597 communicabit
902 2546 954 2598 in
990 2548 1337 2601 emanatione
1365 2548 1624 2617 Spiritus,
1668 2549 1712 2604 si
1742 2550 1850 2603 duo
1889 2550 2010 2603 fon.

448 2643 530 2684 tes
584 2647 691 2687 non
748 2643 895 2700 snnt,
951 2637 1047 2692 sed
1094 2654 1241 2693 unus
1297 2638 1425 2693 fons
1458 2637 1696 2708 Spiritus
1755 2640 1913 2693 Pater
1959 2649 2013 2694 et

444 2719 653 2778 Filius?
1454 2748 1457 2749 ν

622 2836 706 2892 Ex
739 2839 998 2910 colloquio
1030 2802 1326 2897 Orthodoxi
1354 2853 1404 2899 et
1435 2843 1830 2901 Macedoniani.

514 3004 702 3061 CXXI.
751 3025 770 3057 1
806 3008 872 3061 A.
913 3007 1147 3063 Potesne
1184 3009 1316 3063 mihi
1362 3011 1651 3067 ostendere
1683 3028 1921 3081 quonam
1953 3015 2005 3068 in

2120 1923 2434 1991 Πνεύματος
2464 1925 2521 1975 ὲν
2550 1924 2625 1993 τῷ
2661 1924 2752 1975 τδν
2787 1924 3006 1993 Πατέρα
3030 1925 3212 1993 πηγὴν
3243 1924 3473 1977 καλέσαι
3532 1924 3685 1993 δεδή-

2117 2012 2315 2075 λωκεν,
2359 2014 2426 2066 ἵν’
2458 2015 2588 2067 ὅταν
2622 2014 2885 2083 εὐρίσκῃς
2940 2016 3035 2067 καὶ
3070 2014 3160 2068 τὸν
3213 2014 3342 2067 Τίον
3379 2015 3564 2084 πηγὴν
3589 2014 3679 2067 τοῦ

2120 2102 2274 2170 ἁγίου
2300 2102 2591 2171 λεγόμενον
2622 2103 2762 2156 Πνεύ
2772 2120 2962 2171 ματος,
2993 2104 3067 2173 μὴ
3096 2104 3372 2176 ἀναϐάλλῃ
3401 2104 3673 2172 ὁμολογεῖν

2118 2188 2255 2245 εἶναι
2295 2192 2353 2244 τὸ
2389 2192 2615 2260 Πνεῦμα
2673 2191 2764 2244 καὶ
2817 2191 2876 2255 ἐξ
2916 2193 3142 2260 ἀμφοῖν.
3175 2193 3237 2245 Εἰ
3280 2192 3389 2261 γὰρ
3426 2191 3567 2243 κατὰ
3593 2190 3715 2241 τον“

2119 2282 2273 2350 ἆγιον
2339 2282 2609 2351 Κύριλλον
2649 2300 2665 2333 1
2705 2282 2934 2335 Πάντων
2992 2282 3100 2334 τῶν
3156 2283 3406 2351 φυσικῶν
3463 2279 3685 2347 ἀγαθῶν

2116 2375 2210 2427 τοῦ
2242 2375 2453 2445 Πατρδς
2484 2376 2747 2437 κοινωνός
2782 2376 2931 2427 ἐστιν
2960 2378 2987 2426 ὁ
3017 2374 3145 2435 Υἱδς
3192 2374 3322 2427 ἄνευ
3353 2372 3445 2426 τοῦ
3501 2373 3689 2440 Πατὴρ

2117 2462 2279 2527 εἶναι,
2312 2464 2503 2535 Πατὴρ
2541 2466 2641 2533 μὲν
2695 2466 2799 2518 οὐκ
2830 2465 2950 2518 ἔστι
2985 2461 3078 2517 τοί
3120 2463 3459 2534 Πνεύματος·
3509 2462 3588 2532 τῷ
3632 2459 3689 2514 δὲ

2117 2555 2295 2622 Πατρὶ
2330 2554 2446 2616 πῶς
2493 2554 2557 2607 ἂν
2585 2555 2666 2616 είς
2706 2554 2796 2607 τὸν
2824 2553 2917 2606 τοῦ
2952 2551 3271 2622 Πνεῦματος
3303 2553 3364 2604 οὐ
3420 2550 3689 2617 κοινωνή-

2120 2662 2231 2696 σειε
2264 2644 2574 2713 πηγασμδν.
2606 2644 2660 2696 εί
2686 2661 2747 2711 γε
2782 2644 2856 2711 μὴ
2879 2643 2971 2697 δύο
3000 2645 3197 2713 πηγαὶ,
3230 2641 3366 2695 ἀλλὰ
3397 2641 3495 2709 μία
3535 2639 3685 2708 πηγὴ

2119 2735 2208 2789 τοῦ
2235 2737 2550 2803 Πνεῦματος
2587 2738 2615 2788 ὁ
2647 2737 2836 2805 Πατήρ
2867 2736 2974 2788 εισι
3001 2736 3094 2788 καὶ
3139 2734 3168 2786 ὁ
3203 2734 3362 2799 Υίόςς

2129 2850 2263 2904 Ἀπύ
2312 2849 2418 2914 τῆς
2451 2851 2518 2902 ἐκ
2554 2850 2880 2915 προσώπου
2928 2848 3307 2914 Ὀρθοδόξου,
3340 2846 3438 2898 καὶ
3491 2848 3687 2898 Μακε-

2365 2920 2650 2973 δονιανοῦ
2686 2920 3089 2983 συντεθείσης
3130 2915 3472 2979 διαλέξεως.

2186 3009 2364 3064 PKA'.
2413 3029 2431 3060 1
2479 3013 2543 3065 Δ.
2608 3011 2792 3078 Ἔχεις
2843 3027 2935 3079 μοι
2969 3008 3164 3074 δεῖξαι,
3213 3006 3316 3059 ποῦ
3372 3008 3685 3077 γέγραπται

448 3118 466 3151 1
506 3099 626 3153 loco
660 3100 921 3169 scriptum
950 3108 1053 3162 cst.
1088 3102 1252 3155 Deum
1279 3117 1400 3157 esse
1428 3102 1689 3172 Spiritum
1714 3106 1736 3157 ?
1759 3104 1897 3170 Quid
1924 3122 2009 3160 me

2125 3119 2138 3149 ι
2182 3099 2314 3162 Θεὸς
2340 3099 2402 3151 τὸ
2434 3098 2695 3169 Πνεῦμας
2727 3100 2792 3151 Τί
2834 3116 2901 3167 με
2944 3097 3230 3166 περιάγεις
3262 3095 3469 3161 world;
3525 3096 3586 3148 Β.
3630 3096 3686 3147 Ei

448 3210 468 3243 1
509 3190 691 3245 multis
722 3193 821 3245 hac
865 3201 1027 3261 atque
1073 3194 1162 3247 illa
1195 3193 1557 3249 circumfers?
1586 3196 1642 3250 Β.
1680 3196 1733 3249 Si
1770 3199 2004 3266 primum

450 3306 465 3333 ι
505 3282 724 3354 quidem
757 3287 935 3338 sancti
963 3285 1189 3354 apostoli
1224 3296 1564 3355 agnoverunt.
1598 3286 1861 3356 Spiritum
1896 3300 2006 3342 tum

449 3389 465 3418 ι
505 3378 691 3439 postea
749 3371 974 3435 Filium,
1033 3381 1178 3426 recte
1229 3382 1281 3427 et
1343 3383 1400 3427 tu
1448 3389 1666 3444 quoque
1712 3377 2008 3444 cegnitioni

2120 3211 2137 3241 1
2184 3192 2283 3260 μὲν
2306 3192 2520 3260 πρῶτον
2547 3190 2790 3259 ἔγνωσαν
2818 3191 2865 3243 οἱ
2895 3190 3038 3257 ἆγιοι
3066 3188 3361 3244 ἀπόστολοι
3381 3187 3441 3240 τὸ
3466 3187 3688 3257 Πνεῦμα

2118 3302 2135 3333 1
2187 3283 2280 3336 καὶ
2316 3284 2436 3335 τότε
2476 3281 2568 3335 τὸν
2612 3282 2762 3344 Υίδν,
2798 3282 2977 3344 καλῶς
3013 3283 3107 3335 καὶ
3166 3280 3229 3333 σὺ
3268 3279 3553 3347 ἐπιζητεῖς
3588 3281 3686 3345 τὴν

2119 3392 2137 3424 1
2186 3373 2279 3427 τοῦ
2310 3375 2631 3439 Πνεῦματος
2652 3372 2858 3440 γνῶσιν
2914 3373 3019 3441 πρὸ
3079 3371 3178 3440 τῆς
3209 3370 3304 3423 τοῦ
3365 3370 3494 3422 Υίοῦ
3545 3368 3690 3436 γνὼ-

453 3481 469 3511 1
508 3460 632 3515 Filii
680 3462 1045 3532 cognitionem
1106 3461 1343 3532 Spiritus
1390 3465 1685 3533 praeponis.
1747 3466 1903 3531 Quod
1962 3466 2011 3529 si

2125 3483 2136 3517 ι
2187 3482 2323 3527 σεως
2350 3481 2365 3494 ⁸
2403 3465 2451 3517 εί
2475 3464 2531 3518 δὲ
2558 3463 2821 3533 πρότερον
2850 3462 3097 3531 ἐγνώσθη
3128 3463 3313 3524 αὐτοῖς
3351 3464 3378 3513 ό
3413 3462 3565 3524 Υἱὸς,
3597 3462 3689 3515 καὶ

450 3570 468 3602 1
513 3554 664 3619 prius
716 3552 851 3620 ipsis
908 3553 1145 3606 innotuit
1195 3550 1388 3613 Filius.
1433 3555 1689 3624 deinceps
1745 3554 2006 3624 Spiritus,

2120 3577 2137 3606 1
2182 3560 2303 3610 τότε
2343 3555 2402 3608 τὸ
2457 3554 2703 3624 Πνεῦμα,
2754 3554 3023 3623 πρότερον
3065 3555 3161 3605 καὶ
3192 3552 3361 3616 αὐτὸς
3420 3552 3686 3621 ἐπίγνωοι

449 3661 468 3693 1
506 3642 660 3712 prius
708 3651 764 3696 tu
800 3658 1020 3713 quoque
1072 3659 1308 3715 agnosce
1337 3644 1462 3699 Filii
1490 3646 1771 3708 deitatem,
1815 3658 1868 3701 et
1899 3652 2008 3702 tum‘

2125 3665 2137 3697 ι
2179 3646 2276 3716 τὴν
2307 3645 2400 3697 τοῦ
2437 3644 2566 3696 Υἰοῦ
2598 3643 2851 3712 θεότητα,
2887 3641 2980 3694 καὶ
3023 3640 3167 3694 οὕτω
3208 3641 3427 3711 μαθήσῃ
3460 3641 3557 3692 καὶ
3587 3635 3685 3707 τὴν

449 3754 466 3781 1
508 3732 820 3796 assequeris
862 3741 915 3786 et
947 3731 1188 3801 Spiritus
1238 3734 1628 3804 cognitionem.
1664 3736 1728 3789 Α.
1783 3735 1909 3791 Scio
1956 3745 2011 3790 et

2125 3755 2136 3787 l
2179 3735 2273 3788 τοῦ
2304 3734 2623 3804 Πνεῦμα-ξος
2654 3734 2878 3801 γνῶσιν.
2914 3733 2979 3784 Α.
3012 3728 3141 3784 Οἶδα
3180 3733 3275 3785 καὶ
3329 3731 3580 3783 πιστεύω
3610 3732 3690 3784 ὅτι

448 3840 466 3871 1
504 3821 669 3877 credo
698 3819 867 3876 Deum
906 3838 1029 3877 esse
1054 3821 1276 3889 Filium,
1326 3837 1393 3877 ex
1419 3823 1528 3878 Deo
1571 3835 1621 3877 et
1655 3822 1818 3879 Patre
1855 3827 2011 3896 geni-

2125 3847 2135 3878 ι
2185 3827 2316 3889 Θεός
2351 3828 2497 3879 ἐστιν
2526 3829 2552 3879 ὁ
2584 3825 2738 3888 Υἱὸς,
2769 3826 2840 3877 ἐκ
2876 3824 2969 3876 τοῦ
3000 3823 3135 3876 Θεοῦ
3193 3824 3290 3877 καὶ
3316 3823 3530 3892 Πατρός
3561 3839 3689 3890 γεν-

450 3932 469 3963 1
507 3919 644 3977 tum,
685 3920 855 3967 totum
884 3928 949 3967 ex
977 3920 1111 3966 toto.
1141 3912 1201 3967 Β.
1232 3912 1401 3982 igitur
1433 3928 1498 3967 ex
1525 3913 1787 3970 essentia.
1809 3915 1871 3967 A.
1908 3913 2011 3968 Μὶν

2125 3936 2141 3968 1
2179 3916 2364 3987 νηθεὶς
2390 3916 2512 3979 ὅλος
2547 3916 2603 3980 ἐξ
2630 3915 2774 3968 ὅλου.
2831 3915 2892 3968 Β.
2928 3912 3139 3967 Οὐκοῦν
3196 3914 3261 3965 ὲκ
3309 3913 3408 3985 τῆς
3467 3913 3684 3975 οὐσίας.

446 4022 466 4055 1
505 3990 648 4059 nime
674 4005 936 4074 genitum.
979 4005 1039 4058 Β.
1075 4003 1191 4069 Qua
1224 4018 1353 4075 ergo
1398 4005 1610 4060 ratione
1635 4004 1775 4059 dicis
1829 4006 2004 4074 ipsum

2125 4026 2137 4059 ι
2182 4011 2246 4060 Α.
2288 4005 2384 4059 05.
2420 4005 2481 4060 Β.
2530 4005 2716 4069 Οὕτως
2754 4000 2847 4057 οῦν
2886 4004 3048 4057 αὐτὸν
3078 4002 3259 4070 λέγεις
3284 4003 3405 4055 ὅλον
3449 4003 3510 4069 ἐξ
3535 4003 3685 4067 ὅλου,

447 4115 466 4147 1
502 4104 675 4148 totum
727 4109 791 4149 ex
831 4101 967 4160 toto,
999 4095 1162 4149 sicuti
1213 4094 1526 4164 angelorum
1578 4097 1899 4163 quemlibet,
1952 4105 2009 4152 et

2125 4118 2135 4150 ι
2177 4099 2252 4162 ὡς
2281 4099 2512 4152 ἕκαστον
2549 4097 2659 4150 τῶν
2691 4096 2941 4164 ἀγγέλων
2971 4096 3200 4148 καὶτῶν
3236 4094 3414 4148 ἄλλων
3446 4096 3685 4162 κτισμά-

447 4202 466 4235 1
508 4185 739 4239 aliarum
786 4184 1202 4241 creaturarum?
1242 4186 1306 4237 Α.
1342 4182 1446 4239 Sed
1497 4184 1667 4240 Filius
1696 4186 2011 4255 unigenitus

2125 4211 2137 4243 ι
2183 4208 2325 4256 των;
2393 4191 2455 4245 Α.
2499 4187 2641 4241 Ἀλλ’
2688 4187 2718 4238 ὁ
2748 4186 2878 4248 Υἱὸς
2917 4186 3211 4256 μονογενής
3271 4186 3437 4239 ἐστιν.
3476 4183 3539 4238 Β.
3586 4184 3686 4238 Διὰ

451 4293 471 4325 1
510 4284 615 4331 εει.
656 4273 720 4330 Β.
759 4272 1054 4344 Propterea
1096 4288 1220 4328 eum
1270 4273 1408 4330 dicis
1442 4275 1810 4346 unigenitum,
1863 4278 2009 4341 quod

2125 4282 2146 4333 ι¹
2184 4280 2341 4334 τοῦτο
2368 4279 2533 4332 αὐτὸν
2580 4278 2759 4345 λέγεις
2787 4276 3092 4344 Μοκογενῆ,
3119 4275 3240 4327 ἐπεὶ
3266 4274 3423 4337 ἄλλος
3451 4275 3690 4337 τοιοῦτος

446 4385 467 4420 1
506 4366 690 4423 nullus
734 4367 881 4429 alius
908 4366 1034 4423 talis
1073 4374 1196 4435 est;
1226 4365 1313 4421 vel
1348 4367 1493 4437 quod
1526 4368 1674 4423 solus
1721 4384 1786 4424 ex
1823 4383 2011 4424 essen-

2125 4390 2140 4424 1
2183 4372 2281 4423 οὐκ
2304 4370 2450 4423 ἔστιν
2470 4386 2484 4402 ο
2512 4369 2545 4441 ἢ
2573 4369 2694 4421 ἐπεὶ
2719 4368 2881 4438 μόνος
2908 4370 2970 4421 ἐκ
2991 4366 3091 4436 τῆς
3115 4365 3306 4426 οὐσίας
3334 4366 3683 4435 γεγέννηταιο

446 4479 466 4511 1
502 4460 576 4514 tia
620 4459 836 4529 genitus
873 4467 980 4516 est.
1012 4459 1080 4515 Δ.
1124 4459 1279 4527 Quod
1333 4460 1515 4515 nullus
1545 4460 1688 4515 alius
1733 4460 1858 4514 talis
1903 4468 2008 4514 est.

2125 4481 2141 4515 1
2184 4465 2251 4517 A.
2298 4462 2454 4515 Ἐπεὶ
2483 4460 2642 4522 ἄλλος
2663 4458 2910 4520 τοιοῦτος
2930 4459 3032 4511 οὐκ
3066 4450 3235 4510 ἐστιν.
3285 4456 3350 4510 Β.
3407 4452 3546 4509 Εἰπὲ
3598 4455 3687 4509 οὖν

449 4571 469 4602 1
508 4549 572 4608 Β.
602 4550 780 4608 Dicito
830 4551 998 4621 igitur
1047 4550 1313 4621 Spiritum
1367 4559 1618 4608 sanctum
1667 4551 2011 4622 unigenitum

2125 4572 2141 4604 1
2187 4553 2249 4605 τὸ
2284 4550 2509 4620 Πνεῦμα
2537 4550 2607 4622 τὸ,
2646 4548 2803 4615 ἅγιον
2861 4545 3129 4616 μονογενῆ
3184 4544 3313 4598 Υίόν
3341 4560 3355 4575 ⁸
3415 4544 3549 4598 ἄλλο
3577 4545 3683 4613 γὰρ

448 4661 468 4694 1
507 4638 727 4705 Filium.
762 4656 940 4712 neque
983 4641 1131 4695 enim
1163 4652 1249 4698 est
1296 4642 1441 4697 aliud
1496 4643 1695 4699 simile.
1734 4643 1803 4696 A.
1859 4642 2016 4697 Absit

450 4750 471 4784 1
507 4732 631 4787 hoc.
664 4732 727 4785 Β.
762 4730 879 4785 Non
926 4731 1094 4801 igitur
1114 4733 1263 4803 quod
1293 4734 1447 4789 solus
1478 4734 1603 4788 talis
1636 4741 1722 4791 est
1758 4733 2014 4805 unigeni-

451 4841 471 4874 1
506 4831 593 4877 tua
631 4821 855 4888 dicitur,
904 4821 1000 4878 sed
1039 4822 1185 4892 quod
1238 4822 1390 4879 solus
1438 4837 1503 4878 ex
1560 4822 1798 4877 essentia
1850 4830 2013 4876 natus

450 4930 473 4967 1
509 4919 614 4969 est.
644 4910 763 4968 Non
799 4923 882 4969 est
922 4928 990 4970 ex
1035 4916 1276 4970 essentia
1329 4915 1423 4969 Dei
1471 4913 1752 4984 Spiritus?
1791 4913 1849 4965 Β.
1879 4911 2014 4978 Quis

449 5023 472 5057 1
509 5005 706 5075 negat?
730 5007 795 5060 Α.
829 5003 973 5078 Ergo
999 5016 1053 5064 et
1083 5007 1197 5078 ipse
1226 5005 1399 5060 Filius
1447 5014 1552 5060 εει.
1583 5004 1647 5058 Β.
1685 5003 1793 5058 Sed
1835 5001 2011 5058 Filius

452 5116 472 5147 1
513 5111 578 5152 ex
607 5096 850 5153 essentia
883 5098 1099 5168 genitus
1129 5105 1237 5162 est,
1270 5103 1673 5166 proptereaque
1701 5092 2012 5163 unigenitns

451 5201 470 5233 1
509 5181 682 5241 Filius
728 5192 833 5249 est,
885 5183 1124 5256 Spiritus
1153 5198 1287 5240 vero
1327 5197 1395 5238 ex
1426 5182 1666 5237 essentia
1710 5180 1955 5246 procedit
1992 5196 2006 5233 :

447 5293 468 5327 1
505 5274 744 5346 Spiritus
775 5278 920 5331 enim
954 5291 1021 5331 ex
1052 5290 1141 5331 me
1187 5275 1435 5346 procedit
1465 5274 1731 5343 scriptum
1763 5280 1870 5337 est,
1903 5286 2010 5325 non

449 5387 469 5419 1
504 5382 635 5424 vero
665 5377 827 5425 natus
857 5378 961 5425 est.
989 5369 1054 5424 Α.
1094 5366 1162 5420 Ει
1187 5381 1435 5435 quamam
1472 5374 1557 5420 est
1581 5364 1883 5419 differentia
1919 5379 2012 5431 ge-

453 5476 473 5493 -
508 5459 812 5516 nerationis
846 5469 902 5514 et.
954 5457 1361 5529 processionis?
1401 5455 1462 5510 Β.
1498 5455 1600 5522 Qui
1649 5454 2008 5510 diil'erentiam

453 5567 472 5598 ι
509 5550 680 5615 novit,
741 5560 798 5605 et
849 5549 1072 5605 modum
1126 5546 1493 5620 generationis
1543 5555 1598 5603 et
1644 5545 2011 5617 processionis

455 5661 472 5691 ι
509 5643 681 5698 novit.
713 5642 990 5699 Neminem
1030 5657 1161 5697 vero
1186 5639 1554 5713 generationis
1591 5638 1808 5693 modum
1838 5652 2015 5707 agnas

455 5747 472 5777 ο
513 5744 663 5787 scere
688 5732 957 5803 Propheta
989 5733 1188 5790 clamat
1212 5749 1226 5799 ;
1256 5750 1275 5784 1
1304 5731 1719 5788 Generationem
1745 5729 1861 5796 rius
1883 5729 2005 5799 ίιιιίε

2120 4660 2140 4695 1
2188 4641 2429 4695 τοιοῦτον
2461 4640 2562 4692 οὐκ
2591 4638 2730 4691 ἔστι.
2779 4636 2845 4691 Α.
2888 4636 2981 4704 Μὴ
3015 4634 3248 4705 γένοιτο.
3289 4635 3351 4690 Β.
3405 4635 3524 4687 Οὐκ
3578 4636 3685 4704 ἄρα

2119 4751 2139 4784 1
2183 4732 2273 4785 διὰ
2304 4731 2364 4785 τδ
2402 4730 2561 4800 μόνον
2585 4726 2828 4782 τοιοῦτον
2857 4728 3019 4781 αὐτὸν
3054 4721 3194 4780 εῖναι
3237 4725 3555 4795 Μονογενὴς
3598 4726 3689 4779 λέ-

2124 4839 2145 4873 1
2189 4836 2367 4890 γεται,
2394 4819 2510 4873 ἀλλ’
2536 4818 2722 4887 ἐπειδὴ
2748 4818 2907 4887 μόνος
2926 4818 2989 4870 ὲκ
3008 4816 3106 4885 τῆς
3131 4814 3315 4878 οὐσίας
3333 4815 3687 4885 γεγέννηται.

2120 4930 2140 4965 1
2185 4912 2249 4964 Α.
2287 4911 2403 4963 Οὐκ
2432 4910 2579 4962 ἔστιν
2613 4909 2678 4961 ἐκ
2706 4908 2806 4975 τῆς
2834 4906 3025 4969 οὐσίας
3054 4904 3147 4959 τοῦ
3180 4904 3318 4958 Θεοῦ
3348 4905 3411 4958 τὸ
3436 4905 3685 4972 Πνεῦμας

2103 5018 2140 5063 ,ε
2189 5001 2250 5053 Β.
2280 5000 2393 5051 Καὶ
2419 4997 2582 5050 πάνυ.
2617 4998 2682 5048 Α.
2717 4995 2828 5048 Καὶ
2866 4994 2998 5047 αὐτὸ
3031 4993 3141 5064 ἄρα
3171 4993 3322 5055 Υἱός.
3351 4994 3414 5046 Β.
3485 4993 3628 5046 Ἀλλ’
3655 4994 3686 5047 ὁ

2119 5110 2139 5144 1
2195 5093 2293 5163 μὲν
2325 5089 2450 5152 Υἱὸς
2506 5088 2571 5140 ὲκ
2600 5087 2701 5156 τῆς
2759 5084 2947 5147 οὐσίας
2994 5083 3338 5153 γεγέννηται,
3387 5082 3479 5136 διὰ
3524 5084 3688 5137 τοῦτο

2120 5201 2141 5236 1
2189 5181 2483 5253 μονογενὴς
2535 5176 2685 5241 Υτὺς,
2739 5177 2802 5231 τδ
2851 5177 2908 5229 δὲ
2973 5175 3200 5245 Πνεῦμα
3230 5176 3295 5228 ὲκ
3354 5175 3456 5245 τῆς
3494 5175 3687 5238 οὐσίας

2119 5293 2139 5327 1
2183 5272 2564 5343 ἐκπορεύεται.
2602 5288 2621 5322 1
2655 5269 2881 5339 Πνεῦμα
2910 5268 3020 5337 γὰρ
3049 5267 3181 5339 παρ’
3214 5266 3351 5337 ἐμοῦ
3386 5266 3687 5337 ἐκπορεύε-

2124 5383 2143 5417 1
2187 5382 2277 5418 ται
2307 5383 2327 5417 ι
2379 5364 2714 5433 γέγραπται,
2763 5362 2824 5415 οὐ
2875 5360 3219 5430 γεγέννηται.
3270 5360 3338 5414 Α.
3391 5359 3502 5412 Καὶ
3531 5358 3683 5427 τίςή

2120 5475 2140 5510 1
2183 5456 2418 5525 διαφορὰ
2472 5454 2570 5524 τῆς
2624 5452 2935 5523 γεννήσεως
2995 5451 3221 5520 καὶτῆς
3255 5449 3682 5520 ἐκπορεύσεωςς

2120 5567 2138 5599 1
2184 5548 2244 5601 Β.
2284 5547 2343 5599 ’0
2373 5544 2470 5617 τὴν
2499 5544 2763 5615 διαφορὰν
2811 5543 2968 5607 εἰδὼς
3028 5544 3126 5597 καὶ
3177 5541 3270 5594 τὸν
3327 5540 3532 5610 τρόπον
3586 5539 3684 5607 τῆς

2121 5657 2138 5689 1
2182 5636 2493 5706 γεννήσεως
2547 5635 2645 5689 καὶ
2702 5635 2799 5703 τῆς
2857 5631 3236 5704 ἐκπορεύσεως
3265 5625 3427 5685 οἶδεν.
3461 5629 3586 5682 Ὀτι
3622 5627 3678 5681 δὲ

2123 5749 2141 5783 1
2187 5729 2358 5792 οὐδεὶς
2385 5722 2492 5781 οἶδε
2540 5724 2630 5780 τὸν
2675 5725 2877 5794 τρόπον
2935 5726 3032 5797 τῆς
3062 5724 3368 5795 γεννήσεως
3401 5724 3429 5776 ὁ
3464 5724 3672 5795 προφή-
