3958 6402
211 376 330 440 569

1169 376 1252 436 IN
1293 374 1682 437 CAMATERI
1725 366 2479 441 ANIMADVEBSIONES.

3360 377 3464 440 5το

218 508 239 536 σ
287 503 393 557 της
428 483 528 556 βοᾷ
556 503 576 537 t
612 483 724 551 Τὴν
760 486 955 556 γενεὰν
984 487 1153 553 αὐτοῦ
1214 489 1297 551 τίς
1359 489 1713 557 διηγήσεταις
1761 511 1780 540 ι

1952 493 2327 547 enarrabtt“!
2364 512 2383 544 ι
2465 492 2531 546 Α.
2584 491 2649 545 Et
2677 507 2783 559 qua
2820 491 3030 546 ratione
3060 489 3219 556 dicis,
3263 486 3460 544 Filium

227 600 247 632 ι
293 581 366 634 Δ.
401 580 512 634 Καὶ
533 579 651 637 πῶς
681 578 773 632 οῦν
798 581 977 649 λέγεις
1004 582 1085 635 ὅτι
1114 583 1142 634 6
1173 582 1272 651 μὲν
1305 582 1433 644 Υἱὸς
1461 566 1656 647 ἔχ’τῆς
1693 581 1787 633 οὐ-

221 691 243 723 (
298 673 423 734 σίας
451 673 801 740 γεγέννηται,
835 671 895 724 τὸ
923 672 981 726 δὲ
1012 673 1237 743 Πνεῦμα
1272 671 1671 743 ἑκπορεύεται;
1725 671 1787 724 Β.

220 781 242 814 ι
291 764 380 817 Τὰ
412 765 781 832 γεγραμμένα
812 763 976 831 λέγω.
1010 765 1122 819 Καὶ
1157 766 1223 818 σὺ
1253 766 1405 832 λέγε,
1443 765 1536 818 καὶ
1579 764 1641 817 οὐ
1668 780 1786 816 xw-

216 872 239 904 ι
289 853 597 917 δυνεύσεις.
636 856 702 908 Α.
755 854 864 908 Ποῦ
899 856 1230 925 γέγραπται,
1262 857 1328 908 ὲκ
1356 856 1455 923 τῆς
1481 855 1703 919 οὐσίας;
1729 856 1790 907 Β.

218 963 240 995 ε
292 945 426 997 Ὀτι
461 946 640 997 πάντα
690 947 756 999 ὲκ
780 945 872 997 τοῦ
888 946 1036 999 Θεοῦ
1082 946 1390 1015 γέγραπται
1423 947 1518 1001 καὶ
1567 948 1632 1000 σὺ
1663 951 1795 1016 ὁμο·-

217 1055 239 1085 σ
292 1035 503 1103 λογείς.
552 1035 618 1089 Α.
653 1036 760 1087 Καὶ
782 1036 1055 1104 ὁμολογῶ.
1092 1037 1183 1107 Μὴ
1215 1034 1308 1092 οὖν
1359 1039 1425 1091 ἐκ
1454 1038 1552 1106 τῆς
1605 1040 1796 1102 οὐσίας

224 1147 246 1177 ι
294 1126 373 1177 τὰ
403 1125 625 1191 πάντας
682 1125 744 1177 Β.
779 1127 930 1196 Οὐχὶ,
967 1127 1042 1200 μὴ
1070 1128 1281 1196 γένοιτο
1310 1167 1326 1182 .
1368 1128 1508 1181 Ἀλλ’
1541 1129 1625 1181 ὅτι
1653 1129 1794 1182 πάνυ

217 1235 239 1266 ι
289 1233 408 1269 των
457 1216 622 1269 ὄντων
661 1219 725 1270 ἐκ
777 1219 873 1270 τοῦ
916 1219 1074 1285 Θεοῦ,
1115 1214 1270 1283 οὗτος
1315 1223 1611 1293 μονογενὴς
1646 1222 1794 1288 Υἱὸς,

218 1330 241 1362 ι
293 1309 514 1363 πολλῶν
539 1309 711 1363 ὄντων
739 1310 892 1376 υἱῶν,
941 1306 975 1382 ἦ
1013 1310 1121 1382 μὴν
1149 1314 1215 1365 ἐκ
1258 1315 1357 1384 τῆς
1400 1312 1589 1373 οὐσίας
1642 1311 1799 1379 δῆλόν

220 1419 241 1451 ε
290 1401 475 1453 ἐστιν.
526 1402 594 1454 Α.
651 1400 745 1470 Μὴ
794 1403 889 1467 καὶ
938 1406 999 1453 τὸ
1061 1403 1287 1470 Πνεῦμα
1323 1401 1617 1470 μονογενής
1670 1401 1800 1463 Υἱός

225 1512 244 1544 ι
293 1495 489 1558 ἑστιν;
524 1492 583 1545 Β.
615 1492 724 1544 Καὶ
756 1491 853 1545 νῦν
880 1492 1046 1561 λέγω,
1085 1494 1160 1564 μὴ
1180 1490 1401 1562 ’γένοιτο
1428 1494 1622 1546 εἰπεῖν.
1658 1486 1799 1545 Ἀλλ’

228 1603 248 1634 ε
298 1583 500 1654 ὥσπερ
544 1583 761 1637 πολλῶν
798 1585 969 1640 ὄντων
1014 1586 1170 1650 υίῶν,
1216 1586 1407 1639 τοῦτον
1457 1585 1703 1655 ἔγνωμεν
1735 1588 1801 1639 ὲκ

229 1691 249 1722 ι
297 1672 404 1739 τῆς
461 1672 671 1735 οὐσίας,
723 1673 901 1727 διὰτὸ
931 1673 1108 1740 λέγειν
1142 1674 1232 1727 τὸν
1283 1673 1523 1741 Πατέρα,
1561 1691 1580 1725 ι
1632 1664 1799 1737 Οὗτός

243 1781 265 1812 ι
315 1763 462 1814 ἐστιν
509 1762 539 1814 6
598 1762 721 1824 rw,-
774 1781 879 1832 μου
920 1766 948 1818 6
992 1764 1295 1833 ἀγαπητὸς,
1360 1782 1379 1815 ι
1426 1763 1569 1817 οὕτω
1619 1766 1712 1815 καὶ
1741 1763 1802 1815 τὸ

251 1869 273 1902 ι
320 1850 533 1922 Πνεῦμα
567 1818 820 1923 εγνυᾷμέν
851 1854 916 1906 ὲκ
946 1818 1051 1907 τοῦ.
1073 1818 1312 1923 Παίερδξ,
1337 1853 1425 1906 διὰ
1463 1852 1548 1918 τι,
1580 1850 1794 1906 πολλῶν
1834 1818 1875 1874 θ

247 1959 267 1991 ι
311 1941 478 1996 ὄντων
508 1945 860 2014 πνευμάτων,
893 1945 1073 2012 λέγειν
1105 1946 1197 1999 τὸν
1225 1947 1470 2016 Πατέρα,
1530 1963 1549 1996 ι
1598 1943 1804 2013 Ἐκχεῶ

242 2046 263 2080 ι
300 2028 414 2083 ἀπὸ
446 2031 541 2083 τοῦ
574 2032 892 2103 Πνεῦματός
922 2051 1027 2104 μου
1051 2035 1144 2087 ἐπὶ
1171 2036 1351 2088 πᾶσαν
1378 2036 1577 2105 σάρκα.
1615 2054 1635 2086 ι
1672 2033 1802 2086 Ἀλ-

238 2138 258 2171 ι
302 2121 413 2184 λως
454 2122 565 2192 γὰρ
587 2123 648 2175 οὐ
673 2123 897 2179 δύναται
924 2126 1260 2194 χωρισθῆναι
1287 2125 1398 2178 τῶν
1429 2125 1604 2179 ἄλλων
1633 2123 1806 2192 ἁγίων

238 2228 259 2262 ι
306 2211 668 2280 Πνευμάτων,
701 2214 795 2267 καὶ
822 2216 1163 2286 συναφθῆναι
1197 2216 1272 2285 τῷ
1316 2216 1513 2287 Πατρὶ,
1542 2218 1592 2268 εί
1626 2215 1700 2284 μὴ
1727 2213 1805 2283 τῷ

237 2321 259 2354 ι
302 2291 454 2374 λόγῳ
487 2304 586 2374 τῆς
615 2304 823 2367 οὐσίας.
853 2306 918 2360 Α.
962 2306 1020 2359 '0
1065 2307 1174 2376 γὰρ
1218 2306 1406 2379 Πατήρ
1438 2312 1606 2370 ἐστιν,
1657 2308 1686 2357 6
1723 2307 1809 2359 λέ-

233 2411 259 2446 ι
304 2411 444 2463 γων,
496 2413 516 2448 t
566 2398 771 2464 Ἐκχεῶ
828 2400 937 2453 ἀπὸ
993 2398 1089 2451 τοῦ
1151 2400 1469 2468 Πνεῦματός
1515 2408 1651 2467 μους
1686 2417 1705 2449 ι
1741 2398 1802 2450 Β.

238 2503 263 2538 ι
310 2488 426 2540 Καὶ
485 2489 649 2544 πάνυ.
682 2492 749 2544 Α.
812 2492 920 2546 Καὶ
974 2492 1137 2545 πόθεν
1183 2491 1375 2556 τοῦτο;
1424 2493 1486 2545 Β.
1542 2490 1751 2552 Παῦλος
1779 2490 1808 2540 6

237 2594 259 2628 ι
306 2577 612 2642 ἀπόστολος
674 2580 849 2649 λέγει,
914 2598 933 2632 ι
971 2581 1259 2653 Ὅτε-γὰρ
1298 2583 1548 2650 ἐπεφάνη
1581 2582 1614 2650 ή
1649 2580 1808 2650 χάρις

237 2686 258 2722 ι
307 2671 405 2723 τοῦ
431 2671 570 2725 Θεοῦ
605 2674 700 2726 καὶ
722 2674 973 2744 Σωτῆρος
1021 2674 1181 2743 ἡμῶν
1215 2675 1314 2726 οὐκ
1374 2672 1434 2736 ἐξ
1485 2674 1686 2742 ἔργων,
1732 2667 1810 2727 ὧν
1874 2668 1879 2671 ’

238 2780 260 2812 ι
312 2764 658 2834 ἐποιήσαμεν
682 2767 845 2836 ἡμεῖς
867 2765 962 2818 ἐπὶ
984 2768 1081 2836 τῆς
1102 2765 1225 2834 γῆς,
1255 2765 1389 2819 ἀλλὰ
1416 2766 1557 2819 κατὰ
1586 2767 1646 2818 τὸ
1672 2766 1808 2818 πολὺ

242 2870 263 2902 ι
317 2851 469 2915 ἔλεος
497 2853 666 2907 αὐτοῦ
687 2854 1062 2925 ἀναγεννήσας
1095 2856 1239 2924 ἡμᾶς
1291 2855 1379 2907 διὰ
1431 2854 1657 2925 λουτροῦ
1701 2871 1809 2907 πα-

244 2961 265 2994 ι
314 2944 682 3012 λιγγενεσίας,
742 2946 838 2998 καὶ
894 2938 1317 3008 ἀνακαινώσεως
1371 2946 1709 3014 Πνεύματος,
1751 2943 1811 3001 οὗ

242 3052 263 3084 ι
315 3033 530 3106 ἐξέχεεν
554 3036 640 3104 ἐφ’
670 3037 816 3106 ἡμᾶς
847 3036 932 3089 διὰ
955 3036 1131 3107 Ἰησοῦ
1166 3035 1420 3108 Χριστοῦ.
1452 3057 1471 3088 ι
1505 3037 1600 3096 Τίς
1630 3038 1809 3107 ἐξέχεε

1900 601 1919 634 ι
1957 599 2022 637 ex
2056 585 2289 639 essentia
2327 585 2568 654 genitum
2598 599 2720 639 esse
2745 625 2761 647 .
2803 583 3067 653 Spiritum
3102 597 3232 637 vero
3267 597 3461 651 proce-

1902 691 1921 723 ι
1954 673 2127 729 dere?
2167 673 2225 730 Β.
2277 676 2408 741 Qtne
2451 677 2651 745 scripta
2691 658 2840 735 sunt,
2892 673 3084 728 recito.
3137 672 3216 726 Tu
3267 672 3459 725 eadem

1902 782 1919 815 ι
1957 766 2141 830 dicito,
2191 774 2243 820 et
2273 766 2329 820 in
2356 766 2492 820 vado
2531 765 2662 819 eris.
2704 765 2770 818 A.
2811 763 2917 820 Ubi
2967 765 3228 831 scriptum
3264 773 3349 816 εει
3386 777 3451 813 ex

1901 876 1920 909 ι
1955 857 2232 914 essentia?
2260 856 2319 911 Β.
2366 855 2558 909 Omnia
2606 872 2671 909 ex
2704 855 2815 909 Deo
2871 870 2993 909 esse
3033 854 3320 921 scriptum,
3362 866 3465 906 nec

1905 965 1924 997 ι
1968 957 2020 998 tu
2054 944 2265 999 inﬁcias
2305 944 2491 999 iveris.
2526 942 2592 997 A.
2636 943 2713 997 Ita
2751 953 2855 1005 est,
2895 943 3088 996 fateor.
3128 939 3267 994 Num
3299 939 3463 1008 igitur

1904 1057 1923 1088 ι
1956 1051 2020 1090 ex
2068 1035 2306 1089 essentia
2350 1034 2573 1088 omnia?
2618 1034 2678 1087 Β.
2712 1032 2947 1097 Minime,
2996 1034 3141 1087 absit
3187 1035 3307 1086 hoc.
3356 1032 3461 1086 Sed

1905 1147 1923 1178 ι
1957 1129 2102 1197 quod
2146 1143 2270 1182 cum
2323 1127 2506 1181 omnia
2560 1126 2671 1181 sint
2716 1142 2778 1179 ex
2831 1124 2964 1189 Deo,
3012 1126 3101 1179 bic
3150 1110 3464 1191 unigenitns

1905 1239 1923 1270 ι
1959 1221 2154 1285 Filius,
2200 1220 2329 1275 licet
2370 1219 2528 1273 multi
2572 1227 2703 1274 sunt
2752 1217 2871 1282 ﬁlii,
2935 1232 3000 1272 ex
3059 1217 3291 1273 essentia
3344 1231 3466 1270 esse

1905 1333 1922 1365 ι
1962 1314 2180 1381 planum
2212 1320 2314 1368 est.
2351 1312 2412 1366 Α.
2438 1311 2577 1385 Num
2607 1321 2660 1366 et
2679 1310 2917 1380 Spiritus
2948 1308 3258 1378 unigenitns
3292 1305 3466 1359 Filius

1907 1425 1926 1458 ι
1962 1405 2084 1460 est?
2105 1404 2165 1459 Β.
2202 1404 2265 1458 Et
2298 1419 2445 1459 nunc
2479 1405 2677 1459 iterum
2704 1413 2913 1472 repeto,
2942 1401 3105 1455 absit.
3139 1399 3243 1453 Sed
3279 1410 3469 1465 quem-

1908 1514 1927 1547 ι
1963 1495 2254 1550 admodum
2286 1495 2411 1549 licet
2444 1495 2599 1549 multi
2638 1492 2733 1547 lilii
2777 1502 2926 1555 sunt,
2965 1493 3110 1546 hunc
3137 1505 3202 1542 ex
3227 1486 3467 1542 essentia

1908 1604 1927 1636 ι
1961 1587 2328 1655 agnoscimus,
2375 1584 2518 1653 quod
2557 1585 2714 1639 Pater
2754 1584 2895 1637 dicat
2929 1598 2942 1634 :
2984 1600 3003 1633 ι
3035 1579 3136 1635 Hic
3185 1588 3266 1633 est
3298 1577 3468 1632 Filius

1907 1694 1927 1726 ι
1967 1689 2118 1728 meus
2159 1673 2391 1729 dilecms
2417 1675 2483 1740 ’⁸,
2521 1692 2539 1725 ι
2590 1672 2671 1727 sic
2704 1680 2759 1726 et
2800 1670 3058 1739 Spiritum
3104 1667 3355 1721 novimus
3400 1680 3468 1720 ex

1910 1784 1929 1817 ι
1964 1766 2140 1829 Patre,
2173 1765 2315 1833 quod
2347 1766 2470 1817 licet
2494 1763 2601 1816 sint
2632 1761 2787 1816 multi
2816 1759 3064 1829 spiritus,
3106 1756 3265 1810 Pater
3290 1754 3422 1808 dicit
3449 1769 3463 1806 :

1910 1878 1929 1912 ι
1972 1858 2257 1913 Eﬂ'undam
2286 1872 2351 1910 ex
2390 1855 2593 1924 Spiritu
2621 1868 2739 1908 meo
2772 1853 2824 1906 in
2860 1864 3078 1905 omnem
3104 1862 3321 1903 carnem
3344 1845 3410 1899 ιδ.
3443 1863 3462 1896 ι

1911 1970 1931 2003 c
1966 1949 2151 2018 Neque
2194 1949 2339 2002 enim
2367 1956 2544 2017 potest
2597 1946 2702 1999 alia
2754 1944 2966 1998 ratione
3005 1942 3072 1995 ab
3102 1941 3227 1994 aliis
3263 1937 3471 1993 sanctis

1911 2062 1931 2095 ι
1970 2043 2256 2112 spiritibus
2316 2038 2581 2109 separari,
2626 2047 2679 2091 et
2720 2035 2979 2105 conjungi
3032 2030 3177 2086 Patri
3224 2031 3328 2084 nisi
3383 2042 3471 2082 ra-

1912 2152 1931 2185 (
1969 2134 2116 2188 tione
2173 2133 2441 2187 essentia.
2479 2130 2541 2193 Α.
2600 2127 2758 2182 Pater
2819 2125 2962 2180 enim
3024 2130 3128 2183 est,
3185 2120 3277 2189 qui
3337 2119 3467 2170 ait:

1913 2242 1930 2273 ι
1965 2240 1985 2273 ι
2025 2221 2305 2276 Eﬂ‘undam
2335 2235 2398 2275 ex
2441 2219 2643 2288 Spiritu
2703 2215 2866 2269 meo?
2897 2233 2914 2266 ι
2964 2212 3022 2266 Β.
3086 2211 3165 2265 Ne
3231 2209 3466 2263 dubites.

1913 2332 1933 2364 ι
1969 2315 2033 2366 A.
2065 2310 2346 2366 Uudenam
2382 2311 2487 2364 hoc
2517 2304 2849 2362 innotescit?
2875 2303 3077 2357 Beatus
3108 2301 3313 2355 Paulus
3340 2313 3472 2367 apo-

1915 2425 1933 2457 ‹
1973 2404 2149 2465 stolus
2177 2404 2344 2467 dicit;
2386 2421 2405 2452 ι
2436 2401 2573 2455 Cum
2615 2400 2760 2454 enim
2798 2395 3051 2465 apparuit
3081 2392 3254 2462 gratia
3291 2390 3383 2443 Dei
3418 2394 3474 2440 et

1915 2515 1934 2548 ι
1970 2494 2268 2548 Salvatoris
2301 2495 2471 2548 nostri
2501 2492 2564 2555 “,
2605 2510 2624 2542 ι
2664 2504 2770 2543 non
2805 2503 2867 2542 ex
2901 2485 3162 2555 operibus
3192 2496 3314 2551 quae
3344 2479 3476 2533 feci-

1916 2602 1935 2633 ι
1971 2599 2093 2638 mus
2124 2597 2225 2637 nos
2255 2597 2417 2651 super
2450 2591 2671 2644 terram,
2723 2579 2815 2631 sed
2861 2572 3158 2630 secundum
3206 2571 3473 2639 ingentem

1918 2695 1937 2727 ι
1971 2674 2407 2729 misericordiam
2475 2687 2671 2732 suam,
2729 2680 3058 2737 regenerans
3106 2677 3207 2717 nos
3260 2661 3478 2713 lavacro

1918 2783 1936 2816 ι
1972 2763 2413 2831 regenerationis,
2471 2771 2527 2815 et
2574 2758 2943 2813 renovatiouis
2998 2754 3260 2822 Spiritus,
3313 2762 3474 2815 quem

1918 2875 1936 2907 ι
1975 2855 2164 2909 elIudit
2190 2868 2351 2921 super
2389 2869 2492 2906 nos
2536 2866 2629 2918 per
2669 2849 2855 2904 Jesum
2889 2847 3192 2925 Cliristum.
3224 2842 3357 2908 Quis
3399 2839 3480 2894 ef-

1919 2966 1938 2998 ‹
1976 2946 2115 3001 fudit
2149 2960 2242 3015 per
2276 2943 2463 2998 Jesum
2497 2942 2772 2997 Christum
2810 2939 2900 2991 ille
2937 2949 3131 3002 nempe
3165 2934 3256 3001 qui
3290 2929 3428 2983 dixit
3462 2945 3476 2982 :

1920 3056 1940 3088 ‹
1976 3021 2268 3092 Postreuiis
2311 3034 2502 3088 diebus
2543 3030 2815 3087 ell'uudam
2863 3042 2929 3081 ex
2990 3023 3196 3092 Spiritu
3259 3035 3398 3074 meo.
3457 3036 3476 3069 ι

244 3144 263 3174 ι
312 3101 623 3194 διὰ-*Ἰησοῦ
674 3101 909 3197 ἑριστοῦ
938 3144 953 3193 ;
984 3101 1226 3196 δηλονότι
1258 3129 1286 3179 6
1317 3125 1505 3191 εἰπὼν,
1537 3144 1556 3177 ι
1578 3101 1810 3190 Ἐπὶ-ταῖς

1925 3145 1943 3179 ι
1977 3128 2042 3182 Α.
2079 3124 2198 3180 Νοη
2232 3135 2317 3180 est
2347 3101 2529 3193 itaque
2558 3121 2750 3186 Filius,
2777 3119 2870 3188 qui
2910 3117 3168 3185 Spiritum
3201 3112 3481 3179 elargitnr.

245 3236 264 3268 ι
316 3216 575 3286 ἐσχάταις
604 3218 838 3288 ἡμέραις
862 3218 1036 3292 ἐκχεῶ
1052 3220 1158 3272 ἀπὶ
1179 3217 1270 3271 τοῦ
1292 3218 1606 3287 Πνεῦματὸς
1636 3235 1759 3287 μου.
1786 3238 1806 3272 ι

246 3326 265 3360 ι
332 3308 398 3362 Α.
441 3309 555 3378 Οὐχ
581 3311 608 3362 6
640 3309 765 3372 Υἱὸς
796 3309 890 3362 οὖν
924 3309 1108 3362 δίδωσι
1142 3309 1205 3361 τὸ
1238 3309 1461 3378 Πνεῦμα
1486 3325 1501 3375 ;
1525 3310 1585 3363 Β.
1614 3310 1817 3362 Ἤκου-

248 3418 269 3451 ι
319 3416 420 3464 σας
446 3400 580 3454 ὅτιὸ
621 3402 809 3471 Πατὴρ
832 3402 919 3455 διὰ
941 3400 1034 3454 τοῦ
1071 3401 1200 3454 Υίοῦ
1245 3401 1429 3454 δίδωσι
1482 3402 1542 3453 τὸ
1591 3401 1816 3470 Πνεῦμα

249 3508 270 3542 ι
316 3491 511 3560 ἀμέλει
535 3491 628 3547 τοῦ
660 3493 872 3563 Πατρδς
912 3494 1212 3563 εἰρηκότος,
1242 3511 1260 3544 ι
1300 3491 1391 3545 Ἐν
1417 3495 1532 3556 cxi;
1566 3493 1817 3561 ἐσχάταις

252 3601 271 3632 ι
319 3583 556 3652 ἡμέραις
576 3583 752 3654 ἐκχεῶ
781 3584 888 3636 ἀπὸ
908 3583 1003 3636 τοῦ
1034 3583 1345 3650 Πνεύματός
1383 3599 1507 3652 μου,
1539 3603 1558 3634 ι
1603 3584 1662 3636 'U
1691 3584 1817 3647 Υἱὸς

255 3694 275 3727 ι
321 3676 559 3739 ἀναστὰς
585 3677 649 3728 ἐκ
679 3675 885 3745 νεκρῶν
898 3677 1075 3744 λέγειν
1094 3674 1296 3727 Λάϐετε
1319 3693 1335 3725 ι
1365 3675 1582 3744 Πνεῦμα
1607 3676 1813 3743 ἅγιον.»

824 3762 1205 3822 Ἐπισταάίιι.

329 3877 350 3910 ι
389 3860 500 3912 Καὶ
521 3862 580 3913 ἐν
608 3858 782 3930 ταύτῃ
822 3863 888 3931 τῇ
921 3859 1275 3931 πραγματείᾳ
1319 3859 1385 3912 τὰ
1407 3858 1545 3913 αὐτὰ
1578 3858 1822 3912 διδάσκει

261 3968 279 4001 ι
325 3952 355 4004 6
383 3949 540 4018 ἅγιος
567 3952 632 4003 ὲκ
663 3951 758 4004 τοῦ
792 3952 1001 4019 Πατρὺς
1033 3951 1284 4022 φανερῶς
1311 3954 1411 4020 τὴν
1441 3951 1537 4005 τοῦ
1571 3950 1824 4020 Πνεῦμα-

263 4059 283 4092 (
321 4057 413 4104 τος
441 4040 785 4111 δογματίζων
810 4043 1157 4111 ἐκπόρευσιν,
1191 4043 1289 4115 τὴν
1332 4043 1391 4097 δὲ
1437 4044 1628 4096 τούτου
1679 4044 1824 4097 δόσιν

264 4149 285 4184 ι
329 4134 420 4187 διὰ
445 4132 542 4186 τοῦ
573 4133 725 4187 Υίοῦ.
763 4153 783 4187 ι
1347 4130 1350 4132 ⁷

847 4226 1241 4295 Ἀντίρῤησις.

330 4316 445 4370 Καὶ
479 4317 588 4387 μὴν
615 4317 853 4373 ἐνταῦθα
897 4320 959 4372 τὸ
985 4322 1134 4391 παρὰ
1181 4321 1278 4375 τοῦ
1316 4324 1530 4395 Πατρδς
1564 4324 1828 4395 ἐκχεόμε-

1920 3238 1938 3271 ι
1976 3219 2039 3273 Β.
2077 3217 2315 3283 Audisti,
2368 3216 2583 3270 Patrem
2628 3228 2722 3280 per
2773 3211 2968 3264 Filium
3025 3208 3155 3261 dare
3195 3203 3480 3272 Spiritum,

1923 3328 1942 3360 ι
1975 3324 2099 3363 nam
2134 3306 2293 3361 Pater
2338 3306 2474 3359 dixit
2507 3319 2523 3357 :
2582 3322 2601 3355 ι
2630 3298 2933 3356 Postremis
2978 3296 3169 3351 diebus
3209 3291 3481 3346 elinudam

1925 3420 1943 3452 ι
1979 3414 2046 3454 ex
2087 3398 2276 3468 spiritu
2319 3410 2458 3459 meo,
2490 3412 2509 3445 ι
2561 3391 2737 3446 Filius
2782 3401 3076 3459 resurgens
3132 3399 3198 3438 ex
3257 3381 3485 3435 mortuis

1927 3509 1945 3541 ι
1982 3488 2146 3544 dicit:
2183 3505 2202 3539 ι
2235 3486 2478 3555 Accipite
2507 3482 2769 3554 Spiritum
2797 3487 3049 3536 sanctum
3076 3477 3139 3530 ³³.
3183 3493 3201 3524 ι

2488 3757 2912 3819 Animadversio,

2000 3873 2019 3907 ‹
2052 3853 2109 3908 In
2170 3854 2272 3907 hoc
2303 3865 2520 3922 quoque
2564 3857 2794 3902 tractatu
2842 3858 2949 3899 non
2991 3842 3095 3896 alia
3127 3839 3315 3895 edocet
3360 3850 3487 3890 san-

1931 3962 1949 3994 ι
1986 3952 2128 4006 ctus,
2152 3957 2219 3995 ex
2257 3940 2415 3994 Patre
2446 3938 2617 4007 palam
2663 3936 2901 4004 Spiritus
2934 3932 3234 3987 decernens
3268 3939 3484 3996 proces-

1932 4052 1952 4085 ι
1989 4032 2222 4097 εἱοηὶιη,
2256 4030 2419 4100 hujus
2450 4043 2582 4084 vero
2619 4026 2970 4082 donationem
3007 4038 3103 4092 per
3134 4020 3353 4074 Filium.
3390 4035 3408 4067 ι

2559 4213 2855 4281 Refutatio.

2000 4310 2068 4365 Et
2093 4307 2449 4363 nihilominus
2480 4307 2568 4361 hic
2607 4319 2827 4375 quoque
2862 4303 3005 4374 quod
3041 4317 3070 4356 a
3118 4302 3279 4356 Patre
3310 4295 3488 4351 eliun-

261 4420 353 4459 νον
384 4404 477 4458 διὰ
504 4405 599 4458 τοῦ
625 4406 759 4460 Υίοῦ
793 4387 1078 4479 διδόμενον
1104 4410 1233 4482 ἔφη.
1275 4414 1348 4466 Ἦ
1402 4387 1534 4482 γοῦν
1558 4387 1813 4486 ὡςηπαρᾶ

1930 4400 2099 4461 ditur,
2134 4413 2233 4468 per
2252 4396 2451 4451 Filium
2482 4398 2598 4451 dari
2627 4395 3017 4464 pronuntiavit.
3042 4392 3147 4446 Aut
3189 4392 3371 4458 itaque
3413 4387 3492 4440 uti

258 4495 356 4550 τοῦ
381 4495 594 4567 Πατρδς
622 4497 709 4552 διὰ
738 4499 831 4552 τοῦ
860 4474 991 4552 Υίοῦ
1017 4474 1263 4574 ὑπάρχον
1298 4474 1450 4558 ἔσται
1483 4506 1544 4557 τὸ
1583 4474 1808 4575 Πνεῦμα

1936 4507 1966 4545 a
2005 4490 2166 4546 Patre
2202 4505 2296 4559 per
2324 4488 2521 4543 Filium
2548 4487 2819 4543 exstiterit
2853 4486 3113 4555 Spiritus,
3148 4498 3177 4536 a
3222 4481 3381 4534 Patre
3412 4477 3496 4532 ef-

259 4588 416 4658 παρὰ
445 4588 545 4641 τοῦ
581 4588 794 4659 [ἰατρὸς
830 4593 1182 4664 ἐκχεόμενον,
1210 4597 1307 4652 καὶ
1329 4597 1416 4651 διὰ
1438 4595 1534 4650 τοῦ
1563 4596 1694 4650 Υίοῦ
1750 4599 1831 4651 δι·

258 4676 489 4747 δόμενον
514 4693 529 4707 ⁸
562 4678 621 4748 ἢ,
669 4680 766 4732 ἐὰν
799 4680 874 4752 μή
903 4683 937 4752 ἠ
966 4682 1190 4754 ἔκχυσις
1221 4685 1315 4739 καὶ⁵
1364 4688 1396 4757 ή
1431 4687 1578 4748 δόσις
1610 4685 1835 4738 ἀκολου-

260 4768 411 4823 θοῖεν
440 4771 508 4839 τῇ
538 4768 797 4841 ὑπάρξει,
852 4771 982 4826 ἄλλο
1016 4771 1391 4845 ζητηθήσεται
1422 4776 1737 4846 πρόσωπον,
1774 4775 1835 4840 ἐξ

259 4855 434 4931 οὗπερ
463 4851 525 4912 τὸ
548 4861 774 4932 Πνεῦμα
805 4862 1054 4934 ὑπάρχον
1088 4866 1153 4920 ὲκ
1198 4866 1295 4920 τοῦ
1332 4869 1546 4937 Πατρδς
1597 4866 1688 4920 διὰ
1737 4864 1832 4919 τοῦ

260 4950 396 5006 Υἱοῦ
434 4955 678 5024 ικχεῖται
711 4953 1010 5027 διδόμενον.

395 5089 672 5144 ΡΗΣΕῙΣ
709 5091 1116 5146 ΣΩΦΡΟΝΙΟΥ
1144 5046 1677 5162 ΙΕΡΩΣΟΛΥΜΩΝ.

268 5202 387 5258 Τοῦ
435 5202 612 5271 ἁγίου
667 5204 1016 5274 {topper-Iov
1045 5202 1445 5274 inatptdpxov
1502 5202 1832 5274 Ἰεροσρλύ-

332 5290 468 5341 μων
488 5270 560 5326 ἐκ
586 5273 691 5327 τοῦ
717 5270 853 5343 παρ’
881 5273 1068 5328 αὑτοῦ
1099 5270 1431 5338 σταλένίος
1465 5274 1550 5339 εὶς
1576 5270 1837 5340 ίῬώμην

336 5341 692 5400 συνοδικοῦ.

338 5476 515 5531 PKB’.
574 5494 594 5528 t
654 5476 909 5531 Πιστεύω
961 5477 1166 5541 τοίνυν,
1237 5474 1533 5546 μακάριοι,
1588 5471 1841 5541 καθάπερ

279 5583 296 5616 t
338 5566 584 5639 ἀρχῆθεν
608 5568 974 5632 πεπίστευκα,
1006 5570 1085 5632 είς
1118 5566 1214 5620 ἕνα
1241 5566 1374 5620 Θεὸν
1402 5564 1837 5633 παντοκράτορα,

347 5748 382 5782 ¹¹
407 5748 529 5805 Act.
582 5761 703 5812 vm,
733 5746 822 5801 35.
901 5746 943 5779 "
981 5744 1171 5800 Matth.
1205 5759 1292 5811 tu,
1320 5743 1406 5799 i7.

1489 5742 1531 5774 "
1557 5742 1676 5797 Act.
1729 5742 1916 5809 11,17.

1937 4580 2114 4649 fusus,
2136 4592 2190 4637 et
2216 4596 2313 4651 per
2352 4581 2552 4635 Filium
2582 4581 2747 4634 datus
2779 4595 2792 4630 :
2825 4587 2917 4630 aut
2944 4575 2989 4630 si
3028 4573 3224 4630 eﬂ'usio
3248 4580 3303 4627 et
3335 4570 3501 4624 dona-

1938 4674 2013 4731 tio
2071 4688 2178 4728 non
2231 4672 2586 4742 subsequitur
2639 4668 3056 4728 exsistentiam,
3107 4664 3213 4718 alia
3264 4672 3500 4732 persona

1937 4765 2228 4836 quaarenda
2261 4771 2367 4830 est,
2402 4779 2469 4818 ex
2514 4777 2622 4833 qua
2663 4762 2904 4831 Spiritus
2947 4759 3219 4814 exsistens
3248 4771 3317 4811 ex
3342 4752 3506 4808 Patre

1937 4873 2032 4929 per
2061 4855 2261 4913 Filium
2289 4855 2588 4912 eﬂuuditur
2615 4863 2671 4910 et
2704 4856 2885 4910 datur.

2015 5082 2231 5139 DICTA
2275 5080 2563 5138 SOPHRO
2575 5080 2687 5137 NII
2723 5071 3432 5137 IIIEROSOLYMITANI.

1942 5198 2001 5254 S.
2047 5197 2326 5268 Saphrom'i
2362 5197 2685 5268 patriarcha:
2742 5193 3216 5268 Hierosolymitani
3255 5203 3322 5243 ea:
3364 5195 3505 5239 tanta

2360 5265 2613 5337 synodico
2641 5265 2863 5321 Romam
2893 5265 3077 5318 misso.

1962 5536 1967 5539 ,
2011 5469 2226 5528 CXXII.
2274 5490 2294 5521 ί
2328 5471 2506 5528 Credo
2537 5472 2723 5541 igitur,
2759 5469 2926 5533 beati,
2956 5463 3421 5537 quemadmodum
3448 5469 3505 5513 et

1947 5580 1965 5615 ι
2000 5578 2031 5618 a
2063 5562 2330 5634 principio
2370 5562 2595 5631 credidi,
2636 5562 2691 5617 iu
2731 5575 2900 5617 unum
2929 5558 3099 5614 Deum
3167 5552 3507 5644 omnipoten-

2008 5742 2067 5813 υ,
2101 5741 2210 5797 Tit.
2240 5757 2297 5807 ιι,
2339 5742 2423 5804 ll,
2524 5736 2772 5808 ",Joan.
2807 5751 2899 5800 ax,
2932 5734 3003 5786 ‘23
