3958 6392
159 400 263 465 5‘73

1112 399 1194 459 IN
1239 386 1628 456 CAMATE'RI
1670 390 2398 456 ANEMADVERSIONES

3316 379 3421 442 574

160 511 392 579 γνῶσις,
430 509 678 562 τουτέστι
705 506 817 561 τῶν
867 506 1163 574 γεννητῶν.
1215 502 1475 573 ἔξαργεϊ·
1516 502 1612 555 καὶ.
1644 502 1744 571 οὐχ
1776 536 1788 562 λ

1898 519 1933 557 ’3
1983 512 2060 557 est
2092 518 2108 555 :
2134 511 2187 555 et
2213 511 2325 554 tum
2352 511 2525 567 neque
2559 494 2730 549 Filius
2757 504 2930 562 neque
2957 488 3192 559 Spiritus
3214 487 3425 543 discer-

162 597 193 648 ό
222 596 372 658 Υἱὸς,
400 594 521 647 οὐδὲ
551 594 614 647 τὸ
659 593 880 665 Πνεῦμα
921 593 1323 646 διαστέλλονται
1367 584 1468 643 τοῦ
1509 588 1740 657 Πατρός,

163 688 309 742 ὥστε
343 685 421 757 μὴ
468 684 667 739 εἰδέναι
695 685 770 747 ὡς
818 687 847 738 ό
891 684 1115 755 Πατήρ’
1147 683 1242 735 καὶ
1274 682 1437 752 μόνος
1491 679 1745 748 ἀληθινὸς

170 779 535 848 μαρτυρεῖται
568 776 702 839 Θεδς
741 778 769 829 ό
798 775 1006 845 Πατὴρ,
1040 774 1136 829 καὶ
1174 774 1283 836 πᾶς
1314 788 1400 834 τις
1449 767 1746 839 ἕτεροφυὴς

168 869 305 932 Θεὸς
342 867 760 935 ἀποπέμπεται,
792 868 884 919 καὶ
911 866 1011 937 οὐχ
1034 866 1060 917 ὁ
1092 863 1246 928 Υἱὸς,
1280 862 1403 916 οὐδὲ
1434 861 1494 914 τὸ
1523 859 1748 928 Πνεῦμα

166 956 577 1012 διαστέλλονται
612 955 710 1009 τοῦ
756 956 987 1023 Πατρός,
1046 952 1189 1007 ὥστε
1230 952 1307 1023 μὴ
1335 951 1470 1014 Θεδς
1503 947 1644 1003 εῖναι
1673 950 1749 1011 ὡς

169 1054 199 1104 ὁ
226 1050 421 1118 Πατήρ
444 1066 458 1079 ’
498 1045 644 1101 οὕτω
677 1048 773 1101 καὶ
808 1049 857 1100 ei
898 1047 1057 1116 μόνος
1089 1045 1252 1102 αὐτὸς
1303 1044 1478 1105 αἴτιος
1514 1042 1750 1113 ῥηθήσε-

171 1158 262 1193 ται
290 1138 426 1192 Υἱοῦ
460 1154 521 1190 τε
550 1137 645 1191 καὶ
696 1137 1041 1204 Πνεῦματος,
1091 1138 1186 1191 τοῦ
1224 1137 1322 1207 μὲν
1350 1133 1486 1188 Υῐοῦ
1516 1130 1660 1186 κατά
1687 1129 1749 1182 τὸ

172 1231 446 1302 προσεχὲς
468 1228 810 1298 νοηθήσεται,
832 1226 928 1280 τοῦ
950 1229 1007 1282 δὲ
1028 1228 1347 1298 Πνεῦματος
1367 1225 1456 1279 διὰ
1474 1223 1570 1278 τοῦ
1594 1220 1750 1275 Υἱοῦ·

173 1325 275 1374 καὶ
308 1320 474 1389 μόνος
499 1318 671 1387 ὅμως,
700 1317 823 1370 ἐπεὶ
842 1316 903 1383 ὲε
922 1317 1181 1386 οὐδεμιᾶς
1208 1316 1379 1386 ἄλλης
1410 1311 1754 1383 ἑτεροουσιου

174 1410 357 1480 ἀρχῆς
388 1411 417 1461 ό
447 1407 576 1469 Υἱὸς
606 1407 641 1476 ἦ
673 1408 735 1459 ce
769 1405 1018 1474 Πνεῦμα.
1068 1407 1176 1460 Καὶ
1203 1407 1291 1460 ὅτι
1319 1408 1354 1476 ὴ
1386 1405 1475 1458 διὰ
1497 1403 1593 1456 τοῦ
1620 1400 1754 1456 Υἱοῦ

176 1497 418 1567 ῦπαρξις
447 1495 544 1548 τοῦ
582 1495 896 1567 Πνεῦματος
925 1498 991 1550 ὲκ
1021 1497 1236 1567 Πατρδς
1288 1498 1373 1559 εἷς
1423 1494 1486 1548 τὸ
1540 1493 1757 1564 πρῶτον

73 1617 82 1625 -
176 1588 359 1640 αἴτιον
391 1585 722 1655 ἀναφέρεται
768 1585 864 1639 τὸν
891 1586 1135 1654 Πατέρα,
1168 1586 1246 1649 ὡς
1277 1586 1365 1638 διὰ
1394 1586 1497 1655 τῆς
1540 1583 1759 1645 ἀκτῖνος

104 1688 108 1691 ·
178 1676 349 1745 τυχὸν
374 1679 409 1745 ἡ
434 1675 527 1728 τοῦ
553 1674 734 1742 φωτὸς
759 1675 838 1736 εις
865 1674 958 1728 τὸν
981 1675 1154 1745 ἥλιον,
1183 1675 1268 1740 τὸ,
1302 1674 1464 1745 μόνος
1491 1676 1519 1726 ό
1546 1673 1694 1743 Πατὴ
1705 1691 1757 1745 ρ,

188 1769 257 1821 οῦ
287 1767 423 1833 προς
447 1766 728 1835 διαστολὴν
756 1763 851 1818 τοῦ
883 1764 1014 1819 Υεοῦ
1044 1766 1138 1818 ἐπὶ
1166 1766 1263 1836 τῆς
1299 1764 1399 1819 τοῦ
1442 1762 1760 1835 Πνεῦματος

195 1856 479 1928 ὑπάρξεως
498 1855 920 1926 ἑκληφθήσεται.

417 1946 547 2000 Ἀπὸ
581 1946 689 2001 τοῦ
712 1944 758 2008 ζ’
808 1946 1141 2016 κεφαλαίου
1171 1945 1292 2001 τῶν
1317 1945 1549 2001 αὐτῶν.-

251 2039 429 2096 PKA'.
458 2056 479 2089 ι
513 2038 823 2109 Μονογενὴς
840 2040 947 2109 γὰρ
963 2039 990 2091 ό
1007 2037 1156 2102 Υἱός.
1180 2038 1254 2090 Τὸ
1286 2037 1342 2090 δὲ
1365 2037 1519 2103 ἆγισν
1542 2033 1766 2103 Πνεῦμα

188 2147 209 2181 ι
257 2130 422 2196 ἅγιον
447 2128 584 2181 Θεοῦ
613 2127 863 2196 Πνεῦμα,
914 2129 1005 2182 ἀεὶ
1057 2128 1119 2182 ὃν
1148 2130 1247 2182 σὺν
1278 2130 1456 2199 Πατρὶ
1501 2127 1595 2182 καὶ
1628 2127 1764 2198 Υἱῷ,

190 2239 211 2273 ι
254 2221 365 2273 οὐκ
391 2219 675 2291 ἀλλότριον
726 2219 884 2286 Θεοῦ,
915 2219 1023 2273 ἀπὸ
1053 2219 1190 2273 Θεοῦ
1221 2220 1278 2273 δὲ
1304 2219 1395 2283 ὃν,
1423 2220 1533 2275 ἀπὸ
1560 2218 1771 2290 Πατρὸς

189 2332 211 2366 ι
255 2311 722 2383 ἐκπορευόμενον,
751 2310 847 2364 καὶ
879 2310 967 2365 διὰ
993 2309 1086 2365 τοῦ
1116 2310 1249 2366 Υἱοῦ
1290 2310 1586 2382 λαμῦἀνον.
1629 2329 1649 2363 ι

806 2495 1188 2550 Ἐπιστασία.

266 2608 292 2641 ε
346 2587 618 2650 Ἀκούεις,
641 2585 760 2647 πῶς
786 2586 850 2638 τὸ
876 2589 941 2638 εκ
971 2586 1106 2638 Θεοῦ
1143 2586 1457 2656 σαφηνιζων
1500 2583 1595 2638 καὶ
1623 2577 1777 2645 οὗτος

194 2702 215 2736 ι
264 2681 297 2734 ό
330 2680 513 2746 ἅγιος,
564 2676 749 2739 καθὼς
777 2676 839 2727 ὲν
867 2675 1093 2740 πολλαῖς
1160 2678 1490 2746 περικοπαίς
1521 2674 1778 2741 ἀνωτέρω

195 2791 215 2824 ι
270 2767 943 2841 προεπεσημειωσάμεθα,
992 2767 1053 2820 τδ
1097 2767 1163 2820 ὲκ
1211 2766 1306 2820 τοῦ
1369 2766 1581 2838 Πατρὺς
1624 2764 1784 2827 εὐθὺς

198 2878 219 2911 ι
265 2859 492 2927 ἐπάγει.
536 2875 557 2906 ι

794 2947 1190 3016 Ἀντίῤῥησις.

271 3049 355 3103 Οὐ
371 3046 553 3108 καλῶς
572 3043 880 3114 ἐπέστησας
901 3041 1150 3098 ἐνταυθοῖ
1165 3039 1240 3109 τῷ
1258 3040 1321 3092 ἐκ
1336 3035 1503 3092 Θεοῦ,
1519 3036 1790 3106 Πρότερον

1850 602 2056 647 nuntur
2089 606 2116 643 a
2156 588 2337 652 Patre,
2375 587 2514 643 adeo
2558 592 2617 639 ut
2646 584 2749 654 ipsi
2805 582 2986 636 minus
3041 579 3217 634 sciant
3245 590 3427 645 ,quam

1849 685 2030 740 Pater.
2073 681 2137 735 Et
2168 681 2319 736 solus
2360 678 2501 732 Deus
2547 689 2712 731 verus
2764 672 2908 727 Dens
2942 670 3207 725 asseritur
3243 666 3427 731 Pater,

1851 783 1906 830 et
1927 774 2241 845 quicunque
2262 771 2423 832 alius,
2455 767 2548 838 qui
2609 780 2716 821 non
2774 772 2861 818 est
2891 760 3141 831 ejusdem
3193 766 3425 820 natura,

1854 864 2001 919 Deus
2029 860 2470 923 exterminatur;
2503 869 2613 910 non
2646 864 2826 908 tamen
2860 850 3035 905 Filius
3068 862 3169 903 nec
3192 845 3430 916 Spiritus

1855 972 1885 1012 a
1910 953 2071 1010 Patre
2105 959 2487 1011 secernuntur,
2514 946 2649 1001 adeo
2675 951 2737 999 ut
2768 942 2913 997 Deus
2942 954 3049 995 non
3079 937 3210 1004 sint,
3260 934 3429 991 veluti

1855 1057 1910 1103 et
1946 1044 2148 1100 Pater:
2180 1042 2295 1112 pari
2322 1041 2532 1095 ratione
2560 1036 2687 1092 licet
2734 1036 2887 1089 solus
2938 1033 3058 1101 ipse
3089 1043 3255 1085 causa
3287 1041 3435 1080 nun-

1855 1145 2084 1214 cupetur
2114 1134 2239 1189 Filii
2288 1143 2343 1188 et
2373 1131 2633 1202 Spiritus,
2672 1126 2799 1182 Filii
2856 1124 3072 1196 quidem
3131 1119 3431 1176 secundum

1858 1210 2181 1286 continuum
2212 1224 2546 1293 intelligetur
2574 1235 2718 1285 esse,
2754 1218 2992 1289 Spiritus
3024 1228 3154 1269 vero
3201 1226 3298 1283 per
3343 1208 3437 1263 Fi-

1858 1320 1990 1375 lium
2014 1328 2101 1382 ;et
2127 1314 2481 1372 nihilominus
2506 1311 2679 1376 solus,
2713 1323 2839 1364 cum
2867 1323 2934 1362 ex
2968 1303 3265 1370 nulloalio,
3290 1299 3438 1373 quod

1861 1409 1934 1465 sit
1958 1407 2183 1463 alterius
2215 1414 2445 1466 naturae,
2481 1399 2746 1472 principio
2773 1397 2947 1453 Filius
2966 1397 3052 1451 vel
3073 1393 3312 1464 Spiritus
3333 1396 3437 1445 est.

1863 1501 1930 1556 Et
1961 1499 2105 1570 quod
2131 1512 2227 1567 per
2273 1494 2470 1550 Filium
2530 1489 2848 1547 exsistentia
2910 1487 3147 1558 Spiritus
3179 1499 3245 1539 ex
3272 1481 3435 1536 Patre

1863 1591 1931 1646 ad
1960 1588 2193 1659 primam
2213 1598 2436 1639 causam
2469 1582 2684 1636 Patrem
2714 1578 2968 1643 refertur,
3011 1573 3177 1631 veluti
3228 1587 3323 1642 per
3349 1584 3441 1625 ra-

1864 1680 2014 1735 dium
2042 1675 2266 1731 luminis
2303 1671 2625 1728 exsistentia
2655 1671 2720 1723 ad
2750 1667 2948 1733 solem,
2978 1665 3131 1721 solus
3152 1662 3311 1717 Pater
3332 1675 3440 1714 non

1868 1770 1937 1824 ad
1964 1766 2360 1824 excludendum
2388 1760 2584 1817 Filium
2616 1762 2670 1815 in
2703 1759 2940 1831 Spiritus
2971 1754 3291 1812 exsistentia
3341 1750 3444 1806 deo

1798 1835 1842 1892 Β
1870 1869 2142 1918 sumetur.

2225 1949 2309 2005 Ea:
2346 1947 2565 2017 septima
2598 1944 2766 2012 capite
2826 1937 3100 2010 Ancgroti.

1934 2041 2167 2100 CXXIV.
2201 2059 2220 2092 ι
2265 2037 2588 2108 Unigenitus
2609 2020 2751 2088 enim
2790 2030 2982 2085 Filius.
3031 2029 3264 2082 Sanctus
3318 2033 3447 2076 vero

1873 2155 1894 2190 ι
1940 2135 2198 2204 Spiritus,
2235 2139 2457 2187 sanctus
2489 2124 2579 2182 Dei
2610 2122 2868 2194 Spiritus,
2899 2134 3113 2188 semper
3144 2131 3267 2171 eum
3289 2114 3451 2167 Patre

1877 2248 1896 2280 ‹
1949 2237 2003 2282 et
2032 2224 2170 2279 Filio
2199 2221 2491 2282 exsistens,
2513 2231 2621 2271 non
2658 2214 2868 2268 alienus
2890 2226 2918 2265 a
2954 2209 3087 2273 Deo,
3123 2206 3215 2262 sed
3281 2219 3311 2259 a
3339 2203 3452 2257 Deo

1879 2336 1900 2371 ι
1948 2315 2235 2378 exsistens,
2293 2325 2323 2365 a
2372 2310 2533 2364 Patre
2573 2302 2878 2376 procedens
2958 2307 3013 2354 et
3055 2312 3086 2352 a
3135 2295 3272 2351 Filio
3312 2289 3456 2347 acci-

1883 2431 1901 2465 ι
1964 2412 2142 2482 piens.
2184 2426 2204 2458 ι

2459 2486 2872 2546 Αηὶιηαάυετδὶο.

1958 2614 1984 2648 ι
2033 2591 2272 2647 Audisne
2329 2595 2392 2642 ut
2433 2579 2839 2651 intelligendum
2871 2577 2941 2631 sit
2990 2573 3172 2628 illud:
3218 2571 3296 2627 Ex
3348 2571 3458 2625 Deo

1889 2706 1909 2741 ι
1959 2693 2182 2741 sanctus
2222 2679 2541 2747 explanans,
2570 2667 3029 2742 quemadmodum
3085 2665 3137 2718 in
3181 2661 3461 2734 plerisque

1893 2796 1912 2831 ι
1977 2776 2099 2831 aliis
2124 2770 2398 2842 pericopis
2423 2779 2585 2835 supra
2614 2758 3125 2820 animadvertimus,
3176 2752 3359 2810 statim
3392 2751 3461 2805 il-

1896 2888 1914 2923 ι
1971 2868 2088 2930 lud,
2116 2881 2181 2920 ex
2210 2862 2369 2918 Patre
2397 2852 2712 2913 subnexuit.
2752 2869 2772 2902 ι

2526 2943 2819 3013 Refutatio.

1922 3045 1927 3049 ’
1964 3051 2082 3104 Νοιι
2115 3044 2362 3114 equidem
2396 3048 2543 3094 recte
2569 3038 2672 3090 hoc
2699 3034 2752 3089 iu
2782 3033 2900 3087 loco
2925 3029 3029 3094 illi,
3059 3040 3120 3083 ex
3152 3024 3288 3091 Deo,
3344 3023 3465 3078 aui-

196 3140 318 3209 γὰρ
348 3141 375 3190 ὁ
401 3136 554 3204 ἅγιος
570 3134 741 3188 εἰπὼν
758 3135 819 3188 τδ
838 3133 937 3186 οὐκ
971 3131 1250 3201 ἀλλότριον
1277 3128 1434 3192 Θεοῦ,
1457 3128 1562 3179 ἀπὸ
1577 3125 1711 3178 Θεοῦ
1735 3123 1788 3177 δὲ

1898 3154 2047 3194 mum
2075 3126 2524 3188 advertisti.Nam
2584 3138 2706 3179 eum
2757 3123 2910 3191 prius
2945 3128 3171 3175 sanctus
3210 3115 3463 3175 dixisset,

198 3229 288 3294 ὃν,
313 3229 590 3295 δεδήλωκε
647 3225 708 3279 τὺ
744 3224 818 3295 μὴ
877 3222 985 3275 ἀπό
1014 3237 1163 3284 τινος
1186 3219 1375 3287 ἄλλης,
1406 3216 1501 3270 ἀπ’
1531 3216 1699 3281 αὐτῆς
1729 3213 1787 3264 δὲ

201 3322 312 3388 τῆς
355 3320 504 3381 θείας
549 3317 739 3379 οὐσίας
785 3311 926 3368 εἶναι
964 3312 1026 3365 τὸ
1073 3311 1317 3379 Πνεῦμα;
1353 3302 1484 3360 Εἶτα
1520 3304 1617 3358 καὶ
1644 3303 1792 3362 ὅπως

205 3413 327 3466 ἀπὸ
360 3411 461 3478 τῆς
514 3408 666 3470 θείας
700 3405 833 3459 αὐτό
866 3406 1017 3457 ἐστιν
1040 3400 1227 3462 οὐσίας
1258 3397 1560 3467 διασαφῶν,
1591 3393 1680 3447 διὰ
1705 3391 1795 3443 λέ-

210 3501 358 3565 ξεων
389 3496 761 3565 εὐαγγελικῶν
814 3493 911 3547 καὶ
958 3490 1285 3561 ἀμφοτέρων
1316 3487 1475 3539 τοῦτο
1504 3484 1794 3555 ἐδήλωσεν,

210 3589 520 3658 ἐπαγαγὼν
546 3588 624 3651 τὸ,
682 3605 701 3638 ι
742 3585 854 3638 ἀπὸ
916 3581 1133 3652 Ila-rgo;
1182 3577 1641 3647 ἐκπορευόμενον,
1705 3573 1798 3625 καὶ

211 3685 315 3737 διᾶιι
335 3683 427 3737 τοῦ
458 3681 590 3733 Υἱοῦ
620 3678 893 3748 λαμϐάνον
913 3691 930 3706 ·
970 3693 988 3725 ι
1022 3667 1066 3741 ᾧ
1093 3673 1148 3725 δὲ
1169 3668 1385 3738 ἀληθῶς
1417 3664 1708 3733 ἐπιστῆσαί
1741 3678 1801 3715 σε

216 3776 354 3838 εδει,
406 3771 567 3825 τοῦτο
615 3766 705 3839 ἦν,
761 3765 881 3829 πῶς
931 3764 1025 3818 διὰ
1069 3761 1162 3815 τοῦ
1198 3758 1335 3813 Υἱοῦ
1388 3755 1687 3826 λαμϐάνειν
1738 3751 1801 3809 τὸ

217 3865 511 3932 Πνεῦμαηό
547 3858 858 3928 ἅγιος-ἐφη,
890 3857 957 3908 ὲκ
1003 3853 1098 3907 τοῦ
1132 3850 1264 3904 Υῐοῦ
1319 3846 1621 3918 λαμϐάνειν
1671 3841 1804 3896 αὐτὸ

220 3960 401 4026 λέγων
431 3951 714 4026 μυριηοῦζ
746 3948 898 4018 ’Ἄρα
918 3947 1027 4016 γὰρ
1050 3946 1168 4015 ἐστι
1187 3961 1239 3997 τι
1262 3941 1661 4010 ἐναργέστερον
1685 3933 1808 3988 τοῦ-

222 4068 320 4105 του
354 4049 491 4118 πρδς
521 4044 797 4108 ἀπόδειξιν
847 4039 940 4094 τοῦ
976 4041 1056 4101 εἰς
1082 4037 1180 4107 τὴν
1210 4035 1375 4101 αὐτὴν
1429 4027 1806 4112 λαμϐάνεσθαι

226 4101 442 4196 ἐννοιαν
472 4101 566 4192 επὶ
591 4137 686 4190 τοῦ
723 4101 866 4187 ’Υἱοῦ
894 4132 993 4202 τὴν
1022 4131 1091 4183 ἐκ
1114 4101 1208 4181 καὶ
1233 4127 1330 4180 διά
1370 4142 1384 4191 ;
1414 4124 1525 4177 Καὶ
1551 4125 1600 4175 εὶ
1622 4101 1808 4183 τοῦτο,

229 4233 351 4296 πῶς
378 4235 408 4285 ὁ
457 4232 524 4282 ὲκ
563 4227 659 4280 τοῦ
690 4222 906 4293 ιιατρδς
960 4221 1047 4274 διὰ
1085 4218 1180 4271 τοῦ
1234 4213 1367 4269 Υἱοῦ
1410 4209 1810 4280 ἐκπορεύεσθαι

230 4324 407 4391 λέγων
441 4320 503 4372 τὸ
530 4317 757 4386 Πνεῦμα
793 4313 1027 4384 Γραικὸς
1059 4311 1123 4363 οὐ
1175 4305 1487 4378 συμφωνῶν
1519 4306 1667 4357 ἐστιν
1718 4298 1812 4355 ἐπὶ

233 4418 410 4485 τούτῳ
434 4412 517 4482 τῷ
536 4409 767 4477 δόγματι
797 4405 874 4477 τῷ
906 4404 966 4469 ἐξ
994 4402 1196 4472 ἀμφοῖν
1250 4400 1384 4452 αὐτὸ
1404 4398 1618 4465 λέγοντι
1643 4397 1811 4448 ἐκπο-

241 4507 497 4580 ρεύεσθαι
540 4502 726 4571 Ἰταλῷ
752 4518 766 4567 ;

389 4593 531 4650 Ἀπὸ
567 4592 675 4645 τοῦ
706 4588 923 4658 ὀγδόου
950 4583 1283 4654 κεφαλαίου
1312 4580 1432 4634 τῶν
1456 4577 1678 4634 αὐτῶν.

306 4679 489 4740 PKE’.
527 4700 548 4734 ι
603 4679 743 4733 Ἀλλ’
769 4681 798 4732 ὁ
832 4678 932 4744 μὲν
989 4676 1118 4737 Υἱὸς
1178 4670 1496 4743 μονογενὴς,
1542 4666 1821 4735 ἀκατάλη-

251 4796 269 4830 ι
313 4792 471 4838 πτος,
495 4776 589 4825 καὶ
616 4773 678 4824 τὸ
700 4770 924 4836 Πνεῦμα
948 4764 1334 4834 ἀκατάληπτον
1357 4777 1373 4796 ο
1388 4763 1468 4814 -ὲκ
1486 4758 1620 4814 Θεοῦ
1642 4760 1698 4812 δὲ
1720 4759 1819 4811 οὐκ

253 4887 271 4919 ι
315 4861 838 4934 ὣλὸτριονᾙατρδς
870 4858 965 4911 καὶ
991 4856 1147 4911 Υῑοῦ.
1185 4854 1261 4908 Οὐ
1298 4851 1596 4919 συναλοιφή
1620 4850 1678 4903 δέ
1702 4849 1819 4901 ἐστι

254 4979 272 5012 ι
322 4956 501 5027 [Ιατρὶ
533 4955 627 5009 καὶ
662 4953 794 5018 Υἱῷ,
845 4950 979 5003 ἀλλὰ
1011 4947 1181 5019 Τριὰς
1221 4944 1308 4999 ἀεὶ
1358 4940 1492 4996 οὖσα
1521 4942 1618 5010 τῆς
1649 4941 1820 5009 αὐτῆς

256 5070 275 5104 ι
319 5051 531 5111 οὐσίας,
575 5046 674 5115 οὐχ
710 5044 874 5110 ἑτέρα
902 5041 1059 5093 οὐσία
1112 5038 1264 5109 παρὰ
1295 5037 1397 5105 τὴν
1438 5035 1687 5101 θεότητα,
1720 5031 1821 5099 οὐχ

259 5164 277 5196 ι
320 5146 485 5211 ἑτέρα
519 5138 712 5206 θεότης
743 5136 893 5204 παρὰ
920 5132 1019 5202 τὴν
1058 5129 1267 5192 οὐσίαν,
1307 5126 1422 5181 ἀλλ’
1448 5128 1483 5195 ἡ
1513 5123 1653 5192 αὐτὴ
1698 5121 1820 5174 θεό-

259 5255 278 5288 ι
322 5251 444 5302 της,
480 5231 575 5284 καὶ
606 5231 670 5282 ἐκ
711 5228 811 5296 τῆς
846 5226 1099 5294 θεότητος
1124 5223 1155 5274 ὁ
1179 5219 1305 5282 Υιὸς
1336 5218 1431 5270 καὶ
1459 5215 1520 5268 τὸ
1573 5212 1818 5278 Πνεῦμα,

266 5346 283 5377 ι
324 5301 417 5380 καὶ
442 5323 504 5376 τὸ
526 5322 625 5390 μὲν
646 5318 871 5387 Πνεῦμα
900 5317 1054 5383 ἅγιον
1088 5309 1335 5381 Πνεῦμα,
1358 5310 1393 5363 όν
1418 5308 1475 5362 δὲ
1496 5305 1621 5368 Υἱὸς
1672 5301 1819 5365 Υἱὸς,

263 5438 279 5468 ι
321 5417 382 5470 τὸ
406 5416 465 5468 δὲ
513 5411 740 5478 Πνεῦμα
792 5410 946 5476 παρὰ
980 5403 1191 5474 Πατρός
1225 5398 1676 5472 ἐκπορευόμενον,
1726 5392 1822 5446 καὶ

264 5530 280 5562 ι
324 5512 393 5563 ὲκ
410 5505 508 5560 τοῦ
528 5503 663 5557 Υἱοῦ
688 5498 982 5569 λαμϐάνον.
1021 5514 1040 5547 ι

855 5585 1224 5641 Ἐπιστασια.

333 5706 354 5738 ι
409 5685 658 5742 Ἀκούεις
722 5676 911 5746 σαφῶς
959 5672 1054 5728 καὶ
1082 5672 1141 5726 τὸ
1173 5673 1239 5724 ἐκ.
1268 5670 1367 5739 τῆς
1399 5668 1671 5738 θεότητος,
1703 5663 1823 5717 ἀντὶ

268 5797 285 5830 ι
328 5778 423 5832 τοῦ
453 5776 519 5829 ὲκ
570 5771 782 5842 Πατρὸς
813 5765 1079 5838 ἔκληφθὲν
1113 5762 1190 5833 τῷ
1228 5760 1386 5832 ἁγίῳ,
1413 5762 1477 5814 ὲκ
1510 5760 1607 5830 τῆς
1635 5758 1824 5827 θεότη-

1895 3244 2004 3284 non
2040 3228 2252 3280 alienus
2280 3237 2308 3274 ο
2338 3220 2467 3280 Deo,
2497 3217 2588 3270 sed
2618 3232 2643 3267 a
2678 3213 2786 3267 Deo
2835 3211 3131 3271 exsistens,
3154 3203 3473 3260 manifesta-

1894 3318 1992 3379 vit,
2021 3330 2129 3369 non
2157 3312 2225 3367 ab
2272 3309 2376 3363 ulla
2409 3286 2651 3363 alia.sed
2710 3305 2778 3355 ab
2811 3301 2928 3368 ipsa
2985 3296 3166 3351 divina
3213 3292 3474 3355 essentia,

1899 3409 2165 3479 Spiritum
2203 3417 2345 3463 esse,
2380 3409 2432 3452 et
2458 3392 2736 3467 quomodo
2766 3391 2838 3446 sit
2877 3388 2969 3443 ille
3005 3402 3033 3439 a
3062 3385 3244 3439 divina
3289 3396 3475 3437 essen-

1899 3474 1972 3553 tia
2040 3507 2136 3565 per
2215 3489 2478 3545 dictiones
2542 3482 2883 3551 evangelicas
2951 3474 3284 3532 declaravit,
3350 3482 3474 3524 cum

1905 3555 2134 3647 addidit,
2165 3600 2183 3633 ι
2217 3595 2285 3634 ex
2313 3579 2473 3633 Patre
2502 3571 2828 3641 procedens.
2861 3574 2915 3620 et
2934 3561 3244 3635 pchilium
3271 3555 3480 3626 accipi-

1904 3692 2028 3734 ens.
2065 3694 2084 3728 ι
2132 3667 2512 3726 Adnotandum
2546 3678 2676 3718 vero
2704 3661 2799 3715 tibi
2832 3667 2972 3722 erat,
3004 3669 3111 3725 qua
3134 3652 3344 3705 ratione
3384 3661 3480 3715 per

1902 3758 2377 3826 Filium-accipere
2420 3752 2679 3822 Spiritum
2713 3754 2938 3801 sanctus
2998 3738 3320 3797 enuntiavit.
3355 3749 3477 3789 cum

1905 3870 1971 3909 ex
2000 3846 2136 3905 Filio
2167 3825 2416 3916 accipere
2444 3843 2613 3896 illum
2632 3835 2936 3892 innumeris
2964 3831 3098 3885 lueis
3121 3828 3288 3884 dicat.
3311 3825 3481 3879 Estne

1909 3945 1974 4000 ad
2021 3915 2506 3997 demonstrandum
2564 3929 2706 3984 aliud
2750 3925 2929 3996 aptius
2978 3931 3068 3976 aut
3100 3915 3484 3974 accommoda-

1911 4044 2040 4096 tius,
2070 4031 2124 4085 in
2157 4026 2403 4083 eamdem
2433 4018 2753 4078 sententiam
2785 4014 2926 4070 sumi
2958 4013 3024 4067 de
3047 4008 3188 4063 Filio
3222 4021 3288 4061 ea:
3313 4012 3367 4059 et
3391 4017 3487 4073 per

1912 4115 2356 4193 prmpositiones?
2389 4112 2456 4168 Et
2512 4112 2557 4167 si
2596 4109 2650 4164 id
2701 4117 2808 4173 est,
2880 4101 3154 4175 quomodo
3203 4098 3295 4169 qui
3357 4095 3487 4149 dicit

1915 4189 2174 4283 Spiritum
2212 4222 2283 4262 ex
2316 4209 2479 4263 Patre
2524 4214 2620 4272 per
2648 4199 2856 4254 Filium.
2894 4193 3194 4265 procedere
3235 4189 3481 4247 Graecus,

1914 4278 2018 4358 non
2049 4297 2343 4355 concordat
2374 4296 2427 4349 in
2465 4295 2571 4347 hoc
2624 4291 2876 4358 dogmate
2906 4300 3047 4340 eum'
3077 4279 3247 4345 Italis,
3276 4278 3370 4349 qui
3417 4291 3487 4331 ex

1916 4402 2147 4459 utroque
2170 4399 2296 4443 eum
2328 4381 2623 4454 procedere
2653 4372 2939 4432 fatentur?

1849 4473 1892 4551 9

2159 4569 2245 4624 Ea:
2269 4575 2451 4621 octavo
2479 4564 2650 4632 capite
2691 4560 2935 4630 ejusdem
2954 4555 3255 4613 voluminis.

1988 4661 2201 4719 CXXV.
2238 4680 2257 4712 ι
2297 4659 2402 4714 Sed
2426 4657 2597 4712 Filius
2614 4653 2832 4723 quidem
2862 4649 3503 4721 unigenitusincompre-

1926 4774 1944 4809 ι
1992 4752 2294 4821 hensibilis,
2335 4759 2389 4804 et
2420 4746 2662 4817 Spiritus
2685 4738 3269 4812 incomprehensibilis,
3300 4751 3495 4792 verum

1925 4863 1947 4898 ι
1995 4858 2063 4898 ex
2125 4841 2254 4907 Deo,
2305 4853 2411 4893 non
2458 4830 2923 4890 alienus=aLPattre
2968 4837 3025 4885 et
3062 4826 3226 4892 Filio,-
3258 4840 3365 4880 non
3410 4835 3499 4880 est

1929 4955 1948 4988 ‹
1999 4926 2681 4989 vero-contractio‘Patris-
2696 4932 2750 4978 et
2780 4923 2924 4987 Filii;
2959 4918 3324 4976 sed'Trinitas
3354 4930 3503 4970 sem-

1927 5046 1947 5081 ι
1995 5040 2091 5097 per
2144 5019 2687 5089 “sistens-ejusdem
2720 5014 2990 5078 essentia,
3026 5025 3131 5065 non
3177 5010 3501 5063 alia‘esse-n-

1928 5139 1947 5171 ι
1993 5119 2091 5182 tia,
2118 5130 2282 5187 quam
2310 5127 2433 5183 qute
2460 5110 2682 5166 deitatis
2705 5118 2808 5173 est,
2840 5118 2947 5162 non
2978 5105 3083 5160 alia
3110 5104 3302 5164 duitas,
3328 5112 3494 5170 quam

1926 5230 1947 5263 ι
1994 5224 2115 5281 quae
2161 5206 2405 5276 ejusdem
2429 5203 2680 5259 essentia;
2708 5209 2815 5264 est,
2863 5200 2956 5253 sed
2993 5196 3179 5251 eadem
3200 5194 3397 5255 deitas,
3442 5197 3499 5244 et

1927 5323 1946 5356 ι
1996 5317 2059 5355 ex
2090 5299 2290 5355 deitate
2340 5295 2512 5350 Filius
2541 5281 2881 5362 et‘Spiritus,
2906 5297 2971 5342 et
2993 5286 3229 5356 Spiritus
3260 5282 3499 5352 Spiritus

1928 5408 1946 5441 ε
1998 5395 2240 5449 sanctus,
2270 5383 2442 5437 Filius
2471 5380 2659 5440 Filius.
2682 5378 2962 5448 Spiritusa
2982 5373 3144 5428 Patre
3171 5369 3496 5442 procedens,

1908 5464 1951 5532 ἰ
2009 5491 2063 5535 et
2097 5495 2161 5533 ex
2191 5477 2331 5531 Filio
2369 5474 2663 5544 accipiens.
2700 5492 2740 5521 ιε

2511 5564 2926 5622 A’niiuadversio.

2000 5684 2019 5717 ι
2061 5664 2229 5719 Audis
2267 5668 2450 5733 aperte
2486 5657 2641 5723 illud,
2673 5670 2740 5709 ex
2786 5652 3010 5715 Deitate,
3042 5662 3141 5718 pro
3183 5647 3302 5718 ipso
3339 5640 3501 5698 Patre

1932 5776 1949 5808 ι
2013 5755 2182 5825 accipi
2225 5769 2256 5808 a
2294 5759 2483 5809 sancto
2523 5758 2646 5804 cum
2677 5744 2841 5813 dicat,
2885 5757 2947 5798 ex
2973 5738 3175 5797 deitate
3223 5735 3416 5795 Filium
3443 5745 3499 5790 et
