3958 6398
417 359 523 421 575

1473 357 1685 421 JOAN.
1721 356 1937 420 VECCI
1977 356 2088 418 CP.
2129 357 2643 422 PATRIARCHA!

3571 358 3671 418 5'76

415 491 434 522 ι
486 467 792 538 Spiritum?
849 466 917 522 Et
946 465 1222 538 quomodo
1265 481 1329 520 ex
1360 466 1801 535 praepositionem
1834 481 1997 521 usur-

2165 483 2256 530 τος
2285 469 2492 523 εἰπόντι
2526 470 2617 523 τὸν
2648 468 2777 523 Υἱὸν
2807 467 2901 523 καὶ
2929 469 2987 523 τὸ
3039 468 3283 539 Πνεῦμα,
3316 465 3574 528 καὶπῶς,
3605 464 3668 531 τῇ

415 579 435 612 ε
493 576 631 629 pans
657 560 722 615 de
741 558 877 615 Filio
908 558 1156 626 accipere
1186 557 1340 625 dixit,
1378 572 1484 613 non
1515 572 1646 613 vero
1678 559 1996 629 procedens,

419 670 439 704 ι
494 651 572 706 uti
604 651 671 707 de
698 650 859 706 Patre
880 650 1111 705 dixerat.
1155 672 1175 702 ο

1086 831 1373 900 Refutatio.

482 919 600 975 Non
622 921 795 975 solum
843 918 894 975 id
920 922 1230 982 considera.
1256 936 1378 975 eum
1420 922 1858 992 prmpositiouem
1910 937 1989 977 ετ

424 1020 784 1079 usurpantem
822 1010 891 1065 de
922 1011 1082 1075 Filio,
1108 1013 1347 1079 accipere
1376 1012 1752 1075 dixisse,'cum
1778 1028 1907 1067 vero
1937 1014 2004 1068 de

418 1099 596 1162 Patre.
630 1104 912 1167 procedens
961 1118 976 1154 :
1010 1102 1101 1155 scd
1129 1103 1290 1156 etiam
1328 1102 1471 1169 quod
1500 1103 1613 1173 jam
1654 1107 1825 1172 posita
1856 1107 2003 1171 peri-

418 1202 551 1257 cope
576 1188 787 1242 dixerat
833 1205 928 1259 per
960 1188 1178 1253 Filium,
1223 1191 1275 1243 in
1305 1190 1407 1246 hac
1453 1206 1516 1245 ex
1548 1190 1686 1245 Filio
1730 1193 2002 1260 accipere,

417 1281 625 1337 diserte
662 1281 922 1337 dictasse.
960 1281 1095 1335 IIinc
1127 1282 1381 1351 intellige,
1428 1282 1767 1350 evangelicas
1798 1285 1897 1338 has
1927 1284 2009 1339 di-

419 1374 633 1429 ctiones
664 1382 927 1441 utrasque
958 1373 1023 1425 ad
1062 1374 1220 1427 tidem
1259 1374 1359 1428 sibi
1390 1375 1813 1442 comparandum
1840 1375 2010 1431 addu-

424 1458 603 1522 xisse,
662 1472 727 1510 ex
752 1467 982 1525 utroque
1014 1472 1135 1511 esse
1186 1455 1474 1525 Spiritum.

566 1546 651 1599 Ex
685 1547 885 1600 decimo
917 1562 1063 1601 sexto
1086 1549 1255 1615 capite
1276 1548 1507 1613 ejusdem
1544 1550 1841 1603 voluminis.

496 1636 709 1692 CXXVI
738 1658 756 1689 ι
801 1636 972 1691 Nemo
996 1642 1138 1692 novit
1179 1638 1393 1693 Patrem
1422 1640 1523 1694 nisi
1554 1639 1744 1704 Filius,
1772 1653 1823 1695 et
1852 1656 2012 1695 nemo

429 1748 450 1780 ι
497 1731 643 1783 nuxit
667 1729 863 1784 Filium
917 1730 1020 1784 nisi
1052 1730 1209 1787 Pater
1247 1730 1313 1785 ".
1346 1730 1535 1785 Andro
1582 1731 1803 1786 dicere:
1842 1732 2010 1786 Nemo

2105 575 2125 608 ι
2171 557 2241 610 ἐκ
2279 558 2538 629 προθέσει
2589 560 2683 612 ἐπὶ
2714 559 2810 612 τοῦ
2864 560 2995 613 Υιοῦ
3041 561 3411 631 χρησάμενος,
3442 557 3505 608 τὸ
3533 556 3675 624 λαμ-

2106 666 2126 699 ι
2171 647 2356 703 δάνειν
2384 652 2605 719 εἴρηκεν
2629 664 2642 678 ·
2664 651 2724 704 ού
2761 650 2868 721 μὴν
2894 650 3329 720 ἐκπορευόμενον
3359 648 3434 711 ὡς
3464 647 3559 699 ἐπὶ
3578 644 3674 699 τοῦ

2108 757 2126 790 ι
2175 739 2386 811 Πατρδς
2412 736 2587 797 εἶπεν.

2679 832 2727 885 Ἀ
2738 832 3065 901 ντίρῤησις.

2175 919 2265 985 Μὴ
2294 919 2453 973 τοῦτο
2484 921 2647 988 μόνον
2676 923 2892 987 σκόπει,
2934 923 3010 985 ὡς
3062 925 3129 991 τῇ
3184 923 3253 976 ἐκ
3281 922 3542 993 προθέσει
3589 924 3685 976 ἐπὶ

2102 1010 2197 1064 τοῦ
2234 1009 2362 1062 Υῐοῦ
2399 1011 2746 1081 χρησάμενος
2771 1011 2832 1065 τὸ
2851 1014 3180 1082 λαμϐάνειν
3227 1014 3471 1083 εἴρηκεν,
3501 1015 3600 1067 ἐπὶ
3630 1014 3688 1068 δὲ

2105 1098 2198 1152 τοῦ
2258 1100 2470 1169 Πατρδς
2503 1098 2564 1153 τδ
2596 1102 3073 1170 ἐκπορευόμενον
3095 1118 3110 1134 ο
3170 1101 3292 1154 ἀλλ’
3321 1103 3405 1155 ὅτι
3447 1104 3593 1173 ὅπερ
3631 1104 3688 1156 έν

2104 1192 2171 1260 τῇ
2212 1192 2644 1262 προηγησαμένης)
2691 1194 2965 1261 περικοπῇ
3016 1191 3103 1245 διά
3154 1191 3247 1244 τοῦ
3303 1192 3458 1257 Υἱοῦ,
3487 1193 3588 1246 νῦν
3623 1195 3689 1246 ὲκ

2106 1279 2201 1333 τοῦ
2236 1280 2365 1334 Υῑοῦ
2417 1281 2521 1351 ἔφη
2551 1281 2873 1351 λαμϐάνειν,
2928 1280 3222 1335 κάντεῦθεν
3255 1281 3412 1345 σύνες
3460 1283 3538 1345 ὡς
3585 1282 3690 1345 τὰς

2108 1373 2470 1441 εύαγγελικάς
2526 1373 2729 1436 ταύτας
2762 1373 2938 1437 λέξεις
2976 1372 3292 1443 ἀμφοτέρας
3348 1373 3428 1436 εἰς
3476 1390 3694 1443 μαρτυο

2112 1462 2234 1532 ρίαν
2270 1466 2563 1532 παρήγαγε
2593 1464 2688 1518 τοῦ
2729 1464 2788 1528 ἐξ
2824 1465 3026 1532 ἀμφοῖν
3051 1459 3192 1516 εἶναι
3221 1463 3375 1517 αύτό.

2334 1555 2437 1608 Ἐκ
2466 1554 2575 1608 τοῦ
2625 1562 2703 1619 ις’
2736 1554 3068 1622 κεφαλαίου
3100 1552 3219 1606 τῶν
3245 1553 3468 1607 αὐτῶν.
3644 1574 3649 1580 ·

2183 1646 2375 1712 PKC'.
2427 1664 2446 1697 ι
2493 1646 2681 1708 Οὐδεὶς
2710 1640 2843 1711 ,λοῐδε
2893 1644 2982 1697 τὸν
3034 1643 3252 1711 Πατέρα
3298 1645 3345 1695 ei
3377 1643 3453 1713 μὴ
3480 1646 3509 1695 6
3538 1642 3693 1709 Υἱὸς,

2121 1756 2138 1787 ι
2186 1739 2278 1789 καὶ
2313 1737 2487 1799 οὐδεὶς
2514 1733 2621 1791 οῐδε
2663 1738 2753 1789 τὸν
2783 1736 2913 1789 Υῑδν
2939 1736 2989 1788 εἰ
3019 1735 3093 1804 μὴ
3123 1736 3152 1786 6
3184 1720 3430 1804 Πατήρ.»
3487 1732 3694 1805 Θαρῤὦ

431 1843 451 1876 ι
505 1824 655 1877 norit
751 1823 1011 1892 Spiritum
1084 1823 1188 1877 nisi
1222 1821 1383 1877 Pater
1442 1832 1495 1876 et
1530 1820 1720 1885 Filius,
1797 1837 1862 1876 ex
1897 1838 2003 1892 quo

2176 1826 2377 1895 λέγειν,
2408 1829 2530 1881 οὐδὲ
2580 1828 2640 1881 τὸ
2664 1827 2895 1898 Πνεῦμα
2953 1845 3035 1889 τις
3058 1822 3202 1879 οἶδεν
3230 1826 3280 1877 ει
3333 1826 3408 1895 μή
3441 1825 3471 1877 6
3501 1825 3693 1895 Πατὴρ

433 1931 451 1965 ι
502 1913 769 1982 procedit,
807 1923 913 1967 eta
947 1927 1057 1982 quo
1104 1913 1320 1981 accipit.
1365 1930 1385 1963 ο

988 2096 1410 2153 Animadversio.

507 2207 526 2240 ι
565 2187 733 2243 Audis
757 2188 1156 2259 processionem
1192 2189 1428 2256 Spiritus
1467 2190 1534 2244 ab
1581 2189 1837 2245 omnibus
1863 2189 2009 2245 Patri

438 2294 459 2330 ι
513 2278 761 2343 attribui,
794 2277 1168 2347 acceptionem
1194 2276 1374 2333 Filio?
1407 2298 1425 2330 ο

1090 2462 1381 2533 Refutatio.

506 2552 783 2609 Attrndito
837 2554 1001 2609 etiam
1055 2569 1119 2609 ex
1170 2556 1357 2611 eadem
1418 2559 1672 2631 pericopa
1718 2559 2015 2619 dictionum

438 2645 632 2699 harum
666 2661 827 2716 pares
863 2649 1007 2702 vires
1052 2648 1258 2715 optime
1295 2650 1563 2718 dignusci.
1616 2652 1859 2722 Namque
1889 2655 2017 2710 sciri

438 2735 703 2805 Spiritum
763 2752 793 2790 a
834 2736 993 2791 Patre
1040 2748 1093 2793 et
1126 2737 1288 2804 Filio,
1335 2750 1565 2795 sanctus
1600 2756 1664 2795 ex
1696 2743 2020 2799 dictionibus

439 2824 563 2880 istis
606 2826 1020 2895 comprobavit;
1083 2838 1136 2882 et
1188 2843 1312 2881 cum
1360 2832 1464 2884 scit
1512 2829 1673 2885 Pater
1729 2831 2017 2902 Spiritum,

437 2916 586 2984 quod
641 2933 707 2971 ex
740 2917 899 2971 Patre
941 2917 1180 2985 Spiritus
1214 2922 1492 2986 proceiat,
1565 2922 1668 2976 scit
1722 2934 1776 2976 et
1829 2922 2020 2989 Filius,

338 3040 345 3047 .
440 3007 583 3074 quod
618 3007 735 3076 ipse
782 3002 848 3063 ex
882 3007 1020 3062 Filio
1054 3010 1307 3079 accipiat,
1347 3026 1524 3064 annon
1559 3012 1845 3069 manifesto
1881 3024 2023 3085 patet

441 3098 711 3155 dictiones
740 3099 903 3155 hasce
934 3100 1119 3155 eadem
1165 3102 1212 3154 vi
1248 3102 1488 3172 pollere?

686 3371 769 3429 Ea:
804 3389 941 3426 nouo
997 3375 1167 3442 capite
1214 3375 1449 3444 ejusdem
1481 3377 1775 3432 voluminis.

516 3459 773 3516 CXXVII.
813 3480 832 3512 ι
871 3460 926 3515 Si
969 3463 1132 3531 igitur
1161 3479 1223 3516 ex
1269 3464 1429 3519 Patre
1457 3466 1719 3532 procedit,
1775 3476 1827 3521 et
1860 3485 1879 3520 ι
1940 3469 2018 3523 Et

454 3570 473 3602 ε
524 3565 642 3606 meo
667 3551 1079 3606 dicitDominus
1112 3553 1341 3622 accipiet
1366 3555 1427 3608 ".
1466 3573 1483 3605 ι
1513 3553 1628 3621 Qua
1646 3558 1857 3613 ratione
1887 3558 2022 3611 «No-

457 3661 476 3692 ε
533 3657 621 3696 mo
650 3643 797 3697 novit
849 3644 1065 3699 Patrem
1096 3644 1197 3700 nisi
1238 3644 1431 3710 Filius,
1472 3662 1648 3715 neque
1686 3647 1882 3704 Filium
1922 3650 2023 3703 nisi

455 3750 476 3785 ι
524 3732 682 3787 Pater
714 3734 778 3798 ιη,
812 3753 831 3786 ι
877 3736 1052 3789 audeo
1105 3736 1305 3798 dicere,
1356 3752 1541 3806 neque
1605 3737 1866 3806 Spiritum
1919 3738 2026 3793 nisi

461 3822 631 3878 Filius
648 3834 701 3878 et
732 3825 908 3888 Pater,
939 3840 1005 3880 ex
1037 3841 1146 3895 quo
1178 3826 1393 3896 accipit,
1425 3838 1472 3881 et
1507 3842 1570 3881 cx
1597 3842 1708 3896 quo
1737 3829 1979 3898 procedit
2010 3844 2024 3880 :

457 3934 477 3967 ε
526 3931 703 3985 neque
772 3918 988 3972 Patrem
1062 3926 1117 3973 et
1171 3918 1395 3984 Filium,
1449 3920 1554 3974 nisi
1611 3918 1846 3989 Spiritus
1895 3935 2026 3975 sau-

457 4024 478 4059 ε
527 4016 669 4062 ctus.
713 4027 732 4060 ο
1871 3993 1881 4000 ’

1014 4099 1437 4154 Αηὶηιαάυεηὲο.

537 4220 557 4253 ι
588 4197 747 4262 Nota,
788 4195 877 4249 ubi
910 4208 975 4248 ea:
1014 4193 1448 4262 praepositionem
1498 4193 1566 4249 de
1591 4192 1752 4249 Patre
1797 4202 1851 4248 et
1896 4192 2032 4248 Filio

462 4312 484 4344 ε
533 4287 706 4346 sancti
745 4292 1029 4353 usurpant,
1063 4284 1197 4338 alias
1254 4284 1521 4340 dictiones
1575 4285 1940 4355 distinguere,
1975 4291 2033 4338 et

464 4399 484 4433 ι
542 4378 685 4435 Patri
716 4375 936 4445 quidem
961 4372 1366 4441 processionem
1392 4371 1654 4441 Spiritus.
1695 4368 1836 4425 Filio
1875 4384 2032 4425 acce-

2120 1935 2138 1967 ι
2185 1918 2279 1969 καὶ
2310 1919 2339 1970 6
2368 1918 2518 1984 Υἱὸς,
2576 1921 2705 1988 παρ’
2751 1912 2815 1973 οὗ
2865 1916 3247 1986 ἐκπορεύεται,
3299 1916 3393 1969 καὶ
3450 1917 3581 1986 παρ’
3625 1909 3689 1969 οὗ

2121 2026 2140 2059 ι
2187 2008 2474 2078 λαμϐάνει.
2511 2029 2531 2062 ι

2721 2102 3094 2156 Ἐπιστασία.

2191 2209 2211 2240 ε
2253 2193 2477 2258 Ἀκουε,
2510 2191 2628 2254 πῶς
2661 2193 2693 2261 ή
2732 2193 2833 2262 μὲν
2875 2192 3203 2262 ὲκπόρευσις
3234 2188 3330 2243 τοῦ
3364 2189 3683 2259 Πνεύματος

2120 2299 2139 2332 ι
2193 2282 2271 2350 τῷ
2301 2283 2481 2353 Πατρὶ
2524 2282 2677 2351 παρὰ
2705 2283 2954 2352 ι’πάντων
3009 2281 3351 2352 ἀφορίζεται,
3384 2282 3418 2350 ή
3452 2280 3511 2333 δὲ
3536 2280 3698 2350 λῆψις

2123 2394 2141 2426 ι
2183 2374 2262 2445 τῷ
2290 2374 2421 2445 Υῐῷ.
2435 2394 2456 2427 ι

2730 2465 3129 2533 ἊντΙῤῥησις.

2200 2557 2366 2612 Ἄλλά
2409 2556 2645 2629 πρόσεχε
2679 2557 2775 2609 καὶ
2808 2558 2945 2627 ὅπερ
2995 2560 3059 2609 ἐκ
3088 2555 3190 2625 τῆς
3226 2554 3490 2625 ρηθείσης
3542 2569 3701 2623 περι-

2120 2650 2297 2719 κοπῆς
2323 2650 2385 2702 τὸ
2412 2650 2520 2702 τῶν
2549 2649 2746 2715 Λέξεων
2809 2647 3015 2701 τούτων
3070 2645 3390 2718 ισοδύναμον
3439 2644 3700 2713 διαγινώ-

2124 2756 2313 2794 σκεται
2346 2741 2623 2794 κάλλιστα.
2656 2742 2729 2793 Τὸ
2751 2741 2860 2810 γὰρ
2886 2741 3083 2792 εἰδέναι
3112 2739 3172 2790 τὸ
3214 2736 3437 2807 Πνεῦμα
3464 2737 3563 2791 τὸν
3599 2739 3705 2791 [Ia-

2121 2832 2254 2901 τέρα
2297 2832 2391 2884 καὶ
2420 2831 2513 2884 τὸν
2546 2832 2698 2894 Υἱὸν,
2724 2834 2751 2883 6
2783 2832 2938 2898 ἅγιος
2969 2831 3035 2882 ὲκ
3088 2829 3198 2881 τῶν
3247 2830 3446 2894 λέξεων
3474 2828 3703 2894 έτούτων

2123 2921 2458 2990 παρέστησε.
2490 2921 2600 2974 Καὶ
2654 2922 2778 2973 ἐπεὶ
2821 2917 2928 2972 οἶδε
2982 2920 3081 2989 μὲν
3107 2921 3136 2971 6
3160 2918 3347 2988 Πατὴρ
3381 2918 3443 2971 τὸ
3473 2916 3704 2987 Πνεῦμα

2123 3011 2212 3063 διὰ
2240 3011 2301 3064 τὸ
2328 3011 2479 3080 παρά
2503 3010 2598 3063 τοῦ
2635 3010 2847 3078 Πατρὸς
2875 3010 3007 3062 αὐτὸ
3046 3006 3476 3077 ἐκπορεύεσθαι,
3511 3003 3624 3061 οἶδε
3647 3007 3707 3060 δὲ

2126 3102 2222 3154 καὶ
2254 3103 2282 3154 ὁ
2315 3103 2443 3163 Υἱὸς
2469 3102 2530 3153 τὸ
2557 3101 2782 3169 Πνεῦμα
2812 3101 2902 3153 διὰ
2935 3100 2995 3151 τὸ
3021 3098 3172 3169 παρά
3200 3097 3293 3151 τοῦ
3321 3098 3456 3150 Υἱοῦ
3482 3099 3698 3167 λαμῦά-

2125 3210 2237 3245 νειν
2263 3193 2416 3254 αὐτὸ,
2446 3192 2563 3253 πῶς
2588 3192 2649 3243 οὐ
2676 3190 2956 3260 προδήλως
2979 3189 3236 3259 ἀλλήλαις
3266 3188 3323 3241 αἱ
3347 3188 3525 3252 λέξεις
3550 3183 3703 3242 αὗται
3726 3218 3733 3225 ~

2125 3282 2380 3337 δύνανται
2410 3282 2469 3334 τὸ
2494 3282 2623 3333 αὑτό
2649 3296 2663 3343 ;

2530 3371 2667 3424 Ἀπὸ
2708 3369 2813 3425 τοῦ
2858 3368 2906 3424 θ’
2941 3368 3059 3422 τῶν
3090 3368 3310 3423 αὐτῶν.

2203 3461 2377 3513 ΡΚΖ’.
2410 3479 2429 3513 ι
2474 3462 2537 3513 EI
2563 3462 2744 3514 τοίνυν
2776 3459 2930 3529 παρὰ
2954 3458 3170 3529 Πατρδς
3197 3458 3587 3527 ἐκπορεύεται,
3613 3458 3705 3509 καὶ

2136 3569 2157 3603 ι
2217 3552 2310 3603 Ἐκ
2333 3550 2429 3603 τοῦ
2447 3551 2602 3619 ἐμοῦ,
2626 3552 2811 3621 φησιν,
2839 3552 2868 3603 ὁ
2891 3550 3116 3619 Κύριος,
3142 3549 3396 3618 λήψεται,
3427 3549 3487 3601 ὃν
3508 3551 3706 3618 τρόπον

2140 3661 2158 3692 ι
2204 3641 2382 3704 οὐδεὶς
2435 3642 2578 3708 ἔγνω
2611 3640 2705 3693 τὸν
2761 3640 2984 3709 Πατέρα
3021 3642 3070 3692 εἰ
3107 3640 3181 3709 μὴ
3212 3642 3240 3692 6
3269 3640 3420 3703 Υἱὸς,
3457 3639 3581 3691 οὐδὲ
3615 3638 3707 3691 τὸν

2139 3748 2157 3782 ι
2207 3731 2327 3784 Υἰὸν
2358 3732 2407 3785 εἰ
2441 3732 2515 3800 μὴ
2546 3731 2574 3783 ὁ
2607 3730 2798 3799 Πατήρ
2828 3746 2842 3759 ο
2868 3730 3013 3782 οῦτω
3053 3728 3238 3798 τολμῶ
3274 3727 3456 3796 λέγειν
3488 3728 3617 3780 οὐδὲ
3649 3729 3709 3780 τὸ

2139 3839 2157 3872 ι
2204 3821 2428 3891 Πνεῦμα
2459 3823 2507 3874 εἰ
2566 3821 2640 3890 μὴ
2673 3823 2700 3874 6
2750 3821 2901 3883 Υἱὸς,
2935 3819 3032 3872 καὶ
3076 3821 3104 3872 ὁ
3137 3817 3349 3888 Πατὴρ,
3383 3817 3445 3881 ἐξ
3474 3811 3536 3871 οὗ
3573 3818 3712 3888 λαμο

2142 3930 2160 3962 ι
2207 3911 2384 3976 δάνει,
2410 3913 2502 3965 καὶ
2529 3910 2659 3980 παρ’
2685 3905 2748 3964 οὗ
2771 3909 3136 3979 ἐκπορεύεται
3158 3923 3173 3939 ⁶
3200 3908 3296 3962 καὶ
3322 3908 3444 3961 οὐδὲ
3467 3909 3561 3962 τὸν
3588 3909 3713 3963 Υεὺν

2142 4023 2161 4055 ι
2204 4005 2298 4057 καὶ
2329 4004 2421 4057 τὸν
2452 4004 2673 4072 Πατέρα
2703 4004 2752 4055 εἰ
2782 4003 2859 4071 μὴ
2897 4004 2958 4053 τὸ
2986 4001 3211 4070 Πνεῦμα
3240 4000 3299 4054 τὸ
3325 4001 3507 4068 ἅγιον.
3548 4018 3571 4053 ι

2748 4092 3137 4145 Ἐπιστασία.

2214 4203 2234 4237 ι
2276 4184 2440 4247 Σύνες
2470 4183 2587 4246 πῶς
2617 4181 2746 4236 ἔνθα
2776 4182 2841 4251 τῇ
2871 4181 3031 4248 παρὰ
3070 4180 3329 4249 προθέσει
3363 4179 3458 4231 καὶ
3492 4179 3579 4230 ἐπ’
3607 4181 3715 4247 ἀμ-

2146 4297 2164 4328 ε
2212 4278 2463 4347 φοτέροις
2506 4274 2587 4345 τῷ
2633 4290 2694 4326 τε
2746 4273 2924 4342 Πατρὶ
2960 4271 3056 4325 καὶ
3092 4270 3172 4339 τῷ
3220 4269 3332 4340 Υιῷ
3387 4269 3634 4339 χρῶνται
3666 4268 3717 4322 οἱ

2148 4388 2166 4419 ε
2217 4369 2389 4436 ἀγιοι,
2444 4367 2543 4428 τάς
2580 4366 2750 4422 ἄλλας
2781 4362 3051 4434 διαιροῦσι
3098 4362 3281 4431 φωνάς
3307 4377 3324 4392 ⁸
3384 4363 3480 4414 καὶ
3510 4360 3591 4430 τῷ
3621 4362 3720 4431 μὲν

467 4490 489 4523 ε
543 4470 807 4541 ptioncm,
841 4466 956 4521 sive
1000 4463 1297 4525 dationem,
1348 4463 1464 4518 sive
1521 4460 2020 4533 suppeditationem,

2150 4477 2170 4508 ι
2212 4457 2407 4527 “arpi,
2440 4455 2539 4524 τὴν
2562 4454 2890 4523 ὲκπόρευσιν
2918 4451 3012 4504 τοῦ
3041 4449 3379 4519 Πνεύματος,
3405 4448 3483 4518 τῷ
3522 4450 3581 4502 δὲ
3610 4449 3719 4519 Υἱῷ

466 4580 486 4613 ε
544 4561 657 4617 sive
688 4558 1011 4615 missionem
1053 4553 1314 4611 tribuere.
1353 4571 1372 4605 ι

1113 4735 1409 4805 Refutatio.

538 4831 646 4888 Sed
675 4831 860 4901 potius
891 4828 988 4885 tibi
1019 4827 1319 4883 notandum
1362 4834 1503 4890 erat,
1546 4826 1931 4896 praedictarum
1953 4826 2043 4881 di-

466 4925 710 4980 ctionum
749 4922 988 4993 equales
1045 4920 1191 4974 vires
1248 4924 1434 4988 aperte
1485 4920 1764 4989 cognosci,
1835 4934 1898 4976 ex
1974 4934 2041 4976 eo

467 5014 614 5084 quod
644 5012 713 5068 ab
735 5012 926 5068 iisdem
953 5017 1177 5065 sanctus
1205 5005 1436 5076 colligit,
1478 5005 1739 5076 Spiritum
1790 5019 2040 5066 sanctum

468 5123 499 5162 a
533 5105 691 5163 Patre
709 5111 764 5160 et
788 5101 927 5157 Filio
949 5099 1211 5170 cognosci
1235 5113 1254 5153 :
1279 5110 1493 5153 necnOn
1524 5097 1721 5155 Filium
1742 5109 1797 5156 et
1825 5099 2039 5157 Patrem

468 5199 539 5256 ab
564 5198 780 5254 eodem.

609 5306 698 5360 Ea:
722 5304 1012 5377 capiteIS'l
1034 5303 1268 5376 ejusdem
1327 5300 1610 5357 voluminis
1649 5301 1711 5356 de
1748 5299 1903 5356 Fide.

539 5468 826 5527 CXXVIII.
874 5488 893 5521 ι
949 5468 1041 5523 Sic
1077 5481 1207 5521 vero
1233 5466 1287 5520 in
1314 5465 1433 5536 ipso
1462 5463 1756 5519 credimus.
1789 5462 1943 5528 Quod
1975 5461 2049 5516 sit

478 5577 501 5613 ι
551 5561 788 5633 Spiritus
816 5568 1061 5627 sanctus,
1109 5557 1348 5627 Spiritus
1394 5554 1510 5621 Dei,
1566 5552 1805 5625 Spiritus
1866 5552 2047 5623 perfe-

582 5719 626 5750 “
652 5718 838 5775 Matth.
879 5731 956 5784 ιι,
985 5716 1075 5772 27.
1175 5716 1216 5749 ¹⁷
1241 5713 1399 5771 Joan.
1434 5730 1522 5781 xv,
1560 5713 1647 5769 14.

2148 4566 2167 4599 ι
2214 4547 2313 4617 τὴν
2343 4544 2528 4615 λῆψιν,
2556 4543 2589 4613 ἢ
2618 4542 2717 4612 τὴν
2752 4542 2924 4606 δόσιν,
2966 4540 3000 4610 ἢ
3031 4538 3322 4610 χορηγίαν,
3347 4538 3381 4608 ἢ
3412 4537 3719 4609 ἀποστολὴν

2147 4658 2167 4693 ι
2210 4637 2584 4707 ἀφορίζουσιν.
2630 4653 2650 4687 ι

2752 4725 3137 4793 Ἀντιζρῤησις.

2213 4822 2385 4876 Πλέον
2433 4818 2675 4872 συνιέναι
2710 4832 2770 4868 σε
2811 4815 2911 4878 δεῖ,
2947 4813 3064 4875 πῶς
3109 4811 3172 4865 τὸ
3200 4809 3308 4864 τῶν
3343 4811 3616 4881 ρηθεισῶν
3639 4812 3722 4866 λέ-

2144 4913 2280 4981 ξεων
2331 4907 2654 4980 ῑσοδύναμον
2693 4904 3118 4975 διαγινώσκεται
3149 4902 3448 4973 προφανῶς
3496 4903 3721 4956 ἀπὸτοῦ

2147 5006 2207 5070 ἐξ
2241 5004 2420 5058 αὐτῶν
2456 5006 2662 5057 τούτων
2694 4999 2954 5066 συνάγειν
2985 4995 3073 5048 τὸν
3104 4995 3262 5063 ἀγιον
3292 4992 3631 5062 γινὼσεσθαι
3663 4993 3724 5045 τὸ

2148 5097 2378 5167 Πνεῦμα
2432 5094 2584 5166 παρά
2622 5090 2837 5161 Πατρδς
2900 5088 2995 5142 καὶ
3025 5084 3180 5151 Υἱοῦ,
3210 5087 3306 5138 και⁵
3354 5083 3426 5139 αὖ
3456 5086 3548 5137 τὸν
3600 5085 3725 5137 Υἱδν

2149 5192 2243 5245 καὶ
2271 5190 2363 5243 τὸν
2405 5186 2626 5257 Πατέρα
2659 5180 2811 5255 παρά
2840 5181 2938 5236 τοῦ
2964 5178 3303 5249 Πνεύματος.

2159 5305 2301 5359 Ἀπὸ
2348 5303 2468 5358 τῶν
2497 5300 2628 5372 ρσζν
2669 5298 3013 5369 κεφαιαίων
3052 5292 3172 5347 τῶν
3203 5287 3404 5345 αὐτῶν
3451 5290 3583 5359 περὶ
3618 5288 3720 5344 Πί-

2827 5381 3040 5431 στεως.

2211 5460 2431 5520 ΡΚΗ’.ι
2489 5459 2647 5514 Οῦτω
2691 5458 2750 5513 δὲ
2798 5455 3129 5525 πιστεύομεν
3164 5455 3223 5508 ὲν
3261 5451 3412 5522 αύτῷ
3464 5453 3548 5505 ὅτι
3603 5450 3715 5503 ἐστὶ

2156 5569 2175 5603 ι
2221 5551 2447 5623 Πνεῦμα
2501 5550 2679 5619 ἅγιον,
2729 5547 2954 5619 Πνεῦμα
2999 5544 3171 5613 Θεοῦ,
3220 5542 3445 5613 Πνεῦμα
3495 5542 3711 5603 τέλειον.

1746 5713 1786 5745 ’⁸
1817 5710 2009 5766 Matth.
2044 5727 2120 5778 xl,
2161 5709 2249 5763 27'
