3958 6396
235 393 347 454 577
1194 391 1274 450 1N
1315 355 2500 451 CAMATERI'ANIMADVERSIONES.

3392 387 3496 450 578

236 527 257 558 ι
311 504 698 576 Παράκλητον,
732 504 1004 569 ἄκτιστον,
1034 505 1098 555 ἐκ
1132 502 1224 554 τοῦ
1277 501 1488 571 Πατρδς
1518 501 1814 569 ἐκπορευό-

1930 519 1947 551 (
1995 509 2140 566 ctus,
2177 500 2512 567 Paraclelus,
2547 517 2656 558 non
2703 513 2942 570 creatus,
2982 517 3047 556 ex
3091 500 3252 556 Patre
3312 518 3500 572 proce-

236 615 259 646 ε
314 613 502 663 μενον,
535 596 599 645 ἐκ
630 592 726 646 τοῦ
762 593 890 646 Υἱοῦ
917 591 1216 662 λαμϐάνον.
1268 609 1285 640 ι

856 683 1226 735 Ἐπιστασία.

311 796 331 828 ι
393 777 702 846 Πρόσσχες,
751 774 890 838 πῶς,
925 771 1203 828 κάνταῦθα
1247 772 1332 822 ἐπ’
1386 770 1722 840 ἀμφοτέροις
1755 776 1822 840 τῇ

230 887 253 919 σ
306 868 382 920 ἐκ
415 868 670 938 προθέσει
697 865 1069 936 χρησάμενος,
1105 862 1266 915 πάλιν
1293 861 1456 914 διεῖλε
1484 863 1582 924 τὰς
1613 863 1822 930 φωνὰς,

231 980 252 1013 ι
302 961 387 1024 ὡς
415 959 776 1026 προλαϐόντες
803 957 1136 1024 εἰρήκειμεν.
1175 971 1193 1004 ›

841 1048 1238 1115 Ἀντίρῤησις.

317 1140 469 1209 Ἐγὼ
498 1141 554 1193 δέ
587 1157 752 1210 φημι,
790 1140 1068 1210 Πρὸσσχες
1103 1137 1240 1200 πῶς,
1283 1134 1565 1189 κάνταῦθα
1595 1134 1820 1204 Πνεῦμα

224 1233 378 1285 Θεοῦ
409 1233 679 1301 πρότερον
707 1229 880 1282 είπὼν
913 1229 1044 1281 αὐτὸ
1074 1230 1101 1280 ὁ
1133 1227 1306 1294 ἅγιος,
1337 1227 1509 1288 οὕτως
1544 1227 1824 1293 ἐπήγαγεν

226 1327 300 1376 ὲκ
355 1323 452 1376 τοῦ
516 1322 730 1390 Πατρδς
774 1320 1207 1390 ἐκπορευόμενον
1234 1359 1246 1378 ,
1291 1321 1386 1371 καὶ
1435 1319 1498 1370 ὲκ
1543 1303 1644 1370 τοῦ
1692 1315 1822 1368 Υίοῦ

227 1415 546 1482 λαμϐάνον,
582 1411 859 1480 πανταχοῦ
889 1413 1009 1472 ταῖς
1042 1408 1437 1478 Εὑαγγελικαῖς
1484 1407 1710 1469 ταύταις
1739 1405 1824 1458 λέ-

233 1507 353 1572 ξεσι
383 1503 689 1574 χρώμενος,
717 1506 782 1572 τῇ
814 1502 911 1572 μὲν
941 1504 1019 1563 εἰς
1048 1501 1388 1570 παράστασιν
1414 1499 1508 1552 τοῦ
1555 1493 1693 1550 εἶναι
1726 1497 1824 1550 αὺ-

232 1596 296 1648 τδ
321 1597 388 1646 ἐκ
417 1593 650 1663 Πατρδς,
685 1595 750 1664 τῇ
787 1594 842 1646 δὲ
876 1595 955 1656 εἰς
999 1591 1340 1662 παράστασιν
1381 1589 1476 1641 τοῦ
1521 1583 1660 1640 εἶναι
1691 1587 1821 1640 αὐτὸ

241 1689 312 1738 ὲκ
337 1687 432 1739 τοῦ
464 1685 618 1740 Υξοῦ.

255 1799 373 1853 Τοῦ
423 1797 599 1852 αὑτοῦ
650 1799 719 1852 ἐκ
771 1797 876 1851 τοῦ
917 1796 1261 1849 τελευταίου
1317 1792 1655 1860 κεφαλαίου
1701 1789 1821 1844 τῶν

853 1867 1216 1932 ΙΙαγαρείων.

318 1978 490 2032 ΡΚΘ’.
547 1998 565 2030 ι
609 1977 759 2048 Αὐτὴ
808 1978 864 2031 δὲ
917 1979 949 2046 ἡ
991 1978 1150 2045 τιμία
1178 1974 1492 2046 περιστορὰ,
1543 1975 1636 2027 καὶ
1685 1974 1815 2041 ἁγία

245 2087 265 2120 ι
315 2069 596 2138 Παρθένος
622 2070 755 2122 Θεὸν
784 2069 1056 2138 ὁμολογεῖ,
1095 2069 1340 2135 Πατέρα,
1391 2066 1484 2118 καὶ
1527 2065 1678 2129 Υίδν,
1723 2065 1816 2116 καὶ

243 2176 262 2209 ι
311 2160 542 2229 Πνεῦμα
565 2161 947 2224 ἆγεοντέλειοι·
976 2161 1194 2230 Πατέρα
1213 2158 1571 2223 τέλειον,Υίὸν
1589 2157 1812 2221 τέλειον,

241 2267 261 2300 ι
310 2249 540 2320 Πνεῦμα
559 2250 1036 2320 ἆγιον,ὁμοούσιον
1070 2253 1166 2321 τὴν
1189 2249 1415 2319 Τριάδα,
1439 2249 1576 2301 ἀλλὰ
1601 2247 1692 2302 τὸν
1715 2247 1815 2317 μὲν

237 2357 260 2390 ι
308 2341 441 2393 Υίδν
501 2341 720 2409 ἀληθῶς
775 2344 839 2395 ἐκ
899 2343 1113 2410 Πατρὺς
1167 2342 1557 2410 γεγενημένον,
1609 2341 1703 2393 καὶ
1754 2340 1814 2392 τὺ

239 2450 282 2486 ι,
307 2431 466 2500 ἅγιον
495 2432 742 2499 Πνεῦμα,
777 2435 876 2486 οὐκ
933 2434 1212 2502 ἀλλότριον
1242 2433 1456 2502 Πατρὺς
1497 2433 1589 2486 καὶ
1641 2431 1766 2485 Υἰοῦ
1796 2447 1811 2463 ·

240 2543 259 2573 ι
309 2522 480 2577 οὖσαν
507 2525 562 2576 δὲ
597 2526 683 2577 ἀεὶ
713 2524 810 2594 τὴν
839 2525 1067 2594 Τριὰδα,
1111 2525 1205 2576 καὶ
1255 2523 1526 2593 μηδέποτε
1573 2520 1815 2590 προσθή-

240 2631 261 2664 ι
307 2629 416 2682 κην
444 2615 858 2686 ἐπιδεχομένην,
896 2617 971 2684 μὴ
1004 2615 1233 2684 ἔχουσαν
1258 2599 1315 2664 δέ
1347 2630 1400 2665 τι
1429 2615 1488 2666 ὲν
1515 2612 1653 2682 αὐτῇ
1684 2613 1816 2663 ὐπο-

241 2721 261 2754 ‹
315 2701 575 2774 ϐεϐηκὸς,
599 2708 677 2767 εἰς
706 2706 834 2773 μίαν
868 2722 925 2757 τε
952 2706 1200 2774 ἑνότητα,
1237 2704 1326 2755 καὶ
1354 2703 1483 2772 μίαν
1512 2703 1687 2772 ἀρχὴν
1715 2701 1811 2754 *τοῦ

243 2811 264 2844 ι
315 2793 453 2846 Θεοῦ
501 2799 592 2847 καὶ
643 2796 852 2865 Πατρὸς
907 2795 1274 2865 ἀναγομένην.
1329 2795 1424 2847 Ἐκ
1473 2794 1676 2861 ταύτης
1715 2794 1813 2861 τῆς

242 2901 263 2934 ι
316 2885 546 2954 Τριάδος
588 2885 798 2954 Πατρὸς
844 2887 939 2938 καὶ
978 2886 1107 2937 Υἱοῦ
1145 2885 1239 2938 καὶ
1285 2885 1444 2951 ἁγίου
1499 2881 1812 2952 Πνεύματυ;

244 2996 263 3026 ι
315 2980 386 3028 τα
412 2976 588 3028 πάντα
618 2977 859 3044 ἐκτίσθη,
889 2978 986 3029 οὐκ
1006 2979 1133 3029 ὄντα
1164 2977 1314 3029 ποτέ.
1357 2995 1376 3028 ι

846 3066 1219 3118 Ἑπιστασία.

320 3175 338 3206 ι
383 3157 629 3220 Ἀκούεις
655 3158 936 3210 κάνταῦθα
963 3159 1089 3227 μίαν
1117 3157 1291 3225 ἀρχὴν
1315 3159 1374 3208 ὲν
1399 3159 1464 3226 τῇ
1495 3155 1704 3224 Τριάδι,
1723 3157 1812 3208 τὸν
1840 3189 1881 3246 C

241 3267 264 3300 ι
315 3249 538 3318 Πατέρα
563 3248 826 3318 δηλονότι,
852 3252 947 3302 καὶ
970 3250 1107 3319 πρὸς
1140 3250 1312 3318 αὐτὴν
1354 3248 1448 3300 τὸν
1479 3247 1604 3300 Υίὸν
1631 3250 1726 3302 καὶ
1750 3250 1810 3300 τὸ

240 3358 262 3390 ε
313 3337 538 3407 Πνεῦμα
583 3338 896 3407 ἀναγόμενα
933 3355 948 3404 ;
998 3356 1016 3389 ι

361 3445 364 3448 '
843 3428 1234 3495 Ἀντίρῤησις.

310 3521 424 3574 Καὶ
475 3520 593 3582 πῶς
640 3520 740 3573 οὐκ
778 3520 844 3573 ἂν
893 3524 972 3582 εἰς
1024 3519 1154 3587 μίαν
1210 3519 1386 3589 ἀρχὴν
1443 3519 1538 3572 τὸν
1591 3519 1812 3588 Πατέρα

236 3611 531 3680 ἀναχθείεν
559 3613 587 3664 ὁ
618 3611 744 3672 Υἱὸς
784 3611 876 3663 καὶ
923 3609 984 3661 τὸ
1018 3607 1262 3678 Πνεῦμα,
1312 3609 1470 3677 εἴπερ
1512 3606 1574 3661 τὸ
1599 3606 1688 3661 διὰ
1719 3607 1811 3660 τοῦ

238 3701 374 3755 Υἱοῦ
408 3701 702 3770 λεγόμενον
734 3695 876 3753 εἶναι
908 3703 985 3761 εἰς
1013 3699 1105 3751 τὸν
1126 3699 1343 3767 Πατέρα
1367 3698 1444 3761 ὡς
1469 3698 1546 3760 είς
1586 3695 1812 3768 πρώτην

238 3793 425 3847 αἰτίαν
469 3794 565 3846 καὶ
598 3793 773 3862 ἀρχὴν
807 3791 905 3862 τὴν
941 3791 1224 3860 ἀναφορὰν
1272 3790 1418 3858 ἔχει,
1457 3786 1531 3850 ὡς
1574 3789 1602 3840 ὁ
1639 3787 1811 3856 μέγας

238 3886 346 3954 ἔφη
373 3884 652 3947 Βασίλειος
684 3901 699 3949 ;

303 4002 585 4055 ΡΗΣΕΙΣ
625 3999 758 4053 ΤΟΥ
800 3996 1246 4052 ΘΑΥΜΑΤΟΥΡ.
1291 3997 1722 4052 ΓΡΗΓΟΡΙΟΥ.
1781 4024 1813 4066 ις,

241 4113 357 4168 Τοῦ
387 4115 559 4182 ἁγίου
595 4111 1568 4250 Ι’ρηγορζὲιὲἱὲἓύἷὲἔέιατουργοῦ
1605 4109 1674 4164 ἐκ
1701 4108 1811 4178 τῆς

299 4293 426 4350 PA'.
453 4313 472 4348 ι
511 4291 604 4356 Εἷς
631 4295 762 4358 Θεὸς
793 4296 981 4366 Πατὴρ
1012 4297 1184 4363 Λόγου
1217 4292 1440 4360 ζῶντος,
1463 4295 1655 4365 σοφίας
1681 4296 1812 4365 ὑφε-

245 4407 263 4438 ι
311 4387 528 4455 στώσης
550 4389 645 4440 καὶ
675 4387 958 4456 δυνάμεως
1003 4389 1097 4440 καὶ
1141 4391 1488 4457 χαρακτῆρος
1530 4387 1682 4450 ἰδίου,
1719 4387 1808 4439 τὲ-

244 4495 262 4527 ι
304 4479 453 4539 λειος
499 4477 708 4529 τελείου
734 4479 1034 4547 γεννήτωρ,
1074 4479 1264 4547 Πατὴρ
1295 4477 1424 4530 Υἱοῦ
1457 4477 1804 4546 μονογενοῦς.

1930 4508 1935 4540 ι
1985 4488 2296 4558 sempiterni

243 4587 263 4620 ι
313 4565 408 4632 Εἷς
434 4571 658 4640 Κύριος,
695 4570 850 4638 μόνο,
873 4571 937 4620 ὲκ
969 4570 1154 4638 μόνου,
1187 4569 1318 4631 Θεὸς
1347 4571 1412 4621 ὲκ
1439 4567 1597 4634 θεοῦ,
1634 4584 1807 4638 χαρα-

241 4681 261 4714 ‹
309 4662 452 4730 κτὴρ
481 4661 575 4714 καὶ
610 4660 776 4713 εἰκὼν
827 4661 1100 4728 θεότητος,
1134 4660 1291 4726 λόγος
1339 4660 1559 4728 ἐνεργὸς
1585 4699 1600 4725 ,
1647 4659 1810 4728 σοφία

240 4770 259 4804 ι
306 4751 410 4820 τῆς
440 4751 546 4804 τῶν
575 4750 714 4804 ὅλων
749 4751 1061 4814 συστάσεως
1087 4751 1429 4819 περιεκτικὴ,
1467 4750 1560 4802 καὶ
1583 4750 1810 4819 δύναμις

241 4863 259 4895 ι
301 4844 406 4912 τῆς
430 4842 562 4912 ὅλης
590 4844 822 4905 κτίσεως
858 4843 1135 4912 ποιητικὴ,
1176 4842 1302 4904 Υἱὸς
1338 4841 1586 4910 ἀληθινὸς
1620 4841 1811 4908 ἀληθι-

240 4955 258 4987 ι
306 4936 401 4988 νοῦ
431 4935 588 4999 Θεοῦ,
617 4936 851 5004 ἀόρατος
883 4935 1140 5005 ἀοράτου,
1169 4936 1261 4986 καὶ
1291 4933 1568 5002 ἄφθαρτος
1595 4933 1807 5003 ἀφθάρ-

239 5045 256 5076 ι
305 5043 428 5088 του,
481 5027 748 5086 ἀθάνατος
797 5025 1089 5090 ἀθανάτου,
1139 5030 1233 5077 καὶ
1280 5025 1450 5085 ἀΐδιος
1479 5024 1670 5077 ἀϊδίου.
1708 5025 1805 5076 Ἐν

239 5138 257 5168 ι
308 5120 534 5188 Πνεῦμα
565 5118 741 5187 ἅγιον,
775 5122 838 5169 ὲκ
877 5118 1010 5169 Θεοῦ
1044 5118 1142 5186 τὴν
1169 5115 1399 5185 ὓπαρξιν
1429 5115 1571 5183 ἔχον,
1611 5115 1705 5166 καὶ
1736 5113 1804 5167 δι’

239 5227 256 5258 ι
308 5207 440 5260 Υίοῦ
472 5210 710 5278 πεφηνὸς
754 5212 865 5270 τοῖς
918 5205 1248 5276 ἀνθρώποις,
1292 5203 1456 5256 εἰκὼν
1511 5202 1604 5255 τοῦ
1650 5201 1803 5268 Υίοῦ,

241 5319 258 5351 ι
299 5300 508 5353 τελείου
531 5298 856 5370 τελεία,ζωὴ
883 5297 1307 5362 ζὼντων,αἱτία,
1331 5296 1578 5364 ἀγιότης,
1605 5296 1802 5362 ἁγιασ-

239 5412 255 5443 ι
307 5394 412 5463 μοῦ
444 5396 704 5464 χορηγόν.
749 5415 768 5447 ι

1932 603 1950 636 ι
2003 587 2158 653 dens,
2191 603 2257 642 ex
2285 587 2425 643 Filio
2447 592 2747 660 accipiens.
2784 611 2804 645 ι

2480 683 2895 737 Animadversio.

2001 787 2020 820 ι
2070 769 2204 826 Nota
2252 772 2342 826 hic
2364 773 2644 837 etiam,de
2682 775 2932 844 utrisque
2991 773 3377 843 praepositione
3433 789 3498 828 ex

1929 876 1947 910 ι
2002 869 2262 924 utentem,
2304 877 2497 918 rursus
2543 863 2811 920 dictiones
2841 863 3179 932 distinxisse,
3241 872 3301 919 ut
3331 879 3497 934 supra

1931 969 1950 1002 ι
2006 953 2513 1008 animadvertimus.
2545 973 2564 1006 ι

2561 1047 2857 1116 Refutatio.

1993 1137 2106 1210 Ego
2137 1153 2265 1194 vero
2297 1140 2519 1208 inquam
2545 1158 2557 1193 :
2601 1138 2736 1193 Nota
2761 1141 3035 1208 quomodo
3058 1141 3220 1196 etiam
3246 1141 3335 1196 hic
3367 1141 3495 1212 Spi-

1924 1231 2085 1284 ritum
2133 1230 2226 1282 Dei
2264 1247 2387 1284 eum
2421 1232 2569 1298 prius
2600 1241 2824 1308 sanctus
2875 1232 3118 1308 dixisset,
3160 1233 3271 1286 haec
3300 1232 3498 1300 adjun-

1922 1324 2066 1376 xisse
2096 1338 2110 1374 :
2141 1340 2159 1372 ι
2188 1321 2264 1375 Ex
2285 1321 2444 1375 Patre
2470 1323 2784 1391 procedens,
2813 1331 2865 1376 et
2897 1338 2960 1377 ex
2993 1321 3128 1376 Filio
3149 1323 3437 1391 accipiens,
3467 1341 3488 1374 ι

1920 1412 2053 1467 locis
2089 1413 2140 1465 in
2196 1413 2450 1465 omnibus
2498 1413 2768 1466 dictiones
2821 1414 3162 1482 evangelicas
3199 1427 3493 1481 usurpans,

1919 1504 2009 1557 illa
2041 1503 2256 1572 quidem
2311 1504 2376 1557 ad
2413 1503 2754 1570 probandum
2787 1518 2907 1558 esse
2962 1503 3140 1573 ipsum
3199 1519 3267 1559 ex
3306 1503 3494 1567 Patre,

1922 1592 2024 1646 hac
2046 1605 2175 1646 vero
2226 1592 2294 1646 ad
2358 1593 2697 1661 probandum
2736 1607 2857 1648 esse
2918 1595 3172 1649 eumdem
3211 1609 3279 1650 ex
3328 1592 3492 1648 Filio.

1849 1837 1893 1891 Β
2132 1810 2384 1881 Ejusdem
2407 1825 2470 1864 eo:
2498 1811 2683 1864 ultimo
2708 1810 3064 1866 Panariorum
3087 1812 3274 1882 capite.

1989 1990 2206 2045 CXXIX
2255 2012 2272 2043 ι
2311 1995 2438 2047 Ilaec
2493 2007 2620 2046 vero
2686 1994 2922 2061 pretiosa
2969 1994 3236 2060 columba,
3295 2006 3486 2052 sancta

1920 2100 1941 2135 ι
1985 2081 2150 2153 Virgo
2189 2085 2355 2138 Deum
2385 2085 2580 2140 fatetur
2603 2087 2814 2140 Patrem
2848 2096 2901 2138 et
2928 2085 3119 2140 Filium
3149 2095 3202 2140 et
3223 2086 3484 2156 Spiritum

1921 2193 1941 2228 ι
1985 2186 2255 2241 sanctum,
2311 2177 2526 2230 Patrem
2560 2175 2879 2246 perfectum,
2928 2175 3122 2230 Filium
3159 2177 3483 2245 perfectum,

1920 2283 1940 2318 ι
1994 2267 2253 2335 Spiritum
2311 2269 2630 2336 perfectum,
2677 2269 3192 2323 consubstantialem
3252 2269 3490 2324 Trinita-

1890 2376 1940 2434 ,ι
1993 2367 2123 2424 tem,
2157 2361 2252 2413 sed
2286 2359 2480 2413 Filium
2508 2376 2631 2414 vere
2656 2376 2719 2414 ex
2773 2359 2934 2414 Patre
2981 2361 3241 2430 genitum,
3273 2369 3326 2414 et
3362 2359 3486 2428 Spi-

1920 2467 1938 2499 ι
1991 2458 2104 2502 tum
2141 2461 2386 2504 sanctum
2415 2466 2518 2502 non
2552 2451 2788 2504 alienum
2819 2467 2847 2503 a
2873 2450 3031 2504 Patre
3062 2461 3115 2504 et
3138 2449 3295 2504 Filio.
3327 2451 3485 2504 Exsi-

1920 2557 1938 2589 σ
1992 2549 2220 2594 stentem
2257 2551 2518 2610 perpetuo
2547 2540 2888 2604 Trinitatem,
2922 2555 3193 2607 nunquam
3247 2541 3481 2594 additio-

1920 2649 1939 2682 ι
1994 2644 2113 2683 nem
2147 2630 2540 2696 atltnittentem,
2585 2648 2756 2700 neque
2803 2632 3000 2698 aliquid
3034 2630 3383 2684 imminutum
3425 2633 3480 2686 in

1920 2737 1940 2772 ι
2000 2735 2059 2774 se
2115 2721 2504 2783 continentem,
2545 2722 2598 2774 in
2646 2737 2807 2775 unam
2870 2722 3152 2786 unitatem,
3199 2729 3253 2775 et
3309 2737 3478 2775 unum

1920 2827 1940 2860 ι
1987 2811 2310 2879 principium
2347 2811 2435 2865 Dei
2471 2823 2524 2865 et
2555 2810 2732 2866 Patris
2768 2813 3012 2872 relatam,
3052 2829 3115 2866 ex
3177 2813 3282 2867 hac
3300 2812 3484 2866 Trini-

1920 2918 1939 2950 ι
1990 2913 2098 2955 tate
2129 2900 2287 2955 Patre
2303 2913 2356 2956 et
2381 2903 2538 2964 Filio,
2565 2917 2615 2958 et
2641 2904 2844 2973 Spiritu
2885 2915 3075 2958 sancto
3106 2905 3310 2970 omnia,
3362 2920 3483 2974 quae

1921 3007 1940 3040 ι
1991 3005 2270 3060 nunquam
2302 3001 2458 3047 antea
2489 2993 2725 3061 fuerant,
2765 3005 2943 3049 creata
2969 3005 3116 3050 sunt.
3141 3013 3162 3047 ι

2500 3085 2539 3136 Α
2553 3085 2919 3138 nimadversio.

1995 3191 2012 3222 ι
2049 3171 2292 3228 Autlisne
2324 3174 2410 3229 hic
2442 3180 2606 3228 etiam
2634 3190 2799 3227 unum
2842 3174 3164 3244 principium
3212 3176 3267 3230 in
3297 3174 3483 3230 Trini-

1923 3281 1940 3313 ι
2005 3273 2136 3330 tate,
2171 3265 2378 3320 Patrem
2407 3265 2636 3332 scilicet,
2673 3275 2727 3320 et
2755 3266 2821 3320 ad
2850 3267 3024 3335 ipsum
3051 3266 3248 3322 Filium
3277 3276 3332 3322 et
3357 3267 3480 3337 Spi-

1923 3370 1940 3402 ι
1991 3353 2152 3407 ritum
2181 3354 2416 3410 referri?
2449 3375 2468 3405 ι

2557 3447 2849 3518 Refutatio.

1987 3532 2051 3586 Et
2088 3536 2363 3603 quomodo
2395 3537 2446 3590 in
2497 3552 2666 3591 unum
2702 3538 3030 3607 principium
3060 3539 3276 3595 Patrem
3307 3538 3481 3594 Filius

1913 3633 1965 3677 et
1993 3623 2228 3692 Spiritus
2250 3641 2355 3680 nou
2397 3626 2806 3691 reducerentur,
2840 3630 2884 3682 si
2920 3647 2938 3679 ι
2974 3629 3127 3695 Quod
3159 3647 3252 3699 per
3283 3629 3479 3684 Ρίιιυιη

1913 3728 2031 3769 esse
2063 3716 2280 3780 dicitur,
2333 3717 2388 3768 in
2420 3715 2634 3770 Patrem
2673 3719 2836 3772 veluti
2874 3719 3101 3786 primam
3162 3736 3384 3775 causam
3430 3733 3481 3774 et

1916 3805 2241 3874 principium
2279 3797 2603 3862 reiatidttem
2648 3808 2828 3875 habet,
2867 3827 2886 3859 ι
2923 3818 2981 3862 ut
3031 3826 3261 3877 magnus
3318 3812 3482 3864 tradit

1914 3896 2189 3952 Basilius?

2087 4007 2305 4064 DICTA
2342 4008 2690 4064 GREGORII
2726 4007 3272 4063 TIIAUMATURCI.

2051 4118 2232 4175 Sancti
2249 4120 2488 4190 Gregorii
2509 4121 2892 4192 Tltaumaturgi
2914 4137 2978 4175 ea:
3003 4120 3338 4189 Apocalypsi.

1981 4303 2192 4359 CXXX.
2231 4323 2249 4356 ι
2278 4302 2428 4359 Unus
2467 4303 2607 4360 Deus
2636 4303 2796 4359 Pater
2835 4301 2998 4358 Verbi
3053 4303 3305 4366 viventis,
3341 4303 3484 4371 sapi-

1917 4417 1935 4450 ι
1985 4400 2144 4452 entia?
2185 4397 2561 4461 subsistentis,
2622 4406 2676 4450 et
2721 4395 2973 4464 potentiae
3021 4410 3085 4450 ac
3139 4396 3412 4448 cltarat-tet
3435 4397 3481 4447 is

2351 4503 2364 4541 :
2428 4485 2658 4556 perfecti
2716 4486 2992 4556 perfectus
3052 4483 3279 4555 genitor,
3323 4482 3484 4536 Pater

1913 4600 1930 4632 ι
1986 4578 2107 4634 Filii
2153 4578 2436 4648 unigeniti.
2501 4578 2651 4634 Unus
2699 4577 2984 4636 Dominus.
3029 4576 3177 4631 solus
3232 4589 3296 4628 ex
3344 4575 3480 4638 snio,

1913 4689 1930 4722 ι
1982 4672 2122 4726 Deus
2147 4687 2211 4725 ex
2241 4669 2370 4736 Deo,
2391 4670 2750 4723 characteret
2779 4669 2958 4736 imago
2986 4667 3228 4730 deitatis,
3257 4667 3481 4719 verbum

1913 4777 1931 4809 ι
1983 4759 2192 4820 elﬁcax,
2228 4757 2639 4813 constitutiOnis
2697 4772 2880 4810 rerum
2925 4755 3298 4809 universarum
3327 4769 3482 4807 com-

1913 4867 1930 4900 ι
1982 4850 2302 4919 prehensiva
2339 4867 2354 4903 :
2386 4861 2440 4903 et
2499 4851 2677 4902 virtus
2712 4856 2873 4916 atque
2920 4847 3158 4916 potentia
3217 4845 3485 4900 universae

1911 4953 1931 4988 ι
1981 4947 2247 4992 creaturae
2290 4937 2568 4992 eﬂ‘ectiva.
2608 4937 2776 4991 Filius
2808 4951 2972 4990 verus
3015 4935 3127 4989 veri
3159 4933 3355 4999 Patris,
3396 4937 3482 4988 in-

1916 5043 1935 5076 ι
1987 5026 2217 5082 visibilis
2246 5027 2385 5095 ejus,
2423 5029 2518 5098 qui
2566 5040 2650 5083 est
2683 5027 2990 5092 invisibilis,
3023 5026 3486 5095 etincorruptibi-

1916 5136 1934 5170 ι
1984 5119 2074 5185 lis,
2092 5120 2421 5186 corruptioni
2449 5135 2556 5172 non
2583 5119 2829 5177 obnoxii,
2867 5134 2932 5172 ac
2977 5117 3318 5177 immortalis,
3341 5130 3486 5168 mor-

1916 5229 1936 5260 ι
1988 5211 2058 5264 tis
2104 5225 2330 5278 prorsus
2385 5211 2578 5276 nescii,
2617 5219 2670 5264 et
2735 5209 3098 5278 sempiternus
3141 5206 3479 5275 sempiterni.

1916 5319 1936 5354 ι
1985 5299 2521 5371 Unusqueﬁpiritus
2573 5311 2817 5365 sanctus,
2849 5317 2912 5354 ex
2946 5299 3056 5354 Deo
3112 5298 3478 5353 exsistentiam

1917 5411 1936 5444 ι
1986 5394 2210 5458 habens,
2251 5403 2304 5448 et
2335 5394 2428 5462 qui
2460 5409 2554 5462 per
2589 5393 2788 5447 Filium
2827 5401 3097 5463 apparuit,
3135 5389 3342 5445 scilicet
3383 5389 3485 5441 lto-

241 5507 259 5540 ι
311 5491 794 5561 minibuszimago
851 5489 973 5544 Filii
1030 5488 1250 5560 perfecti
1298 5490 1554 5557 perfecta,
1608 5490 1713 5543 vita
1777 5489 2098 5553 viventium,
2167 5503 2353 5557 causa,
2433 5489 2554 5544 fons
2577 5499 2822 5552 sanctus,
2890 5485 3172 5546 sanctitas,
3240 5479 3483 5536 sanctiti-

239 5606 255 5638 ‹
305 5589 561 5655 cationis,
590 5587 982 5657 suppeditator.
1026 5607 1043 5638 ι

833 5684 1203 5738 Ἐπιστασία.

311 5797 326 5827 ι
374 5780 649 5847 Προσσχες
673 5778 768 5832 καὶ
793 5777 870 5842 τῷ
899 5777 997 5841 τῆς
1023 5776 1165 5841 θείας
1196 5776 1618 5841 ’Δποκαλύψεως
1639 5776 1802 5842 ἀξιω-

2495 5674 2910 5730 Λιιὶηιαάυενεςὶο.

1987 5789 2006 5823 ‹
2067 5769 2296 5826 Attende
2360 5768 2486 5822 huic
2529 5774 2738 5830 saneto,
2765 5763 2853 5832 qui
2916 5761 3487 5838 revelationedignus
