3958 6436
464 364 570 425 5ῗ9

1493 368 1706 430 ῙΟΑΝ.
1746 367 1963 430 VECCI
2006 364 2113 425 (ΣΡ.
2158 364 2669 426 ΡΑἸἮΙΑΒΟΙΙΕ

3610 374 3724 434 ιδο

470 493 490 527 ι
527 474 749 531 eﬂ‘ectus
779 483 881 541 est,
902 490 1023 547 qua:
1053 491 1119 531 ex
1156 490 1219 530 ea
1255 477 1479 533 edortus
1512 485 1616 540 est,
1651 477 1740 531 illa
1764 486 1819 529 et
1852 476 2039 529 decer-

2210 472 2361 524 θέντι
2388 472 2561 541 τούτῳ
2585 474 2749 543 ἁγίῳ,
2767 473 2800 527 ἆ
2834 477 2962 545 παρ’
2988 475 3205 547 ἐκείνης
3245 478 3520 548 ἐδιδάχθη,
3552 485 3730 535 ταῦτα

470 584 490 617 ι
540 565 712 632 nenti,
766 574 820 620 et
883 565 1199 635 praedicanti
1226 605 1242 631 ,
1269 566 1529 637 Spiritum
1573 582 1763 635 nempe
1796 582 1857 619 ex
1884 564 2044 619 Patre

470 674 493 709 ε
524 656 899 713 exsistentiam
933 657 1151 724 habere,
1199 666 1254 713 et
1314 673 1408 727 per
1460 658 1653 711 Filium
1705 670 2039 741 apparere...

1107 836 1401 905 Refutatio.

538 929 606 984 Et
629 929 786 999 plane
816 928 943 982 huic
965 928 1354 983 attendendum
1383 937 1484 991 est,
1519 929 1611 999 qui
1635 944 1700 983 ex
1721 927 2049 981 revelatione

468 1020 817 1077 determinat.
871 1018 1120 1089 Namque
1173 1020 1269 1090 qui
1329 1020 1382 1073 in
1415 1020 1577 1089 hujus
1629 1020 1797 1084 dicta,
1840 1019 1916 1073 uti
1953 1032 2051 1085 par

475 1121 579 1175 est,
608 1120 664 1167 et
729 1111 990 1167 attentius
1059 1112 1461 1175 introspexerit,
1518 1126 1797 1181 nunquam
1821 1126 1885 1164 ex
1913 1109 2052 1163 Filio

469 1204 734 1275 Spiritum
792 1203 1018 1270 dividet,
1078 1204 1379 1257 secundum
1423 1205 1718 1256 naturalem
1770 1211 1825 1256 et
1864 1215 2053 1255 essen-

468 1295 652 1350 tialem
721 1292 869 1346 illitis
947 1291 1350 1354 exsistentiam,
1433 1291 1578 1360 quod
1666 1304 1772 1343 non
1848 1287 2054 1355 absque

471 1401 658 1440 errore
679 1393 951 1439 conantur
976 1423 991 1448 ,
1024 1384 1117 1452 qui
1149 1392 1478 1451 pernegant,
1516 1386 1608 1450 per
1654 1379 1850 1434 Filium
1901 1380 2050 1435 illum

470 1478 755 1531 exsistere.
818 1476 1049 1528 Sanctus
1084 1474 1229 1527 enim
1252 1488 1376 1527 cum
1428 1483 1584 1527 antea
1614 1471 1842 1527 dixisset
1882 1470 2054 1540 Spiri-

477 1576 595 1619 tum
650 1580 715 1618 ex
772 1565 878 1619 Deo
899 1563 1272 1617 exsistentiam
1319 1563 1540 1627 habere,
1570 1570 1622 1615 et
1645 1560 2055 1615 mauifestasset

472 1653 780 1724 hypostasis
842 1669 953 1707 suae
1037 1667 1259 1706 causam
1304 1652 1505 1706 habere
1536 1667 1600 1705 ex
1641 1652 1815 1721 prima
1843 1658 1898 1705 et
1935 1652 2054 1706 sine

474 1744 745 1816 principio
797 1758 963 1797 cauSa
1027 1742 1156 1807 Deo,
1211 1743 1441 1810 nequis
1492 1744 1827 1797 existimaret
1863 1742 2054 1795 imme-

2156 585 2172 615 ι
2226 567 2320 617 καὶ
2353 564 2737 633 δογματίζοντι
2790 570 2883 618 καὶ
2934 568 3280 637 κηρύττοντι,
3311 569 3372 621 τὸ
3408 568 3633 640 Πνεῦμα
3666 574 3733 625 ὲκ

2155 677 2173 710 t
2222 658 2315 709 τοῦ
2349 656 2562 723 [ἰατρὸς
2596 657 2696 727 μὲν
2730 657 2850 729 ἔχον
2882 661 2980 730 τὴν
3025 660 3280 730 ὓπαρξιν,
3330 662 3419 714 διὰ
3464 663 3560 716 τοῦ
3597 663 3731 717 Υῐοῦ

2154 769 2174 801 t
2221 750 2276 803 δὲ
2303 748 2556 817 πεφηνός.
2602 766 2620 799 ι

2744 840 3130 908 Ἀντίῤῥησις.

2222 930 2476 984 Μάλιστά
2504 947 2568 998 γε
2597 930 2774 1000 τούτῳ
2808 933 3102 1000 προσσχεῖν
3128 931 3211 984 δεῖ
3239 932 3313 1001 τῷ
3341 933 3735 998 ὲξἈποκαὶύι

2150 1019 2297 1088 ᾡεως
2326 1019 2736 1091 θεολογήσαντι.
2784 1019 2843 1072 Ὀ
2879 1020 2987 1089 γὰρ
3034 1024 3099 1091 τῇ
3131 1022 3325 1073 τούτου
3355 1023 3609 1094 θεολογία
3639 1026 3739 1091 ὲμ-

2154 1110 2419 1175 ϐαθύνας,
2450 1110 2526 1172 ὡς
2556 1112 2684 1180 χρὴ,
2716 1109 2814 1162 οὐκ
2842 1110 2907 1162 ἄν
2952 1126 3079 1161 ποτε
3109 1109 3364 1181 διαιρήσῃ
3387 1109 3485 1162 ¹τοῦ
3515 1111 3648 1162 Υἱοῦ
3677 1112 3738 1163 τὸ

2155 1197 2380 1268 Πνεῦμα
2417 1199 2558 1251 κατὰ
2580 1200 2680 1268 τὴν
2708 1196 2944 1268 φυσικὴν
2971 1201 3063 1249 καὶ
3095 1198 3326 1267 οῦσιώδη
3354 1198 3522 1251 αὑτοῦ
3558 1198 3738 1269 ῦπαρο

2158 1291 2261 1356 ξιν,
2318 1294 2455 1355 οπερ
2502 1290 2819 1358 ἐπισφαλῶς
2869 1290 3190 1341 σπεύδουσιν
3235 1292 3283 1341 οἱ
3320 1291 3737 1359 ἀπαρνούμενοι

2154 1381 2241 1433 διὰ
2266 1380 2357 1433 τοῦ
2400 1380 2523 1432 Υῑοῦ
2560 1380 2825 1451 ὑπάρχειν
2854 1381 3007 1432 αὑτό.
3045 1380 3103 1432 Ὀ
3134 1382 3241 1450 γὰρ
3261 1380 3438 1447 ἅγιος,
3466 1383 3738 1451 πρότερον

2156 1472 2324 1525 εἰπὼν
2355 1473 2414 1525 τὸ
2450 1473 2677 1541 Πνεῦμα
2715 1475 2777 1524 ἐκ
2819 1471 2955 1524 Θεοῦ
3008 1473 3108 1541 τὴν
3144 1471 3382 1541 ὓπαρξιν
3432 1473 3590 1541 ἔχον,
3641 1474 3737 1526 καὶ

2150 1562 2473 1633 δεδηλωκὼς
2504 1565 2604 1634 τὴν
2628 1563 2727 1633 τῆς
2752 1565 3104 1625 ὑποστάσεως
3132 1564 3312 1616 αἰτίαν
3345 1563 3491 1634 ἔχειν
3519 1564 3654 1617 αὑτὸ
3675 1567 3737 1617 ὲκ

2156 1670 2382 1724 πριυτης
2412 1654 2508 1707 καὶ
2540 1654 2780 1723 ἀνάρχου
2812 1652 2990 1714 αἰτίας
3021 1652 3116 1706 τοῦ
3149 1651 3385 1723 Πατρὸς,
3416 1654 3509 1707 ἶνα
3542 1655 3620 1723 μή
3653 1671 3736 1717 τις

2158 1749 2403 1815 οἰήσαιτο
2447 1743 2668 1815 suam;
2716 1745 2780 1795 ὲκ
2819 1742 2953 1794 Θεοῦ
2981 1742 3079 1811 τὴν
3119 1743 3355 1813 ὓπαρξιν
3396 1742 3546 1813 ἔχειν
3579 1745 3730 1809 αὐτὸ,

472 1838 618 1891 diale
674 1850 737 1888 ex
796 1832 909 1887 Deo
940 1833 1113 1901 ipsum
1171 1833 1550 1888 exsistentiam
1588 1834 1811 1897 habere,
1835 1848 1942 1903 qua
1974 1833 2054 1886 vel

2167 1832 2301 1909 ᾗτινι
2363 1835 2547 1903 ἐννοίᾳ
2608 1832 2898 1885 ἀκολουθεῖ
2961 1831 3291 1901 διαιρεῖσθαι
3338 1832 3433 1886 τοῦ
3481 1834 3612 1885 Υἱοῦ
3675 1835 3735 1886 τὸ

473 1928 588 1980 sola
651 1924 983 1993 cogitatione
1038 1922 1311 1993 sequitur,
1335 1923 1596 1993 Spiritum
1628 1939 1657 1977 a
1693 1923 1833 1977 Filio
1863 1924 2050 1989 dividi,

474 2017 773 2072 secundum
809 2015 983 2082 ipsam
1021 2014 1339 2069 eorumdem
1367 2029 1431 2067 ex
1464 2014 1623 2068 Patre
1645 2015 2052 2079 exsistentiam,

475 2108 613 2163 adeo
652 2116 844 2162 utnon
896 2106 1266 2174 conspiciatur
1312 2104 1474 2159 trium
1518 2105 1894 2168 connaturale,
1920 2120 2054 2159 cun-

475 2198 692 2252 tinuum
718 2206 774 2251 et
798 2196 1206 2261 indissolutum,
1234 2195 1416 2250 statim
1454 2195 1718 2259 subdidit,
1748 2204 1803 2249 et
1852 2209 1943 2263 per
1968 2193 2058 2248 Fi-

470 2289 612 2342 lium
646 2287 960 2341 hominibus
1019 2287 1291 2355 apparuit,
1327 2284 1459 2338 nihil
1492 2283 1711 2338 diﬂ‘erre
1753 2292 1928 2347 ratus,
1960 2297 2057 2351 per

475 2378 676 2433 Filium
738 2392 1001 2447 apparere
1058 2375 1320 2446 Spiritum
1375 2374 1708 2440 hominibus,
1741 2382 1794 2429 et
1845 2388 1940 2442 per
1968 2372 2061 2442 Fi;

476 2473 610 2525 lium
664 2469 842 2539 ipsum
904 2483 968 2523 ex
1040 2464 1202 2521 Patre
1258 2466 1542 2521 exsistere.
1603 2463 1817 2517 Etenim
1866 2463 1921 2517 εἰ·
1962 2476 2058 2531 per

476 2557 674 2613 Filium
729 2572 839 2611 non
904 2558 1208 2621 exsisteret,
1248 2569 1528 2625 nunquam
1587 2567 1687 2622 per
1726 2550 1924 2606 Filium
1957 2554 2058 2605 ho-

476 2648 717 2703 minibus
749 2655 1055 2715 appareret,
1087 2647 1179 2715 qui
1206 2661 1318 2701 nou
1365 2644 1835 2700 administratorio
1874 2643 2053 2708 modo,

478 2754 659 2808 neque
688 2739 871 2795 servili
916 2737 1155 2807 Spiritus
1199 2736 1686 2807 suppeditationem
1714 2734 1892 2803 dignis
1925 2734 2058 2787 sub-

480 2830 782 2894 ministrat,
844 2828 993 2897 quod
1026 2830 1229 2896 Optime
1278 2836 1501 2880 sanctus
1541 2824 1912 2893 comprobavit
1931 2823 2057 2878 sub-

482 2921 620 2975 deus
668 2918 802 2973 illud
831 2934 846 2972 :
883 2935 904 2968 ι
940 2916 1124 2986 Imago
1150 2914 1273 2968 Filii
1301 2912 1524 2982 perfecti
1548 2914 1807 2982 perfecta.
1844 2930 1863 2963 ι
1893 2908 2067 2967 Nam?

481 3025 589 3080 que
637 3009 706 3071 si,
754 3019 812 3061 ut
851 3010 944 3076 qui
993 3022 1114 3061 sese
1162 3013 1484 3073 opponunt,
1544 3005 1899 3067 contendunt,
1949 3019 2057 3057 non

481 3115 580 3169 per
609 3097 807 3153 Filium
857 3097 1122 3166 Spiritum
1156 3096 1422 3149 exsistere
1458 3103 1682 3149 sanctus
1722 3093 2056 3163 opinaretur,

2158 1927 2381 1995 Πνεῦμα
2414 1924 2536 1978 κατ’
2570 1923 2740 1995 αὑτὴν
2772 1925 2870 1994 τὴν
2917 1925 2980 1974 ὲκ
3015 1924 3226 1993 Πατρὺς
3256 1924 3442 1977 αὐτῶν
3473 1924 3730 1995 ὓπαρξιν,

2153 2016 2226 2077 ὡς
2267 2016 2466 2086 μηκέτι
2502 2012 2827 2082 θεωρεῖσθαι
2857 2014 2916 2065 τὺ
2940 2014 3046 2067 τῶν
3080 2012 3250 2083 τριῶν
3284 2015 3536 2083 συμφυὲς
3580 2032 3727 2068 συνε-

2154 2108 2248 2174 χὲς
2293 2106 2389 2157 καὶ
2437 2103 2825 2175 ἁδιάρῤηκτον,
2877 2105 3127 2174 ἐπήγαγε
3183 2121 3324 2174 παρε
3356 2104 3476 2169 θῦς,
3524 2105 3611 2158 καὶ
3653 2105 3717 2156 δι’

2157 2194 2290 2247 Υἱοῦ
2327 2195 2569 2263 πεφηνὸς
2618 2196 2732 2256 τοῖς
2759 2192 3089 2262 ἀνθρώποις,
3137 2178 3289 2249 οὐδὲν
3324 2194 3607 2263 διαφέρειν
3623 2195 3728 2247 οἱᾶ-

2156 2300 2320 2357 μενος
2360 2284 2428 2337 δι’
2462 2282 2592 2335 Υἱοῦ
2650 2283 2891 2353 πεφηνὸς
2928 2287 3035 2347 τοῖς
3079 2284 3394 2354 ἀνθρώποις
3441 2285 3627 2353 λέγειν
3673 2287 3731 2337 τὸ

2159 2375 2406 2443 Πνεῦμα,
2435 2374 2530 2427 καὶ
2551 2373 2618 2426 δι’
2650 2373 2782 2426 Υἱοῦ
2811 2374 3082 2444 ὑπάρχειν
3108 2375 3244 2428 αὑτὸ
3289 2376 3353 2429 ἐκ
3399 2377 3640 2446 Πατρός.
3672 2375 3735 2429 Et

2160 2465 2235 2534 μὴ
2269 2467 2378 2534 γὰρ
2410 2464 2623 2535 ὑπῆρχε
2657 2464 2725 2518 δι’
2759 2464 2913 2529 rios,
2958 2465 3061 2518 οὐκ
3101 2466 3168 2519 ἂν
3201 2467 3273 2520 δι’
3317 2468 3448 2520 nos
3493 2470 3735 2536 πεφηνὸς

2155 2550 2224 2624 ἦν
2252 2557 2363 2616 τοῖς
2386 2554 2719 2623 ἀνθρώποις,
2753 2552 2849 2606 τοῦ
2886 2551 2960 2624 μὴ
2986 2553 3395 2625 λειτουργικῶς,
3423 2556 3564 2626 μηδὲ
3594 2557 3735 2627 ὑπη-

2161 2644 2391 2716 ρετικῶς
2438 2645 2538 2716 τὴν
2585 2645 2681 2699 τοῦ
2738 2643 3059 2715 Πνεύματος
3093 2648 3359 2717 χορηγίαν
3406 2651 3525 2708 τοῖς
3565 2645 3735 2711 ἀξίοις

2160 2735 2528 2803 διανέμοντος,
2557 2736 2822 2789 κάλλιστα
2849 2736 2905 2789 δὲ
2930 2736 3092 2790 τοῦτο
3128 2738 3287 2801 αὑτὸς
3323 2740 3352 2791 ὁ
3394 2739 3558 2807 ἅγιος
3596 2739 3735 2790 συνὶ-

2162 2839 2356 2894 στησιν
2403 2823 2704 2892 ἐπαγαγὼν
2751 2826 2833 2892 τὸ,
2877 2844 2895 2876 ί
2923 2824 3089 2879 εἰκὼν
3120 2826 3215 2879 τοῦ
3253 2825 3383 2879 Υεοῦ
3408 2829 3622 2879 τελείου
3648 2841 3734 2878 τε-

2159 2914 2301 2971 λεία.
2339 2934 2358 2967 ι
2396 2915 2458 2968 Εἰ
2483 2918 2592 2987 γὰρ
2621 2916 2699 2980 ὡς
2724 2919 2770 2970 οἱ
2803 2920 3176 2986 ἀντιλέγοντες
3203 2918 3515 2988 βούλονται,
3546 2917 3624 2988 μὴ
3651 2917 3735 2971 διὰ

2159 3005 2254 3058 τοῦ
2289 3006 2420 3059 Υἰοῦ
2453 3007 2723 3077 ὑπάρχειν
2751 3008 2813 3061 τὸ
2839 3010 3063 3079 Πνεῦμα
3100 3011 3323 3079 ἐφρόνει
3356 3012 3383 3063 ὀ
3418 3010 3599 3079 ἅγιος,
3636 3012 3733 3061 οὐκ

2163 3097 2229 3149 ἂν
2265 3097 2396 3149 αὐτὸ
2426 3099 2615 3151 εἰκόνα
2652 3099 2878 3152 ἐκάλεσε
2927 3098 3023 3152 τοῦ
3059 3100 3212 3155 Υἰοῦ.
3302 3101 3597 3154 Ἀδύνατον
3628 3100 3732 3168 γὰρ

481 3164 760 3260 nunquam
802 3164 956 3242 illum
999 3187 1292 3256 imaginem
1337 3183 1458 3238 Filii
1494 3193 1881 3253 nuncupasset.
1913 3183 2054 3238 Fieri

2167 3189 2345 3241 εἰκόνα
2375 3188 2470 3241 τοῦ
2501 3189 2633 3242 Υἱοῦ
2676 3192 2946 3263 κληθῆναι
2991 3192 3054 3246 τὸ
3087 3192 3164 3264 μὴ
3194 3191 3440 3262 ὑπάρχον
3468 3191 3540 3245 δι’
3567 3164 3731 3246 αὑτοῦ

486 3284 626 3339 enim
657 3282 864 3352 nequit,
892 3289 956 3334 ut
985 3281 1163 3350 imago
1180 3279 1304 3333 Filii
1322 3288 1563 3344 vocetur,
1580 3279 1725 3347 quod
1742 3292 1836 3346 per
1856 3278 2052 3346 ipsum,

481 3384 539 3427 et
570 3387 636 3427 ex
662 3373 781 3442 ipso
809 3387 918 3425 non
958 3370 1165 3426 existit.

654 3463 908 3533 Ejusdem
933 3478 997 3515 ea;
1025 3462 1342 3530 expositione
1369 3461 1494 3531 ﬁdei
1526 3459 1856 3531 particulari.

559 3552 796 3611 CXXXI.
825 3572 845 3605 ι
877 3553 1210 3608 Coniitemur
1235 3553 1398 3623 igitur
1431 3567 1598 3606 unum
1630 3549 1802 3604 Deum
1840 3562 2053 3610 verum,

2156 3293 2218 3329 τε
2252 3279 2342 3331 καὶ
2366 3279 2422 3346 ἐξ
2450 3279 2636 3334 αὐτοῦ.

2305 3462 2414 3517 Τοῦ
2446 3463 2633 3519 αὑτοῦ
2661 3464 2730 3518 ἐκ
2776 3464 2888 3534 τῆς
2915 3467 3068 3521 κατὰ
3094 3467 3277 3537 μέρος
3306 3469 3592 3539 πίστεως.

2230 3551 2403 3609 ΡΛΑ’.
2440 3571 2458 3604 t
2485 3553 2887 3626 Ὀμολογοῦμεν
2937 3555 3030 3611 οῦν
3057 3561 3153 3612 ἕνα
3177 3560 3331 3627 Θεὸν,
3370 3560 3501 3629 μίαν
3535 3560 3726 3630 ἀρχὴν,

489 3664 511 3698 ι
546 3662 712 3700 unum
742 3645 1092 3714 principium,
1123 3654 1177 3700 et
1207 3660 1374 3699 unum
1422 3641 1617 3696 Filium
1646 3657 1855 3705 verum,
1888 3641 2055 3697 Deum

2167 3661 2183 3695 t
2229 3644 2327 3697 καὶ
2359 3644 2458 3699 ἕνα
2483 3646 2611 3723 Υιὺν
2636 3647 2915 3716 ἀληθινὸν,
2939 3648 3073 3702 Θεὸν
3090 3649 3149 3714 ἐξ
3175 3649 3430 3720 ἀληθινοῦ
3451 3651 3547 3704 τοῦ
3573 3651 3726 3717 Θεοῦ,

491 3755 508 3787 ι
541 3753 607 3792 ex
639 3752 766 3791 vero
797 3736 929 3801 Deo,
952 3736 1272 3794 naturaliter
1301 3744 1577 3804 paternam
1608 3733 1941 3788 divinitatem
1960 3730 2057 3784 ita.

491 3847 510 3879 ι
553 3829 789 3893 beutem,
820 3828 925 3882 hoc
956 3836 1041 3882 est
1066 3824 1586 3882 consubstantialem
1608 3823 1754 3877 Patri
1775 3838 1791 3889 ;
1812 3832 1864 3878 et
1885 3836 2053 3881 unum

489 3936 511 3969 ι
564 3918 824 3986 Spiritum
882 3924 1156 3977 sanctum,
1210 3916 1303 3984 qui
1366 3923 1561 3968 natura
1592 3921 1644 3967 et
1682 3912 1910 3966 veritate
1944 3909 2056 3962 vim

493 4027 514 4060 ι
550 4010 708 4063 habet
765 4007 948 4065 omnia
980 4007 1375 4074 sanvctiiieaudi,
1400 4016 1453 4063 et
1476 4000 1841 4069 deiﬁcantem,
1867 4002 1961 4074 qui
1984 4016 2055 4056 ex

493 4119 512 4152 ι
561 4099 863 4155 substantia
898 4099 992 4155 Dei
1029 4108 1166 4163 est.»

1074 4191 1177 4244 Ani
1184 4191 1492 4245 maduersia.

566 4305 585 4339 ι
624 4285 923 4345 Prudenter
971 4285 1095 4343 audi
1149 4284 1397 4343 eumdem
1434 4291 1684 4345 sanctum
1716 4296 1882 4338 unum
1905 4281 2058 4352 prin~

492 4398 511 4430 ι
548 4380 752 4447 cipiunt
774 4379 990 4435 Patrem
1017 4379 1356 4443 edicentem;
1418 4391 1484 4432 ex
1529 4375 1767 4432 essentia
1803 4388 1932 4428 vero
1961 4371 2056 4427 Dei

2166 3753 2185 3787 ι
2233 3736 2480 3804 φυσικῶς
2496 3738 2594 3807 τὴν
2625 3738 2908 3808 [ἰατρικὴν
2940 3739 3171 3810 θεότητα
3201 3742 3411 3812 ἔχοντα,
3451 3742 3729 3795 τουτέστιν

2162 3843 2183 3878 t
2226 3827 2517 3897 ὁμοούσιον
2548 3828 2628 3898 τῷ
2658 3829 2853 3899 Πατρὶ,
2886 3831 2980 3883 καὶ
3016 3830 3074 3884 ἓν
3104 3832 3329 3900 Πνεῦμα
3358 3833 3537 3900 ἅγιον,
3573 3835 3728 3900 φύσει

2162 3936 2182 3970 ι
2229 3919 2324 3972 καὶ
2348 3918 2578 3989 ἀληθείᾳ
2593 3918 2704 3973 τῶν
2728 3920 2982 3974 ἁπάντων
2998 3923 3319 3991 ἀγιαστικὺν
3336 3924 3431 3978 καὶ
3460 3921 3724 3988 θεοποιὸν,

2161 4029 2181 4063 ι
2228 4012 2293 4065 ὲκ
2316 4011 2417 4082 τῆς
2438 4010 2625 4075 οὐσίας
2648 4011 2744 4067 τοῦ
2768 4012 2905 4066 Θεοῦ
2939 4014 3203 4085 ὑπάρχον.
3237 4033 3258 4067 ι

2763 4193 3137 4253 Ἐπιστασία.

2233 4303 2253 4337 ι
2300 4286 2543 4355 Συνετῶς
2565 4285 2800 4343 ἄκουσον
2834 4285 2930 4357 τοῦ
2968 4286 3135 4339 αὑτοῦ
3165 4286 3346 4354 ἁγίου,
3383 4285 3520 4355 μίαν
3557 4285 3727 4357 ἀρχὴν

2165 4396 2184 4433 ι
2230 4378 2323 4432 τὸν
2371 4376 2597 4448 Πατέρα
2624 4376 3012 4448 κηρύττοντος.
3057 4378 3129 4430 Τὸ
3166 4381 3230 4431 ἐκ
3265 4378 3363 4446 τῆς
3411 4378 3604 4442 οὐσίας
3636 4380 3723 4429 τοῦ

495 4489 516 4523 ι
555 4485 696 4537 esse,
753 4471 833 4526 uti
892 4470 1089 4541 reliqui
1124 4482 1316 4527 omnes
1339 4466 1515 4525 sancti
1544 4464 1732 4523 Patres
1781 4465 2054 4527 dixerunt.

2167 4486 2187 4521 ι
2228 4468 2363 4522 Θεοῦ
2405 4467 2670 4538 ὑπάρχον,
2699 4468 2809 4521 νόει
2836 4465 3018 4529 καθὼς
3046 4468 3140 4521 καὶ
3167 4470 3219 4519 οι
3240 4467 3418 4522 λοιποὶ
3457 4469 3594 4521 θεῖοι
3622 4470 3730 4523 Πα-

495 4581 515 4612 ‹
552 4560 810 4629 intellige.
861 4557 966 4617 Sed
996 4569 1051 4614 et
1101 4559 1217 4629 ipse
1245 4559 1300 4613 in
1333 4574 1439 4614 una
1469 4557 1767 4625 eademque
1802 4556 2055 4625 pericope

2167 4580 2183 4612 ι
2225 4559 2403 4631 τέρες.
2453 4558 2616 4614 Ἀλλὰ
2650 4562 2743 4612 καὶ
2773 4552 2926 4620 οὗτος
2953 4560 3013 4611 ὲν
3039 4563 3106 4630 τῇ
3140 4560 3278 4632 αὐτῇ
3323 4562 3418 4613 καὶ
3447 4562 3552 4630 μιᾷ
3578 4577 3731 4629 περι·

496 4671 515 4704 ι
553 4651 868 4716 declaravit,
923 4666 1047 4711 cum
1081 4652 1240 4720 dixit,
1297 4650 1501 4711 Filium
1558 4664 1627 4711 ex
1652 4664 1779 4707 vero
1829 4646 1960 4713 Deo,
1990 4662 2057 4707 ex

501 4764 522 4799 ι
556 4743 716 4809 Patre
741 4743 966 4803 scilicet.
1007 4761 1027 4795 ι

1127 4838 1421 4908 Refutatio.

569 4926 742 4991 Unum
790 4930 1007 4999 quidem
1069 4930 1397 5000 principium
1449 4937 1671 4991 sanctus
1703 4928 1914 4991 statuit,
1962 4924 2060 4981 sed

492 5034 602 5073 non
655 5030 940 5090 propterea
1006 5022 1170 5084 tollit,
1199 5022 1417 5076 diverso
1458 5035 1639 5085 causa:
1677 5018 1838 5074 modo
1858 5017 2062 5088 princi-

492 5111 642 5180 pium
664 5125 786 5175 esse
811 5126 1025 5174 eorum,
1055 5125 1177 5180 qua;
1199 5127 1261 5175 ex
1288 5110 1381 5173 illo
1404 5118 1536 5167 sunt
1571 5128 1585 5167 :
1612 5109 1757 5173 unde
1784 5108 2059 5173 inclaruit.

492 5216 560 5265 ex
591 5202 779 5264 eodem
816 5219 925 5265 uno
958 5201 1225 5272 principio
1258 5201 1367 5259 duo
1419 5215 1541 5256 esse
1598 5210 1843 5269 causata,
1893 5215 2062 5263 unum

493 5308 590 5362 per
623 5292 788 5357 aliud.
819 5292 955 5357 illud
991 5308 1154 5362 porro
1175 5308 1242 5347 ex
1282 5292 1584 5357 substantia
1650 5293 1739 5359 Dei
1768 5292 2061 5357 exsisteus,

494 5385 900 5455 intelligendum
963 5392 1050 5438 est
1103 5399 1167 5438 ex
1198 5382 1380 5444 Patre,
1429 5384 1506 5437 uti
1539 5394 1626 5439 tua
1663 5381 2063 5445 animadversio

493 5473 648 5539 dicit,
676 5482 914 5529 attamen
944 5473 1074 5527 illud
1112 5473 1471 5551 ignorantium
1512 5481 1737 5538 nonest,
1770 5486 1835 5527 ex
1874 5486 2065 5526 essen-

495 5570 567 5622 tia
598 5567 721 5623 Filii
750 5568 1012 5638 Spiritum
1044 5584 1187 5624 esse.

995 5660 1250 5731 Ejusdem
1276 5677 1339 5715 ea:
1360 5661 1563 5715 eadem.

564 5748 829 5807 CXXXII.
878 5770 898 5804 ι
969 5751 1165 5808 Genito
1200 5764 1380 5808 autem
1429 5750 1568 5805 Filio
1626 5766 1690 5806 ex
1735 5749 1895 5803 Patre
1935 5763 2065 5805 vera

2164 4669 2184 4703 ι
2230 4654 2372 4725 κοπῇ
2411 4650 2708 4720 ὲσαφήνισε
2753 4651 2842 4707 διὰ
2876 4649 2969 4703 τοῦ
3025 4651 3239 4704 καὶτὸν
3279 4651 3409 4707 Υἰὸν
3450 4654 3630 4707 εἰπεῖν
3673 4651 3732 4716 ἐξ

2165 4758 2187 4792 ι
2227 4738 2489 4810 ἀληθινοῦ
2511 4738 2670 4805 Θεοῦ,
2701 4741 2952 4794 τουτέστι
2985 4742 3079 4794 τοῦ
3107 4742 3342 4809 Πατρός.
3372 4759 3394 4793 ι

2763 4832 2824 4886 Ἀ
2832 4833 3169 4901 ντίρῤησις.

2232 4923 2377 4979 Μίαν
2412 4922 2512 4993 μὲν
2543 4922 2718 4994 ἀρχὴν
2763 4924 2857 4981 τὸν
2913 4926 3130 4993 Πατέρα
3173 4925 3431 4996 κηρύττει
3479 4927 3510 4978 ὁ
3558 4925 3731 4992 ἅγιος,

2162 5017 2301 5081 ἀλλὰ
2362 5017 2464 5069 οὐκ
2526 5017 2743 5086 ἀναιρεί
2794 5016 2890 5071 καὶ
2930 5016 2993 5070 τὸ
3035 5020 3094 5068 ἐν
3135 5017 3377 5087 διαφόρῳ
3406 5018 3599 5087 τρόπῳ
3636 5017 3732 5082 τῆς

2164 5108 2344 5172 αἰτίας
2376 5105 2552 5178 ἀρχὴν
2584 5106 2750 5173 αὑτὸν
2791 5105 2934 5163 εἶναι
2965 5110 3060 5162 καὶ
3095 5109 3202 5161 τῶν
3237 5109 3298 5172 ἐξ
3337 5107 3508 5161 αὐτοῦ
3541 5108 3735 5161 ὁπόθεν

2162 5200 2406 5268 ἀνεφάνη
2437 5198 2499 5251 τὸ
2529 5194 2669 5257 εἶναι
2692 5198 2801 5251 τῶν
2817 5200 2883 5259 ἐκ
2910 5200 3008 5268 τῆς
3043 5201 3172 5268 μιᾶς
3200 5200 3402 5269 ταύτης
3436 5201 3618 5268 ᾀρχῆς
3646 5198 3737 5250 δύο

2164 5294 2312 5343 αἰτια
2346 5290 2454 5343 τῶν
2469 5289 2557 5343 διὰ
2585 5289 2816 5358 θατέρου
2842 5290 2901 5347 τὸ
2928 5291 3138 5362 ἕτερον,
3167 5291 3227 5343 τὺ
3256 5291 3315 5344 δὲ
3334 5293 3400 5343 ἐκ
3420 5293 3521 5360 τῆς
3550 5290 3735 5351 οὐσίας

2164 5380 2259 5434 τοῦ
2295 5380 2430 5433 Θεοῦ
2478 5381 2744 5450 ὑπάρχον,
2790 5384 2854 5434 ὲκ
2898 5383 2991 5434 τοῦ
3023 5381 3236 5451 Πατρὸς
3266 5384 3406 5443 νοεῖν
3437 5381 3539 5443 δεῖ,
3587 5381 3663 5444 ὼς
3702 5381 3732 5450 ὴ

2165 5473 2460 5529 ἐπιστασία
2484 5489 2579 5526 σου
2610 5472 2886 5542 βούλεται.
2932 5474 3025 5526 Δεῖ
3060 5473 3117 5526 δὲ
3159 5473 3249 5535 καὶ
3286 5474 3360 5547 μὴ
3393 5474 3612 5540 ἀγνοεῖν
3660 5472 3733 5532 ὡς

2170 5564 2265 5615 καὶ
2298 5566 2363 5615 ἐκ
2400 5563 2503 5631 τῆς
2526 5563 2716 5624 οὐσίας
2745 5564 2839 5614 τοῦ
2882 5561 3014 5623 Υἰοῦ
3044 5562 3104 5625 τὸ
3131 5562 3356 5633 Πνεῦμα
3386 5563 3557 5615 ἐστιν.

2528 5654 2637 5708 Τοῦ
2677 5654 2862 5707 αὐτοῦ
2891 5654 2960 5707 ἐκ
2993 5653 3101 5708 τοῦ
3147 5653 3356 5707 αὐτοῦ.

2243 5747 2413 5811 PAB’.
2446 5767 2463 5800 ι
2499 5746 2857 5817 Γεννηθέντος
2886 5744 2979 5798 τοῦ
3017 5744 3143 5798 Υἰοῦ
3175 5746 3238 5798 ὲκ
3276 5743 3488 5817 ιιατρδς
3513 5743 3731 5815 ἀληθινῇ
