  <div class='ocr_page' id='page_1' title='image "/cluster/home/n/w/nwhite01/storage/ocr_20150623/141/coo.31924054870468/294.png"; bbox 0 0 3958 6394; ppageno 0'>
   <div class='ocr_carea' id='block_1_1' title="bbox 295 390 399 452">
    <p class='ocr_par' dir='ltr' id='par_1_1' title="bbox 295 390 399 452">
     <span class='ocr_line' id='line_1_1' title="bbox 295 390 399 452; baseline 0.019 -2"><span class='ocrx_word' id='word_1_1' title='bbox 295 390 399 452; x_wconf 82' lang='lat'><strong>581</strong></span> 
     </span>
    </p>
   </div>
   <div class='ocr_carea' id='block_1_2' title="bbox 1255 384 2556 453">
    <p class='ocr_par' dir='ltr' id='par_1_2' title="bbox 1255 384 2556 453">
     <span class='ocr_line' id='line_1_2' title="bbox 1255 384 2556 453; baseline -0.003 -2"><span class='ocrx_word' id='word_1_2' title='bbox 1255 391 1337 453; x_wconf 91' lang='lat' dir='ltr'><strong>IN</strong></span> <span class='ocrx_word' id='word_1_3' title='bbox 1378 391 1524 450; x_wconf 83' lang='lat' dir='ltr'><strong>CAM</strong></span> <span class='ocrx_word' id='word_1_4' title='bbox 1535 389 1766 450; x_wconf 77' lang='lat' dir='ltr'>ATERI</span> <span class='ocrx_word' id='word_1_5' title='bbox 1806 390 1940 450; x_wconf 82' lang='grc' dir='ltr'><strong>ΑΝΙ</strong></span> <span class='ocrx_word' id='word_1_6' title='bbox 1949 387 2440 450; x_wconf 82' lang='lat' dir='ltr'><strong>MADVERSION</strong></span> <span class='ocrx_word' id='word_1_7' title='bbox 2449 384 2556 447; x_wconf 90' lang='lat' dir='ltr'><strong>ES.</strong></span> 
     </span>
    </p>
   </div>
   <div class='ocr_carea' id='block_1_3' title="bbox 3447 391 3555 452">
    <p class='ocr_par' dir='ltr' id='par_1_3' title="bbox 3447 391 3555 452">
     <span class='ocr_line' id='line_1_3' title="bbox 3447 391 3555 452; baseline -0.019 0"><span class='ocrx_word' id='word_1_8' title='bbox 3447 391 3555 452; x_wconf 63' lang='lat'><strong>582</strong></span> 
     </span>
    </p>
   </div>
   <div class='ocr_carea' id='block_1_4' title="bbox 300 497 1870 575">
    <p class='ocr_par' dir='ltr' id='par_1_4' title="bbox 300 499 1870 575">
     <span class='ocr_line' id='line_1_4' title="bbox 300 499 1870 575; baseline -0.003 -20"><span class='ocrx_word' id='word_1_9' title='bbox 300 524 320 555; x_wconf 70' lang='grc' dir='ltr'><strong>ι</strong></span> <span class='ocrx_word' id='word_1_10' title='bbox 375 505 656 572; x_wconf 75' lang='grc' dir='ltr'>γεννήσει,</span> <span class='ocrx_word' id='word_1_11' title='bbox 707 503 768 556; x_wconf 84' lang='grc' dir='ltr'><strong>οὐ</strong></span> <span class='ocrx_word' id='word_1_12' title='bbox 806 507 1020 572; x_wconf 73' lang='grc' dir='ltr'>ποιήσει</span> <span class='ocrx_word' id='word_1_13' title='bbox 1071 505 1137 575; x_wconf 81' lang='grc' dir='ltr'>τῇ</span> <span class='ocrx_word' id='word_1_14' title='bbox 1195 507 1260 554; x_wconf 81' lang='grc' dir='ltr'>ὲκ</span> <span class='ocrx_word' id='word_1_15' title='bbox 1317 499 1767 572; x_wconf 75' lang='grc' dir='ltr'>βουλήσεως,τοῦ</span> <span class='ocrx_word' id='word_1_16' title='bbox 1821 515 1870 551; x_wconf 81' lang='grc' dir='ltr'><strong>τε</strong></span> 
     </span>
    </p>
   </div>
   <div class='ocr_carea' id='block_1_5' title="bbox 1984 497 3557 575">
    <p class='ocr_par' dir='ltr' id='par_1_5' title="bbox 1987 497 3557 568">
     <span class='ocr_line' id='line_1_5' title="bbox 1987 497 3557 568; baseline 0.003 -19"><span class='ocrx_word' id='word_1_17' title='bbox 1987 518 2004 549; x_wconf 82' lang='grc'><strong>‹</strong></span> <span class='ocrx_word' id='word_1_18' title='bbox 2043 499 2411 568; x_wconf 73' lang='lat' dir='ltr'><strong>generatione,</strong></span> <span class='ocrx_word' id='word_1_19' title='bbox 2459 514 2566 552; x_wconf 90' lang='lat' dir='ltr'><strong>non</strong></span> <span class='ocrx_word' id='word_1_20' title='bbox 2599 497 2831 552; x_wconf 74' lang='lat' dir='ltr'><strong>factione</strong></span> <span class='ocrx_word' id='word_1_21' title='bbox 2861 514 2920 549; x_wconf 73' lang='lat' dir='ltr'><strong>ex</strong></span> <span class='ocrx_word' id='word_1_22' title='bbox 2951 500 3224 554; x_wconf 77' lang='lat' dir='ltr'><strong>voluntate</strong></span> <span class='ocrx_word' id='word_1_23' title='bbox 3249 512 3334 563; x_wconf 89' lang='lat' dir='ltr'><strong>,et</strong></span> <span class='ocrx_word' id='word_1_24' title='bbox 3355 499 3557 568; x_wconf 86' lang='lat' dir='ltr'><strong>Spiritu</strong></span> 
     </span>
    </p>
   </div>
   <div class='ocr_carea' id='block_1_6' title="bbox 298 588 1883 664">
    <p class='ocr_par' dir='ltr' id='par_1_6' title="bbox 298 588 1883 664">
     <span class='ocr_line' id='line_1_6' title="bbox 298 588 1883 664; baseline -0.004 -16"><span class='ocrx_word' id='word_1_25' title='bbox 298 613 320 648; x_wconf 71' lang='grc' dir='ltr'><strong>ι</strong></span> <span class='ocrx_word' id='word_1_26' title='bbox 377 594 701 664; x_wconf 64' lang='grc' dir='ltr'>[ἰν-νεύματος</span> <span class='ocrx_word' id='word_1_27' title='bbox 750 598 814 647; x_wconf 85' lang='grc' dir='ltr'>ὲκ</span> <span class='ocrx_word' id='word_1_28' title='bbox 872 598 974 664; x_wconf 75' lang='grc' dir='ltr'><strong>τῆς</strong></span> <span class='ocrx_word' id='word_1_29' title='bbox 1019 597 1207 658; x_wconf 83' lang='grc' dir='ltr'>οὐσίας</span> <span class='ocrx_word' id='word_1_30' title='bbox 1259 593 1355 646; x_wconf 84' lang='grc' dir='ltr'><strong>τοῦ</strong></span> <span class='ocrx_word' id='word_1_31' title='bbox 1400 593 1610 661; x_wconf 81' lang='grc' dir='ltr'>Πατρὸς</span> <span class='ocrx_word' id='word_1_32' title='bbox 1643 591 1713 642; x_wconf 83' lang='grc' dir='ltr'>δι’</span> <span class='ocrx_word' id='word_1_33' title='bbox 1749 588 1883 642; x_wconf 70' lang='grc' dir='ltr'>Υἱοῦ</span> 
     </span>
    </p>
   </div>
   <div class='ocr_carea' id='block_1_7' title="bbox 301 681 1888 756">
    <p class='ocr_par' dir='ltr' id='par_1_7' title="bbox 301 681 1888 756">
     <span class='ocr_line' id='line_1_7' title="bbox 301 681 1888 756; baseline -0.003 -19"><span class='ocrx_word' id='word_1_34' title='bbox 301 705 323 737; x_wconf 75' lang='grc' dir='ltr'>ι</span> <span class='ocrx_word' id='word_1_35' title='bbox 378 686 572 748; x_wconf 76' lang='grc' dir='ltr'>ἁῖδίως</span> <span class='ocrx_word' id='word_1_36' title='bbox 601 686 1033 756; x_wconf 81' lang='grc' dir='ltr'>ὲκπεμφθέντος,</span> <span class='ocrx_word' id='word_1_37' title='bbox 1093 685 1413 753; x_wconf 80' lang='grc' dir='ltr'>ἁγιαστικοῦ</span> <span class='ocrx_word' id='word_1_38' title='bbox 1467 683 1565 752; x_wconf 85' lang='grc' dir='ltr'><strong>τῆς</strong></span> <span class='ocrx_word' id='word_1_39' title='bbox 1599 681 1728 752; x_wconf 76' lang='grc' dir='ltr'>ὅλης</span> <span class='ocrx_word' id='word_1_40' title='bbox 1771 682 1888 733; x_wconf 78' lang='grc' dir='ltr'>κτίο</span> 
     </span>
    </p>
   </div>
   <div class='ocr_carea' id='block_1_8' title="bbox 267 791 604 838">
    <p class='ocr_par' dir='ltr' id='par_1_8' title="bbox 267 791 604 838">
     <span class='ocr_line' id='line_1_8' title="bbox 267 791 604 838; baseline 0.003 -12"><span class='ocrx_word' id='word_1_41' title='bbox 267 796 272 800; x_wconf 92' lang='grc'>·</span> <span class='ocrx_word' id='word_1_42' title='bbox 297 795 318 826; x_wconf 74' lang='grc' dir='ltr'><strong>ι</strong></span> <span class='ocrx_word' id='word_1_43' title='bbox 367 791 531 838; x_wconf 82' lang='grc' dir='ltr'>σεως.</span> <span class='ocrx_word' id='word_1_44' title='bbox 584 793 604 827; x_wconf 74' lang='grc' dir='ltr'><strong>ι</strong></span> 
     </span>
    </p>
   </div>
   <div class='ocr_carea' id='block_1_9' title="bbox 917 867 1296 920">
    <p class='ocr_par' dir='ltr' id='par_1_9' title="bbox 917 867 1296 920">
     <span class='ocr_line' id='line_1_9' title="bbox 917 867 1296 920; baseline -0.003 0"><span class='ocrx_word' id='word_1_45' title='bbox 917 867 1296 920; x_wconf 79' lang='grc' dir='ltr'>Ἐπιστασία.</span> 
     </span>
    </p>
   </div>
   <div class='ocr_carea' id='block_1_10' title="bbox 375 955 1882 1028">
    <p class='ocr_par' dir='ltr' id='par_1_10' title="bbox 375 955 1882 1028">
     <span class='ocr_line' id='line_1_10' title="bbox 375 955 1882 1028; baseline 0.01 -19"><span class='ocrx_word' id='word_1_46' title='bbox 375 976 397 1009; x_wconf 75' lang='lat' dir='ltr'><strong>c</strong></span> <span class='ocrx_word' id='word_1_47' title='bbox 449 960 518 1010; x_wconf 86' lang='lat'><strong>&#39;0</strong></span> <span class='ocrx_word' id='word_1_48' title='bbox 546 959 688 1027; x_wconf 84' lang='grc' dir='ltr'>τάχα</span> <span class='ocrx_word' id='word_1_49' title='bbox 719 959 941 1027; x_wconf 78' lang='grc' dir='ltr'><strong>ἀσαφῶς</strong></span> <span class='ocrx_word' id='word_1_50' title='bbox 985 962 1044 1012; x_wconf 81' lang='grc' dir='ltr'><strong>ἐν</strong></span> <span class='ocrx_word' id='word_1_51' title='bbox 1086 963 1154 1028; x_wconf 81' lang='grc' dir='ltr'>τῇ</span> <span class='ocrx_word' id='word_1_52' title='bbox 1211 955 1555 1026; x_wconf 57' lang='lat' dir='ltr'><strong>mola-6053!!</strong></span> <span class='ocrx_word' id='word_1_53' title='bbox 1608 957 1882 1026; x_wconf 69' lang='grc' dir='ltr'>περικοπῇ</span> 
     </span>
    </p>
   </div>
   <div class='ocr_carea' id='block_1_11' title="bbox 295 1048 1884 1120">
    <p class='ocr_par' dir='ltr' id='par_1_11' title="bbox 295 1048 1884 1120">
     <span class='ocr_line' id='line_1_11' title="bbox 295 1048 1884 1120; baseline -0.003 -18"><span class='ocrx_word' id='word_1_54' title='bbox 295 1069 316 1102; x_wconf 77' lang='grc' dir='ltr'><strong>σ</strong></span> <span class='ocrx_word' id='word_1_55' title='bbox 369 1050 620 1120; x_wconf 74' lang='grc' dir='ltr'>εἴρηκεν,</span> <span class='ocrx_word' id='word_1_56' title='bbox 679 1050 804 1103; x_wconf 84' lang='grc' dir='ltr'>ὅθεν</span> <span class='ocrx_word' id='word_1_57' title='bbox 847 1053 940 1104; x_wconf 81' lang='grc' dir='ltr'>καὶ</span> <span class='ocrx_word' id='word_1_58' title='bbox 983 1051 1081 1117; x_wconf 77' lang='grc' dir='ltr'><strong>τῆς</strong></span> <span class='ocrx_word' id='word_1_59' title='bbox 1125 1050 1323 1115; x_wconf 77' lang='grc' dir='ltr'>ἔξωθεν</span> <span class='ocrx_word' id='word_1_60' title='bbox 1379 1048 1676 1119; x_wconf 80' lang='grc' dir='ltr'><strong>σαφηνείας</strong></span> <span class='ocrx_word' id='word_1_61' title='bbox 1729 1048 1884 1099; x_wconf 78' lang='grc' dir='ltr'>αὐτοὶ</span> 
     </span>
    </p>
   </div>
   <div class='ocr_carea' id='block_1_12' title="bbox 297 1139 1881 1210">
    <p class='ocr_par' dir='ltr' id='par_1_12' title="bbox 297 1139 1881 1210">
     <span class='ocr_line' id='line_1_12' title="bbox 297 1139 1881 1210; baseline -0.002 -19"><span class='ocrx_word' id='word_1_62' title='bbox 297 1158 320 1190; x_wconf 75' lang='lat' dir='ltr'><strong>t</strong></span> <span class='ocrx_word' id='word_1_63' title='bbox 368 1141 700 1210; x_wconf 74' lang='grc' dir='ltr'>ἐδεήθημεν,</span> <span class='ocrx_word' id='word_1_64' title='bbox 737 1143 899 1195; x_wconf 84' lang='grc' dir='ltr'>τοῦτο</span> <span class='ocrx_word' id='word_1_65' title='bbox 927 1142 1214 1207; x_wconf 70' lang='grc' dir='ltr'>σαφηνίζει</span> <span class='ocrx_word' id='word_1_66' title='bbox 1257 1139 1488 1192; x_wconf 76' lang='grc' dir='ltr'>ἐνταῦθα</span> <span class='ocrx_word' id='word_1_67' title='bbox 1533 1141 1560 1190; x_wconf 84' lang='grc' dir='ltr'>ὁ</span> <span class='ocrx_word' id='word_1_68' title='bbox 1602 1139 1779 1204; x_wconf 71' lang='grc' dir='ltr'>ἅγιος,</span> <span class='ocrx_word' id='word_1_69' title='bbox 1819 1139 1881 1188; x_wconf 80' lang='grc' dir='ltr'>ὲκ</span> 
     </span>
    </p>
   </div>
   <div class='ocr_carea' id='block_1_13' title="bbox 291 1228 1882 1301">
    <p class='ocr_par' dir='ltr' id='par_1_13' title="bbox 291 1228 1882 1301">
     <span class='ocr_line' id='line_1_13' title="bbox 291 1228 1882 1301; baseline -0.001 -19"><span class='ocrx_word' id='word_1_70' title='bbox 291 1248 317 1281; x_wconf 66' lang='grc' dir='ltr'>ι</span> <span class='ocrx_word' id='word_1_71' title='bbox 369 1231 477 1298; x_wconf 81' lang='grc' dir='ltr'><strong>τῆς</strong></span> <span class='ocrx_word' id='word_1_72' title='bbox 502 1230 598 1282; x_wconf 82' lang='grc' dir='ltr'><strong>τοῦ</strong></span> <span class='ocrx_word' id='word_1_73' title='bbox 632 1230 843 1301; x_wconf 61' lang='grc' dir='ltr'>Πατρός</span> <span class='ocrx_word' id='word_1_74' title='bbox 870 1232 1058 1292; x_wconf 76' lang='grc' dir='ltr'>οὐσίας</span> <span class='ocrx_word' id='word_1_75' title='bbox 1105 1230 1170 1284; x_wconf 81' lang='grc' dir='ltr'>δι’</span> <span class='ocrx_word' id='word_1_76' title='bbox 1210 1231 1340 1284; x_wconf 67' lang='lat' dir='ltr'><strong>me</strong></span> <span class='ocrx_word' id='word_1_77' title='bbox 1385 1233 1444 1282; x_wconf 80' lang='grc' dir='ltr'><strong>τὸ</strong></span> <span class='ocrx_word' id='word_1_78' title='bbox 1482 1228 1704 1298; x_wconf 87' lang='grc' dir='ltr'>ΙΙνεῦμα</span> <span class='ocrx_word' id='word_1_79' title='bbox 1739 1229 1882 1282; x_wconf 80' lang='grc' dir='ltr'>διδα-</span> 
     </span>
    </p>
   </div>
   <div class='ocr_carea' id='block_1_14' title="bbox 296 1321 1239 1391">
    <p class='ocr_par' dir='ltr' id='par_1_14' title="bbox 296 1321 1239 1391">
     <span class='ocr_line' id='line_1_14' title="bbox 296 1321 1239 1391; baseline -0.001 -18"><span class='ocrx_word' id='word_1_80' title='bbox 296 1340 317 1373; x_wconf 75' lang='grc' dir='ltr'><strong>ε</strong></span> <span class='ocrx_word' id='word_1_81' title='bbox 374 1339 526 1375; x_wconf 77' lang='grc' dir='ltr'>σκων</span> <span class='ocrx_word' id='word_1_82' title='bbox 553 1322 742 1385; x_wconf 78' lang='grc' dir='ltr'>ἀϊδίως</span> <span class='ocrx_word' id='word_1_83' title='bbox 775 1321 1175 1391; x_wconf 67' lang='grc' dir='ltr'><strong>ἐκπέμπεσθαι.</strong></span> <span class='ocrx_word' id='word_1_84' title='bbox 1221 1341 1239 1372; x_wconf 79' lang='grc' dir='ltr'><strong>ι</strong></span> 
     </span>
    </p>
   </div>
   <div class='ocr_carea' id='block_1_15' title="bbox 899 1414 1288 1480">
    <p class='ocr_par' dir='ltr' id='par_1_15' title="bbox 899 1414 1288 1480">
     <span class='ocr_line' id='line_1_15' title="bbox 899 1414 1288 1480; baseline -0.008 -15"><span class='ocrx_word' id='word_1_85' title='bbox 899 1414 1288 1480; x_wconf 73' lang='grc' dir='ltr'><strong>Ἀντίρῤησις.</strong></span> 
     </span>
    </p>
   </div>
   <div class='ocr_carea' id='block_1_16' title="bbox 383 1523 1877 1595">
    <p class='ocr_par' dir='ltr' id='par_1_16' title="bbox 383 1523 1877 1595">
     <span class='ocr_line' id='line_1_16' title="bbox 383 1523 1877 1595; baseline -0.001 -19"><span class='ocrx_word' id='word_1_86' title='bbox 383 1523 615 1595; x_wconf 75' lang='grc' dir='ltr'><strong>Ἀληθὴς</strong></span> <span class='ocrx_word' id='word_1_87' title='bbox 652 1526 720 1577; x_wconf 82' lang='grc' dir='ltr'>τὰ</span> <span class='ocrx_word' id='word_1_88' title='bbox 743 1525 919 1578; x_wconf 75' lang='grc' dir='ltr'>πάντα</span> <span class='ocrx_word' id='word_1_89' title='bbox 949 1526 982 1595; x_wconf 80' lang='grc' dir='ltr'><strong>ἠ</strong></span> <span class='ocrx_word' id='word_1_90' title='bbox 1019 1525 1265 1594; x_wconf 88' lang='grc' dir='ltr'>παροῦσα</span> <span class='ocrx_word' id='word_1_91' title='bbox 1293 1525 1580 1578; x_wconf 78' lang='grc' dir='ltr'>ἐπιστασία</span> <span class='ocrx_word' id='word_1_92' title='bbox 1606 1539 1619 1555; x_wconf 73' lang='grc'>⁸</span> <span class='ocrx_word' id='word_1_93' title='bbox 1669 1526 1734 1594; x_wconf 71' lang='grc' dir='ltr'>ἢν</span> <span class='ocrx_word' id='word_1_94' title='bbox 1768 1525 1877 1594; x_wconf 85' lang='grc' dir='ltr'>γὰρ</span> 
     </span>
    </p>
   </div>
   <div class='ocr_carea' id='block_1_17' title="bbox 293 1613 1878 1686">
    <p class='ocr_par' dir='ltr' id='par_1_17' title="bbox 293 1613 1878 1686">
     <span class='ocr_line' id='line_1_17' title="bbox 293 1613 1878 1686; baseline -0.003 -18"><span class='ocrx_word' id='word_1_95' title='bbox 293 1613 450 1686; x_wconf 73' lang='grc' dir='ltr'>εἶχεν</span> <span class='ocrx_word' id='word_1_96' title='bbox 490 1617 762 1684; x_wconf 67' lang='grc' dir='ltr'>ἀσάφειαν</span> <span class='ocrx_word' id='word_1_97' title='bbox 790 1617 852 1668; x_wconf 87' lang='grc' dir='ltr'><strong>τὸ</strong></span> <span class='ocrx_word' id='word_1_98' title='bbox 903 1635 920 1666; x_wconf 80' lang='lat' dir='ltr'><strong>t</strong></span> <span class='ocrx_word' id='word_1_99' title='bbox 957 1615 1026 1667; x_wconf 84' lang='grc' dir='ltr'>δι’</span> <span class='ocrx_word' id='word_1_100' title='bbox 1082 1615 1209 1668; x_wconf 85' lang='grc' dir='ltr'>Υίοῦ</span> <span class='ocrx_word' id='word_1_101' title='bbox 1245 1615 1484 1684; x_wconf 81' lang='grc' dir='ltr'><strong>πεφηνὸς</strong></span> <span class='ocrx_word' id='word_1_102' title='bbox 1529 1617 1641 1677; x_wconf 85' lang='grc' dir='ltr'>τοῖς</span> <span class='ocrx_word' id='word_1_103' title='bbox 1668 1613 1878 1684; x_wconf 86' lang='grc' dir='ltr'>ἀνθρώ-</span> 
     </span>
    </p>
   </div>
   <div class='ocr_carea' id='block_1_18' title="bbox 305 1701 1874 1775">
    <p class='ocr_par' dir='ltr' id='par_1_18' title="bbox 305 1701 1874 1775">
     <span class='ocr_line' id='line_1_18' title="bbox 305 1701 1874 1775; baseline -0.004 -17"><span class='ocrx_word' id='word_1_104' title='bbox 305 1723 456 1768; x_wconf 62' lang='lat' dir='ltr'><strong>aug,</strong></span> <span class='ocrx_word' id='word_1_105' title='bbox 493 1723 512 1756; x_wconf 74' lang='grc' dir='ltr'><strong>ι</strong></span> <span class='ocrx_word' id='word_1_106' title='bbox 546 1706 914 1775; x_wconf 73' lang='grc' dir='ltr'>σεσαφήνικεν</span> <span class='ocrx_word' id='word_1_107' title='bbox 943 1703 1175 1756; x_wconf 79' lang='grc' dir='ltr'>ἐνταῦθα</span> <span class='ocrx_word' id='word_1_108' title='bbox 1215 1705 1241 1755; x_wconf 87' lang='grc' dir='ltr'><strong>ό</strong></span> <span class='ocrx_word' id='word_1_109' title='bbox 1276 1703 1449 1769; x_wconf 79' lang='grc' dir='ltr'>ἅγιος,</span> <span class='ocrx_word' id='word_1_110' title='bbox 1479 1720 1497 1753; x_wconf 86' lang='lat' dir='ltr'><strong>t</strong></span> <span class='ocrx_word' id='word_1_111' title='bbox 1529 1701 1624 1754; x_wconf 86' lang='grc' dir='ltr'><strong>Ἐκ</strong></span> <span class='ocrx_word' id='word_1_112' title='bbox 1653 1703 1749 1770; x_wconf 79' lang='grc' dir='ltr'><strong>τῆς</strong></span> <span class='ocrx_word' id='word_1_113' title='bbox 1779 1701 1874 1753; x_wconf 86' lang='grc' dir='ltr'><strong>τοῦ</strong></span> 
     </span>
    </p>
   </div>
   <div class='ocr_carea' id='block_1_19' title="bbox 316 1792 1875 1865">
    <p class='ocr_par' dir='ltr' id='par_1_19' title="bbox 316 1792 1875 1865">
     <span class='ocr_line' id='line_1_19' title="bbox 316 1792 1875 1865; baseline -0.003 -18"><span class='ocrx_word' id='word_1_114' title='bbox 316 1796 521 1865; x_wconf 67' lang='grc' dir='ltr'>Πατρός</span> <span class='ocrx_word' id='word_1_115' title='bbox 547 1795 735 1856; x_wconf 78' lang='grc' dir='ltr'>οὐσίας</span> <span class='ocrx_word' id='word_1_116' title='bbox 765 1795 836 1847; x_wconf 85' lang='grc' dir='ltr'>δι’</span> <span class='ocrx_word' id='word_1_117' title='bbox 868 1793 998 1845; x_wconf 83' lang='grc' dir='ltr'>Υίοῦ</span> <span class='ocrx_word' id='word_1_118' title='bbox 1033 1793 1090 1845; x_wconf 83' lang='grc' dir='ltr'><strong>τὸ</strong></span> <span class='ocrx_word' id='word_1_119' title='bbox 1121 1792 1344 1862; x_wconf 83' lang='grc' dir='ltr'>Πνεῦμα</span> <span class='ocrx_word' id='word_1_120' title='bbox 1380 1811 1398 1844; x_wconf 74' lang='grc' dir='ltr'><strong>ι</strong></span> <span class='ocrx_word' id='word_1_121' title='bbox 1433 1792 1698 1844; x_wconf 83' lang='grc' dir='ltr'><strong>διδάσκων</strong></span> <span class='ocrx_word' id='word_1_122' title='bbox 1737 1810 1756 1840; x_wconf 72' lang='grc' dir='ltr'><strong>ι</strong></span> <span class='ocrx_word' id='word_1_123' title='bbox 1789 1793 1875 1843; x_wconf 85' lang='grc' dir='ltr'><strong>ὰῖ-</strong></span> 
     </span>
    </p>
   </div>
   <div class='ocr_carea' id='block_1_20' title="bbox 1994 587 3550 656">
    <p class='ocr_par' dir='ltr' id='par_1_20' title="bbox 1994 587 3550 656">
     <span class='ocr_line' id='line_1_20' title="bbox 1994 587 3550 656; baseline 0.005 -20"><span class='ocrx_word' id='word_1_124' title='bbox 1994 603 2012 636; x_wconf 78' lang='lat' dir='ltr'><strong>t</strong></span> <span class='ocrx_word' id='word_1_125' title='bbox 2051 597 2241 640; x_wconf 87' lang='lat' dir='ltr'><strong>saneto</strong></span> <span class='ocrx_word' id='word_1_126' title='bbox 2278 602 2342 639; x_wconf 79' lang='lat' dir='ltr'><strong>ex</strong></span> <span class='ocrx_word' id='word_1_127' title='bbox 2386 588 2687 640; x_wconf 87' lang='lat' dir='ltr'><strong>substantia</strong></span> <span class='ocrx_word' id='word_1_128' title='bbox 2740 587 2921 642; x_wconf 82' lang='lat' dir='ltr'><strong>Patris</strong></span> <span class='ocrx_word' id='word_1_129' title='bbox 2987 605 3081 656; x_wconf 84' lang='lat' dir='ltr'><strong>per</strong></span> <span class='ocrx_word' id='word_1_130' title='bbox 3109 587 3302 644; x_wconf 87' lang='lat' dir='ltr'><strong>Filium</strong></span> <span class='ocrx_word' id='word_1_131' title='bbox 3347 600 3550 644; x_wconf 67' lang='lat' dir='ltr'><strong>aeterne</strong></span> 
     </span>
    </p>
   </div>
   <div class='ocr_carea' id='block_1_21' title="bbox 1993 676 3558 740">
    <p class='ocr_par' dir='ltr' id='par_1_21' title="bbox 1993 676 3558 740">
     <span class='ocr_line' id='line_1_21' title="bbox 1993 676 3558 740; baseline 0.006 -13"><span class='ocrx_word' id='word_1_132' title='bbox 1993 694 2010 726; x_wconf 75' lang='grc' dir='ltr'><strong>ι</strong></span> <span class='ocrx_word' id='word_1_133' title='bbox 2052 676 2257 730; x_wconf 81' lang='lat' dir='ltr'><strong>emisso</strong></span> <span class='ocrx_word' id='word_1_134' title='bbox 2285 715 2299 740; x_wconf 96' lang='lat'><strong>,</strong></span> <span class='ocrx_word' id='word_1_135' title='bbox 2347 676 2578 732; x_wconf 86' lang='lat' dir='ltr'><strong>habente</strong></span> <span class='ocrx_word' id='word_1_136' title='bbox 2632 680 2885 732; x_wconf 90' lang='lat' dir='ltr'><strong>virtutem</strong></span> <span class='ocrx_word' id='word_1_137' title='bbox 2931 681 3299 736; x_wconf 78' lang='lat' dir='ltr'><strong>sanetilicandi</strong></span> <span class='ocrx_word' id='word_1_138' title='bbox 3342 699 3558 737; x_wconf 73' lang='lat' dir='ltr'><strong>omnem</strong></span> 
     </span>
    </p>
   </div>
   <div class='ocr_carea' id='block_1_22' title="bbox 1993 779 2430 824">
    <p class='ocr_par' dir='ltr' id='par_1_22' title="bbox 1993 779 2430 824">
     <span class='ocr_line' id='line_1_22' title="bbox 1993 779 2430 824; baseline 0 -3"><span class='ocrx_word' id='word_1_139' title='bbox 1993 786 2012 820; x_wconf 72' lang='grc' dir='ltr'><strong>ε</strong></span> <span class='ocrx_word' id='word_1_140' title='bbox 2045 779 2373 824; x_wconf 79' lang='lat' dir='ltr'><strong>creaturam.</strong></span> <span class='ocrx_word' id='word_1_141' title='bbox 2411 788 2430 821; x_wconf 73' lang='grc' dir='ltr'><strong>ι</strong></span> 
     </span>
    </p>
   </div>
   <div class='ocr_carea' id='block_1_23' title="bbox 2559 866 2975 922">
    <p class='ocr_par' dir='ltr' id='par_1_23' title="bbox 2559 866 2975 922">
     <span class='ocr_line' id='line_1_23' title="bbox 2559 866 2975 922; baseline 0.01 -4"><span class='ocrx_word' id='word_1_142' title='bbox 2559 866 2975 922; x_wconf 79' lang='lat' dir='ltr'><strong>Animadversio.</strong></span> 
     </span>
    </p>
   </div>
   <div class='ocr_carea' id='block_1_24' title="bbox 2063 952 3560 1030">
    <p class='ocr_par' dir='ltr' id='par_1_24' title="bbox 2063 952 3560 1030">
     <span class='ocr_line' id='line_1_24' title="bbox 2063 952 3560 1030; baseline 0.008 -26"><span class='ocrx_word' id='word_1_143' title='bbox 2063 974 2080 1004; x_wconf 85' lang='grc' dir='ltr'><strong>ι</strong></span> <span class='ocrx_word' id='word_1_144' title='bbox 2117 953 2271 1020; x_wconf 86' lang='lat' dir='ltr'><strong>Quod</strong></span> <span class='ocrx_word' id='word_1_145' title='bbox 2302 952 2438 1010; x_wconf 81' lang='lat' dir='ltr'><strong>forte</strong></span> <span class='ocrx_word' id='word_1_146' title='bbox 2467 957 2698 1018; x_wconf 83' lang='lat' dir='ltr'><strong>obscure</strong></span> <span class='ocrx_word' id='word_1_147' title='bbox 2727 959 2779 1010; x_wconf 91' lang='lat' dir='ltr'><strong>in</strong></span> <span class='ocrx_word' id='word_1_148' title='bbox 2821 960 3096 1026; x_wconf 83' lang='lat' dir='ltr'><strong>praemissa</strong></span> <span class='ocrx_word' id='word_1_149' title='bbox 3126 961 3374 1030; x_wconf 69' lang='lat' dir='ltr'><strong>pet-icope</strong></span> <span class='ocrx_word' id='word_1_150' title='bbox 3399 961 3560 1026; x_wconf 81' lang='lat' dir='ltr'><strong>dixit,</strong></span> 
     </span>
    </p>
   </div>
   <div class='ocr_carea' id='block_1_25' title="bbox 1991 1047 3556 1122">
    <p class='ocr_par' dir='ltr' id='par_1_25' title="bbox 1991 1047 3556 1122">
     <span class='ocr_line' id='line_1_25' title="bbox 1991 1047 3556 1122; baseline 0.008 -27"><span class='ocrx_word' id='word_1_151' title='bbox 1991 1064 2009 1095; x_wconf 75' lang='grc' dir='ltr'><strong>ι</strong></span> <span class='ocrx_word' id='word_1_152' title='bbox 2047 1055 2443 1114; x_wconf 77' lang='lat' dir='ltr'><strong>proptereaque</strong></span> <span class='ocrx_word' id='word_1_153' title='bbox 2497 1047 2655 1100; x_wconf 89' lang='lat' dir='ltr'><strong>nobis</strong></span> <span class='ocrx_word' id='word_1_154' title='bbox 2740 1059 2964 1102; x_wconf 77' lang='lat' dir='ltr'><strong>externa</strong></span> <span class='ocrx_word' id='word_1_155' title='bbox 3019 1051 3359 1117; x_wconf 62' lang='lat' dir='ltr'><strong>CXPOsiLiUlte</strong></span> <span class='ocrx_word' id='word_1_156' title='bbox 3413 1068 3556 1122; x_wconf 91' lang='lat' dir='ltr'><strong>opus</strong></span> 
     </span>
    </p>
   </div>
   <div class='ocr_carea' id='block_1_26' title="bbox 1991 1136 3552 1206">
    <p class='ocr_par' dir='ltr' id='par_1_26' title="bbox 1991 1136 3552 1206">
     <span class='ocr_line' id='line_1_26' title="bbox 1991 1136 3552 1206; baseline 0.006 -20"><span class='ocrx_word' id='word_1_157' title='bbox 1991 1153 2008 1185; x_wconf 76' lang='grc' dir='ltr'><strong>ι</strong></span> <span class='ocrx_word' id='word_1_158' title='bbox 2046 1137 2169 1195; x_wconf 79' lang='lat' dir='ltr'><strong>l&#39;uit,</strong></span> <span class='ocrx_word' id='word_1_159' title='bbox 2203 1136 2254 1187; x_wconf 89' lang='lat' dir='ltr'><strong>itt</strong></span> <span class='ocrx_word' id='word_1_160' title='bbox 2294 1136 2395 1190; x_wconf 89' lang='lat' dir='ltr'><strong>hac</strong></span> <span class='ocrx_word' id='word_1_161' title='bbox 2423 1145 2644 1190; x_wconf 85' lang='lat' dir='ltr'><strong>sanctus</strong></span> <span class='ocrx_word' id='word_1_162' title='bbox 2669 1139 2942 1206; x_wconf 81' lang='lat' dir='ltr'><strong>explanat,</strong></span> <span class='ocrx_word' id='word_1_163' title='bbox 2979 1155 3043 1194; x_wconf 81' lang='lat' dir='ltr'><strong>ex</strong></span> <span class='ocrx_word' id='word_1_164' title='bbox 3093 1139 3264 1195; x_wconf 79' lang='lat' dir='ltr'><strong>Patris</strong></span> <span class='ocrx_word' id='word_1_165' title='bbox 3319 1154 3552 1196; x_wconf 72' lang='lat' dir='ltr'><strong>essentia</strong></span> 
     </span>
    </p>
   </div>
   <div class='ocr_carea' id='block_1_27' title="bbox 1991 1225 3554 1296">
    <p class='ocr_par' dir='ltr' id='par_1_27' title="bbox 1991 1225 3554 1296">
     <span class='ocr_line' id='line_1_27' title="bbox 1991 1225 3554 1296; baseline 0.011 -24"><span class='ocrx_word' id='word_1_166' title='bbox 1991 1242 2008 1272; x_wconf 77' lang='grc' dir='ltr'><strong>ι</strong></span> <span class='ocrx_word' id='word_1_167' title='bbox 2051 1240 2148 1292; x_wconf 87' lang='lat' dir='ltr'><strong>per</strong></span> <span class='ocrx_word' id='word_1_168' title='bbox 2238 1225 2437 1280; x_wconf 87' lang='lat' dir='ltr'><strong>Filium</strong></span> <span class='ocrx_word' id='word_1_169' title='bbox 2490 1225 2752 1296; x_wconf 81' lang='lat' dir='ltr'><strong>Spiritum</strong></span> <span class='ocrx_word' id='word_1_170' title='bbox 2803 1229 2872 1282; x_wconf 87' lang='lat' dir='ltr'><strong>ab</strong></span> <span class='ocrx_word' id='word_1_171' title='bbox 2924 1239 3126 1284; x_wconf 72' lang='lat' dir='ltr'><strong>aeterno</strong></span> <span class='ocrx_word' id='word_1_172' title='bbox 3191 1233 3368 1286; x_wconf 88' lang='lat' dir='ltr'><strong>emitti</strong></span> <span class='ocrx_word' id='word_1_173' title='bbox 3422 1237 3554 1289; x_wconf 79' lang='lat' dir='ltr'><strong>edo-</strong></span> 
     </span>
    </p>
   </div>
   <div class='ocr_carea' id='block_1_28' title="bbox 1989 1332 2244 1371">
    <p class='ocr_par' dir='ltr' id='par_1_28' title="bbox 1989 1332 2244 1371">
     <span class='ocr_line' id='line_1_28' title="bbox 1989 1332 2244 1371; baseline -0.004 -1"><span class='ocrx_word' id='word_1_174' title='bbox 1989 1334 2005 1365; x_wconf 71' lang='grc' dir='ltr'><strong>ε</strong></span> <span class='ocrx_word' id='word_1_175' title='bbox 2040 1332 2186 1371; x_wconf 86' lang='lat' dir='ltr'><strong>cens.</strong></span> <span class='ocrx_word' id='word_1_176' title='bbox 2227 1337 2244 1369; x_wconf 75' lang='grc' dir='ltr'><strong>ι</strong></span> 
     </span>
    </p>
   </div>
   <div class='ocr_carea' id='block_1_29' title="bbox 2609 1410 2902 1479">
    <p class='ocr_par' dir='ltr' id='par_1_29' title="bbox 2609 1410 2902 1479">
     <span class='ocr_line' id='line_1_29' title="bbox 2609 1410 2902 1479; baseline 0 -13"><span class='ocrx_word' id='word_1_177' title='bbox 2609 1410 2902 1479; x_wconf 77' lang='grc' dir='ltr'>ΒεῙιιιαιὶο.</span> 
     </span>
    </p>
   </div>
   <div class='ocr_carea' id='block_1_30' title="bbox 2055 1521 3556 1592">
    <p class='ocr_par' dir='ltr' id='par_1_30' title="bbox 2055 1521 3556 1592">
     <span class='ocr_line' id='line_1_30' title="bbox 2055 1521 3556 1592; baseline 0.005 -18"><span class='ocrx_word' id='word_1_178' title='bbox 2055 1521 2114 1574; x_wconf 92' lang='lat' dir='ltr'><strong>lu</strong></span> <span class='ocrx_word' id='word_1_179' title='bbox 2169 1522 2426 1577; x_wconf 88' lang='lat' dir='ltr'><strong>omnibus</strong></span> <span class='ocrx_word' id='word_1_180' title='bbox 2479 1539 2608 1576; x_wconf 84' lang='lat' dir='ltr'><strong>vera</strong></span> <span class='ocrx_word' id='word_1_181' title='bbox 2662 1535 2744 1578; x_wconf 86' lang='lat' dir='ltr'><strong>est</strong></span> <span class='ocrx_word' id='word_1_182' title='bbox 2775 1525 2890 1579; x_wconf 64' lang='lat' dir='ltr'><strong>haec</strong></span> <span class='ocrx_word' id='word_1_183' title='bbox 2936 1526 3358 1581; x_wconf 66' lang='lat' dir='ltr'><strong>animadversio.</strong></span> <span class='ocrx_word' id='word_1_184' title='bbox 3383 1527 3556 1592; x_wconf 89' lang='lat' dir='ltr'><strong>Quam</strong></span> 
     </span>
    </p>
   </div>
   <div class='ocr_carea' id='block_1_31' title="bbox 1977 1612 3559 1682">
    <p class='ocr_par' dir='ltr' id='par_1_31' title="bbox 1977 1612 3559 1682">
     <span class='ocr_line' id='line_1_31' title="bbox 1977 1612 3559 1682; baseline 0.006 -18"><span class='ocrx_word' id='word_1_185' title='bbox 1977 1612 2122 1665; x_wconf 89' lang='lat' dir='ltr'><strong>enim</strong></span> <span class='ocrx_word' id='word_1_186' title='bbox 2146 1612 2533 1667; x_wconf 82' lang='lat' dir='ltr'><strong>obscuritatem</strong></span> <span class='ocrx_word' id='word_1_187' title='bbox 2554 1629 2662 1682; x_wconf 62' lang='lat' dir='ltr'><strong>pra:</strong></span> <span class='ocrx_word' id='word_1_188' title='bbox 2687 1628 2745 1668; x_wconf 88' lang='lat' dir='ltr'><strong>se</strong></span> <span class='ocrx_word' id='word_1_189' title='bbox 2777 1614 2980 1669; x_wconf 84' lang='lat' dir='ltr'><strong>ferebat</strong></span> <span class='ocrx_word' id='word_1_190' title='bbox 3006 1619 3208 1670; x_wconf 82' lang='lat' dir='ltr'><strong>dictum</strong></span> <span class='ocrx_word' id='word_1_191' title='bbox 3236 1637 3248 1669; x_wconf 91' lang='lat'><strong>:</strong></span> <span class='ocrx_word' id='word_1_192' title='bbox 3285 1636 3303 1669; x_wconf 75' lang='grc' dir='ltr'><strong>ι</strong></span> <span class='ocrx_word' id='word_1_193' title='bbox 3341 1619 3439 1672; x_wconf 88' lang='lat' dir='ltr'><strong>Per</strong></span> <span class='ocrx_word' id='word_1_194' title='bbox 3473 1619 3559 1672; x_wconf 86' lang='lat' dir='ltr'><strong>Fi-</strong></span> 
     </span>
    </p>
   </div>
   <div class='ocr_carea' id='block_1_32' title="bbox 1977 1701 3555 1777">
    <p class='ocr_par' dir='ltr' id='par_1_32' title="bbox 1977 1701 3555 1777">
     <span class='ocr_line' id='line_1_32' title="bbox 1977 1701 3555 1777; baseline 0.006 -23"><span class='ocrx_word' id='word_1_195' title='bbox 1977 1701 2110 1754; x_wconf 91' lang='lat' dir='ltr'><strong>lium</strong></span> <span class='ocrx_word' id='word_1_196' title='bbox 2157 1701 2476 1757; x_wconf 72' lang='lat' dir='ltr'><strong>[nominibus</strong></span> <span class='ocrx_word' id='word_1_197' title='bbox 2501 1705 2776 1772; x_wconf 83' lang='lat' dir='ltr'><strong>apparuit,</strong></span> <span class='ocrx_word' id='word_1_198' title='bbox 2818 1723 2836 1755; x_wconf 81' lang='grc' dir='ltr'><strong>ι</strong></span> <span class='ocrx_word' id='word_1_199' title='bbox 2867 1717 3086 1762; x_wconf 85' lang='lat' dir='ltr'><strong>sanctus</strong></span> <span class='ocrx_word' id='word_1_200' title='bbox 3116 1709 3203 1761; x_wconf 67' lang='lat' dir='ltr'><strong>hic</strong></span> <span class='ocrx_word' id='word_1_201' title='bbox 3226 1710 3555 1777; x_wconf 76' lang='lat' dir='ltr'><strong>explanavit,</strong></span> 
     </span>
    </p>
   </div>
   <div class='ocr_carea' id='block_1_33' title="bbox 1987 1791 3559 1867">
    <p class='ocr_par' dir='ltr' id='par_1_33' title="bbox 1987 1791 3559 1867">
     <span class='ocr_line' id='line_1_33' title="bbox 1987 1791 3559 1867; baseline 0.009 -25"><span class='ocrx_word' id='word_1_202' title='bbox 1987 1811 2004 1842; x_wconf 80' lang='grc' dir='ltr'><strong>ι</strong></span> <span class='ocrx_word' id='word_1_203' title='bbox 2053 1791 2130 1846; x_wconf 72' lang='lat' dir='ltr'><strong>Ex</strong></span> <span class='ocrx_word' id='word_1_204' title='bbox 2187 1793 2366 1849; x_wconf 83' lang='lat' dir='ltr'><strong>Patris</strong></span> <span class='ocrx_word' id='word_1_205' title='bbox 2431 1797 2668 1850; x_wconf 85' lang='lat' dir='ltr'><strong>essentia</strong></span> <span class='ocrx_word' id='word_1_206' title='bbox 2703 1797 2818 1865; x_wconf 80' lang='lat' dir='ltr'><strong>[per</strong></span> <span class='ocrx_word' id='word_1_207' title='bbox 2853 1797 3048 1850; x_wconf 81' lang='lat' dir='ltr'><strong>Filium</strong></span> <span class='ocrx_word' id='word_1_208' title='bbox 3094 1802 3355 1867; x_wconf 77' lang='lat' dir='ltr'><strong>Spiritum</strong></span> <span class='ocrx_word' id='word_1_209' title='bbox 3388 1803 3454 1854; x_wconf 87' lang='lat' dir='ltr'><strong>ab</strong></span> <span class='ocrx_word' id='word_1_210' title='bbox 3479 1818 3559 1856; x_wconf 69' lang='lat' dir='ltr'><strong>a3-</strong></span> 
     </span>
    </p>
   </div>
   <div class='ocr_carea' id='block_1_34' title="bbox 306 1856 1870 1953">
    <p class='ocr_par' dir='ltr' id='par_1_34' title="bbox 306 1856 1870 1953">
     <span class='ocr_line' id='line_1_34' title="bbox 306 1856 1870 1953; baseline -0.005 -15"><span class='ocrx_word' id='word_1_211' title='bbox 306 1856 856 1953; x_wconf 54' lang='grc' dir='ltr'>δίωέὲκπέμπεσοαι.</span> <span class='ocrx_word' id='word_1_212' title='bbox 896 1903 914 1935; x_wconf 73' lang='grc' dir='ltr'><strong>ι</strong></span> <span class='ocrx_word' id='word_1_213' title='bbox 950 1885 1074 1936; x_wconf 84' lang='grc' dir='ltr'>’Ότι</span> <span class='ocrx_word' id='word_1_214' title='bbox 1104 1884 1158 1936; x_wconf 85' lang='grc' dir='ltr'><strong>δὲ</strong></span> <span class='ocrx_word' id='word_1_215' title='bbox 1193 1856 1291 1952; x_wconf 44' lang='lat' dir='ltr'><strong>atii</strong></span> <span class='ocrx_word' id='word_1_216' title='bbox 1319 1881 1505 1950; x_wconf 80' lang='grc' dir='ltr'>ἔτερόν</span> <span class='ocrx_word' id='word_1_217' title='bbox 1547 1884 1694 1934; x_wconf 73' lang='grc' dir='ltr'>ἐστιν</span> <span class='ocrx_word' id='word_1_218' title='bbox 1725 1884 1757 1950; x_wconf 78' lang='grc' dir='ltr'>ἡ</span> <span class='ocrx_word' id='word_1_219' title='bbox 1787 1881 1870 1932; x_wconf 77' lang='grc' dir='ltr'><strong>ἑκ-</strong></span> 
     </span>
    </p>
   </div>
   <div class='ocr_carea' id='block_1_35' title="bbox 1984 1856 3555 1953">
    <p class='ocr_par' dir='ltr' id='par_1_35' title="bbox 1985 1885 3555 1950">
     <span class='ocr_line' id='line_1_35' title="bbox 1985 1885 3555 1950; baseline 0.008 -16"><span class='ocrx_word' id='word_1_220' title='bbox 1985 1893 2140 1937; x_wconf 90' lang='lat' dir='ltr'><strong>terno</strong></span> <span class='ocrx_word' id='word_1_221' title='bbox 2163 1885 2359 1950; x_wconf 88' lang='lat' dir='ltr'><strong>emitti,</strong></span> <span class='ocrx_word' id='word_1_222' title='bbox 2396 1904 2413 1936; x_wconf 72' lang='grc' dir='ltr'><strong>ι</strong></span> <span class='ocrx_word' id='word_1_223' title='bbox 2443 1885 2666 1940; x_wconf 87' lang='lat' dir='ltr'><strong>ducens.</strong></span> <span class='ocrx_word' id='word_1_224' title='bbox 2717 1888 3074 1942; x_wconf 78' lang='lat' dir='ltr'><strong>Etuissiunetn</strong></span> <span class='ocrx_word' id='word_1_225' title='bbox 3104 1906 3232 1942; x_wconf 83' lang='lat' dir='ltr'><strong>vero</strong></span> <span class='ocrx_word' id='word_1_226' title='bbox 3274 1909 3376 1944; x_wconf 83' lang='lat' dir='ltr'><strong>non</strong></span> <span class='ocrx_word' id='word_1_227' title='bbox 3409 1893 3555 1946; x_wconf 87' lang='lat' dir='ltr'><strong>aliud</strong></span> 
     </span>
    </p>
   </div>
   <div class='ocr_carea' id='block_1_36' title="bbox 306 1971 1879 2047">
    <p class='ocr_par' dir='ltr' id='par_1_36' title="bbox 306 1971 1879 2047">
     <span class='ocr_line' id='line_1_36' title="bbox 306 1971 1879 2047; baseline -0.001 -21"><span class='ocrx_word' id='word_1_228' title='bbox 306 1977 517 2044; x_wconf 64' lang='grc' dir='ltr'>πεμψις</span> <span class='ocrx_word' id='word_1_229' title='bbox 567 1975 721 2044; x_wconf 76' lang='grc' dir='ltr'>παρὰ</span> <span class='ocrx_word' id='word_1_230' title='bbox 771 1975 869 2047; x_wconf 79' lang='grc' dir='ltr'>τὴν</span> <span class='ocrx_word' id='word_1_231' title='bbox 921 1975 1016 2028; x_wconf 87' lang='grc' dir='ltr'><strong>τοῦ</strong></span> <span class='ocrx_word' id='word_1_232' title='bbox 1065 1975 1382 2042; x_wconf 85' lang='grc' dir='ltr'>Πνεύματος</span> <span class='ocrx_word' id='word_1_233' title='bbox 1423 1971 1680 2042; x_wconf 73' lang='grc' dir='ltr'>ὓπαρξιν,</span> <span class='ocrx_word' id='word_1_234' title='bbox 1719 1972 1748 2023; x_wconf 91' lang='grc' dir='ltr'><strong>ό</strong></span> <span class='ocrx_word' id='word_1_235' title='bbox 1781 1973 1879 2040; x_wconf 81' lang='grc' dir='ltr'><strong>τῆς</strong></span> 
     </span>
    </p>
   </div>
   <div class='ocr_carea' id='block_1_37' title="bbox 295 2063 1880 2137">
    <p class='ocr_par' dir='ltr' id='par_1_37' title="bbox 295 2063 1880 2137">
     <span class='ocr_line' id='line_1_37' title="bbox 295 2063 1880 2137; baseline -0.002 -19"><span class='ocrx_word' id='word_1_236' title='bbox 295 2065 584 2134; x_wconf 85' lang='grc' dir='ltr'>Θεολογίας</span> <span class='ocrx_word' id='word_1_237' title='bbox 620 2066 960 2137; x_wconf 78' lang='grc' dir='ltr'>μαρτυρήσει</span> <span class='ocrx_word' id='word_1_238' title='bbox 1010 2067 1284 2136; x_wconf 83' lang='grc' dir='ltr'>γρήγορος</span> <span class='ocrx_word' id='word_1_239' title='bbox 1322 2063 1464 2127; x_wconf 79' lang='grc' dir='ltr'>νοῦς,</span> <span class='ocrx_word' id='word_1_240' title='bbox 1508 2063 1678 2131; x_wconf 85' lang='grc' dir='ltr'>λέγων</span> <span class='ocrx_word' id='word_1_241' title='bbox 1707 2065 1764 2115; x_wconf 83' lang='grc' dir='ltr'>ὲν</span> <span class='ocrx_word' id='word_1_242' title='bbox 1803 2064 1880 2133; x_wconf 81' lang='grc' dir='ltr'>τῷ</span> 
     </span>
    </p>
   </div>
   <div class='ocr_carea' id='block_1_38' title="bbox 291 2155 1880 2227">
    <p class='ocr_par' dir='ltr' id='par_1_38' title="bbox 291 2155 1880 2227">
     <span class='ocr_line' id='line_1_38' title="bbox 291 2155 1880 2227; baseline -0.003 -17"><span class='ocrx_word' id='word_1_243' title='bbox 291 2160 436 2227; x_wconf 78' lang='grc' dir='ltr'>πρὸς</span> <span class='ocrx_word' id='word_1_244' title='bbox 468 2158 694 2227; x_wconf 80' lang='grc' dir='ltr'>’Ἥρωνα</span> <span class='ocrx_word' id='word_1_245' title='bbox 739 2159 831 2212; x_wconf 81' lang='grc' dir='ltr'><strong>τὸν</strong></span> <span class='ocrx_word' id='word_1_246' title='bbox 871 2156 1160 2226; x_wconf 70' lang='grc' dir='ltr'>φιλόσοφον</span> <span class='ocrx_word' id='word_1_247' title='bbox 1208 2157 1350 2227; x_wconf 81' lang='grc' dir='ltr'>λόγῳ</span> <span class='ocrx_word' id='word_1_248' title='bbox 1387 2155 1575 2219; x_wconf 81' lang='grc' dir='ltr'>αὑτοῦ,</span> <span class='ocrx_word' id='word_1_249' title='bbox 1609 2155 1770 2207; x_wconf 85' lang='grc' dir='ltr'>Ἵδιον</span> <span class='ocrx_word' id='word_1_250' title='bbox 1823 2156 1880 2207; x_wconf 85' lang='grc' dir='ltr'>δὲ</span> 
     </span>
    </p>
   </div>
   <div class='ocr_carea' id='block_1_39' title="bbox 295 2245 1878 2320">
    <p class='ocr_par' dir='ltr' id='par_1_39' title="bbox 295 2245 1878 2320">
     <span class='ocr_line' id='line_1_39' title="bbox 295 2245 1878 2320; baseline -0.004 -16"><span class='ocrx_word' id='word_1_251' title='bbox 295 2250 518 2314; x_wconf 65' lang='lat' dir='ltr'><strong>Harpe;</strong></span> <span class='ocrx_word' id='word_1_252' title='bbox 550 2250 653 2318; x_wconf 83' lang='grc' dir='ltr'><strong>μὲν</strong></span> <span class='ocrx_word' id='word_1_253' title='bbox 682 2251 715 2320; x_wconf 81' lang='grc' dir='ltr'>ἡ</span> <span class='ocrx_word' id='word_1_254' title='bbox 741 2249 1058 2319; x_wconf 84' lang='grc' dir='ltr'>ἀγεννησία,</span> <span class='ocrx_word' id='word_1_255' title='bbox 1093 2248 1220 2302; x_wconf 86' lang='grc' dir='ltr'>Υἱοῦ</span> <span class='ocrx_word' id='word_1_256' title='bbox 1251 2248 1309 2301; x_wconf 87' lang='grc' dir='ltr'>δὲ</span> <span class='ocrx_word' id='word_1_257' title='bbox 1336 2250 1369 2318; x_wconf 88' lang='grc' dir='ltr'><strong>ή</strong></span> <span class='ocrx_word' id='word_1_258' title='bbox 1403 2249 1673 2316; x_wconf 83' lang='grc' dir='ltr'>γέννησις,</span> <span class='ocrx_word' id='word_1_259' title='bbox 1711 2245 1878 2299; x_wconf 75' lang='lat' dir='ltr'><strong>Ilvati-</strong></span> 
     </span>
    </p>
   </div>
   <div class='ocr_carea' id='block_1_40' title="bbox 300 2341 954 2410">
    <p class='ocr_par' dir='ltr' id='par_1_40' title="bbox 300 2341 954 2410">
     <span class='ocr_line' id='line_1_40' title="bbox 300 2341 954 2410; baseline -0.002 -18"><span class='ocrx_word' id='word_1_260' title='bbox 300 2357 479 2409; x_wconf 80' lang='grc' dir='ltr'><strong>ματος</strong></span> <span class='ocrx_word' id='word_1_261' title='bbox 519 2341 553 2409; x_wconf 79' lang='grc' dir='ltr'>ὴ</span> <span class='ocrx_word' id='word_1_262' title='bbox 597 2341 895 2410; x_wconf 73' lang='grc' dir='ltr'>ἔκπεμψις.</span> <span class='ocrx_word' id='word_1_263' title='bbox 934 2358 954 2391; x_wconf 71' lang='grc' dir='ltr'><strong>ι</strong></span> 
     </span>
    </p>
   </div>
   <div class='ocr_carea' id='block_1_41' title="bbox 858 2431 1322 2486">
    <p class='ocr_par' dir='ltr' id='par_1_41' title="bbox 858 2431 1322 2486">
     <span class='ocr_line' id='line_1_41' title="bbox 858 2431 1322 2486; baseline 0.002 -1"><span class='ocrx_word' id='word_1_264' title='bbox 858 2434 964 2486; x_wconf 81' lang='grc' dir='ltr'>Ἐκ</span> <span class='ocrx_word' id='word_1_265' title='bbox 988 2433 1092 2486; x_wconf 85' lang='grc' dir='ltr'><strong>τοῦ</strong></span> <span class='ocrx_word' id='word_1_266' title='bbox 1112 2431 1322 2486; x_wconf 85' lang='grc' dir='ltr'>αὑτοῦ.</span> 
     </span>
    </p>
   </div>
   <div class='ocr_carea' id='block_1_42' title="bbox 364 2544 1876 2616">
    <p class='ocr_par' dir='ltr' id='par_1_42' title="bbox 364 2544 1876 2616">
     <span class='ocr_line' id='line_1_42' title="bbox 364 2544 1876 2616; baseline -0.001 -18"><span class='ocrx_word' id='word_1_267' title='bbox 364 2547 537 2600; x_wconf 73' lang='grc' dir='ltr'><strong>ΡΛΡ.</strong></span> <span class='ocrx_word' id='word_1_268' title='bbox 574 2563 594 2598; x_wconf 82' lang='lat' dir='ltr'><strong>t</strong></span> <span class='ocrx_word' id='word_1_269' title='bbox 630 2544 762 2608; x_wconf 78' lang='grc' dir='ltr'>Θεὸς</span> <span class='ocrx_word' id='word_1_270' title='bbox 791 2548 819 2599; x_wconf 84' lang='grc' dir='ltr'>ὁ</span> <span class='ocrx_word' id='word_1_271' title='bbox 852 2547 1062 2616; x_wconf 78' lang='grc' dir='ltr'>Πατὴρ,</span> <span class='ocrx_word' id='word_1_272' title='bbox 1084 2546 1290 2598; x_wconf 83' lang='grc' dir='ltr'>τέλειον</span> <span class='ocrx_word' id='word_1_273' title='bbox 1320 2544 1394 2598; x_wconf 81' lang='grc' dir='ltr'>ὢν</span> <span class='ocrx_word' id='word_1_274' title='bbox 1439 2547 1754 2615; x_wconf 81' lang='grc' dir='ltr'>πρόσωπον,</span> <span class='ocrx_word' id='word_1_275' title='bbox 1786 2545 1876 2598; x_wconf 84' lang='grc' dir='ltr'><strong>τέ-</strong></span> 
     </span>
    </p>
   </div>
   <div class='ocr_carea' id='block_1_43' title="bbox 293 2635 1878 2706">
    <p class='ocr_par' dir='ltr' id='par_1_43' title="bbox 293 2635 1878 2706">
     <span class='ocr_line' id='line_1_43' title="bbox 293 2635 1878 2706; baseline 0 -19"><span class='ocrx_word' id='word_1_276' title='bbox 293 2654 316 2687; x_wconf 75' lang='grc'><strong>(</strong></span> <span class='ocrx_word' id='word_1_277' title='bbox 366 2637 515 2689; x_wconf 90' lang='grc' dir='ltr'>λειον</span> <span class='ocrx_word' id='word_1_278' title='bbox 553 2637 670 2706; x_wconf 79' lang='grc' dir='ltr'>ἔχει</span> <span class='ocrx_word' id='word_1_279' title='bbox 715 2636 806 2688; x_wconf 82' lang='grc' dir='ltr'><strong>τὸν</strong></span> <span class='ocrx_word' id='word_1_280' title='bbox 835 2637 992 2703; x_wconf 86' lang='grc' dir='ltr'>λόγον</span> <span class='ocrx_word' id='word_1_281' title='bbox 1029 2635 1090 2699; x_wconf 78' lang='grc' dir='ltr'>ἐξ</span> <span class='ocrx_word' id='word_1_282' title='bbox 1117 2636 1284 2703; x_wconf 69' lang='grc' dir='ltr'>αὑτοῦ</span> <span class='ocrx_word' id='word_1_283' title='bbox 1319 2637 1712 2706; x_wconf 78' lang='grc' dir='ltr'>γεγεννημένον</span> <span class='ocrx_word' id='word_1_284' title='bbox 1749 2635 1878 2706; x_wconf 72' lang='grc' dir='ltr'>ἀλη-</span> 
     </span>
    </p>
   </div>
   <div class='ocr_carea' id='block_1_44' title="bbox 293 2725 1874 2797">
    <p class='ocr_par' dir='ltr' id='par_1_44' title="bbox 293 2725 1874 2797">
     <span class='ocr_line' id='line_1_44' title="bbox 293 2725 1874 2797; baseline 0.001 -18"><span class='ocrx_word' id='word_1_285' title='bbox 293 2745 316 2779; x_wconf 72' lang='grc' dir='ltr'>ι</span> <span class='ocrx_word' id='word_1_286' title='bbox 366 2727 496 2793; x_wconf 77' lang='grc' dir='ltr'><strong>θῶς,</strong></span> <span class='ocrx_word' id='word_1_287' title='bbox 526 2727 624 2797; x_wconf 75' lang='grc' dir='ltr'><strong>οὐχ</strong></span> <span class='ocrx_word' id='word_1_288' title='bbox 649 2726 722 2791; x_wconf 65' lang='grc' dir='ltr'><strong>ὡς</strong></span> <span class='ocrx_word' id='word_1_289' title='bbox 747 2726 904 2794; x_wconf 87' lang='grc' dir='ltr'>λόγον</span> <span class='ocrx_word' id='word_1_290' title='bbox 931 2725 1278 2794; x_wconf 78' lang='grc' dir='ltr'>λαλούμενον,</span> <span class='ocrx_word' id='word_1_291' title='bbox 1301 2727 1424 2777; x_wconf 82' lang='grc' dir='ltr'>οὐδὲ</span> <span class='ocrx_word' id='word_1_292' title='bbox 1448 2727 1568 2778; x_wconf 83' lang='grc' dir='ltr'>καθ’</span> <span class='ocrx_word' id='word_1_293' title='bbox 1604 2726 1874 2780; x_wconf 80' lang='grc' dir='ltr'>υἱοθεσίαν</span> 
     </span>
    </p>
   </div>
   <div class='ocr_carea' id='block_1_45' title="bbox 297 2818 1875 2890">
    <p class='ocr_par' dir='ltr' id='par_1_45' title="bbox 297 2818 1875 2890">
     <span class='ocr_line' id='line_1_45' title="bbox 297 2818 1875 2890; baseline 0 -18"><span class='ocrx_word' id='word_1_294' title='bbox 297 2839 320 2872; x_wconf 74' lang='grc' dir='ltr'><strong>ι</strong></span> <span class='ocrx_word' id='word_1_295' title='bbox 369 2821 530 2886; x_wconf 82' lang='grc' dir='ltr'>Θεὸν,</span> <span class='ocrx_word' id='word_1_296' title='bbox 556 2820 630 2882; x_wconf 79' lang='grc' dir='ltr'><strong>ὡς</strong></span> <span class='ocrx_word' id='word_1_297' title='bbox 669 2818 888 2887; x_wconf 81' lang='grc' dir='ltr'>ἄγγελοι</span> <span class='ocrx_word' id='word_1_298' title='bbox 923 2822 1014 2871; x_wconf 76' lang='grc' dir='ltr'>καὶ</span> <span class='ocrx_word' id='word_1_299' title='bbox 1045 2819 1320 2890; x_wconf 66' lang='grc' dir='ltr'>ἄνθρωποι</span> <span class='ocrx_word' id='word_1_300' title='bbox 1357 2820 1460 2871; x_wconf 75' lang='grc' dir='ltr'>υἱοὶ</span> <span class='ocrx_word' id='word_1_301' title='bbox 1493 2819 1626 2871; x_wconf 82' lang='grc' dir='ltr'>Θεοῦ</span> <span class='ocrx_word' id='word_1_302' title='bbox 1652 2820 1875 2872; x_wconf 86' lang='grc' dir='ltr'>καλοῦν-</span> 
     </span>
    </p>
   </div>
   <div class='ocr_carea' id='block_1_46' title="bbox 293 2908 1875 2977">
    <p class='ocr_par' dir='ltr' id='par_1_46' title="bbox 293 2908 1875 2977">
     <span class='ocr_line' id='line_1_46' title="bbox 293 2908 1875 2977; baseline -0.003 -14"><span class='ocrx_word' id='word_1_303' title='bbox 293 2928 316 2962; x_wconf 67' lang='grc'><strong>(</strong></span> <span class='ocrx_word' id='word_1_304' title='bbox 361 2927 477 2975; x_wconf 87' lang='grc' dir='ltr'>ται,</span> <span class='ocrx_word' id='word_1_305' title='bbox 510 2909 646 2962; x_wconf 78' lang='grc' dir='ltr'>ἀλλὰ</span> <span class='ocrx_word' id='word_1_306' title='bbox 687 2911 822 2973; x_wconf 80' lang='grc' dir='ltr'>υἱὸν,</span> <span class='ocrx_word' id='word_1_307' title='bbox 863 2909 1023 2977; x_wconf 78' lang='grc' dir='ltr'>φύσει</span> <span class='ocrx_word' id='word_1_308' title='bbox 1053 2908 1188 2960; x_wconf 81' lang='grc' dir='ltr'>Θεόν</span> <span class='ocrx_word' id='word_1_309' title='bbox 1217 2924 1232 2940; x_wconf 80' lang='grc' dir='ltr'><strong>ο</strong></span> <span class='ocrx_word' id='word_1_310' title='bbox 1260 2908 1462 2974; x_wconf 82' lang='grc' dir='ltr'>τέλειον</span> <span class='ocrx_word' id='word_1_311' title='bbox 1491 2909 1669 2960; x_wconf 77' lang='grc' dir='ltr'>καὶτὸ</span> <span class='ocrx_word' id='word_1_312' title='bbox 1706 2908 1875 2960; x_wconf 80' lang='grc' dir='ltr'>Πνεῦ-</span> 
     </span>
    </p>
   </div>
   <div class='ocr_carea' id='block_1_47' title="bbox 298 2999 1872 3072">
    <p class='ocr_par' dir='ltr' id='par_1_47' title="bbox 298 2999 1872 3072">
     <span class='ocr_line' id='line_1_47' title="bbox 298 2999 1872 3072; baseline -0.002 -18"><span class='ocrx_word' id='word_1_313' title='bbox 298 3021 319 3054; x_wconf 77' lang='grc' dir='ltr'><strong>ι</strong></span> <span class='ocrx_word' id='word_1_314' title='bbox 371 3019 451 3072; x_wconf 88' lang='grc' dir='ltr'><strong>μα</strong></span> <span class='ocrx_word' id='word_1_315' title='bbox 485 3002 548 3054; x_wconf 76' lang='grc' dir='ltr'>τὸ</span> <span class='ocrx_word' id='word_1_316' title='bbox 579 3001 754 3070; x_wconf 75' lang='grc' dir='ltr'>ἅγιον,</span> <span class='ocrx_word' id='word_1_317' title='bbox 788 3005 854 3052; x_wconf 67' lang='grc' dir='ltr'>ἐκ</span> <span class='ocrx_word' id='word_1_318' title='bbox 894 3000 1026 3052; x_wconf 79' lang='grc' dir='ltr'>Θεοῦ</span> <span class='ocrx_word' id='word_1_319' title='bbox 1079 3001 1148 3052; x_wconf 80' lang='grc' dir='ltr'>δι’</span> <span class='ocrx_word' id='word_1_320' title='bbox 1182 2999 1310 3052; x_wconf 84' lang='grc' dir='ltr'>Υἱοῦ</span> <span class='ocrx_word' id='word_1_321' title='bbox 1340 3001 1741 3069; x_wconf 76' lang='grc' dir='ltr'>χορηγούμενον</span> <span class='ocrx_word' id='word_1_322' title='bbox 1791 3002 1872 3062; x_wconf 81' lang='grc' dir='ltr'>είς</span> 
     </span>
    </p>
   </div>
   <div class='ocr_carea' id='block_1_48' title="bbox 294 3089 1867 3161">
    <p class='ocr_par' dir='ltr' id='par_1_48' title="bbox 294 3089 1867 3161">
     <span class='ocr_line' id='line_1_48' title="bbox 294 3089 1867 3161; baseline -0.002 -16"><span class='ocrx_word' id='word_1_323' title='bbox 294 3112 316 3144; x_wconf 67' lang='grc' dir='ltr'><strong>ε</strong></span> <span class='ocrx_word' id='word_1_324' title='bbox 365 3095 492 3155; x_wconf 87' lang='grc' dir='ltr'>τοὺς</span> <span class='ocrx_word' id='word_1_325' title='bbox 545 3094 1011 3161; x_wconf 83' lang='grc' dir='ltr'>υίοθετουμένοις,</span> <span class='ocrx_word' id='word_1_326' title='bbox 1061 3093 1168 3156; x_wconf 82' lang='grc' dir='ltr'>ζῶν</span> <span class='ocrx_word' id='word_1_327' title='bbox 1213 3092 1308 3144; x_wconf 75' lang='grc' dir='ltr'>καὶ</span> <span class='ocrx_word' id='word_1_328' title='bbox 1352 3091 1652 3154; x_wconf 75' lang='grc' dir='ltr'>ζωοποιοῦν</span> <span class='ocrx_word' id='word_1_329' title='bbox 1689 3089 1867 3156; x_wconf 77' lang='grc' dir='ltr'>ἅγιον,</span> 
     </span>
    </p>
   </div>
   <div class='ocr_carea' id='block_1_49' title="bbox 293 3181 1663 3254">
    <p class='ocr_par' dir='ltr' id='par_1_49' title="bbox 293 3181 1663 3254">
     <span class='ocr_line' id='line_1_49' title="bbox 293 3181 1663 3254; baseline -0.002 -19"><span class='ocrx_word' id='word_1_330' title='bbox 293 3201 314 3235; x_wconf 70' lang='grc' dir='ltr'><strong>ε</strong></span> <span class='ocrx_word' id='word_1_331' title='bbox 366 3184 692 3254; x_wconf 82' lang='grc' dir='ltr'>ἁγιαστικὸν</span> <span class='ocrx_word' id='word_1_332' title='bbox 719 3184 831 3236; x_wconf 80' lang='grc' dir='ltr'>τῶν</span> <span class='ocrx_word' id='word_1_333' title='bbox 856 3182 1391 3252; x_wconf 75' lang='grc' dir='ltr'>μεταλαμϐανόντων</span> <span class='ocrx_word' id='word_1_334' title='bbox 1419 3181 1604 3235; x_wconf 77' lang='grc' dir='ltr'>αὑτοῦ.</span> <span class='ocrx_word' id='word_1_335' title='bbox 1644 3201 1663 3232; x_wconf 77' lang='grc' dir='ltr'><strong>ι</strong></span> 
     </span>
    </p>
   </div>
   <div class='ocr_carea' id='block_1_50' title="bbox 887 3365 1273 3418">
    <p class='ocr_par' dir='ltr' id='par_1_50' title="bbox 887 3365 1273 3418">
     <span class='ocr_line' id='line_1_50' title="bbox 887 3365 1273 3418; baseline 0 0"><span class='ocrx_word' id='word_1_336' title='bbox 887 3365 1273 3418; x_wconf 80' lang='grc' dir='ltr'>Ἐπιστασία.</span> 
     </span>
    </p>
   </div>
   <div class='ocr_carea' id='block_1_51' title="bbox 366 3453 1870 3529">
    <p class='ocr_par' dir='ltr' id='par_1_51' title="bbox 366 3453 1870 3529">
     <span class='ocr_line' id='line_1_51' title="bbox 366 3453 1870 3529; baseline -0.002 -19"><span class='ocrx_word' id='word_1_337' title='bbox 366 3475 385 3510; x_wconf 83' lang='lat' dir='ltr'><strong>t</strong></span> <span class='ocrx_word' id='word_1_338' title='bbox 440 3458 608 3529; x_wconf 78' lang='grc' dir='ltr'><strong>Ὁρᾷς</strong></span> <span class='ocrx_word' id='word_1_339' title='bbox 641 3455 926 3510; x_wconf 83' lang='grc' dir='ltr'>κάνταῦθα</span> <span class='ocrx_word' id='word_1_340' title='bbox 958 3460 1020 3508; x_wconf 83' lang='grc' dir='ltr'>τὸ</span> <span class='ocrx_word' id='word_1_341' title='bbox 1061 3457 1126 3506; x_wconf 85' lang='grc' dir='ltr'>ὲκ</span> <span class='ocrx_word' id='word_1_342' title='bbox 1155 3453 1325 3522; x_wconf 89' lang='grc' dir='ltr'>Θεοῦ,</span> <span class='ocrx_word' id='word_1_343' title='bbox 1371 3455 1448 3525; x_wconf 80' lang='grc' dir='ltr'>τῷ</span> <span class='ocrx_word' id='word_1_344' title='bbox 1497 3455 1565 3508; x_wconf 87' lang='grc' dir='ltr'>δι’</span> <span class='ocrx_word' id='word_1_345' title='bbox 1617 3455 1870 3508; x_wconf 80' lang='grc' dir='ltr'>Υἱοῦσα-</span> 
     </span>
    </p>
   </div>
   <div class='ocr_carea' id='block_1_52' title="bbox 290 3549 1868 3622">
    <p class='ocr_par' dir='ltr' id='par_1_52' title="bbox 290 3549 1868 3622">
     <span class='ocr_line' id='line_1_52' title="bbox 290 3549 1868 3622; baseline -0.001 -20"><span class='ocrx_word' id='word_1_346' title='bbox 290 3569 312 3602; x_wconf 71' lang='grc' dir='ltr'><strong>ε</strong></span> <span class='ocrx_word' id='word_1_347' title='bbox 359 3551 744 3622; x_wconf 78' lang='grc' dir='ltr'>φηνιζόμενον,</span> <span class='ocrx_word' id='word_1_348' title='bbox 795 3551 890 3604; x_wconf 82' lang='grc' dir='ltr'><strong>καὶ</strong></span> <span class='ocrx_word' id='word_1_349' title='bbox 940 3549 1158 3620; x_wconf 79' lang='grc' dir='ltr'>δηλοῦν,</span> <span class='ocrx_word' id='word_1_350' title='bbox 1215 3549 1298 3602; x_wconf 81' lang='grc' dir='ltr'>ὅτι</span> <span class='ocrx_word' id='word_1_351' title='bbox 1345 3551 1406 3601; x_wconf 85' lang='grc' dir='ltr'>τὸ</span> <span class='ocrx_word' id='word_1_352' title='bbox 1447 3551 1512 3601; x_wconf 84' lang='grc' dir='ltr'>ὲκ</span> <span class='ocrx_word' id='word_1_353' title='bbox 1536 3549 1745 3619; x_wconf 72' lang='grc' dir='ltr'>Πατρός</span> <span class='ocrx_word' id='word_1_354' title='bbox 1770 3565 1868 3618; x_wconf 73' lang='grc' dir='ltr'><strong>σῃ-</strong></span> 
     </span>
    </p>
   </div>
   <div class='ocr_carea' id='block_1_53' title="bbox 290 3643 646 3713">
    <p class='ocr_par' dir='ltr' id='par_1_53' title="bbox 290 3643 646 3713">
     <span class='ocr_line' id='line_1_53' title="bbox 290 3643 646 3713; baseline -0.003 -19"><span class='ocrx_word' id='word_1_355' title='bbox 290 3660 311 3694; x_wconf 79' lang='lat' dir='ltr'><strong>t</strong></span> <span class='ocrx_word' id='word_1_356' title='bbox 363 3643 550 3713; x_wconf 81' lang='grc' dir='ltr'>μαίνει</span> <span class='ocrx_word' id='word_1_357' title='bbox 582 3659 596 3710; x_wconf 85' lang='grc'><strong>;</strong></span> <span class='ocrx_word' id='word_1_358' title='bbox 627 3659 646 3693; x_wconf 75' lang='grc' dir='ltr'><strong>ι</strong></span> 
     </span>
    </p>
   </div>
   <div class='ocr_carea' id='block_1_54' title="bbox 894 3734 1284 3804">
    <p class='ocr_par' dir='ltr' id='par_1_54' title="bbox 894 3734 1284 3804">
     <span class='ocr_line' id='line_1_54' title="bbox 894 3734 1284 3804; baseline 0.003 -16"><span class='ocrx_word' id='word_1_359' title='bbox 894 3734 1284 3804; x_wconf 69' lang='grc' dir='ltr'><strong>Ἀντίρῤησις.</strong></span> 
     </span>
    </p>
   </div>
   <div class='ocr_carea' id='block_1_55' title="bbox 358 3823 1870 3898">
    <p class='ocr_par' dir='ltr' id='par_1_55' title="bbox 358 3823 1870 3898">
     <span class='ocr_line' id='line_1_55' title="bbox 358 3823 1870 3898; baseline 0.003 -22"><span class='ocrx_word' id='word_1_360' title='bbox 358 3823 506 3876; x_wconf 78' lang='grc' dir='ltr'>Ἀλλ’</span> <span class='ocrx_word' id='word_1_361' title='bbox 533 3825 666 3897; x_wconf 72' lang='grc' dir='ltr'><strong>ὁρᾷς</strong></span> <span class='ocrx_word' id='word_1_362' title='bbox 691 3827 787 3878; x_wconf 73' lang='grc' dir='ltr'>καὶ</span> <span class='ocrx_word' id='word_1_363' title='bbox 816 3825 964 3888; x_wconf 78' lang='grc' dir='ltr'>ὅπως</span> <span class='ocrx_word' id='word_1_364' title='bbox 1014 3827 1076 3878; x_wconf 81' lang='grc' dir='ltr'><strong>τὸ</strong></span> <span class='ocrx_word' id='word_1_365' title='bbox 1105 3832 1162 3880; x_wconf 82' lang='grc' dir='ltr'><strong>εν</strong></span> <span class='ocrx_word' id='word_1_366' title='bbox 1190 3829 1257 3898; x_wconf 81' lang='grc' dir='ltr'>τῇ</span> <span class='ocrx_word' id='word_1_367' title='bbox 1307 3825 1682 3897; x_wconf 78' lang='grc' dir='ltr'>προρῤηθείσῃ</span> <span class='ocrx_word' id='word_1_368' title='bbox 1717 3843 1870 3897; x_wconf 81' lang='grc' dir='ltr'>περι-</span> 
     </span>
    </p>
   </div>
   <div class='ocr_carea' id='block_1_56' title="bbox 287 3906 1868 3986">
    <p class='ocr_par' dir='ltr' id='par_1_56' title="bbox 287 3906 1868 3986">
     <span class='ocr_line' id='line_1_56' title="bbox 287 3906 1868 3986; baseline 0.001 -20"><span class='ocrx_word' id='word_1_369' title='bbox 287 3917 438 3985; x_wconf 80' lang='grc' dir='ltr'>κοπῇ</span> <span class='ocrx_word' id='word_1_370' title='bbox 476 3917 539 3968; x_wconf 81' lang='grc' dir='ltr'>ὲκ</span> <span class='ocrx_word' id='word_1_371' title='bbox 569 3917 665 3984; x_wconf 83' lang='grc' dir='ltr'>τῆς</span> <span class='ocrx_word' id='word_1_372' title='bbox 692 3913 786 3968; x_wconf 85' lang='grc' dir='ltr'><strong>τοῦ</strong></span> <span class='ocrx_word' id='word_1_373' title='bbox 829 3916 1047 3984; x_wconf 71' lang='grc' dir='ltr'>Πατρός</span> <span class='ocrx_word' id='word_1_374' title='bbox 1087 3916 1273 3980; x_wconf 68' lang='grc' dir='ltr'>οὐσίας</span> <span class='ocrx_word' id='word_1_375' title='bbox 1325 3916 1394 3969; x_wconf 91' lang='grc' dir='ltr'>δι’</span> <span class='ocrx_word' id='word_1_376' title='bbox 1424 3917 1555 3969; x_wconf 84' lang='grc' dir='ltr'>Υίοῦ</span> <span class='ocrx_word' id='word_1_377' title='bbox 1584 3906 1868 3986; x_wconf 75' lang='grc' dir='ltr'>ἐκπεμπό-</span> 
     </span>
    </p>
   </div>
   <div class='ocr_carea' id='block_1_57' title="bbox 288 4004 1870 4079">
    <p class='ocr_par' dir='ltr' id='par_1_57' title="bbox 288 4004 1870 4079">
     <span class='ocr_line' id='line_1_57' title="bbox 288 4004 1870 4079; baseline -0.002 -21"><span class='ocrx_word' id='word_1_378' title='bbox 288 4021 454 4075; x_wconf 84' lang='grc' dir='ltr'>μενον</span> <span class='ocrx_word' id='word_1_379' title='bbox 476 4006 710 4062; x_wconf 75' lang='grc' dir='ltr'>ἐνταῦθα</span> <span class='ocrx_word' id='word_1_380' title='bbox 757 4009 823 4060; x_wconf 73' lang='grc' dir='ltr'>ἐκ</span> <span class='ocrx_word' id='word_1_381' title='bbox 867 4007 1005 4060; x_wconf 86' lang='grc' dir='ltr'>Θεοῦ</span> <span class='ocrx_word' id='word_1_382' title='bbox 1037 4008 1105 4062; x_wconf 85' lang='grc' dir='ltr'>δι’</span> <span class='ocrx_word' id='word_1_383' title='bbox 1157 4007 1286 4062; x_wconf 86' lang='grc' dir='ltr'>Υἰοῦ</span> <span class='ocrx_word' id='word_1_384' title='bbox 1347 4007 1756 4079; x_wconf 55' lang='grc' dir='ltr'>χορῃγούμενον</span> <span class='ocrx_word' id='word_1_385' title='bbox 1782 4004 1870 4056; x_wconf 86' lang='grc' dir='ltr'><strong>λέ-</strong></span> 
     </span>
    </p>
   </div>
   <div class='ocr_carea' id='block_1_58' title="bbox 287 4096 1868 4168">
    <p class='ocr_par' dir='ltr' id='par_1_58' title="bbox 287 4096 1868 4168">
     <span class='ocr_line' id='line_1_58' title="bbox 287 4096 1868 4168; baseline -0.003 -18"><span class='ocrx_word' id='word_1_386' title='bbox 287 4114 454 4166; x_wconf 79' lang='grc' dir='ltr'>γεται</span> <span class='ocrx_word' id='word_1_387' title='bbox 485 4115 503 4163; x_wconf 88' lang='lat'><strong>;</strong></span> <span class='ocrx_word' id='word_1_388' title='bbox 539 4099 684 4168; x_wconf 83' lang='grc' dir='ltr'>Ὅρα</span> <span class='ocrx_word' id='word_1_389' title='bbox 733 4100 828 4152; x_wconf 77' lang='grc' dir='ltr'><strong>καὶ</strong></span> <span class='ocrx_word' id='word_1_390' title='bbox 867 4097 1024 4163; x_wconf 82' lang='grc' dir='ltr'>σύνες</span> <span class='ocrx_word' id='word_1_391' title='bbox 1073 4098 1146 4162; x_wconf 86' lang='grc' dir='ltr'><strong>ὡς</strong></span> <span class='ocrx_word' id='word_1_392' title='bbox 1203 4101 1304 4151; x_wconf 80' lang='grc' dir='ltr'>οὐκ</span> <span class='ocrx_word' id='word_1_393' title='bbox 1349 4098 1570 4152; x_wconf 77' lang='grc' dir='ltr'>ἐναντία</span> <span class='ocrx_word' id='word_1_394' title='bbox 1618 4096 1868 4166; x_wconf 75' lang='grc' dir='ltr'>ἀλλήλοις</span> 
     </span>
    </p>
   </div>
   <div class='ocr_carea' id='block_1_59' title="bbox 285 4187 1476 4258">
    <p class='ocr_par' dir='ltr' id='par_1_59' title="bbox 285 4187 1476 4258">
     <span class='ocr_line' id='line_1_59' title="bbox 285 4187 1476 4258; baseline -0.001 -18"><span class='ocrx_word' id='word_1_395' title='bbox 285 4188 430 4240; x_wconf 83' lang='grc' dir='ltr'>αὐτὰ</span> <span class='ocrx_word' id='word_1_396' title='bbox 461 4188 557 4241; x_wconf 72' lang='grc' dir='ltr'><strong>καὶ</strong></span> <span class='ocrx_word' id='word_1_397' title='bbox 589 4189 896 4258; x_wconf 85' lang='grc' dir='ltr'>μαχόμενα,</span> <span class='ocrx_word' id='word_1_398' title='bbox 934 4189 1073 4257; x_wconf 80' lang='grc' dir='ltr'>ὅπερ</span> <span class='ocrx_word' id='word_1_399' title='bbox 1101 4188 1246 4241; x_wconf 74' lang='grc' dir='ltr'>τισὶν</span> <span class='ocrx_word' id='word_1_400' title='bbox 1268 4187 1476 4251; x_wconf 69' lang='grc' dir='ltr'>ἔδοξεν.</span> 
     </span>
    </p>
   </div>
   <div class='ocr_carea' id='block_1_60' title="bbox 572 4299 1576 4358">
    <p class='ocr_par' dir='ltr' id='par_1_60' title="bbox 572 4299 1576 4358">
     <span class='ocr_line' id='line_1_60' title="bbox 572 4299 1576 4358; baseline -0.002 -3"><span class='ocrx_word' id='word_1_401' title='bbox 572 4299 847 4358; x_wconf 79' lang='grc' dir='ltr'><strong><em>ΡΗΣΕΙΣ</em></strong></span> <span class='ocrx_word' id='word_1_402' title='bbox 888 4299 1028 4353; x_wconf 85' lang='grc' dir='ltr'><em>ΤοΥ</em></span> <span class='ocrx_word' id='word_1_403' title='bbox 1065 4301 1576 4354; x_wconf 77' lang='grc' dir='ltr'><strong>ΔΑΜΔΣΚΗΝΟΥ.</strong></span> 
     </span>
    </p>
   </div>
   <div class='ocr_carea' id='block_1_61' title="bbox 288 4413 1866 4485">
    <p class='ocr_par' dir='ltr' id='par_1_61' title="bbox 288 4413 1866 4485">
     <span class='ocr_line' id='line_1_61' title="bbox 288 4413 1866 4485; baseline -0.001 -15"><span class='ocrx_word' id='word_1_404' title='bbox 288 4415 398 4470; x_wconf 83' lang='grc' dir='ltr'>Τοῦ</span> <span class='ocrx_word' id='word_1_405' title='bbox 438 4415 610 4485; x_wconf 77' lang='grc' dir='ltr'>ἁγίου</span> <span class='ocrx_word' id='word_1_406' title='bbox 645 4413 1060 4485; x_wconf 64' lang='grc' dir='ltr'>Ἰωάννουτοῦ</span> <span class='ocrx_word' id='word_1_407' title='bbox 1087 4413 1486 4481; x_wconf 80' lang='grc' dir='ltr'>Δαμασκηνοῦ</span> <span class='ocrx_word' id='word_1_408' title='bbox 1535 4414 1866 4482; x_wconf 70' lang='grc' dir='ltr'>κεφάλαιον</span> 
     </span>
    </p>
   </div>
   <div class='ocr_carea' id='block_1_62' title="bbox 679 4483 1482 4552">
    <p class='ocr_par' dir='ltr' id='par_1_62' title="bbox 679 4483 1482 4552">
     <span class='ocr_line' id='line_1_62' title="bbox 679 4483 1482 4552; baseline 0 -16"><span class='ocrx_word' id='word_1_409' title='bbox 679 4483 722 4544; x_wconf 67' lang='grc' dir='ltr'><strong><em>ξ</em></strong></span> <span class='ocrx_word' id='word_1_410' title='bbox 750 4484 885 4551; x_wconf 77' lang='grc' dir='ltr'>περὶ</span> <span class='ocrx_word' id='word_1_411' title='bbox 909 4486 1252 4552; x_wconf 79' lang='grc' dir='ltr'>Πνεύματος</span> <span class='ocrx_word' id='word_1_412' title='bbox 1287 4485 1482 4552; x_wconf 80' lang='grc' dir='ltr'><strong>ἁγίου.</strong></span> 
     </span>
    </p>
   </div>
   <div class='ocr_carea' id='block_1_63' title="bbox 355 4593 1870 4667">
    <p class='ocr_par' dir='ltr' id='par_1_63' title="bbox 355 4593 1870 4667">
     <span class='ocr_line' id='line_1_63' title="bbox 355 4593 1870 4667; baseline -0.003 -17"><span class='ocrx_word' id='word_1_413' title='bbox 355 4616 376 4650; x_wconf 75' lang='grc' dir='ltr'><strong>ι</strong></span> <span class='ocrx_word' id='word_1_414' title='bbox 411 4593 578 4651; x_wconf 87' lang='grc' dir='ltr'><strong>ΡΛΔ¹.</strong></span> <span class='ocrx_word' id='word_1_415' title='bbox 613 4598 704 4647; x_wconf 86' lang='grc' dir='ltr'><strong>Δεῖ</strong></span> <span class='ocrx_word' id='word_1_416' title='bbox 753 4597 810 4648; x_wconf 79' lang='grc' dir='ltr'>δὲ</span> <span class='ocrx_word' id='word_1_417' title='bbox 839 4597 930 4648; x_wconf 83' lang='grc' dir='ltr'><strong>τὸν</strong></span> <span class='ocrx_word' id='word_1_418' title='bbox 957 4596 1126 4662; x_wconf 85' lang='grc' dir='ltr'>Λόγον</span> <span class='ocrx_word' id='word_1_419' title='bbox 1152 4597 1246 4649; x_wconf 75' lang='grc' dir='ltr'>καὶ</span> <span class='ocrx_word' id='word_1_420' title='bbox 1293 4597 1516 4667; x_wconf 87' lang='grc' dir='ltr'>Πνεῦμα</span> <span class='ocrx_word' id='word_1_421' title='bbox 1548 4595 1711 4666; x_wconf 76' lang='grc' dir='ltr'>ἔχειν.</span> <span class='ocrx_word' id='word_1_422' title='bbox 1761 4597 1870 4649; x_wconf 77' lang='grc' dir='ltr'><strong>Καὶ</strong></span> 
     </span>
    </p>
   </div>
   <div class='ocr_carea' id='block_1_64' title="bbox 283 4687 1868 4758">
    <p class='ocr_par' dir='ltr' id='par_1_64' title="bbox 283 4687 1868 4758">
     <span class='ocr_line' id='line_1_64' title="bbox 283 4687 1868 4758; baseline 0 -17"><span class='ocrx_word' id='word_1_423' title='bbox 283 4707 302 4741; x_wconf 79' lang='lat' dir='ltr'><strong>t</strong></span> <span class='ocrx_word' id='word_1_424' title='bbox 338 4689 449 4757; x_wconf 84' lang='grc' dir='ltr'><strong>γὰρ</strong></span> <span class='ocrx_word' id='word_1_425' title='bbox 471 4690 499 4739; x_wconf 80' lang='grc' dir='ltr'><strong>ὁ</strong></span> <span class='ocrx_word' id='word_1_426' title='bbox 525 4689 788 4758; x_wconf 75' lang='grc' dir='ltr'>ἡμέτερος</span> <span class='ocrx_word' id='word_1_427' title='bbox 805 4687 983 4755; x_wconf 69' lang='grc' dir='ltr'>λόγος,</span> <span class='ocrx_word' id='word_1_428' title='bbox 1008 4688 1106 4740; x_wconf 82' lang='grc' dir='ltr'><strong>οὐκ</strong></span> <span class='ocrx_word' id='word_1_429' title='bbox 1136 4687 1362 4757; x_wconf 76' lang='grc' dir='ltr'>ἄμοιρός</span> <span class='ocrx_word' id='word_1_430' title='bbox 1388 4690 1502 4740; x_wconf 78' lang='grc' dir='ltr'>ἐστι</span> <span class='ocrx_word' id='word_1_431' title='bbox 1537 4687 1868 4756; x_wconf 81' lang='grc' dir='ltr'>πνεύματος.</span> 
     </span>
    </p>
   </div>
   <div class='ocr_carea' id='block_1_65' title="bbox 283 4779 1869 4851">
    <p class='ocr_par' dir='ltr' id='par_1_65' title="bbox 283 4779 1869 4851">
     <span class='ocr_line' id='line_1_65' title="bbox 283 4779 1869 4851; baseline -0.003 -17"><span class='ocrx_word' id='word_1_432' title='bbox 283 4800 302 4833; x_wconf 80' lang='lat' dir='ltr'><strong>t</strong></span> <span class='ocrx_word' id='word_1_433' title='bbox 358 4781 498 4834; x_wconf 84' lang='grc' dir='ltr'>Ἀλλ’</span> <span class='ocrx_word' id='word_1_434' title='bbox 537 4780 620 4848; x_wconf 78' lang='grc' dir='ltr'><strong>ἐφ’</strong></span> <span class='ocrx_word' id='word_1_435' title='bbox 644 4781 802 4849; x_wconf 79' lang='grc' dir='ltr'>ἡμῶν</span> <span class='ocrx_word' id='word_1_436' title='bbox 827 4781 924 4848; x_wconf 81' lang='grc' dir='ltr'>μὲν</span> <span class='ocrx_word' id='word_1_437' title='bbox 948 4779 1008 4832; x_wconf 85' lang='grc' dir='ltr'>τὸ</span> <span class='ocrx_word' id='word_1_438' title='bbox 1052 4779 1268 4848; x_wconf 87' lang='grc' dir='ltr'>πνεῦμα</span> <span class='ocrx_word' id='word_1_439' title='bbox 1293 4781 1566 4850; x_wconf 84' lang='grc' dir='ltr'>ἀλλότριον</span> <span class='ocrx_word' id='word_1_440' title='bbox 1592 4780 1688 4849; x_wconf 82' lang='grc' dir='ltr'><strong>τῆς</strong></span> <span class='ocrx_word' id='word_1_441' title='bbox 1738 4781 1869 4851; x_wconf 71' lang='grc' dir='ltr'>ἠμε-</span> 
     </span>
    </p>
   </div>
   <div class='ocr_carea' id='block_1_66' title="bbox 284 4869 1866 4942">
    <p class='ocr_par' dir='ltr' id='par_1_66' title="bbox 284 4869 1866 4942">
     <span class='ocr_line' id='line_1_66' title="bbox 284 4869 1866 4942; baseline -0.002 -18"><span class='ocrx_word' id='word_1_442' title='bbox 284 4890 303 4924; x_wconf 85' lang='lat' dir='ltr'><strong>t</strong></span> <span class='ocrx_word' id='word_1_443' title='bbox 337 4875 504 4942; x_wconf 80' lang='grc' dir='ltr'>τέρας</span> <span class='ocrx_word' id='word_1_444' title='bbox 551 4872 704 4923; x_wconf 77' lang='grc' dir='ltr'>ἐστὶν</span> <span class='ocrx_word' id='word_1_445' title='bbox 739 4869 960 4934; x_wconf 79' lang='grc' dir='ltr'>οὐσίας’</span> <span class='ocrx_word' id='word_1_446' title='bbox 997 4869 1091 4921; x_wconf 87' lang='grc' dir='ltr'><strong>τοῦ</strong></span> <span class='ocrx_word' id='word_1_447' title='bbox 1126 4870 1234 4939; x_wconf 83' lang='grc' dir='ltr'><strong>γὰρ</strong></span> <span class='ocrx_word' id='word_1_448' title='bbox 1269 4870 1428 4939; x_wconf 82' lang='grc' dir='ltr'>ἀέρος</span> <span class='ocrx_word' id='word_1_449' title='bbox 1443 4871 1588 4923; x_wconf 77' lang='grc' dir='ltr'>ἐστὶν</span> <span class='ocrx_word' id='word_1_450' title='bbox 1620 4871 1752 4940; x_wconf 80' lang='grc' dir='ltr'>ὁλκὴ</span> <span class='ocrx_word' id='word_1_451' title='bbox 1773 4872 1866 4922; x_wconf 82' lang='grc' dir='ltr'><strong>καὶ</strong></span> 
     </span>
    </p>
   </div>
   <div class='ocr_carea' id='block_1_67' title="bbox 283 4961 1864 5034">
    <p class='ocr_par' dir='ltr' id='par_1_67' title="bbox 283 4961 1864 5034">
     <span class='ocr_line' id='line_1_67' title="bbox 283 4961 1864 5034; baseline -0.002 -19"><span class='ocrx_word' id='word_1_452' title='bbox 283 4986 300 5015; x_wconf 71' lang='grc' dir='ltr'><strong>ι</strong></span> <span class='ocrx_word' id='word_1_453' title='bbox 346 4967 488 5034; x_wconf 62' lang='grc' dir='ltr'>φορὰ</span> <span class='ocrx_word' id='word_1_454' title='bbox 556 4963 931 5030; x_wconf 80' lang='grc' dir='ltr'>εἰσελκομὲνου</span> <span class='ocrx_word' id='word_1_455' title='bbox 986 4961 1078 5012; x_wconf 78' lang='grc' dir='ltr'>καὶ</span> <span class='ocrx_word' id='word_1_456' title='bbox 1121 4961 1552 5028; x_wconf 77' lang='grc' dir='ltr'>προσδεχομένου</span> <span class='ocrx_word' id='word_1_457' title='bbox 1599 4963 1735 5029; x_wconf 71' lang='grc' dir='ltr'>πρὸς</span> <span class='ocrx_word' id='word_1_458' title='bbox 1765 4962 1864 5030; x_wconf 82' lang='grc' dir='ltr'>τὴν</span> 
     </span>
    </p>
   </div>
   <div class='ocr_carea' id='block_1_68' title="bbox 283 5052 1862 5122">
    <p class='ocr_par' dir='ltr' id='par_1_68' title="bbox 283 5052 1862 5122">
     <span class='ocr_line' id='line_1_68' title="bbox 283 5052 1862 5122; baseline -0.001 -18"><span class='ocrx_word' id='word_1_459' title='bbox 283 5073 300 5104; x_wconf 72' lang='grc' dir='ltr'><strong>ι</strong></span> <span class='ocrx_word' id='word_1_460' title='bbox 337 5056 432 5107; x_wconf 80' lang='grc' dir='ltr'><strong>τοῦ</strong></span> <span class='ocrx_word' id='word_1_461' title='bbox 454 5055 704 5122; x_wconf 56' lang='grc' dir='ltr'>σώματος</span> <span class='ocrx_word' id='word_1_462' title='bbox 734 5055 1014 5116; x_wconf 80' lang='grc' dir='ltr'>σύστασιν,</span> <span class='ocrx_word' id='word_1_463' title='bbox 1036 5054 1170 5120; x_wconf 77' lang='grc' dir='ltr'>ὅπερ</span> <span class='ocrx_word' id='word_1_464' title='bbox 1202 5053 1258 5103; x_wconf 81' lang='grc' dir='ltr'>ἐν</span> <span class='ocrx_word' id='word_1_465' title='bbox 1275 5052 1352 5119; x_wconf 79' lang='grc' dir='ltr'>τῷ</span> <span class='ocrx_word' id='word_1_466' title='bbox 1375 5053 1544 5121; x_wconf 87' lang='grc' dir='ltr'>καιρῴ</span> <span class='ocrx_word' id='word_1_467' title='bbox 1568 5052 1663 5119; x_wconf 83' lang='grc' dir='ltr'>τῆς</span> <span class='ocrx_word' id='word_1_468' title='bbox 1685 5053 1862 5119; x_wconf 75' lang='grc' dir='ltr'>ἐκφω-</span> 
     </span>
    </p>
   </div>
   <div class='ocr_carea' id='block_1_69' title="bbox 284 5141 1858 5213">
    <p class='ocr_par' dir='ltr' id='par_1_69' title="bbox 284 5141 1858 5213">
     <span class='ocr_line' id='line_1_69' title="bbox 284 5141 1858 5213; baseline -0.002 -19"><span class='ocrx_word' id='word_1_469' title='bbox 284 5162 301 5194; x_wconf 83' lang='lat' dir='ltr'><strong>t</strong></span> <span class='ocrx_word' id='word_1_470' title='bbox 337 5148 564 5213; x_wconf 82' lang='grc' dir='ltr'>νήσεως,</span> <span class='ocrx_word' id='word_1_471' title='bbox 616 5147 767 5212; x_wconf 76' lang='grc' dir='ltr'>φωνὴ</span> <span class='ocrx_word' id='word_1_472' title='bbox 818 5143 912 5194; x_wconf 87' lang='grc' dir='ltr'><strong>τοῦ</strong></span> <span class='ocrx_word' id='word_1_473' title='bbox 979 5143 1136 5210; x_wconf 80' lang='grc' dir='ltr'>λόγου</span> <span class='ocrx_word' id='word_1_474' title='bbox 1189 5141 1396 5206; x_wconf 77' lang='grc' dir='ltr'>γίνεται</span> <span class='ocrx_word' id='word_1_475' title='bbox 1431 5143 1528 5210; x_wconf 82' lang='grc' dir='ltr'>τὴν</span> <span class='ocrx_word' id='word_1_476' title='bbox 1555 5142 1649 5193; x_wconf 84' lang='grc' dir='ltr'><strong>τοῦ</strong></span> <span class='ocrx_word' id='word_1_477' title='bbox 1698 5142 1858 5208; x_wconf 85' lang='grc' dir='ltr'>λόγου</span> 
     </span>
    </p>
   </div>
   <div class='ocr_carea' id='block_1_70' title="bbox 283 5233 1860 5306">
    <p class='ocr_par' dir='ltr' id='par_1_70' title="bbox 283 5233 1860 5306">
     <span class='ocr_line' id='line_1_70' title="bbox 283 5233 1860 5306; baseline -0.002 -19"><span class='ocrx_word' id='word_1_478' title='bbox 283 5255 300 5287; x_wconf 83' lang='lat' dir='ltr'><strong>t</strong></span> <span class='ocrx_word' id='word_1_479' title='bbox 339 5237 568 5306; x_wconf 74' lang='grc' dir='ltr'>δὸναμιν</span> <span class='ocrx_word' id='word_1_480' title='bbox 586 5237 642 5288; x_wconf 81' lang='grc' dir='ltr'>ὲν</span> <span class='ocrx_word' id='word_1_481' title='bbox 661 5237 831 5306; x_wconf 77' lang='grc' dir='ltr'>ἑαυτῇ</span> <span class='ocrx_word' id='word_1_482' title='bbox 850 5235 1157 5304; x_wconf 76' lang='grc' dir='ltr'>φανεροῦσα</span> <span class='ocrx_word' id='word_1_483' title='bbox 1179 5249 1191 5262; x_wconf 87' lang='grc'>·</span> <span class='ocrx_word' id='word_1_484' title='bbox 1218 5236 1311 5284; x_wconf 76' lang='grc' dir='ltr'>ἐπὶ</span> <span class='ocrx_word' id='word_1_485' title='bbox 1346 5233 1403 5285; x_wconf 83' lang='grc' dir='ltr'><strong>δὲ</strong></span> <span class='ocrx_word' id='word_1_486' title='bbox 1434 5233 1531 5301; x_wconf 78' lang='grc' dir='ltr'><strong>τῆς</strong></span> <span class='ocrx_word' id='word_1_487' title='bbox 1563 5233 1714 5295; x_wconf 71' lang='grc' dir='ltr'>θείας</span> <span class='ocrx_word' id='word_1_488' title='bbox 1761 5233 1860 5300; x_wconf 79' lang='grc' dir='ltr'><strong>φύ-</strong></span> 
     </span>
    </p>
   </div>
   <div class='ocr_carea' id='block_1_71' title="bbox 283 5321 1855 5396">
    <p class='ocr_par' dir='ltr' id='par_1_71' title="bbox 283 5321 1855 5396">
     <span class='ocr_line' id='line_1_71' title="bbox 283 5321 1855 5396; baseline -0.003 -18"><span class='ocrx_word' id='word_1_489' title='bbox 283 5347 300 5378; x_wconf 81' lang='lat' dir='ltr'><strong>t</strong></span> <span class='ocrx_word' id='word_1_490' title='bbox 339 5345 476 5390; x_wconf 75' lang='grc' dir='ltr'>σεως</span> <span class='ocrx_word' id='word_1_491' title='bbox 513 5329 610 5396; x_wconf 80' lang='grc' dir='ltr'><strong>τῆς</strong></span> <span class='ocrx_word' id='word_1_492' title='bbox 644 5328 816 5396; x_wconf 74' lang='grc' dir='ltr'>ἁπλῆς</span> <span class='ocrx_word' id='word_1_493' title='bbox 846 5329 939 5378; x_wconf 80' lang='grc' dir='ltr'><strong>καὶ</strong></span> <span class='ocrx_word' id='word_1_494' title='bbox 969 5325 1259 5377; x_wconf 74' lang='grc' dir='ltr'>ἀσυνθέτου</span> <span class='ocrx_word' id='word_1_495' title='bbox 1278 5323 1340 5376; x_wconf 82' lang='grc' dir='ltr'><strong>τὸ</strong></span> <span class='ocrx_word' id='word_1_496' title='bbox 1383 5325 1479 5391; x_wconf 81' lang='grc' dir='ltr'><strong>μὲν</strong></span> <span class='ocrx_word' id='word_1_497' title='bbox 1511 5321 1646 5376; x_wconf 81' lang='grc' dir='ltr'>εἶναι</span> <span class='ocrx_word' id='word_1_498' title='bbox 1686 5325 1855 5375; x_wconf 61' lang='lat' dir='ltr'><strong>Ilvati-</strong></span> 
     </span>
    </p>
   </div>
   <div class='ocr_carea' id='block_1_72' title="bbox 1896 4521 1943 4578">
    <p class='ocr_par' dir='ltr' id='par_1_72' title="bbox 1896 4521 1943 4578">
     <span class='ocr_line' id='line_1_72' title="bbox 1896 4521 1943 4578; baseline 0 0"><span class='ocrx_word' id='word_1_499' title='bbox 1896 4521 1943 4578; x_wconf 82' lang='grc' dir='ltr'><strong>υ</strong></span> 
     </span>
    </p>
   </div>
   <div class='ocr_carea' id='block_1_73' title="bbox 1983 1976 3558 2044">
    <p class='ocr_par' dir='ltr' id='par_1_73' title="bbox 1983 1976 3558 2044">
     <span class='ocr_line' id='line_1_73' title="bbox 1983 1976 3558 2044; baseline 0.007 -17"><span class='ocrx_word' id='word_1_500' title='bbox 1983 1988 2105 2030; x_wconf 85' lang='lat' dir='ltr'><strong>esse</strong></span> <span class='ocrx_word' id='word_1_501' title='bbox 2164 1991 2326 2043; x_wconf 89' lang='lat' dir='ltr'><strong>quam</strong></span> <span class='ocrx_word' id='word_1_502' title='bbox 2367 1976 2605 2044; x_wconf 86' lang='lat' dir='ltr'><strong>Spiritus</strong></span> <span class='ocrx_word' id='word_1_503' title='bbox 2655 1979 3056 2041; x_wconf 77' lang='lat' dir='ltr'><strong>exsistentiatn,</strong></span> <span class='ocrx_word' id='word_1_504' title='bbox 3117 1983 3426 2036; x_wconf 84' lang='lat' dir='ltr'><strong>testimonio</strong></span> <span class='ocrx_word' id='word_1_505' title='bbox 3456 1999 3558 2038; x_wconf 82' lang='lat' dir='ltr'><strong>suo</strong></span> 
     </span>
    </p>
   </div>
   <div class='ocr_carea' id='block_1_74' title="bbox 1982 2067 3554 2139">
    <p class='ocr_par' dir='ltr' id='par_1_74' title="bbox 1982 2067 3554 2139">
     <span class='ocr_line' id='line_1_74' title="bbox 1982 2067 3554 2139; baseline 0.006 -19"><span class='ocrx_word' id='word_1_506' title='bbox 1982 2067 2358 2134; x_wconf 85' lang='lat' dir='ltr'><strong>contprobabit</strong></span> <span class='ocrx_word' id='word_1_507' title='bbox 2399 2069 2680 2139; x_wconf 72' lang='lat' dir='ltr'><strong>theologia:</strong></span> <span class='ocrx_word' id='word_1_508' title='bbox 2715 2071 3146 2138; x_wconf 70' lang='lat' dir='ltr'><strong>meusevigilaus</strong></span> <span class='ocrx_word' id='word_1_509' title='bbox 3190 2075 3254 2126; x_wconf 85' lang='lat' dir='ltr'><strong>ad</strong></span> <span class='ocrx_word' id='word_1_510' title='bbox 3287 2073 3554 2128; x_wconf 85' lang='lat' dir='ltr'><strong>Heronem</strong></span> 
     </span>
    </p>
   </div>
   <div class='ocr_carea' id='block_1_75' title="bbox 1981 2159 3555 2238">
    <p class='ocr_par' dir='ltr' id='par_1_75' title="bbox 1981 2159 3555 2238">
     <span class='ocr_line' id='line_1_75' title="bbox 1981 2159 3555 2238; baseline 0.006 -28"><span class='ocrx_word' id='word_1_511' title='bbox 1981 2159 2368 2228; x_wconf 85' lang='lat' dir='ltr'><strong>philosophum</strong></span> <span class='ocrx_word' id='word_1_512' title='bbox 2421 2173 2561 2224; x_wconf 89' lang='lat' dir='ltr'><strong>orat,</strong></span> <span class='ocrx_word' id='word_1_513' title='bbox 2610 2161 2853 2214; x_wconf 74' lang='lat' dir='ltr'><strong>scribens</strong></span> <span class='ocrx_word' id='word_1_514' title='bbox 2895 2179 2907 2213; x_wconf 92' lang='lat'><strong>:</strong></span> <span class='ocrx_word' id='word_1_515' title='bbox 2952 2181 2970 2211; x_wconf 75' lang='grc' dir='ltr'><strong>ι</strong></span> <span class='ocrx_word' id='word_1_516' title='bbox 3006 2163 3290 2238; x_wconf 83' lang='lat' dir='ltr'><strong>Proprium</strong></span> <span class='ocrx_word' id='word_1_517' title='bbox 3337 2168 3555 2234; x_wconf 81' lang='lat' dir='ltr'><strong>quidem</strong></span> 
     </span>
    </p>
   </div>
   <div class='ocr_carea' id='block_1_76' title="bbox 1980 2249 3558 2328">
    <p class='ocr_par' dir='ltr' id='par_1_76' title="bbox 1980 2249 3558 2328">
     <span class='ocr_line' id='line_1_76' title="bbox 1980 2249 3558 2328; baseline 0.006 -28"><span class='ocrx_word' id='word_1_518' title='bbox 1980 2249 2156 2304; x_wconf 86' lang='lat' dir='ltr'><strong>Patris</strong></span> <span class='ocrx_word' id='word_1_519' title='bbox 2185 2259 2268 2303; x_wconf 90' lang='lat' dir='ltr'><strong>est</strong></span> <span class='ocrx_word' id='word_1_520' title='bbox 2322 2266 2429 2302; x_wconf 91' lang='lat' dir='ltr'><strong>non</strong></span> <span class='ocrx_word' id='word_1_521' title='bbox 2458 2265 2579 2304; x_wconf 89' lang='lat' dir='ltr'><strong>esse</strong></span> <span class='ocrx_word' id='word_1_522' title='bbox 2618 2251 2882 2318; x_wconf 80' lang='lat' dir='ltr'><strong>genitum,</strong></span> <span class='ocrx_word' id='word_1_523' title='bbox 2927 2250 3046 2305; x_wconf 82' lang='lat' dir='ltr'><strong>Filii</strong></span> <span class='ocrx_word' id='word_1_524' title='bbox 3097 2258 3398 2321; x_wconf 83' lang='lat' dir='ltr'><strong>generatio,</strong></span> <span class='ocrx_word' id='word_1_525' title='bbox 3436 2255 3558 2328; x_wconf 88' lang='lat' dir='ltr'><strong>Spi-</strong></span> 
     </span>
    </p>
   </div>
   <div class='ocr_carea' id='block_1_77' title="bbox 1980 2339 2449 2393">
    <p class='ocr_par' dir='ltr' id='par_1_77' title="bbox 1980 2339 2449 2393">
     <span class='ocr_line' id='line_1_77' title="bbox 1980 2339 2449 2393; baseline -0.002 -3"><span class='ocrx_word' id='word_1_526' title='bbox 1980 2339 2118 2392; x_wconf 83' lang='lat' dir='ltr'><strong>ritus</strong></span> <span class='ocrx_word' id='word_1_527' title='bbox 2143 2339 2387 2393; x_wconf 79' lang='lat' dir='ltr'><strong>emissio.</strong></span> <span class='ocrx_word' id='word_1_528' title='bbox 2431 2357 2449 2389; x_wconf 70' lang='grc' dir='ltr'><strong>ι</strong></span> 
     </span>
    </p>
   </div>
   <div class='ocr_carea' id='block_1_78' title="bbox 2610 2429 2923 2486">
    <p class='ocr_par' dir='ltr' id='par_1_78' title="bbox 2610 2429 2923 2486">
     <span class='ocr_line' id='line_1_78' title="bbox 2610 2429 2923 2486; baseline -0.006 -4"><span class='ocrx_word' id='word_1_529' title='bbox 2610 2429 2693 2483; x_wconf 69' lang='lat' dir='ltr'><strong>Ex.</strong></span> <span class='ocrx_word' id='word_1_530' title='bbox 2718 2432 2923 2486; x_wconf 79' lang='lat' dir='ltr'><strong>eadem.</strong></span> 
     </span>
    </p>
   </div>
   <div class='ocr_carea' id='block_1_79' title="bbox 1973 2543 3554 2622">
    <p class='ocr_par' dir='ltr' id='par_1_79' title="bbox 1973 2543 3554 2622">
     <span class='ocr_line' id='line_1_79' title="bbox 1973 2543 3554 2622; baseline 0.001 -23"><span class='ocrx_word' id='word_1_531' title='bbox 1973 2617 1978 2622; x_wconf 26' lang='lat'><em>.</em></span> <span class='ocrx_word' id='word_1_532' title='bbox 2049 2543 2334 2600; x_wconf 73' lang='lat' dir='ltr'><strong>CXXXHI.</strong></span> <span class='ocrx_word' id='word_1_533' title='bbox 2368 2565 2384 2596; x_wconf 80' lang='grc' dir='ltr'><strong>ι</strong></span> <span class='ocrx_word' id='word_1_534' title='bbox 2425 2545 2566 2599; x_wconf 85' lang='lat' dir='ltr'><strong>Deus</strong></span> <span class='ocrx_word' id='word_1_535' title='bbox 2621 2543 2779 2599; x_wconf 84' lang='lat' dir='ltr'><strong>Pater</strong></span> <span class='ocrx_word' id='word_1_536' title='bbox 2835 2546 3070 2614; x_wconf 78' lang='lat' dir='ltr'><strong>perfecta</strong></span> <span class='ocrx_word' id='word_1_537' title='bbox 3125 2564 3383 2617; x_wconf 68' lang='lat' dir='ltr'><strong>persona,</strong></span> <span class='ocrx_word' id='word_1_538' title='bbox 3437 2567 3554 2619; x_wconf 75' lang='lat' dir='ltr'><strong>per-</strong></span> 
     </span>
    </p>
   </div>
   <div class='ocr_carea' id='block_1_80' title="bbox 1983 2633 3551 2705">
    <p class='ocr_par' dir='ltr' id='par_1_80' title="bbox 1983 2633 3551 2705">
     <span class='ocr_line' id='line_1_80' title="bbox 1983 2633 3551 2705; baseline 0.005 -20"><span class='ocrx_word' id='word_1_539' title='bbox 1983 2653 2002 2685; x_wconf 81' lang='lat' dir='ltr'><strong>t</strong></span> <span class='ocrx_word' id='word_1_540' title='bbox 2042 2633 2241 2688; x_wconf 67' lang='lat' dir='ltr'><strong>fectum</strong></span> <span class='ocrx_word' id='word_1_541' title='bbox 2297 2636 2458 2688; x_wconf 77' lang='lat' dir='ltr'><strong>balet</strong></span> <span class='ocrx_word' id='word_1_542' title='bbox 2489 2637 2733 2697; x_wconf 77' lang='lat' dir='ltr'><strong>verbum,</strong></span> <span class='ocrx_word' id='word_1_543' title='bbox 2760 2652 2822 2688; x_wconf 80' lang='lat' dir='ltr'><strong>ex</strong></span> <span class='ocrx_word' id='word_1_544' title='bbox 2867 2653 2926 2689; x_wconf 85' lang='lat' dir='ltr'><strong>se</strong></span> <span class='ocrx_word' id='word_1_545' title='bbox 2961 2639 3076 2705; x_wconf 78' lang='lat' dir='ltr'><strong>ipso</strong></span> <span class='ocrx_word' id='word_1_546' title='bbox 3129 2655 3250 2692; x_wconf 81' lang='lat' dir='ltr'><strong>vere</strong></span> <span class='ocrx_word' id='word_1_547' title='bbox 3282 2645 3551 2705; x_wconf 69' lang='lat' dir='ltr'><strong>genitum,</strong></span> 
     </span>
    </p>
   </div>
   <div class='ocr_carea' id='block_1_81' title="bbox 1983 2726 3553 2798">
    <p class='ocr_par' dir='ltr' id='par_1_81' title="bbox 1983 2726 3553 2798">
     <span class='ocr_line' id='line_1_81' title="bbox 1983 2726 3553 2798; baseline 0.004 -24"><span class='ocrx_word' id='word_1_548' title='bbox 1983 2741 2000 2774; x_wconf 81' lang='lat' dir='ltr'><strong>t</strong></span> <span class='ocrx_word' id='word_1_549' title='bbox 2040 2740 2147 2776; x_wconf 90' lang='lat' dir='ltr'><strong>non</strong></span> <span class='ocrx_word' id='word_1_550' title='bbox 2206 2733 2463 2792; x_wconf 82' lang='lat' dir='ltr'><strong>tanquam</strong></span> <span class='ocrx_word' id='word_1_551' title='bbox 2522 2737 2745 2776; x_wconf 86' lang='lat' dir='ltr'><strong>vernum</strong></span> <span class='ocrx_word' id='word_1_552' title='bbox 2796 2726 3016 2790; x_wconf 60' lang='lat' dir='ltr'><strong>recale,</strong></span> <span class='ocrx_word' id='word_1_553' title='bbox 3059 2733 3203 2794; x_wconf 76' lang='lat' dir='ltr'><strong>quul</strong></span> <span class='ocrx_word' id='word_1_554' title='bbox 3257 2731 3553 2798; x_wconf 83' lang='lat' dir='ltr'><strong>loquimur,</strong></span> 
     </span>
    </p>
   </div>
   <div class='ocr_carea' id='block_1_82' title="bbox 1983 2817 3556 2886">
    <p class='ocr_par' dir='ltr' id='par_1_82' title="bbox 1983 2817 3556 2886">
     <span class='ocr_line' id='line_1_82' title="bbox 1983 2817 3556 2886; baseline 0.006 -21"><span class='ocrx_word' id='word_1_555' title='bbox 1983 2833 2001 2865; x_wconf 74' lang='grc' dir='ltr'><strong>ι</strong></span> <span class='ocrx_word' id='word_1_556' title='bbox 2044 2830 2220 2882; x_wconf 85' lang='lat' dir='ltr'><strong>neque</strong></span> <span class='ocrx_word' id='word_1_557' title='bbox 2273 2828 2331 2874; x_wconf 82' lang='lat' dir='ltr'><strong>ut</strong></span> <span class='ocrx_word' id='word_1_558' title='bbox 2385 2817 2552 2867; x_wconf 89' lang='lat' dir='ltr'><strong>lilium</strong></span> <span class='ocrx_word' id='word_1_559' title='bbox 2614 2818 2914 2870; x_wconf 84' lang='lat' dir='ltr'><strong>secundum</strong></span> <span class='ocrx_word' id='word_1_560' title='bbox 2989 2821 3354 2886; x_wconf 75' lang='lat' dir='ltr'><strong>adoptionem,</strong></span> <span class='ocrx_word' id='word_1_561' title='bbox 3411 2825 3556 2875; x_wconf 78' lang='lat' dir='ltr'><strong>sicut</strong></span> 
     </span>
    </p>
   </div>
   <div class='ocr_carea' id='block_1_83' title="bbox 1979 2904 3555 2974">
    <p class='ocr_par' dir='ltr' id='par_1_83' title="bbox 1979 2904 3555 2974">
     <span class='ocr_line' id='line_1_83' title="bbox 1979 2904 3555 2974; baseline 0.003 -17"><span class='ocrx_word' id='word_1_562' title='bbox 1979 2921 1999 2968; x_wconf 64' lang='grc' dir='ltr'><strong>ς</strong></span> <span class='ocrx_word' id='word_1_563' title='bbox 2042 2904 2217 2974; x_wconf 80' lang='lat' dir='ltr'><strong>angeli</strong></span> <span class='ocrx_word' id='word_1_564' title='bbox 2270 2912 2322 2956; x_wconf 84' lang='lat' dir='ltr'><strong>et</strong></span> <span class='ocrx_word' id='word_1_565' title='bbox 2379 2905 2625 2958; x_wconf 78' lang='lat' dir='ltr'><strong>ltutnitti-s</strong></span> <span class='ocrx_word' id='word_1_566' title='bbox 2674 2918 2932 2959; x_wconf 76' lang='lat' dir='ltr'><strong>qutttlur</strong></span> <span class='ocrx_word' id='word_1_567' title='bbox 2986 2909 3079 2960; x_wconf 85' lang='lat' dir='ltr'><strong>lilii</strong></span> <span class='ocrx_word' id='word_1_568' title='bbox 3120 2908 3234 2973; x_wconf 85' lang='lat' dir='ltr'><strong>Dei,</strong></span> <span class='ocrx_word' id='word_1_569' title='bbox 3289 2911 3382 2964; x_wconf 82' lang='lat' dir='ltr'><strong>sed</strong></span> <span class='ocrx_word' id='word_1_570' title='bbox 3411 2921 3464 2963; x_wconf 90' lang='lat' dir='ltr'><strong>ttt</strong></span> <span class='ocrx_word' id='word_1_571' title='bbox 3494 2917 3555 2962; x_wconf 79' lang='lat' dir='ltr'><strong>b-</strong></span> 
     </span>
    </p>
   </div>
   <div class='ocr_carea' id='block_1_84' title="bbox 1979 2995 3556 3061">
    <p class='ocr_par' dir='ltr' id='par_1_84' title="bbox 1979 2995 3556 3061">
     <span class='ocr_line' id='line_1_84' title="bbox 1979 2995 3556 3061; baseline 0.005 -15"><span class='ocrx_word' id='word_1_572' title='bbox 1979 3013 1998 3046; x_wconf 77' lang='grc'><strong>(</strong></span> <span class='ocrx_word' id='word_1_573' title='bbox 2031 2995 2162 3054; x_wconf 89' lang='lat' dir='ltr'><strong>lium</strong></span> <span class='ocrx_word' id='word_1_574' title='bbox 2222 3005 2414 3061; x_wconf 85' lang='lat' dir='ltr'><strong>natura</strong></span> <span class='ocrx_word' id='word_1_575' title='bbox 2446 2995 2640 3050; x_wconf 70' lang='lat' dir='ltr'><strong>Deum.</strong></span> <span class='ocrx_word' id='word_1_576' title='bbox 2690 2995 3000 3051; x_wconf 78' lang='lat' dir='ltr'><strong>Perfectum</strong></span> <span class='ocrx_word' id='word_1_577' title='bbox 3048 3014 3178 3052; x_wconf 84' lang='lat' dir='ltr'><strong>vero</strong></span> <span class='ocrx_word' id='word_1_578' title='bbox 3203 3001 3364 3054; x_wconf 84' lang='lat' dir='ltr'><strong>etiam</strong></span> <span class='ocrx_word' id='word_1_579' title='bbox 3394 3003 3556 3054; x_wconf 74' lang='lat' dir='ltr'><strong>haln-t</strong></span> 
     </span>
    </p>
   </div>
   <div class='ocr_carea' id='block_1_85' title="bbox 1978 3086 3554 3161">
    <p class='ocr_par' dir='ltr' id='par_1_85' title="bbox 1978 3086 3554 3161">
     <span class='ocr_line' id='line_1_85' title="bbox 1978 3086 3554 3161; baseline 0.004 -23"><span class='ocrx_word' id='word_1_580' title='bbox 1978 3105 1997 3138; x_wconf 78' lang='grc' dir='ltr'><strong>ι</strong></span> <span class='ocrx_word' id='word_1_581' title='bbox 2033 3086 2294 3156; x_wconf 89' lang='lat' dir='ltr'><strong>Spiritum</strong></span> <span class='ocrx_word' id='word_1_582' title='bbox 2322 3101 2569 3142; x_wconf 85' lang='lat' dir='ltr'><strong>sanetum</strong></span> <span class='ocrx_word' id='word_1_583' title='bbox 2598 3104 2662 3142; x_wconf 84' lang='lat' dir='ltr'><strong>ex</strong></span> <span class='ocrx_word' id='word_1_584' title='bbox 2702 3087 2811 3148; x_wconf 66' lang='lat' dir='ltr'><strong>Deo</strong></span> <span class='ocrx_word' id='word_1_585' title='bbox 2860 3106 2953 3157; x_wconf 90' lang='lat' dir='ltr'><strong>per</strong></span> <span class='ocrx_word' id='word_1_586' title='bbox 2975 3089 3170 3144; x_wconf 87' lang='lat' dir='ltr'><strong>Filium</strong></span> <span class='ocrx_word' id='word_1_587' title='bbox 3229 3093 3280 3145; x_wconf 90' lang='lat' dir='ltr'><strong>iu</strong></span> <span class='ocrx_word' id='word_1_588' title='bbox 3328 3096 3554 3161; x_wconf 69' lang='lat' dir='ltr'><strong>atlupza-</strong></span> 
     </span>
    </p>
   </div>
   <div class='ocr_carea' id='block_1_86' title="bbox 1897 3179 3553 3253">
    <p class='ocr_par' dir='ltr' id='par_1_86' title="bbox 1897 3179 3553 3253">
     <span class='ocr_line' id='line_1_86' title="bbox 1897 3179 3553 3253; baseline 0.001 -21"><span class='ocrx_word' id='word_1_589' title='bbox 1897 3192 1940 3253; x_wconf 68' lang='grc' dir='ltr'>(ε</span> <span class='ocrx_word' id='word_1_590' title='bbox 1979 3198 1998 3232; x_wconf 78' lang='grc' dir='ltr'><strong>ι</strong></span> <span class='ocrx_word' id='word_1_591' title='bbox 2039 3191 2123 3234; x_wconf 88' lang='lat' dir='ltr'><strong>tos</strong></span> <span class='ocrx_word' id='word_1_592' title='bbox 2148 3179 2288 3234; x_wconf 82' lang='lat' dir='ltr'><strong>ﬁlios</strong></span> <span class='ocrx_word' id='word_1_593' title='bbox 2311 3181 2565 3246; x_wconf 67' lang='lat' dir='ltr'><strong>eﬂ‘usum,</strong></span> <span class='ocrx_word' id='word_1_594' title='bbox 2607 3181 2876 3236; x_wconf 80' lang='lat' dir='ltr'><strong>viventem</strong></span> <span class='ocrx_word' id='word_1_595' title='bbox 2913 3191 2966 3237; x_wconf 88' lang='lat' dir='ltr'><strong>et</strong></span> <span class='ocrx_word' id='word_1_596' title='bbox 3010 3184 3393 3248; x_wconf 61' lang='lat' dir='ltr'><strong>viviibtutem,</strong></span> <span class='ocrx_word' id='word_1_597' title='bbox 3427 3200 3553 3237; x_wconf 83' lang='lat' dir='ltr'><strong>sau-</strong></span> 
     </span>
    </p>
   </div>
   <div class='ocr_carea' id='block_1_87' title="bbox 1974 3273 3544 3344">
    <p class='ocr_par' dir='ltr' id='par_1_87' title="bbox 1974 3273 3544 3344">
     <span class='ocr_line' id='line_1_87' title="bbox 1974 3273 3544 3344; baseline 0.001 -20"><span class='ocrx_word' id='word_1_598' title='bbox 1974 3289 1996 3324; x_wconf 70' lang='grc'><strong>(</strong></span> <span class='ocrx_word' id='word_1_599' title='bbox 2035 3283 2180 3327; x_wconf 90' lang='lat' dir='ltr'><strong>ctum</strong></span> <span class='ocrx_word' id='word_1_600' title='bbox 2211 3283 2263 3326; x_wconf 86' lang='lat' dir='ltr'><strong>et</strong></span> <span class='ocrx_word' id='word_1_601' title='bbox 2282 3273 2714 3335; x_wconf 77' lang='lat' dir='ltr'><strong>sanctificantent</strong></span> <span class='ocrx_word' id='word_1_602' title='bbox 2740 3289 2853 3338; x_wconf 87' lang='lat' dir='ltr'><strong>eos,</strong></span> <span class='ocrx_word' id='word_1_603' title='bbox 2884 3276 2974 3344; x_wconf 85' lang='lat' dir='ltr'><strong>qui</strong></span> <span class='ocrx_word' id='word_1_604' title='bbox 3000 3292 3121 3341; x_wconf 88' lang='lat' dir='ltr'><strong>eum</strong></span> <span class='ocrx_word' id='word_1_605' title='bbox 3149 3275 3495 3344; x_wconf 76' lang='lat' dir='ltr'><strong>participant.</strong></span> <span class='ocrx_word' id='word_1_606' title='bbox 3525 3295 3544 3325; x_wconf 71' lang='grc' dir='ltr'><strong>ι</strong></span> 
     </span>
    </p>
   </div>
   <div class='ocr_carea' id='block_1_88' title="bbox 2553 3363 2978 3419">
    <p class='ocr_par' dir='ltr' id='par_1_88' title="bbox 2553 3363 2978 3419">
     <span class='ocr_line' id='line_1_88' title="bbox 2553 3363 2978 3419; baseline 0.014 -6"><span class='ocrx_word' id='word_1_607' title='bbox 2553 3363 2978 3419; x_wconf 78' lang='lat' dir='ltr'><strong>Animadversio.</strong></span> 
     </span>
    </p>
   </div>
   <div class='ocr_carea' id='block_1_89' title="bbox 2043 3451 3549 3526">
    <p class='ocr_par' dir='ltr' id='par_1_89' title="bbox 2043 3451 3549 3526">
     <span class='ocr_line' id='line_1_89' title="bbox 2043 3451 3549 3526; baseline 0.005 -22"><span class='ocrx_word' id='word_1_608' title='bbox 2043 3471 2061 3504; x_wconf 73' lang='grc' dir='ltr'><strong>ι</strong></span> <span class='ocrx_word' id='word_1_609' title='bbox 2112 3451 2274 3508; x_wconf 83' lang='lat' dir='ltr'><strong>Vides</strong></span> <span class='ocrx_word' id='word_1_610' title='bbox 2316 3453 2403 3508; x_wconf 91' lang='lat' dir='ltr'><strong>hic</strong></span> <span class='ocrx_word' id='word_1_611' title='bbox 2467 3455 2628 3508; x_wconf 79' lang='lat' dir='ltr'><strong>etiam</strong></span> <span class='ocrx_word' id='word_1_612' title='bbox 2665 3456 2794 3509; x_wconf 84' lang='lat' dir='ltr'><strong>illud</strong></span> <span class='ocrx_word' id='word_1_613' title='bbox 2829 3472 2894 3509; x_wconf 83' lang='lat' dir='ltr'><strong>ex</strong></span> <span class='ocrx_word' id='word_1_614' title='bbox 2932 3458 3040 3510; x_wconf 78' lang='lat' dir='ltr'><strong>Deo</strong></span> <span class='ocrx_word' id='word_1_615' title='bbox 3073 3472 3169 3526; x_wconf 90' lang='lat' dir='ltr'><strong>per</strong></span> <span class='ocrx_word' id='word_1_616' title='bbox 3221 3455 3418 3510; x_wconf 84' lang='lat' dir='ltr'><strong>Filium</strong></span> <span class='ocrx_word' id='word_1_617' title='bbox 3453 3473 3549 3511; x_wconf 78' lang='lat' dir='ltr'><strong>ex-</strong></span> 
     </span>
    </p>
   </div>
   <div class='ocr_carea' id='block_1_90' title="bbox 1973 3545 3013 3614">
    <p class='ocr_par' dir='ltr' id='par_1_90' title="bbox 1973 3545 3013 3614">
     <span class='ocr_line' id='line_1_90' title="bbox 1973 3545 3013 3614; baseline 0.009 -20"><span class='ocrx_word' id='word_1_618' title='bbox 1973 3563 1993 3594; x_wconf 76' lang='grc' dir='ltr'><strong>ι</strong></span> <span class='ocrx_word' id='word_1_619' title='bbox 2034 3545 2292 3614; x_wconf 88' lang='lat' dir='ltr'><strong>positum,</strong></span> <span class='ocrx_word' id='word_1_620' title='bbox 2319 3546 2450 3600; x_wconf 80' lang='lat' dir='ltr'><strong>illud</strong></span> <span class='ocrx_word' id='word_1_621' title='bbox 2485 3563 2548 3601; x_wconf 77' lang='lat' dir='ltr'><strong>ex</strong></span> <span class='ocrx_word' id='word_1_622' title='bbox 2579 3545 2736 3600; x_wconf 75' lang='lat' dir='ltr'><strong>Patre</strong></span> <span class='ocrx_word' id='word_1_623' title='bbox 2769 3559 2959 3602; x_wconf 85' lang='lat' dir='ltr'><strong>notare</strong></span> <span class='ocrx_word' id='word_1_624' title='bbox 2989 3549 3013 3602; x_wconf 89' lang='lat'><strong>?</strong></span> 
     </span>
    </p>
   </div>
   <div class='ocr_carea' id='block_1_91' title="bbox 2608 3727 2896 3796">
    <p class='ocr_par' dir='ltr' id='par_1_91' title="bbox 2608 3727 2896 3796">
     <span class='ocr_line' id='line_1_91' title="bbox 2608 3727 2896 3796; baseline 0.007 -16"><span class='ocrx_word' id='word_1_625' title='bbox 2608 3727 2896 3796; x_wconf 77' lang='lat' dir='ltr'><strong>Refutatio.</strong></span> 
     </span>
    </p>
   </div>
   <div class='ocr_carea' id='block_1_92' title="bbox 2037 3819 3547 3891">
    <p class='ocr_par' dir='ltr' id='par_1_92' title="bbox 2037 3819 3547 3891">
     <span class='ocr_line' id='line_1_92' title="bbox 2037 3819 3547 3891; baseline 0.004 -19"><span class='ocrx_word' id='word_1_626' title='bbox 2037 3821 2232 3874; x_wconf 81' lang='lat' dir='ltr'><strong>Annon</strong></span> <span class='ocrx_word' id='word_1_627' title='bbox 2258 3819 2420 3872; x_wconf 85' lang='lat' dir='ltr'><strong>etiam</strong></span> <span class='ocrx_word' id='word_1_628' title='bbox 2456 3819 2626 3881; x_wconf 75' lang='lat' dir='ltr'><strong>vides,</strong></span> <span class='ocrx_word' id='word_1_629' title='bbox 2649 3821 2793 3888; x_wconf 83' lang='lat' dir='ltr'><strong>quod</strong></span> <span class='ocrx_word' id='word_1_630' title='bbox 2827 3823 2878 3872; x_wconf 93' lang='lat' dir='ltr'><strong>in</strong></span> <span class='ocrx_word' id='word_1_631' title='bbox 2911 3819 3229 3890; x_wconf 66' lang='lat' dir='ltr'><strong>praescripta</strong></span> <span class='ocrx_word' id='word_1_632' title='bbox 3289 3823 3547 3891; x_wconf 80' lang='lat' dir='ltr'><strong>pericnpe</strong></span> 
     </span>
    </p>
   </div>
   <div class='ocr_carea' id='block_1_93' title="bbox 1967 3909 3544 3980">
    <p class='ocr_par' dir='ltr' id='par_1_93' title="bbox 1967 3909 3544 3980">
     <span class='ocr_line' id='line_1_93' title="bbox 1967 3909 3544 3980; baseline -0.001 -15"><span class='ocrx_word' id='word_1_633' title='bbox 1967 3911 2172 3965; x_wconf 91' lang='lat' dir='ltr'><strong>dictum</strong></span> <span class='ocrx_word' id='word_1_634' title='bbox 2198 3920 2302 3975; x_wconf 88' lang='lat' dir='ltr'><strong>est,</strong></span> <span class='ocrx_word' id='word_1_635' title='bbox 2339 3927 2405 3964; x_wconf 77' lang='lat' dir='ltr'><strong>ex</strong></span> <span class='ocrx_word' id='word_1_636' title='bbox 2439 3911 2612 3965; x_wconf 87' lang='lat' dir='ltr'><strong>Patris</strong></span> <span class='ocrx_word' id='word_1_637' title='bbox 2640 3914 2876 3964; x_wconf 85' lang='lat' dir='ltr'><strong>essentia</strong></span> <span class='ocrx_word' id='word_1_638' title='bbox 2907 3927 3000 3980; x_wconf 88' lang='lat' dir='ltr'><strong>per</strong></span> <span class='ocrx_word' id='word_1_639' title='bbox 3028 3909 3228 3965; x_wconf 84' lang='lat' dir='ltr'><strong>Filium</strong></span> <span class='ocrx_word' id='word_1_640' title='bbox 3255 3915 3544 3980; x_wconf 84' lang='lat' dir='ltr'><strong>emissum,</strong></span> 
     </span>
    </p>
   </div>
   <div class='ocr_carea' id='block_1_94' title="bbox 1967 4003 3546 4072">
    <p class='ocr_par' dir='ltr' id='par_1_94' title="bbox 1967 4003 3546 4072">
     <span class='ocr_line' id='line_1_94' title="bbox 1967 4003 3546 4072; baseline 0.001 -16"><span class='ocrx_word' id='word_1_641' title='bbox 1967 4003 2057 4058; x_wconf 88' lang='lat' dir='ltr'><strong>hic</strong></span> <span class='ocrx_word' id='word_1_642' title='bbox 2114 4019 2180 4058; x_wconf 76' lang='lat' dir='ltr'><strong>ex</strong></span> <span class='ocrx_word' id='word_1_643' title='bbox 2219 4003 2326 4058; x_wconf 92' lang='lat' dir='ltr'><strong>Deo</strong></span> <span class='ocrx_word' id='word_1_644' title='bbox 2355 4019 2448 4071; x_wconf 88' lang='lat' dir='ltr'><strong>per</strong></span> <span class='ocrx_word' id='word_1_645' title='bbox 2475 4003 2672 4057; x_wconf 80' lang='lat' dir='ltr'><strong>Filium</strong></span> <span class='ocrx_word' id='word_1_646' title='bbox 2725 4005 3128 4072; x_wconf 82' lang='lat' dir='ltr'><strong>suppeditatum</strong></span> <span class='ocrx_word' id='word_1_647' title='bbox 3177 4006 3338 4058; x_wconf 88' lang='lat' dir='ltr'><strong>scribi</strong></span> <span class='ocrx_word' id='word_1_648' title='bbox 3365 4005 3388 4058; x_wconf 88' lang='lat'><strong>?</strong></span> <span class='ocrx_word' id='word_1_649' title='bbox 3414 4003 3546 4059; x_wconf 81' lang='lat' dir='ltr'><strong>Vide</strong></span> 
     </span>
    </p>
   </div>
   <div class='ocr_carea' id='block_1_95' title="bbox 1970 4093 3546 4168">
    <p class='ocr_par' dir='ltr' id='par_1_95' title="bbox 1970 4093 3546 4168">
     <span class='ocr_line' id='line_1_95' title="bbox 1970 4093 3546 4168; baseline 0.002 -20"><span class='ocrx_word' id='word_1_650' title='bbox 1970 4104 2023 4148; x_wconf 93' lang='lat' dir='ltr'><strong>et</strong></span> <span class='ocrx_word' id='word_1_651' title='bbox 2045 4103 2169 4148; x_wconf 90' lang='lat' dir='ltr'><strong>nota</strong></span> <span class='ocrx_word' id='word_1_652' title='bbox 2222 4093 2337 4148; x_wconf 76' lang='lat' dir='ltr'><strong>bazc</strong></span> <span class='ocrx_word' id='word_1_653' title='bbox 2393 4096 2530 4147; x_wconf 87' lang='lat' dir='ltr'><strong>inter</strong></span> <span class='ocrx_word' id='word_1_654' title='bbox 2563 4109 2621 4147; x_wconf 89' lang='lat' dir='ltr'><strong>se</strong></span> <span class='ocrx_word' id='word_1_655' title='bbox 2650 4109 2824 4162; x_wconf 87' lang='lat' dir='ltr'><strong>neque</strong></span> <span class='ocrx_word' id='word_1_656' title='bbox 2869 4096 3142 4148; x_wconf 85' lang='lat' dir='ltr'><strong>contraria</strong></span> <span class='ocrx_word' id='word_1_657' title='bbox 3190 4111 3331 4158; x_wconf 86' lang='lat' dir='ltr'><strong>esse,</strong></span> <span class='ocrx_word' id='word_1_658' title='bbox 3370 4114 3546 4168; x_wconf 79' lang='lat' dir='ltr'><strong>neque</strong></span> 
     </span>
    </p>
   </div>
   <div class='ocr_carea' id='block_1_96' title="bbox 1967 4186 3238 4255">
    <p class='ocr_par' dir='ltr' id='par_1_96' title="bbox 1967 4186 3238 4255">
     <span class='ocr_line' id='line_1_96' title="bbox 1967 4186 3238 4255; baseline 0 -15"><span class='ocrx_word' id='word_1_659' title='bbox 1967 4186 2074 4241; x_wconf 90' lang='lat' dir='ltr'><strong>sibi</strong></span> <span class='ocrx_word' id='word_1_660' title='bbox 2099 4187 2399 4253; x_wconf 85' lang='lat' dir='ltr'><strong>adversari,</strong></span> <span class='ocrx_word' id='word_1_661' title='bbox 2431 4188 2573 4255; x_wconf 85' lang='lat' dir='ltr'><strong>quod</strong></span> <span class='ocrx_word' id='word_1_662' title='bbox 2605 4186 2882 4240; x_wconf 82' lang='lat' dir='ltr'><strong>neunullis</strong></span> <span class='ocrx_word' id='word_1_663' title='bbox 2918 4188 3098 4241; x_wconf 83' lang='lat' dir='ltr'><strong>visunt</strong></span> <span class='ocrx_word' id='word_1_664' title='bbox 3135 4197 3238 4242; x_wconf 83' lang='lat' dir='ltr'><strong>est.</strong></span> 
     </span>
    </p>
   </div>
   <div class='ocr_carea' id='block_1_97' title="bbox 2409 4295 3103 4352">
    <p class='ocr_par' dir='ltr' id='par_1_97' title="bbox 2409 4295 3103 4352">
     <span class='ocr_line' id='line_1_97' title="bbox 2409 4295 3103 4352; baseline 0.003 -5"><span class='ocrx_word' id='word_1_665' title='bbox 2409 4295 2834 4351; x_wconf 76' lang='lat' dir='ltr'><strong>DAMASCENI</strong></span> <span class='ocrx_word' id='word_1_666' title='bbox 2862 4297 3103 4352; x_wconf 70' lang='grc' dir='ltr'><strong>[ΜΕΤΑ.</strong></span> 
     </span>
    </p>
   </div>
   <div class='ocr_carea' id='block_1_98' title="bbox 1969 4409 3540 4480">
    <p class='ocr_par' dir='ltr' id='par_1_98' title="bbox 1969 4409 3540 4480">
     <span class='ocr_line' id='line_1_98' title="bbox 1969 4409 3540 4480; baseline 0.001 -15"><span class='ocrx_word' id='word_1_667' title='bbox 1969 4409 2027 4466; x_wconf 89' lang='lat' dir='ltr'><strong>S.</strong></span> <span class='ocrx_word' id='word_1_668' title='bbox 2049 4409 2276 4464; x_wconf 78' lang='lat' dir='ltr'><strong>Joannis</strong></span> <span class='ocrx_word' id='word_1_669' title='bbox 2301 4409 2617 4463; x_wconf 77' lang='lat' dir='ltr'><strong>Damasceni</strong></span> <span class='ocrx_word' id='word_1_670' title='bbox 2648 4426 2712 4463; x_wconf 72' lang='lat' dir='ltr'><strong>ex</strong></span> <span class='ocrx_word' id='word_1_671' title='bbox 2753 4411 2923 4478; x_wconf 77' lang='lat' dir='ltr'><strong>capite</strong></span> <span class='ocrx_word' id='word_1_672' title='bbox 2951 4412 2978 4460; x_wconf 80' lang='grc' dir='ltr'><strong><em>Ἰ</em></strong></span> <span class='ocrx_word' id='word_1_673' title='bbox 3009 4416 3070 4465; x_wconf 76' lang='lat' dir='ltr'><strong>de</strong></span> <span class='ocrx_word' id='word_1_674' title='bbox 3100 4411 3307 4480; x_wconf 70' lang='lat' dir='ltr'><strong>Spirim</strong></span> <span class='ocrx_word' id='word_1_675' title='bbox 3338 4427 3540 4467; x_wconf 71' lang='lat' dir='ltr'><strong>sancto.</strong></span> 
     </span>
    </p>
   </div>
   <div class='ocr_carea' id='block_1_99' title="bbox 2043 4592 3542 4666">
    <p class='ocr_par' dir='ltr' id='par_1_99' title="bbox 2043 4592 3542 4666">
     <span class='ocr_line' id='line_1_99' title="bbox 2043 4592 3542 4666; baseline 0.001 -14"><span class='ocrx_word' id='word_1_676' title='bbox 2043 4595 2327 4652; x_wconf 78' lang='lat' dir='ltr'><strong>CXXXIV.</strong></span> <span class='ocrx_word' id='word_1_677' title='bbox 2397 4615 2416 4648; x_wconf 77' lang='grc' dir='ltr'><strong>ι</strong></span> <span class='ocrx_word' id='word_1_678' title='bbox 2485 4597 2629 4650; x_wconf 87' lang='lat' dir='ltr'><strong>Suus</strong></span> <span class='ocrx_word' id='word_1_679' title='bbox 2685 4610 2904 4664; x_wconf 90' lang='lat' dir='ltr'><strong>quoque</strong></span> <span class='ocrx_word' id='word_1_680' title='bbox 2965 4593 3139 4649; x_wconf 87' lang='lat' dir='ltr'><strong>Verbo</strong></span> <span class='ocrx_word' id='word_1_681' title='bbox 3185 4592 3416 4666; x_wconf 86' lang='lat' dir='ltr'><strong>Spiritus</strong></span> <span class='ocrx_word' id='word_1_682' title='bbox 3471 4602 3542 4653; x_wconf 76' lang='lat' dir='ltr'><strong>sit</strong></span> 
     </span>
    </p>
   </div>
   <div class='ocr_carea' id='block_1_100' title="bbox 1977 4687 3541 4757">
    <p class='ocr_par' dir='ltr' id='par_1_100' title="bbox 1977 4687 3541 4757">
     <span class='ocr_line' id='line_1_100' title="bbox 1977 4687 3541 4757; baseline 0.003 -18"><span class='ocrx_word' id='word_1_683' title='bbox 1977 4706 1997 4739; x_wconf 74' lang='grc' dir='ltr'><strong>ι</strong></span> <span class='ocrx_word' id='word_1_684' title='bbox 2033 4697 2264 4757; x_wconf 89' lang='lat' dir='ltr'><strong>oportet.</strong></span> <span class='ocrx_word' id='word_1_685' title='bbox 2321 4687 2452 4742; x_wconf 87' lang='lat' dir='ltr'><strong>Nam</strong></span> <span class='ocrx_word' id='word_1_686' title='bbox 2494 4702 2593 4742; x_wconf 88' lang='lat' dir='ltr'><strong>nec</strong></span> <span class='ocrx_word' id='word_1_687' title='bbox 2622 4697 2805 4741; x_wconf 87' lang='lat' dir='ltr'><strong>noster</strong></span> <span class='ocrx_word' id='word_1_688' title='bbox 2837 4689 3056 4755; x_wconf 86' lang='lat' dir='ltr'><strong>quidem</strong></span> <span class='ocrx_word' id='word_1_689' title='bbox 3110 4703 3289 4742; x_wconf 88' lang='lat' dir='ltr'><strong>sermo</strong></span> <span class='ocrx_word' id='word_1_690' title='bbox 3311 4690 3541 4757; x_wconf 74' lang='lat' dir='ltr'><strong>Spiritus</strong></span> 
     </span>
    </p>
   </div>
   <div class='ocr_carea' id='block_1_101' title="bbox 1975 4779 3537 4850">
    <p class='ocr_par' dir='ltr' id='par_1_101' title="bbox 1975 4779 3537 4850">
     <span class='ocr_line' id='line_1_101' title="bbox 1975 4779 3537 4850; baseline -0.001 -17"><span class='ocrx_word' id='word_1_691' title='bbox 1975 4799 1994 4832; x_wconf 85' lang='lat' dir='ltr'><strong>t</strong></span> <span class='ocrx_word' id='word_1_692' title='bbox 2023 4795 2215 4850; x_wconf 83' lang='lat' dir='ltr'><strong>expers</strong></span> <span class='ocrx_word' id='word_1_693' title='bbox 2259 4789 2361 4835; x_wconf 89' lang='lat' dir='ltr'><strong>est.</strong></span> <span class='ocrx_word' id='word_1_694' title='bbox 2420 4779 2532 4833; x_wconf 85' lang='lat' dir='ltr'><strong>lluc</strong></span> <span class='ocrx_word' id='word_1_695' title='bbox 2579 4789 2758 4832; x_wconf 86' lang='lat' dir='ltr'><strong>autem</strong></span> <span class='ocrx_word' id='word_1_696' title='bbox 2792 4779 2931 4831; x_wconf 86' lang='lat' dir='ltr'><strong>inter</strong></span> <span class='ocrx_word' id='word_1_697' title='bbox 2962 4791 3257 4848; x_wconf 88' lang='lat' dir='ltr'><strong>utrumque</strong></span> <span class='ocrx_word' id='word_1_698' title='bbox 3290 4781 3537 4846; x_wconf 87' lang='lat' dir='ltr'><strong>interest,</strong></span> 
     </span>
    </p>
   </div>
   <div class='ocr_carea' id='block_1_102' title="bbox 1973 4871 3540 4941">
    <p class='ocr_par' dir='ltr' id='par_1_102' title="bbox 1973 4871 3540 4941">
     <span class='ocr_line' id='line_1_102' title="bbox 1973 4871 3540 4941; baseline 0.003 -20"><span class='ocrx_word' id='word_1_699' title='bbox 1973 4889 1992 4921; x_wconf 75' lang='grc' dir='ltr'><strong>ι</strong></span> <span class='ocrx_word' id='word_1_700' title='bbox 2031 4873 2175 4941; x_wconf 89' lang='lat' dir='ltr'><strong>quod</strong></span> <span class='ocrx_word' id='word_1_701' title='bbox 2208 4873 2258 4925; x_wconf 92' lang='lat' dir='ltr'><strong>in</strong></span> <span class='ocrx_word' id='word_1_702' title='bbox 2283 4873 2437 4925; x_wconf 90' lang='lat' dir='ltr'><strong>nobis</strong></span> <span class='ocrx_word' id='word_1_703' title='bbox 2466 4871 2691 4940; x_wconf 86' lang='lat' dir='ltr'><strong>spiritus</strong></span> <span class='ocrx_word' id='word_1_704' title='bbox 2720 4871 2785 4922; x_wconf 86' lang='lat' dir='ltr'><strong>ab</strong></span> <span class='ocrx_word' id='word_1_705' title='bbox 2819 4871 3053 4923; x_wconf 80' lang='lat' dir='ltr'><strong>essentia</strong></span> <span class='ocrx_word' id='word_1_706' title='bbox 3085 4881 3272 4923; x_wconf 81' lang='lat' dir='ltr'><strong>nostra</strong></span> <span class='ocrx_word' id='word_1_707' title='bbox 3330 4873 3540 4926; x_wconf 84' lang='lat' dir='ltr'><strong>alienus</strong></span> 
     </span>
    </p>
   </div>
   <div class='ocr_carea' id='block_1_103' title="bbox 1973 4961 3535 5030">
    <p class='ocr_par' dir='ltr' id='par_1_103' title="bbox 1973 4961 3535 5030">
     <span class='ocr_line' id='line_1_103' title="bbox 1973 4961 3535 5030; baseline 0.003 -18"><span class='ocrx_word' id='word_1_708' title='bbox 1973 4980 1992 5012; x_wconf 76' lang='grc' dir='ltr'><strong>ι</strong></span> <span class='ocrx_word' id='word_1_709' title='bbox 2033 4972 2132 5015; x_wconf 87' lang='lat' dir='ltr'><strong>est.</strong></span> <span class='ocrx_word' id='word_1_710' title='bbox 2168 4962 2534 5030; x_wconf 84' lang='lat' dir='ltr'><strong>Aerisquippe</strong></span> <span class='ocrx_word' id='word_1_711' title='bbox 2559 4961 2810 5013; x_wconf 86' lang='lat' dir='ltr'><strong>attractio</strong></span> <span class='ocrx_word' id='word_1_712' title='bbox 2835 4971 2885 5013; x_wconf 90' lang='lat' dir='ltr'><strong>et</strong></span> <span class='ocrx_word' id='word_1_713' title='bbox 2919 4971 3100 5014; x_wconf 87' lang='lat' dir='ltr'><strong>tuutus</strong></span> <span class='ocrx_word' id='word_1_714' title='bbox 3127 4969 3210 5016; x_wconf 87' lang='lat' dir='ltr'><strong>est</strong></span> <span class='ocrx_word' id='word_1_715' title='bbox 3243 4963 3332 5030; x_wconf 90' lang='lat' dir='ltr'><strong>qui</strong></span> <span class='ocrx_word' id='word_1_716' title='bbox 3356 4965 3535 5016; x_wconf 76' lang='lat' dir='ltr'><strong>tuendi</strong></span> 
     </span>
    </p>
   </div>
   <div class='ocr_carea' id='block_1_104' title="bbox 1969 5051 3534 5120">
    <p class='ocr_par' dir='ltr' id='par_1_104' title="bbox 1969 5051 3534 5120">
     <span class='ocr_line' id='line_1_104' title="bbox 1969 5051 3534 5120; baseline 0.001 -17"><span class='ocrx_word' id='word_1_717' title='bbox 1969 5070 1988 5103; x_wconf 74' lang='grc' dir='ltr'><strong>ι</strong></span> <span class='ocrx_word' id='word_1_718' title='bbox 2027 5052 2272 5119; x_wconf 88' lang='lat' dir='ltr'><strong>corporis</strong></span> <span class='ocrx_word' id='word_1_719' title='bbox 2301 5066 2463 5105; x_wconf 80' lang='lat' dir='ltr'><strong>causa</strong></span> <span class='ocrx_word' id='word_1_720' title='bbox 2486 5051 2727 5105; x_wconf 84' lang='lat' dir='ltr'><strong>vicissim</strong></span> <span class='ocrx_word' id='word_1_721' title='bbox 2746 5051 3042 5104; x_wconf 86' lang='lat' dir='ltr'><strong>attrahitur</strong></span> <span class='ocrx_word' id='word_1_722' title='bbox 3071 5061 3126 5104; x_wconf 72' lang='lat' dir='ltr'><strong>rt</strong></span> <span class='ocrx_word' id='word_1_723' title='bbox 3150 5052 3534 5120; x_wconf 82' lang='lat' dir='ltr'><strong>profunditur:</strong></span> 
     </span>
    </p>
   </div>
   <div class='ocr_carea' id='block_1_105' title="bbox 1967 5143 3532 5212">
    <p class='ocr_par' dir='ltr' id='par_1_105' title="bbox 1967 5143 3532 5212">
     <span class='ocr_line' id='line_1_105' title="bbox 1967 5143 3532 5212; baseline -0.001 -17"><span class='ocrx_word' id='word_1_724' title='bbox 1967 5163 1985 5195; x_wconf 73' lang='grc' dir='ltr'><strong>ι</strong></span> <span class='ocrx_word' id='word_1_725' title='bbox 2027 5159 2090 5198; x_wconf 90' lang='lat' dir='ltr'><strong>ac</strong></span> <span class='ocrx_word' id='word_1_726' title='bbox 2148 5143 2537 5212; x_wconf 89' lang='lat' dir='ltr'><strong>prolocutionis</strong></span> <span class='ocrx_word' id='word_1_727' title='bbox 2571 5152 2809 5211; x_wconf 89' lang='lat' dir='ltr'><strong>tempore</strong></span> <span class='ocrx_word' id='word_1_728' title='bbox 2841 5159 2944 5198; x_wconf 82' lang='lat' dir='ltr'><strong>vox</strong></span> <span class='ocrx_word' id='word_1_729' title='bbox 2974 5144 3244 5197; x_wconf 88' lang='lat' dir='ltr'><strong>sermonis</strong></span> <span class='ocrx_word' id='word_1_730' title='bbox 3280 5144 3532 5202; x_wconf 76' lang='lat' dir='ltr'><strong>efﬁcitur.</strong></span> 
     </span>
    </p>
   </div>
   <div class='ocr_carea' id='block_1_106' title="bbox 1964 5235 3531 5304">
    <p class='ocr_par' dir='ltr' id='par_1_106' title="bbox 1964 5235 3531 5304">
     <span class='ocr_line' id='line_1_106' title="bbox 1964 5235 3531 5304; baseline 0 -17"><span class='ocrx_word' id='word_1_731' title='bbox 1964 5253 1983 5287; x_wconf 77' lang='grc' dir='ltr'><strong>ι</strong></span> <span class='ocrx_word' id='word_1_732' title='bbox 2019 5237 2289 5290; x_wconf 89' lang='lat' dir='ltr'><strong>sermonis</strong></span> <span class='ocrx_word' id='word_1_733' title='bbox 2316 5237 2422 5288; x_wconf 87' lang='lat' dir='ltr'><strong>vim</strong></span> <span class='ocrx_word' id='word_1_734' title='bbox 2447 5235 2500 5288; x_wconf 93' lang='lat' dir='ltr'><strong>in</strong></span> <span class='ocrx_word' id='word_1_735' title='bbox 2519 5252 2577 5288; x_wconf 85' lang='lat' dir='ltr'><strong>se</strong></span> <span class='ocrx_word' id='word_1_736' title='bbox 2609 5235 2724 5304; x_wconf 87' lang='lat' dir='ltr'><strong>ipsa</strong></span> <span class='ocrx_word' id='word_1_737' title='bbox 2757 5237 2958 5288; x_wconf 79' lang='lat' dir='ltr'><strong>ferens.</strong></span> <span class='ocrx_word' id='word_1_738' title='bbox 2982 5238 3046 5287; x_wconf 74' lang='lat' dir='ltr'><strong>At</strong></span> <span class='ocrx_word' id='word_1_739' title='bbox 3070 5236 3319 5288; x_wconf 80' lang='lat' dir='ltr'><strong>iudiviua</strong></span> <span class='ocrx_word' id='word_1_740' title='bbox 3341 5242 3531 5287; x_wconf 79' lang='lat' dir='ltr'><strong>nauta</strong></span> 
     </span>
    </p>
   </div>
   <div class='ocr_carea' id='block_1_107' title="bbox 1965 5327 3527 5399">
    <p class='ocr_par' dir='ltr' id='par_1_107' title="bbox 1965 5327 3527 5399">
     <span class='ocr_line' id='line_1_107' title="bbox 1965 5327 3527 5399; baseline -0.003 -20"><span class='ocrx_word' id='word_1_741' title='bbox 1965 5346 1984 5379; x_wconf 72' lang='grc' dir='ltr'><strong>ι</strong></span> <span class='ocrx_word' id='word_1_742' title='bbox 2025 5343 2145 5397; x_wconf 66' lang='lat' dir='ltr'><strong>quae</strong></span> <span class='ocrx_word' id='word_1_743' title='bbox 2192 5327 2419 5399; x_wconf 81' lang='lat' dir='ltr'><strong>simplex</strong></span> <span class='ocrx_word' id='word_1_744' title='bbox 2485 5337 2537 5380; x_wconf 88' lang='lat' dir='ltr'><strong>et</strong></span> <span class='ocrx_word' id='word_1_745' title='bbox 2572 5328 2931 5395; x_wconf 83' lang='lat' dir='ltr'><strong>incomposita</strong></span> <span class='ocrx_word' id='word_1_746' title='bbox 2992 5337 3097 5389; x_wconf 87' lang='lat' dir='ltr'><strong>est,</strong></span> <span class='ocrx_word' id='word_1_747' title='bbox 3142 5329 3282 5394; x_wconf 80' lang='lat' dir='ltr'><strong>quod</strong></span> <span class='ocrx_word' id='word_1_748' title='bbox 3311 5328 3527 5393; x_wconf 81' lang='lat' dir='ltr'><strong>quidem</strong></span> 
     </span>
    </p>
   </div>
   <div class='ocr_carea' id='block_1_108' title="bbox 283 5410 1870 5488">
    <p class='ocr_par' dir='ltr' id='par_1_108' title="bbox 283 5410 1854 5486">
     <span class='ocr_line' id='line_1_108' title="bbox 283 5410 1854 5486; baseline -0.003 -18"><span class='ocrx_word' id='word_1_749' title='bbox 283 5437 300 5468; x_wconf 80' lang='grc' dir='ltr'><strong>ι</strong></span> <span class='ocrx_word' id='word_1_750' title='bbox 343 5434 421 5486; x_wconf 85' lang='grc' dir='ltr'><strong>μα</strong></span> <span class='ocrx_word' id='word_1_751' title='bbox 447 5417 584 5469; x_wconf 83' lang='grc' dir='ltr'>Θεοῦ</span> <span class='ocrx_word' id='word_1_752' title='bbox 610 5415 850 5476; x_wconf 78' lang='grc' dir='ltr'>εὐσεΰῶς</span> <span class='ocrx_word' id='word_1_753' title='bbox 880 5413 1260 5484; x_wconf 76' lang='grc' dir='ltr'>ὁμολογητέον,</span> <span class='ocrx_word' id='word_1_754' title='bbox 1298 5413 1384 5466; x_wconf 84' lang='grc' dir='ltr'>διὰ</span> <span class='ocrx_word' id='word_1_755' title='bbox 1408 5413 1465 5466; x_wconf 81' lang='grc' dir='ltr'><strong>τὸ</strong></span> <span class='ocrx_word' id='word_1_756' title='bbox 1491 5414 1567 5482; x_wconf 80' lang='grc' dir='ltr'>μὴ</span> <span class='ocrx_word' id='word_1_757' title='bbox 1592 5410 1732 5466; x_wconf 73' lang='grc' dir='ltr'>εἶναι</span> <span class='ocrx_word' id='word_1_758' title='bbox 1761 5414 1854 5466; x_wconf 81' lang='grc' dir='ltr'><strong>τὸν</strong></span> 
     </span>
    </p>
   </div>
   <div class='ocr_carea' id='block_1_109' title="bbox 1984 5410 3532 5488">
    <p class='ocr_par' dir='ltr' id='par_1_109' title="bbox 2022 5418 3532 5488">
     <span class='ocr_line' id='line_1_109' title="bbox 2022 5418 3532 5488; baseline -0.003 -16"><span class='ocrx_word' id='word_1_759' title='bbox 2022 5419 2112 5472; x_wconf 91' lang='lat' dir='ltr'><strong>Dei</strong></span> <span class='ocrx_word' id='word_1_760' title='bbox 2185 5418 2423 5488; x_wconf 85' lang='lat' dir='ltr'><strong>Spiritus</strong></span> <span class='ocrx_word' id='word_1_761' title='bbox 2483 5420 2575 5483; x_wconf 89' lang='lat' dir='ltr'><strong>sit,</strong></span> <span class='ocrx_word' id='word_1_762' title='bbox 2635 5420 2718 5485; x_wconf 88' lang='lat' dir='ltr'><strong>pie</strong></span> <span class='ocrx_word' id='word_1_763' title='bbox 2758 5418 3122 5476; x_wconf 80' lang='lat' dir='ltr'><strong>conﬁtendum</strong></span> <span class='ocrx_word' id='word_1_764' title='bbox 3165 5426 3289 5478; x_wconf 70' lang='lat' dir='ltr'><strong>est,</strong></span> <span class='ocrx_word' id='word_1_765' title='bbox 3357 5430 3532 5481; x_wconf 83' lang='lat' dir='ltr'><strong>neque</strong></span> 
     </span>
    </p>
   </div>
   <div class='ocr_carea' id='block_1_110' title="bbox 283 5506 1848 5576">
    <p class='ocr_par' dir='ltr' id='par_1_110' title="bbox 283 5506 1848 5576">
     <span class='ocr_line' id='line_1_110' title="bbox 283 5506 1848 5576; baseline -0.004 -13"><span class='ocrx_word' id='word_1_766' title='bbox 283 5529 305 5563; x_wconf 77' lang='grc' dir='ltr'><strong>ι</strong></span> <span class='ocrx_word' id='word_1_767' title='bbox 334 5510 427 5562; x_wconf 84' lang='grc' dir='ltr'><strong>τοῦ</strong></span> <span class='ocrx_word' id='word_1_768' title='bbox 462 5508 597 5560; x_wconf 83' lang='grc' dir='ltr'>Θεοῦ</span> <span class='ocrx_word' id='word_1_769' title='bbox 652 5508 808 5575; x_wconf 81' lang='grc' dir='ltr'>λόγον</span> <span class='ocrx_word' id='word_1_770' title='bbox 839 5506 1218 5574; x_wconf 75' lang='grc' dir='ltr'>ἐλλιπέστερον</span> <span class='ocrx_word' id='word_1_771' title='bbox 1247 5507 1340 5558; x_wconf 86' lang='grc' dir='ltr'><strong>τοῦ</strong></span> <span class='ocrx_word' id='word_1_772' title='bbox 1371 5507 1640 5576; x_wconf 81' lang='grc' dir='ltr'>ἡμετέρου</span> <span class='ocrx_word' id='word_1_773' title='bbox 1670 5507 1848 5572; x_wconf 84' lang='grc' dir='ltr'>λόγου,</span> 
     </span>
    </p>
   </div>
   <div class='ocr_carea' id='block_1_111' title="bbox 282 5598 1850 5668">
    <p class='ocr_par' dir='ltr' id='par_1_111' title="bbox 282 5598 1850 5668">
     <span class='ocr_line' id='line_1_111' title="bbox 282 5598 1850 5668; baseline -0.001 -18"><span class='ocrx_word' id='word_1_774' title='bbox 282 5618 301 5650; x_wconf 83' lang='lat' dir='ltr'><strong>t</strong></span> <span class='ocrx_word' id='word_1_775' title='bbox 342 5602 442 5653; x_wconf 77' lang='grc' dir='ltr'><strong>οὐκ</strong></span> <span class='ocrx_word' id='word_1_776' title='bbox 468 5601 584 5651; x_wconf 75' lang='grc' dir='ltr'>ἔστι</span> <span class='ocrx_word' id='word_1_777' title='bbox 631 5599 689 5652; x_wconf 78' lang='grc' dir='ltr'>δὲ</span> <span class='ocrx_word' id='word_1_778' title='bbox 753 5598 975 5660; x_wconf 75' lang='grc' dir='ltr'>εὐσεϐὲς</span> <span class='ocrx_word' id='word_1_779' title='bbox 1030 5599 1310 5668; x_wconf 84' lang='grc' dir='ltr'>ἀλλότριόν</span> <span class='ocrx_word' id='word_1_780' title='bbox 1342 5617 1393 5650; x_wconf 83' lang='grc' dir='ltr'><strong>τι</strong></span> <span class='ocrx_word' id='word_1_781' title='bbox 1430 5599 1628 5662; x_wconf 77' lang='grc' dir='ltr'>ἔξωθεν</span> <span class='ocrx_word' id='word_1_782' title='bbox 1667 5600 1850 5652; x_wconf 80' lang='grc' dir='ltr'>ἐπεισ-</span> 
     </span>
    </p>
   </div>
   <div class='ocr_carea' id='block_1_112' title="bbox 283 5690 1843 5761">
    <p class='ocr_par' dir='ltr' id='par_1_112' title="bbox 283 5690 1843 5761">
     <span class='ocr_line' id='line_1_112' title="bbox 283 5690 1843 5761; baseline 0 -20"><span class='ocrx_word' id='word_1_783' title='bbox 283 5709 301 5741; x_wconf 81' lang='lat' dir='ltr'><strong>t</strong></span> <span class='ocrx_word' id='word_1_784' title='bbox 337 5694 631 5760; x_wconf 81' lang='grc' dir='ltr'>ερχόμενον</span> <span class='ocrx_word' id='word_1_785' title='bbox 677 5692 756 5761; x_wconf 83' lang='grc' dir='ltr'><strong>τῷ</strong></span> <span class='ocrx_word' id='word_1_786' title='bbox 785 5691 904 5759; x_wconf 86' lang='grc' dir='ltr'>Θεῷ</span> <span class='ocrx_word' id='word_1_787' title='bbox 945 5692 1002 5743; x_wconf 84' lang='grc' dir='ltr'><strong>τὸ</strong></span> <span class='ocrx_word' id='word_1_788' title='bbox 1029 5690 1250 5760; x_wconf 87' lang='grc' dir='ltr'>Πνεῦμα</span> <span class='ocrx_word' id='word_1_789' title='bbox 1273 5691 1606 5760; x_wconf 75' lang='grc' dir='ltr'>λογίζεσθαι,</span> <span class='ocrx_word' id='word_1_790' title='bbox 1641 5690 1716 5753; x_wconf 86' lang='grc' dir='ltr'><strong>ὡς</strong></span> <span class='ocrx_word' id='word_1_791' title='bbox 1750 5691 1843 5743; x_wconf 79' lang='grc' dir='ltr'>καὶ</span> 
     </span>
    </p>
   </div>
   <div class='ocr_carea' id='block_1_113' title="bbox 280 5782 1844 5853">
    <p class='ocr_par' dir='ltr' id='par_1_113' title="bbox 280 5782 1844 5853">
     <span class='ocr_line' id='line_1_113' title="bbox 280 5782 1844 5853; baseline 0.001 -21"><span class='ocrx_word' id='word_1_792' title='bbox 280 5801 298 5832; x_wconf 72' lang='grc' dir='ltr'><strong>ι</strong></span> <span class='ocrx_word' id='word_1_793' title='bbox 346 5787 428 5851; x_wconf 68' lang='grc' dir='ltr'><strong>ἐφ’</strong></span> <span class='ocrx_word' id='word_1_794' title='bbox 463 5785 622 5853; x_wconf 79' lang='grc' dir='ltr'>ἡμῶν</span> <span class='ocrx_word' id='word_1_795' title='bbox 661 5787 767 5837; x_wconf 85' lang='grc' dir='ltr'>τῶν</span> <span class='ocrx_word' id='word_1_796' title='bbox 797 5783 1085 5839; x_wconf 83' lang='grc' dir='ltr'>συνθέτων.</span> <span class='ocrx_word' id='word_1_797' title='bbox 1131 5783 1268 5837; x_wconf 81' lang='grc' dir='ltr'>Ἀλλ’</span> <span class='ocrx_word' id='word_1_798' title='bbox 1302 5783 1488 5853; x_wconf 83' lang='grc' dir='ltr'>ὥσπερ</span> <span class='ocrx_word' id='word_1_799' title='bbox 1525 5784 1660 5838; x_wconf 78' lang='grc' dir='ltr'>Θεοῦ</span> <span class='ocrx_word' id='word_1_800' title='bbox 1687 5782 1844 5851; x_wconf 84' lang='grc' dir='ltr'>λόγον</span> 
     </span>
    </p>
   </div>
   <div class='ocr_carea' id='block_1_114' title="bbox 1962 5508 3527 5573">
    <p class='ocr_par' dir='ltr' id='par_1_114' title="bbox 1962 5508 3527 5573">
     <span class='ocr_line' id='line_1_114' title="bbox 1962 5508 3527 5573; baseline -0.003 -11"><span class='ocrx_word' id='word_1_801' title='bbox 1962 5529 1981 5562; x_wconf 81' lang='lat' dir='ltr'><strong>t</strong></span> <span class='ocrx_word' id='word_1_802' title='bbox 2013 5511 2159 5565; x_wconf 90' lang='lat' dir='ltr'><strong>enim</strong></span> <span class='ocrx_word' id='word_1_803' title='bbox 2212 5510 2304 5564; x_wconf 86' lang='lat' dir='ltr'><strong>Dei</strong></span> <span class='ocrx_word' id='word_1_804' title='bbox 2356 5512 2576 5564; x_wconf 83' lang='lat' dir='ltr'><strong>verbum</strong></span> <span class='ocrx_word' id='word_1_805' title='bbox 2609 5525 2858 5564; x_wconf 89' lang='lat' dir='ltr'><strong>sermone</strong></span> <span class='ocrx_word' id='word_1_806' title='bbox 2897 5518 3081 5563; x_wconf 88' lang='lat' dir='ltr'><strong>nostro</strong></span> <span class='ocrx_word' id='word_1_807' title='bbox 3129 5508 3307 5559; x_wconf 87' lang='lat' dir='ltr'><strong>minus</strong></span> <span class='ocrx_word' id='word_1_808' title='bbox 3353 5509 3527 5573; x_wconf 80' lang='lat' dir='ltr'><strong>perie-</strong></span> 
     </span>
    </p>
   </div>
   <div class='ocr_carea' id='block_1_115' title="bbox 1960 5597 3524 5664">
    <p class='ocr_par' dir='ltr' id='par_1_115' title="bbox 1960 5597 3524 5664">
     <span class='ocr_line' id='line_1_115' title="bbox 1960 5597 3524 5664; baseline -0.001 -14"><span class='ocrx_word' id='word_1_809' title='bbox 1960 5620 1978 5650; x_wconf 72' lang='grc' dir='ltr'><strong>ι</strong></span> <span class='ocrx_word' id='word_1_810' title='bbox 2011 5613 2157 5654; x_wconf 85' lang='lat' dir='ltr'><strong>etum</strong></span> <span class='ocrx_word' id='word_1_811' title='bbox 2189 5610 2291 5655; x_wconf 84' lang='lat' dir='ltr'><strong>est.</strong></span> <span class='ocrx_word' id='word_1_812' title='bbox 2322 5600 2588 5654; x_wconf 74' lang='lat' dir='ltr'><strong>Caeterum</strong></span> <span class='ocrx_word' id='word_1_813' title='bbox 2646 5601 2960 5652; x_wconf 80' lang='lat' dir='ltr'><strong>existimare</strong></span> <span class='ocrx_word' id='word_1_814' title='bbox 3008 5598 3260 5664; x_wconf 87' lang='lat' dir='ltr'><strong>spiritum</strong></span> <span class='ocrx_word' id='word_1_815' title='bbox 3289 5597 3524 5649; x_wconf 67' lang='lat' dir='ltr'><strong>alienam</strong></span> 
     </span>
    </p>
   </div>
   <div class='ocr_carea' id='block_1_116' title="bbox 1960 5685 3525 5758">
    <p class='ocr_par' dir='ltr' id='par_1_116' title="bbox 1960 5685 3525 5758">
     <span class='ocr_line' id='line_1_116' title="bbox 1960 5685 3525 5758; baseline -0.001 -19"><span class='ocrx_word' id='word_1_816' title='bbox 1960 5707 1977 5739; x_wconf 82' lang='grc' dir='ltr'><strong>ι</strong></span> <span class='ocrx_word' id='word_1_817' title='bbox 2016 5689 2272 5758; x_wconf 85' lang='lat' dir='ltr'><strong>quiddam</strong></span> <span class='ocrx_word' id='word_1_818' title='bbox 2329 5706 2469 5756; x_wconf 87' lang='lat' dir='ltr'><strong>esse,</strong></span> <span class='ocrx_word' id='word_1_819' title='bbox 2526 5691 2667 5758; x_wconf 87' lang='lat' dir='ltr'><strong>quod</strong></span> <span class='ocrx_word' id='word_1_820' title='bbox 2719 5688 2826 5739; x_wconf 88' lang='lat' dir='ltr'><strong>Deo</strong></span> <span class='ocrx_word' id='word_1_821' title='bbox 2881 5687 3221 5739; x_wconf 75' lang='lat' dir='ltr'><strong>extrinsecus</strong></span> <span class='ocrx_word' id='word_1_822' title='bbox 3253 5685 3525 5751; x_wconf 83' lang='lat' dir='ltr'><strong>advetnat,</strong></span> 
     </span>
    </p>
   </div>
   <div class='ocr_carea' id='block_1_117' title="bbox 1959 5778 3522 5848">
    <p class='ocr_par' dir='ltr' id='par_1_117' title="bbox 1959 5778 3522 5848">
     <span class='ocr_line' id='line_1_117' title="bbox 1959 5778 3522 5848; baseline -0.002 -16"><span class='ocrx_word' id='word_1_823' title='bbox 1959 5799 1976 5832; x_wconf 77' lang='grc' dir='ltr'><strong>ι</strong></span> <span class='ocrx_word' id='word_1_824' title='bbox 2017 5793 2070 5835; x_wconf 93' lang='lat' dir='ltr'><strong>ut</strong></span> <span class='ocrx_word' id='word_1_825' title='bbox 2135 5780 2186 5834; x_wconf 88' lang='lat' dir='ltr'><strong>in</strong></span> <span class='ocrx_word' id='word_1_826' title='bbox 2235 5781 2390 5836; x_wconf 86' lang='lat' dir='ltr'><strong>nobis</strong></span> <span class='ocrx_word' id='word_1_827' title='bbox 2447 5795 2677 5848; x_wconf 83' lang='lat' dir='ltr'><strong>quorum</strong></span> <span class='ocrx_word' id='word_1_828' title='bbox 2731 5778 3027 5845; x_wconf 64' lang='lat' dir='ltr'><strong>composita</strong></span> <span class='ocrx_word' id='word_1_829' title='bbox 3082 5786 3275 5829; x_wconf 74' lang='lat' dir='ltr'><strong>natura</strong></span> <span class='ocrx_word' id='word_1_830' title='bbox 3331 5788 3433 5841; x_wconf 72' lang='lat' dir='ltr'><strong>est,</strong></span> <span class='ocrx_word' id='word_1_831' title='bbox 3494 5794 3522 5829; x_wconf 84' lang='lat' dir='ltr'><strong>a</strong></span> 
     </span>
    </p>
   </div>
   <div class='ocr_carea' id='block_1_118' title="bbox 2091 5869 2127 5908">
    <p class='ocr_par' dir='ltr' id='par_1_118' title="bbox 2091 5869 2127 5908">
     <span class='ocr_line' id='line_1_118' title="bbox 2091 5869 2127 5908; baseline 0 0"><span class='ocrx_word' id='word_1_832' title='bbox 2091 5869 2127 5908; x_wconf 70' lang='grc' dir='ltr'><strong>ο</strong></span> 
     </span>
    </p>
   </div>
  </div>
