3958 6448
429 402 537 473 583

1440 378 1657 465 ἸΟΑΝ.
1691 405 1911 468 VECCl
1947 405 2058 465 (ΖΡ.
2096 403 2605 465 PATRIARCHAE

3560 396 3667 460 δδι

435 547 456 579 ι
503 525 700 595 pietate
754 520 1030 576 abhorret.
1060 516 1200 584 Quin
1246 515 1448 585 potius,
1499 527 1577 581 ut,
1604 533 1727 572 cum
1761 517 1856 572 Dei
1883 533 1997 573 ver-

2110 534 2129 569 ι
2171 516 2486 581 ἀκούοντες,
2544 516 2643 573 οὐκ
2683 513 3073 576 ἀνυπόστατον,
3115 510 3236 566 οὐδὲ
3268 512 3335 565 ὲκ
3378 511 3670 581 μαθήσεως

443 637 462 668 ς
497 617 624 671 bum
681 611 1116 676 audimus,«non
1155 606 1462 675 hujusmodi
1496 607 1721 663 verbum
1755 622 1876 663 esse
1912 624 2002 661 ar-

437 726 458 758 ι
496 705 777 764 bitramur,
805 699 951 769 quod
989 698 1070 751 vel
1100 696 1408 752 substantia
1441 707 1649 763 careat,
1680 697 1767 752 vel
1801 697 2001 752 doctri-

437 815 456 847 ι
503 810 573 849 na
597 801 963 860 comparetur,
1028 790 1113 844 vel
1155 803 1251 859 per
1281 803 1470 843 vocem
1511 787 1788 854 ederatur,
1820 789 1905 843 vel
1944 789 1999 843 in

439 906 458 939 ι
499 884 977 945 aeremdilabatur,
1012 889 1403 947 etevanescat;
1434 880 1527 935 sed
1545 880 2001 950 quodessentiali-

434 996 453 1029 ι
501 986 580 1031 ter
611 974 861 1037 exsistat,
911 988 975 1027 ac
1006 971 1289 1026 voluntate
1337 970 1625 1040 praeditum
1677 970 1768 1034 sit,
1798 978 1853 1024 et
1890 970 2001 1024 elli-

434 1085 454 1119 ι
494 1082 615 1131 cax,
645 1074 810 1135 atque
849 1063 1199 1133 omnipatens
1232 1078 1245 1115 :
1273 1061 1464 1116 eodem
1519 1060 1683 1116 modo
1726 1076 1848 1116 cum
1905 1060 1999 1116 Dei

432 1173 452 1206 ι
495 1153 786 1224 Spiritum,
838 1150 1078 1205 Verbum
1099 1149 1477 1213 comitantem,
1514 1147 1793 1218 ipsiusque
1810 1164 2001 1219 opera-

430 1264 450 1297 ‹
492 1245 697 1299 tionem
727 1242 1093 1297 declarantem
1122 1240 1397 1303 audimus,
1434 1254 1541 1293 non
1585 1238 1773 1293 ﬂatum
1800 1255 1998 1310 quem~

432 1353 451 1386 ι
504 1335 629 1390 dam
667 1333 980 1390 substantia
1009 1339 1285 1386 carentem
1310 1331 1496 1385 animo
1514 1331 1674 1386 nobis
1705 1331 1996 1401 ﬁngimus:

432 1445 450 1477 ι
496 1427 569 1480 ita
607 1424 752 1479 enim
784 1423 983 1477 divinae
1014 1431 1221 1476 naturae
1263 1421 1589 1491 amplitudo,
1637 1431 1801 1492 atque
1824 1421 1995 1491 maje-

433 1533 452 1567 ι
495 1524 608 1570 stas
662 1514 715 1567 in
745 1513 1110 1567 humilitatem
1160 1511 1580 1581 deprimeretur,
1625 1513 1673 1567 si
1705 1512 1996 1582 Spiritum,

433 1623 455 1659 ι
487 1606 579 1676 qui
610 1605 663 1658 in
708 1619 772 1659 ea
810 1611 912 1664 est,
942 1618 1127 1673 parem
1172 1602 1387 1671 spiritui
1428 1614 1619 1658 nostro
1665 1618 1789 1659 esse
1821 1603 1998 1674 conji-

433 1714 452 1747 ι
495 1710 769 1758 ceremus,
800 1694 893 1748 sed
926 1695 1035 1746 vim
1088 1693 1458 1758 essentialem,
1512 1709 1741 1762 quaeque
1778 1708 2000 1763 separa-

433 1804 452 1838 ι
494 1787 612 1848 tim,
667 1796 832 1853 atque
905 1785 958 1837 in
999 1782 1217 1853 propria
1270 1783 1545 1853 hypostasi
1601 1784 1998 1851 consideretur,

431 1896 450 1929 ι
486 1886 648 1945 atque
687 1891 715 1929 a
763 1875 925 1929 Patre
983 1862 1388 1944 progrediatur,
1443 1884 1497 1928 et
1550 1875 1604 1928 in
1643 1875 1808 1929 verbo
1861 1890 1993 1929 con-
2027 1866 2066 1919 Β

431 1987 451 2021 ι
487 1968 756 2038 quiescat,
799 1966 1086 2034 ipsumque
1129 1965 1388 2029 declaret,
1429 1974 1482 2019 et
1519 1965 1789 2033 exprimat
1824 1982 1838 2018 :
1875 1980 1997 2035 quae

431 2078 450 2111 ι
488 2068 751 2130 praeterea
794 2072 896 2112 nec
938 2071 970 2110 a
1016 2056 1143 2121 Deo,
1185 2055 1239 2109 in
1282 2070 1391 2124 quo
1439 2063 1544 2120 est,
1584 2056 1786 2120 divelli,
1836 2072 1938 2111 nec
1968 2073 1997 2109 a

430 2171 450 2204 ι
488 2151 691 2217 Verbo,
724 2148 884 2217 cujus
918 2161 1101 2202 comes
1130 2155 1234 2211 est,
1269 2146 1509 2214 disjttngi
1562 2157 1745 2214 queat,
1777 2161 1879 2201 nec
1905 2147 1998 2201 de-

429 2261 449 2294 ι
488 2242 651 2309 nique
694 2242 767 2295 ita
809 2239 1103 2302 dilabatur,
1167 2246 1229 2291 ut
1287 2237 1512 2291 omnino
1571 2253 1693 2293 esse
1763 2238 2000 2302 desinat,

429 2349 448 2382 ‹
484 2346 671 2385 verum
724 2343 879 2398 aeque
933 2342 998 2381 ac
1033 2324 1271 2381 Verbum
1322 2326 1573 2387 exsistat.
1622 2327 1793 2394 vivat,
1845 2327 2001 2390 velit,

429 2440 448 2472 ι
488 2430 679 2489 suapte
727 2420 780 2472 vi
830 2425 1135 2482 moveatur,
1191 2425 1466 2486 operetur,
1519 2418 1722 2472 bonum
1777 2432 1995 2488 semper

429 2530 450 2565 ι
490 2512 635 2577 velit,
666 2518 832 2580 atque
867 2509 934 2562 ad
965 2509 1016 2562 id
1049 2524 1210 2563 omne
1240 2507 1387 2579 quod
1424 2510 1707 2577 pr0posuit
1759 2510 1997 2579 conjun-

428 2611 622 2657 cctam
648 2616 772 2655 cum
798 2600 1077 2653 voluntate
1104 2599 1405 2667 potentiam
1436 2599 1655 2663 habeat,
1692 2615 1867 2670 eaque
1899 2615 1993 2653 na-

430 2712 447 2745 ι
494 2702 616 2747 tura
649 2691 739 2760 sit,
768 2702 828 2746 ut
856 2706 957 2745 nec
1002 2689 1335 2759 principium
1365 2690 1635 2752 habuerit,
1696 2705 1796 2745 nec
1830 2690 1992 2744 ﬁnem

430 2799 449 2832 ι
490 2780 739 2835 habitura
775 2782 862 2836 sit.
900 2778 1084 2849 Neque
1127 2781 1270 2833 enim
1296 2778 1440 2833 Patri
1477 2777 1714 2835 Verbum
1754 2796 1996 2851 unquam

428 2892 447 2924 ι
487 2873 679 2937 defuit,
717 2887 817 2927 nec
850 2871 1029 2927 Verbo
1078 2870 1338 2937 Spiritus.
1366 2870 1441 2924 Ita
1480 2886 1575 2939 per
1613 2879 1819 2925 natura:
1877 2874 1998 2926 uni-

430 2990 447 3020 ι
496 2973 658 3018 tatem
706 2963 998 3019 Gentilium
1045 2963 1245 3017 multos
1275 2961 1409 3015 deos
1447 2962 1809 3015 asserentium
1842 2976 1999 3015 error

2109 627 2129 659 ι
2167 607 2609 679 προσγινόμενον,
2660 603 2914 660 οὐδὲ’διὰ
2968 605 3150 673 φωνῆς
3203 603 3669 673 προσφερόμενον,

2106 720 2124 753 ι
2160 699 2280 752 οὐδὲ
2304 700 2382 763 εἰς
2410 699 2551 770 ἀέρα
2587 698 2844 769 χεόμενον
2875 696 2972 752 καὶ
3006 696 3354 762 διαλυόμενον
3377 694 3669 765 ᾠήθημεν,

2107 810 2126 842 ι
2165 790 2279 846 ἀλλ’
2352 789 2623 851 οὐσιωδῶς
2656 787 2941 857 ὑφεστῶτα
3013 785 3396 858 πρωιρετικόν
3457 800 3520 837 τε
3571 784 3673 838 καὶ

2109 901 2129 936 ι
2161 883 2405 954 ὲνεργδν,
2468 883 2567 936 καὶ
2617 880 3046 948 παντοδὺναμον,
3104 878 3248 932 οὕτω
3275 877 3374 931 καὶ
3440 874 3675 947 Πνεῦμα

2107 990 2125 1024 ι
2172 971 2549 1043 μεμαθηκότες
2571 970 2732 1036 Θεοῦ,
2769 970 2831 1024 τὸ
2869 965 3370 1038 συμπαρομαρτοῦν
3399 965 3477 1037 τῷ
3499 966 3670 1035 λόγῳ,

2104 1080 2125 1115 ι
2170 1063 2266 1116 καὶ
2294 1063 2563 1132 φανεροῦν
2599 1060 2762 1115 αὐτοῦ
2789 1059 2887 1131 τὴν
2904 1059 3205 1127 ἐνέργειαν,
3241 1056 3304 1111 οὐ
3338 1056 3510 1127 πνοὴν
3542 1057 3675 1109 ἁνυ-

2106 1171 2126 1207 t
2163 1154 2429 1209 πόστατον
2458 1152 2763 1219 ἐννοοῦμεν.
2792 1150 2947 1204 Οὕτω
2968 1148 3078 1219 γὰρ
3099 1148 3165 1203 ἂν
3182 1147 3506 1202 καθίσταται
3532 1145 3678 1215 πρὸς

2107 1265 2126 1297 ι
2157 1244 2517 1313 ταπεινότητα
2571 1243 2633 1295 τὸ
2690 1240 2977 1311 μεγαλεῖον
3033 1237 3134 1305 τῆς
3169 1236 3320 1300 θείας
3347 1237 3585 1306 φύσεως,
3624 1239 3677 1291 εἰ

2106 1355 2126 1388 ι
2164 1336 2286 1390 καθ’
2343 1336 2635 1407 ὁμοιότητα
2679 1332 2774 1386 τοῦ
2802 1331 3076 1403 ἡμετέρου
3104 1328 3415 1400 πνεῦματος
3456 1328 3554 1382 καὶ
3610 1330 3675 1382 τὸ

2109 1447 2129 1480 ι
2159 1430 2217 1482 ὲν
2239 1430 2390 1497 αὑτῷ
2417 1426 2644 1495 Πνεῦμα
2666 1427 2967 1487 ὑπονοοῖτο,
2993 1423 3129 1476 ἀλλὰ
3148 1421 3377 1489 δύναμιν
3410 1421 3673 1492 οὐσιὼόη,

2108 1538 2127 1571 ι
2165 1519 2330 1589 αὐτὴν
2355 1517 2440 1588 ἐφ’
2466 1518 2664 1587 ἑαυτῆς
2692 1516 2750 1568 ὲν
2784 1513 3061 1584 ἰδιαζούσῃ
3097 1512 3388 1565 ὑποστάσει
3428 1511 3676 1581 θεωρου-

2107 1628 2127 1662 ἰ
2162 1610 2351 1679 μένην,
2397 1609 2462 1660 ἐκ
2505 1605 2601 1659 τοῦ
2649 1605 2863 1674 Πατρδς
2890 1603 3325 1674 προερχομένην,
3379 1604 3474 1657 καὶ
3506 1604 3567 1655 ἐν
3601 1603 3678 1673 τῷ

2107 1721 2127 1753 ι
2163 1700 2306 1769 λόγῳ
2369 1698 2809 1766 ἁναπαυομένην,
2847 1698 2941 1748 καὶ
2978 1695 3147 1764 αὐτὴν
3211 1694 3376 1748 οὖσαν
3418 1696 3676 1762 ἐκφαντιο

2108 1810 2127 1843 ι
2163 1793 2283 1861 κήν,
2323 1788 2446 1842 οὔτε
2500 1787 2836 1859 χωρισθῆναι
2889 1787 2984 1839 τοῦ
3033 1785 3189 1851 Θεοῦ,
3231 1789 3289 1840 ὲν
3316 1781 3362 1854 ᾧ
3410 1787 3554 1848 ἔστι,
3580 1789 3676 1840 καὶ

2102 1899 2121 1934 ι
2156 1880 2250 1934 τοῦ
2291 1881 2474 1947 λόγου,
2513 1872 2558 1946 ᾧ
2617 1878 3076 1947 συμπαρομαρτεϊ
3137 1876 3442 1948 δυναμένην
3472 1916 3489 1943 ,
3544 1876 3671 1931 οὔτε

2102 1990 2122 2023 ι
2161 1971 2298 2041 πρὸς
2319 1970 2379 2023 τὸ
2404 1968 2750 2039 ἀνύπαρκτον
2776 1967 3172 2038 ἀναχεομένην,
3199 1966 3333 2020 ἀλλὰ
3350 1966 3473 2019 καθ’
3492 1968 3669 2037 ὁμοιό-

2106 2079 2124 2111 ι
2154 2077 2295 2130 τητα
2349 2060 2443 2112 τοῦ
2491 2057 2649 2127 λόγου
2702 2057 2825 2110 καθ’
2876 2057 3171 2111 ὑπόστασιν
3199 2054 3407 2124 οὖσαν,
3467 2057 3656 2122 ζῶσαν,

2104 2164 2122 2195 t
2156 2148 2570 2219 προαιρετικὴν,
2622 2147 2973 2217 αὐτοκίνητον
2996 2184 3011 2210 ,
3053 2146 3297 2216 ἐνεργὸν,
3348 2148 3575 2200 πάντοτε
3604 2148 3661 2200 ab

2105 2257 2125 2291 ι
2161 2238 2364 2307 ἀγαθὸν
2397 2239 2674 2304 θέλουσαν,
2698 2239 2792 2292 καὶ
2823 2239 2958 2309 πρὶς
2982 2240 3161 2292 πᾶσαν
3199 2237 3418 2309 θέλησιν
3453 2238 3671 2308 σύνδρο-

2104 2347 2122 2381 ι
2171 2347 2271 2400 μον
2295 2329 2524 2400 ἔχουσαν
2556 2333 2621 2400 τῇ
2672 2328 2920 2400 βουλήσει
2956 2329 3055 2400 τὴν
3100 2328 3349 2399 δύναμιν,
3385 2331 3525 2399 μήτε
3581 2331 3675 2398 ἁρ-

2106 2439 2125 2473 ι
2165 2421 2265 2492 χὴν
2317 2422 2564 2491 ἔχουσαν,
2625 2422 2759 2493 μήτε
2812 2421 2985 2487 τέλος,
3008 2422 3067 2473 οὐ
3130 2422 3240 2492 γὰρ
3272 2422 3490 2475 ἐνέλιπὲ
3541 2438 3675 2476 ποτε

2106 2529 2124 2563 ι
2158 2512 2234 2582 τῷ
2274 2513 2444 2582 Πατρὶ
2479 2511 2652 2579 λόγος,
2707 2510 2827 2564 οὔτε
2850 2511 2925 2582 τῷ
2957 2512 3098 2582 λόγῳ
3125 2512 3367 2580 πνεῦμα.
3395 2513 3556 2567 Οὕτω
3586 2516 3676 2568 διὰ

2106 2620 2125 2653 ι
2161 2602 2258 2670 μὲν
2286 2603 2384 2671 τῆς
2455 2601 2592 2654 κατὰ
2654 2601 2816 2669 φύσιν
2864 2601 3113 2671 ὲνότητος
3170 2604 3204 2672 ἡ
3262 2601 3526 2666 πολῦϐεος
3564 2606 3674 2657 τῶν

2106 2710 2125 2743 ι
2168 2691 2435 2760 Ἑλλήνων
2489 2691 2873 2759 ὲξαφανέζεται
2908 2692 3102 2762 πλάνη,
3132 2692 3219 2747 διὰ
3255 2693 3312 2747 δὲ
3335 2694 3433 2765 τῆς
3458 2694 3555 2746 τοῦ
3588 2694 3677 2747 λόε-

2109 2803 2127 2835 ι
2159 2801 2255 2853 γου
2294 2784 2603 2854 παραδοχῆς
2638 2784 2729 2837 καὶ
2761 2784 2852 2837 τοῦ
2881 2783 3190 2854 Πνεῦματος
3251 2785 3359 2836 τῶν
3401 2783 3675 2837 Ἰουδαίων

2108 2892 2127 2925 ι
2174 2874 2518 2943 καθαιρεῖται
2547 2876 2608 2927 τὸ
2642 2875 2838 2943 δόγμα,
2864 2877 3126 2947 ἑκατέρας
3182 2893 3240 2928 τε
3273 2874 3542 2945 αἱρέσεως
3567 2894 3675 2929 πα-

2109 2980 2128 3013 (
2168 2964 2392 3033 ραμένει
2419 2963 2477 3017 τὸ
2516 2965 2804 3034 χρήσιμον.

429 3077 446 3107 ι
490 3055 881 3122 exstinguitur,
967 3069 1031 3108 ae.
1082 3068 1275 3107 rursus
1341 3068 1437 3122 per
1506 3052 1666 3106 Verbi
1743 3062 1797 3106 et
1848 3051 2085 3121 Spiritus
2155 3054 2541 3110 admissionem
2604 3054 2912 3110 Judaeorum
2988 3056 3184 3127 dogma
3239 3057 3527 3120 evertitur,
3585 3072 3669 3110 re-

429 3163 449 3197 t
489 3157 779 3215 manetque
833 3147 885 3199 id
927 3146 1069 3215 quod
1104 3144 1161 3198 in
1212 3153 1443 3212 utraque
1511 3154 1657 3199 secta
1714 3143 1985 3199 commodi
2028 3144 2189 3202 inest.
2227 3164 2245 3196 ι
2776 3144 2781 3159 '

780 3220 819 3247 ’τ’
1006 3236 1435 3289 Animadversio.

502 3350 520 3383 ι
561 3331 697 3385 Nota
730 3329 877 3383 hunc
937 3342 1159 3397 quoque
1211 3333 1488 3391 sanctum,
1522 3327 1989 3382 accuratissimmn

430 3439 452 3475 ι
484 3422 805 3491 dogmatum
882 3429 1232 3480 assertorem,
1284 3417 1636 3471 concorditer
1698 3432 1824 3471 cum
1870 3419 2003 3473 aliis!

430 3530 450 3564 ι
503 3510 716 3567 sanctis
770 3508 1046 3571 Patribus,
1110 3507 1282 3561 Deum
1341 3523 1440 3578 pro
1466 3508 1627 3562 Patre
1690 3511 1989 3578 accepisse,

430 3622 450 3655 ι
487 3617 612 3658 cum
642 3602 794 3663 dicit,
851 3601 1088 3669 Spiritus
1126 3598 1361 3661 Domini,
1423 3599 1720 3668 statimque
1769 3599 1990 3665 subdat‘,

430 3715 449 3746 ι
486 3692 723 3748 Verbum
765 3692 1133 3745 comitantem.
1168 3690 1281 3744 lloe
1322 3684 1447 3744 item
1496 3691 1838 3759 apertissime
1897 3692 1991 3747 de-

433 3806 450 3838 ι
482 3793 746 3839 monstrat
817 3783 995 3837 verbis
1041 3782 1130 3835 ﬁni
1191 3782 1422 3849 hujusce
1485 3784 1772 3851 pericopes
1820 3798 1995 3837 anne-

430 3895 450 3929 ι
487 3877 590 3938 xis,
632 3878 760 3927 dum
792 3883 949 3927 vocat
985 3870 1249 3942 Spiritum
1284 3872 1635 3927 essentialem
1666 3873 1988 3940 potentiam.

430 3987 449 4020 ι
480 3983 545 4024 ex
578 3968 739 4022 Patre
783 3965 1185 4036 procedentem,
1220 3972 1272 4015 et
1322 3962 1374 4015 in
1408 3961 1545 4016 Filio
1594 3963 1989 4032 quiescentem,

427 4080 451 4112 ι
485 4059 681 4128 quibus
734 4068 789 4110 et
845 4067 1029 4108 nostra
1099 4064 1256 4106 antea
1304 4055 1548 4122 exposita
1605 4054 1991 4115 consideratio.

428 4169 447 4201 ι
486 4165 677 4217 nempe
734 4163 798 4202 ex
830 4147 966 4215 ipsa,
1015 4156 1067 4199 et
1124 4146 1176 4199 in
1234 4149 1370 4213 ipsa,
1404 4146 1481 4199 uti
1518 4161 1662 4211 reor,
1716 4150 1995 4201 constabi-

438 4260 457 4292 ι
495 4240 643 4293 litur.
681 4258 699 4289 ι

1066 4327 1355 4396 Refntalt'o.

495 4418 691 4475 Nostra
722 4434 938 4489 quoque
972 4417 1341 4471 consideratio
1363 4415 1770 4477 constabilitur,
1804 4430 1996 4485 nempe

425 4513 684 4583 Spiritum
717 4527 810 4579 per
842 4508 1038 4562 Filium
1090 4523 1155 4561 ex
1188 4507 1349 4561 Patre
1377 4522 1522 4571 esse,
1580 4522 1703 4559 cum
1773 4518 1994 4561 sanctus

2687 3237 3064 3291 Ἐπιστασία.

2169 3345 2187 3378 ι
2230 3328 2541 3397 Σημεὶωσαι
2570 3329 2687 3392 πῶς
2735 3329 2829 3381 καὶ
2869 3323 3022 3391 οὗτος
3050 3331 3077 3381 ό
3104 3329 3225 3383 λίαν
3279 3328 3673 3397 ἀκριϐέστατος

2100 3437 2119 3469 ι
2155 3418 2516 3487 δογματιστὴς
2542 3418 2719 3488 ἅγιος,
2759 3417 3065 3489 συμφῶνως
3120 3421 3231 3482 τοῖς
3257 3417 3461 3480 λοιποῖς
3507 3419 3672 3486 θείοις

2101 3526 2119 3559 ι
2159 3507 2485 3578 Πατράσιτο
2521 3508 2656 3561 Θεοῦ
2693 3509 2785 3561 ὲπὶ
2825 3508 2918 3561 τοῦ
2972 3508 3186 3578 Πατρὸς
3246 3507 3691 3578 ἐπιλαμϐάνεται,

2102 3617 2123 3651 ι
2169 3600 2341 3653 εἰπὼν
2401 3599 2624 3667 Πνεῦμα
2667 3597 2828 3663 Θεοῦ,
2874 3599 2968 3651 καὶ
3010 3597 3171 3661 εὐθὺς
3224 3597 3545 3665 ἐπαγαγὼν,
3614 3600 3675 3651 τὸ

2102 3709 2121 3742 ι
2171 3689 2675 3761 συμπαρομαρτοῦν
2723 3688 2823 3759 τῷ,
2863 3687 3028 3758 λόγῳ.
3079 3688 3252 3741 Τοῦτο
3278 3688 3336 3741 δὲ
3357 3689 3675 3756 σαφέςτατα

2102 3799 2121 3832 ι
2162 3780 2422 3845 δείκνυσι,
2443 3781 2539 3831 καὶ
2566 3780 2625 3843 ἐξ
2643 3772 2717 3832 ὧν
2749 3780 2807 3832 ὲν
2825 3778 2904 3848 τῷ
2932 3776 3075 3831 τέλει
3096 3778 3194 3846 τῆς
3217 3779 3524 3848 περικοπῆς
3548 3778 3674 3830 ταύ-

2102 3890 2120 3922 ι
2161 3888 2260 3939 της
2283 3871 2577 3937 ,διέξεισιν,
2623 3869 2857 3940 οὐσιώδη
2893 3868 3068 3936 λέγων
3097 3868 3160 3921 τὸ
3198 3870 3422 3938 Πνεῦμα
3440 3870 3677 3940 δύναμιν

2103 3984 2121 4015 ι
2162 3965 2224 4016 ὲκ
2252 3961 2344 4016 τοῦ
2368 3963 2578 4033 Πατρδς
2626 3962 3067 4034 ἐκπορευομένην
3100 3962 3195 4015 καὶ
3222 3963 3278 4014 ἐν
3306 3960 3421 4030 Υἱῷ
3463 3964 3674 4015 ἀναπα-

2102 4071 2120 4103 ι
2160 4056 2413 4121 νομὲνην,
2455 4046 2645 4121 ἀφ’ὧν
2675 4054 2768 4106 καὶ
2797 4052 2826 4105 ό
2869 4051 2999 4121 περὶ
3035 4051 3129 4105 τοῦ
3165 4052 3222 4119 ἐξ
3269 4051 3438 4121 αὐτῆς
3492 4054 3590 4105 καὶ
3618 4056 3676 4105 ὲν

2104 4163 2121 4193 ι
2160 4145 2297 4214 αὐτῇ
2362 4146 2706 4213 προγραφεὶς
2768 4144 3038 4213 ἡμέτερος
3072 4142 3467 4213 λογισμὸς,λὼς
3495 4139 3672 4212 οἶμαι,

2103 4253 2121 4285 t
2168 4236 2599 4306 ἐπιστηριζεται.
2650 4255 2668 4286 ι

2695 4330 3083 4397 Ἀντίρῤησις.

2178 4420 2621 4492 Ἐπιστηρίζεται
2656 4421 2712 4473 δὲ
2760 4423 2853 4474 καὶ
2874 4424 2902 4474 ὁ
2929 4422 3196 4490 ἡμέτερος
3237 4422 3523 4492 λογισμὸς,
3549 4425 3674 4492 περὶ

2096 4511 2190 4563 τοῦ
2250 4508 2386 4564 εἶναι
2432 4515 2492 4564 τὸ
2544 4513 2767 4580 Πνεῦμα
2814 4513 2882 4565 δι’
2914 4513 3044 4565 Υὶοῦ
3096 4515 3161 4566 ὲκ
3201 4515 3410 4585 Πατρὸς
3442 4517 3552 4567 ἀπὸ
3580 4516 3670 4567 τοῦ

423 4607 669 4660 enuntiet
703 4620 717 4655 :
756 4621 775 4653 ι
818 4602 964 4655 Suus
1004 4615 1218 4668 quoque
1250 4598 1482 4668 Spiritus
1508 4596 1687 4651 Verbo
1720 4596 1794 4652 sit
1822 4613 1987 4666 opor-

2109 4604 2271 4671 ιέγειν
2318 4605 2410 4656 τὸν
2459 4603 2635 4671 ἆγιον,
2675 4622 2695 4654 ‹
2750 4607 2841 4656 Δεῖ
2875 4604 2933 4657 δὲ
2976 4605 3066 4657 τὸν
3103 4605 3260 4671 λόγον
3308 4608 3404 4658 καὶ
3445 4606 3671 4674 Πνεῦμα

422 4708 500 4752 tet
551 4712 566 4748 :
605 4714 625 4746 ι
677 4707 889 4747 necnon
927 4709 942 4757 ;
989 4711 1007 4742 ι
1044 4690 1231 4759 Neque
1262 4690 1409 4743 enim
1441 4687 1586 4741 Patri
1616 4688 1839 4741 verbum
1885 4704 1984 4739 un-

423 4804 588 4858 quam
618 4786 811 4849 defuit,
847 4800 945 4839 nee
972 4783 1150 4838 Verbo
1180 4781 1435 4853 Spiritus.
1470 4797 1492 4833 ι
1527 4780 1652 4834 Haec
1686 4781 1812 4834 dum
1849 4794 1995 4833 asse-

423 4881 516 4943 rit,
564 4878 772 4932 videtur
836 4874 980 4929 Patri
1028 4892 1120 4944 per
1188 4874 1423 4928 Verbum
1452 4872 1713 4941 Spiritum
1767 4872 1997 4938 conjun-

424 4983 573 5039 gere.
630 4967 733 5034 Qui
781 4981 908 5022 vero
969 4966 1116 5020 Patri
1152 4965 1410 5035 Spiritum
1443 4978 1537 5031 per
1576 4961 1808 5016 Verbum
1866 4977 1996 5015 cun-

2095 4692 2260 4761 ἔχειν,
2294 4711 2312 4744 ι
2368 4697 2460 4745 καὶ
2504 4694 2583 4745 ἔτι
2612 4693 2719 4747 ἀπὸ
2765 4694 2858 4746 τοῦ
2892 4694 3093 4762 λέγειν,
3139 4713 3157 4745 ι
3196 4695 3271 4747 Οὐ
3312 4696 3420 4763 γὰρ
3454 4697 3670 4749 ὲνέλιπέ

2101 4800 2234 4836 ποτε
2292 4783 2368 4851 τῷ
2415 4785 2589 4852 Πατρὶ
2642 4784 2820 4850 λόγος,
2877 4782 3001 4836 οὔτε
3045 4785 3120 4853 τῷ
3153 4785 3309 4854 Λόγῳ
3363 4784 3610 4856 Πνεῦμα.
3648 4804 3668 4837 ι

2103 4873 2289 4927 Ταῦτα
2310 4874 2417 4943 γὰρ
2441 4874 2637 4939 λέγων,
2677 4873 2925 4942 φαίνεται
2951 4873 3026 4940 τῷ
3051 4873 3225 4941 Πατρὶ
3258 4873 3353 4925 ’διὰ
3383 4874 3478 4926 τοῦ
3499 4875 3671 4942 Λόγου

2105 4965 2390 5017 συνάπτων
2417 4963 2478 5016 τὺ
2502 4963 2744 5032 Πνεῦμα.
2789 4963 2847 5016 '0
2880 4964 2937 5017 δὲ
2962 4963 3049 5018 διὰ
3074 4963 3170 5016 τοῦ
3191 4964 3364 5032 Λόγου
3390 4965 3466 5034 τῷ
3498 4967 3673 5034 llatth

419 5059 618 5129 jungit,
653 5073 734 5112 nae
793 5059 883 5112 ille
925 5056 1195 5111 Stentoris
1249 5056 1422 5108 instar
1457 5054 1676 5113 clamat,
1722 5067 1787 5104 ex
1829 5049 1988 5104 Patre

2109 5053 2374 5105 ςυνάπτων
2422 5052 2480 5105 τὸ
2545 5050 2791 5122 Πνεῦμα,
2826 5051 3085 5121 ἄντικρυς
3144 5052 3490 5125 Στεντόρειον
3553 5055 3671 5124 βοᾷ,

424 5165 521 5219 per
552 5147 748 5203 Filium
778 5147 1042 5218 Spiritum
1066 5161 1208 5199 esse.
1242 5143 1376 5198 Illud
1407 5143 1571 5196 etiam
1603 5140 1991 5195 attendendum

2109 5163 2157 5196 ικ
2189 5143 2281 5196 τοῦ
2306 5144 2515 5214 flat-pb;
2541 5144 2627 5198 διὰ
2651 5143 2744 5197 τοῦ
2774 5144 2950 5211 Λόγου
2980 5140 3119 5198 εἶναι
3149 5144 3305 5198 αὐτό.
3365 5146 3672 5215 Σκοπητέον

423 5253 509 5299 est
538 5242 692 5306 illud,
742 5240 1135 5309 progrediatur,
1165 5237 1285 5290 loco
1322 5234 1488 5300 illius,
1536 5233 1810 5302 procedat,
1862 5245 1996 5299 sup-

426 5337 699 5405 posuisse.

430 5447 683 5515 ltjusdem
732 5442 1109 5523 exAcapitibus
1162 5439 1464 5523 theologicis
1514 5439 1578 5493 de
1628 5449 1813 5494 sancta
1878 5439 1999 5493 Tri-

822 5520 831 5529 ‘
1120 5520 1303 5565 nitate.

495 5604 755 5663 CXXXV.
792 5623 812 5657 ι
856 5602 1025 5658 Filius
1075 5612 1338 5658 autemet
1393 5604 1687 5657 character
1748 5608 1993 5668 paterna:

434 5717 453 5750 ι
489 5699 829 5762 substantia,
868 5697 994 5766 quia
1042 5695 1314 5765 perfectus
1344 5705 1428 5748 est
1458 5708 1693 5762 vereque
1753 5693 1991 5755 exsistit,

438 5808 458 5841 ι
510 5801 671 5859 atque
718 5801 943 5858 excepta
982 5787 1204 5857 ingeniti
1268 5786 1600 5856 proprietate
1663 5798 1759 5853 per
1808 5784 1993 5838 omnia

1838 5894 1869 5921 ’.ν

2095 5239 2150 5289 δὲ
2180 5237 2275 5288 καὶ
2298 5236 2445 5298 ὅπως
2471 5236 2550 5301 τὸ,
2576 5234 3021 5303 προερχομένην
3053 5235 3175 5288 ἀντὶ
3198 5235 3314 5302 τοῦ,
3353 5235 3675 5305 ἐκπορευο-

2097 5326 2293 5395 μένην
2322 5327 2351 5377 ό
2382 5327 2538 5392 ἅγιος
2571 5322 2745 5382 εἶπεν.
3046 5392 3047 5395 η

2110 5439 2221 5492 Τοῦ
2248 5435 2434 5491 αὐτοῦ
2460 5435 2529 5490 ἐκ
2550 5435 2656 5489 τοῦ
2682 5443 2738 5503 η’
2777 5434 2897 5490 τῶν
2917 5434 3281 5504 θεολογικῶν
3331 5436 3675 5505 κεφαλαίων

2500 5506 2767 5575 περὶτῆς
2804 5506 2976 5574 ἁγίας
3014 5506 3273 5573 Τμὰδος.

2183 5619 2201 5651 ‹
2239 5599 2410 5653 ΡΛΕ’.
2445 5599 2574 5660 Υἱὸς
2632 5597 2686 5650 δὲ
2712 5596 2806 5650 καὶ
2826 5597 3223 5669 χαρακτὴρτῆς
3245 5595 3520 5666 πατρικῆς
3545 5598 3674 5648 ὑπο-

2109 5710 2127 5743 ι
2164 5692 2424 5756 στάσεως,
2453 5690 2541 5743 διὰ
2572 5688 2632 5740 τὸ
2659 5688 2884 5750 τέλειον,
2909 5687 3005 5740 καὶ
3031 5688 3393 5741 ἐνυπόστατον
3419 5689 3518 5739 καὶ
3536 5687 3673 5740 κατὰ

2107 5802 2124 5833 ι
2162 5781 2337 5835 πάντα
2359 5781 2541 5851 ὅμοιον
2571 5776 2708 5835 εἶναι
2738 5779 2813 5850 τῷ
2832 5780 3005 5850 Πατρὶ
3038 5779 3175 5850 πλὴν
3191 5779 3287 5850 τῆς
3327 5779 3668 5850 ἀγεννησξας.
