3958 6438
213 447 324 510 5⁸55

1182 438 1266 499 IN
1303 436 1696 497 CAMATERI
1741 432 2490 498 ANIMADVERSIONES.

3379 429 3484 494 586

231 573 250 604 ι
291 554 438 606 Move
451 553 600 621 (ενὴς
627 549 704 613 δὲ,
727 547 808 602 ὅτι
839 546 998 616 μόνος
1021 545 1084 599 ὲκ
1108 546 1267 613 μόνου
1285 543 1380 596 τοῦ
1399 544 1512 598 Πατ
1522 541 1610 610 ρδς
1631 542 1804 612 μόνως

1973 539 2186 596 Patrem
2219 540 2404 600 refert,
2438 547 2604 608 atque
2637 538 2914 609 exprimit.
2970 539 3295 612 Unigenit'us
3350 543 3480 598 item

226 666 245 697 ι
290 645 582 714 ἐγεννήθη.
635 643 708 694 Οὑ
770 640 878 710 γὰρ
942 637 1221 708 ὁμοιοῦται
1260 637 1420 706 ἑτέρα
1448 635 1702 707 γέννησις
1731 638 1796 705 τῇ

227 754 248 788 ι
285 735 385 788 τοῦ
413 733 546 786 Υἰοῦ
576 731 671 785 τοῦ
689 729 824 783 Θεοῦ
849 731 1122 798 γεννήσει.
1161 727 1296 779 eos:
1325 725 1435 795 γάρ
1465 727 1614 777 ἐστιν
1641 723 1800 788 ἄλλος

221 846 242 876 ι
281 825 414 886 Υἱὸς
440 822 534 876 τοῦ
561 820 717 874 Θεοῦ.
745 820 805 873 Ei
833 818 941 888 γὰρ
980 820 1071 870 καὶ
1091 817 1150 869 τδ
1181 814 1402 885 Πνεῦμα
1433 813 1494 867 τὸ
1547 812 1706 882 ἅγιον
1741 813 1805 864 ὲκ

220 937 241 970 ι
278 916 382 970 τοῦ
445 913 662 985 Πατρὸς
709 911 1085 984 ἐκπορεύεται,
1114 908 1229 963 ἀλλ’
1276 908 1336 960 οὑ
1367 906 1664 978 γεννητῶς,
1691 903 1806 958 ἀλλ’

216 1027 237 1060 α
278 1006 660 1078 ὲκπορευτῶς.
724 1003 919 1066 ’Δλλος
978 1003 1180 1074 τρόπος
1239 999 1526 1074 ὑπάρξεως
1549 1037 1565 1063 ,
1615 993 1806 1062 οὗτος,

215 1122 234 1154 ι
280 1101 531 1172 ἄληπτός
581 1114 641 1149 τε
673 1097 768 1150 καὶ
820 1097 1120 1166 ἄγνωστος,
1161 1095 1352 1165 ῶσπερ
1379 1093 1524 1162 καὶὴ
1556 1090 1651 1144 τοῦ
1676 1089 1806 1142 Υἱοῦ

213 1213 234 1247 ι
267 1194 555 1264 γέννησις.
591 1209 612 1240 ι
952 1174 960 1184 ’

832 1467 1209 1522 Ἑπιστασία.
1236 1543 1237 1546 η

293 1583 316 1618 ι
365 1562 693 1634 Ἐπιστησον
738 1561 1006 1633 ἀκριϐῶς,
1064 1561 1178 1625 πῶς
1203 1559 1301 1631 τὴν
1329 1559 1394 1612 ὲκ
1447 1556 1546 1610 τοῦ
1603 1552 1817 1626 Πατρδς

223 1677 244 1709 ι
285 1657 625 1726 ὲκπόρευσιν
652 1655 747 1707 τοῦ
781 1654 1124 1724 Πνέυματος,
1166 1654 1366 1725 τρόπον
1395 1648 1682 1722 ὑπάρξεως
1703 1649 1820 1702 ὀνο-

229 1767 251 1800 ι
301 1750 464 1817 μάζει
513 1749 543 1802 ὁ
592 1747 771 1815 ἅγιος.
809 1745 868 1800 ’0
902 1746 1035 1814 γοῦν
1086 1747 1181 1799 καὶ⁸
1204 1748 1270 1798 ὲκ
1307 1742 1402 1796 τοῦ
1442 1741 1574 1796 Υἱοῦ
1607 1741 1816 1810 ταύτην

244 1858 266 1890 ι
299 1839 475 1907 λέγων
491 1837 736 1908 σφάλλει,
763 1837 856 1892 δύο
883 1835 1088 1908 ταύτης
1138 1835 1376 1904 εἰσάγων
1417 1833 1820 1903 άναντιρῥήτας

240 1950 260 1983 ι
307 1933 499 1996 αἰτίας.
539 1951 558 1984 ι

813 2023 1211 2094 Ἀντίρῤησις.

263 2143 266 2148 ’
296 2135 365 2187 Ὦ
399 2134 517 2199 πῶς
542 2134 999 2206 ὶθελογνωμονῶν
1059 2135 1161 2188 οὑκ
1209 2130 1334 2198 ἄξια
1369 2131 1468 2202 τῆς
1496 2131 1686 2200 σοφίας
1722 2146 1814 2182 σου

222 2227 465 2300 φθέγγῃ.
519 2227 584 2279 El
635 2227 746 2296 γὰρ
800 2226 876 2297 μὴ
897 2224 1046 2279 τοῦτ’
1103 2221 1194 2296 ἦν,
1239 2227 1370 2278 πότε
1422 2224 1489 2277 ἂν
1543 2221 1639 2276 δύο
1668 2222 1818 2276 αἴτια

226 2320 480 2390 εὶρήκεις
525 2317 621 2372 τοῦ
677 2317 994 2388 Πνεύματος
1046 2316 1140 2370 τὸν
1175 2316 1396 2384 Πατέρα
1423 2313 1637 2368 καὶτὸν
1664 2313 1814 2376 Υῑὺν,

222 2409 312 2462 διὰ
365 2411 428 2463 τὸ
485 2410 588 2478 τὴν
643 2409 974 2478 ὲκπόρευσιν
1036 2406 1241 2476 τρόπον
1319 2403 1606 2475 ὑπάρξεως
1652 2397 1817 2470 εἶναι,

224 2499 524 2565 ἀναϐλύζει
553 2500 614 2553 τὸ
638 2499 861 2568 Πνεῦμα
898 2500 964 2552 ἐκ
987 2498 1195 2568 Πατρδς
1221 2495 1318 2550 καὶ
1356 2496 1512 2561 Υῑοῦ,
1543 2494 1821 2547 τουτέστιν

225 2595 470 2666 ὑπάρχει
525 2593 772 2662 φυσικῶς
835 2610 897 2647 τε
957 2591 1053 2645 καὶ
1103 2590 1397 2658 οὑσιωδῶς.
1436 2589 1727 2659 Προχεῖται
1759 2585 1820 2639 τὸ

226 2685 458 2756 Πνεῦμα
514 2687 579 2738 ἐκ
633 2685 850 2756 Πατρὸς
895 2684 1007 2751 ,καὶ
1049 2682 1180 2736 Υἱοῦ
1209 2719 1224 2746 ,
1255 2681 1532 2735 τουτέστιν
1584 2677 1820 2748 ὑπάρχει

231 2778 484 2848 φυσικῶς
506 2791 568 2830 ἰε
607 2778 704 2830 καὶ
743 2775 1059 2838 ηοὺσιωδῶς.
1090 2773 1332 2844 Πηγάζει
1363 2773 1422 2826 τὺ
1471 2769 1700 2839 Πνεῦμα
1755 2773 1820 2823 ὲκ

235 2871 456 2941 Πατρὸς
511 2870 607 2923 καὶ
653 2867 807 2934 Υἱοῦ,
863 2868 1145 2921 τουτέστιν
1194 2867 1428 2937 ὑπάρχει
1479 2865 1727 2935 φυσικῶς
1759 2881 1819 2917 τε

234 2965 332 3018 καὶ
384 2962 681 3026 οὑσιωδῶς,
706 2961 802 3013 καὶ
831 2960 940 3012 τῶν
972 2959 1169 3024 λέξεων
1211 2959 1438 3012 ἀπασῶν
1483 2957 1689 3011 τούτων
1722 2956 1820 3028 τὴν

244 3054 487 3124 φυσικὴν
513 3053 608 3107 καὶ
659 3052 892 3122 οὑσιὼδη
957 3051 1192 3122 ὓπαρξιν
1214 3051 1512 3122 δηλουσῶν,
1544 3050 1638 3103 δύο
1663 3051 1816 3104 αἴτια

233 3142 329 3196 τοῦ
354 3141 676 3213 Πνεύματος
696 3142 797 3195 οὑκ
814 3143 952 3194 εἰσὶν
983 3142 1010 3193 ὁ
1042 3140 1226 3211 Πατὴρ
1253 3144 1348 3192 καὶ
1373 3140 1399 3190 ὸ
1425 3140 1576 3204 Υἱὸς,
1605 3140 1701 3194 καὶ,
1731 3140 1820 3194 διὰ

235 3236 299 3289 τὸ
322 3236 427 3306 τὴν
465 3236 792 3304 ὲκπόρευσιν
822 3234 1022 3304 τρόπον
1047 3232 1358 3302 ὑπάρξεως,
1391 3233 1418 3285 ὅ
1490 3235 1606 3285 ἐστι
1633 3232 1821 3302 διαφο-

237 3330 344 3397 ρὰν
389 3324 678 3395 ὑπάρξεως
720 3321 884 3389 εἶναι,
942 3324 1206 3394 δυαρχὶας
1259 3323 1564 3393 ἐγκλήματι
1600 3321 1822 3392 περιπί-

235 3433 367 3469 πτει
394 3418 420 3469 ὁ
441 3415 614 3482 λέγων
671 3414 873 3482 ταύτην
898 3413 994 3465 καὶ
1035 3415 1099 3465 ἐκ
1129 3411 1223 3464 τοῦ
1245 3409 1376 3462 Υίοῦ
1409 3449 1425 3475 ,
1466 3412 1494 3462 ὁ
1523 3410 1619 3479 τῆς
1646 3408 1824 3478 ὑπάρ-

237 3509 379 3575 ξεως
421 3511 646 3580 τρόπος,
694 3509 892 3562 ταυτὸν
944 3488 1198 3559 δἐἰπεῖν
1239 3504 1508 3574 διαφορὰ,
1570 3503 1722 3574 αὑτῴ
1748 3502 1825 3573 τῷ

234 3602 333 3655 τοῦ
366 3601 684 3672 Πνεύματος
702 3601 923 3670 ὀνόματι
944 3597 1250 3661 ἀκολουθεῖ,
1274 3599 1370 3649 καὶ
1395 3599 1423 3649 ὁ
1453 3595 1626 3648 εἰπὼν
1656 3593 1828 3647 Πνεῦ-

241 3713 322 3767 μα
351 3693 674 3759 ἁναϐλύζον,
703 3691 736 3763 ἢ
769 3689 1158 3761 προχεόμενον,
1193 3687 1226 3760 ἢ
1257 3687 1524 3760 πηγάςον,
1544 3687 1666 3746 .καὶ
1730 3687 1826 3739 ἀπ’

233 3787 527 3844 αὐτοῦτοῦ
559 3787 823 3855 ὀνόματος
872 3783 1062 3854 ὥσπερ
1124 3781 1232 3836 ἀπὸ
1279 3781 1378 3851 τῆς
1446 3779 1825 3851 ὲκπορεύσεως

234 3887 340 3954 τὴν
377 3881 512 3952 πρὸς
536 3879 627 3933 τὸν
651 3879 777 3932 Υιὸν
803 3877 1055 3946 διάφορον
1072 3875 1165 3928 τοῦ
1207 3874 1345 3928 Πνεύ
1354 3889 1523 3944 ματος
1555 3872 1827 3944 ἐδήλωσεν

239 3971 505 4043 ὕπαρξιν,
529 3969 632 4024 κᾶν
657 3970 733 4039 μὴ
760 3971 826 4039 τῇ
879 3968 968 4020 διὰ
993 3965 1216 4036 χειλέων
1269 3965 1410 4032 λέξει
1442 3965 1542 4036 τὴν
1571 3963 1826 4034 τοιαύτην

239 4068 557 4137 προενέγκῃ
592 4063 876 4132 διαφοράν.

808 4158 910 4211 Ἕκ
936 4155 1043 4211 τοῦ
1069 4152 1279 4208 αὐτοῦ.

316 4276 335 4308 ι
361 4251 555 4321 PAG".
584 4253 761 4316 Μόνος
783 4251 893 4320 γὰρ
922 4249 950 4302 ὁ
973 4248 1159 4319 Πατὴρ
1184 4247 1478 4316 ἀγέννητος
1496 4262 1511 4276 ο
1545 4244 1606 4298 οὑ
1633 4243 1742 4314 γὰρ
1769 4242 1828 4309 ἐξ

245 4368 266 4403 ι
303 4352 508 4420 ἐτέρας
539 4349 687 4401 ἐστὶν
709 4344 860 4416 αὑτῷ
885 4344 1238 4406 ὑποστάσεως
1255 4340 1317 4394 τὸ
1345 4342 1521 4393 εἶναι’
1541 4339 1635 4393 καὶ
1669 4337 1828 4409 μόνος

247 4462 266 4494 ι
305 4447 334 4497 ὁ
367 4441 500 4504 Υἱὸς
524 4438 780 4509 γεννητὸς
811 4439 877 4490 ὲκ
907 4437 1009 4506 τῆς
1052 4434 1144 4488 τοῦ
1187 4432 1401 4502 Πατρὸς
1428 4431 1617 4493 οὐσίας
1656 4428 1826 4499 ἀνάρ-

247 4555 266 4588 ι
307 4552 422 4607 χως
454 4537 551 4586 καὶ
577 4533 820 4603 ἀχρόνως
855 4529 1180 4599 γεγέννηται
1207 4542 1223 4558 ο
1259 4526 1353 4579 καὶ
1391 4523 1552 4594 μόνον
1579 4523 1642 4576 τὸ
1673 4521 1828 4589 ἆγιον

1913 651 1930 685 ι
1969 634 2100 703 quia
2127 633 2277 687 solus
2303 647 2370 686 ex
2409 632 2528 687 solo
2551 631 2707 686 Patre
2760 631 3024 703 singulari
3055 636 3216 689 modo
3270 638 3487 706 genitus

1915 745 1931 778 ι
1971 738 2076 783 est.
2125 726 2314 797 Neque
2375 728 2520 783 enim
2565 727 2673 781 ulla
2717 727 2824 782 alia
2883 730 3168 799 generatio
3223 741 3328 797 est,
3367 748 3489 801 quae

1914 837 1932 869 ι
1975 818 2093 874 Filii
2128 817 2220 873 Dei
2251 819 2588 888 generationi
2641 822 2946 888 comparari
3019 825 3214 891 possit,
3241 826 3490 895 quando-

1916 931 1936 964 ι
1973 913 2192 982 quidem
2223 927 2324 966 nec
2355 912 2497 967 alius
2526 927 2746 984 quoque
2805 912 2977 971 Filius
3008 916 3098 972 Dei
3133 927 3236 974 est.
3281 917 3488 985 Quaru-

1917 1023 1935 1054 ι
1981 1004 2062 1060 vis
2091 1003 2235 1059 enim
2264 1003 2501 1074 Spiritus
2530 1020 2748 1075 quoque
2774 1017 2998 1064 sanctus
3041 1024 3108 1064 ex
3143 1012 3306 1067 Patre
3355 1029 3489 1083 pro-

1921 1115 1940 1148 ι
1975 1096 2167 1162 dierit,
2209 1113 2317 1150 non
2353 1106 2530 1152 tamen
2561 1101 2950 1169 generationis,
2985 1105 3080 1158 sed
3117 1107 3489 1174 processionis

1921 1207 1940 1239 ι
1961 1190 2146 1254 modo
2171 1189 2390 1256 prodiit.
2411 1188 2566 1245 Alius
2597 1201 2778 1246 autem
2825 1192 2913 1248 hic
2935 1195 3268 1252 exsistentite
3297 1201 3493 1254 modus

1923 1298 1942 1332 ι
1986 1281 2746 1351 ineomprehensibilisitem,
2779 1294 2833 1340 et
2858 1286 3174 1357 incognitus
3225 1293 3490 1361 quemad-

1923 1391 1941 1425 ι
1992 1373 2212 1429 modum
2236 1383 2289 1429 et
2318 1372 2441 1429 Filii
2471 1379 2775 1446 generatio.

2494 1469 2648 1523 Anim
2657 1470 2726 1523 ad
2733 1473 2918 1529 versio.

1999 1578 2019 1609 ι
2061 1559 2294 1615 attende
2349 1560 2636 1633 diligenter
2669 1575 2918 1618 sanctum
2977 1571 3383 1636 processionem
3427 1591 3494 1630 ex

1927 1667 1946 1700 ι
1980 1647 2141 1705 Patre
2185 1648 2424 1719 Spiritus
2479 1651 2814 1709 exsistentiaa
2871 1657 3090 1712 modum
3154 1677 3494 1734 nuncupare.

1926 1754 1945 1788 ι
1983 1736 2088 1803 Qui
2114 1738 2301 1808 itaque
2330 1753 2452 1793 eam
2494 1753 2560 1794 ex
2589 1739 2734 1796 Filio
2769 1746 2961 1811 tradit,
2991 1757 3159 1816 errat,
3195 1752 3501 1824 duasejus-

1934 1848 1953 1881 ι
1994 1829 2115 1884 dem
2177 1830 2388 1899 absque
2439 1831 2548 1886 ulla
2600 1831 2947 1892 haesitatione
2997 1854 3197 1899 causas
3249 1843 3499 1903 introdu-

1849 1905 1891 1959 Β
1926 1942 1943 1975 ι
1991 1936 2144 1978 cens.
2185 1941 2204 1973 ι

2550 2017 2848 2089 Refutatio.

1997 2127 2136 2183 Dum
2211 2132 2446 2202 propria:
2513 2137 2800 2192 sententia:
2859 2140 3129 2198 obstinate
3201 2145 3499 2212 incumbis.

1926 2219 2178 2289 profecto
2233 2233 2323 2278 tua
2359 2223 2624 2294 sapientia
2661 2227 2822 2299 digna
2862 2246 2969 2285 non
3026 2233 3288 2305 loqueris.
3324 2237 3382 2294 ld
3415 2251 3501 2295 et-

1925 2311 2070 2366 enim
2105 2313 2150 2368 si
2177 2327 2283 2368 non
2329 2324 2496 2382 esset,
2523 2317 2662 2374 duas
2705 2319 2945 2388 Spiritus
2974 2338 3172 2381 causas
3199 2326 3416 2385 Patrem
3451 2341 3505 2386 et

1926 2398 2122 2457 Filium
2157 2418 2262 2458 non
2322 2405 2678 2473 aﬂirmasses,
2747 2411 2894 2479 quod
2955 2418 3241 2481 praeessio
3303 2422 3504 2478 modus

1926 2495 2265 2550 exsistentiaa
2293 2504 2400 2552 est.
2433 2495 2678 2554 Scaturit
2711 2500 2951 2571 Spiritus
2977 2519 3040 2559 ex
3073 2505 3234 2563 Patre
3254 2521 3308 2564 et
3330 2510 3500 2568 Filio:

1925 2597 2008 2640 est
2028 2601 2226 2658 nempe
2257 2589 2606 2658 naturaliter,
2648 2601 2701 2646 et
2750 2597 3138 2654 essentialiter.
3193 2600 3506 2662 Eﬂ‘unditur

1929 2678 2179 2749 Spiritus
2215 2695 2282 2736 ex
2317 2679 2481 2737 Patre
2508 2693 2559 2736 et
2585 2683 2724 2738 Filio
2761 2703 2775 2740 :
2816 2695 2901 2742 est
2939 2704 3136 2760 nempe
3178 2697 3506 2754 naturaliter

1927 2777 1981 2824 et
2003 2770 2388 2827 essentialiter.
2427 2773 2606 2828 Emuit
2667 2774 2904 2844 Spiritus
2940 2794 3004 2835 ex
3038 2780 3200 2838 Patre
3234 2795 3288 2840 et
3341 2786 3502 2844 Filio:

1926 2873 2010 2920 est
2065 2879 2259 2935 nempe
2317 2868 2642 2922 naturaliter
2689 2879 2744 2925 et
2777 2874 3167 2931 essentialiter.
3228 2880 3503 2939 Dietiones

1928 2955 2011 3011 has
2043 2972 2234 3013 omnes
2281 2960 2581 3015 naturalem
2619 2970 2674 3017 et
2721 2965 3068 3022 essentialem
3124 2971 3502 3030 assistentium

1928 3056 2138 3114 notant,
2199 3058 2252 3104 et
2305 3058 2484 3106 tamen
2545 3051 2666 3108 duae
2714 3051 2952 3124 Spiritus
3015 3057 3176 3116 Pater
3242 3075 3296 3120 et
3335 3066 3507 3124 Filius

1928 3153 2109 3196 causae
2134 3155 2242 3194 non
2273 3154 2704 3211 praesumuntur.
2731 3145 2796 3202 Et
2830 3151 2958 3219 quia
2993 3156 3278 3223 processio
3310 3163 3503 3216 modus

1929 3232 2264 3289 exsistentiae
2287 3244 2391 3301 est,
2428 3238 2574 3306 quod
2599 3239 3012 3300 distinctionem
3045 3250 3384 3306 exsistentia:
3413 3253 3504 3307 in-

1927 3322 2052 3389 fert,
2110 3325 2344 3381 duorum
2398 3329 2798 3401 principiorum
2856 3335 3062 3392 crimen
3118 3339 3373 3408 incurrit,
3409 3346 3505 3414 qui

1928 3429 2048 3470 eam
2082 3421 2246 3472 etiam
2277 3434 2340 3473 ex
2395 3419 2534 3474 Filio
2565 3427 2764 3478 asserit
2796 3424 2820 3476 ?
2873 3425 3223 3486 Exsistentiae
3283 3438 3504 3499 modus,

1929 3504 2046 3561 sive
2096 3507 2416 3574 discrimen,
2452 3511 2594 3566 idem
2618 3515 2762 3568 enim
2805 3526 2914 3584 est,
2949 3519 3125 3589 ipsum
3153 3523 3379 3592 spiritus
3410 3541 3508 3583 no-

1929 3611 2053 3652 men
2081 3599 2463 3669 subsequitur.
2504 3601 2569 3657 Et
2614 3605 2879 3674 quidicit,
2932 3608 3194 3678 Spiritum
3248 3615 3506 3672 essilien-
3543 3599 3545 3602 i

1928 3696 2035 3744 tem
2069 3689 2326 3754 eﬂusum.
2361 3693 2694 3760 ellluentetn,
2725 3706 2777 3750 et
2810 3714 2874 3752 ex
2905 3699 3022 3770 ipso
3045 3705 3290 3772 nomine,
3315 3723 3510 3777 quem.

1912 3782 2223 3840 admodum
2289 3793 2344 3839 et
2407 3786 2520 3855 ipsa
2576 3789 2945 3856 processione,
3009 3792 3384 3852 diversitatem
3417 3816 3509 3854 ex-

1928 3874 2214 3939 sistentiae,
2247 3891 2370 3945 quae
2409 3888 2491 3932 est
2533 3879 2673 3933 inter
2715 3879 2912 3936 Filium
2973 3892 3028 3938 et
3058 3885 3237 3954 ipsum
3298 3903 3503 3948 cenno-

1930 3966 2086 4029 tavit,
2114 3967 2238 4021 licet
2267 3967 2508 4024 dictione
2543 3985 2636 4039 per
2659 3971 2804 4027 labia
2835 3973 3020 4044 elapsa
3049 3975 3285 4034 similem
3315 3982 3510 4040 distin-

1929 4059 2165 4114 ctionem
2206 4075 2316 4115 non
2353 4061 2642 4132 exprimat.

2553 4156 2640 4212 Ea:
2675 4157 2873 4214 eodem.
3295 4220 3309 4239 l

2001 4243 2290 4302 CXXXVI.
2341 4265 2360 4300 ι
2400 4246 2564 4305 Solus
2592 4250 2736 4305 enim
2773 4251 2934 4309 Pater
2959 4255 3232 4327 ingenitus
3259 4270 3382 4316 est:
3408 4277 3508 4316 nec

1936 4354 1954 4386 ι
1995 4339 2142 4392 enim
2177 4339 2246 4393 ab
2269 4339 2439 4395 altera
2473 4340 2754 4412 hypostasi
2785 4358 2909 4400 esse
2935 4345 3120 4402 habet.
3147 4349 3311 4406 Solus
3343 4353 3508 4407 etiam

1938 4443 1956 4476 ι
1992 4423 2166 4482 Filius
2203 4430 2441 4498 genitus.
2483 4430 2558 4484 Ex
2610 4430 2790 4487 Patris
2834 4434 2981 4488 enim
3031 4437 3341 4493 substantia
3391 4444 3511 4497 sine

1939 4533 1957 4567 ι
1996 4518 2267 4588 principio
2317 4519 2450 4586 ullo,
2509 4535 2574 4577 ac
2626 4530 2872 4594 tempore
2917 4527 3136 4595 genitus
3185 4540 3288 4586 est.
3345 4531 3509 4588 Solus

250 4651 269 4683 ι
311 4627 548 4697 Πνεῦμα
577 4623 910 4694 ἐκπορευτὸν
940 4623 1004 4674 ὲκ
1033 4621 1131 4690 τῆς
1157 4619 1344 4682 οὑσιας
1369 4616 1463 4670 τοῦ
1496 4613 1731 4686 Πατρὸς,
1760 4613 1821 4666 οὐ

1940 4627 1957 4659 ι
2001 4608 2239 4679 denique
2283 4608 2522 4681 Spiritus
2560 4624 2786 4670 sanctus
2838 4629 2904 4671 ex
2960 4617 3142 4675 Patris
3197 4622 3508 4679 substantia

250 4743 268 4776 ι
311 4723 681 4796 γεννώμενον,
711 4716 829 4772 ἀλλ’
857 4715 1311 4785 ἐκπορευόμενον.

863 4825 1243 4880 Ἐπιστασία.

320 4972 340 5004 ι
386 4947 598 5013 Τοῦτο,
632 4942 972 5012 σαφέστατον
1004 4937 1085 5004 ὃν,
1121 4935 1180 4992 οὑ
1211 4934 1382 4988 δεῖται
1416 4930 1560 4995 τινὸς
1588 4930 1829 4999 ἐπεργα-

251 5065 272 5098 ‹
315 5044 462 5108 σιας,
490 5040 568 5103 ὡς
599 5037 721 5091 οὑδὲ
751 5035 813 5088 τὸ
843 5031 1064 5104 ἐφεξῆς.

837 5141 1236 5212 Ἀντίῤῥησις.

325 5266 346 5301 ι
406 5241 653 5314 ’Δληθῶς
675 5239 710 5310 ἡ
738 5236 968 5309 ρηθείσα
1002 5230 1278 5303 περικοπὴ
1300 5231 1364 5283 ὲκ
1394 5231 1492 5299 τῆς
1517 5225 1706 5289 οὐσίας
1735 5222 1831 5277 τοῦ

258 5361 276 5395 ι
313 5342 530 5411 Πατρδς
545 5335 693 5402 λέγει
721 5332 783 5384 τὸ
821 5327 1046 5398 Πνεῦμα
1069 5324 1525 5411 ἐκπορευόμενον,
1544 5320 1633 5374 διὰ
1654 5318 1832 5411 τὸᾉτδν

262 5454 279 5486 ι
315 5409 542 5499 Πατέρα
584 5429 818 5494 ἄναρχον
847 5421 944 5475 καὶ
975 5417 1199 5488 πρώτην
1242 5414 1423 5469 αἰτίαν
1453 5410 1594 5467 εἶναι
1615 5409 1744 5466 Υἰοῦ
1772 5427 1833 5463 τε

262 5544 280 5576 ι
316 5525 414 5578 καὶ
449 5519 783 5588 Πνεύματος·
811 5515 839 5565 ὁ
863 5512 921 5565 δὲ
944 5509 1098 5573 εἰδὼς
1135 5510 1194 5561 τὸ
1225 5506 1317 5560 τοῦ
1349 5504 1668 5574 Πνεύματος
1699 5501 1834 5570 πρὸς

267 5635 282 5666 ι
310 5617 403 5671 τὸν
445 5611 667 5681 Πατέρα
697 5604 911 5660 καὶτὸν
948 5603 1077 5655 Υιὸν
1111 5598 1359 5669 συμφυὲς
1393 5598 1469 5668 μὴ
1495 5596 1672 5658 ἄλλως
1702 5593 1836 5646 θεω-

267 5731 282 5764 ι
323 5709 545 5786 ρεῖσθαι
600 5707 650 5759 εἰ
706 5705 782 5774 μὴ
829 5700 918 5754 διὰ
974 5697 1069 5752 τοῦ
1104 5695 1238 5750 Υἱοῦ
1297 5696 1376 5786 ea:
1413 5691 1747 5786 Haspbasi'q
1775 5688 1836 5741 τὸ

270 5825 286 5857 ι
323 5781 574 5873 Πνεῦμα,
605 5799 812 5859 ἐκεῖνος
853 5793 950 5848 καὶ
977 5791 1038 5856 ἐξ
1066 5791 1271 5860 ἀμφοῖν
1325 5781 1467 5839 εἶναι
1508 5786 1568 5839 τὸ
1610 5782 1836 5852 Πνεῦμα

270 5917 287 5951 ι
321 5902 438 5974 ἐρεῖ
470 5895 613 5950 πάνυ
639 5907 721 5945 τοι
749 5885 1154 5957 ἀσφαλέστατα.

504 5992 779 6051 Pyram.
812 5988 928 6046 Gn.
966 5977 1177 6044 CXLI.

1937 4719 1956 4754 ι
1995 4701 2368 4772 pregreditur,
2408 4719 2516 4758 non
2545 4705 2762 4775 genitus
2786 4707 2882 4764 sed
2908 4709 3234 4779 procedens.
3271 4733 3292 4766 ι

2507 4816 2940 4875 Animadversio.

2009 4945 2027 4978 ι
2065 4923 2181 4982 Hoc
2231 4942 2354 4982 eum
2402 4927 2768 4986 clarissimum
2817 4932 2910 4998 sit,
2967 4933 3238 4988 exactiori
3293 4937 3513 5006 exposi-

1938 5034 1956 5067 ι
1998 5019 2144 5073 tione
2170 5033 2276 5072 non
2309 5018 2535 5089 indiget,
2572 5020 2649 5074 uti
2674 5031 2728 5075 et
2760 5021 2894 5076 illud
2930 5026 3078 5093 quod
3108 5026 3379 5094 sequitur.
3413 5044 3433 5077 ι

2581 5133 2879 5204 Βρίυιαιὲο.

2009 5225 2150 5283 Vere
2195 5227 2343 5283 dicta
2394 5227 2649 5297 pericope
2687 5243 2755 5282 ex
2803 5229 3044 5284 essentia
3088 5227 3272 5284 Patris
3315 5229 3514 5285 asserit

1939 5319 2204 5390 Spiritum
2241 5321 2562 5389 procedere,
2585 5320 2733 5390 quod
2769 5305 2930 5374 Pater
2961 5322 3034 5376 sit
3071 5322 3192 5377 sine
3228 5322 3339 5377 ullo
3361 5322 3516 5392 prin-

1937 5413 2082 5482 cipio
2110 5421 2164 5468 et
2201 5412 2380 5482 prima
2407 5427 2574 5467 causa
2605 5411 2752 5477 Filii,
2786 5425 2839 5466 et
2872 5411 3134 5481 Spiritus.
3181 5413 3248 5468 At
3271 5415 3364 5483 qui
3407 5429 3511 5468 no-

1936 5503 2078 5559 verit
2102 5501 2338 5572 Spiritus
2371 5512 2424 5557 et
2449 5501 2570 5556 Filii
2612 5517 2740 5572 erga
2769 5501 2987 5557 Patrem
3022 5515 3234 5558 natura:
3264 5517 3510 5558 cominua

1938 5597 2184 5661 nionem,
2221 5594 2436 5665 concipi
2471 5610 2577 5650 non
2615 5610 2798 5666 posse,
2838 5595 2942 5649 nisi
2975 5610 3072 5664 per
3103 5595 3300 5651 Filium
3337 5596 3512 5668 Spiri-

1940 5696 2026 5741 tus
2061 5687 2131 5742 sit
2161 5703 2228 5741 ex
2255 5685 2444 5752 Patre,
2479 5702 2562 5741 na:
2607 5687 2700 5741 ille
2730 5701 2797 5740 ex
2830 5696 3066 5753 utroque
3096 5688 3360 5757 Spiritum
3392 5693 3511 5747 sine

1941 5783 2051 5838 ulla
2084 5784 2289 5839 erroris
2316 5795 2445 5838 nota
2475 5781 2832 5840 asseverabit.

3025 5969 3102 6042 19.
