3958 6422
444 401 556 464 ’ῈΒἸ
1478 402 1686 462 JOAN.
1731 403 1942 464 ΥΕ(ῖαί
1984 403 2091 463 CP.
2131 404 2638 465 PATRIABCHJE

1081 518 1164 572 Ea:
1195 519 1394 573 eodem.

516 609 828 667 CXXXVII.
898 630 916 662 ι
957 610 1220 666 Similiter
1284 611 1562 667 credimus
1621 623 1674 667 et
1737 613 1790 666 in
1843 629 2018 667 unum

453 722 470 755 (
512 703 776 773 Spiritum
835 713 1084 757 sanctum
1156 703 1470 770 Dominum,
1521 713 1578 758 et
1631 703 2021 767 viviﬁcantem,

451 816 468 848 ι
507 797 598 866 qui
627 811 692 850 ex
725 794 884 850 Patre
905 796 1172 866 procedit,
1213 805 1268 850 et
1301 797 1354 849 in
1387 795 1527 850 Filio
1551 796 1934 864 conquiescit;
1970 805 2025 852 et

449 908 466 941 ι
505 889 747 960 quicum
776 886 935 942 Patre
978 897 1032 942 et
1071 886 1210 943 Filio
1257 888 1423 943 simul
1477 889 1759 952 adoratur,
1793 899 1848 944 et
1893 904 2024 944 con-

451 1003 467 1035 ι
505 983 804 1054 gloriticatu
816 998 858 1036 r.
894 1001 912 1033 ι

1007 1075 1440 1131 Animadversio.

520 1185 539 1218 ι
576 1166 822 1237 Accipite
853 1181 919 1220 ex
952 1165 1054 1220 hac
1085 1181 1306 1236 quoque
1339 1166 1592 1236 pericope
1617 1169 2020 1237 probationem,

445 1275 465 1311 ι
505 1267 651 1314 recte
684 1274 784 1313 nos
830 1257 1308 1323 animadvertisse,
1339 1258 1658 1328 dixisseque
1700 1261 1768 1315 de
1805 1260 1920 1327 illo,
1955 1277 2023 1318 ex

447 1367 464 1400 ‹
504 1350 618 1419 ipsa
647 1359 699 1405 et
722 1350 776 1403 in
810 1350 949 1420 ipsa,
987 1364 1330 1421 quaecunque
1363 1351 1806 1421 praanotavimus.
1843 1373 1861 1406 ι

1089 1533 1384 1604 ΒεῙιιιαιὶο.

517 1628 664 1683 Satis
689 1643 821 1700 ergo
852 1637 907 1684 et
953 1627 1048 1683 tibi
1076 1627 1301 1693 fuerint,
1338 1643 1438 1699 pro
1469 1631 1877 1700 oppugnatione
1921 1633 2024 1686 hu-

3594 403 3703 470 E88

2499 524 2600 575 Ἐκ
2639 521 2741 576 τοῦ
2773 521 2962 576 αὐτοῦ
2997 523 3352 592 κεφαλαίου.

2200 617 2363 671 ΡΛΖ’.
2434 638 2450 667 ι
2504 616 2735 686 Ὁμοίως
2812 616 3142 686 πιστεύομεν
3207 620 3289 679 είς
3373 615 3432 668 ἓν
3486 615 3712 686 Πνεῦμα

2132 728 2149 759 ι
2192 709 2369 776 ἆγιον,
2406 710 2466 761 τὸ
2500 709 2725 778 Κύριον,
2759 707 2819 761 τὸ
2850 707 3137 774 ζωοποιὺν,
3169 709 3232 760 τὸ
3259 709 3324 761 ὲκ
3363 705 3461 760 τοῦ
3495 707 3710 775 Πατρός

2133 821 2149 852 ι
2198 803 2664 872 ἐκπορευόμενον,
2695 805 2790 855 καὶ
2823 804 2881 855 ὲν
2913 802 3026 872 mp
3059 801 3513 870 ἀναπαυόμενον,
3544 799 3607 851 τὺ
3637 801 3717 869 τῷ

2133 915 2150 946 ι
2199 896 2497 964 Πατρὶ-καὶ
2532 894 2647 966 Υἱῷ
2679 893 3272 966 συμπροσκυνούμενόν
3298 910 3356 947 τε
3412 892 3509 946 καὶ
3535 890 3721 945 συνδο-

2135 1003 2152 1035 ι
2191 983 2506 1055 ξαςόμενον.
2528 1003 2546 1036 ι

2719 1075 3098 1132 Ἐπιστασία.

2206 1189 2223 1220 ι
2265 1170 2430 1240 Δέχου
2485 1173 2592 1224 κάκ
2620 1171 2718 1240 τῆς
2753 1171 3036 1239 παρούσης
3067 1167 3380 1238 περικοπῆς
3406 1166 3720 1236 μαρτυρίαν

2134 1281 2151 1313 ι
2202 1261 2329 1330 περὶ
2378 1258 2473 1312 τοῦ
2528 1259 2707 1324 καλῶς
2749 1260 2896 1330 ἡμᾶς
2921 1259 3216 1328 ἐπιστῆναι
3247 1257 3343 1310 καὶ
3371 1259 3554 1310 εἰπεῖν
3587 1274 3654 1310 πε
3668 1260 3724 1328 pi.

2135 1372 2154 1404 ι
2195 1351 2288 1405 τοῦ
2333 1352 2389 1418 ἐξ
2439 1352 2612 1423 αὐτῆς
2639 1351 2736 1404 καὶ
2761 1352 2820 1406 ὲν
2849 1351 3012 1422 αὐτῇ,
3044 1351 3146 1404 ὅσα
3178 1352 3718 1420 προεπεσημειωσά·

2135 1464 2153 1496 ι
2197 1443 2359 1515 μεοα.

2726 1533 3131 1603 Ἀντίρῤησις.

2214 1629 2467 1700 Ἀρκέσει
2499 1644 2582 1681 σοι
2609 1626 2794 1681 λοιπὸν
2835 1630 2914 1690 είς
2936 1628 3259 1699 ἀντίρρησιν
3298 1627 3400 1697 τῆς
3435 1627 3728 1702 παρούσης

443 1723 595 1785 iusce
628 1733 733 1777 tua!
769 1723 1264 1778 animadversionis
1294 1739 1460 1793 supra
1488 1741 1584 1795 per
1621 1741 1722 1781 nos
1753 1727 1937 1793 allata,
1973 1736 2028 1782 et

2158 1721 2470 1791 περικοπῆς,
2515 1720 2609 1773 καὶ
2663 1720 2764 1772 ὅσα
2813 1719 2974 1788 ἡμεῖς
3027 1721 3454 1791 προειρήκειμεν
3485 1761 3500 1785 ,
3539 1723 3600 1774 ὲν
3645 1721 3728 1783 οἷς

443 1830 561 1885 qua:
591 1813 659 1870 de
684 1815 796 1881 illo,
823 1833 842 1866 ι
878 1830 943 1870 ει
973 1814 1090 1885 ipsa
1115 1833 1133 1868 ι
1160 1823 1213 1870 et
1235 1834 1254 1867 ι
1283 1815 1337 1869 in
1375 1817 1542 1886 ipsa,»
1577 1820 2022 1886 praenotavimus.

1076 2000 1160 2056 Ea:
1190 2002 1398 2057 eodem.

509 2114 845 2172 CXXXVIII.
893 2133 911 2167 ι
944 2111 1047 2169 Per
1071 2114 1257 2169 omnia
1289 2112 1436 2168 Patri
1458 2129 1522 2168 ac
1543 2112 1682 2171 Filio
1711 2116 1928 2182 similis,
1963 2133 2029 2172 ex

446 2226 466 2259 ι
503 2192 662 2263 Patre
711 2207 1029 2276 procedens,
1083 2220 1147 2259 ac
1181 2204 1284 2260 Per
1320 2203 1514 2259 Filium
1565 2207 1714 2261 omni
1765 2218 2032 2264 creatura:

447 2322 462 2352 ι
505 2301 835 2370 impertitus,
867 2306 1030 2368 atque
1065 2307 1381 2368 perceptus,
1414 2313 1509 2368 per
1550 2314 1608 2355 se
1637 2297 1816 2368 ipsum
1845 2301 2029 2355 omnia

446 2411 468 2444 C
506 2408 723 2448 creans.
765 2409 782 2442 ι

1019 2483 1448 2539 Animadversio.

517 2624 538 2656 ‹
570 2603 813 2658 Audisne
855 2617 921 2657 ex
969 2601 1129 2657 Patre
1178 2601 1444 2672 Spiritum
1481 2605 1891 2674 procedentem,
1933 2622 2032 2677 per

451 2716 470 2748 ι
510 2696 707 2750 Filium
738 2711 868 2750 vero
913 2693 1277 2762 impertitum,
1309 2705 1362 2750 et
1391 2698 1884 2767 communicatum,
1922 2715 2029 2754 non

443 2808 466 2842 ς
508 2803 634 2844 vero
664 2803 730 2842 ex
754 2802 820 2842 eo
855 2786 1264 2857 procedentem.
1298 2805 1317 2840 ι

1085 2878 1393 2948 Refutatio.

515 2973 718 3027 Verum
758 2981 814 3026 tu
851 2986 1073 3041 quoque
1105 2971 1330 3037 audisti,
1369 2972 1515 3040 quod
1557 2987 1656 3044 per
1699 2971 1895 3027 Filium
1932 2973 2034 3028 im-

444 3067 697 3138 pertitur,
754 3075 812 3121 et
860 3065 1319 3130 communicatur,
1370 3067 1446 3120 uti
1491 3081 1586 3136 per
1641 3064 1839 3120 Filium
1887 3067 2035 3122 exsi-

445 3173 616 3224 stcns,
656 3158 1052 3214 communicari
1075 3165 1128 3211 et
1156 3157 1361 3228 percipi
1391 3173 1486 3228 per
1519 3159 1718 3230 ipsum.

1079 3270 1161 3324 Ea:
1191 3273 1393 3326 eodem.

515 3363 806 3420 CXXXIX.
852 3383 870 3414 ι
905 3363 1066 3418 Pater
1097 3365 1302 3434 quippe
1333 3379 1517 3419 causae
1560 3379 1757 3435 expers
1801 3374 1906 3430 est,
1947 3373 2034 3420 at-

455 3479 473 3509 ι
512 3475 618 3528 que
654 3457 947 3526 ingenitus.
992 3453 1106 3509 Nec
1152 3457 1298 3510 enim
1337 3471 1402 3510 ex
1439 3471 1714 3526 quoquam
1750 3467 1872 3512 est:
1909 3472 1939 3512 a
1978 3473 2038 3513 se

457 3571 476 3602 ι
520 3553 638 3622 ipso
667 3553 813 3606 enim
840 3564 963 3604 esse
1001 3549 1164 3604 habet
1191 3562 1206 3601 :
1237 3563 1338 3603 nec
1365 3549 1666 3619 quidquam
1697 3565 1885 3605 eorum
1915 3567 2038 3621 qua:

457 3663 474 3694 ι
514 3643 696 3705 habet,
756 3643 827 3696 ab
886 3639 992 3695 alio
1045 3640 1252 3695 habet:
1286 3641 1418 3711 quin
1462 3641 1645 3710 potius
1692 3641 1806 3710 ipse
1877 3641 2039 3698 rebus

457 3758 473 3788 ι
511 3737 770 3792 omnibus
816 3735 1150 3806 principium
1209 3745 1330 3801 est,
1385 3750 1660 3806 causaque
1720 3744 1835 3790 tum
1891 3735 2070 3817 qu0d_

454 3849 472 3880 ι
509 3830 640 3893 sint,
672 3838 787 3882 tum
813 3827 962 3899 quod
1006 3827 1330 3882 naturaliter
1375 3835 1528 3882 certo
1566 3826 1728 3881 modo
1769 3826 1898 3881 sint.
1951 3824 2040 3878 Fi-

455 3943 471 3973 ι
511 3923 618 3977 lius
673 3931 860 3976 autem
914 3936 982 3975 ex
1045 3921 1209 3976 Patre
1257 3929 1377 3982 est,
1430 3920 1799 3991 generationis
1850 3917 2034 3974 modo.

455 4033 472 4065 ι
511 4013 749 4082 Spiritus
798 4025 930 4065 vero
968 4019 1216 4072 sanctus,
1265 4018 1319 4064 et
1356 4011 1469 4080 ipse
1511 4025 1730 4081 quoque
1772 4025 1841 4064 ex
1880 4010 2039 4065 Patre

457 4124 474 4156 ι
514 4113 620 4170 est,
647 4119 756 4156 non
797 4110 976 4156 tamen
1025 4101 1280 4171 gignendi
1321 4102 1504 4166 modo,
1556 4102 1650 4156 sed
1681 4101 2036 4171 procedendi.

458 4213 475 4243 ι
519 4194 583 4246 Et
614 4192 835 4260 quidem
873 4192 1305 4260 generationem,
1357 4201 1409 4246 et
1437 4192 1844 4261 processionem
1894 4193 2039 4247 inter

457 4305 474 4335 ι
511 4300 569 4338 se
610 4284 829 4339 dill‘erre
882 4295 1222 4352 compertum
1271 4286 1576 4341 habemus:
1609 4293 1868 4341 caeterum
1912 4291 2037 4358 quis

455 4397 472 4425 ι
515 4377 680 4447 hujus
711 4375 1035 4432 dill‘erentize
1077 4377 1271 4434 modus
1317 4380 1411 4440 sit,
1460 4395 1688 4449 prorsus
1735 4395 1844 4434 non
1878 4379 2037 4450 fugit.

457 4490 474 4519 ς
514 4468 686 4523 Simul
714 4485 878 4539 porro
905 4479 959 4524 et
997 4469 1118 4524 Filii
1149 4486 1216 4526 ex
1249 4470 1408 4525 Patre
1448 4473 1754 4543 generatio,
1785 4483 1840 4527 et
1868 4473 2040 4542 Spiri-

2130 1809 2638 1880 προεπεσημειώσω
2699 1811 2769 1863 τὰ
2819 1809 2949 1878 περὶ
3019 1807 3117 1862 τοῦ
3175 1807 3245 1872 ἐξ
3285 1807 3482 1878 αὐτῆς
3531 1811 3726 1864 καὶέν

2064 1896 2106 1950 Β
2135 1901 2318 1972 αὐτῇ.

2693 1995 2788 2050 Ἐκ
2816 1995 2925 2054 τοῦ
2954 1997 3168 2053 αὑτοῦ.

2205 2104 2380 2162 PAH’.
2411 2126 2429 2158 ι
2457 2108 2614 2161 Κατὰ
2642 2108 2822 2161 πάντα
2847 2111 3036 2180 ὅμοιον
3059 2110 3136 2179 τῷ
3155 2109 3332 2178 Πατρὶ
3361 2108 3460 2164 καὶ
3490 2107 3564 2179 τῷ
3580 2107 3711 2178 Υἱῷ,

2138 2220 2156 2252 ι
2199 2201 2262 2252 ὲκ
2294 2199 2388 2252 τοῦ
2418 2199 2632 2270 Πατρὸς
2665 2201 3127 2272 ἐκπορευόμενον,
3161 2203 3256 2255 καὶ
3287 2202 3357 2256 δι’
3392 2202 3528 2255 Υίοῦ
3562 2218 3716 2272 μετα-

2138 2309 2156 2342 ι
2191 2291 2472 2357 διδόμενον
2516 2291 2614 2343 καὶ
2663 2276 3233 2364 μεταλαμϐανόμενον
3269 2295 3379 2348 ὑπὸ
3407 2294 3597 2361 πάσης
3630 2293 3724 2363 τῆς

2140 2401 2156 2432 ι
2198 2382 2464 2448 κτίσεως,
2498 2385 2592 2437 καὶ
2624 2386 2690 2438 δι’
2728 2385 2926 2437 ἑαυτοῦ
2960 2386 3145 2450 κτίζον
3172 2389 3240 2440 τὰ
3273 2386 3598 2457 σύμπαντα.

2742 2481 3126 2535 Ἐπιστασία.

2212 2611 2228 2644 ι
2274 2594 2517 2656 Ἀκούεις
2548 2597 2611 2646 ὲκ
2633 2595 2727 2647 τοῦ
2765 2595 2973 2665 Πατρὸς
3018 2596 3453 2666 ἐκπορευόμενον
3484 2594 3547 2646 τὺ
3563 2592 3730 2646 Πνεῦ-

2142 2706 2159 2738 ι
2203 2705 2299 2757 μα,
2332 2687 2397 2740 δι’
2428 2687 2555 2740 Υίοῦ
2604 2688 2660 2740 δὲ
2705 2689 3256 2757 μεταλαμϐανόμενον
3301 2690 3396 2740 καὶ
3445 2687 3727 2757 μεταδιδό-

2143 2799 2163 2830 ‹
2205 2796 2386 2848 μενον,
2415 2779 2476 2831 οὐ
2518 2781 2624 2850 μὴν
2649 2781 2712 2832 ὲκ
2736 2783 2925 2833 τούτου
2955 2780 3408 2851 ἐκπορευόμενον.
3440 2798 3458 2831 ι

2730 2874 2790 2927 Ἀ
2800 2875 3139 2942 ντίρῤησις.

2219 2967 2359 3020 Ἀλλ’
2390 2968 2633 3037 ἤκουσας
2663 2966 2760 3020 καὶ
2806 2967 2888 3020 ὅτι
2919 2967 2979 3019 τὸ
3009 2967 3078 3019 δι’
3128 2965 3260 3020 Υῐοῦ
3303 2963 3732 3036 μεταλαμϐανό-

2141 3077 2303 3130 μενον
2377 3061 2471 3112 xui
2527 3059 2964 3131 μεταδιδόμενον,
3017 3060 3092 3124 ὡς
3171 3059 3240 3113 δι’
3294 3059 3424 3113 Υῐοῦ
3477 3059 3727 3130 ὑπάρχον

2142 3153 2620 3224 μεταλαμϐάνεται
2648 3154 2744 3207 καὶ
2770 3153 3113 3224 μεταδίδοται
3143 3153 3212 3207 δι’
3241 3151 3430 3207 αὐτοῦ.

2685 3270 2787 3323 Ἐκ
2834 3269 2942 3325 τοῦ
2974 3269 3185 3326 αὐτοῦ.

2211 3383 2228 3414 ι
2256 3363 2429 3417 ΡΛΘ’.
2461 3361 2520 3416 '0
2553 3361 2652 3435 μὲν
2677 3365 2786 3434 γὰρ
2818 3363 3011 3432 Πατὴρ
3033 3362 3274 3426 ἀναίτιος
3294 3363 3386 3416 καὶ
3409 3361 3731 3432 ἀγέννητος.

2145 3475 2162 3508 ι
2200 3457 2272 3508 Ού
2329 3457 2462 3526 γὰρ]
2493 3457 2556 3508 ἐκ
2607 3473 2774 3521 τινος,
2819 3456 2943 3509 οὐδὲ
2989 3456 3048 3520 ἐξ
3095 3456 3292 3509 ἑαυτοῦ
3319 3455 3380 3509 τὸ
3405 3450 3550 3509 εἶναι
3584 3455 3732 3525 ἔχει,

2144 3566 2162 3600 ι
2202 3548 2380 3602 ούδέτι
2411 3546 2521 3602 τῶν
2577 3549 2677 3601 ὅσα
2708 3549 2843 3618 ἔχει.
2875 3549 3048 3612 Αὐτὸς
3068 3549 3125 3602 δὲ
3163 3548 3375 3620 μᾶλλόν
3409 3551 3564 3601 ὲστιν
3591 3549 3732 3618 ἀρχὴ

2147 3658 2164 3689 ι
2209 3644 2300 3692 καὶ
2350 3640 2500 3716 atria.
2531 3639 2626 3693 τοῦ
2663 3635 2830 3700 εἶναι,
2865 3641 2960 3694 κα)⁸
3004 3641 3101 3694 τοῦ
3140 3643 3259 3705 πῶς
3293 3637 3436 3694 εἶναι
3485 3642 3732 3710 φυσικῶς

2146 3751 2162 3782 ι
2199 3734 2311 3795 τοῖς
2373 3734 2570 3788 Πᾶσιν.
2609 3733 2669 3786 '0
2714 3733 2768 3786 δὲ
2800 3733 2929 3797 Υἱὸς
2958 3735 3236 3806 γεννητῶς
3268 3737 3332 3787 ὲκ
3364 3736 3460 3788 τοῦ
3494 3734 3727 3806 Πατρός.

2146 3845 2162 3877 ι
2203 3827 2276 3879 Τὸ
2328 3827 2385 3881 δὲ
2437 3827 2664 3896 Πνεῦμα
2703 3827 2764 3879 τὸ
2821 3826 3017 3896 ἅγιον,
3073 3831 3164 3882 καὶ
3215 3829 3350 3881 αὐτὸ
3388 3828 3492 3898 μὲν
3543 3829 3610 3882 ὲκ
3643 3825 3730 3878 τοῦ

2146 3937 2162 3969 ι
2202 3918 2443 3987 Πατρὸς,
2474 3915 2590 3968 ἀλλ’
2634 3917 2696 3967 ού
2729 3916 3028 3986 γεννητὼς,
3063 3915 3180 3970 ἀλλ’
3209 3914 3592 3986 ἐκπορευτῶς.
3629 3915 3732 3964 Καὶ

2147 4028 2165 4060 ι
2208 4009 2261 4061 τί
2296 4011 2396 4078 μέν
2447 4010 2567 4060 ἐστι
2613 4007 2850 4077 διαφορὰ
2876 4011 3182 4077 γεννήσεως
3218 4009 3310 4061 καὶ
3341 4007 3726 4077 ὲκπορεύσεως

2147 4121 2164 4153 ι
2205 4103 2630 4171 μεμαθήκαμεν·
2660 4102 2745 4163 τίς
2774 4102 2831 4155 δὲ
2860 4105 2886 4155 ὁ
2915 4105 3114 4172 τρόπος
3150 4103 3245 4172 τῆς
3279 4103 3546 4170 διαφορεῖ,
3579 4101 3730 4153 οὐδα-

2147 4213 2164 4247 ε
2203 4195 2499 4266 μῶς.”Αμα
2531 4197 2640 4267 γὰρ
2667 4198 2760 4248 καὶ
2788 4197 2820 4264 ἡ
2847 4195 2979 4248 Υἱοῦ
3006 4199 3068 4248 ὲκ
3096 4195 3187 4249 τοῦ
3221 4195 3436 4262 Πατρδς
3457 4195 3729 4263 γέννησις,

2147 4307 2165 4340 ι
2207 4292 2300 4341 xai.
2349 4289 2382 4358 ἡ
2429 4287 2524 4340 τοῦ
2580 4288 2738 4355 ἁγίου
2799 4287 3118 4356 Πνεύματος
3152 4289 3508 4358 ἐκπόρευσις.
3545 4289 3727 4340 Πάντα

2147 4400 2165 4434 ι
2207 4379 2338 4449 γοῦν
2363 4382 2466 4434 ὅσα
2494 4380 2607 4450 ἔχει
2635 4381 2662 4432 ό
2691 4380 2816 4442 Υἱὸς
2843 4381 2934 4434 καὶ
2957 4382 3016 4433 τὸ
3037 4380 3282 4449 Πνεῦμα,
3304 4382 3366 4431 ἐκ
3397 4380 3492 4434 τοῦ
3520 4381 3731 4449 Πατρδς

2149 4492 2166 4526 ι
2206 4473 2341 4542 ἔχει,
2372 4473 2467 4526 καὶ
2503 4472 2636 4524 αὐτὸ
2667 4455 2729 4524 τὸ
2763 4466 2926 4526 εἶναι.
2956 4473 3064 4523 Καὶ
3089 4474 3137 4524 εἰ
3172 4475 3244 4542 μὴ
3274 4475 3300 4526 ὁ
3331 4474 3521 4542 Πατήρ
3561 4475 3727 4530 ἐστιν,

457 4578 474 4608 ι
515 4569 602 4613 tus
641 4560 814 4614 sancti
847 4561 1128 4630 processio
1156 4571 1257 4617 est.
1296 4561 1491 4618 Omnia
1527 4565 1690 4635 igitur
1723 4581 1844 4636 qua:
1868 4565 2034 4620 Filius

2158 4582 2167 4615 I
2207 4564 2328 4619 οὐδὲ
2374 4566 2401 4618 ὁ
2454 4563 2582 4626 Υἱός
2621 4565 2790 4627 ἐστιν,
2831 4563 2952 4617 οὐδὲ
2996 4564 3055 4617 τὸ
3109 4565 3355 4633 Πνεῦμα,
3393 4566 3488 4618 καὶ
3527 4566 3614 4618 διὰ
3649 4565 3731 4616 τὶν

457 4669 476 4701 ι
514 4659 568 4704 et
604 4651 847 4719 Spiritus
881 4651 1102 4718 habent,
1137 4662 1300 4722 atque
1342 4656 1478 4710 adeo
1520 4656 1622 4711 hoc
1658 4656 1860 4727 ipsum,
1890 4658 2034 4726 quod

446 4758 477 4790 -ε
518 4749 664 4794 sunt.
699 4738 857 4803 Quod
893 4741 938 4796 si
975 4740 1130 4798 Pater
1158 4760 1264 4798 non
1299 4755 1401 4810 est,
1427 4761 1560 4800 sane
1597 4761 1696 4801 nec
1724 4745 1898 4800 Filius
1930 4760 2034 4812 est,

459 4849 482 4882 ι
523 4845 625 4884 nec
667 4828 927 4901 Spiritus.
975 4832 1164 4889 Itidem
1217 4836 1262 4890 si
1311 4837 1469 4890 Pater
1510 4837 1647 4890 nihil
1702 4838 1885 4905 habet,
1939 4854 2040 4894 nec

462 4939 478 4962 ο
521 4918 696 4976 Filius
727 4923 944 4990 quidem
978 4926 1276 4995 quidquam
1314 4927 1499 4992 habet,
1533 4943 1631 4982 nec
1657 4927 1916 4998 Spiritus.
1959 4931 2037 4984 Ac

461 5031 480 5051 ι
520 5023 743 5084 propter
797 5015 1040 5082 Patrem,
1098 5018 1149 5071 id
1203 5027 1288 5073 est
1329 5020 1458 5086 quia
1506 5019 1664 5075 Pater
1711 5031 1814 5086 est,
1866 5021 2037 5078 Filius

457 5123 477 5156 ι
513 5122 732 5176 quoque
774 5117 827 5162 et
869 5109 1108 5178 Spiritus
1149 5120 1301 5166 sunt.
1356 5111 1420 5165 Et
1463 5128 1654 5168 rursus
1681 5125 1901 5185 propter
1935 5115 2040 5172 Pa-

461 5215 477 5249 ι
515 5209 650 5254 trem
681 5199 886 5256 habent
928 5200 1101 5258 Filius
1133 5215 1186 5258 et
1212 5203 1472 5274 Spiritus,
1522 5209 1708 5262 omnia
1752 5225 1876 5278 qua:
1925 5210 2040 5279 ipse

459 5311 477 5335 ι
518 5294 714 5359 habet;
779 5295 886 5350 hoc
933 5303 1018 5350 est
1072 5297 1201 5366 quia
1254 5295 1418 5354 Pater
1468 5300 1584 5355 haec
1635 5302 1820 5358 habet.
1877 5303 2040 5359 Exci-

458 5405 477 5438 ε
517 5385 728 5452 pienda:
765 5390 1147 5444 tantummodo
1174 5401 1304 5446 sunt
1329 5391 1574 5463 ingeniti,
1607 5396 1798 5464 geniti,
1825 5406 1881 5452 et
1913 5413 2042 5466 pro-

2151 4669 2176 4708 ‹’
2217 4654 2473 4727 Πατέρα,
2505 4657 2754 4708 τουτέστι
2799 4657 2888 4710 διὰ
2919 4655 2978 4710 τὸ
3014 4653 3152 4710 εἶναι
3188 4657 3279 4708 τὸν
3333 4657 3557 4727 Πατέρα
3589 4657 3730 4708 ἐστιν

2152 4768 2168 4800 ι
2210 4752 2238 4802 ὁ
2270 4751 2384 4812 υἱὸς
2417 4751 2511 4802 καὶ
2553 4747 2616 4800 τὸ
2642 4747 2889 4818 Πνεῦμα.
2930 4750 3041 4802 Καὶ
3069 4748 3157 4802 διὰ
3190 4749 3279 4800 τὸν
3311 4749 3534 4819 Πατέρα
3564 4749 3675 4819 ἔχει
3708 4750 3732 4798 ό

2151 4862 2169 4894 ι
2212 4844 2340 4903 Υἱὸς
2390 4845 2486 4896 καὶ
2518 4843 2578 4894 τὸ
2613 4841 2836 4911 Πνεῦμα
2887 4842 3066 4896 πάντα
3115 4841 3150 4896 ἃ
3186 4841 3319 4911 ἔχει,
3368 4843 3623 4895 τουτέστι
3648 4841 3729 4893 διὰ

2151 4957 2169 4988 ι
2211 4938 2270 4990 τὸ
2316 4937 2409 4990 τὸν
2443 4939 2662 5006 Πατέρα
2699 4935 2846 5006 ἔχειν
2888 4937 3050 5002 αὐτὰ,
3087 4936 3229 5006 πλὴν
3262 4935 3366 5005 τῆς
3399 4935 3728 5006 ἀγεννησίας

2153 5048 2170 5081 ι
2207 5029 2302 5083 καὶ
2362 5029 2461 5098 τῆς
2523 5030 2834 5100 γεννήσεως
2895 5031 2987 5082 καὶ
3039 5031 3139 5097 τῆς
3181 5029 3594 5099 ὲκπορεύσεως.
3643 5029 3728 5079 Ἐν

2151 5140 2170 5173 ι
2209 5120 2432 5182 ταύταις
2476 5122 2584 5192 γὰρ
2649 5121 2840 5191 μόναις
2884 5124 3005 5184 ταῖς
3059 5123 3455 5184 ὑποστατικαῖς
3505 5123 3726 5188 ἰδιότησι

2153 5233 2170 5266 ι
2208 5213 2561 5284 διαφέρουσιν
2609 5213 2856 5284 ἀλλήλων
2903 5215 2960 5268 αἱ
2990 5213 3144 5284 ἅγιαι
3184 5216 3339 5284 τρεῖς
3375 5215 3725 5275 ὑποστάσεις,

2151 5324 2174 5359 ί
2213 5307 2314 5359 οὐκ
2361 5305 2544 5377 οὐσίᾳ,
2570 5304 2648 5376 τῷ
2679 5307 2734 5359 δὲ
2767 5308 3255 5378 χαρακτηριστικῷ
3285 5307 3385 5378 τῆς
3422 5307 3560 5370 ἰδίας
3598 5308 3727 5360 ὑπο-

2155 5417 2173 5449 (
2215 5397 2458 5460 στάσεως
2493 5398 2814 5468 ἁδιαιρέτως
2843 5401 3246 5470 διαιρούμεναι.
3279 5421 3299 5454 ι

461 5481 784 5536 tcessionis
811 5496 998 5537 voces.
1029 5482 1092 5537 In
1128 5484 1214 5539 his
1252 5487 1398 5540 enim
1454 5490 1724 5544 duntaxat
1789 5491 2148 5563 hypostaticis
2227 5491 2654 5560 preprietatihus
2726 5502 2834 5549 tres
2889 5505 3098 5550 sancta:
3168 5494 3454 5551 Trinitatis
3490 5509 3727 5565 persona

453 5598 472 5626 ι
514 5574 658 5629 inter
686 5587 747 5628 se
775 5573 1056 5640 diﬂ‘erunt,
1091 5591 1199 5632 non
1223 5578 1485 5647 essentia,
1523 5581 1617 5636 sed
1654 5583 1914 5650 peculiari
1975 5584 2242 5654 cujusque
2295 5597 2544 5652 persona;
2574 5593 2702 5637 nota
2736 5585 3092 5640 indistinctim
3123 5587 3415 5642 distinctae.
3453 5607 3472 5640 ι

1031 5695 1463 5751 Animadversio.

526 5804 544 5837 ι
579 5786 857 5842 Attendito
887 5788 1194 5860 diligenter,
1221 5791 1386 5846 simul
1415 5802 1468 5846 et
1498 5791 1620 5846 Filii
1657 5810 1718 5849 ex
1753 5795 1908 5849 Patre
1941 5811 2035 5865 ge-

2753 5703 3138 5762 Ἐπιστασία.

2220 5815 2236 5846 ι
2282 5797 2526 5866 Προσχες
2583 5797 2851 5866 ἀκριϐῶς,
2890 5799 3006 5867 ἅμα
3052 5802 3116 5852 ὲκ
3170 5800 3266 5854 τοῦ
3312 5803 3532 5876 Πατρδς
3572 5802 3714 5872 καὶὴ

457 5895 476 5928 ι
510 5878 872 5947 nerationem,
915 5891 969 5938 et
1007 5881 1243 5951 Spiritus
1277 5887 1690 5980 processioncm
1734 5906 1876 5947 esse.
1912 5890 2025 5946 Νο-

2202 5889 2291 5943 τοῦ
2319 5888 2445 5942 Υξοῦ
2471 5890 2744 5958 γέννησις,
2764 5893 2855 5943 καὶ
2878 5893 2908 5961 ἡ
2934 5891 3025 5944 τοῦ
3049 5892 3365 5964 Πνεύματος
3384 5897 3712 5967 ὲκπόρευσις.
