3958 6398
286 420 397 483 589

1252 418 1336 479 IN
1378 416 1771 478 CAMATERI
1812 415 2572 478 ANIMADVERSIONES.

3447 418 3551 479 590

288 556 308 587 ι
363 536 792 605 Ἐπισημείωσαι
850 537 907 592 6‘s
956 537 1040 590 ὅτι
1098 536 1190 589 καὶ⁵
1216 536 1351 588 αὐτὸ
1385 535 1446 587 τὸ
1470 529 1634 598 εἶναι,
1661 532 1724 584 ὲκ
1769 529 1867 583 τοῦ

1990 551 1996 582 l
2039 541 2151 587 tato
2181 541 2444 603 prmtcrea
2473 531 2616 601 quod
2651 531 2759 584 sint
2790 538 2840 583 et
2872 529 3071 585 Filium
3098 541 3152 586 et
3184 529 3447 600 Spiritum
3487 550 3551 586 ex

287 647 308 680 ε
361 630 575 699 Πατρὸς
609 630 724 700 ἔχει
749 632 836 684 ὅτε
875 632 1000 693 Υἱὸς
1030 630 1123 683 καὶ
1152 628 1213 680 τὸ
1242 626 1483 698 Πνεῦμα.
1520 646 1540 681 ι

902 722 1293 789 Ἀντίρῤησις.
1405 716 1418 731 ⁸

358 809 531 863 Οὐδὲν
575 810 780 882 ἀπᾷδον
828 813 892 882 τῇ
928 809 1200 880 ἀκριϐείᾳ,
1239 809 1723 879 ἀντερωτήσαντας
1784 810 1877 864 καὶ

279 899 439 969 ἡμᾶς
469 900 667 953 εἰπεῖν.
702 899 763 953 Ei
793 900 924 965 γοῦν
954 899 1094 969 ἅμα,
1128 899 1257 952 πότε
1292 899 1324 968 ἠ
1375 900 1471 953 mi.
1506 899 1593 953 διὰ
1623 899 1717 953 τοῦ
1748 902 1874 955 Υίοῦ

274 992 379 1044 τοῦ
411 991 728 1058 Πνεῦματος
750 993 1110 1062 ἐκπόρευσιςς
1143 991 1257 1062 ἔχει
1284 991 1407 1060 ’γὰρ
1435 989 1626 1055 οὕτως.
1656 994 1714 1047 Εἰ
1741 994 1876 1048 διότι

277 1081 405 1152 ἅμα
434 1082 527 1136 διὰ
552 1081 717 1134 τοῦτο
751 1083 871 1153 οὐχὶ
893 1086 989 1138 καὶ
1018 1085 1081 1139 ἐκ
1116 1082 1210 1137 τοῦ
1233 1083 1388 1150 Υίοῦ,
1417 1083 1551 1137 διότι
1584 1085 1724 1151 ἅμα,
1746 1086 1872 1141 οὐδὲ

272 1175 372 1229 διὰ
402 1174 499 1228 τοῦ
529 1172 870 1231 Υίοῦ.’Λλλὰ
903 1177 1010 1247 μὴν
1034 1175 1121 1229 διὰ
1151 1175 1244 1231 τοῦ
1301 1175 1455 1240 Υεοῦ,
1488 1178 1583 1230 καὶ
1615 1177 1753 1248 ἅμα,
1784 1182 1879 1235 καὶ

272 1268 342 1318 ἐκ
375 1266 473 1318 τοῦ
498 1265 627 1318 Υίοῦ
645 1268 752 1338 ἄρα
766 1270 862 1320 καὶ
885 1266 1022 1336 ἅμα.
1046 1266 1107 1320 Ἦ
1142 1268 1197 1320 δὲ
1213 1266 1450 1337 δηλοῦσα
1474 1270 1872 1339 ἐπισημείωσις

272 1359 344 1409 ἑκ
370 1356 467 1408 τοῦ
498 1356 711 1427 Πατρὸς
737 1356 885 1427 ἔχειν
907 1357 968 1410 τὸ
992 1353 1129 1412 εἶναι
1151 1358 1241 1414 τὸν
1265 1360 1392 1412 Υἱὸν
1425 1362 1520 1413 καὶ
1542 1361 1605 1413 τὸ
1630 1361 1877 1432 Πνεῦμα,

271 1448 422 1516 αῦτη
458 1449 606 1502 ἐστὶν
632 1450 666 1519 ἡ
690 1452 1015 1520 παριστῶσα
1049 1453 1125 1523 μὴ
1147 1452 1240 1505 δύο
1274 1447 1416 1506 εἶναι
1444 1453 1543 1517 τὰς
1576 1453 1756 1517 αίτίας
1783 1453 1878 1508 τοῦ

277 1544 648 1613 Πνεῦματος,
694 1546 746 1597 εἰ
788 1545 883 1598 καὶ
934 1547 1001 1599 ὲκ
1040 1544 1135 1599 τοῦ
1181 1544 1313 1599 Υίοῦ
1359 1546 1579 1614 λέγεται
1626 1543 1768 1600 εἶναι
1819 1547 1881 1600 τὸ

277 1634 526 1705 Πνεῦμα.
560 1636 620 1688 Ei
651 1634 758 1705 γὰρ
785 1637 880 1690 καὶ
906 1636 1039 1691 αὐτὸ
1060 1637 1122 1693 τὸ
1154 1632 1295 1692 εἷναι
1327 1638 1391 1692 ὲκ
1411 1636 1507 1690 τοῦ
1535 1638 1744 1707 Πατρδς
1767 1636 1889 1707 ἔχει

282 1730 311 1779 δ
335 1728 461 1790 Υἱὸς
488 1728 806 1797 ἀδιαιρέτως
834 1740 894 1781 τε
922 1729 1018 1784 καὶ
1039 1729 1350 1797 συναϊδίως,
1365 1730 1482 1793 πῶς
1500 1729 1566 1784 ἂν
1586 1729 1693 1783 ίδία
1712 1731 1877 1801 ἀρχὴ,

292 1820 327 1889 ἢ
356 1819 575 1890 δευτέρα
609 1819 751 1890 μετὰ
772 1818 865 1881 τὸν
894 1821 1114 1890 Πατέρα
1148 1820 1294 1890 ἀρχὴ
1325 1819 1422 1873 τοῦ
1455 1819 1526 1872 δι’
1565 1818 1730 1873 αὐτοῦ
1760 1820 1879 1872 ἀδι-

1986 644 2004 676 ‹
2041 623 2199 680 Patre
2229 625 2450 679 habere.
2483 642 2501 675 ι

2620 715 2912 785 Refulatio.

2052 806 2238 877 Neque
2269 808 2339 862 ab
2385 808 2655 878 exquisita
2690 824 2871 863 rerum
2899 809 3242 871 jtractatione
3288 810 3556 873 absonum

1980 899 2170 964 fuerit,
2202 901 2633 971 interrogatione
2664 913 2855 955 contra
2897 906 3175 971 proposita
3224 905 3322 955 nti.
3357 901 3413 955 Si
3447 901 3551 972 igi-

1981 1001 2071 1047 tur
2111 992 2295 1058 simul,
2343 993 2562 1063 quando
2617 993 2854 1064 Spiritus
2892 1010 2986 1063 per
3031 993 3226 1049 Fdium
3280 995 3557 1065 processio

1980 1083 2183 1139 fuerit?
2215 1085 2327 1139 Hoc
2365 1086 2510 1139 enim
2550 1086 2622 1139 ita
2670 1101 2730 1140 se
2762 1085 2945 1149 habet,
2979 1087 3025 1141 si
3059 1086 3203 1155 quod
3242 1085 3406 1141 simul
3438 1086 3558 1143 ideo

1981 1192 2087 1232 non
2131 1193 2196 1231 ex
2238 1177 2395 1246 Filio,
2432 1178 2578 1248 quod
2622 1178 2783 1232 simul
2831 1194 3009 1248 neque
3054 1194 3150 1248 per
3178 1177 3399 1234 Filium.
3450 1179 3555 1234 Sed

1980 1284 2079 1340 per
2122 1268 2325 1324 Filium
2363 1279 2470 1336 est,
2509 1277 2562 1323 et
2613 1270 2799 1333 simul,
2831 1285 2962 1339 ergo
2989 1284 3055 1324 ex
3099 1269 3239 1325 Filio
3292 1281 3360 1325 et-
3394 1273 3559 1326 simul

1980 1359 2168 1416 fuerit.
2206 1361 2338 1426 Quae
2365 1374 2495 1414 vero
2527 1360 2810 1415 adnotatio
2840 1358 3068 1426 indicat,
3095 1375 3160 1414 ex
3194 1359 3354 1415 Patre
3372 1370 3423 1415 et
3460 1359 3555 1417 Fi-

1979 1452 2112 1505 lium
2169 1461 2224 1506 et
2264 1451 2532 1520 Spiritum
2586 1451 2788 1506 habere
2834 1451 2980 1521 quod
3035 1451 3164 1515 sint,
3215 1450 3330 1505 haec
3372 1452 3557 1530 eadem

1981 1544 2197 1613 probat,
2244 1561 2353 1599 non
2401 1545 2540 1600 duas
2592 1560 2715 1600 esse
2757 1560 2956 1600 causas
3012 1544 3272 1614 Spiritus,
3319 1545 3446 1602 licet
3493 1558 3561 1597 ex

1980 1635 2119 1692 Filio
2152 1636 2390 1714 Spiritus
2417 1637 2634 1691 dicatur
2674 1651 2815 1692 esse.
2860 1635 3075 1693 Etenim
3118 1638 3165 1691 si
3200 1637 3378 1706 ipsum
3411 1638 3557 1706 quod

1979 1729 2051 1783 sit
2093 1726 2175 1783 δι’
2200 1727 2361 1785 Patre
2400 1728 2601 1782 dicitur
2636 1726 2810 1782 Filius
2842 1728 3043 1782 habere
3092 1727 3454 1782 indistinctim
3504 1735 3561 1783 et

1981 1821 2144 1876 simul
2193 1835 2323 1877 cum
2378 1820 2525 1875 illius
2572 1821 2899 1886 aeternitate,
2957 1820 3230 1890 quomodo
3274 1820 3556 1889 proprium

292 1911 518 1979 αιρέτως
558 1912 629 1964 ὲκ
665 1910 761 1964 τοῦ
805 1911 1016 1982 Πατρδς
1065 1911 1507 1981 ἐκπορευομένου
1555 1909 1877 1979 Πνεύματος

1990 1913 2308 1985 principium
2361 1920 2459 1971 aut
2501 1913 2799 1969 secundum
2847 1922 2973 1984 post
3007 1913 3220 1967 Patrem
3268 1914 3433 1977 illius,
3463 1913 3561 1983 qui

284 2002 464 2066 ἔσται,
517 2001 612 2055 καὶ
666 2002 791 2072 οὐχὶ
841 2001 1041 2073 μᾶλλον
1078 2001 1406 2073 ἀμφοτέρων
1433 2005 1463 2056 6
1498 2004 1687 2073 Πατὴρ
1721 2001 1874 2056 ἔσται

1990 2022 2080 2078 per
2129 2008 2307 2077 ipsum
2362 2007 2639 2062 indivisim
2690 2021 2754 2065 ex
2805 2004 2966 2061 Patre
3019 2005 3257 2074 Spiritus
3289 2005 3557 2074 procedit,

277 2095 444 2165 Ξρχὴ,
479 2096 615 2164 πρὸς
638 2094 697 2147 ὃν
727 2095 1063 2167 ἀναφέρεται
1099 2096 1191 2149 καὶ
1211 2096 1273 2148 τὸ
1311 2096 1400 2152 διὰ
1432 2094 1530 2149 τοῦ
1561 2095 1691 2151 Υῑοῦ
1721 2095 1876 2163 λεγό-

1990 2099 2171 2163 l‘uerit,
2210 2107 2262 2154 et
2301 2112 2413 2156 non
2445 2101 2627 2170 potius
2667 2099 2954 2155 amborum
2998 2099 3327 2168 principium
3370 2096 3552 2158 Pater,

274 2206 446 2259 μενον
481 2185 651 2255 eivat;
1382 2247 1388 2253 ,
1982 2194 2049 2247 ad
2074 2207 2262 2262 quem,
2287 2201 2340 2248 et
2366 2193 2511 2264 quod
2545 2209 2639 2262 per
2658 2191 2860 2247 Filium
2884 2192 3085 2248 dicitur
3112 2205 3253 2257 esse,
3282 2190 3558 2246 refertur?

840 2284 943 2337 Ἐκ
988 2273 1095 2337 τοῦ
1130 2283 1338 2339 αὐτοῦ.

2412 2332 2418 2337 .
2617 2285 2702 2339 Ea:
2730 2285 2933 2341 eodem.

335 2373 481 2429 PM’.
520 2392 540 2426 t
573 2373 666 2427 Διὸ
707 2374 831 2429 οὐδὲ
859 2379 1010 2446 τρεῖς
1055 2375 1213 2439 Θεοὺς
1240 2376 1471 2445 λέγομεν
1497 2375 1593 2429 τὸν
1632 2373 1872 2442 Πατέρα,

2053 2378 2211 2434 CXL.
2260 2398 2279 2431 ι
2315 2379 2392 2433 Ac
2434 2379 2664 2449 proinde
2727 2393 2826 2433 nec
2869 2387 2982 2435 tres
3028 2377 3187 2445 Deos,
3237 2378 3452 2432 Patrem
3505 2384 3563 2432 et

275 2483 301 2517 ι
336 2466 439 2519 καὶ
463 2466 558 2519 τὸν
580 2465 729 2531 Υίδν,
748 2467 920 2520 καὶτὸ
939 2467 1164 2537 Πνεῦμα
1185 2467 1249 2521 τὸ
1274 2466 1453 2535 ἅγιον,
1475 2467 1573 2520 ἕνα
1596 2466 1652 2518 δὲ
1676 2464 1876 2534 μᾶλλον

1990 2491 2006 2522 ι
2046 2471 2240 2526 Filium
2272 2480 2327 2526 et
2355 2471 2618 2541 Spiritum
2656 2481 2914 2527 sanctum
2946 2471 3268 2537 asserimus,
3299 2472 3431 2541 quin
3461 2486 3561 2541 po-

273 2576 295 2608 t
339 2557 501 2623 Θεὸν,
533 2558 631 2630 τὴν
671 2559 834 2628 ἁγίαν
869 2560 1079 2631 Τριάδα
1106 2600 1121 2625 ,
1153 2561 1235 2624 εἰς
1271 2560 1328 2615 ἓν
1376 2562 1550 2616 αἴτιον
1596 2559 1732 2613 Υίοῦ
1783 2560 1876 2611 καὶ

252 2650 300 2701 ἰ
344 2649 672 2722 Πνεῦματος
699 2651 1151 2722 ἀναφερομένων.
1191 2669 1210 2705 ι

685 2886 691 2892 ,
905 2837 1286 2893 Ἐπιστασία.

356 2946 379 2983 t
431 2931 529 2983 Ἓν
571 2930 746 2984 αἴτιον
791 2929 956 2984 πάλιν
984 2929 1075 2985 τὸν
1107 2930 1328 3002 Πατέρα
1369 2929 1572 3002 δηλαδὴ
1606 2930 1701 2985 τοῦ
1746 2931 1876 2984 Υίοῦ

284 3043 304 3074 ο
341 3020 444 3076 καὶ
477 3020 573 3075 τοῦ
611 3020 927 3092 Πνεύματος
958 3021 1254 3092 μάνθανε.»

909 3114 1299 3182 Ἀντίρῤησις.

380 3206 533 3261 And
565 3207 663 3261 καὶ
709 3206 874 3260 πάλιν
922 3205 1182 3276 διάφορον
1210 3206 1387 3260 αἴτιον
1446 3208 1553 3262 ἴσθι
1599 3206 1875 3266 τοῦΥἱοῦ

287 3303 383 3354 καὶ
415 3299 512 3352 τοῦ
554 3298 874 3369 Πνεύματος
905 3301 996 3352 τον
1042 3298 1280 3368 Πατέρα.
1313 3300 1583 3372 Διάφορον
1610 3300 1668 3354 δὲ
1701 3303 1875 3357 αἴτιον

286 3395 312 3445 6
339 3391 552 3461 Πατὴρ,
586 3390 668 3443 ὅτι
695 3390 788 3444 τοῦ
818 3394 921 3462 μὲν
953 3391 1084 3444 Υἱοῦ
1115 3391 1183 3449 δι’
1209 3392 1422 3456 οὐδενός
1463 3397 1614 3447 ἐστιν
1674 3395 1872 3462 αἴτιος,

287 3483 381 3536 τοῦ
430 3482 490 3535 δὲ
548 3482 865 3551 Πνεῦματος
911 3482 1001 3537 διὰ
1060 3485 1156 3537 τοῦ
1182 3484 1337 3538 Υἰοῦ.
1373 3486 1437 3538 Ei
1494 3487 1603 3557 γὰρ
1655 3488 1877 3557 ἀμέσως

288 3573 582 3642 ἀμφότερα
631 3573 695 3625 ὲκ
744 3573 980 3644 Πατρδς,
1029 3573 1176 3627 καὶὸ
1230 3574 1420 3646 Πατὴρ
1469 3575 1764 3646 ἀδιάφορον
1793 3578 1878 3629 αἵ-

288 3683 431 3731 τιον,
464 3666 557 3719 καὶ
580 3666 652 3718 τὰ
683 3668 835 3719 αἰτια
868 3666 936 3719 τὰ
964 3666 1073 3719 υἱοὶ
1101 3664 1168 3718 ἂν
1207 3661 1347 3736 ἦσαν
1408 3666 1721 3736 καὶμᾶμφω.
1768 3669 1877 3721 Καὶ

290 3726 636 3829 μαρτυρήσει
685 3757 777 3828 μοί
818 3756 912 3810 τὸν
943 3756 1101 3825 λόγον
1129 3757 1158 3809 6
1189 3726 1247 3809 ἐν
1294 3757 1473 3825 ἁγίοις
1511 3726 1875 3828 imitamu—
1904 3806 1909 3809 _

290 3866 450 3912 τατος
505 3850 782 3921 Θεόδωρος
826 3849 855 3902 6
911 3850 1011 3922 τῆς
1071 3849 1293 3904 Ῥαἶοοῦ
1337 3852 1396 3903 ὲν
1438 3849 1518 3920 τῷ
1563 3851 1876 3920 δογματικῷ

290 3942 432 4009 λόγῳ
474 3941 666 4006 αὑτοῦ,
700 3934 761 3994 οὗ
797 3943 830 4012 ἡ
862 3941 1026 4011 ἀρχὴ,
1060 3959 1080 3994 (
1109 3941 1347 3995 ’Δτοπον
1367 3935 1545 4012 οἶμαι,
1581 3942 1673 3994 καὶ
1695 3942 1875 4004 καλῶς

291 4049 353 4101 γε
396 4031 555 4087 τοῦτο
609 4031 895 4101 νενόμικα,
924 4049 943 4082 ι
980 4031 1207 4101 φάσκων
1227 4029 1368 4084 οῦτω
1415 4030 1615 4100 ρητῶςο
1661 4048 1680 4082 t
1708 4030 1876 4084 Πνεῦ-

297 4143 391 4194 μα,
422 4123 567 4177 καθὰ
612 4123 826 4192 φθάσας
866 4124 1004 4194 ἔφην
1026 4163 1041 4190 ,
1082 4122 1296 4190 λέγεται
1320 4125 1348 4177 6
1380 4123 1532 4187 Θεὸς,
1565 4123 1660 4177 καί
1687 4124 1870 4192 ἅγιος·

290 4214 655 4285 συντιθέμενα
696 4215 753 4268 δὲ
786 4215 953 4285 ἄμφω
981 4215 1050 4268 τὰ
1079 4214 1325 4282 ὀνόματα
1372 4213 1450 4283 τῷ
1498 4214 1648 4278 ἰδίως
1679 4215 1876 4268 καλου-

292 4309 463 4379 μένῳ,
498 4307 723 4380 Πνεῦμα
755 4307 908 4375 ἅγιον
935 4306 1166 4377 ἁρμόζει
1189 4305 1438 4377 καθάπερ
1462 4306 1497 4376 ἡ
1538 4304 1632 4359 τοῦ
1665 4306 1874 4376 [ἰατρὸς

291 4402 581 4469 ὲπίκλησις
613 4399 692 4471 τῷ
720 4399 902 4469 αἰτίῳ,
947 4401 1043 4452 καὶ
1069 4399 1103 4468 ἡ
1148 4396 1244 4450 τοῦ
1278 4395 1410 4450 Υίοῦ
1446 4397 1526 4464 τῷ
1552 4398 1773 4466 ἀμέσως
1812 4401 1875 4450 ἐκ

293 4492 384 4548 τοῦ
420 4492 619 4549 αἰτίου.
654 4510 674 4546 ι

841 4585 946 4640 Ἐκ
974 4585 1080 4640 τοῦ
1117 4583 1330 4641 αὐτοῦ.

361 4681 549 4734 PMA'.
596 4698 615 4733 ι
662 4674 759 4745 Εἷς
789 4678 1004 4749 Πατὴρ,
1034 4679 1129 4732 καὶ
1157 4678 1186 4730 6
1220 4676 1411 4747 Πατὴρ
1443 4676 1700 4747 ἄναρχος,
1719 4695 1877 4732 τουτ-

298 4793 317 4827 t
352 4776 501 4828 ἐστιν
527 4772 788 4835 ἀναίτιος.
811 4754 888 4824 Οῦ
914 4774 1023 4841 γὰρ
1054 4771 1118 4824 ἐκ
1161 4789 1327 4829 τινος.
1354 4766 1444 4834 Εἷς
1475 4772 1622 4835 Υἱὸς,
1648 4774 1743 4826 καὶ
1780 4773 1879 4825 οὐκ

301 4886 319 4919 ι
354 4869 590 4937 ἄναρχος
614 4906 630 4931 ,
664 4866 946 4919 τουτέστιν
990 4865 1091 4918 οὐκ
1124 4865 1364 4927 ἀναίτιος
1389 4879 1403 4894 °
1442 4865 1510 4917 ἐκ
1539 4862 1631 4919 τοῦ
1666 4865 1879 4931 Πατρδς

302 4975 320 5009 t
357 4958 469 5027 γάρ
496 4976 513 4990 ·
544 4956 595 5009 εί
638 4955 696 5009 δὲ
752 4956 848 5008 καὶ
878 4954 978 5026 τὴν
1000 4954 1109 5008 ἀπὸ
1137 4956 1331 5024 χρόνου
1361 4953 1532 5025 λάϐῃς
1553 4953 1751 5025 ἀρχὴν,
1785 4954 1880 5007 καὶ

303 5069 321 5102 ι
364 5049 627 5118 ἄναρχος.
677 5049 918 5119 Ποιητὴς
974 5049 1084 5118 γὰρ
1132 5046 1342 5117 χρόνων
1375 5046 1473 5115 οὐχ
1507 5046 1613 5099 ὑπὸ
1663 5047 1876 5116 χρόνου.

301 5162 319 5196 ι
369 5144 471 5198 Ἓν
518 5140 745 5210 Πνεῦμα
778 5141 934 5208 ἅγιον
967 5139 1031 5192 τὸ
1052 5138 1301 5207 Πνεῦμα,
1349 5138 1537 5209 προϊὸν
1570 5138 1669 5207 μὲν
1698 5139 1763 5193 ἐκ
1783 5136 1877 5207 τοῦ

301 5255 320 5288 ι
358 5235 618 5306 Πατρδς,
666 5232 768 5302 οὐχ
815 5230 1005 5295 υἱῖκῶς
1057 5229 1135 5295 δὲ,
1160 5228 1289 5283 ,ἀλλ’
1343 5228 1715 5300 ὲκπορευτῶς,
1753 5228 1877 5282 οὔτε

299 5347 318 5381 t
355 5329 453 5383 τοῦ
487 5326 702 5398 Πατρὸς
731 5325 1025 5387 ἐκστάντος
1053 5324 1155 5392 τῆς
1182 5320 1533 5393 ἀγεννησίας,
1573 5322 1655 5375 ὅτι
1689 5323 1879 5391 γεγέν-

297 5439 316 5472 ι
351 5436 553 5489 νηκεν,
584 5418 707 5477 οὔτε
734 5417 829 5470 τοῦ
882 5416 1013 5470 Υίοῦ
1062 5417 1162 5486 τῆς
1210 5415 1542 5483 γεννήσεως,
1572 5415 1654 5467 ὅτι
1687 5415 1753 5468 ἐκ
1779 5413 1875 5467 τοῦ

293 5530 313 5563 r
353 5511 675 5582 ἀγεννήτου,
699 5510 815 5573 πῶς
849 5509 990 5579 γάρ;
1023 5506 1151 5561 οῦτε
1172 5507 1268 5561 τοῦ
1292 5506 1613 5578 Πνεῦματος
1645 5505 1878 5576 μεταπίο

291 5622 312 5654 t
353 5619 584 5672 πτοντος
625 5605 706 5665 είς
752 5602 972 5671 Πατέρα
1024 5600 1058 5671 ἢ
1107 5599 1265 5665 Υίὺν,
1315 5600 1397 5653 ὅτι
1447 5598 1883 5667 ἑκπεπόρευταιξ

296 5715 312 5747 ι
350 5696 445 5748 καὶ
477 5694 559 5747 ὅτι
588 5693 742 5756 Θεός.
792 5693 857 5747 Ἠ
910 5694 1022 5763 γὰρ
1078 5693 1280 5762 ἰδιότης
1331 5689 1610 5759 ἀκίνητος.
1661 5689 1732 5743 Ἢ
1758 5689 1875 5751 πῶς

299 5806 318 5839 t
356 5790 420 5841 ἂν
457 5788 659 5856 ἰδιότης
691 5787 888 5857 μείνῃς
937 5786 1233 5854 κινουμένη
1268 5785 1365 5837 καὶ
1421 5782 1868 5852 μεταπίπτουσα·

301 5899 319 5933 t
360 5882 421 5935 Ei
454 5880 566 5951 γὰρ
605 5880 732 5943 Υἱὸς
761 5879 788 5931 6
834 5877 1043 5950 Πατὴρ,
1076 5880 1135 5932 οῦ
1171 5879 1360 5948 Πατὴρ
1404 5876 1645 5946 κυρίως.

1698 5878 1791 5930 καὶ
1824 5878 1871 5929 εί
1932 5934 1935 5935 ν

1990 2583 2007 2614 ι
2051 2562 2159 2616 ιίυε
2190 2559 2515 2616 Trinitatem
2555 2576 2726 2616 unum
2764 2560 2931 2616 Deum
2967 2560 3221 2628 dicimus,
3254 2563 3336 2617 sic
3370 2562 3563 2618 videli-

1991 2674 2008 2705 ε
2043 2664 2128 2709 eet
2155 2663 2212 2707 ut
2241 2651 2411 2708 Filius
2443 2663 2498 2708 et
2533 2653 2773 2723 Spiritus
2803 2661 3027 2709 sanctus
3059 2653 3127 2708 ad
3163 2669 3329 2709 unum
3364 2664 3560 2710 aucto-

1990 2764 2010 2797 α
2048 2762 2160 2801 rem
2192 2745 2518 2801 referantur.
2558 2765 2576 2799 ι

2555 2837 2980 2893 Animadversio.

2064 2947 2081 2979 «
2124 2928 2298 2985 Unam
2341 2944 2563 2984 causam
2618 2918 2825 2986 rursus.
2853 2929 3072 2986 Patrem
3115 2946 3311 3003 nempe
3341 2931 3463 2987 ΡιΙὶἱ
3510 2941 3567 2990 et

1992 3040 2010 3074 ι
2047 3022 2282 3094 Spiritus
2313 3023 2528 3080 discito.
2564 3044 2583 3076 ι

2059 3187 2165 3249 Sed
2212 3203 2432 3249 rursum
2467 3119 3011 3251 όὶνετξξιςαὲἔιιιῗευηι
3054 3191 3178 3251 Filii
3219 3199 3275 3247 et
3324 3190 3564 3262 Spiritus

1990 3276 2207 3335 Patrem
2242 3289 2297 3337 tu
2324 3298 2543 3353 quoque
2578 3285 2889 3352 perdiscito.
2930 3284 3150 3341 Diversa
3183 3293 3361 3340 autem
3394 3299 3559 3339 causa

1983 3367 2144 3429 Pater
2186 3382 2292 3437 est,
2343 3375 2489 3443 quod
2534 3373 2655 3430 Filii
2688 3391 2784 3446 per
2832 3376 3042 3433 nullum
3077 3376 3270 3444 alium,
3323 3368 3563 3446 Spiritus

1983 3481 2078 3534 per
2124 3464 2325 3523 Filium
2357 3483 2523 3523 causa
2568 3478 2672 3527 est.
2716 3469 2927 3525 Etenim
2976 3472 3023 3528 εἰ
3057 3469 3220 3529 ambo
3268 3478 3454 3526 essent
3495 3485 3562 3524 ex

1983 3557 2144 3613 Patre
2189 3559 2526 3627 immediate,
2560 3569 2614 3618 et
2658 3560 2819 3621 Pater
2846 3561 3182 3631 ,indill‘erens
3225 3578 3415 3630 causa,
3453 3564 3562 3620 uti-

1984 3664 2091 3716 que
2138 3657 2195 3704 et
2242 3650 2354 3719 ipsa
2405 3662 2630 3707 causata
2669 3653 2832 3708 ambo
2871 3652 2970 3709 lilii
3021 3661 3224 3710 essent.
3277 3653 3346 3712 Et
3400 3654 3562 3712 ﬁdem

1984 3739 2225 3794 sermoni
2258 3754 2378 3797 meo
2408 3741 2723 3801 conciliabit
2752 3742 3071 3811 dogmatum
3111 3753 3356 3809 assertor
3383 3747 3562 3800 maxi-

1984 3844 2107 3883 mus
2137 3828 2463 3891 Theodorus
2511 3829 2841 3898 Raitltenus,
2893 3834 2987 3904 qui
3037 3834 3283 3897 oratione
3327 3850 3426 3890 sua
3459 3836 3562 3891 do-

1983 3922 2242 3990 gmatica,
2290 3924 2446 3993 cujus
2497 3924 2631 3980 illud
2667 3925 2996 3996 principium
3040 3938 3145 3994 Pii,
3197 3926 3563 3987 «Absurdunt

1983 4028 2126 4080 esse,
2182 4025 2238 4070 et
2288 4016 2458 4085 probe
2510 4018 2614 4072 hoc
2668 4018 2996 4084 existimavi,
3033 4037 3051 4071 ι
3117 4020 3233 4074 haec
3284 4019 3558 4089 ipsissitna

1986 4109 2179 4163 habet:
2213 4127 2232 4160 ι
2267 4107 2524 4179 Spiritus,
2555 4112 2743 4183 utjam
2770 4123 2927 4167 antea
2944 4113 3079 4177 dixi,
3115 4112 3254 4168 Deus
3271 4113 3490 4179 dicitur,
3508 4126 3562 4168 et

1983 4211 2205 4257 sanctus
2230 4203 2395 4271 Deus,
2425 4221 2547 4275 qua:
2580 4209 2801 4263 nomina
2833 4208 2995 4264 ambo
3019 4208 3183 4264 simul
3210 4208 3556 4273 concinnata,

1983 4296 2075 4364 qui
2111 4298 2329 4365 proprie
2370 4297 2452 4353 sic
2479 4309 2710 4354 vocatur
2744 4299 2982 4369 Spiritus
3022 4309 3267 4364 sanctus,
3300 4309 3560 4370 aptantur

1981 4389 2437 4458 quemadmodum
2469 4390 2647 4447 Patris
2689 4390 2979 4461 appellatio
3015 4405 3216 4456 causae,
3258 4401 3312 4449 ct
3342 4408 3404 4447 ea
3439 4407 3561 4462 qua:

1984 4483 2108 4539 Filii
2139 4491 2223 4539 est
2253 4484 2352 4549 illi,
2388 4484 2483 4554 qui
2518 4500 2581 4539 ex
2619 4498 2787 4540 causa
2818 4483 3131 4539 immediate
3160 4494 3264 4539 est.
3300 4501 3318 4536 ι

2618 4576 2702 4631 Ea:
2727 4577 2928 4632 eodem.

2055 4666 2238 4723 CXLI.
2286 4684 2305 4717 ‹
2342 4664 2494 4722 Unus
2526 4665 2711 4731 Pater,
2738 4676 2795 4721 et
2824 4666 3052 4738 originis
3093 4683 3311 4740 expers,
3347 4669 3450 4725 hoc
3478 4681 3563 4731 est

1988 4780 2008 4812 ι
2046 4775 2247 4817 causa}.
2294 4759 2485 4830 Neque
2514 4761 2663 4817 enim
2713 4775 2779 4816 ex
2829 4761 2940 4817 ullo
2969 4770 3070 4817 est.
3109 4759 3265 4821 Unus
3298 4763 3429 4823 item
3466 4763 3560 4819 Fi-

1990 4872 2009 4905 ι
2044 4852 2152 4908 lius
2195 4862 2281 4909 est
2325 4850 2526 4918 Filius,
2577 4867 2685 4909 non
2742 4862 2926 4911 tamen
2980 4856 3258 4927 principii,
3313 4859 3418 4915 hoc
3477 4872 3560 4913 est

1988 4965 2006 4997 ι
2041 4960 2243 5011 causa),
2280 4961 2499 5014 expers.
2533 4946 2689 5012 Quod
2732 4949 2775 5004 si
2806 4950 3139 5019 principium
3172 4949 3278 5007 hoc
3305 4951 3374 5006 de
3412 4962 3558 5008 leut-

1989 5056 2006 5091 ι
2043 5051 2176 5104 pore
2225 5038 2522 5109 intelligas,
2572 5038 2844 5108 principio
2895 5055 3113 5109 quoque
3156 5047 3331 5097 caret.
3372 5039 3558 5112 Neque

1987 5148 2005 5181 ι
2043 5129 2188 5183 enim
2237 5131 2472 5199 temperi
2518 5131 2708 5186 subest
2756 5140 3062 5201 temporum
3107 5131 3354 5188 ellector.
3400 5131 3557 5189 Unus

1987 5240 2005 5273 ι
2042 5220 2279 5289 denique
2316 5220 2575 5290 Spiritus,
2613 5221 2854 5291 Spiritus
2890 5235 3127 5278 sanctus.
3161 5233 3266 5285 est,
3300 5235 3554 5291 progres-

1986 5330 2003 5363 ι
2049 5326 2146 5367 sus
2192 5326 2260 5365 ex
2307 5309 2488 5375 Patre,
2525 5324 2636 5365 non
2688 5319 2872 5367 tamen
2909 5312 3190 5368 ﬁliationis
3234 5312 3420 5378 modo,
3455 5314 3551 5367 sed

1986 5423 2004 5457 ι
2043 5406 2434 5474 processionis.
2471 5404 2584 5461 Nec
2621 5422 2749 5463 vero
2788 5407 2949 5464 Pater
2979 5408 3185 5462 idcirco
3223 5405 3293 5460 ab
3324 5406 3548 5476 ingeniti

1984 5515 2001 5548 ι
2042 5501 2373 5569 proprietate
2436 5500 2687 5568 descivit,
2739 5500 2866 5569 quia
2910 5497 3148 5571 genuit:
3191 5512 3293 5553 nec
3359 5512 3554 5553 rursus

1985 5612 2001 5643 ι
2040 5591 2211 5648 Fdius
2262 5608 2291 5647 ε
2337 5595 2711 5664 generatione,
2750 5592 2880 5662 quia
2934 5607 3002 5647 ex
3042 5590 3287 5660 ingenito
3330 5591 3560 5661 genitus

1984 5703 2001 5735 α
2038 5694 2142 5750 est,
2196 5685 2290 5752 qui
2337 5686 2482 5745 enim
2537 5684 2641 5747 ltoc
2694 5682 2810 5737 ﬁeri
2853 5682 3079 5752 posset?
3124 5696 3224 5737 nec
3271 5691 3551 5751 postremo

1982 5795 1999 5827 ι
2038 5775 2298 5845 Spiritus,
2334 5785 2426 5829 aut
2455 5776 2506 5828 in
2534 5771 2751 5827 Patrem
2784 5783 2877 5827 aut
2911 5773 2963 5826 in
2999 5770 3193 5826 Filium
3228 5773 3550 5826 immutatus

1981 5889 1999 5923 ‹
2040 5878 2144 5935 est,
2174 5869 2297 5938 quia
2331 5866 2621 5937 processit,
2656 5872 2711 5920 et
2756 5865 2885 5932 quia
2929 5864 3071 5922 Deus
3101 5873 3204 5922 est.
3245 5863 3549 5920 lnttuubilts
