3958 6392
380 405 483 474 ῈΒΙ
1413 399 1625 464 JOAN.
1669 395 1887 460 VECCI
1927 395 2035 455 CP.
2079 391 2595 454 PATRIARCHIE
3558 385 3662 447 592

395 544 412 574 σ
453 520 722 594 siquidem
751 527 834 574 est
861 517 1190 590 proprietas.
1223 512 1344 580 Quo
1372 513 1518 568 enim
1538 511 1780 580 alioquin
1814 508 1979 563 modo

2145 506 2334 576 Πατὴρ
2368 507 2394 558 ὁ
2425 505 2576 569 Υίδς,
2627 504 2689 556 οὐ
2746 501 2954 576 κυρίως
3001 502 3148 568 Υἱὸς,
3180 500 3278 555 καὶ
3334 500 3397 553 ἓν
3438 497 3664 567 Πνεῦμα

397 637 413 668 ι
453 592 762 686 proprietas
787 611 889 666 sibi
933 616 1234 668 constaret,
1269 606 1315 660 si
1360 611 1698 665 moveretur,
1731 610 1897 668 atque
1935 613 1965 652 a

2143 598 2319 666 ἅγιον.
2344 597 2465 667 Χρὴ
2486 597 2543 651 δὲ
2563 596 2860 665 γινώσκειν
2883 597 2966 650 ὅτι
2997 597 3088 649 τὸν
3108 592 3329 663 Πατέρα
3348 593 3410 646 ού
3431 592 3666 660 λέγομεν

397 728 415 759 ι
453 683 514 762 se
559 683 938 760 descisceret?
983 697 1119 754 Nam
1151 698 1215 753 -εἰ
1244 695 1416 751 Filius
1445 695 1607 750 Pater
1651 701 1757 752 est,
1807 691 1969 745 Pater

2137 689 2200 742 ἐκ
2225 705 2394 752 τινος,
2424 689 2658 757 λέγομεν
2697 688 2755 740 δὲ
2786 688 2950 742 αὑτὸν
2992 687 3088 741 τοῦ
3120 685 3252 740 Υίοῦ
3282 685 3527 756 Πατέρα.
3561 683 3667 737 Τὸν

398 817 416 849 ι
453 811 586 852 sane
616 794 838 864 proprie
883 807 994 845 non
1029 800 1135 844 est.
1181 786 1334 842 Unus
1367 785 1527 840 enim
1561 784 1779 854 proprie
1807 779 1970 834 Pater

2137 780 2196 834 δὲ
2245 781 2371 834 Υἱὺν
2403 780 2466 834 οὐ
2518 781 2751 849 λέγομεν
2782 780 2958 833 αἴτιον
2996 779 3121 833 οὐδὲ
3161 778 3405 848 Πατέρα,
3435 777 3669 846 λέγομεν

397 906 415 939 ι
451 895 556 941 est.
594 884 797 938 Eodem
839 880 1005 935 modo
1039 880 1083 934 si
1110 877 1283 932 Filius
1321 874 1482 929 Pater
1512 883 1618 937 est,
1642 871 1820 926 Filius
1845 884 1972 940 pro-

399 999 417 1030 ι
456 977 572 1048 prie
611 989 720 1030 non
765 983 871 1028 est.
906 972 1064 1028 Unus
1105 969 1250 1025 enim
1286 967 1505 1037 proprie
1536 964 1708 1020 Filius
1748 973 1857 1027 est,
1889 970 1972 1015 at-

397 1089 416 1123 ι
454 1085 562 1140 que
609 1083 754 1123 unus
809 1065 1048 1136 Spiritus
1110 1070 1354 1116 sanctus.
1443 1057 1558 1112 lloc
1608 1070 1779 1126 porro
1831 1053 1973 1109 scire

397 1182 416 1215 ι
454 1176 634 1232 (ψει-ω
680 1159 917 1230 pretium
970 1164 1076 1219 est,
1113 1153 1260 1222 quod
1299 1149 1533 1206 Patrem
1574 1163 1641 1202 ex
1688 1146 1801 1200 ullo
1849 1157 1973 1198 esse

399 1277 417 1309 ι
457 1254 685 1310 minime
707 1253 968 1315 dicimus,
993 1249 1086 1305 sed
1113 1247 1234 1301 Filii
1259 1245 1474 1299 Patrem
1503 1255 1626 1297 esse
1647 1237 1969 1294 asserimus.

2083 888 2102 920 ι
2141 869 2199 922 δὲ
2227 869 2391 923 αὑτὸν
2423 869 2488 921 ὲκ
2521 867 2617 921 τοῦ
2644 869 2859 938 Πατρδς
2891 870 2986 922 καὶ
3016 867 3144 920 Υίδν
3172 866 3268 920 τοῦ
3294 865 3532 937 Πατρός.
3559 865 3673 918 Καὶ

2081 981 2103 1015 ι
2146 963 2210 1016 τὸ
2250 961 2477 1032 Πνεῦμα
2518 961 2581 1014 τὸ
2626 961 2784 1029 ἅγιον
2814 964 2877 1015 ὲκ
2908 960 3003 1013 τοῦ
3035 959 3248 1029 Πατρδς
3285 958 3542 1026 λέγομεν,
3576 959 3674 1010 καὶ

2085 1071 2104 1106 ι
2142 1052 2372 1127 Πνεῦμα
2432 1051 2647 1121 Πατρδς
2695 1050 3059 1122 ὀνομάζομεν,
3093 1053 3157 1103 ὲκ
3199 1049 3295 1102 τοῦ
3336 1049 3468 1102 Υίοῦ
3508 1048 3566 1101 δὲ
3611 1049 3678 1101 τὸ

2085 1163 2104 1198 ι
2130 1143 2374 1215 -Πνεῦμα
2416 1145 2478 1196 ού
2518 1143 2774 1213 λέγομεν,
2805 1143 3030 1212 Πνεῦμα
3054 1141 3110 1196 δὲ
3141 1140 3273 1194 Υίοῦ
3305 1139 3674 1209 ὀνομάζομεν.

2040 1264 2045 1270 ·
2085 1256 2104 1292 ι
2131 1237 2215 1291 -Εί
2240 1254 2324 1301 τις
2356 1235 2584 1306 Πνεῦμα
2630 1235 2871 1306 Χριστοῦ
2927 1236 3028 1288 οὐκ
3062 1234 3200 1304 ἔχει,
3235 1233 3402 1302 φησὶν
3456 1233 3485 1284 ὁ
3530 1232 3678 1292 θεῖος

2087 1346 2106 1380 ι
2157 1326 2500 1389 ’Δπόστολος.
2529 1325 2639 1378 Καὶ
2671 1326 2738 1378 δι’
2765 1324 2898 1380 Υἱοῦ
2927 1324 3351 1394 πεφανερῶσθαι
3379 1323 3474 1376 καὶ
3506 1340 3680 1392 μετα-

2089 1437 2108 1472 ι
2144 1417 2381 1472 δίδοσθαι
2403 1418 2534 1488 ἡμῖν
2561 1416 2950 1488 ὁμολογοῦμεν.
2977 1435 3004 1468 4
3031 1416 3364 1487 Ἐνεφύσησε
3391 1415 3522 1484 γὰρ,
3580 1415 3682 1468 καὶ

2087 1527 2106 1562 ι
2149 1505 2269 1564 εἷπε
2294 1512 2408 1574 τοῖς
2436 1509 2704 1580 μαθηταῖς
2743 1510 2945 1576 αὐτοῦ,“
2963 1508 3173 1564 Λάὸετε
3199 1509 3422 1579 Πνεῦμα
3444 1507 3663 1575 ἅγιον.»

2089 1619 2108 1655 ι
2147 1601 2339 1673 ὥσπερ
2359 1603 2425 1654 ὲκ
2449 1602 2544 1655 τοῦ
2571 1602 2725 1672 ἡλίου
2753 1603 2852 1672 μὲν
2881 1603 2919 1672 ᾗ
2956 1619 3015 1655 τε
3055 1602 3224 1665 ἀκτὶς
3253 1600 3350 1654 καὶ
3369 1599 3640 1669 έλλαμψις
3665 1620 3679 1632 ·

401 1733 420 1765 ι
456 1714 656 1769 lamus.
694 1714 765 1768 At
789 1728 920 1767 vero
970 1727 1096 1766 cuin
1143 1725 1209 1766 ex
1244 1707 1386 1763 Filio
1414 1720 1539 1762 esse
1581 1719 1689 1758 non
1715 1700 1975 1764 dicimus,

2106 1714 2109 1747 :
2143 1696 2307 1759 αὐτὸς
2341 1696 2453 1765 γάρ
2505 1698 2676 1763 ἐστιν,
2705 1697 2739 1767 η
2766 1697 2918 1766 πηγὴ
2945 1695 3046 1764 τῆς
3088 1711 3150 1750 τε
3189 1696 3411 1758 ἀκτῖνος
3455 1695 3553 1748 καὶ
3581 1696 3683 1764 τῆς

402 1826 421 1860 ι
459 1806 555 1863 sed
602 1803 728 1860 Filii
773 1805 1040 1876 Spiritum
1086 1802 1463 1858 nominamus.
1502 1783 1620 1851 (Si
1655 1792 1782 1866 quis
1827 1791 1975 1846 enim

2106 1807 2112 1842 l
2149 1789 2492 1858 ἔλλάμψεως,
2521 1789 2612 1842 διὰ
2658 1789 2717 1841 δὲ
2764 1790 2864 1859 τῆς
2907 1787 3128 1851 ἀκτῖνος
3163 1787 3198 1860 ἡ
3241 1785 3513 1856 ιλλαμψις
3544 1787 3683 1856 ἡμῖν

403 1918 422 1951 ι
458 1898 712 1970 spiritum
743 1897 950 1952 Christi
1005 1909 1114 1950 non
1170 1893 1355 1957 habet,
1403 1890 1481 1944 ait
1519 1885 1840 1958 Apostolus.
1887 1881 1976 1936 hic

2106 1901 2109 1933 ι
2153 1880 2530 1951 μεταδίδοται,
2578 1881 2674 1934 καὶ
2722 1879 2865 1950 αὕτη
2904 1880 3116 1950 ὲστὶνή
3163 1879 3480 1949 φωτίζουσα
3529 1879 3680 1949 ἡμᾶς

402 2007 420 2040 ι
459 1969 569 2043 non
599 1996 685 2045 est
721 1989 843 2059 ejus
869 1989 937 2040 ".
980 2004 998 2038 ι
1027 1987 1207 2055 Atque
1237 1984 1414 2054 ipsum
1452 1979 1610 2035 nobis
1638 1992 1734 2048 per
1777 1971 1978 2028 Filium

2106 1992 2114 2025 l
2151 1972 2248 2027 καὶ
2301 1971 2640 2042 μετεχομένη
2691 1971 2782 2041 ὑφ’
2815 1971 2995 2043 ἡμῶν.
3042 1972 3147 2027 Τὸν
3171 1971 3229 2025 δὲ
3266 1971 3398 2025 Υίὸν
3419 1969 3548 2024 οὔτε
3582 1969 3675 2022 τοῦ

404 2099 423 2132 ι
459 2089 513 2136 et
541 2080 875 2150 patefactum
900 2094 1043 2146 esse,
1075 2086 1131 2132 et
1157 2073 1424 2147 impertiri
1454 2070 1801 2128 conﬁtemur.
1843 2065 1981 2120 «1η-

2106 2083 2115 2116 l
2158 2064 2477 2133 Πνεύματος
2533 2063 2806 2134 λέγομεν,
2857 2061 2982 2117 οὔτε
3060 2063 3167 2135 μὴν
3235 2064 3302 2117 ἐκ
3364 2060 3462 2116 τοῦ
3510 2059 3670 2114 Πνεύ-

402 2191 423 2226 ι
459 2172 697 2246 gulﬂavit
746 2173 914 2237 enim,
958 2172 1036 2225 ait
1077 2170 1190 2236 ille,
1229 2178 1282 2224 et
1330 2167 1466 2222 dixit
1507 2161 1797 2232 discipulis
1840 2159 1980 2224 suis,
2095 2175 2115 2210 ι
2156 2174 2346 2228 ματος.
2398 2176 2418 2211 ι

406 2285 426 2319 ι
461 2245 709 2337 Accipite
753 2265 1013 2334 Spiritum
1066 2260 1406 2318 sanctum“.
1449 2262 1509 2324 »ζ
1541 2250 2015 2337 Quemadmodum
2073 2249 2330 2304 .videlicet
2413 2265 2481 2306 ex
2547 2249 2664 2306 sole
2712 2249 2963 2322 quidem,
3005 2256 3061 2306 et
3094 2247 3284 2305 radius
3337 2256 3392 2303 et
3426 2245 3684 2318 splendor

406 2381 424 2414 ι
460 2333 642 2416 ortum
676 2333 905 2426 habent,
941 2359 1056 2428 ipse
1088 2358 1234 2412 enim
1283 2364 1335 2411 et
1374 2353 1537 2418 radii,
1569 2360 1625 2406 et
1663 2333 1970 2420 splendoris
2004 2344 2123 2399 fons
2153 2354 2258 2411 est,
2325 2360 2423 2414 per
2485 2346 2701 2400 radium
2739 2356 2925 2401 autem
3004 2345 3166 2401 nobis
3209 2344 3468 2415 splendor
3533 2358 3686 2400 com-

406 2475 425 2509 ι
464 2455 797 2518 municatur,
854 2463 1019 2523 atque
1067 2451 1186 2520 ipse
1229 2455 1333 2513 est,
1381 2445 1476 2516 qui
1521 2458 1623 2500 nos
1673 2440 1981 2502 collustrat,
2013 2447 2178 2510 atque
2243 2453 2275 2493 a
2312 2438 2473 2494 nobis
2543 2439 2868 2510 percipitur.
2901 2439 2972 2494 At
3039 2437 3241 2494 Filium
3307 2452 3411 2495 nec
3441 2438 3691 2510 Spiritus

411 2567 430 2600 ι
472 2547 668 2613 lilium,
690 2559 889 2601 inec-ex
918 2541 1132 2614 Spiritu
1173 2554 1297 2595 esse
1332 2536 1593 2592 dicimus.
1621 2551 1640 2585 ι

989 2631 1414 2688 Animadversio.
1919 2667 1934 2678 ._

2702 2618 3084 2676 Ἐπιστασία.

493 2751 512 2780 ι
551 2727 830 2785 Attentius
861 2726 1114 2781 recolens
1139 2724 1280 2777 lianc
1305 2722 1640 2790 pericopem,
1668 2727 1722 2772 et
1746 2730 1868 2786 qua:
1897 2729 1994 2786 per

2179 2727 2197 2760 ι
2255 2707 2794 2782 Ἐπιστατικώτερον
2842 2714 3049 2783 ταύτης
3101 2715 3344 2778 ἀκούσας
3390 2717 3493 2787 τῆς
3535 2735 3692 2788 περι-

413 2845 431 2878 ι
467 2839 590 2878 catn
618 2823 866 2877 doctrina
903 2817 1165 2878 traditur,
1199 2813 1537 2870 concordato
1579 2827 1703 2864 cum
1737 2811 1831 2874 iis,
1871 2823 1992 2877 quae

2106 2818 2123 2850 ι
2173 2801 2372 2870 κοπῆς,
2417 2803 2512 2855 καὶ
2544 2803 2643 2872 τὴν
2688 2802 2778 2857 διὰ
2830 2804 3033 2874 ταύτης
3078 2806 3452 2878 διδασκαλίαν,
3489 2812 3691 2880 συμϐί-

416 2937 434 2970 ι
473 2932 638 2986 supra
695 2930 760 2969 ex
822 2912 1052 2980 reliquis
1105 2907 1329 2964 deileris
1389 2905 1666 2968 Pntribus,
1723 2902 1989 2972 Gregorio

2106 2911 2123 2944 ι
2175 2893 2340 2986 βασον
2390 2894 2529 2963 πρὸς
2593 2895 2739 2964 ἅπερ
2791 2896 3048 2968 ἀνωτέρω
3108 2900 3262 2968 παρὰ
3313 2901 3424 2954 τῶν
3479 2901 3690 2956 λοιπῶν

414 3031 433 3062 ι
477 2985 672 3078 nempe
701 3003 1006 3073 Tlieologo,
1033 2999 1301 3070 Nysseno,
1337 3009 1392 3053 et
1425 2998 1670 3052 coelestia
1714 2995 1989 3050 revelante

2108 3004 2126 3036 ι
2175 2985 2451 3056 θεοφόρων
2495 2989 2779 3056 Πατέρων,
2832 2989 2926 3042 τοῦ
2970 2989 3236 3060 Θεολόγου
3281 2993 3489 3064 δηλαδὴ
3551 2996 3694 3066 Γρη-

414 3123 432 3156 ι
475 3099 735 3170 Dionysio
784 3095 1070 3164 accepisti.
1127 3089 1376 3160 Namque
1419 3105 1545 3145 cum
1604 3089 1680 3142 illi
1746 3102 1813 3142 ex
1871 3087 1988 3142 solo

2106 3096 2120 3130 ι
2169 3078 2376 3148 γορίου,
2411 3079 2504 3131 τοῦ
2553 3078 2794 3150 Νύσσης,
2828 3083 2920 3133 καὶ
2972 3083 3067 3135 τοῦ
3095 3086 3473 3156 ίεροφάντορος
3508 3092 3693 3142 Διονυο

416 3218 436 3250 ι
476 3196 638 3250 Patre
695 3189 1106 3262 processionem
1158 3185 1399 3254 Spiritus
1449 3181 1849 3246 decrevissent,
1899 3178 1990 3232 hic

2106 3188 2122 3221 ι
2172 3171 2293 3222 σίου
2355 3170 2692 3241 παρέλαΰες.
2755 3172 3013 3228 Ἐκείνων
3058 3177 3166 3245 γὰρ
3235 3178 3300 3229 ὲκ
3364 3180 3534 3247 μόνου
3597 3183 3690 3233 τοῦ

415 3310 433 3343 ι
471 3290 689 3344 divinus
734 3285 862 3337 item
888 3280 1056 3335 Pater
1090 3292 1197 3331 non
1231 3276 1409 3330 aliena
1441 3275 1510 3328 ab
1545 3287 1736 3328 eorum
1771 3281 1994 3327 senten-

2106 3281 2124 3315 ι
2173 3265 2386 3335 Πατρὺς
2417 3265 2516 3336 τὴν
2551 3266 2994 3338 τοῦΉνεύματος
3021 3269 3467 3339 δογματισάντων
3512 3276 3687 3328 tumi-

418 3403 438 3435 ι
476 3384 547 3437 tia
571 3380 824 3440 edocens,
859 3372 1154 3441 explanat;
1195 3368 1462 3433 Spiritum
1507 3376 1759 3421 salictum
1791 3380 1858 3418 ex
1890 3361 1994 3416 Pa-

2107 3376 2125 3408 ι
2177 3373 2384 3426 ρευσιν,
2410 3352 2568 3420 οὗτος
2603 3358 2630 3412 ό
2657 3358 2918 3430 θεοφόρος
2964 3362 3155 3430 Πατὴρ
3188 3363 3419 3427 ἐκείνοις
3472 3368 3692 3436 συνῳδὰ

421 3496 438 3529 ι
483 3485 564 3528 tre
595 3471 851 3530 dicimus,
899 3474 954 3521 et
992 3462 1252 3534 Spiritum
1284 3460 1465 3515 Patris
1495 3473 1901 3526 nuncupatnus,
1929 3471 1994 3510 ex

2107 3467 2124 3500 ι
2171 3447 2459 3513 διδάσκων,
2508 3447 2775 3512 διέξεισι·
2821 3449 3007 3503 καὶτὸ
3043 3451 3272 3521 Πνεῦμα
3303 3453 3365 3505 τὸ
3416 3453 3580 3524 ἆγιον
3632 3463 3694 3510 ἐκ

421 3588 438 3618 ι
479 3565 617 3618 Filio
645 3577 777 3615 vero
808 3557 1070 3628 Spiritum
1106 3571 1216 3609 non
1243 3555 1501 3608 dicimus.
1528 3552 1607 3605 Ad
1640 3553 1753 3604 lucc
1788 3558 1994 3612 notato,

2109 3557 2127 3590 ι
2175 3539 2269 3592 τοῦ
2309 3538 2522 3606 Πατρὸς
2556 3537 2814 3610 λέγομεν,
2852 3543 2945 3594 καὶ
2979 3543 3205 3614 Πνεῦμα
3233 3545 3446 3616 Πατρδς
3487 3547 3694 3617 ὀνομά-

421 3675 440 3708 ι
481 3652 776 3725 ἱμείεςὶιιιὶε
808 3647 990 3703 verbis
1018 3660 1142 3700 eum
1189 3645 1453 3704 vetuisse,
1496 3642 1736 3710 Spiritus
1773 3653 1994 3694 causam

2109 3651 2128 3684 ι
2175 3631 2366 3702 ζομεν,
2399 3634 2463 3685 ἐκ
2489 3630 2582 3684 τοῦ
2608 3632 2736 3685 Υἱοῦ
2761 3634 2818 3686 δὲ
2849 3632 2909 3686 τὺ
2936 3633 3161 3704 Πνεῦμα
3180 3637 3241 3688 ού
3273 3635 3526 3707 λέγομεν.
3554 3640 3696 3710 Πρὸς

421 3770 440 3804 ι
477 3723 658 3805 dicere
686 3743 908 3807 Filium,
943 3755 1068 3796 cum
1094 3737 1287 3794 scribit
1327 3752 1340 3788 :
1387 3734 1582 3789 Filium
1616 3747 1746 3788 vero
1776 3747 1994 3826 cans'am

2113 3743 2130 3774 ι
2177 3723 2390 3787 τούτοις
2470 3725 2784 3795 σημείωσαι
2839 3729 2937 3781 καὶ
2981 3728 3066 3782 ὃτι
3116 3729 3297 3800 ῥητῶς
3343 3729 3694 3801 ἀπηγόρευσε

424 3863 442 3896 ι
485 3857 593 3897 non
630 3839 888 3901 dicimus,
940 3847 1118 3903 neque
1153 3829 1393 3884 Patrem.
1425 3827 1503 3881 lta
1546 3834 1604 3881 ut
1636 3841 1704 3879 ex
1752 3825 1818 3880 iis
1847 3816 1994 3879 colli-

2118 3834 2136 3867 ι
2180 3817 2272 3868 τὸν
2322 3816 2451 3869 Υίδν
2482 3819 2658 3872 αἴτιον
2693 3818 2972 3887 λέγεσθαι,
3015 3822 3074 3874 ὲν
3103 3816 3184 3882 οἷς
3218 3823 3460 3892 γράφει·
3495 3824 3604 3877 Τὸν
3640 3825 3694 3877 δὲ

399 1371 416 1405 ι
454 1350 652 1405 Filium
686 1349 816 1401 item
854 1361 952 1400 nec
984 1358 1230 1405 causam,
1275 1355 1374 1395 nec
1403 1337 1619 1392 Patrem
1666 1348 1789 1389 esse
1829 1329 1972 1386 dici-

400 1462 419 1495 ι
458 1458 605 1509 mus,
639 1455 829 1495 verum
861 1453 986 1494 eum
1019 1447 1073 1492 et
1099 1451 1164 1490 ex
1201 1433 1362 1488 Patre
1403 1444 1548 1495 esse,
1581 1436 1636 1483 et
1667 1425 1846 1480 Patris
1878 1422 1972 1477 Fi-

400 1554 420 1587 σ
455 1537 584 1590 lium
639 1549 782 1590 esse.
845 1531 1087 1600 Denique
1145 1527 1414 1598 Spiritum
1466 1530 1746 1584 sanctum,
1799 1527 1853 1574 et
1907 1530 1975 1569 ex

401 1649 420 1682 ι
459 1629 618 1684 Patre
643 1643 766 1684 esse
811 1625 1128 1689 statuimus,
1179 1631 1234 1677 et
1268 1619 1446 1674 Patris
1478 1615 1743 1688 Spiritum
1793 1610 1978 1682 appel-

424 3955 443 3988 ι
480 3933 818 4006 gere-liceat,
853 3941 922 3981 ex
952 3924 1071 3982 solo
1097 3921 1268 3976 Patre
1305 3917 1543 3988 Spiritus
1579 3915 1753 3971 sancti
1781 3929 2003 3984 proces-

410 4051 444 4083 -ι
483 4031 694 4085 sionem
733 4035 881 4077 esse.
909 4035 941 4070 -›

1055 4203 1351 4273 Refutatio.

479 4307 795 4377 'Proptcrea
839 4300 985 4371 quod
1045 4307 1270 4352 sanctus
1322 4297 1425 4350 iste
1463 4293 1598 4348 dixit
1634 4307 1649 4345 :
1681 4310 1702 4342 ι
1735 4289 2005 4360 Spiritum

2113 3927 2133 3961 ι
2184 3909 2311 3961 Υἱὸν
2347 3910 2408 3962 ού
2453 3909 2690 3982 λέγομεν
2731 3913 2927 3977 αίτιον,
2979 3915 3102 3967 οὐδὲ
3147 3915 3392 3984 Πατέρα.
3463 3915 3556 3979 Ὧς
3609 3917 3694 3969 διὰ

2113 4022 2131 4056 ι
2176 4001 2382 4056 τούτων
2429 4004 2759 4072 συνάγεσθαι
2791 4007 2852 4059 τὸ
2883 4009 2948 4060 ὲκ
2991 4009 3154 4078 μόνου
3187 4007 3282 4062 τοῦ
3313 4009 3534 4080 Πατρδς
3596 4011 3690 4064 τοῦ

2114 4114 2133 4148 ι
2181 4097 2449 4165 παναγίου
2478 4097 2797 4168 Πνεύματος
2817 4099 2917 4169 τὴν
2943 4101 3290 4172 ὲκπόρευσιν.
3319 4119 3344 4156 ι

2715 4191 3110 4260 Ἀντίῤῥησις.

2179 4283 2325 4336 Ater
2359 4285 2388 4336 ὁ
2424 4284 2581 4353 ἅγιος
2619 4279 2773 4347 οὗτος
2808 4286 2913 4354 ἔφη
2967 4287 3048 4349 τὸ,
3100 4303 3120 4337 ι
3163 4284 3389 4357 Πνεῦμα
3434 4285 3497 4341 τδ
3544 4288 3698 4353 ἅγιον

429 4373 676 4460 sanctum
713 4412 779 4451 ex
817 4392 997 4449 'Patre
1023 4391 1279 4452 dicimus,
1327 4397 1381 4442 et
1414 4387 1665 4457 spiritum
1697 4373 1874 4438 Patris
1917 4400 1994 4452 ap-

2111 4375 2175 4427 ὲκ
2204 4375 2298 4427 τοῦ
2337 4376 2550 4445 Πατρὸς
2585 4375 2842 4444 λέγομεν,
2871 4377 2964 4429 καὶ
2997 4376 3223 4447 Πνεῦμα
3253 4378 3470 4450 Πατρὸς
3495 4382 3699 4451 ὀνομά-

426 4487 718 4560 pellamus,
750 4491 804 4535 at
831 4495 963 4534 vero
993 4494 1115 4532 eum
1144 4491 1208 4528 ex
1241 4473 1379 4528 Filio
1404 4490 1653 4529 essenon
1687 4474 1941 4538 dicimus,
1980 4490 1998 4522 ι

2114 4464 2300 4536 ζομεν,
2345 4470 2408 4519 ὲκ
2445 4466 2540 4520 τοῦ
2597 4466 2721 4518 Υίοῦ
2751 4467 2807 4520 δὲ
2835 4468 2896 4520 τὸ
2935 4467 3161 4539 Πνεῦμα
3203 4471 3265 4523 οὐ
3311 4469 3576 4541 λέγομεν,
3614 4475 3700 4526 διὰ

429 4555 486 4633 tu
548 4593 612 4631 ex
676 4576 796 4630 solo
855 4569 1016 4623 Patre
1084 4567 1350 4636 Spiritum
1406 4579 1528 4619 esse
1579 4563 1834 4632 colligis?
1895 4563 1994 4616 Sed

2115 4563 2270 4612 τοῦτο
2298 4562 2360 4612 ὲκ
2385 4559 2547 4628 μόνου
2565 4558 2658 4611 τοῦ
2682 4560 2895 4629 Πατρὸς
2917 4555 3056 4614 εἶναι
3076 4561 3332 4629 συνάγεις
3353 4563 3414 4615 τὺ
3438 4565 3700 4635 Πνεῦμα;

427 4673 682 4742 quisnam
707 4682 772 4719 ex
800 4663 868 4719 iis
896 4662 1177 4724 erunibus,
1211 4661 1308 4728 qui
1340 4658 1443 4710 hoc
1473 4657 1704 4724 hujusce
1740 4654 2004 4723 Tlieologi

2129 4651 2286 4704 Ἀ).λὰ
2317 4651 2398 4714 τίς
2427 4651 2540 4703 τῶν
2567 4653 2674 4722 πρὸ
2704 4652 2865 4720 ἡμῶν
2899 4651 2996 4722 τὴν
3024 4653 3284 4722 τοιαύτην
3306 4653 3400 4707 τοῦ
3434 4655 3701 4725 Θειλότου

428 4767 633 4820 dictum
667 4767 795 4812 ante
840 4768 940 4809 nos
985 4759 1384 4822 exposuerunt,
1421 4748 1588 4802 verba
1643 4747 1843 4801 similia
1887 4761 1994 4814 pre

2107 4743 2296 4796 τούτου
2322 4743 2535 4814 Πατρὸς
2561 4744 2930 4814 ἐξηγούμενος
2963 4747 3121 4817 ῥῆσιν
3148 4745 3292 4800 οὕτω
3317 4747 3468 4817 λέγει
3494 4752 3702 4822 ῥητῶς,

429 4851 596 4910 tulit?
636 4853 1009 4904 Damascenus
1058 4846 1329 4915 siquidem
1357 4840 1598 4895 Joannes
1649 4853 1903 4891 asserens
1943 4853 2006 4891 ex

429 4947 593 5001 Patre
636 4941 799 4997 veluti
845 4953 912 4992 ex
945 4937 1136 5007 primo
1182 4933 1452 5002 principio
1501 4938 1552 4984 et
1598 4929 1773 4998 prima
1815 4943 2011 4991 causa,

445 5045 604 5108 negat
659 5049 726 5088 ex
761 5029 931 5085 =Filio-
950 5041 1206 5096 tanquam
1265 5039 1334 5078 ex
1363 5023 1538 5092 primo
1569 5021 1838 5090 principio
1882 5021 2011 5087 dici,

431 5141 800 5196 nec.unquam
833 5122 1005 5177 vetuit
1032 5117 1262 5173 exb‘ilie
1289 5127 1548 5184 tanquam
1579 5129 1645 5169 ex
1673 5116 2007 5176 continente,

432 5234 660 5289 ttec'per
683 5214 1100 5270 continentem.
1137 5206 1281 5260 Idem
1315 5207 1462 5259 enim
1501 5204 1680 5255 valent
1727 5219 1811 5268 ex,
1841 5211 1894 5254 et
1921 5215 2013 5270 per

431 5309 869 5386 praepositiones.
923 5302 1040 5354 Hoc
1073 5299 1125 5352 in
1168 5311 1270 5350 usu
1315 5305 1400 5350 est
1446 5303 1504 5348 et
1555 5292 2010 5364 ipsiScripturaz,

433 5380 780 5459 nec—sanctis
812 5391 1070 5446 Patribus
1097 5391 1366 5454 ignotum.
1397 5384 1612 5438 Etenim
1646 5385 1712 5447 si,
1746 5399 1809 5437 ex
1849 5380 2010 5449 Filio,

433 5494 600 5551 veluti
654 5485 914 5545 ent-Patre
941 5497 1036 5552 per
1077 5478 1298 5546 Filium,
1326 5491 1379 5534 et
1415 5479 1530 5546 pari
1583 5479 1744 5532 modo
1767 5493 1830 5531 ex
1863 5487 2013 5531 utro-

437 5603 544 5656 que
573 5603 587 5640 :
619 5593 673 5639 et
707 5581 753 5636 si
789 5574 957 5630 veluti
1006 5587 1070 5626 ex
1102 5572 1277 5640 prima
1329 5586 1495 5626 causa
1524 5567 1707 5631 Patre,
1737 5583 1802 5621 ex
1832 5567 2011 5620 conti-

439 5688 603 5733 nente
631 5688 758 5729 vero
779 5667 940 5732 Filio,
971 5676 1092 5732 qua:
1123 5677 1356 5733 magnus
1386 5658 1747 5724 Athanasius,
1778 5672 2010 5728 magnus

512 5833 557 5869 “
587 5833 748 5888 Rom.
806 5845 922 5897 vm,
947 5830 1003 5886 9.
1098 5826 1146 5863 ³ο
1169 5824 1334 5910 Joan.
1372 5838 1465 5888 xx,
1505 5821 1598 5878 22.

2127 4835 2187 4886 Ὀ
2252 4835 2435 4904 μέντοι
2480 4837 2848 4906 Δαμασκηνὸς
2921 4835 3202 4908 Ἰωάννης,
3258 4838 3321 4891 τὸ
3371 4841 3438 4892 ἐκ
3489 4843 3708 4911 Πατρὸς

2118 4927 2293 4995 λέγων
2311 4927 2400 4990 4b,;
2431 4928 2495 4980 ὲκ
2520 4927 2745 4998 πρώτης
2779 4929 2954 4999 ἀρχῆς
2988 4930 3081 4982 καὶ
3112 4929 3340 5000 πρώτης
3367 4931 3574 4996 αίτίας,
3607 4933 3705 4984 οὐκ

2119 5022 2184 5072 ὲκ
2229 5019 2323 5073 τοῦ
2349 5019 2478 5073 Υίοῦ
2511 5036 2675 5089 φησιν
2716 5019 2791 5083 ὡς
2837 5023 2901 5074 ὲκ
2943 5020 3168 5092 πρώτης
3219 5023 3418 5092 ἀρχῆς,
3453 5025 3552 5076 καὶ
3603 5025 3703 5077 ούκ

2121 5115 2473 5181 ἀπηγορευσε
2505 5113 2568 5164 τὸ
2613 5114 2678 5164 ὲκ
2715 5112 2808 5165 τοῦ
2849 5112 3000 5180 Υξοῦ,
3031 5112 3105 5177 ώς
3153 5116 3218 5167 ἐκ
3249 5113 3343 5168 τοῦ
3373 5119 3700 5188 προσεχοῦς,

2118 5205 2239 5274 ἦτοι
2265 5206 2351 5258 διὰ
2386 5205 2482 5259 τοῦ
2514 5205 2840 5276 προσεχοῦς.
2888 5206 3098 5260 Ταυτὸν
3121 5206 3234 5276 γὰρ
3270 5207 3498 5261 δύναται
3531 5211 3565 5278 ἡ
3610 5209 3706 5262 διὰ

2119 5294 2382 5364 πρόθεσις
2433 5296 2531 5349 καὶ
2551 5297 2585 5366 ἡ
2621 5295 2712 5361 ἐξ.
2753 5297 2860 5348 Καὶ
2888 5296 3048 5350 τοῦτο
3076 5297 3308 5368 σύνηθες
3335 5302 3430 5351 καὶ
3469 5301 3612 5371 αὐτῇ
3641 5303 3704 5370 τῇ

2117 5388 2156 5440 Γ
2162 5391 2310 5459 ραφῇ
2358 5389 2455 5442 καὶ
2497 5391 2609 5452 τοῖς
2652 5389 2827 5457 ἁγίοις
2854 5390 3133 5460 Πατράσιν
3163 5391 3262 5444 οὐκ
3312 5392 3703 5462 ἀγνοούμενον.

2118 5479 2180 5532 Εἰ
2209 5480 2309 5548 μὲν
2340 5482 2403 5532 ὲκ
2433 5478 2526 5533 τοῦ
2562 5479 2716 5544 Υίοῦ,
2750 5481 2824 5544 ώς
2859 5482 2923 5533 ἐκ
2949 5481 3042 5532 τοῦ
3072 5480 3281 5551 Πατρὸς
3316 5481 3406 5534 διὰ
3429 5481 3522 5534 τοῦ
3554 5481 3704 5551 Υίοῦ,
3805 5510 3807 5512 -

2117 5573 2218 5623 καὶ
2246 5569 2303 5636 ἐξ
2343 5573 2586 5639 ἀμφοῖν·
2617 5572 2820 5641 ὁμοίως
2859 5573 2959 5642 μὲν
2986 5573 3082 5624 καὶ
3125 5574 3173 5624 εί
3235 5573 3301 5625 ἐκ
3335 5573 3564 5644 πρώτης
3610 5573 3705 5642 μὲν

2115 5661 2298 5727 αἰτίας
2326 5661 2421 5716 τοῦ
2453 5662 2694 5734 Πατρδς,
2725 5663 2790 5717 ὲκ
2826 5662 2922 5718 τοῦ
2965 5663 3268 5737 προσεχοῦς
3313 5663 3374 5720 δὲ
3422 5664 3518 5720 τοῦ
3552 5663 3699 5739 Υίοῦ,
