3958 6398
309 376 420 444 ξῡθ

1272 381 1355 445 ΙΝ
1396 377 1785 443 (ΣΑΜΑΤΕΒῙ
1831 384 1930 444 AN
1944 384 1956 442 Ι
1972 385 2024 445 Μ
2036 387 2075 444 Α
2086 377 2586 447 DVEliSlONES.

3479 382 3584 446 51.11

310 498 460 568 ἅπερ
493 497 659 567 φασὶν
696 500 724 553 ὀ
760 497 932 570 μεγας
971 498 1313 567 ’Δθανάσιος,
1338 503 1367 554 ὁ
1400 500 1576 571 μέγας
1604 499 1895 572 Κύριλλος,

2022 503 2270 575 Iyrillus,
2342 502 2622 574 Nyssenus
2671 499 3006 570 Gregorius,
3058 500 3283 568 sapiens
3335 498 3579 558 Joannes

308 592 340 643 ὁ
371 590 592 662 Νύσσης
625 592 947 664 Γρηγόριος,
973 593 1074 647 οὐκ
1104 593 1171 647 ἂν
1199 594 1227 647 ό
1260 591 1425 661 σοφὸς
1470 593 1731 663 Ἰωάννης
1748 594 1899 648 ἀντι-

313 681 633 752 φθέγξαιτο,
694 684 807 737 ἀλλ’
868 687 986 754 ἐρεῖ
1028 685 1122 739 καὶ
1172 685 1339 747 αὐτὸς
1372 685 1458 738 ὅτι
1501 684 1649 739 οὕτω
1698 687 1791 739 καὶ
1839 687 1903 739 ἐκ

307 774 409 829 τοῦ
449 774 580 828 Υἰοῦ
615 775 675 828 00
730 775 990 845 Πνεῦμαο
1018 776 1108 831 διὰ
1157 777 1253 831 τοῦ
1299 775 1429 829 Υίοῦ
1477 779 1584 847 γάρ
1622 793 1757 847 φησι
1811 777 1905 831 καὶ

307 867 501 933 αὐτὸς,
530 868 606 930 ὡς
638 868 1066 941 ἰσοδυναμούσης
1095 870 1197 940 τῆς
1221 869 1320 926 διὰ
1369 870 1460 924 καὶ
1487 870 1587 940 τῆς
1607 870 1696 935 ἐξ.
1751 871 1813 923 Εἰ
1846 871 1905 924 δὲ

305 961 391 1023 ὡς
442 962 509 1012 ὲκ
548 960 774 1030 πρώτης
832 962 1016 1026 αἰτίας
1062 966 1156 1017 καὶ
1189 966 1255 1017 ὲκ
1288 962 1384 1016 τοῦ
1434 962 1569 1015 Υίοῦ
1598 962 1751 1027 λέγει
1795 979 1902 1027 τις,

308 1052 458 1122 ὅπερ
485 1045 608 1104 εἷπε
640 1052 750 1105 τῶν
781 1052 958 1121 ἁγίων
995 1054 1193 1120 οὐδεὶς,
1227 1055 1326 1109 καὶ
1351 1053 1773 1123 ἀντιφθέγξεται
1810 1053 1906 1107 καὶ

312 1149 469 1217 μέγα
517 1145 730 1216 βοήσει,
766 1145 941 1200 ταῦτα
972 1147 1053 1208 είς
1107 1146 1190 1212 τὸ,
1239 1165 1259 1198 1
1303 1147 1368 1199 ἐκ
1415 1146 1513 1199 τοῦ
1570 1145 1699 1199 Υἰοῦ
1754 1144 1907 1198 δὲτὸ

309 1236 548 1306 Πνεῦμα
578 1236 639 1289 οὐ
682 1236 939 1308 λέγομεν,
986 1255 1021 1289 ι·
1049 1238 1239 1306 ἑτέρου
1283 1236 1395 1306 πρὸ
1437 1236 1596 1307 ἡμῶν
1624 1237 1906 1306 εἰρηκότος

309 1329 484 1396 σοφοῦ
513 1329 582 1382 τὰ
610 1329 753 1393 θεῖα,
781 1329 876 1383 καὶ
902 1329 1109 1400 ὑψηλοῦ
1133 1330 1233 1401 τὴν
1255 1330 1521 1397 διάνοιαν,
1546 1329 1709 1383 πλέον
1738 1328 1904 1400 ἡμεῖς

305 1421 551 1490 ἐροῦμεν
588 1422 774 1477 οὐδέν.
808 1423 934 1476 Ὀτι
966 1422 1029 1475 δὲ
1057 1423 1421 1491 σημειοῦσθαι
1480 1423 1661 1489 λέγεις
1713 1422 1808 1475 καὶ
1846 1421 1908 1473 00

313 1512 502 1583 ῥητῶς
539 1512 913 1583 ἀπαγορεῦειν
964 1513 1057 1567 τὸν
1100 1513 1259 1582 ἅγιον
1308 1511 1571 1582 λέγεσθαι
1622 1512 1715 1566 τδν
1772 1512 1906 1565 Υἰδν

309 1605 511 1666 αἴτιον,
538 1603 876 1659 πειθέτωσάν
907 1622 968 1658 σε
1003 1607 1059 1658 αἰ
1093 1604 1359 1677 πολλαχοῦ
1400 1605 1498 1675 τῆς
1547 1603 1772 1676 Γραφῆς
1814 1604 1908 1672 δη-

311 1695 507 1748 ὶοῦσαι
544 1696 733 1765 ῥήσεις
761 1698 853 1750 00v
892 1698 1116 1767 Πατέρα
1147 1697 1324 1751 αἴτιον
1350 1698 1572 1751 πάντων
1608 1697 1703 1750 καί⁵
1729 1694 1908 1767 ἀρχὴν

327 1785 543 1838 πάντων
573 1787 649 1856 μὴ
674 1789 815 1857 πρὸς
833 1786 1123 1856 διαστολὴν
1153 1789 1247 1842 τοῦ
1274 1787 1406 1841 Υίοό
1435 1788 1694 1855 λέγεσθαι
1720 1786 1903 1851 τοῦτο,

329 1873 465 1927 α).λὰ
498 1877 632 1947 πρὸς
662 1877 901 1945 δήλωσιν
943 1877 1036 1932 τοῦ
1090 1878 1258 1932 αὐτὸν
1300 1881 1512 1932 ἐκεῖνον
1541 1879 1635 1932 00v
1687 1879 1910 1943 Πατέρα
1943 1870 1983 1922 Β

323 1967 498 2038 ἀρχὴν
533 1969 629 2021 καὶ
667 1970 825 2038 ῥίζαν
853 1971 951 2040 τῆς
991 1969 1249 2023 ἁπάντων
1300 1973 1482 2034 αἰτίας
1523 1968 1689 2034 εἶναι,
1726 1972 1775 2023 εἰ
1812 1969 1909 2023 καὶ

314 2056 407 2109 διὰ
436 2058 532 2110 τοῦ
567 2058 696 2111 Υίοῦ
726 2058 795 2111 τὰ
823 2061 1001 2112 πάντα
1034 2060 1098 2112 ὲκ
1123 2058 1219 2111 τοῦ
1256 2058 1470 2131 Πατρδς
1494 2055 1633 2112 εἶναι
1663 2058 1905 2125 λέγεται.

315 2147 429 2199 Καὶ
460 2147 742 2219 συνίστησι
764 2150 862 2219 τὴν
886 2149 1094 2203 ἔννοιαν
1120 2149 1329 2220 ταύτην
1352 2151 1447 2203 καὶ
1472 2149 1636 2214 αὐτὸς
1667 2149 1695 2202 ὀ
1729 2148 1906 2216 ἅγιος,

310 2234 496 2305 λέγων
545 2240 605 2292 ἐν
640 2240 708 2308 τῇ
764 2238 998 2311 ῥηθείσῃ
1054 2243 1361 2311 περικοπῇ·
1394 2241 1500 2294 Τὸν
1545 2240 1602 2294 δὲ
1657 2241 1787 2295 Υἰὸν
1847 2239 1907 2293 οὐ

309 2326 555 2398 λέγομεν
617 2332 795 2385 αἴτιον
857 2332 978 2385 οἰδὲ
1040 2332 1295 2403 Πατέρα·
1360 2335 1526 2386 οἱονεὶ
1590 2332 1701 2402 γὰρ
1751 2330 1912 2386 τοῦτο

309 2421 604 2491 ἐμφαίνων
637 2425 785 2478 ἐστίν
812 2442 824 2456 ⁸
852 2428 880 2479 ό
904 2426 987 2479 δὲ·
1007 2427 1153 2491 Υἱὸς,
1184 2427 1374 2497 ὥσπερ
1408 2427 1510 2479 οὐκ
1542 2423 1657 2480 ἔστι
1699 2425 1910 2494 Πατὴρ,

307 2515 441 2569 οἱδὶ
488 2517 663 2581 αἴτιος
693 2518 834 2573 κατὰ
862 2522 954 2572 τὸν
1005 2521 1226 2590 Πατέρα
1265 2522 1405 2584 ἐστὶ,
1460 2523 1744 2573 τουτέστιν
1790 2519 1914 2589 οὐχὶ

313 2607 487 2671 αὐτός
522 2610 670 2663 ἔστιν
700 2610 735 2681 ἡ
769 2609 867 2680 τῆς
898 2610 1081 2674 αίτίας
1120 2610 1247 2682 ῥίζα
1275 2627 1334 2664 τε
1362 2610 1455 2663 καὶ
1481 2611 1647 2682 ἀρχή.

325 2795 438 2851 Ἐκ
459 2796 569 2851 τοῦ
593 2794 665 2866 ιγ’
691 2796 1027 2866 κεφαλαίου
1048 2796 1155 2853 τοῦ
1182 2794 1315 2865 περὶ
1364 2799 1538 2851 θείων
1580 2794 1911 2867 ὀνομάτων.

392 2979 575 3035 PMB’.
612 2998 631 3032 1
666 2978 837 3034 Ὅταν
860 2981 1224 3052 γὰρὲννοήσω
1245 2982 1371 3052 μίαν
1399 2980 1508 3037 τῶν
1539 2980 1911 3045 ὑποστάσεων,

330 3091 351 3126 1
400 3072 608 3127 τέλειον
638 3072 772 3127 Θεὸν
798 3074 973 3145 αὐτὴν
1005 3073 1144 3141 οἶδα,
1176 3076 1387 3129 τελείαν
1417 3076 1625 3129 οὐσίαν.
1651 3074 1825 3127 Ὅταν
1857 3073 1915 3127 δὲ

326 3185 355 3219 1'
388 3166 614 3236 συνάψω
644 3167 738 3220 καὶ
763 3166 1156 3239 συναριθμήσω
1184 3169 1252 3223 τὰ
1303 3167 1450 3240 τρία,
1480 3167 1592 3239 ,ἕνα
1636 3168 1769 3223 Θεὸν
1796 3163 1916 3220 οἶδα

324 3278 346 3310 1
393 3258 620 3313 τέλειον.
662 3260 741 3312 Οὐ
774 3259 1031 3315 σύνθετόν
1066 3262 1214 3314 ἐστιν
1240 3263 1273 3332 ἡ
1298 3261 1513 3334 θεότης,
1540 3260 1657 3314 ἀλλ’
1687 3262 1746 3314 ὲν
1765 3260 1913 3330 τρισὶ

328 3369 349 3401 1
396 3350 625 3412 τελείοις
651 3349 710 3403 ἓν
738 3351 970 3415 τέλειον,
1007 3352 1215 3424 ἀμερὲς
1251 3354 1347 3408 καὶ
1379 3353 1694 3407 ἀσύνθετον.
1743 3353 1913 3407 Ὅταν

333 3461 351 3493 1
396 3443 457 3497 δὲ
480 3444 580 3514 τὴν
604 3445 742 3517 πρὸς
767 3444 976 3514 ἄλληλα
1005 3446 1191 3516 σχέσιν
1218 3446 1324 3500 τῶν
1348 3445 1706 3500 ὑποστάσεων
1730 3446 1915 3516 ἐννοή-

332 3558 351 3590 1
397 3554 499 3605 σω,
533 3534 651 3592 οἶδα
710 3540 795 3593 ὅτι
847 3540 996 3593 ἐστὶν
1027 3542 1056 3594 ό
1089 3539 1280 3612 Πατὴρ
1328 3540 1675 3611 ὑπερούσιος,
1737 3538 1912 3609 ἥλιος,

333 3651 354 3683 1
402 3634 559 3704 πηγὴ
585 3633 949 3706 ἀγαθότητος,
974 3633 1211 3696 ἄϐυσσος
1232 3634 1444 3697 οὐσίας,
1476 3633 1665 3702 λόγου,
1697 3632 1915 3700 σοφίας,

334 3744 355 3776 1
392 3725 702 3796 δυνάμεως,
745 3728 950 3796 φωτὸς,
997 3725 1251 3798 θεότητος
1292 3727 1447 3797 πηγὴ
1487 3724 1785 3795 γεννητική
1822 3724 1916 3777 καὶ

334 3834 355 3867 1
402 3815 750 3888 προϐλητικὴ
781 3815 878 3870 τοῦ
909 3818 968 3869 ἐν
1011 3817 1151 3887 αὐτῇ
1190 3815 1426 3888 κρυφίου
1458 3814 1691 3885 ἀγαθοῦ.
1740 3815 1916 3878 Αὐτὸς

336 3928 356 3959 1
408 3907 509 3978 μὲν
531 3906 624 3961 οὖν
652 3910 770 3961 ἐστι
803 3906 951 3971 νοῦς,
974 3907 1231 3972 ἄϐυσσος,
1272 3907 1449 3976 Λόγου
1477 3907 1790 3979 γεννήτωρ,
1820 3906 1917 3961 καὶ

336 4020 356 4053 1
405 4002 494 4054 διὰ
540 4001 720 4068 Λόγου
767 4000 1064 4071 προϐολεὺς
1117 3999 1517 4071 ὲκφαντορικοῦ
1570 4000 1916 4072 Πνεύματος,

338 4114 357 4147 1
404 4094 499 4149 καὶ
525 4094 612 4148 ῐνα
640 4093 715 4165 μὴ
741 4094 918 4147 πολλὰ
943 4094 1107 4162 λέγω,
1138 4094 1239 4147 οὐκ
1267 4094 1386 4147 ἐστι
1410 4093 1489 4165 τῷ
1521 4094 1697 4163 Πατρὶ
1721 4094 1914 4163 Λόγος,

336 4207 357 4240 1
406 4188 591 4259 σοφία,
629 4186 887 4257 δύναμις,
929 4187 1153 4257 θέλησις
1183 4189 1232 4241 εἰ
1268 4188 1346 4258 μὴ
1370 4188 1398 4241 ὁ
1426 4186 1576 4255 Υἰδς,
1609 4188 1667 4251 ὃς
1700 4189 1850 4243 ἐστιν
1882 4191 1916 4263 η

336 4294 357 4328 1
408 4276 549 4347 μόνη
588 4275 825 4345 δύναμις
851 4274 949 4329 τοῦ
984 4276 1222 4348 110090;,
1252 4277 1287 4347 ἡ
1328 4279 1788 4352 προκαταρκτικὴ
1820 4283 1918 4350 τῆς

338 4388 359 4421 1
404 4366 517 4421 τῶν
549 4360 768 4423 πάντων
799 4368 1094 4441 ποιήσεως.
1124 4363 1320 4436 Οὗτος,
1355 4371 1432 4435 ὡς
1464 4370 1651 4425 τελεία
1681 4372 1922 4427 ὑπόστα-

337 4477 356 4509 1
400 4475 489 4523 σις
521 4458 886 4531 γεννώμενος,
922 4461 997 4525 ὡς
1029 4459 1171 4514 οἶδεν
1213 4462 1402 4526 αὐτος,
1426 4461 1557 4527 Υἱός
1591 4465 1799 4519 ὲστί;τε
1826 4466 1919 4519 καὶ

2006 613 2107 651 nec
2151 604 2341 651 contra
2392 595 2606 650 hiscere
2652 595 2900 659 auderet,
2943 592 3037 649 sed
3092 592 3272 647 modis
3322 592 3585 648 omnibus

2000 686 2341 749 enuntiaret,
2376 688 2491 757 pari
2526 686 2691 742 modo
2714 702 2782 741 ex
2807 683 2948 740 Filio
2981 699 3105 741 esse
3137 684 3407 754 Spiritum
3441 703 3455 739 :
3484 700 3581 754 per

2008 778 2204 834 Filiqu
2266 779 2412 835 enim
2474 794 2599 835 esse
2655 793 2756 833 nec
2810 778 2925 847 ipse
2992 783 3191 846 negat;
3247 790 3373 831 cum
3425 790 3585 845 pares

2006 871 2150 926 vires
2184 871 2418 926 habeant
2445 870 2857 942 praepositiones
2895 885 2960 924 ea:
2986 878 3036 925 et
3069 885 3179 936 per.
3213 867 3368 935 Quod
3398 867 3443 922 si
3473 867 3583 920 rel-

2013 965 2089 1019 uti
2130 980 2196 1019 ex
2239 963 2413 1033 prima
2481 978 2648 1017 causa
2689 961 2826 1016 Filio
2855 962 3127 1033 quispiam
3167 961 3391 1025 diterit,
3436 958 3587 1028 quod

2008 1056 2194 1111 nullus
2235 1071 2302 1111 ex
2346 1053 2604 1110 Patribus
2638 1053 2900 1120 asseruit,
2938 1061 3132 1109 contra
3170 1067 3291 1107 sese
3320 1061 3579 1119 opponet,

2009 1162 2379 1217 magnumque
2420 1145 2704 1201 clamabit.
2742 1147 2869 1198 llaec
2902 1159 3028 1199 cum
3065 1144 3122 1198 in
3152 1142 3310 1207 ilrud,
3345 1160 3365 1194 1
3400 1158 3466 1197 ex
3502 1138 3591 1193 Fi-

2010 1242 2082 1297 lio
2131 1240 2394 1310 Spiritum
2454 1253 2561 1294 non
2620 1238 2879 1302 dicimus,
2916 1256 2934 1287 ι
2991 1235 3134 1292 alius
3190 1236 3469 1306 quispiam
3528 1235 3584 1288 in

2008 1333 2176 1389 rebus
2206 1332 2410 1387 divinis
2451 1331 2749 1386 admodum
2797 1338 3090 1401 praestans,
3139 1337 3195 1383 et
3225 1327 3476 1382 sublimis
3507 1325 3592 1379 in-

2008 1425 2151 1496 genii
2188 1425 2292 1491 vir,
2340 1431 2470 1480 ante
2512 1438 2613 1479 nos
2660 1423 3057 1492 interpretatus
3085 1420 3271 1487 fuerit,
3313 1436 3415 1474 nos
3448 1420 3588 1473 nihil

2009 1517 2455 1573 ultra'addemus.
2484 1516 2640 1584 Quod
2676 1531 2805 1571 vero
2850 1524 3031 1582 notas,
3066 1515 3251 1570 verhis
3289 1513 3584 1583 ipsissitnis

2009 1620 2196 1665 vetare
2226 1621 2507 1675 sanctum,
2542 1624 2611 1663 ne
2656 1608 2829 1664 Filius
2860 1609 3079 1664 dicatur
3104 1622 3290 1672 causa,
3327 1606 3594 1660 suadeam

2010 1704 2135 1770 tibi,
2166 1719 2291 1774 qua:
2318 1703 2506 1758 multis
2546 1704 2599 1757 in
2628 1704 2761 1758 locis
2789 1702 3119 1771 scriptorum
3153 1701 3300 1755 dirta
3340 1700 3592 1768 inspersa

2010 1803 2160 1858 sunt,
2187 1793 2600 1864 patefacientia.
2644 1795 2859 1849 Patrem
2903 1793 3151 1848 omnium
3191 1806 3413 1846 causam
3445 1806 3590 1853 esse,

2012 1888 2368 1956 omniumque
2402 1889 2754 1956 principium,
2807 1900 2915 1940 non
2950 1885 3019 1940 ad
3061 1884 3464 1939 excludendum
3506 1882 3595 1936 Fi-

2012 1979 2144 2034 lium
2175 1978 2264 2033 illa
2307 1979 2561 2049 proferri,
2597 1980 2689 2034 sed
2727 1979 2793 2033 ad
2838 1976 3300 2032 manil‘estandum
3337 1975 3592 2031 eumdem

2013 2073 2191 2138 ipsum
2244 2071 2462 2126 Patrem
2514 2070 2866 2140 principium,
2910 2069 3202 2141 originem,
3262 2079 3317 2122 et
3362 2082 3592 2121 causam

2012 2164 2256 2219 omnium
2293 2179 2438 2225 esse,
2483 2163 2611 2217 licet
2648 2177 2744 2231 per
2792 2160 2991 2215 Filium
3039 2157 3297 2214 universa
3341 2157 3595 2210 dicantur

2013 2274 2160 2315 esse.
2196 2258 2268 2313 Et
2299 2258 2443 2312 hanc
2472 2257 2802 2312 sententiam
2851 2253 3145 2310 conﬁrmat
3179 2253 3440 2307 idemmet
3468 2266 3613 2305 sats»

2015 2358 2137 2406 ctus
2179 2350 2236 2405 in
2272 2348 2460 2404 eadem
2499 2348 2747 2417 pericope
2791 2346 3017 2412 dicens;
3056 2343 3255 2400 Filium
3304 2358 3433 2411 vero
3484 2357 3594 2397 non

2014 2436 2250 2492 dicimus
2284 2451 2531 2498 causam,
2566 2449 2745 2504 neque
2775 2433 3015 2498 Patrem,
3040 2433 3095 2489 id
3126 2433 3286 2503 plane
3318 2447 3418 2488 nec
3447 2431 3596 2486 aliud

2015 2527 2346 2583 insinuans:
2383 2526 2557 2583 Filius
2607 2542 2737 2581 vero
2785 2527 2862 2581 uti
2895 2525 3055 2581 Pater
3112 2542 3221 2580 non
3256 2537 3362 2588 est,
3419 2540 3598 2592 neque

2015 2635 2183 2675 causa
2224 2619 2302 2677 uti
2347 2618 2512 2674 Pater
2555 2630 2683 2674 est:
2718 2633 2826 2674 non
2874 2628 2959 2673 est
3006 2631 3201 2686 nempe
3250 2618 3367 2686 ipse
3413 2630 3598 2669 causa:

2015 2713 2193 2784 origo,
2228 2723 2283 2767 et
2311 2711 2663 2782 principium.

2054 2805 2313 2876 Ejusdem
2374 2819 2440 2858 ex
2510 2805 2713 2859 decimo
2775 2804 2935 2876 tertio
2994 2803 3168 2872 capite
3239 2800 3577 2855 de‘dirinitr

2641 2874 2963 2929 nominibus.

2088 2992 2292 3049 CXLII.
2323 3010 2342 3046 1
2379 2989 2513 3045 Nam
2539 3005 2664 3045 cum
2701 3005 2863 3043 unam
2893 3005 2958 3043 ex
2987 2988 3163 3043 tribus
3189 2987 3438 3057 personis
3462 3000 3598 3041 cout-

2024 3104 2043 3139 1
2086 3084 2288 3149 sidero,
2319 3080 2618 3154 perfectura
2653 3079 2819 3134 Deum
2869 3094 2934 3134 ac
2984 3077 3283 3149 perfectam
3334 3077 3593 3131 substam

2024 3198 2043 3233 1
2060 3181 2211 3251 ,tiam
2239 3190 2501 3249 agnosco,
2518 3190 2713 3231 rursus
2734 3189 2858 3230 cum
2889 3183 2999 3229 tres
3022 3188 3281 3244 personas
3301 3182 3594 3236 connecw;

2023 3292 2042 3325 1
2079 3270 2356 3339 simulque
2381 3280 2643 3324 recenseo
2672 3265 2842 3320 Deum
2871 3280 3039 3319 unum
3076 3263 3379 3333 perlectqu
3427 3276 3600 3331 agno-

2024 3382 2043 3416 1
2078 3376 2194 3419 sco.
2227 3359 2415 3431 Neque
2441 3359 2586 3414 enim
2622 3357 2991 3427 compositum
3014 3354 3276 3424 quiddam
3300 3351 3603 3407 estdivinio

2026 3474 2045 3507 1
2083 3464 2165 3509 tas
2193 3452 2326 3508 :sed
2352 3452 2405 3506 in
2437 3451 2613 3506 tribus
2642 3447 3175 3519 perfectispersonis
3206 3460 3315 3501 una
3336 3443 3600 3514 perlecta,

2024 3570 2042 3600 1
2086 3547 2341 3615 simplex,
2371 3560 2437 3599 ac
2466 3542 2756 3599 divisionis
2788 3556 2986 3611 expers
3026 3549 3243 3594 natura.
3272 3537 3410 3593 Cum
3443 3536 3599 3591 deni.-

2025 3660 2045 3694 1
2080 3655 2188 3712 que
2219 3650 2463 3694 mutuam
2491 3651 2615 3692 eam
2671 3632 3038 3697 affectionem,
3072 3646 3195 3698 quae
3225 3630 3367 3685 inter
3407 3644 3600 3699 perso-

2024 3755 2043 3789 1
2081 3751 2183 3791 nas
2232 3740 2341 3799 est,
2396 3731 2599 3786 animo-
2638 3725 3004 3795 contemplor,
3071 3723 3203 3779 illud
3256 3733 3599 3790 compertum

2026 3848 2044 3881 1
2086 3827 2283 3887 habeo,
2367 3821 2583 3877 Patrem
2632 3816 3172 3891 superessentialem,
3233 3814 3407 3869 solem
3457 3828 3602 3876 esse,

2027 3938 2045 3972 1
2082 3916 2342 3974 bonitatis
2398 3913 2629 3975 fontem,
2664 3910 2942 3978 essentiaa,
2987 3907 3243 3972 rationis,
3294 3905 3601 3975 sapientiae,

2027 4029 2045 4062 1
2078 4009 2354 4080 ρυιεηιίἐιι,
2382 4003 2954 4071 luminis,divinitatis
2980 4000 3259 4073 abyssum,
3279 3998 3610 4054 delitescen-

2028 4122 2047 4155 1
2083 4102 2154 4158 tis
2180 4110 2346 4171 atque
2382 4098 2623 4154 abstrusi
2654 4097 2710 4151 in
2753 4112 2812 4152 se
2842 4095 2969 4149 boni
3001 4091 3347 4163 genitricem,
3379 4104 3443 4146 ac
3473 4104 3603 4159 pro-

2027 4194 2379 4251 1-duetricem
2434 4188 2844 4259 scaturigincm.
2884 4185 3001 4257 Ipse
3039 4184 3244 4256 quippe
3297 4197 3450 4238 mens
3489 4189 3601 4246 est,

2031 4286 2318 4344 arationis
2363 4285 2618 4356 abyssns,
2658 4280 2823 4336 Verbi
2865 4278 3103 4350 genitor,
3145 4275 3603 4347 explanantisque

2029 4392 2048 4432 1
2088 4377 2328 4448 Spiritus
2365 4389 2459 4445 per
2493 4371 2730 4427 Verbum
2773 4370 3096 4443 productor.
3150 4368 3251 4434 Ac,
3309 4381 3377 4421 ne
3426 4366 3597 4420 multa

2030 4489 2053 4524 1
2086 4472 2286 4532 dicam,
2341 4466 2489 4522 Patri
2553 4481 2663 4519 non
2697 4464 2842 4519 aliud
2881 4472 2967 4519 est
3005 4459 3275 4525 Verbum,
3332 4476 3442 4515 non
3496 4459 3621 4513 alia:

337 4569 356 4603 1
400 4551 646 4619 λέγεται.
677 4551 749 4607 Τὸ
781 4552 839 4606 δὲ
864 4551 1093 4624 Πνεῦμα
1121 4553 1183 4607 00
1203 4555 1362 4624 ἅγιον
1417 4556 1791 4629 δκφαντορικὴ
1821 4557 1914 4612 τοῦ

2031 4579 2051 4613 1
2084 4558 2376 4631 sapientia,
2424 4558 2509 4614 vis
2559 4572 2625 4612 ac
2684 4555 2940 4611 voluntas
2991 4561 3190 4625 praeter
3250 4549 3477 4613 Filium,
3511 4551 3617 4620 qui

340 4664 359 4695 1
405 4645 644 4714 κρυφίου
690 4644 791 4716 τῆς
840 4643 1095 4715 θεότητος
1141 4644 1379 4719 δύναμις
1415 4647 1513 4702 τοῦ
1560 4648 1799 4722 110090;,
1853 4652 1920 4704 ὲκ

339 4755 357 4787 1
419 4735 636 4807 [10090;
678 4735 780 4808 μὲν
815 4734 887 4791 δι’
928 4736 1059 4791 Υίοῦ
1091 4737 1528 4812 ἐκπορευομένη,
1559 4741 1636 4807 ὡς
1658 4737 1825 4807 οϊδεν,
1857 4743 1919 4803 οὐ

342 4850 360 4883 ι
412 4829 717 4899 γεννητῶς.
754 4830 846 4884 Διὸ
877 4835 973 4885 καί
998 4830 1227 4902 Πνεῦμα
1260 4833 1418 4901 ἅγιον
1449 4835 1509 4889 τὸ
1536 4835 1921 4909 τελεσιουργὸν

341 4944 362 4975 ‹
415 4923 514 4993 τῆς
554 4923 665 4977 τῶν
705 4923 963 4978 ἁπάντων
995 4926 1291 4995 ποιήσεως.
1339 4926 1481 4980 Ὅσα
1509 4928 1640 4995 γοῦν
1691 4931 1922 5001 ἁρμόζει

343 5036 361 5067 1
418 5014 604 5085 αἰτίῳ,
657 5016 849 5087 πατρὶ,
895 5018 1072 5086 πηγῇ,
1105 5019 1418 5087 γεννήτορι,
1452 5017 1530 5089 τῷ
1567 5019 1741 5092 Πατρί
1776 5022 1924 5092 μόνῳ

342 5130 360 5160 1
417 5107 848 5178 προσαρμοστέα
873 5124 887 5138 ⁶
938 5108 1041 5162 ὅσα
1082 5107 1139 5161 δὲ
1175 5109 1429 5181 αίτιατῷ,
1462 5112 1728 5182 γεννητῷ,
1783 5113 1922 5182 mp,

341 5219 360 5251 1
417 5199 903 5271 Λόγφ,δυνὰμει,
950 5204 1402 5274 προκαταρκτικῇ
1455 5203 1696 5273 θελήσει,
1737 5205 1923 5276 σοφία,

341 5313 361 5347 1
418 5294 504 5364 τῷ
534 5292 687 5361 Υίῷ⁶
726 5294 831 5348 ὅσα
874 5293 932 5347 δὲ
982 5293 1236 5364 αἱτιατῷ,
1268 5296 1613 5367 ὲκπορευτῷ,
1659 5299 1928 5365 ἑκιραντοο

344 5406 361 5437 ι
420 5386 589 5457 ρικῷ,
610 5385 1023 5457 τελεσιουργικῇ
1053 5384 1305 5455 δυνάμει,
1337 5385 1415 5457 τῷ
1453 5387 1598 5459 ἁγίῳ
1627 5388 1925 5460 [Ινεύματι.

346 5501 363 5533 1
429 5481 493 5534 '0
527 5480 744 5551 Πατὴρ,
782 5477 954 5546 πηγὴ,
988 5478 1139 5532 αἰτία
1172 5477 1303 5532 Υίοῦ
1334 5481 1429 5533 καὶ
1462 5480 1804 5550 Πνεύματος.
1869 5484 1930 5536 '0

346 5600 364 5625 ι
423 5573 558 5637 Υἱὸς
609 5572 759 5641 Υἰὶς,
792 5573 989 5640 Λόγος,
1053 5572 1241 5642 σοφία,
1290 5574 1384 5626 καὶ
1434 5573 1694 5642 δύναμις,
1740 5576 1927 5641 εἰκὼν,

349 5685 366 5714 1
420 5664 792 5735 ἀπαύγασμα,
851 5665 1143 5735 χαρακτὴρ
1191 5662 1285 5716 τοῦ
1322 5664 1558 5734 110090;,
1594 5665 1690 5716 καὶ
1727 5668 1793 5719 ἐκ
1834 5667 1929 5719 τοῦ

352 5776 371 5809 1
426 5757 664 5826 110090;,
706 5757 806 5826 οὐχ
855 5756 979 5820 Υίὸς
1009 5755 1066 5808 δὲ
1097 5756 1192 5809 τοῦ
1223 5758 1556 5827 Πνεύματος.
1594 5757 1668 5808 Τὸ
1708 5758 1932 5827 Πνεῦμα

355 5869 377 5905 1
431 5851 494 5928 τὸ
532 5850 688 5924 ἆγιον
743 5850 972 5924 Πνεῦμα
1029 5851 1121 5907 τοῦ
1180 5853 1415 5924 Πατρός,
1466 5853 1541 5919 ὡς
1601 5854 1664 5907 ἐκ
1715 5848 1931 5924 [10090;

2029 4672 2049 4706 1
2084 4653 2203 4708 sola
2228 4660 2314 4707 est
2351 4649 2534 4705 Patris
2568 4649 2837 4720 potentia,
2890 4660 2923 4702 a
2969 4661 3081 4717 qua
3138 4658 3322 4699 rerum
3355 4642 3603 4697 omnium

1983 4773 1989 4777 -
2029 4762 2049 4797 1
2086 4743 2398 4817 procreatio
2429 4742 2644 4798 initium
2680 4740 2919 4811 accepit.
2952 4739 3034 4794 Ad
3088 4738 3237 4794 hunc
3270 4739 3512 4801 modum,
3546 4745 3609 4790 ut

2029 4855 2050 4890 1
2086 4836 2323 4908 perlecta
2348 4851 2578 4906 persona
2595 4852 2659 4891 ex
2690 4833 2926 4904 perfecm
2952 4847 3183 4903 persona
3203 4832 3390 4902 genita
3413 4846 3613 4901 querna

2031 4947 2048 4981 1
2084 4918 2380 4984 admodum
2412 4928 2529 4997 ipse
2584 4927 2760 4988 novit,
2802 4922 2977 4979 Filius
3029 4931 3134 4984 est,
3173 4936 3240 4976 ac
3265 4922 3491 4976 dicitur.
3523 4922 3602 4974 Ac

2033 5040 2051 5073 1
2092 5029 2374 5091 postremo
2423 5017 2663 5087 Spiritus
2715 5028 2964 5082 sanctus,
3000 5013 3180 5070 Patris
3230 5014 3475 5083 potentia
3502 5023 3612 5074 est,

2034 5132 2053 5165 1
2096 5112 2404 5166 divinitatis
2436 5109 2703 5165 latebram
2744 5108 3060 5172 declarans,
3116 5121 3159 5161 a-
3201 5106 3364 5162 Patre
3390 5103 3612 5175 quidem

2036 5225 2054 5257 1
2097 5220 2190 5275 per
2241 5202 2439 5257 Filium
2485 5201 2812 5273 procedens.
2846 5216 2959 5273 quo
3000 5209 3161 5272 pacto
3211 5199 3263 5254 id
3298 5199 3413 5261 liat,
3455 5199 3617 5253 novit

2039 5318 2056 5350 1
2094 5297 2232 5365 ipse,
2271 5311 2377 5350 non
2438 5306 2618 5350 tamen
2676 5294 2933 5366 gignendi
2990 5294 3174 5348 modo.
3240 5288 3392 5346 Unde
3444 5290 3610 5343 etiam

2040 5388 2338 5459 cSpiritus
2399 5395 2627 5443 sanctus
2675 5385 2917 5441 universi
2965 5382 3419 5456 procreationem
3447 5380 3614 5435 veluti

2040 5500 2058 5533 1
2099 5479 2357 5537 omnibus
2408 5478 2527 5535 suis
2580 5478 2826 5533 numeris
2880 5476 3137 5532 absolvit.
3197 5473 3468 5542 Quocirca
3547 5488 3617 5528 ea

2041 5594 2060 5628 1
2096 5574 2303 5637 omnia,
2346 5586 2469 5643 qua!
2498 5587 2701 5631 causm,
2738 5569 2973 5639 parenti,
3025 5567 3188 5631 fonti,
3212 5565 3447 5639 genitori
3482 5579 3616 5622 con-

2043 5683 2061 5716 1
2098 5666 2351 5731 veniunt,
2375 5678 2438 5718 ea
2471 5663 2571 5718 soli
2604 5660 2754 5715 Patri
2785 5659 3193 5715 accommodari
3222 5659 3427 5714 debent
3455 5672 3470 5711 :
3496 5674 3619 5728 qua:

2042 5776 2058 5809 1
2100 5768 2282 5811 autem
2328 5772 2356 5809 a
2398 5770 2565 5809 causa
2620 5753 2864 5821 profecto
2897 5767 2961 5808 ac
2991 5753 3178 5823 genito
3211 5751 3376 5815 Filio,
3411 5749 3612 5815 Verbo,

2046 5868 2064 5902 1
2104 5846 2448 5921 printordiali
2483 5844 2759 5916 potentiur,
2814 5844 3106 5918 voluntati,
3158 5845 3442 5918 sapientia:
3486 5860 3625 5927 qua-
