3958 6402
403 345 510 409 Ξ·Ωό
1432 352 1645 415 JOAN.
1684 351 1898 415 VECCI
1939 353 2047 414 CP.
2093 351 2606 414 PATRIARCHJE
3548 351 3652 413 596

409 474 427 508 ς
464 459 646 524 drant,
670 476 732 515 ea
766 459 906 516 Filio
935 461 1219 516 trilntenda
1258 470 1387 515 sunt
1423 480 1435 515 :
1469 476 1531 515 ea
1575 460 1813 531 denique
1863 476 1974 516 om-

2086 478 2104 512 ι
2160 463 2623 533 ἐκπορευόμενον.
2675 463 2917 533 Οὐδεμία
2954 464 3064 535 γὰρ
3102 465 3250 536 ὁρμὴ
3306 466 3438 520 ἄνευ
3497 462 3669 518 Πνεύο

410 570 429 601 ι
469 550 555 605 nia
582 567 705 621 quae
741 569 771 607 a
802 569 967 627 causa
999 568 1093 620 per
1128 552 1537 623 proces~ionem
1592 552 1858 615 mananti,
1890 562 1972 606 at-

2088 572 2107 605 ι
2158 570 2352 622 ματος.
2401 554 2511 606 Καὶ
2544 553 2674 607 Υίοῦ
2714 555 2770 608 δὲ
2802 556 3047 623 Πνεῦμα,
3081 558 3180 627 οὐχ
3238 558 3314 621 ώς
3365 556 3426 621 ἐξ
3478 555 3669 618 αὐτοῦ,

409 659 426 691 (
466 657 573 712 que
612 644 849 699 obscura
884 644 1229 714 patefacienti
1266 652 1321 698 et
1373 642 1675 714 perii-‘ienti
1721 644 1974 713 potentia:

2089 662 2108 695 ι
2160 644 2276 696 ἀλλ’
2319 645 2392 705 ώς
2424 645 2492 698 δι’
2518 646 2683 698 αὐτοῦ
2724 649 2791 699 ἐκ
2819 646 2913 700 τοῦ
2945 649 3159 717 Πατρὸς
3194 649 3662 720 ἐκπορευόμενον.

409 750 428 783 ι
469 744 803 804 congruunt,
840 734 1067 804 Spiritui
1106 735 1206 790 soli
1241 735 1525 805 assignare
1571 733 1847 789 convenit.
1893 734 1972 788 Ac

2086 757 2104 786 ι
2146 736 2320 800 Μόνος
2351 736 2459 806 γὰρ
2507 738 2678 801 αἴτιος
2720 738 2749 791 6
2785 740 2997 810 Πατήρ.
3030 759 3049 792 ι

407 848 425 880 ι
460 828 620 885 Pater
657 833 875 902 quidem
945 832 1068 889 fons
1113 843 1167 887 et
1209 843 1402 888 auctor
1438 838 1541 897 est,
1577 839 1691 885 tum
1758 828 1880 884 Filii
1950 839 2065 885 tum
2136 830 2376 900 Spiritus
2426 832 2599 889 sancti
2642 850 2656 886 ε
2704 834 2878 891 solius
2926 845 3108 890 tamen
3158 834 3281 891 Filii
3337 836 3521 905 Pater,
3591 852 3664 892 ac

408 942 426 973 ι
464 924 702 993 Spiritus
723 927 899 982 sancti
934 932 1252 998 productor.
1274 925 1449 981 Filius
1479 933 1684 989 autem,
1740 932 1792 977 et
1832 920 2003 977 Filius
2068 931 2122 978 et
2151 924 2411 988 Verbum,
2478 933 2533 985 ct
2599 925 2868 996 sapientia
2897 933 2951 981 et
2978 928 3243 997 potentia,
3274 937 3330 983 et
3377 929 3584 999 imago.
3615 938 3674 985 et

411 1038 428 1067 ι
473 1018 751 1087 splendor,
783 1027 838 1073 et
871 1019 1155 1074 character
1179 1016 1359 1073 Patris
1426 1028 1531 1080 est,
1562 1025 1617 1072 et
1643 1030 1708 1071 ex
1744 1015 1924 1070 Patre.
1985 1015 2056 1071 At
2111 1016 2350 1087 Spiritus
2398 1026 2622 1074 sanctus
2679 1034 2784 1075 non
2836 1018 3015 1074 Patris
3079 1020 3274 1084 Filius,
3330 1022 3423 1076 sed
3484 1021 3670 1076 Patris

406 1130 423 1161 ι
461 1109 701 1181 Spiritus
748 1120 853 1177 est,
897 1121 957 1166 ut
1001 1110 1096 1181 qui
1129 1125 1197 1166 ex
1239 1109 1405 1166 Patre
1443 1108 1728 1179 procedat.
1788 1106 1983 1164 Nullus
2046 1110 2194 1163 enim
2239 1110 2305 1165 ad
2335 1124 2448 1165 rem
2517 1111 2682 1165 ullam
2724 1114 2843 1168 sine
2898 1110 3109 1182 Spiritu
3165 1122 3359 1167 sancto
3429 1114 3673 1182 impetus

406 1224 423 1254 ι
460 1217 583 1258 esse
630 1212 831 1275 potest.
865 1202 967 1270 Qui
1024 1203 1147 1259 Filii
1194 1217 1416 1274 quoque
1492 1201 1729 1272 Spiritus
1788 1198 2010 1261 dicitur,
2076 1215 2182 1254 non
2216 1208 2275 1254 ut
2347 1214 2413 1254 ex
2452 1199 2593 1270 ipso,
2629 1201 2722 1256 sed
2779 1216 2875 1271 per
2950 1200 3131 1270 ipsum
3172 1217 3238 1256 ex
3280 1202 3439 1257 Patre
3469 1218 3669 1273 proceo

406 1318 422 1347 ι
464 1298 624 1353 deus.
662 1296 825 1354 Solus
851 1298 994 1353 enim
1025 1298 1190 1353 Pater
1215 1314 1378 1354 causa
1403 1305 1508 1353 est.
1544 1316 1561 1348 ι

975 1387 1398 1441 Ληὶιιιαάυενεὶο.

474 1508 493 1541 ι
531 1458 897 1546 Considerato
934 1484 1246 1554 diligenter,
1279 1498 1615 1554 quaecunque
1664 1496 1759 1552 per
1801 1488 1973 1535 totam

403 1600 421 1632 ι
467 1583 605 1635 hanc
633 1574 944 1651 pericopem
994 1578 1230 1636 obscure
1284 1576 1429 1633 forte
1486 1576 1702 1631 videtur
1755 1581 1978 1629 sanctus

405 1693 422 1723 ι
459 1672 768 1742 scripsisse,
815 1674 871 1727 in
921 1672 1027 1727 ﬁne
1063 1673 1211 1727 illius
1243 1681 1299 1727 et
1327 1670 1659 1735 declarasse,
1688 1674 1743 1723 et
1792 1664 1978 1733 expla-

2683 1377 3071 1433 Ἐπιστασία.

2163 1488 2181 1519 ι
2250 1469 2535 1537 Ἐννόησον
2577 1470 2848 1541 ἁκριὸῶς,
2878 1471 2994 1535 πῶς
3025 1473 3125 1525 ὅσα
3167 1473 3238 1526 δι’
3269 1475 3398 1546 ὅλης
3437 1480 3539 1547 τῆς
3572 1498 3675 1534 πε-

2090 1582 2107 1613 ι
2164 1561 2393 1634 ρικοπῆς
2437 1560 2642 1631 ταύτης
2688 1561 2918 1632 ἀσαφῶς
2952 1564 3094 1633 τάχα
3145 1565 3400 1631 φαίνεται
3451 1572 3675 1641 γράψας

2089 1673 2107 1705 ι
2155 1655 2182 1706 6
2215 1653 2392 1720 ἅγιος,
2425 1654 2482 1705 ὲν
2512 1653 2587 1724 τῷ
2618 1654 2761 1707 τέλει
2792 1655 2997 1722 ταύτης
3053 1655 3153 1708 καὶ
3205 1658 3531 1729 ἑσαφήνισε,
3578 1665 3673 1717 καὶ

406 1783 423 1816 ι
460 1779 639 1829 nasse,
673 1773 728 1819 et
785 1780 881 1833 per
914 1765 1056 1819 hanc
1104 1773 1159 1818 et
1206 1761 1582 1833 praedigestam
1640 1758 1972 1830 pericupem.

2089 1766 2106 1797 ι
2157 1747 2472 1818 ἡρμήνευσε
2499 1764 2513 1778 ο
2547 1747 2633 1800 διὰ
2684 1746 2889 1815 ταύτης
2923 1745 2979 1800 δὲ
3023 1750 3119 1801 καὶ
3149 1750 3246 1820 τὴν
3291 1754 3673 1821 προλαϐοῦσαν

404 1872 421 1903 ι
457 1852 612 1920 Quod
645 1854 789 1908 enim
820 1855 873 1909 in
916 1854 1007 1909 illa
1038 1854 1176 1910 dixit
1215 1870 1229 1906 :
1256 1852 1333 1907 Ex
1365 1853 1504 1908 Filio
1544 1866 1672 1905 vero
1706 1864 1813 1904 non
1844 1847 1979 1903 dit-i-

403 1966 420 1997 ι
459 1962 580 2002 mus
607 1946 897 2016 Spiritum,
921 1948 975 2001 in
1001 1949 1104 2002 hac
1130 1946 1426 2001 dilucidius
1455 1942 1749 2014 explicavit
1768 1941 1975 2001 dicens.

404 2055 422 2089 ι
458 2037 526 2093 Ει
565 2036 688 2093 Filii
738 2036 996 2108 Spiritus,
1048 2054 1157 2093 non
1195 2038 1271 2093 uti
1319 2052 1386 2092 ex
1420 2037 1561 2106 ipso,
1608 2033 1703 2089 sed
1758 2032 1837 2087 uti
1885 2046 1980 2101 per

404 2147 424 2181 ι
464 2129 639 2199 ipsum
673 2144 740 2185 ex
771 2128 933 2184 Patre
960 2130 1283 2198 procedens.
1310 2128 1552 2183 Tandem
1584 2127 1673 2181 illa
1700 2141 1822 2196 quae
1849 2123 1981 2181 sub-

405 2239 425 2272 ι
465 2220 651 2284 infert,
713 2219 878 2277 Solus
921 2221 1067 2276 enim
1124 2236 1289 2277 causa
1323 2221 1508 2284 Pater,
1539 2219 1872 2283 universam,
1920 2222 1979 2269 ut

408 2329 426 2361 ι
463 2311 723 2376 diximus,
759 2313 1072 2383 pericopem
1107 2314 1473 2368 elucidarunt.
1519 2332 1537 2363 ι

1038 2498 1337 2570 Refutatio.

473 2589 610 2647 Vere
634 2590 853 2662 quidem
890 2591 941 2645 in
993 2591 1099 2645 [ine
1125 2591 1373 2645 adducta:
1412 2590 1696 2659 pericopes
1728 2588 1976 2659 apposita

400 2700 431 2737 a
456 2695 667 2747 sancto,
699 2681 1128 2739 declarationem
1163 2697 1353 2737 eorum
1388 2682 1693 2746 continent,
1732 2696 1856 2750 quae
1882 2694 1978 2748 per

401 2775 716 2831 universam
748 2775 951 2830 dictam
991 2773 1326 2843 pericopem.
1365 2788 1467 2827 nec
1500 2787 1606 2826 non
1665 2771 1718 2825 in
1769 2786 1975 2842 pracc-

399 2866 547 2922 denti
574 2867 902 2937 perobscure
926 2865 1141 2919 videtur
1169 2864 1483 2933 scripsisse,
1520 2878 1629 2918 non
1682 2878 1748 2917 eo
1796 2871 1975 2916 tamen

406 2960 592 3027 modo,
610 2973 773 3029 quem
803 2966 891 3013 tua
911 2956 1164 3015 doctrina
1197 2956 1472 3027 proponit,
1502 2956 1599 3012 sed
1633 2954 1975 3026 profundiori

397 3060 454 3106 et
497 3050 865 3120 exquisitiori.
909 3049 1042 3104 Nam
1091 3064 1215 3104 cum
1265 3049 1320 3104 in
1379 3047 1722 3119 prarccdente
1751 3054 1975 3102 sanctus

2093 1858 2109 1890 ι
2160 1839 2488 1907 περικοπὴν.
2528 1838 2594 1892 ⁸⁸0
2631 1838 2739 1909 γὰρ
2766 1841 2824 1892 ὲν
2850 1839 3035 1912 ἐκείνῃ
3058 1837 3233 1906 εἶπεν,
3278 1842 3375 1896 Ἐκ
3407 1846 3502 1898 τοῦ
3533 1847 3668 1900 Υίοῦ

2089 1949 2107 1980 ι
2149 1930 2205 1983 δὲ
2240 1931 2300 1982 τὸ
2347 1929 2572 1999 Πνεῦμα
2614 1931 2676 1983 οὐ
2710 1929 2968 1999 λέγομεν.
3019 1932 3077 1985 ὲν
3106 1931 3283 2004 ταύτῃ
3329 1935 3667 2005 σαφέστερον

2087 2040 2105 2071 ι
2157 2021 2378 2091 εἴρηκεν
2426 2020 2620 2085 εἰπὼν,
2684 2022 2795 2075 Καὶ
2847 2021 2979 2089 Υἱοῦ
3046 2024 3273 2095 Πνεῦμα
3336 2027 3437 2097 οὐχ
3484 2026 3559 2091 ὡς
3605 2028 3662 2095 ἐξ

2088 2134 2105 2163 ι
2157 2114 2346 2180 αὑτοῦ,
2374 2114 2490 2167 ἀλλ’
2523 2116 2598 2173 ώς
2649 2114 2718 2168 δι’
2748 2115 2914 2169 αὑτοῦ
2959 2118 3025 2171 ὲκ
3073 2118 3169 2170 τοῦ
3227 2119 3442 2189 Πατρὸς
3498 2121 3652 2173 ἐκπο-

2088 2221 2105 2254 ι
2163 2205 2481 2276 ρευόμενον.
2535 2204 2601 2258 Ἠ
2659 2204 2716 2259 δὲ
2755 2205 2872 2270 τοῦ,
2909 2208 3088 2271 Μόνος
3120 2207 3230 2278 γὰρ
3276 2209 3454 2273 αῐτιος
3488 2210 3517 2263 6
3552 2211 3660 2264 Πα-

2087 2314 2103 2345 ι
2160 2296 2288 2367 τὴρ,
2317 2298 2606 2367 ἐπαγωγὴ,
2648 2298 2750 2368 τὴν
2781 2296 2934 2367 ὅλην,
2965 2298 3041 2363 ὡς
3070 2299 3323 2371 εἴπομεν,
3351 2302 3665 2372 περικοπὴν

2092 2406 2107 2437 ι
2154 2387 2506 2459 ἐσαφήνισεν.
2534 2407 2551 2439 ι

2675 2482 3067 2551 Ἀντίρῤησις.
3630 2541 3643 2551 _

2162 2569 2405 2642 Ἀληθῶς
2437 2572 2538 2642 μὲν
2566 2574 2634 2627 τὰ
2684 2577 2741 2628 ὲν
2764 2573 2844 2645 τῷ
2877 2575 3022 2628 τέλει
3050 2575 3149 2645 τῆς
3206 2575 3467 2646 ρηθείσης
3505 2593 3669 2647 περι-

2080 2661 2258 2729 κοπῆς
2289 2661 2391 2732 τῷ⁴
2426 2664 2569 2732 ἁγίῳ
2615 2664 2884 2735 εἰρημένα
2926 2666 3233 2736 σαφήνειαν
3275 2682 3399 2718 τινα
3427 2666 3666 2735 φέρουσι

2078 2752 2210 2817 τῶν,
2247 2754 2348 2806 ὅσα
2381 2753 2451 2806 δι’
2496 2755 2629 2825 ὅλης
2660 2757 2760 2826 τῆς
2814 2758 3122 2827 περικοπῆς
3153 2757 3379 2827 ταύτης,
3428 2758 3572 2812 ἀλλὰ
3600 2760 3663 2829 δὴ

2079 2844 2306 2915 καὶτῆς
2360 2846 2738 2916 πρ)λα6ούσης
2785 2847 3015 2916 ἀσαφῶς
3048 2851 3189 2917 τάχα
3240 2853 3492 2918 φαίνεται
3528 2852 3664 2919 γρά-

2077 2935 2206 3005 ψας,
2246 2937 2391 3008 πλὴν
2423 2938 2522 3010 οὐχ
2567 2937 2641 3000 ώς
2688 2939 2720 3008 ἡ
2772 2938 2839 3010 σὴ
2869 2937 3118 2993 διδάσκει
3152 2943 3471 3004 ἐπιστασία,
3518 2943 3659 2996 ἀλλὰ

2084 3029 2387 3101 βαθύτερον
2418 3030 2593 3095 ἄλλως
2640 3036 2735 3087 καὶ
2786 3035 3201 3107 ἀκριϐέστερον.
3249 3034 3436 3089 Εἰπὼν
3468 3036 3580 3107 γὰρ
3629 3037 3658 3090 6

396 3142 743 3211 scripsisset,
774 3141 853 3196 Ex
907 3139 1046 3197 Filio
1073 3155 1202 3196 vero
1248 3139 1507 3211 Spiritum
1561 3155 1669 3196 non
1714 3139 1974 3206 dicimus,

2086 3124 2243 3192 ἆγιος
2273 3125 2332 3178 ὲν
2352 3126 2419 3196 τῇ
2451 3124 2799 3199 προλαὸούση
2840 3128 3142 3197 περικοπῇ,
3181 3127 3278 3180 Ἐκ
3310 3127 3401 3180 τοῦ
3432 3128 3567 3181 Υίοῦ
3603 3128 3661 3181 δὲ

397 3234 695 3305 volensque
718 3233 772 3288 in
804 3233 948 3289 dicta
977 3233 1226 3303 pericope
1247 3248 1538 3303 exponere,
1559 3233 1714 3300 illud,
1735 3248 1802 3289 ex
1823 3227 1979 3300 Filio,

304 3336 317 3347 ί
344 3385 355 3409 ι
402 3326 712 3383 convellere
736 3341 858 3395 quae
892 3326 1167 3396 pessimus
1193 3325 1494 3382 Eunomius
1525 3328 1879 3391 decernebat,
1909 3342 1979 3381 ex

346 3418 353 3435 ‘
401 3417 544 3471 Filio
568 3419 956 3472 anteeedenter
984 3417 1149 3472 veluti
1179 3432 1243 3472 ex
1282 3419 1456 3487 prima
1487 3433 1653 3473 causa
1686 3428 1741 3472 et
1773 3418 1980 3489 princi-

404 3510 496 3577 pio
527 3509 795 3578 Spiritum
820 3524 1094 3576 asserens,
1128 3523 1239 3563 non
1278 3524 1407 3563 vero
1436 3524 1529 3578 per
1564 3507 1761 3563 Filium
1832 3525 1980 3564 recc-

404 3610 561 3670 ptum
598 3616 611 3652 :
642 3615 821 3670 neque
839 3601 985 3674 enim
1020 3600 1129 3655 alio
1160 3601 1324 3655 modo
1345 3602 1512 3656 trium
1546 3602 1891 3659 continuum.
1922 3609 1978 3655 et

398 3708 715 3759 commune,
757 3693 902 3765 quod
953 3694 1007 3749 in
1056 3702 1251 3748 natura
1296 3702 1401 3761 est,
1451 3701 1832 3759 conservatur,
1870 3693 1975 3746 nisi

399 3785 638 3854 Spiritus
672 3800 766 3856 per
801 3783 999 3840 Filium
1053 3799 1120 3842 ex
1150 3783 1311 3840 Patre
1337 3784 1682 3853 procederet,
1730 3798 1829 3853 pro
1866 3783 1978 3837 cla-

395 3879 580 3942 ritate,
612 3885 669 3930 et
717 3876 1080 3946 expositione,
1112 3891 1236 3945 quae
1287 3875 1426 3930 forte
1480 3876 1713 3930 obscure
1761 3874 1974 3945 digesta

398 3977 557 4023 antea
618 3968 792 4033 luere,
848 3968 1134 4037 subjunxit
1188 3966 1242 4025 in
1295 3967 1439 4022 dicta
1478 3966 1751 4037 pericOpe,
1793 3984 1811 4018 ι
1864 3982 1974 4020 non

399 4067 661 4128 tanquam
706 4073 771 4111 ex
804 4058 943 4127 ipso.
986 4077 1002 4107 ι
1054 4056 1119 4111 Ει
1156 4072 1261 4110 una
1308 4057 1472 4112 simul
1506 4071 1536 4111 a
1585 4066 1657 4124 te,
1694 4056 1785 4125 qui
1819 4056 1971 4127 legis,

399 4150 531 4206 illud
569 4150 969 4223 consideretur,
998 4149 1076 4203 uti
1103 4164 1169 4203 ex
1194 4150 1369 4219 prima
1403 4165 1566 4203 causa
1599 4159 1651 4204 et
1684 4148 1969 4219 principio,

399 4244 493 4298 scd
550 4241 627 4297 uti
687 4256 781 4311 per
824 4241 1001 4309 ipsum
1048 4256 1113 4295 ex
1153 4239 1307 4294 Patre
1341 4240 1661 4307 procedens,
1709 4238 1797 4293 cui
1847 4253 1972 4293 cum

400 4335 594 4393 addit:
635 4353 652 4385 ι
697 4332 860 4388 Solus
888 4333 1033 4387 enim
1081 4346 1244 4387 causa
1298 4330 1482 4396 Pater,
1522 4350 1540 4383 ι
1578 4329 1969 4395 manifestavit,

398 4437 507 4475 non
530 4435 655 4476 esse
674 4400 1246 4491 causam‘primarium
1276 4420 1494 4486 Filium,
1523 4435 1712 4475 eorum
1736 4434 1970 4491 quorum

2084 3217 2144 3269 τὸ
2177 3216 2404 3286 Πνεῦμα
2452 3218 2515 3271 οὐ
2558 3217 2816 3289 λέγομεν,
2868 3220 2965 3272 καὶ
3001 3220 3172 3273 θέλων
3203 3222 3261 3271 ὲν
3306 3223 3372 3289 τῇ
3431 3221 3662 3290 ῥηθείσῃ

2085 3312 2358 3378 περικοπῇ
2410 3312 2759 3379 παραστῆσαι
2803 3310 2878 3374 ώς
2915 3313 3092 3364 έκεῖνο
3120 3311 3202 3376 τὸ,
3234 3312 3298 3365 ἐκ
3354 3311 3452 3365 τοῦ
3514 3311 3660 3374 Υίοῦ,

2080 3398 2317 3466 ἀναιρεῖ,
2350 3399 2486 3469 ὅπερ
2523 3400 2551 3451 6
2584 3399 2844 3462 κάκιστος
2882 3401 3143 3470 Εὑνόμιος
3177 3400 3559 3469 ὲδογμάτιζεν,
3599 3401 3663 3452 ἐκ

2080 3488 2176 3542 τοῦ
2208 3487 2341 3541 Υίοῦ
2388 3490 2820 3561 προηγουμένως
2847 3490 2922 3552 ὡς
2967 3493 3031 3543 ὲκ
3065 3490 3289 3561 πρώτης
3336 3489 3521 3554 αίτίας
3569 3490 3662 3543 καὶ

2078 3580 2254 3649 ἀρχῆς
2298 3579 2475 3649 λέγων
2525 3580 2585 3634 τὸ
2632 3581 2879 3651 Πνεῦμα,
2916 3581 3183 3651 οὔμενουν
3227 3584 3289 3635 τὸ
3347 3583 3424 3645 ώς
3451 3582 3544 3634 διὸ.
3569 3581 3659 3635 τοῦ

2080 3671 2214 3725 Υἱοῦ
2276 3671 2881 3743 παραλαμϐανόμενον·
2935 3674 3058 3727 οὐδὲ
3107 3674 3214 3745 γὰρ
3258 3673 3326 3728 ἂν
3374 3674 3554 3736 ἄλλως
3604 3673 3663 3727 τὸ

2078 3763 2187 3817 τῶν
2226 3764 2397 3834 τριῶν
2456 3765 2680 3836 συνεχὲς
2736 3783 2796 3818 τε
2849 3767 2944 3819 καὶ
2983 3767 3233 3836 συμφυὲς
3268 3767 3564 3839 τηρηθείη,
3615 3769 3661 3818 εί

2082 3858 2160 3928 μὴ
2184 3858 2244 3911 τὸ
2263 3857 2490 3927 Πνεῦμα
2516 3857 2605 3911 διὰ
2630 3857 2721 3912 τοῦ
2743 3859 2875 3911 Υίοῦ
2905 3861 2967 3913 ὲκ
2991 3858 3085 3912 τοῦ
3118 3861 3331 3930 Πατρὸς
3362 3860 3664 3930 ἐκπορευό-

2082 3965 2243 4018 μενον
2270 3950 2356 4018 εἴη
2376 3949 2469 4001 ἐπὶ
2500 3950 2770 4020 σαφηνείᾳ
2793 3952 2886 4003 καὶ
2917 3951 3187 4021 ἑρμηνείᾳ
3226 3951 3336 4004 τῶν
3361 3953 3501 4021 τάχα
3529 3954 3663 4005 ἀσα-

2079 4041 2195 4109 φῶς
2227 4040 2657 4113 προρρηθέντων
2706 4043 2988 4113 ἐπήγαγεν
3047 4046 3200 4113 ἑντῇ
3240 4044 3474 4116 ῥηθείσῃ
3508 4062 3662 4113 περιο

2078 4135 2220 4205 κοπῇ
2256 4130 2316 4188 τὸ
2359 4152 2377 4186 ι
2417 4134 2515 4205 οὐχ
2560 4135 2634 4196 ώς
2662 4133 2721 4199 ἐξ
2749 4133 2942 4187 αὐτοῦ.
3004 4154 3023 4186 ι
3081 4137 3195 4189 Καὶ
3232 4138 3662 4191 συνεπινοείσθω

2080 4244 2162 4279 σοι
2195 4225 2272 4298 τῷ
2302 4226 2733 4295 ἀναγινώσκοντι
2769 4227 2850 4292 τὸ,
2885 4227 2956 4290 ώ;
2985 4229 3051 4280 ἐκ
3085 4228 3310 4299 πρώτης
3352 4231 3537 4293 αἰτίας
3568 4234 3662 4285 καὶ

2076 4320 2271 4391 ἀρχῆς,
2306 4319 2420 4372 ἀλλ’
2449 4320 2523 4383 ώς
2565 4319 2631 4372 δι’
2666 4317 2831 4371 αὐτοῦ
2870 4321 2929 4371 ἐκ
2966 4319 3061 4372 τοῦ
3115 4322 3332 4392 Πατρός
3359 4324 3659 4392 ἐκπορευό·
3700 4354 3701 4357 η

2085 4429 2273 4481 μενον·
2319 4411 2579 4483 προσθεὶς
2609 4411 2666 4464 δὲ
2715 4412 2813 4465 καὶ
2852 4410 2936 4477 τὸ,
2986 4431 3002 4463 ι
3058 4410 3233 4476 Μόνος
3270 4414 3379 4483 γὰρ
3413 4415 3591 4476 αἴτιος
3631 4416 3659 4466 6

399 4514 514 4583 ipse
547 4496 1068 4595 causal'Pﬁei-est:
1115 4512 1353 4581 itemque
1403 4527 1514 4566 non
1566 4527 1687 4567 esse
1737 4513 1970 4582 primam

2085 4503 2290 4574 Πατὴρ,
2348 4522 2366 4553 ι
2404 4498 2708 4573 δεδήλωκεν
2732 4498 2805 4562 ὡς
2845 4501 2947 4554 οὐκ
2993 4501 3058 4555 ἂν
3086 4505 3190 4577 εἴη
3221 4501 3397 4556 αἴτιον
3427 4503 3658 4574 ἀρχικὸν

397 4618 646 4667 causam,
684 4614 736 4659 et
774 4603 1107 4674 principium
1144 4601 1343 4658 Filium
1373 4617 1388 4656 :
1420 4617 1527 4657 non
1573 4617 1725 4667 vero,
1753 4611 1814 4658 ut
1849 4603 1974 4673 qui-

396 4696 522 4748 dam
555 4694 813 4765 suspicati
856 4703 1004 4759 sunt,
1041 4704 1326 4765 propterea
1373 4705 1598 4751 sanctus
1626 4695 1795 4749 dixit:
1837 4712 1857 4746 ι
1895 4693 1973 4747 Ex

397 4785 540 4862 Filio
576 4801 707 4840 vero
732 4785 997 4855 Spiritum
1035 4803 1141 4842 non
1165 4788 1425 4853 dicimus,
1469 4806 1488 4839 ι
1527 4797 1586 4841 ιιι
1615 4787 1975 4858 distingueret

398 4873 598 4929 Filium
636 4892 666 4930 a
706 4874 882 4931 Patre.
916 4875 1049 4931 Nam
1086 4877 1130 4932 si
1172 4878 1223 4932 id
1254 4886 1419 4944 esset,
1477 4893 1755 4946 nunquam
1801 4877 1973 4931 dixis-

396 4978 500 5029 set,
530 4983 638 5022 non
677 4969 753 5024 uti
784 4984 849 5022 ex
879 4967 1019 5036 ipso,
1053 4969 1146 5024 sed
1178 4977 1237 5021 ut
1284 4984 1379 5037 per
1412 4967 1590 5038 ipsum
1646 4968 1969 5037 procedens.

398 5062 685 5132 Separatio
714 5063 858 5117 enim
891 5061 1012 5116 Filii
1037 5078 1067 5115 a
1111 5060 1268 5116 Patre
1294 5077 1575 5130 nunquam
1609 5062 1661 5115 in
1698 5060 1972 5116 exsisten-

395 5156 469 5209 tia
515 5155 749 5225 Spiritus
783 5171 811 5209 ιι
850 5155 1031 5216 Patre,
1067 5153 1235 5214 illud,
1259 5168 1357 5223 per
1385 5151 1603 5218 Filium,
1641 5153 1968 5210 admitteret.

398 5246 785 5303 Verumtamen
804 5246 957 5312 illud,
978 5264 995 5296 ι
1017 5243 1190 5300 Nemo
1209 5245 1384 5300 bonus
1403 5246 1504 5300 nisi
1526 5261 1671 5301 unus
1701 5247 1922 5316 Deus“,
1946 5268 1964 5300 ι

398 5357 631 5413 magnus
652 5341 910 5403 Basilius,
937 5352 1033 5408 pro
1066 5353 1151 5402 eo,
1173 5335 1274 5391 nisi
1295 5338 1442 5393 solus
1462 5336 1641 5403 Pater,
1667 5354 1971 5408 exponens.

398 5442 453 5488 ct
488 5434 645 5503 plane
671 5432 885 5496 dicens,
912 5430 1205 5485 dictionem
1237 5429 1518 5496 denotare,
1570 5429 1809 5499 primum
1868 5431 1969 5484 bo-

401 5542 529 5580 num
571 5540 695 5581 esse
724 5525 960 5594 Patrem,
988 5533 1042 5577 et
1094 5522 1258 5587 illud,
1308 5541 1327 5573 ι
1366 5521 1536 5578 Nemo
1584 5526 1735 5576 novit
1768 5522 1966 5578 Filium

401 5617 501 5671 nisi
541 5617 700 5671 Pult‘l‘
733 5618 799 5682 η,
844 5636 860 5665 ι
907 5625 960 5671 et
1016 5614 1067 5667 in
1120 5614 1208 5669 illa
1244 5614 1693 5683 interpretatione
1743 5614 1969 5669 demon-

477 5773 515 5801 "
564 5771 674 5824 Luc.
728 5789 879 5836 xxttt,
922 5774 1004 5826 l9.
1118 5774 1161 5803 ”
1196 5768 1388 5824 Matth.
1426 5785 1499 5835 χι,
1530 5769 1620 5821 ‘27.

2078 4599 2105 4649 6
2138 4595 2286 4660 Υἱὸς,
2327 4589 2403 4648 ὧν
2435 4593 2746 4656 αὐτοαίτιος
2770 4595 2797 4645 6
2825 4593 3034 4664 Πατὴρ,
3067 4596 3161 4647 καὶ
3191 4594 3266 4657 ὡς
3310 4596 3432 4665 οὐχι
3466 4595 3655 4667 πρώτη

2072 4686 2226 4743 ἀίτία
2256 4678 2352 4743 κάι
2385 4689 2529 4760 ἀρχὴ
2558 4689 2651 4742 τοῦ
2677 4688 2997 4758 Πνεύματός
3030 4691 3180 4742 ἐστιν
3221 4690 3248 4742 6
3281 4689 3403 4752 Υίός
3424 4706 3440 4722 ο
3459 4690 3659 4760 οὕμενι

2078 4800 2195 4848 ουν,
2237 4778 2313 4846 ὣς
2364 4798 2511 4847 τινες
2559 4783 2912 4852 ὑπειλήφασι,
2948 4782 3036 4834 διὰ
3099 4782 3259 4835 τοῦτο
3286 4781 3314 4835 6
3342 4781 3499 4850 ἅγιος
3529 4784 3655 4852 ἔφη,

2085 4892 2104 4925 ι
2141 4874 2205 4927 ὲκ
2236 4874 2334 4927 τοῦ
2368 4872 2499 4927 Υίοῦ
2528 4874 2585 4927 δὲ
2612 4874 2672 4927 τὸ
2700 4873 2926 4943 Πνεῦμα
2956 4874 3018 4925 ού
3061 4874 3323 4943 λέγομεν,
3357 4892 3376 4924 ι
3409 4873 3497 4925 ἵνα
3544 4873 3661 4926 δια·

2080 4965 2269 5038 στείλη
2297 4966 2389 5020 τὸν
2425 4966 2554 5020 Υίὸν
2585 4967 2694 5020 ἀπὸ
2717 4963 2808 5019 τοῦ
2855 4966 3087 5035 Πατρός.
3125 4966 3187 5017 Εἰ
3226 4965 3336 5037 γὰρ
3383 4966 3532 5019 τοῦτ’
3564 4962 3653 5037 ἦν,

2078 5060 2178 5113 ούκ
2214 5059 2280 5114 ἄν
2324 5076 2455 5111 ποτε
2498 5057 2625 5129 ἔφη,
2652 5058 2751 5128 οὐχ
2778 5058 2853 5121 ώς
2912 5054 2973 5121 ἐξ
3025 5056 3215 5120 αὐτοῦ,
3264 5057 3381 5110 ἀλλ’
3447 5060 3526 5122 ὡς
3592 5058 3657 5111 δι’

2080 5151 2247 5204 αὑτοῦ
2308 5151 2766 5220 ἐκπορευόμενον.
2830 5150 2898 5201 Ἦ
2965 5149 3074 5219 γὰρ
3125 5150 3234 5202 ἀπὸ
3295 5150 3391 5203 τοῦ
3441 5151 3653 5221 Πατρός

2080 5242 2333 5315 διαστολὴ
2371 5242 2462 5297 τοῦ
2500 5241 2654 5309 Υίοῦ,
2697 5242 2797 5295 οὐκ
2836 5242 2902 5296 ἄν
2933 5258 3067 5293 ποτε
3115 5243 3175 5294 ὲν
3217 5244 3281 5312 τῇ
3332 5244 3398 5295 ἐκ
3444 5243 3654 5314 Πατρδς

2081 5333 2315 5405 ὑπάρξει
2349 5335 2444 5387 τοῦ
2478 5333 2825 5403 Πνεῦματος,
2854 5331 3221 5405 παραδέξαιτο
3264 5333 3326 5386 τὸ
3373 5334 3439 5386 δι’
3469 5333 3649 5400 ζΥίοῦ.

2088 5429 2253 5484 Ἀλλὰ
2284 5431 2488 5494 καὶτὸ,
2538 5448 2555 5480 ι
2603 5428 2794 5491 Οὐδεὶς
2823 5428 3029 5496 ἀγαθὸς
3072 5431 3120 5480 εἰ
3151 5428 3224 5499 μὴ
3264 5423 3345 5493 εἷς
3372 5431 3399 5481 6
3430 5428 3584 5493 Θεὸς,
3627 5447 3646 5479 ι

2076 5524 2104 5576 6
2140 5526 2314 5593 μέγας
2344 5523 2624 5587 Βασίλειος
2657 5523 2778 5576 ἀντὶ
2806 5520 2924 5587 τοῦ,
2957 5522 3021 5574 ΕΞ
3061 5520 3134 5591 μὴ
3166 5520 3346 5591 μόνος
3380 5524 3408 5573 6
3439 5522 3648 5590 Πατὴρ,

2077 5613 2477 5685 ἐξηγούμενος,
2502 5615 2595 5668 καὶ
2643 5614 2829 5683 σαφῶς
2875 5613 3071 5683 λέγων,
3111 5613 3350 5684 δήλωσιν
3392 5613 3539 5684 ἔχειν
3588 5610 3663 5666 το
