3958 6394
435 318 538 382 δ”θ

1465 329 1675 392 JOAN.
1718 329 1928 390 VECCI
1971 331 2078 392 (ΣΡ.
2125 333 2640 396 PATRIARCH.‘E

3589 327 3690 392 cao
3721 294 3738 300 ’

439 461 457 492 ι
492 441 758 508 veritatis,
794 445 885 512 qui
934 460 963 499 ιι
1000 445 1157 501 Patre
1213 446 1480 514 procedit,
1534 445 1766 503 deducet
1805 464 1902 504 vos
1940 449 1991 502 in

2122 469 2124 476 ν
2161 450 2327 518 ὑμᾶς.
2355 471 2374 504 ι
2410 454 2521 508 Καὶ
2545 452 2707 506 πάλιν
2729 468 2742 482 ο
2786 471 2804 502 ι
2835 452 3005 505 Ὅταν
3029 449 3084 505 δὲ
3107 450 3236 524 ἔλθῃ
3259 453 3286 506 ό
3311 449 3688 522 Παράκλητος,

439 552 457 583 ι
499 548 715 588 omnem
752 537 1032 591 veritatem
1065 539 1130 592 ".
1171 556 1190 588 ι
1224 537 1281 591 in
1327 553 1395 592 eo
1425 546 1627 604 autem,
1671 541 1816 610 quod
1843 543 2007 607 dixit,

445 642 462 673 ι
499 624 574 678 Ex
609 625 768 680 Patre
820 627 1084 694 procedit,
1130 626 1370 682 ostendit
1403 627 1621 683 Patrem
1649 645 1772 686 esse
1804 630 2008 689 fontem

442 736 460 764 a
496 715 758 786 Spiritus.
809 716 874 770 Et
929 732 1036 771 non
1089 717 1250 784 dixit,
1283 719 1552 787 procedet,
1604 722 1700 777 sed
1750 726 2008 792 procedit,

440 827 460 858 τ
493 807 786 862 ostendens
828 816 882 861 et
935 816 1141 862 natura:
1195 810 1549 875 identitatem,
1584 820 1638 868 et
1685 814 2010 871 substantia:

445 919 463 948 ‹
498 899 1011 966 indivisihilitatem,
1063 910 1118 955 et
1175 901 1620 971 indiﬂ'erentiatn,
1657 914 1713 961 et
1747 908 2006 962 unionem

445 1009 462 1040 ‹
505 1005 890 1057 personarum.
919 991 1073 1058 Quod
1110 993 1256 1048 enim
1290 995 1553 1063 procedit,
1579 1010 1688 1052 non
1732 1005 1910 1068 potest
1939 999 2008 1054 ah

443 1099 460 1131 ι
495 1095 560 1135 eo
589 1083 860 1152 separari,
895 1098 922 1136 a
963 1098 1074 1152 quo
1115 1085 1382 1154 procedit.
1424 1087 1645 1142 Divinus
1676 1103 1805 1144 vero
1859 1087 2010 1160 Apo-

439 1189 457 1222 ι
494 1171 672 1227 slolus
700 1173 767 1227 de
799 1171 1005 1243 Spiritu
1039 1175 1154 1229 hanc
1179 1175 1347 1231 dicit:
1379 1196 1397 1230 t
1431 1178 1670 1248 Spiritus
1713 1181 1860 1236 enim
1889 1199 2010 1238 om-

437 1281 456 1312 ε
496 1262 585 1316 nia
635 1273 933 1329 scrutatur,
967 1266 1128 1320 etiam
1166 1269 1436 1338 profunda
1493 1271 1585 1327 Dei
1643 1273 1707 1328 “.
1745 1294 1764 1326 ι
1819 1275 1898 1330 Ac
1938 1291 2007 1332 ne

439 1373 457 1403 ι
497 1353 622 1424 quis
681 1354 1024 1424 ignoratione
1085 1373 1208 1414 esse
1306 1362 1697 1418 scrutationem
1750 1375 2002 1433 putaret,

437 1463 456 1493 ι
491 1445 778 1514 subiunxit
821 1465 836 1502 :
872 1467 891 1500 ι
934 1448 1127 1506 Νυιιιιε
1175 1452 1458 1508 hominum
1506 1456 1680 1520 novit,
1711 1472 1832 1527 quae
1877 1468 2006 1514 sunt

443 1553 462 1584 ι
501 1535 760 1600 hominis,
799 1539 904 1592 nisi
937 1541 1163 1610 spiritus
1196 1545 1456 1609 hominis,
1490 1547 1582 1615 qui
1637 1548 1690 1601 in
1728 1550 1846 1618 ipso
1874 1559 1957 1605 est
1987 1567 2001 1603 :

439 1642 458 1672 ε
495 1623 568 1678 ita
608 1633 662 1679 et
701 1642 821 1696 quae
849 1627 936 1683 Dei
964 1640 1276 1689 suutnemo
1307 1637 1583 1706 cognovit,
1620 1638 1724 1694 nisi
1763 1639 2002 1710 Spiritus

440 1731 460 1766 t
500 1713 594 1770 Dei
628 1716 692 1771 ".
739 1738 757 1770 ι

1001 1909 1429 1967 Αηίηιαιιυεηίο.

513 2015 532 2046 ι
567 1997 766 2053 Audito
796 1997 942 2053 hunc
986 2015 1206 2071 quoque
1235 2004 1705 2073 sapientissimum
1737 2023 1801 2064 ac
1823 2010 2010 2066 erudi-

439 2106 457 2136 ε
494 2086 766 2142 tissimum
802 2089 1042 2155 Patrem,
1081 2107 1188 2146 non
1225 2093 1444 2150 diversa
1509 2099 1577 2152 ab
1629 2099 1754 2154 aliis
1808 2101 2009 2158 divinis

438 2198 455 2228 ι
495 2176 751 2235 Patribus
779 2180 847 2236 de
885 2185 1242 2251 processione
1297 2185 1537 2255 Spiritus
1585 2192 1760 2245 sancti
1811 2191 2007 2247 decer-

437 2290 458 2320 σ
494 2279 733 2332 nentem.
769 2272 1169 2348 docentetnque
1217 2294 1342 2335 eum
1384 2295 1452 2334 ex
1503 2281 1614 2337 Deo
1663 2281 1823 2341 Patre
1869 2287 2012 2342 exsi-

439 2383 457 2413 ι
492 2364 747 2420 stantiam
777 2367 998 2424 habere.
1045 2389 1065 2423 ι
1108 2368 1114 2374 ’

1070 2465 1366 2536 Refutatio.

503 2549 928 2610 Eruditissimus
991 2571 1056 2612 ac
1111 2561 1550 2629 sapientissimus
1606 2565 1697 2620 hic
1749 2567 1852 2631 vir,
1914 2565 2006 2624 hi-c

435 2641 575 2695 nihil
605 2641 790 2709 habet,
817 2647 959 2716 quod
1001 2663 1032 2704 a
1075 2654 1303 2708 veritate
1340 2654 1607 2710 absonum
1641 2659 1733 2720 sit,
1766 2673 1891 2713 cum
1920 2674 2010 2715 as-

437 2733 594 2798 serit,
627 2749 693 2790 ex
747 2735 855 2791 Deo
884 2749 939 2792 et
985 2738 1145 2796 Patre
1189 2739 1452 2812 Spiritum
1499 2747 1875 2802 exsistentiam
1913 2750 2009 2804 ha-

433 2824 587 2889 bere,
615 2840 680 2880 ex
719 2842 961 2896 quonam
1001 2831 1147 2886 enim
1189 2832 1278 2888 ille
1309 2835 1575 2903 originem
1604 2853 1760 2892 suam
1788 2852 1854 2893 ac
1882 2837 2006 2894 fon-

433 2925 542 2970 tem
581 2927 929 2984 agnosceret.
968 2921 1070 2975 nisi
1102 2937 1251 2979 esset
1277 2939 1342 2979 ex
1374 2924 1576 2981 Patre?
1617 2926 2005 2985 Verumtamen

435 3008 492 3062 in
551 3009 670 3063 suis
715 3011 983 3069 adversus
1032 3014 1294 3084 Cyrillum
1347 3022 1765 3086 certaminibus,
1817 3032 2006 3078 contra

431 3101 685 3156 eumdem
719 3104 872 3159 orbis
907 3115 1174 3162 terrarum
1216 3109 1397 3166 lumen
1432 3111 1718 3181 disputans
1751 3114 2006 3185 blasphe-

345 3187 354 3193 ’
435 3193 576 3258 mite,
605 3208 670 3250 ac
702 3194 997 3268 impietatis
1027 3208 1210 3256 notam
1240 3203 1458 3268 inussit,
1490 3206 1538 3260 si
1586 3207 1676 3262 ille
1718 3209 2003 3278 pr0prium

433 3283 555 3341 Filii
585 3283 850 3356 Spiritum
879 3288 1038 3352 dixit,
1071 3293 1236 3347 veluti
1263 3308 1328 3348 ex
1353 3293 1506 3361 Filio,
1543 3304 1635 3350 aut
1659 3312 1753 3366 per
1779 3297 2002 3364 Filium,

433 3375 696 3446 Spiritum
747 3394 871 3435 esse
923 3382 1211 3440 deliniens.
1279 3386 1532 3441 Attamen
1589 3389 2005 3445 eruditissimus

437 3469 528 3523 hic
573 3483 639 3523 ac
669 3470 1111 3540 sapientissimus
1153 3475 1537 3534 Theodoretus
1570 3482 1904 3536 tantumdem
1937 3496 2006 3535 ex

437 3560 528 3614 illa
555 3576 656 3615 sua
691 3561 745 3616 in
778 3572 1026 3619 sanctum
1056 3566 1318 3637 Cyrillum
1350 3571 1703 3627 contentione
1731 3573 1782 3626 in
1821 3571 2007 3628 Eccle-

435 3651 516 3706 sia
571 3653 666 3710 Dei
707 3656 1000 3726 demeruit,
1053 3663 1123 3716 ob
1175 3675 1338 3730 quam
1393 3665 1695 3733 impietatis
1752 3675 2004 3720 sanctum

432 3741 735 3806 accusavit,
765 3744 812 3800 si
853 3747 1136 3816 proprium
1181 3748 1304 3804 Filii
1358 3749 1623 3821 Spiritum
1656 3755 1812 3821 dicit,
1841 3757 2003 3812 veluti

431 3846 497 3890 ex
525 3832 665 3890 Filio
701 3845 797 3892 aut
823 3853 920 3907 per
948 3838 1148 3894 Filium
1175 3840 1552 3898 exsistentiam
1583 3846 1836 3915 haberet,
1861 3859 1920 3902 ut
1945 3858 2021 3905 et.

434 3922 777 3994 depositioni,
810 3937 864 3983 et
897 3933 1283 4002 proscriptioni
1319 3935 1581 3992 subactus
1634 3937 1826 4006 fuerit,
1874 3940 2006 3996 licet

436 4025 619 4083 postea
670 4023 1048 4091 semetipsum.
1116 4033 1171 4080 et
1224 4041 1508 4084 sermones
1541 4033 1815 4102 proprios,
1859 4047 2000 4104 quos

433 4111 784 4165 exsecranda:
814 4114 1188 4171 contentionis
1214 4117 1399 4172 studio
1423 4118 1718 4188 ell'utierat,
1743 4124 2004 4180 condem-

436 4212 596 4267 nans,
633 4215 698 4255 ac
727 4202 1004 4274 ablegans,
1035 4215 1090 4262 et
1133 4209 1505 4268 anathematis
1557 4214 1696 4271 diris
1725 4215 2000 4273 devovens

436 4291 522 4344 vix
556 4293 770 4349 tandem
801 4308 1052 4370 receptus
1090 4313 1193 4359 est.

438 4404 520 4459 Ea:
549 4421 720 4474 opere,
747 4411 897 4476 cuius
937 4413 1036 4488 illo
1065 4427 1140 4488 est
1190 4418 1486 4486 inscriptio,
1534 4439 1552 4472 ι
1591 4418 1868 4488 Erauista,
1900 4423 2008 4478 sive

987 4484 1394 4556 Polymorplms.
1430 4509 1450 4542 ι

499 4566 734 4627 CXLIV.
778 4592 798 4625 ι
834 4577 897 4629 Α.
937 4574 1106 4632 Deum
1137 4577 1378 4636 Verbum
1433 4597 1497 4637 ex
1559 4582 1721 4639 Patre
1775 4591 1830 4638 et
1893 4584 2006 4640 Deo

443 4678 462 4709 ι
495 4675 618 4717 esse
647 4678 803 4719 sacra
830 4666 965 4724 dicit
988 4668 1286 4741 Scriptura.
1340 4674 1399 4726 Β.
1447 4672 1584 4730 Vera
1640 4675 1802 4731 dicis.
1833 4675 1900 4732 A.
1937 4675 2007 4732 Et

442 4769 460 4801 ι
495 4750 760 4820 Spiritum
819 4771 1069 4817 sanctum
1111 4764 1364 4819 similiter
1411 4781 1476 4820 ex
1527 4767 1642 4822 Deo
1672 4783 1794 4824 esse
1822 4767 2006 4824 docet.

443 4867 462 4899 ε
497 4845 557 4902 Β.
589 4847 648 4902 In
679 4849 935 4906 confesso
957 4863 1061 4908 est.
1093 4855 1159 4907 Α.
1198 4855 1268 4908 At
1303 4855 1467 4908 Deum
1500 4857 1720 4924 quidem
1767 4855 2002 4912 Verbum

446 4959 464 4992 ι
499 4941 696 4996 Filium
733 4945 980 4999 nominat
1015 4945 1382 5015 unigenitum.
1413 4945 1474 4998 Β.
1513 4945 1606 5002 Sic
1630 4949 1900 5004 nominat.
1937 4950 2007 5002 A.

445 5057 464 5090 ι
503 5035 769 5105 Spiritum
810 5048 992 5092 autem
1029 5047 1279 5092 sanctum
1340 5053 1619 5109 nunquam
1661 5040 1741 5095 sic
1771 5040 2010 5111 appella-

506 5127 603 5182 vit.
630 5126 691 5183 Β.
716 5125 1019 5198 Nusquam.
1049 5128 1113 5182 A.
1153 5126 1219 5181 Et
1248 5140 1427 5183 tamen
1451 5129 1497 5184 is
1519 5145 1736 5200 quoque
1757 5145 1821 5186 ex
1849 5131 2010 5187 Patre

448 5240 466 5269 ε
505 5229 559 5275 et
594 5218 703 5274 Deo
738 5234 894 5275 suam
929 5220 1093 5274 habet
1135 5219 1538 5276 exsistentiam.
1571 5222 1633 5277 Β.
1672 5221 1872 5278 Verum
1907 5232 2014 5280 est.

2121 561 2141 594 ι
2184 543 2244 596 τὸ
2279 543 2505 613 Πνεῦμα
2543 545 2647 616 τῆς
2698 544 2982 616 ἀληθείας,
3032 545 3060 598 δ
3107 545 3260 616 παρὰ
3320 543 3416 598 τοῦ
3479 545 3690 614 Πατρδς

2119 652 2138 686 t
2185 634 2570 716 ἐκπορεύεται,
2597 636 2857 708 ὁδηγήσει
2888 638 3032 707 ὑμᾶς
3062 637 3196 707 προς
3222 638 3404 690 πᾶσαν
3425 636 3527 707 τὴν
3553 636 3690 704 ἀλή-

2120 745 2138 777 ι
2175 726 2346 781 θειαν.
2388 744 2406 778 ε
2438 726 2529 797 Τῷ
2551 727 2606 780 δὲ
2631 729 2828 790 εἰπεῖν,
2854 729 2918 782 ὲκ
2939 727 3033 781 τοῦ
3059 727 3273 796 Πατρὸς
3297 726 3691 796 ἐκπορεύεται,

2119 837 2137 868 ι
2184 817 2358 883 ἔδειξε
2431 818 2614 888 πηγὴν
2660 817 2789 872 ὄντα
2818 817 2914 872 τοῦ
2954 818 3274 886 Πνεύματος
3306 817 3400 870 τὸν
3445 817 3692 883 Πατέρα.

2119 928 2136 960 ι
2181 909 2292 964 Καὶ
2322 908 2426 962 οὐκ
2462 904 2618 962 εἶπεν
2645 908 3100 978 ἐκπορεύσεται,
3135 908 3248 961 ἀλλ’
3278 908 3693 976 ἐκπορεύεται,

2117 1019 2135 1052 ι
2183 1001 2400 1065 δεικνὺς
2443 1000 2538 1054 καὶ
2574 1001 2676 1068 τῆς
2706 1000 2924 1068 φύσεως
2958 1000 3056 1069 τὴν
3085 999 3418 1069 ταυτότητά,
3457 997 3556 1052 καὶ
3587 1000 3694 1069 τῆς

2119 1111 2138 1144 ι
2185 1093 2374 1158 οὐσίας
2403 1094 2465 1146 τὸ
2484 1093 2746 1163 ἄτμητον,
2781 1091 2879 1146 καὶ
2909 1091 2972 1145 τὸ
3001 1091 3259 1161 διάφορον
3284 1092 3380 1146 καὶ
3406 1091 3696 1161 ἡνωμένον

2116 1206 2133 1238 ι
2181 1186 2292 1240 τῶν
2327 1186 2703 1240 ὑποστάσεων.
2751 1183 2825 1236 Τὸ
2853 1183 2961 1254 γάρ
3001 1183 3444 1254 ἐκπορευόμενον
3483 1181 3698 1252 ἀχώρι-

2115 1301 2132 1330 ι
2182 1296 2307 1334 στον
2337 1278 2396 1344 ἐξ
2437 1279 2673 1339 ἐκείνου,
2710 1277 2771 1342 ἐξ
2797 1269 2860 1332 οῦ
2894 1274 3286 1345 ἐκπορεύεται.
3333 1273 3394 1326 '0
3445 1273 3501 1326 δὲ
3536 1273 3690 1334 θεῖος

2117 1387 2135 1420 ι
2195 1368 2524 1431 Ἀπόστολος
2582 1366 2758 1420 ταῦτα
2810 1365 3062 1437 περὶτοῦ
3114 1363 3435 1431 Πνεύματος
3469 1360 3650 1430 ἔφησε
3683 1375 3697 1389 ·

2113 1480 2132 1512 ι
2173 1461 2248 1514 Τὸ
2271 1461 2326 1513 δὲ
2352 1459 2576 1528 Πνεῦμα
2614 1459 2794 1512 πάντα
2823 1459 3022 1528 ἐρευνᾷ
3052 1456 3120 1510 τὰ
3167 1456 3306 1525 βάθη
3345 1453 3438 1507 τοῦ
3469 1453 3632 1508 Θεοῦ.
3669 1471 3690 1506 ε

2113 1571 2131 1603 ι
2186 1552 2272 1615 Ὠς
2294 1552 2359 1606 ἂν
2382 1552 2439 1604 δὲ
2471 1553 2544 1622 μή
2569 1568 2653 1614 τις
2667 1551 2862 1620 ἀγνοίᾳ
2888 1547 3137 1619 ὑπολάϐῃ
3164 1547 3261 1618 τὴν
3281 1545 3530 1615 ἔρευναν,
3561 1545 3699 1614 ἐπήν

2112 1663 2130 1694 ι
2177 1659 2346 1711 γαγεν
2365 1659 2380 1676 ·
2416 1661 2435 1695 t
2473 1643 2663 1706 Οὐδεὶς
2687 1641 2991 1711 ἀνθρώπων
3019 1635 3129 1694 οἶδε
3153 1639 3222 1692 τά
3247 1637 3341 1690 τοῦ
3392 1635 3692 1707 ἀνθρώπου

2111 1753 2132 1786 ε
2179 1736 2227 1788 εί
2262 1734 2337 1804 μὴ
2372 1734 2436 1786 τὸ
2468 1734 2686 1803 πνεῦμα
2723 1732 2818 1787 τοῦ
2865 1731 3193 1802 ἀνθρώπουο
3234 1747 3252 1780 ι
3307 1727 3454 1781 οῦτω
3497 1729 3594 1780 καὶ
3625 1727 3694 1780 τὰ

2041 1818 2081 1872 Β
2117 1846 2133 1878 ι
2175 1826 2269 1881 τοῦ
2293 1827 2426 1882 Θεοῦ
2477 1827 2654 1888 οὐδεὶς
2678 1825 2820 1880 οἶδεν
2843 1826 2893 1879 εἰ
2925 1823 3002 1894 μὴ
3021 1823 3083 1876 τὸ
3109 1819 3333 1892 Πνεῦμα
3354 1820 3452 1873 τοῦ
3475 1817 3634 1873 Θεοῦ.
3667 1836 3688 1871 ι

2711 1915 3096 1971 Ἐπιστασία.

2189 2030 2207 2062 ι
2259 2011 2460 2065 Ἀκουε
2489 2008 2700 2064 καὶτοῦ
2726 2006 3210 2078 πολυμαθεστάτου
3239 2005 3335 2059 καὶ
3367 2003 3682 2072 σοφωτάτου

2118 2124 2136 2156 ι
2180 2104 2391 2174 Πατρὸς
2438 2104 2508 2157 τὰ
2542 2103 2681 2157 αὐτά
2705 2105 2815 2167 τοῖς
2846 2102 3052 2164 λοιποῖς
3083 2098 3245 2160 θείοις
3275 2095 3526 2168 Πατράσι
3559 2095 3676 2164 περὶ

2117 2212 2135 2245 ι
2184 2195 2282 2262 τῆς
2312 2192 2406 2247 τοῦ
2443 2193 2602 2262 ἁγίου
2636 2191 2956 2257 Πνεῦματος
3015 2189 3398 2260 ὲκπορεύσεως
3428 2185 3688 2254 δογματίη

2120 2303 2137 2334 ι
2185 2285 2391 2348 ζοντος,
2421 2285 2514 2335 καὶ¹
2543 2284 2607 2337 ἐκ
2664 2282 2803 2336 Θεοῦ
2843 2282 3055 2349 Πατρός
3107 2282 3253 2352 ἔχειν
3300 2277 3401 2348 τὴν
3455 2275 3690 2345 ὓπαρξιν

2117 2395 2134 2427 ι
2181 2373 2344 2429 τοῦτο
2372 2374 2740 2438 διδάσκοντος.
2782 2391 2800 2425 ι

2710 2467 3102 2535 Ἀντίρῤησις.

2193 2562 2254 2614 ’0
2289 2560 2770 2631 πολυμαθέστατος
2799 2558 2897 2611 καὶ
2923 2557 3237 2626 σοφώτατος
3263 2548 3417 2615 οὗτος
3448 2550 3692 2606 ἐνταῦθα

2114 2655 2216 2726 μὲν
2247 2653 2481 2710 emta-tt
2504 2653 2652 2720 λέγει
2682 2650 2887 2721 ἀπᾷδον
2912 2651 2976 2719 τῇ
3011 2647 3265 2722 ἀληθείᾳ,
3299 2647 3362 2704 ἐκ
3408 2643 3503 2701 τοῦ
3551 2641 3691 2701 Θεοῦ

2111 2749 2206 2803 καὶ
2231 2747 2443 2818 Πατρὸς
2473 2746 2620 2817 ἔχειν
2655 2740 3032 2816 τὴν’ῦπαρξίν
3086 2741 3264 2810 λέγων
3320 2741 3379 2794 τὸ
3434 2739 3687 2809 Πνεῦμα.

2111 2841 2280 2895 Πόθεν
2308 2840 2419 2910 γὰρ
2449 2840 2518 2892 ἂν
2545 2839 2638 2892 καὶ
2670 2837 2756 2909 εἴη
2781 2838 2902 2908 ἔχον
2935 2835 3034 2899 τάς
3077 2833 3173 2888 τοῦ
3221 2828 3363 2886 είναι
3388 2833 3567 2902 ἀρχὰς
3596 2831 3689 2886 καὶ

2111 2931 2295 3003 πηγάς
2325 2934 2371 2983 εί
2403 2932 2478 3002 μὴ
2515 2933 2580 2984 ὲκ
2604 2931 2854 3000 Πατρόςς
2903 2930 2961 2982 ὲν
3020 2927 3077 2980 δὲ
3121 2929 3234 2990 τοῖς
3276 2926 3419 2979 κατά
3459 2923 3556 2976 τοῦ
3598 2941 3690 2992 με.

2109 3025 2278 3093 γάλου
2311 3022 2582 3093 Κυρίλλου
2607 3021 2817 3090 ἀγῶσιν
2847 3019 3017 3073 αὑτοῦ
3056 3017 3179 3073 κατ’
3209 3017 3423 3071 ἐκείνου
3455 3015 3554 3068 τοῦ
3589 3014 3690 3084 τῆς

2109 3114 2433 3184 οἰκουμένης
2455 3113 2742 3182 φωστῆρος
2761 3108 3162 3179 ἀγωνιζόμενος
3188 3105 3540 3178 βλασφημίας
3562 3108 3692 3159 δυσ·

2117 3203 2334 3266 σεϐείας
2359 3201 2580 3272 γραφὴν
2612 3202 2690 3267 τῷ
2721 3199 2863 3270 ἁγίῳ
2891 3198 3196 3270 προσῆψεν,
3256 3198 3351 3252 ἐὰν
3396 3197 3527 3250 ίδιον
3560 3193 3686 3248 Υίοῦ

2115 3296 2322 3358 ἐκεῖνος
2352 3292 2456 3363 ἔφη
2486 3293 2547 3346 τὸ
2575 3291 2824 3362 Πνεῦμα,
2879 3290 2956 3354 ὡς
2998 3289 3059 3355 ἐξ
3104 3289 3260 3354 Υίοῦ,
3291 3288 3326 3359 ἢ
3358 3288 3426 3342 δι’
3469 3287 3604 3340 Υίοῦ
3628 3287 3688 3340 τὸ

2114 3387 2339 3456 Πνεῦμα
2365 3384 2655 3453 θεολογῶν.
2693 3384 2751 3439 ’0
2782 3384 2839 3438 δὲ
2871 3381 3183 3452 σοφώτατος
3211 3376 3368 3444 οὗτος
3397 3381 3493 3434 καὶ
3525 3379 3692 3432 πολυ-

2119 3461 2457 3548 μαθέστατος
2478 3475 2825 3547 Θεοδὼρητος
2847 3473 3103 3531 τοσοῦτον
3126 3473 3224 3544 τῆς
3241 3473 3383 3528 κατά
3409 3471 3504 3524 τοῦ
3533 3471 3688 3539 ἁγίου

2113 3567 2387 3640 Κυρίλλου
2413 3568 2671 3622 ἀπώνατο
2697 3568 2891 3637 ἔριδος,
2923 3567 2991 3620 δι’
3021 3569 3087 3637 ἢν
3118 3567 3213 3620 καὶ
3246 3563 3570 3626 δυσσεϐείας
3601 3563 3690 3616 τὸν

2115 3661 2271 3727 ἅγιον
2299 3659 2562 3731 ἔγραφεν,
2591 3659 2686 3713 ὲὰν
2717 3659 2848 3712 ίδιον
2875 3657 3008 3711 Υίοῦ
3058 3657 3206 3726 λέγει
3244 3655 3307 3708 τὸ
3337 3654 3581 3724 Πνεῦμα,
3617 3653 3690 3716 ὡς

2116 3751 2176 3817 ἐξ
2209 3750 2364 3816 Υίοῦ,
2390 3750 2424 3821 ἢ
2449 3750 2518 3804 δι’
2546 3749 2675 3803 Υίοῦ
2702 3750 2796 3818 τὴν
2816 3748 3051 3820 ὕπαρξιν
3079 3748 3224 3818 ἔχον,
3257 3748 3334 3811 ὡς
3363 3748 3460 3802 καὶ
3493 3746 3688 3801 καθαι-

2117 3842 2341 3914 ρεθῆναι
2367 3843 2463 3895 καὶ
2493 3839 2972 3911 ἀποκηρυχθῆναι,
3021 3840 3124 3894 κᾶν
3157 3839 3384 3911 ὓστερον
3407 3855 3690 3905 κατεγνω-

2118 3933 2230 3998 κὼς
2256 3934 2351 3988 καὶ
2377 3933 2542 3996 αὐτὸς
2569 3931 2786 3996 ἑαυτοῦ,
2813 3931 3057 3996 καὶτοὺς
3088 3931 3324 3994 οἰκείους
3353 3930 3552 3998 λόγους
3581 3933 3690 3982 ὅσοι

2114 4025 2214 4096 τῆς
2239 4023 2566 4094 θεοστυγοῦς
2591 4023 2769 4095 ἔριδος
2788 4023 3400 4094 ἀποσκευασάμενος,οὑ
3428 4021 3538 4094 μὴν
3559 4021 3691 4076 ἀλλὰ

2115 4121 2212 4174 καὶ
2241 4121 2360 4184 ταῖς
2385 4117 2478 4172 τοῦ
2504 4117 2849 4195 ἀναθέματος
2878 4118 3042 4188 ἀραῖς
3070 4115 3491 4184 καθυποεαλὼν,
3537 4114 3689 4186 μόλις

2113 4211 2256 4267 οὕτω
2287 4209 2665 4284 προσδέδεκτο.

2121 4415 2235 4470 Τοῦ
2270 4415 2458 4471 αὑτοῦ
2516 4415 2636 4471 ἀπὸ
2683 4413 2796 4483 τῆς
2850 4415 3281 4486 πραγματείας,
3339 4411 3416 4486 ἧς
3468 4417 3509 4485 ἡ
3566 4417 3692 4470 sm-

2222 4489 2444 4554 7'pa5oﬂ,
2496 4505 2515 4538 ε
2565 4487 2946 4554 Ἐρανιστὴς.
3000 4485 3039 4553 ἣ
3078 4485 3496 4554 Πολύμορφος.
3548 4505 3567 4539 ε

2185 4574 2362 4630 ΡΜΔ’.
2399 4592 2419 4625 t
2462 4575 2528 4628 Α.
2556 4574 2659 4628 Τὸν
2689 4574 2860 4642 Λόγον
2891 4574 2955 4626 ὲκ
2977 4573 3072 4627 τοῦ
3097 4574 3308 4646 Πατρός
3346 4569 3490 4628 εἴναι
3515 4576 3548 4645 ἡ
3573 4575 3692 4628 θεία

2122 4685 2144 4720 ι
2204 4666 2396 4738 Γραφὴ
2426 4665 2600 4734 λέγει.
2637 4665 2700 4719 Β.
2771 4666 2977 4737 Ἀληθῆ
3011 4667 3214 4736 λέγεις.
3259 4670 3323 4723 Δ.
3361 4669 3473 4722 Καὶ
3507 4671 3692 4740 μέντοι

2122 4777 2142 4809 t
2198 4760 2292 4818 καὶ
2317 4761 2375 4812 τὸ
2406 4757 2628 4828 Πνεῦμα
2657 4761 2718 4812 τὸ
2741 4757 2895 4828 ἅγιον
2923 4759 3188 4822 ὡσαύτως
3215 4762 3280 4813 ὲκ
3302 4759 3395 4813 τοῦ
3435 4761 3578 4814 Θεοῦ
3613 4760 3694 4814 εἷ-

2121 4867 2141 4901 ς
2196 4867 2284 4904 ναι
2311 4849 2576 4904 διδάσκει.
2609 4850 2672 4905 Β.
2710 4850 3096 4920 Ὠμολόγηται.
3129 4852 3196 4904 Α.
3261 4851 3422 4905 Ἀλλά
3453 4852 3551 4905 τὸν
3597 4856 3693 4922 μὲν

2121 4959 2140 4992 ι
2201 4942 2333 4995 Θεὸν
2361 4942 2534 5010 Λόγον
2564 4943 2822 5013 ὀνομάζει
2873 4943 3000 4995 Υίδν
3032 4943 3326 5012 μονογενῆ.
3384 4943 3440 4998 Β.
3507 4944 3696 5008 Οὕτως

2126 5051 2145 5085 ι
2201 5033 2478 5104 ὀνομάζει.
2527 5035 2593 5088 Α.
2650 5035 2722 5088 Τὸ
2756 5033 2814 5087 δὲ
2873 5033 3101 5104 Πνεῦμα
3149 5037 3212 5087 τὸ
3261 5034 3419 5102 άγιον
3455 5035 3693 5104 οὐδαμοῦ

2128 5145 2146 5176 ι
2205 5126 2668 5196 προσηγόρευσεν.
2707 5127 2767 5181 Β.
2822 5125 2899 5182 Οὐ
2934 5127 3090 5197 δῆτα.
3131 5128 3198 5180 Δ.
3234 5127 3429 5181 Καίτοι
3470 5129 3536 5181 ὲκ
3561 5127 3693 5181 Θεοῦ

2127 5237 2147 5271 t
2212 5219 2306 5270 καὶ
2336 5217 2546 5286 Πατρός
2575 5218 2670 5271 καὶ
2697 5216 2857 5271 τοῦτο
2877 5219 2989 5287 ἔχει
3015 5217 3399 5288 τὴνῦπαρξιν.
3441 5218 3503 5273 Β.
3544 5219 3696 5288 Ἀλη-

450 5328 470 5359 ‹
506 5309 572 5366 Α.
596 5307 864 5375 Quoniam
885 5310 1049 5378 igitur
1071 5310 1473 5372 conﬁtemurfex
1499 5312 1606 5367 Deo
1625 5321 1677 5368 et
1706 5312 1866 5368 Patre
1891 5330 2007 5370 esse

2128 5329 2148 5362 ι
2193 5309 2308 5374 θές.
2337 5313 2400 5365 Α.
2442 5311 2601 5364 Ἐπεὶ
2641 5310 2820 5365 τοίνυν
2850 5309 3325 5380 συνομολογοῦμεν
3353 5311 3420 5363 ἐκ
3451 5310 3548 5363 τοῦ
3585 5311 3694 5362 Πα-

449 5421 467 5452 ‹
505 5410 558 5455 et
588 5400 783 5455 Filium
817 5410 870 5456 et
886 5400 1148 5472 Spiritum
1181 5411 1456 5466 sanctum,
1503 5405 1746 5459 audesne
1773 5420 2007 5474 unquam

2127 5422 2145 5455 ι
2205 5404 2334 5472 τρὸς
2369 5397 2512 5454 εἶναι
2561 5401 2658 5456 καὶ
2688 5401 2750 5455 τὸ
2769 5401 2998 5470 Πνεῦμα
3028 5403 3124 5453 καὶ
3165 5400 3258 5453 τὸν
3306 5400 3455 5467 Υίὶν,
3487 5401 3692 5469 τολμή-

451 5509 471 5540 ι
511 5490 1054 5563 ὃρὶτίιυηιεοηοιυηι
1105 5495 1376 5563 appellare
1415 5493 1656 5550 Filium?
1691 5494 1753 5547 D.
1794 5493 2012 5564 Nequa-

452 5603 468 5630 ι
507 5596 696 5651 quam.
729 5583 796 5635 Α.
828 5581 1002 5648 Quam
1028 5588 1097 5639 ob
1120 5600 1232 5640 rem
1259 5585 1281 5638 ?
1304 5585 1366 5642 Β.
1391 5585 1529 5651 Quia
1567 5587 1620 5639 in
1661 5599 1817 5641 sacra
1865 5587 2013 5641 Scri-

551 5757 772 5815 "Juan.
806 5777 879 5830 tu,
917 5763 1003 5817 «l3.
1117 5765 1162 5796 ²⁶
1191 5766 1218 5841 l_
1243 5764 1361 5822 Cor.
1401 5781 1459 5831 tt,
1500 5765 1582 5821 lO.

1696 5765 1739 5796 ’⁷
1765 5765 1895 5820 iiJitio
1941 5765 2022 5822 ll.

2129 5513 2146 5545 ι
2207 5511 2306 5564 σῃς
2323 5495 2388 5547 ἄν
2430 5509 2561 5546 ποτε
2591 5493 2718 5547 Υίὸν
2739 5492 3008 5562 ὀνομάσαι
3031 5493 3092 5545 τὸ
3121 5493 3391 5562 πανάγιον
3429 5493 3690 5563 Πνεῦμας

2128 5607 2145 5637 ι
2203 5588 2262 5640 Β.
2298 5586 2582 5657 οὐδαμῶς.
2624 5587 2689 5640 Α.
2715 5585 2898 5653 Διατί;
2929 5587 2988 5641 Β.
3029 5585 3292 5658 Ἔπείπερ
3326 5586 3426 5659 οὐχ
3452 5587 3691 5658 εὑρίσκω
