3958 6434
284 362 390 429 601

1130 372 1155 385 “
1248 366 1333 430 ΙΝ
1372 365 1767 430 ΟΑΜΛἸΕΠΙ
1812 361 2562 433 ANIMADVERSIONES.

3428 368 3536 434 602

289 494 311 528 ε
374 476 437 531 τὸ
463 475 638 546 δνομα
662 476 783 532 τόδε
816 475 967 549 παρὰ
994 478 1062 549 τῇ
1090 473 1213 548 θείᾳ
1237 477 1454 548 Γραφῇ.
1479 478 1545 530 Λ.
1579 473 1742 530 Ἀλλά
1775 489 1856 540 γε·

1976 492 1991 525 ι
2034 485 2194 545 ptura
2219 478 2323 533 boc
2359 494 2556 534 nomen
2595 495 2701 535 non
2733 478 2970 535 invenio.
3006 480 3074 534 Α.
3111 479 3191 535 Au
3258 460 3387 536 vero
3445 497 3541 551 κει

287 584 308 618 ι
355 566 692 637 γενημένον
720 583 737 633 ;
773 568 836 623 Β.
869 567 1004 621 Οὐδὲ
1032 566 1214 622 τοῦτο.
1243 568 1309 621 Λ.
1338 565 1448 621 Τοῦ
1475 565 1539 634 δὴ
1566 564 1728 635 χάριν
1753 580 1769 631 ;
1798 562 1860 616 Β.

286 678 306 710 ε
368 659 485 712 οὐκ
511 658 798 731 ἐδιδάχθην
829 660 950 715 οὐδὲ
972 660 1132 714 τοῦτο
1160 660 1317 731 παρὰ
1364 659 1467 729 τῆς
1513 656 1761 728 Γραφῆςι
1794 656 1860 710 Ac

289 770 309 803 ε
362 749 440 804 Τὸ
486 751 545 805 δὲ
587 750 662 822 μὴ
697 752 1104 823 γεγεννημένον
1151 752 1284 823 μηδὲ
1344 750 1666 821 ὲκτισμένον
1703 748 1865 810 ποίας

285 863 305 894 ε
364 842 439 897 ἂν
462 842 692 906 είκότως
712 844 866 916 τύχοι
898 845 1303 916 προσηγορίας;
1333 843 1392 898 Β.
1417 845 1709 897 ’Λκτιστον
1730 837 1865 894 αὐτὸ

278 950 305 989 ε
364 935 466 989 καὶ
521 936 822 1006 ἀγέννητον
873 937 1238 1009 ὀνομάζομεν.
1276 938 1345 992 Α.
1375 935 1450 990 Τὸ
1482 935 1538 990 δὲ
1596 933 1864 1000 πανάγιον

280 1045 301 1078 ε
350 1026 586 1097 Πνεῦμα
619 1026 744 1082 οὔτε
781 1030 887 1101 μὴν
911 1030 1159 1084 ἐκτίσθαι
1191 1027 1317 1084 οὐτε
1351 1028 1461 1100 μὴν
1495 1023 1863 1097 γεγεννῆσθαί

280 1136 304 1171 ε
365 1135 580 1188 φαμεν.
609 1119 671 1173 Β.
702 1120 989 1190 Οὐδαμῶς.
1023 1122 1089 1179 Α.
1119 1121 1367 1176 Καλέσαι
1396 1118 1532 1189 γοῦν
1564 1118 1863 1186 ἀγέννητον

162 1226 171 1231 ‘
280 1229 302 1263 ε
366 1211 670 1283 scopi;ch
694 1210 764 1267 ἂν
816 1213 878 1266 τὸ
912 1213 1137 1285 Πνεῦμα
1186 1215 1249 1268 τὸ
1275 1214 1474 1283 ἀγιονς
1508 1212 1571 1268 Β.
1602 1212 1676 1265 Οὐ
1704 1211 1860 1280 δῆτα.

276 1321 296 1355 ι
363 1305 436 1355 Δ.
467 1300 584 1355 Καὶ
606 1302 661 1354 τί
689 1300 754 1371 δή
788 1320 921 1357 ποτε
951 1306 1032 1374 μὴ
1076 1305 1264 1368 καλεῖς
1294 1305 1590 1374 ἀγέννητον
1618 1302 1681 1356 τὸ
1704 1301 1863 1356 ἄκτι-

274 1413 296 1446 ε
365 1409 517 1458 στον,
556 1392 786 1463 μηδαμῆ
838 1393 897 1448 δὲ
925 1396 1360 1466 γεγεννημένους
1391 1396 1452 1450 Β.
1474 1395 1598 1448 Ὅτι
1626 1392 1861 1446 τοῦτοού

275 1505 296 1539 ι
365 1484 672 1555 μεμάθηκα
695 1487 848 1555 παρά
881 1487 984 1557 τῆς
1017 1488 1167 1552 θείας
1221 1488 1467 1558 Γραφῆς,
1506 1484 1603 1541 καὶ
1655 1483 1862 1554 σφόδρα

275 1595 299 1629 ε
355 1575 632 1647 δειμαίνω
666 1575 848 1646 λέγειν
868 1578 937 1632 τὰ
966 1580 1101 1650 παρ’
1124 1579 1338 1651 ἐκείνης
1366 1575 1727 1649 σεσιγημένα.
1767 1594 1787 1626 ε

724 1672 733 1681 ’
892 1668 1276 1723 Ἐπιστασία.
1660 1684 1673 1701 ι
1696 1736 1703 1745 ί

365 1779 389 1814 ε
433 1760 507 1815 Th
533 1759 665 1815 αὐτὸ
695 1758 800 1815 κάν
827 1760 893 1829 τῇ
931 1757 1184 1830 παρούσῃ
1215 1755 1574 1827 πραγματείᾳ
1601 1750 1698 1807 τοῦ
1753 1753 1854 1807 αὐο

1971 585 1992 621 ι
2033 566 2208 622 nitum
2230 569 2253 623 ’ἒ
2278 568 2338 621 Β.
2369 569 2481 625 Νεε
2512 569 2614 626 hoc
2644 571 2890 641 quidem.
2927 573 2990 627 Α.
3014 572 3154 639 Quid
3193 573 3303 628 ita?
3345 575 3407 628 Β.
3435 575 3543 630 Νε-

1972 680 1992 712 ε
2028 675 2134 727 que
2159 659 2262 715 hoc
2290 675 2320 715 a
2349 676 2507 723 sacra
2532 660 2813 729 Scriptura
2849 663 3034 719 didici.
3068 665 3134 719 A.
3154 663 3312 731 Quod
3348 676 3534 721 autem

1971 770 1990 804 ι
2026 766 2127 807 nec
2151 752 2392 821 genitum
2418 765 2521 820 est,
2551 769 2653 809 nee
2680 764 2950 817 creatum,
2973 770 3136 824 quam
3161 763 3536 825 congruenter

1972 862 1992 896 ι
2026 842 2448 913 appellationem
2501 846 2773 914 accipiet?
2816 845 2878 902 B.
2931 846 3237 902 lucreatum
3298 846 3430 901 illud
3486 855 3543 901 et

1973 955 1992 988 ι
2030 936 2331 1006 ingenitum
2364 938 2724 1006 appellamus.
2759 939 2823 993 A.
2871 939 3134 1008 Spiritum
3175 953 3342 1009 porro
3413 954 3543 991 san-

1972 1047 1992 1081 ι
2030 1039 2179 1084 etum
2210 1042 2311 1084 nec
2331 1040 2602 1095 creatum,
2634 1042 2733 1085 nec
2756 1031 2994 1101 genitum
3026 1047 3147 1088 esse
3180 1031 3436 1086 dicimus.
3477 1029 3539 1084 Β.

1974 1138 1993 1172 ι
2028 1117 2190 1174 Nullo
2217 1121 2401 1175 modo.
2434 1120 2500 1173 A.
2529 1121 2769 1176 Audebis
2794 1121 2960 1187 igitur
2990 1121 3258 1188 Spiritum
3287 1129 3538 1174 sanctum

1973 1229 1992 1263 ι
2032 1211 2331 1282 ingenitum
2370 1213 2685 1282 appellare?
2716 1213 2777 1267 Β.
2825 1210 3202 1281 Nequaquam.
3239 1213 3303 1265 Α.
3337 1209 3404 1264 Et
3444 1225 3540 1263 cur

1973 1322 1992 1358 ι
2031 1304 2335 1374 ingenitum
2370 1321 2479 1360 non
2542 1320 2707 1361 vocas
2758 1320 2880 1361 eum
2914 1315 3101 1359 natum
3136 1303 3459 1366 increatum,
3486 1309 3541 1356 et

1972 1416 1992 1450 ι
2030 1399 2181 1452 nullo
2214 1398 2375 1454 modo
2404 1398 2686 1468 genitum?
2718 1398 2799 1466 ,B.
2839 1397 2977 1465 Quia
3014 1398 3118 1452 hoc
3149 1411 3178 1451 a
3206 1409 3359 1451 sacra
3395 1392 3541 1449 Scri-
3588 1429 3640 1471 ο,
3678 1430 3687 1439 .

1973 1507 1994 1541 ε
2026 1499 2184 1559 plura
2214 1504 2322 1544 non
2350 1489 2535 1555 didici,
2567 1499 2623 1546 et
2652 1491 2809 1546 valde
2853 1489 3163 1545 reformido
3212 1502 3275 1543 ea
3334 1485 3538 1549 dicere,

1972 1599 1992 1633 ‹
2024 1595 2148 1651 qua:
2169 1581 2238 1636 ab
2269 1580 2364 1636 illa
2387 1580 2607 1637 silentio
2636 1591 2765 1636 sunt
2795 1582 3089 1650 prmlerita.
3125 1600 3143 1633 ε
3289 1578 3298 1585 ’

2529 1671 2950 1727 Animadversio.

2043 1782 2064 1817 ε
2105 1763 2304 1820 Eadem
2348 1763 2402 1818 in
2436 1763 2539 1820 hoc
2582 1779 2802 1833 quoque
2826 1772 3060 1819 tractatu
3110 1762 3355 1833 ejusdem
3389 1758 3545 1815 addi-

298 1873 318 1905 ε
367 1851 463 1906 τοῦ
513 1851 773 1922 μάνθανε,
825 1850 893 1904 εκ
943 1848 1040 1904 τοῦ
1090 1848 1306 1920 Πατρὸς
1351 1848 1495 1918 ἔχειν
1539 1845 1742 1915 δηλαδὴ
1797 1842 1856 1896 τὸ

1976 1874 1987 1909 ι
2031 1856 2192 1921 scito,
2236 1869 2302 1910 ex
2338 1856 2502 1912 Patre
2559 1870 2756 1923 nempe
2814 1869 2968 1911 suam
3022 1854 3224 1909 habere
3273 1850 3543 1908 exsisten-

291 1963 314 1998 ε
356 1943 578 2014 Πνεῦμα
609 1943 710 2015 τὴν
743 1941 1002 2014 ὕπαρξιν.
1047 1960 1066 1994 ι

876 2033 1265 2102 Ἀντίρῤησις.

362 2124 532 2181 ’Δλλά
561 2124 660 2182 καὶ
704 2127 769 2179 σὺ
801 2124 903 2196 τὴν
951 2124 1125 2196 αὐτὴν
1154 2125 1249 2179 καὶ
1298 2124 1391 2179 ἐπὶ
1427 2126 1542 2188 τοῖς
1590 2123 1859 2194 παροῦσιν

269 2218 607 2290 ἀντίρρησιν
634 2215 814 2287 δέχου,
837 2216 908 2289 ἢν
942 2215 1036 2271 ἐπὶ
1069 2219 1137 2287 τῇ
1169 2216 1604 2288 προηγησαμένῃ
1631 2217 1859 2270 ἐπιστα-

268 2311 373 2382 σίᾳ
403 2310 765 2381 ἐποιήσαμεν.

267 2424 618 2494 Τοῦμαύτοῦ
646 2425 765 2480 ἀπὸ
796 2423 905 2494 τοῦ
930 2424 1216 2492 δευτέρου
1242 2423 1432 2494 ἓλόγου
1457 2422 1564 2477 τοῦ
1588 2421 1855 2486 βιϐλίου,

341 2491 421 2555 αὖ
454 2496 495 2564 ἡ
542 2493 870 2565 ἐπιγραφὴ,
928 2491 1342 2564 Ἐλληνικῶν’
1367 2493 1737 2563 παθημάτων
1768 2493 1855 2547 θεο

339 2565 705 2634 ραπευτική.

345 2678 533 2734 PME'.
585 2695 605 2731 ι
668 2674 836 2730 Ἀλλά
872 2674 949 2746 μὴ
984 2672 1326 2745 θορυϐεῖσθε,
1372 2671 1440 2726 ὲκ
1485 2669 1581 2725 τοῦ
1643 2668 1857 2740 Πατρδς

270 2787 295 2821 ε
347 2768 449 2822 καὶ
470 2769 569 2823 σὺν
585 2767 663 2838 τῷ
683 2767 860 2837 llas-9‘:
888 2767 981 2820 τὸν
1007 2766 1182 2835 Λόγον
1209 2764 1566 2829 ἀκούσαντες.
1601 2762 1725 2817 Τῶν
1747 2762 1857 2831 γὰρ

272 2881 295 2915 ε
346 2861 720 2916 ἀτοπωτάτων
754 2859 1043 2922 Πλάτωνος
1073 2858 1173 2928 μὲν
1200 2857 1483 2927 ἀνέχεσθε,
1537 2857 1634 2910 καὶ
1677 2855 1857 2909 αἴτιον

274 2972 297 3006 ε
354 2956 458 3024 τῆς
491 2952 623 3023 ὕλης
655 2952 751 3007 τὸν
801 2954 935 3007 Θεδν
984 2952 1264 3021 λέγοντος,
1315 2952 1414 3005 καὶ
1454 2950 1730 3004 συναῖδιον
1757 2949 1854 3003 τοῦ

276 3063 299 3097 ε
343 3044 482 3099 Θεοῦ
514 3045 614 3116 τὴν
637 3044 770 3114 ὕλην
799 3043 1226 3107 ἀποκαλοῦντος.
1251 3042 1460 3108 καὶτὰς
1493 3041 1636 3106 ίδέας
1665 3042 1729 3096 ὲκ
1758 3040 1852 3093 τοῦ

1965 1964 1985 1998 ε
2022 1945 2177 2001 tiam.
2211 1964 2231 1999 ι

2592 2033 2889 2104 Rcfutalio.

2030 2128 2096 2183 Et
2125 2136 2179 2183 tu
2212 2142 2431 2200 quoque
2471 2128 2719 2183 eamdem
2771 2126 3037 2181 adversus
3084 2122 3283 2179 similia
3332 2120 3540 2176 refuta-

1960 2219 2160 2274 tionem
2213 2220 2449 2288 excipito
2476 2232 2644 2288 quam
2704 2218 2761 2272 in
2796 2214 3124 2288 prmeedenti
3155 2223 3245 2268 tua
3297 2212 3541 2267 animad-

1957 2311 2208 2367 ver’sione
2229 2312 2606 2382 apposuimns.

1959 2425 2215 2497 Ejusdem
2263 2441 2332 2482 ea:
2368 2428 2599 2482 secunda
2634 2428 2873 2481 oratione
2909 2425 3105 2496 operis,
3136 2422 3274 2497 quod
3313 2421 3404 2476 ille
3435 2421 3540 2473 ad-

2026 2515 2215 2581 versus
2255 2497 2529 2569 gentilium
2580 2497 2884 2566 alfectiones
2941 2494 3355 2560 therapeuticam
3400 2508 3542 2561 prte-

2025 2578 2256 2637 scripsit.

2026 2682 2149 2736 “5.
2194 2698 2214 2732 ι
2249 2678 2411 2735 Nulla
2461 2695 2557 2734 vos
2605 2688 2812 2744 autem,
2836 2692 3043 2748 qureso,
3076 2676 3165 2732 bic
3204 2673 3542 2745 perturbatio

1964 2792 1984 2826 ι
2023 2775 2238 2838 subeat,
2267 2771 2410 2841 quod
2462 2772 2570 2826 dici
2617 2770 2843 2835 auditis,
2878 2768 3116 2824 Verbum
3173 2775 3226 2823 et
3269 2782 3336 2821 ex
3381 2763 3542 2818 Patre

1967 2883 1988 2918 ι
2029 2863 2197 2934 gigni,
2231 2871 2286 2917 et
2316 2878 2440 2918 cum
2484 2862 2645 2917 Patre
2676 2876 2819 2919 esse.
2855 2860 2987 2926 Quae
3015 2868 3144 2916 sunt
3189 2858 3337 2913 enim
3395 2855 3540 2924 apud

1962 2975 1982 3009 ι
2024 2957 2301 3012 Platonem
2348 2954 2759 3019 insnlsissima,
2810 2954 2982 3023 requis
3032 2950 3232 3006 animis
3279 2948 3541 3003 auribus-

1961 3066 1983 3102 ε
2019 3064 2126 3117 quc
2159 3046 2432 3117 accipitis.
2469 3047 2561 3101 llle
2597 3048 2740 3101 enim
2776 3053 2832 3100 et
2864 3045 3031 3099 Deum
3065 3040 3308 3097 materia:
3351 3048 3542 3094 aucto-

276 3157 298 3190 ε
357 3137 498 3192 Θεοῦ
528 3139 622 3191 καὶ
646 3137 745 3190 σύν
764 3137 841 3207 τῷ
867 3135 988 3208 Θεῷ
1024 3137 1323 3207 φάσκοντος
1353 3129 1523 3188 εἶναι·
1558 3132 1652 3187 τόν
1679 3132 1736 3185 δὲ
1764 3131 1856 3186 τοῦ

1976 3155 2164 3203 irem,
2197 3147 2254 3195 ει
2281 3149 2459 3194 tamen
2524 3136 2634 3193 Deo
2684 3145 3011 3192 comternam
3071 3134 3352 3191 materiam
3420 3146 3543 3190 esse

276 3248 299 3282 ε
365 3229 505 3283 Θεοῦ
535 3230 709 3297 Λόγον
728 3229 824 3282 κα)⁸
853 3227 914 3280 τὸ
943 3228 1215 3296 πανάγιον
1241 3226 1468 3295 Πνεῦμα
1497 3227 1574 3298 μὴ
1605 3225 1856 3279 πείθεσθε

279 3340 300 3373 ι
346 3322 412 3376 εκ
447 3320 541 3375 τοῦ
574 3319 711 3374 Θεοῦ
737 3321 921 3391 φῦναι,
956 3319 1048 3374 καὶ
1075 3321 1173 3374 σὺν
1202 3319 1280 3390 τῷ
1306 3318 1425 3389 Θεῷ
1454 3315 1617 3375 εἶναι.
1649 3319 1712 3372 El
1746 3316 1857 3392 γὰρ

280 3435 301 3468 ε
358 3412 460 3484 τὴν
490 3412 575 3466 ἑτε
587 3415 764 3482 ροτρυᾶ
787 3414 881 3467 καὶ
909 3412 1223 3483 ἑτερογενῆ,
1251 3412 1345 3467 καὶ
1394 3410 1695 3480 ἀλλόφυλον
1721 3409 1856 3483 ὓλην

280 3528 299 3560 ε
355 3508 452 3562 καὶ
486 3510 551 3559 ἐκ
578 3504 672 3560 τοῦ
720 3505 880 3570 Θεοῦ,
933 3506 1028 3558 καὶ
1068 3508 1128 3558 ἐν
1176 3506 1253 3574 τῷ
1289 3503 1407 3574 Θεῷ
1439 3499 1605 3570 εἶναι,
1634 3504 1663 3557 ὁ
1704 3504 1858 3575 φιλό-

281 3618 303 3652 ε
364 3614 530 3669 σοφος
552 3597 679 3668 ἔφη,
716 3596 895 3666 πολλῷ
947 3597 1121 3669 δήπου
1157 3596 1528 3666 εὐλογώτερον
1578 3596 1671 3650 καὶ
1724 3595 1858 3668 ἀλη-

285 3711 303 3744 ι
351 3692 612 3762 θέστερον
643 3690 988 3764 ὑποληπτέον
1042 3690 1136 3744 τὸν
1169 3690 1442 3761 ἡμέτερον
1487 3688 1668 3756 λόγον.
1720 3690 1857 3745 Οὐδὲ

284 3802 303 3836 ι
358 3785 471 3856 γάρ
501 3785 771 3854 ἑτεροφυᾶ
789 3784 881 3837 τὸν
898 3784 1047 3850 Υίὸν,
1085 3781 1210 3837 οὐδὲ
1240 3781 1305 3835 τὸ
1331 3781 1600 3856 πανάγιον
1632 3780 1858 3852 Πνεῦμά

284 3894 305 3927 r
365 3850 551 3945 tpa‘psv
577 3850 742 3938 εἶναι,
796 3873 931 3927 ἀλλά
984 3872 1115 3944 μίαν
1177 3850 1343 3926 εἶναι’
1370 3872 1473 3942 τὴν
1516 3873 1709 3925 οὐσίαν
1758 3850 1857 3941 τῆς

284 3986 304 4020 ι
360 3966 594 4037 Τριάδος
619 3962 995 4036 κηρύττομεν.
1025 3965 1088 4017 Ei
1120 3964 1177 4017 δέ
1209 3979 1294 4026 τις
1325 3962 1427 4033 τῆς
1451 3961 1739 4032 ὑπάρξεως
1761 3960 1855 4015 τοῦ

284 4078 305 4112 ι
360 4058 499 4114 Υίοῦ
531 4060 629 4113 καὶ
649 4056 747 4111 τοῦ
778 4058 937 4125 ἁγίου
965 4057 1285 4123 Πνεύματος
1317 4057 1571 4126 ἐπιζητεῖ
1601 4055 1697 4110 τὸν
1725 4056 1856 4126 τρό-

286 4171 305 4204 r
365 4168 472 4207 πον
502 4151 719 4223 μαθεῖν,
751 4151 963 4204 είπάτω
990 4150 1055 4203 δὴ
1086 4150 1350 4221 πρότερος
1385 4149 1480 4203 τὸν
1522 4151 1726 4224 τρόπον
1755 4152 1856 4223 τῆς

286 4264 305 4297 r
357 4244 663 4312 ἀγεννήτου
698 4242 1006 4316 ὑπάρξεως,
1059 4242 1178 4307 πῶς
1205 4244 1354 4297 ἐστιν
1397 4241 1538 4315 ἔχων
1567 4243 1629 4298 τὸ
1657 4245 1852 4299 αἴτιον.

286 4357 304 4390 ι
359 4336 538 4392 Τοῦτο
568 4336 679 4408 γὰρ
705 4337 769 4405 δὴ
800 4333 1084 4397 παντελῶς
1113 4334 1340 4405 ἄπορον,
1375 4337 1468 4389 καὶ
1496 4336 1636 4410 μόνῃ
1667 4353 1733 4404 γε
1783 4340 1851 4407 τῇ

286 4447 306 4481 ι
365 4428 531 4498 φύσει
559 4431 626 4499 τῇ
657 4427 880 4497 καθαρᾷ
907 4426 999 4479 καὶ
1028 4426 1326 4496 ἀκραιφνεῖ
1352 4428 1620 4498 χωρητόν.
1647 4429 1722 4483 Τὸ
1753 4428 1855 4499 μὲν

284 4538 302 4571 ι
361 4520 474 4589 γάρ
501 4519 560 4585 ιε
585 4518 758 4572 αἰτίου
790 4515 1050 4585 γενέσθαι
1079 4535 1154 4581 τι,
1183 4516 1217 4588 ἢ
1250 4518 1507 4587 γεννητὸν
1536 4519 1571 4591 ἢ
1610 4521 1854 4587 κτιστὺν,

282 4631 303 4661 ε
355 4610 562 4675 δέξαιτ’
604 4609 672 4663 ἂν
710 4609 910 4681 ῥαδίως
957 4611 987 4663 ό
1026 4610 1308 4680 λογισμόςο
1356 4610 1418 4664 τὸ
1468 4610 1526 4663 δὲ
1550 4604 1695 4665 εἶναί
1731 4628 1854 4666 τινα

284 4719 304 4753 ι
348 4702 487 4771 ἄτερ
514 4700 690 4755 αἰτίου
721 4700 843 4754 οὐδὲ
874 4699 1163 4769 προσίεται
1203 4698 1487 4769 λογισμὸς,
1517 4702 1568 4754 εί
1619 4700 1696 4774 μὴ
1744 4703 1855 4774 ἄρα

285 4810 306 4845 ι
348 4793 496 4862 φανῇ
523 4791 622 4860 τῆς
650 4791 890 4853 πίστεως
921 4788 984 4841 τὸ
1011 4788 1299 4859 ἐχέγγυον.
1332 4789 1394 4842 Ei
1432 4789 1490 4843 δὲ
1524 4789 1856 4861 πιστεύομεν

285 4902 305 4937 ι
360 4879 506 4937 εἷναί
532 4900 585 4936 τι
615 4885 711 4936 καὶ
728 4883 1027 4952 ἀγέννητον
1052 4882 1151 4935 καὶ
1178 4883 1436 4951 ἄναρχον,
1468 4884 1563 4937 καὶ
1588 4884 1854 4952 ἀναίτιον,
1878 4935 1886 4942 .

284 4992 303 5026 ε
358 4974 682 5028 πιστευτέον
707 4973 818 5043 ἄρα
842 4972 916 5035 ὡς
948 4974 1016 5026 ἐκ
1038 4973 1255 5039 τούτου,
1283 4972 1373 5026 νοῦ
1407 4974 1557 5039 δντος
1584 4975 1852 5048 ἆγεννήθη

282 5086 301 5120 ι
364 5065 567 5136 Λόγος,
598 5066 695 5120 καὶ
731 5064 973 5134 προῆλθε
1008 5063 1071 5116 τὸ
1102 5062 1333 5132 Πνεῦμα
1361 5064 1423 5117 τὸ
1448 5064 1625 5133 ἅγιον.
1657 5086 1677 5120 ε

280 5177 457 5219 «esse
507 5174 641 5218 vero
678 5159 886 5229 aliquid
941 5159 1086 5227 quod
1142 5173 1248 5214 non
1305 5166 1526 5215 emanat
1575 5174 1606 5216 ε
1658 5175 1851 5233 causa,
1922 5164 2072 5220 nulla
2132 5161 2275 5217 ratio
2332 5160 2629 5217 assentitur
2673 5175 2687 5213 :

1969 3254 1989 3288 ι
2026 3232 2570 3302 aliirmat.ldemque
2639 3231 2791 3286 ideas
2846 3246 2913 3285 ex
2972 3227 3081 3282 Deo
3139 3235 3194 3282 et
3254 3243 3380 3283 cum
3430 3225 3542 3280 Deo

1969 3346 1989 3381 ι
2021 3324 2330 3383 constituit.
2363 3324 2473 3380 Vos
2500 3332 2683 3379 autem
2729 3321 2964 3378 Verbum
3008 3321 3127 3386 Dei,
3179 3331 3541 3389 sanctumque

1968 3438 1988 3473 ι
2027 3419 2292 3490 Spiritum
2349 3431 2527 3487 neque
2555 3431 2635 3491 ex‘
2656 3415 2768 3472 Deo
2790 3416 3031 3486 prodire,
3065 3427 3241 3482 neque
3267 3426 3391 3468 esse
3414 3425 3539 3465 cum

1968 3532 1988 3567 ι
2031 3513 2141 3569 Deo
2169 3509 2414 3567 creditis.
2450 3509 2508 3564 Si
2531 3511 2678 3566 enim
2707 3508 3017 3574 materiam,
3052 3523 3175 3578 quae
3201 3504 3425 3561 alterius
3459 3515 3543 3560 est

1969 3627 1988 3661 ε
2030 3616 2239 3663 natura:
2277 3619 2441 3675 quam
2476 3603 2640 3668 Deus,
2669 3603 3000 3672 generisque
3029 3599 3280 3662 alterius,
3311 3614 3401 3660 ac,
3463 3598 3542 3652 uti

1969 3720 1988 3753 ε
2027 3701 2099 3754 ita
2128 3698 2385 3760 dixerim,
2417 3695 2720 3764 alienigena
2759 3701 2814 3747 et
2846 3693 3111 3757 extraria,
3144 3698 3199 3745 et
3234 3706 3302 3746 ex
3344 3690 3453 3745 Deo
3483 3696 3538 3744 et

1967 3790 2314 3848 r’cutntDro
2352 3803 2476 3844 esse
2501 3787 2617 3842 vult
2669 3785 2841 3851 Plato,
2897 3784 3069 3839 multo
3114 3782 3288 3853 magis
3343 3781 3540 3836 rationi

1967 3904 1987 3939 ι
2027 3890 2471 3943 consentaneus,
2529 3878 2811 3947 multoque
2870 3877 3050 3930 verior
3108 3887 3292 3929 sermo
3353 3880 3543 3927 noster

1970 3973 2304 4046 «putandus
2375 3981 2481 4029 est.
2532 3968 2745 4049 .Neqne
2821 3968 2969 4026 enim
3047 3964 3249 4021 Filium
3314 3961 3542 4017 alterius

1968 4085 1988 4121 ι
2029 4076 2262 4130 naturae,
2307 4080 2486 4134 neque
2541 4071 2794 4119 sanctum
2835 4057 3101 4129 Spiritum
3131 4070 3259 4110 esse
3281 4051 3539 4111 dicimus,

1968 4174 1987 4209 ι
2024 4156 2119 4211 sed
2157 4169 2321 4210 unam
2357 4153 2650 4209 Trinitatis
2670 4149 3037 4216 substantiam
3063 4143 3444 4217 praedicamus.
3480 4139 3538 4196 Si

1967 4266 1987 4301 ι
2026 4247 2153 4318 quis
2204 4260 2387 4302 autem
2440 4253 2683 4318 vestrum
2735 4243 2880 4298 scire
2933 4241 3243 4302 desiderat,
3296 4247 3538 4305 quonam

1968 4357 1988 4392 ι
2021 4314 2344 4394 substantiae
2391 4336 2555 4391 modo
2589 4314 2660 4389 sit
2709 4331 2877 4386 Filius
2917 4340 2970 4385 et
3007 4328 3243 4399 Spiritus
3293 4332 3538 4386 sanctus,

1969 4450 1987 4483 ε
2021 4445 2236 4500 aequum
2264 4443 2397 4485 sane
2431 4437 2533 4492 est,
2568 4433 2628 4480 ut
2655 4425 2702 4479 is
2766 4424 2917 4493 prior
2959 4418 3222 4491 quaerenti
3268 4416 3400 4470 mibi
3451 4428 3538 4467 re-

1969 4540 1989 4574 ε
2033 4521 2320 4590 spondeat,
2347 4532 2510 4589 quem
2562 4516 2779 4572 essemli
2833 4514 3050 4567 ntudum
3106 4510 3304 4564 habere
3368 4504 3543 4576 possit

1969 4630 1989 4666 ι
2030 4611 2175 4682 quod
2207 4625 2313 4665 non
2358 4617 2441 4664 est
2469 4598 2732 4679 genitum.
2769 4604 2888 4671 Quo
2931 4612 3108 4674 pacto,
3143 4600 3388 4668 inquam,
3430 4603 3538 4660 est,

1970 4726 1990 4761 ι
2026 4703 2173 4776 quod
2208 4703 2411 4759 nullam
2431 4700 2614 4764 habet,
2645 4700 2789 4752 unde
2829 4697 2921 4757 sit,
2953 4707 3195 4749 causam.
3234 4689 3360 4744 llaec
3395 4688 3540 4742 enim

1970 4817 1990 4851 ι
2023 4796 2255 4868 ηυτεειίο
2283 4808 2509 4865 prorsus
2535 4799 2618 4847 est
2645 4790 2834 4855 dubia,
2878 4787 3103 4856 solaque
3146 4783 3271 4839 ﬁdei
3307 4782 3542 4853 puritate

1971 4907 1991 4941 ι
2029 4904 2094 4943 ac
2158 4884 2470 4942 sinceritate
2536 4881 2822 4957 capienda.
2882 4878 3025 4934 Fieri
3061 4878 3209 4933 enim
3274 4890 3340 4932 ac
3395 4872 3541 4945 gigni

1972 4998 1992 5033 ι
2035 4979 2370 5050 praecedente
2400 4988 2565 5030 causa
2594 4972 2873 5043 quippiam
2903 4985 3121 5030 eorum,
3142 4983 3285 5038 .qnaa
3317 4965 3461 5037 gigni
3485 4974 3542 5020 et

1972 5089 1991 5122 ε
2033 5068 2205 5126 creari
2251 5075 2504 5137 possunt,
2560 5066 2800 5120 humana
2856 5063 2994 5117 ratio
3047 5060 3209 5116 facile
3254 5059 3539 5113 admittit:

2770 5158 2877 5213 nisi
2964 5155 3105 5211 forte
3198 5155 3541 5209 interventus

282 5280 301 5313 ε
339 5258 469 5315 ﬁdei
498 5271 588 5320 _ac
628 5255 852 5324 sponsio
899 5254 1217 5310 intercedat.
1249 5253 1454 5321 Quodsi
1513 5268 1636 5311 esse
1674 5258 1882 5329 aliquid
1955 5256 2290 5315 credendum
2347 5263 2453 5321 est,
2502 5269 2600 5309 nec
2647 5253 2759 5308 ullo
2828 5250 2992 5306 modo
3056 5248 3322 5320 genitum,
3361 5260 3460 5301 nec
3509 5260 3539 5300 a

283 5369 301 5403 ε
339 5363 512 5406 causa
544 5347 874 5417 proiectum,
915 5360 1015 5401 nec
1058 5345 1127 5399 ab
1158 5344 1271 5399 ullo
1333 5345 1582 5414 pendens
1642 5349 1927 5419 superiore
1966 5347 2278 5419 principio;
2352 5345 2688 5402 credendum
2729 5344 2922 5415 utique
3008 5343 3116 5399 erit
3158 5341 3227 5397 ab
3263 5341 3366 5396 hoc
3394 5340 3539 5409 ipso,

284 5462 303 5496 ι
339 5442 489 5515 quod
514 5440 826 5497 intellectus
867 5436 964 5502 sit,
993 5437 1237 5504 genitum
1277 5450 1400 5493 esse
1430 5434 1693 5506 Verbum,
1727 5452 2092 5514 sanctumque
2112 5439 2455 5514 processisse
2482 5438 2769 5509 Spiritum.
2815 5454 2834 5489 ε

904 5530 1289 5585 Ἐπιστασία.

356 5648 374 5681 ι
447 5627 733 5697 Πρόσσχες
758 5623 876 5686 πῶς
905 5637 999 5678 και
1017 5614 1174 5686 οὗτος
1201 5625 1229 5676 ὁ
1275 5622 1548 5694 μακάριος
1573 5623 1636 5676 τὸ
1662 5625 1728 5678 ἐκ
1755 5624 1853 5679 τοῦ

286 5744 305 5772 ε
361 5719 499 5777 Θεοῦ
534 5719 657 5773 ἀντὶ
685 5716 782 5770 τοῦ
811 5715 1024 5786 Πατρδς
1052 5713 1460 5786 ὲκλαμόἀνεται
1487 5716 1546 5767 ὲν
1574 5709 1658 5778 οἷς
1702 5714 1852 5783 λέγει

290 5831 309 5864 ι
367 5810 467 5865 καὶ
493 5809 587 5864 τὸν
615 5808 709 5863 τοῦ
735 5806 872 5864 Θεοῦ
903 5807 1078 5880 Λόγον
1113 5810 1207 5864 καὶ
1238 5809 1297 5865 τὸ
1339 5810 1604 5879 πανάγιον
1629 5808 1853 5880 Πνεῦμα

2556 5528 2977 5585 Auimudvem’o.

2040 5645 2060 5679 ε
2103 5625 2388 5681 Attendito
2414 5622 2694 5695 quomodo
2723 5629 2779 5676 et
2816 5622 2906 5676 hic
2937 5621 3126 5675 beatus
3162 5618 3291 5671 illud
3324 5632 3388 5671 ex
3434 5618 3545 5674 Deo

1972 5736 1992 5772 ι
2031 5734 2129 5791 pro
2182 5718 2340 5774 Patre
2392 5716 2646 5787 accipiat,
2693 5728 2817 5770 cum
2868 5712 3024 5777 dicit,
3064 5711 3157 5766 Dei
3208 5709 3445 5767 Verbum
3491 5721 3547 5765 et

1972 5828 1990 5863 ι
2030 5812 2436 5869 sanctissimum
2468 5808 2754 5880 Spiritum,
2797 5820 2862 5861 ex
2904 5803 3013 5861 Deo
3053 5804 3294 5877 prodire,
3329 5813 3380 5861 et
3414 5819 3540 5863 eum
