3958 6424
461 341 569 401 Gil?!

1402 383 1412 394 .
1489 339 1701 403 JOAN.
1747 341 1959 402 VECCI
1999 342 2109 403 CP.
2149 343 2660 405 PATRIARCHE

3610 350 3720 415 604

469 479 484 509 ι
528 460 637 514 Deo
661 472 784 515 esse
820 471 989 513 :eum
1033 471 1163 513 vero
1208 456 1555 514 subobscure
1610 460 1831 527 prodire
1854 472 2051 528 posue-

2175 478 2177 485 ν
2235 459 2300 511 ἐκ
2323 458 2416 513 τοῦ
2442 459 2579 513 Θεοῦ
2616 460 2803 531 φῦναι,
2839 462 2935 514 καὶ
2965 461 3062 515 σὺν
3093 462 3174 533 τῷ
3201 464 3321 535 Θεῷ
3346 458 3511 520 εἶναι.
3557 470 3722 524 Ἀσα-

468 574 487 601 σ
530 552 622 615 rit,
652 551 707 605 in
742 552 849 618 his,
879 566 1001 621 qua:
1038 561 1368 620 sequuntur,
1402 540 1697 605 manifrsto
1721 551 2041 616 declaravit,

472 662 491 694 ι
530 658 653 697 cum
692 643 857 705 dicit,
918 642 1003 697 Ab
1054 642 1156 696 hoe
1210 639 1350 711 ipso,
1401 640 1545 710 quod
1598 641 1907 696 intellectus
1939 651 2043 709 est,

396 754 404 759 έ
475 761 491 787 ι
533 734 777 805 genitum
837 749 963 789 esse
1025 734 1304 798 Verbum,
1357 745 1412 792 et
1472 733 1734 805 Spiritum
1795 744 2045 789 sanctum

475 848 492 879 ι
531 827 883 898 processisse.
930 845 949 878 ι

1106 921 1397 992 Refutatio.

543 1008 647 1075 Qui
673 1024 739 1064 ex
780 1006 945 1064 Patre
989 1010 1122 1066 dicit
1144 1012 1364 1080 prodire
1397 1010 1686 1080 Spiritum,
1716 1011 1952 1081 indeque
1983 1026 2049 1066 ex

469 1101 626 1155 Patre
662 1101 810 1156 illius
844 1103 1221 1158 exsistentiam
1250 1109 1534 1168 connotat,
1564 1105 1727 1159 nresis
1757 1105 1914 1173 plane
1943 1120 2048 1159 non

469 1193 821 1257 contradicit,
882 1195 1154 1249 asserenti
1226 1194 1489 1264 Spiritum
1523 1210 1587 1250 ex
1646 1195 1784 1250 Filio
1835 1210 2052 1265 quoque

468 1284 705 1351 prodire,
780 1282 1014 1354 indeque
1078 1287 1415 1351 decernenti,
1468 1287 1632 1341 etiam
1693 1301 1763 1341 ex
1819 1297 2051 1356 utroque

360 1406 395 1431 ο
472 1373 625 1428 illum
674 1388 817 1429 esse.
860 1375 1059 1429 Verum
1121 1375 1210 1432 bic
1249 1377 1558 1432 adnotanda
1621 1387 1770 1439 sunt,
1817 1393 1939 1447 quae
1994 1387 2048 1432 tu

473 1467 590 1533 ipse
610 1466 869 1528 allirmas.
909 1466 1148 1522 Verbum
1183 1482 1307 1524 esse
1344 1470 1508 1524 simul
1543 1484 1666 1524 cum
1705 1470 1864 1525 Patre
1900 1482 1957 1526 et
1984 1485 2049 1525 ex

475 1556 634 1610 Patre
668 1567 927 1628 tanquam
956 1572 1076 1627 qua:
1106 1559 1401 1629 plurimum
1438 1561 1755 1616 conducunt
1787 1561 2050 1617 adversus

471 1663 586 1712 eos,
611 1649 707 1718 qui
736 1652 1077 1707 contendunt
1123 1666 1230 1707 non
1270 1667 1433 1723 posse
1471 1653 1635 1709 simul
1668 1668 1791 1710 cum
1829 1653 1967 1708 Filio
1996 1661 2049 1708 et

472 1754 568 1809 per
596 1739 793 1796 Filium
829 1757 952 1799 esse
980 1742 1244 1814 Spiritum
1270 1755 1545 1801 sanctum.

1096 1833 1181 1888 Ea:
1211 1836 1416 1890 eodem.

545 1921 670 1978 “6.
700 1941 719 1974 ι
759 1921 815 1977 Si
844 1924 1029 1994 itaque
1063 1941 1186 1981 esse
1218 1927 1422 1996 aliquid
1458 1927 1794 1984 amr-mantus
1826 1930 2043 1999 ingeni-

479 2030 498 2062 ‹
546 2022 682 2079 tum,
718 2016 976 2084 nullaque
1001 2015 1308 2084 profectum
1350 2033 1377 2071 a
1401 2034 1591 2081 causa,
1638 2020 1801 2090 idque
1832 2020 2053 2075 Parme-

479 2123 497 2156 ι
539 2105 679 2160 ηἰάω
725 2105 945 2175 quidem
994 2110 1262 2162 sententia
1316 2111 1581 2162 mundum
1617 2126 1774 2177 esse;
1809 2110 2053 2166 Platonis

477 2211 497 2244 ι
533 2203 741 2261 autem,
764 2194 1066 2266 Timaeique
1096 2196 1409 2262 Locrensis,
1428 2216 1493 2254 ac
1513 2199 1812 2267 Plutarchi,
1843 2215 2054 2257 noStra-

477 2303 499 2334 ‹
539 2300 646 2354 que
664 2286 802 2342 adeo
831 2286 1073 2357 ipsorum
1100 2289 1371 2345 sententia
1419 2290 1689 2354 dicimus,
1729 2291 1895 2346 Deum
1933 2308 2054 2349 esse

478 2396 498 2429 ι
539 2379 789 2449 opiﬁcem
843 2396 1027 2436 rerum
1075 2383 1322 2436 omnium
1367 2382 1481 2452 jam
1534 2384 1705 2437 multo
1737 2383 2052 2440 credibilius

480 2490 499 2521 ι
538 2472 789 2540 loquetur
837 2473 1085 2542 quisquis
1122 2484 1375 2539 asserat,
1425 2492 1488 2529 ex
1520 2492 1608 2539 eo,
1658 2477 1749 2545 qui
1798 2477 1870 2529 sit
1903 2477 2053 2548 inge-

479 2580 498 2611 ι
540 2562 989 2641 nitu.s,_manare
1041 2565 1277 2619 Verbum
1314 2582 1377 2621 ac
1421 2576 1675 2622 sanctum
1735 2566 1999 2637 Spiritum
2034 2585 2047 2621 :

479 2673 499 2707 ι
537 2655 777 2712 Verbum
805 2657 1024 2729 quidem
1064 2666 1123 2712 ut
1149 2658 1391 2728 genitum
1438 2659 1507 2711 ab
1534 2659 1829 2721 intellectu,
1876 2660 2055 2729 Spiri-

478 2764 497 2797 ι
539 2758 652 2800 tum
715 2764 844 2803 vero
901 2758 962 2804 ut
1017 2751 1395 2820 procodcntem
1455 2768 1468 2804 :
1516 2750 1618 2819 ipsi
1670 2750 1814 2805 enim
1875 2748 2055 2806 Verbo

482 2857 500 2889 ι
539 2838 777 2909 Spiritus
826 2845 1317 2911 comprogreditur,
1379 2859 1482 2898 non
1536 2854 1714 2898 tamen
1764 2852 1824 2898 ut
1882 2843 2057 2900 Verbo

480 2949 500 2981 ι
536 2933 874 3002 congenitos,
904 2936 997 2988 sed
1022 2936 1112 3004 qui
1148 2937 1310 2989 simul
1359 2950 1485 2990 cum
1520 2934 1699 2990 νυώυ
1736 2936 1826 2999 sit,
1858 2951 2057 2991 conse-

481 3040 499 3070 ι
539 3022 731 3091 claque
766 3026 835 3078 sit
886 3024 1068 3090 Verbi,
1120 3036 1283 3097 atque
1341 3029 1617 3097 procedat.
1684 3024 1872 3096 Neque
1929 3042 2058 3083 vero

2079 1790 2126 1850 B

2154 570 2173 602 ι
2225 552 2342 619 φῶς
2367 552 2423 607 δὲ
2453 554 2516 606 τὸ
2540 553 2703 623 φῦναι
2733 554 3016 620 τεθεικὼς,
3052 558 3419 626 παρακατιὼν
3446 561 3723 631 ἐσαφήνι-

2155 657 2174 692 ι
2227 656 2338 704 σεν,
2363 638 2556 705 εἰπὼν,
2593 659 2617 693 ο
2660 640 2753 695 Ἐκ
2786 643 2980 697 τούτου
3007 658 3071 712 γε
3101 645 3196 698 τοῦ
3230 646 3385 709 ὄντος
3442 650 3722 721 ἐγεννήθη

2155 750 2175 784 ι
2227 732 2421 800 Λόγος,
2450 734 2545 787 καὶ
2568 731 2845 803 προσῆλθε
2872 735 2934 788 τὸ
2963 735 3188 806 Πνεῦμα
3212 738 3271 793 τὸ
3295 738 3476 807 ἅγιον.
3516 759 3536 792 ι

2755 919 3139 989 ᾎντΙρῤησις.

2234 1010 2294 1063 Ὅ
2325 1009 2607 1081 προελθεῖν
2654 1012 2718 1065 ἐκ
2764 1011 2857 1065 τοῦ
2908 1010 3121 1082 Πατρδς
3147 1012 3327 1080 λέγων
3380 1017 3444 1070 τὸ
3474 1018 3727 1089 Πνεῦμα,

2152 1101 2246 1155 καὶ
2273 1100 2529 1155 ἐντεῦθεν
2554 1102 2654 1173 τὴν
2690 1103 2754 1154 ἑκ
2779 1102 2996 1173 Πατρός
3040 1102 3207 1156 αὐτοῦ
3241 1104 3419 1174 δηλῶν
3461 1107 3728 1178 ὓπαρξιν,

2153 1192 2454 1262 ἀντιλέγειν
2501 1194 2603 1247 οὐκ
2655 1194 2769 1264 ἔχει
2826 1192 2905 1259 τῷ
2961 1194 3339 1265 προέρχεσθαι
3382 1197 3602 1265 λέγοντι
3654 1201 3733 1270 τῷ

2153 1284 2380 1354 Πνεῦμα
2407 1285 2502 1339 καὶ
2533 1286 2598 1338 ὲκ
2632 1284 2726 1338 τοῦ
2777 1283 2933 1349 Υίοῦ,
3002 1285 3099 1338 καὶ
3155 1282 3414 1341 ἐντεῦθεν
3461 1289 3735 1358 δογματί-

2154 1378 2324 1445 ζοντι,
2361 1380 2456 1433 καὶ
2484 1378 2543 1442 ἐξ
2578 1379 2783 1447 ἀμφοῖν
2806 1374 2945 1432 εἶναι
2973 1377 3128 1433 αὐτό.
3159 1377 3251 1431 Δεῖ
3278 1379 3334 1432 δὲ
3357 1381 3595 1449 σημειοῦ
3607 1383 3732 1434 σθαι

2152 1470 2246 1525 καὶ
2267 1471 2368 1523 ὅσα
2405 1467 2641 1523 ἐνταῦθα
2668 1468 2808 1537 ἔφης
2832 1468 2962 1538 περὶ
2984 1467 3080 1522 τοῦ
3102 1465 3245 1522 εἶναι
3270 1468 3363 1522 τὸν
3392 1470 3569 1537 Λόγον
3614 1471 3733 1541 ἅμα

2149 1564 2231 1633 τῷ
2259 1564 2455 1633 Πατρὶ,
2492 1565 2585 1616 καὶ
2609 1563 2672 1615 ὲκ
2701 1561 2795 1615 τοῦ
2836 1561 3072 1629 Πατρός,
3119 1561 3193 1620 ὼε
3233 1561 3549 1631 ἁρμόζοντα
3589 1566 3733 1618 κατὰ

2149 1654 2261 1709 τῶν
2289 1653 2729 1724 διενισταμένων,
2771 1652 2847 1722 μὴ
2907 1650 3171 1706 δύνασθαι
3197 1654 3312 1722 ἅμα
3340 1653 3458 1723 Υίῷ
3492 1655 3590 1708 καὶ
3644 1656 3734 1710 διὰ

2150 1745 2246 1801 τοῦ
2273 1743 2401 1799 Υἱοῦ
2436 1738 2578 1797 εἶναι
2612 1744 2673 1797 τὸ
2700 1742 2949 1812 Πνεῦμα.

2713 1838 2814 1891 Ἐκ
2845 1836 2953 1890 τοῦ
2985 1839 3061 1891 αὐ
3070 1833 3195 1890 τοῦ.

2224 1926 2421 1995 PMG’.
2460 1946 2478 1980 ι
2521 1928 2582 1982 El
2612 1928 2789 1981 τοίνυν
2828 1930 3011 1997 φαμὲν
3041 1924 3183 1982 εἶναι
3208 1944 3260 1981 τι
3294 1929 3599 2000 ἀγέννητον
3634 1934 3726 1987 ml
3832 1928 3837 1935 ’

2162 2040 2181 2073 ι
2229 2022 2472 2076 ἀναίτιον
2502 2020 2646 2073 κατὰ
2685 2019 2785 2089 μὲν
2814 2019 3163 2090 Παρμενίδην
3196 2020 3291 2072 τὸν
3327 2020 3555 2089 κόσμον,
3581 2023 3718 2075 κατὰ
3750 2012 3753 2013 ν

2162 2131 2180 2164 ι
2232 2111 2289 2164 δὲ
2327 2111 2612 2177 Πλάτωνα,
2650 2111 2744 2165 καὶ
2768 2110 2999 2180 Τίμαιον
3020 2110 3113 2164 τὸν
3155 2110 3392 2180 Λοκρὸν,
3431 2112 3528 2166 καὶ
3553 2110 3717 2165 Πλού-

2162 2221 2179 2255 ι
2228 2219 2431 2273 ταρχον
2479 2204 2574 2256 καὶ
2629 2203 2778 2272 ἡμᾶς
2831 2200 3031 2265 αὐτοὺς
3074 2200 3168 2256 τὸν
3196 2200 3307 2255 τῶν
3341 2201 3605 2257 ἁπάντων
3633 2201 3724 2270 δη-

2162 2315 2181 2348 (
2234 2294 2518 2367 μιουργὸν,
2545 2292 2726 2362 πολλῷ
2753 2292 2948 2346 τούτου
2981 2290 3354 2363 πιθανώτερον
3385 2292 3449 2347 τὸ
3476 2293 3648 2362 φάναι
3671 2292 3732 2358 ὲξ

2162 2407 2180 2441 ι
2229 2388 2439 2442 ἐκείνου
2484 2404 2547 2455 γε
2573 2385 2668 2439 τοῦ
2689 2386 2983 2454 ἅγεννήτου
3009 2385 3103 2439 καὶ
3127 2385 3216 2438 τὸν
3244 2385 3418 2452 Λόγον
3444 2384 3613 2453 φῦναι
3639 2387 3733 2439 καὶ

2161 2499 2179 2531 ι
2229 2481 2292 2534 τὸ
2324 2480 2594 2547 πανάγιον
2641 2479 2885 2549 Πνεῦμα,
2923 2479 2983 2532 τὸ
3034 2478 3132 2548 μὲν
3174 2477 3252 2541 ὡς
3294 2478 3493 2545 Λόγον,
3534 2479 3603 2532 ἐκ
3641 2479 3732 2532 τοῦ

2161 2588 2180 2620 ι
2237 2568 2329 2622 νοῦ
2359 2567 2723 2638 γεννώμενον,
2758 2566 2820 2620 τὸ
2839 2566 2895 2619 δὲ
2924 2566 3001 2631 ὡς
3025 2566 3248 2637 Πνεῦμα
3271 2567 3728 2637 ἐκπορευόμενον.

2162 2678 2179 2709 ι
2225 2656 2565 2727 Συμπρόεισι
2597 2656 2706 2726 γὰρ
2751 2655 2829 2726 τῷ
2862 2657 3017 2725 Λόγῳ
3049 2656 3110 2710 τὸ
3134 2656 3379 2727 Πνεῦμα,
3409 2657 3473 2709 οὐ
3502 2657 3732 2725 ξυγγεν-

2163 2768 2184 2803 s
2244 2748 2509 2819 νώμενον,
2535 2748 2671 2802 ἀλλὰ
2705 2748 2864 2814 ξυνὸν
2892 2748 2987 2801 καὶ
3016 2747 3410 2818 παρομαρτοῦν
3436 2748 3536 2802 καὶ
3562 2753 3730 2802 ἐκπο-

2163 2859 2182 2892 ι
2238 2838 2550 2911 ρευόμενον.
2598 2838 2739 2893 Ἀλλ’
2770 2837 2897 2891 οὔτε
2920 2837 2981 2890 τὸ
3013 2836 3238 2908 Πνεῦμα
3270 2839 3441 2910 πνοήν
3465 2856 3594 2893 τινα
3618 2839 3735 2893 στό-

2165 2945 2186 2981 ι
2244 2945 2416 2999 ματος
2445 2925 2820 2998 εἶναίφαμεν·
2862 2926 3158 2996 ἀξύνθετον
3193 2926 3304 2997 γὰρ
3355 2928 3418 2981 τὸ
3466 2928 3613 2983 θεῖον
3640 2931 3735 2984 καὶ

2167 3036 2183 3069 ι
2242 3019 2683 3089 ἀσχημάτιστον
2711 3019 2835 3074 οὔτε
2855 3021 2947 3074 τὸν
2969 3021 3129 3089 λόγον
3147 3019 3338 3072 τοῦτον
3367 3019 3466 3071 τὸν
3490 3020 3572 3082 εἰς
3600 3019 3735 3090 ἀέρα

483 3131 502 3162 σ
545 3113 808 3180 Spiritum
859 3127 1111 3171 sanctum
1160 3119 1435 3188 spiramen
1493 3134 1614 3173 esse
1671 3118 1893 3186 aliquod
1945 3118 2055 3172 oris

2175 3130 2184 3163 l
2235 3112 2515 3182 χεόμενον,
2548 3111 2663 3165 ἀλλ’
2706 3112 2952 3166 ὲνούσιον
2996 3112 3172 3179 λόγον,
3210 3111 3306 3164 καὶ
3365 3111 3734 3166 ἔνυπόστατον

483 3220 502 3252 ι
543 3203 771 3260 dicimus
804 3222 818 3260 :
849 3209 989 3263 Deus
1017 3210 1160 3262 enim
1215 3225 1315 3264 nec.
1350 3209 1803 3278 compositionem
1851 3210 2054 3278 patitur

2175 3222 2184 3253 ι
2243 3201 2491 3273 Πνεῦμα,
2515 3204 2609 3256 καὶ
2636 3204 2695 3257 ἐν
2717 3203 2795 3274 τῷ
2830 3204 3006 3273 Πατρὶ⁵
3041 3204 3441 3273 θεωρούμενον,
3480 3203 3581 3255 καὶ
3612 3202 3735 3256 καθ’

484 3313 501 3343 ι
547 3309 647 3348 nec
699 3296 926 3365 ﬁguram
958 3316 971 3353 :
1009 3300 1205 3368 neque:
1226 3299 1451 3353 verbum
1502 3299 1853 3369 intelligimus
1891 3298 2053 3369 quale

2175 3311 2186 3345 ι
2228 3294 2420 3347 ἑαυτὸν
2439 3293 2848 3365 πιστευόμενονο
2874 3295 3050 3364 ξυνημ
3058 3294 3192 3364 μένα
3216 3311 3275 3346 τε
3294 3293 3386 3347 καὶ
3404 3293 3734 3366 διῃρημένα,

484 3405 501 3432 ο
539 3397 785 3441 nostrum
819 3399 924 3453 est,
966 3391 1109 3461 quod
1152 3391 1502 3461 loquentibus
1548 3392 1708 3446 nobis
1756 3406 1852 3460 per
1876 3405 2055 3446 aerem

2175 3405 2188 3437 ι
2235 3384 2311 3454 τῷ
2344 3386 2444 3455 μὲν
2470 3384 2655 3455 ταυτῷ
2688 3386 2788 3455 τῆς
2841 3386 3060 3455 φύσεως
3118 3387 3396 3457 ἡνωμένα,
3451 3391 3518 3458 τῇ
3546 3387 3603 3439 δὲ
3631 3387 3737 3439 τῶν

485 3493 505 3527 ι
541 3476 895 3544 diﬂ'unditur;
929 3482 1024 3535 sed
1056 3481 1289 3537 Verbum
1318 3482 1466 3552 quod
1502 3482 1641 3537 inest
1681 3482 2055 3537 substantiali-

2175 3496 2189 3528 ι
2238 3478 2524 3547 ίδιοτήτων
2554 3477 2789 3549 διαφορᾷ
2820 3477 2914 3531 καὶ
2943 3479 3067 3532 καθ’
3098 3479 3274 3532 ἑαυτὰ
3302 3478 3598 3549 νοούμενα.
3630 3479 3737 3531 Καὶ

486 3584 504 3616 ι
543 3573 646 3629 ter,
677 3582 742 3623 ac
776 3570 1014 3635 Spiritus
1043 3573 1137 3641 qui
1175 3572 1242 3628 ad
1271 3573 1608 3644 hypostasim
1642 3573 1896 3642 pertinet.
1928 3572 2055 3638 Quae

2175 3589 2191 3621 ι
2245 3571 2346 3623 οὐκ
2375 3569 2496 3622 ἐστι
2530 3570 2728 3638 μαθεῖν
2753 3568 2999 3639 ἁκριὸὦς
3033 3569 3124 3623 τὸν
3175 3569 3250 3639 μὴ
3301 3571 3416 3633 τοῖς
3450 3570 3620 3632 θείοις
3652 3570 3737 3622 ὲν-

484 3673 504 3706 ι
545 3657 656 3712 duo
708 3658 760 3713 in
790 3659 950 3717 Patre
981 3662 1419 3729 considerantur,
1453 3673 1509 3718 et
1551 3678 1801 3719 seorsum
1857 3678 1952 3733 per
2001 3678 2055 3720 se

2175 3683 2187 3716 ι
2234 3664 2580 3733 τετυχηκόσα
2635 3662 2883 3730 βιϐλίοις,
2921 3661 3111 3715 καὶτὸ
3159 3664 3261 3730 τῆς
3322 3662 3562 3725 πίστεως
3620 3661 3733 3731 φῶς

484 3767 503 3800 ι
540 3751 656 3819 ipsa
685 3753 1112 3825 singillatimque
1141 3757 1443 3811 creduntur
1478 3774 1492 3808 :
1523 3755 1825 3826 eademque
1847 3766 1902 3813 et
1923 3770 2055 3811 con-

2175 3775 2187 3805 ι
2246 3754 2399 3824 παρὰ
2433 3752 2536 3822 τῆς
2567 3752 2717 3816 θείας
2749 3751 3139 3823 ἐπιδεξόιμενον
3169 3752 3416 3822 χάριτος.
3461 3771 3482 3804 ρ

483 3870 501 3901 ι
536 3849 721 3919 juncta
749 3862 902 3918 sunt,
933 3860 988 3907 et
1006 3852 1261 3910 discreta.
1297 3852 1458 3908 Unita
1514 3854 1756 3923 quidem,
1803 3868 1870 3909 eo
1934 3851 2081 3923 quod
2117 3852 2363 3921 ejusdem
2427 3859 2638 3905 natura
2666 3851 2774 3906 sint
2803 3869 2818 3905 :
2878 3849 3210 3920 proprietate
3268 3862 3394 3903 vero
3411 3844 3732 3909 diEerenlia,

483 3970 500 3999 ι
542 3947 861 4018 singillatim
923 3954 1289 4018 sedrsumque
1345 3947 1643 4003 intellecta.
1729 3946 1855 4002 Haec
1916 3955 2098 4002 autem
2164 3946 2281 4015 ipsa
2351 3959 2699 4015 nequaquam
2739 3953 2929 3998 exacte
2991 3943 3280 4012 quisquam
3329 3939 3731 4012 perclpiet,nisi

482 4041 501 4073 ⁸
541 4039 597 4093 in
651 4052 931 4094 sacrarum
964 4039 1291 4125 Litterarum
1332 4039 1531 4094 studiis
1594 4050 1846 4096 versatus
1892 4038 2084 4106 fuerit,
2128 4053 2193 4093 ac
2252 4038 2359 4094 nisi
2452 4037 2696 4094 scientiae
2746 4036 2909 4105 hujus
2982 4042 3164 4091 lumen
3218 4035 3401 4090 divina
3480 4035 3732 4091 collatum

482 4147 503 4178 ι
543 4130 714 4199 gratia
749 4130 1043 4198 acceperit.
1089 4147 1109 4181 ι

1056 4216 1484 4271 Animadversio.

555 4327 575 4360 ι
620 4307 723 4363 Hic
752 4308 884 4362 item
928 4307 1118 4362 eadem
1168 4308 1418 4364 doctrina
1470 4308 1926 4378 deprehenditur,
1986 4324 2053 4364 ex

485 4414 505 4443 ι
547 4412 659 4453 uno
707 4397 916 4454 scilicet
953 4399 1111 4454 Patre
1139 4399 1336 4455 Filiqu
1392 4410 1447 4455 et
1520 4400 1786 4469 Spiritum
1829 4414 2054 4469 progre-

484 4512 502 4542 ι
539 4492 618 4559 di,
691 4503 749 4549 et
829 4494 1022 4551 eadem
1089 4494 1346 4551 dictionis
1403 4497 1657 4566 progredi
1717 4496 2053 4565 explicatio.

482 4605 501 4634 ι
537 4585 734 4639 Verum
768 4586 821 4639 in
857 4586 960 4640 hac
1005 4586 1261 4656 pericope
1298 4600 1382 4642 est
1446 4568 1666 4657 quoque
1712 4588 1939 4656 aliquid,
1998 4597 2057 4642 ut

483 4694 502 4727 ι
548 4690 650 4747 ego
679 4692 825 4740 reor,
855 4677 1172 4741 dilucidius.
1208 4676 1308 4735 Hic
1330 4680 1475 4735 enim
1509 4692 1693 4734 rerum
1740 4679 2045 4733 divinarum

487 4787 506 4820 ι
542 4764 767 4822 scientia
825 4769 1167 4836 praeelebris
1202 4772 1286 4825 vir
1310 4771 1439 4824 dum
1472 4771 1710 4840 prmlinit
1761 4784 1885 4823 cum
1920 4768 2057 4824 Filio

486 4877 506 4909 ι
538 4865 594 4912 et
649 4855 829 4912 Verbo
866 4859 1151 4927 provenire
1202 4861 1609 4916 sanctissimum
1643 4860 1929 4929 Spiritum,
1961 4875 2059 4929 pa-
2101 4910 2109 4916 .

485 4969 503 5000 ι
543 4949 649 5002 lam
688 4963 750 5003 os
770 4948 1011 5004 obstruit
1038 4965 1231 5005 eorum
1279 4952 1372 5021 qui
1396 4961 1715 5006 asseverant
1763 4952 1938 5019 ipsum
1991 4967 2057 5005 ex

487 5058 508 5091 ι
548 5039 689 5094 Filio
743 5054 961 5111 quoque
1033 5041 1349 5111 procedere.
1438 5040 1725 5105 Quomodo
1788 5040 1936 5094 enim
2006 5049 2060 5095 et

488 5150 508 5184 ι
544 5132 762 5203 quando
803 5149 927 5188 cum
956 5148 1022 5189 eo
1048 5132 1326 5204 procedet,
1356 5147 1484 5187 cum
1516 5147 1626 5201 quo
1667 5134 2061 5201 progreditur?

485 5243 504 5276 ι
541 5225 821 5281 Addiscito
861 5233 1122 5294 praeterea
1142 5225 1358 5278 beatum
1406 5224 1559 5278 bnnc
1609 5224 1912 5290 doctorem,
1952 5240 2059 5280 non

488 5336 507 5367 ι
548 5316 724 5371 aliena
764 5330 794 5370 a
824 5316 950 5371 divo
982 5314 1321 5368 Damasceno
1345 5312 1720 5382 praescribere,
1767 5315 1850 5369 vel
1879 5315 2062 5384 potius

488 5426 506 5458 ι
541 5406 689 5461 hunc
727 5406 796 5459 ab
826 5404 917 5458 illo
947 5418 1071 5457 cum
1097 5403 1184 5456 hic
1213 5410 1373 5457 aetate
1419 5402 1512 5455 illo
1539 5403 1808 5470 posterior
1831 5404 1923 5458 sit.
1962 5403 2061 5458 llic

490 5517 508 5547 ι
556 5499 702 5552 enim
725 5511 851 5550 cum
900 5493 1360 5565 comprogredimr
1418 5493 1761 5561 scripsisset,
1806 5494 1894 5548 ille
1935 5508 2061 5563 pro-

492 5609 509 5639 ι
548 5588 680 5658 priis
718 5588 939 5657 scriptis
985 5586 1250 5643 inseruit:
1291 5583 1463 5640 Simul
1504 5583 1625 5639 Filii
1650 5586 1951 5655 generatio,
2007 5596 2063 5641 et

496 5698 512 5728 ι
554 5678 790 5748 Spiritus
820 5679 1119 5748 processio.
1160 5678 1339 5744 Quare
1398 5691 1497 5733 nos
1527 5685 1579 5732 ct
1635 5676 1689 5730 in
1723 5677 1812 5732 illa
1862 5685 1915 5731 et
1958 5677 2059 5733 hac

498 5788 515 5821 ι
550 5771 800 5840 pcricope
834 5772 972 5827 idem
1005 5770 1401 5826 adnotaiimus
1457 5789 1473 5820 ι

2766 4213 3151 4267 Ἐπιστασία.

2242 4326 2261 4358 ι
2325 4305 2680 4376 Κάνταῦθαὴ
2738 4305 3060 4360 διδασκαλία
3090 4308 3125 4378 ἡ
3154 4307 3293 4378 αὑτὴ
3345 4309 3477 4379 περὶ
3520 4312 3617 4366 τοῦ
3680 4311 3736 4377 ἐξ

2167 4416 2184 4448 ι
2236 4398 2357 4461 ἑνὸς
2387 4397 2480 4451 τοῦ
2508 4397 2718 4468 Πατρός
2747 4396 2991 4466 δηλονότι
3036 4398 3127 4451 τὸν
3154 4399 3288 4452 Υἰὸν
3312 4402 3491 4455 καὶτὸ
3514 4403 3735 4474 Πνεῦμα

2167 4507 2186 4539 ι
2230 4488 2417 4557 φῦναι,
2456 4489 2552 4543 καὶ
2578 4491 2612 4558 ἡ
2644 4488 2787 4561 αὐτὴ
2816 4488 2913 4542 τοῦ
2951 4488 3116 4558 φῦναι
3171 4491 3465 4559 σαφήνεια.
3503 4496 3663 4549 Ἔστι
3692 4497 3735 4549 δ’

2170 4600 2189 4632 ι
2249 4582 2310 4634 ἐν
2334 4583 2403 4651 τῇ
2429 4580 2681 4652 παρούσῃ
2725 4584 3001 4651 περικοπῇ
3038 4582 3130 4635 καί
3177 4598 3227 4634 τι
3278 4582 3737 4656 γλαφυρώτερον,

2172 4688 2188 4721 ι
2236 4669 2313 4732 ὡς
2340 4669 2532 4739 ἔμοιγε
2561 4669 2703 4732 τέως
2735 4668 3042 4739 νομίζεται.
3066 4671 3411 4738 Δογματίσας
3448 4675 3559 4744 γὰρ
3591 4671 3742 4740 οὗτος

2172 4777 2190 4809 ι
2238 4759 2352 4813 ότὰ
2389 4759 2509 4812 θεῖα
2539 4758 2703 4827 σοφὸς
2733 4760 2815 4812 ὅτι
2840 4760 2900 4813 τὸ
2940 4761 3207 4827 πανάγιον
3248 4761 3478 4830 Πνεῦμα
3511 4764 3592 4835 τῷ
3630 4767 3741 4837 Υίῷ

2172 4867 2190 4899 ι
2248 4851 2344 4904 καὶ
2372 4850 2532 4920 Λόγῳ
2562 4850 2912 4921 συμπρόεισι,
2947 4852 3196 4921 φανερῶς
3233 4854 3581 4921 ἐπιστομίζει
3610 4859 3737 4921 τοὺς

2174 4960 2193 4992 ι
2251 4941 2346 4995 καὶ
2399 4942 2465 4995 ὲκ
2510 4940 2605 4995 τοῦ
2641 4940 2773 4994 Υἰοῦ
2816 4941 3074 5009 λέγοντας
3113 4942 3249 4996 αὐτὸ
3297 4946 3739 5016 ἐκπορεύεσθαι·

2175 5051 2191 5083 ι
2250 5033 2364 5096 πῶς
2398 5031 2508 5103 γὰρ
2538 5032 2634 5087 καὶ
2679 5033 2813 5086 πότε
2851 5033 2969 5099 τοῦ,
3004 5026 3050 5102 ᾧ
3077 5035 3444 5105 συμπρόεισιν
3471 5039 3739 5109 ἐκπορεύ-

2259 5142 2408 5192 erat;
2442 5125 2849 5197 Καταμάνθανε
2970 5126 3063 5179 τὸν
3106 5129 3381 5197 μακάριον
3412 5129 3611 5186 τοῦτον
3657 5132 3738 5185 διο

2256 5216 2524 5271 δάσκαλον
2552 5216 2623 5270 τὰ
2663 5217 2805 5270 αὺτά
2830 5217 2908 5287 τῷ
2941 5216 3070 5289 θείῳ
3096 5219 3448 5290 Δαμασκηνῷ
3476 5223 3738 5294 δογματί-

2251 5310 2434 5376 ζοντα,
2471 5310 2504 5379 ἢ
2544 5306 2743 5377 μᾶλλον
2765 5311 2974 5362 ἐκεῖνον
3001 5310 3198 5380 τούτῳ,
3224 5312 3301 5375 ὡς
3326 5315 3741 5386 προγενεστέρῳ

2248 5399 2602 5470 μετάχρονον.
2637 5397 2844 5452 Τούτου
2880 5400 2992 5467 γὰρ
3022 5398 3083 5452 τὸ
3127 5401 3465 5471 συμπρὸεισι
3495 5402 3739 5473 γράψαν-

2254 5508 2368 5554 τος,
2400 5493 2609 5553 ὲκεῖνος
2638 5491 2696 5542 ὲν
2727 5491 2792 5560 τῇ
2827 5491 3005 5561 οίκείᾳ
3031 5494 3217 5561 γραφῇ
3248 5490 3463 5545 τέθεικε
3485 5494 3567 5558 τὸ,
3596 5495 3740 5563 ’Λμα

2255 5583 2287 5651 ὴ
2325 5580 2421 5634 τοῦ
2454 5579 2584 5635 Υίοῦ
2630 5581 2885 5649 γέννησις
2916 5583 3010 5633 καὶ
3036 5584 3068 5651 ἠ
3098 5579 3194 5634 τοῦ
3223 5580 3545 5650 Πνεῦματος
3573 5582 3737 5635 ἐκπό-

2254 5691 2461 5746 ρευσις.
2492 5675 2581 5727 Διὸ
2614 5677 2706 5726 καὶ
2747 5677 2907 5743 ἡμεῖς
2955 5677 3012 5726 τὸ
3047 5675 3180 5727 αὐτὸ
3211 5676 3304 5727 καὶ
3356 5678 3414 5727 ὲν
3447 5675 3632 5745 ἐκείνῃ
3673 5678 3736 5745 τῇ

2261 5771 2538 5839 περικοπῇ
2568 5768 2660 5820 καὶ
2700 5771 2755 5821 ἐν
2798 5765 2964 5837 ταύτῃ
2998 5767 3558 5838 ἐπεσημειωσὰμεθα.
3605 5785 3624 5818 ι

2175 5144 2192 5176 ι

2177 5237 2194 5269 ί

2176 5331 2194 5362 ί

2175 5420 2193 5452 ί

2176 5511 2194 5542 Ι

2177 5602 2193 5633 ι

2177 5696 2195 5728 1

2179 5788 2196 5820 ι
