3958 6456
238 360 353 422 635

839 477 1234 547 Ἀντιῇρησις.

316 564 395 617 Τὸ
424 559 617 616 δοκοῦν
668 581 749 617 σοι
769 566 967 621 ἐνεῖναι
1008 571 1072 640 τῇ
1104 568 1334 640 ῥηθείσῃ
1378 568 1657 641 περινισπῇ
1691 568 1826 638 γλαυ

234 658 421 727 φυρὲν
458 655 692 726 ὑπόψιον
744 657 858 726 ἔχει
912 659 1005 714 τὸν
1036 660 1281 732 ἔλεγχον.
1327 663 1523 730 Λέγεις
1582 663 1714 731 γὰρ,
1768 662 1832 714 Ei

235 747 587 818 συμπρόεισι
637 747 714 817 τῷ
746 748 860 821 Υίῷ
886 750 946 804 τὸ
985 753 1233 823 Πνεῦμα,
1288 753 1406 816 πῶς
1439 756 1533 808 καὶ
1566 755 1696 808 πότε
1735 751 1829 806 τοῦ

228 834 279 909 ᾧ
307 840 683 911 συμπρὸεισιν
712 841 1074 912 ἐκπορεύεται
1107 863 1123 911 ;
1158 846 1251 899 καὶ
1275 846 1425 900 δοκεῖ
1455 863 1539 899 σοι
1565 846 1831 900 ἀδύνατον

227 936 384 1005 τάχα.
417 935 518 988 σὺν
544 934 623 1004 τῷ
665 936 778 1006 Υἱῴ
807 932 948 992 εἶναι
979 938 1042 992 τὺ
1079 939 1306 1009 Πνεῦμα
1334 941 1426 993 καὶ
1457 943 1522 993 ἐκ
1550 939 1645 992 τοῦ
1674 938 1830 993 Υἱοῦ.

240 1025 399 1080 Ἀλλ’
426 1025 777 1093 ἑπιστομίσει
810 1043 868 1080 σε
895 1030 923 1082 6
945 1029 1254 1099 ἐρωτήσων,
1291 1031 1403 1084 Καὶ
1426 1030 1543 1094 πῶς
1575 1032 1670 1083 καὶ
1698 1032 1828 1084 πότε

227 1117 324 1170 διὰ
355 1116 454 1170 τοῦ
489 1109 533 1185 ᾧ
563 1117 927 1188 συμπρόεισιν
958 1119 1358 1191 ἐκπορεύεταις
1397 1121 1471 1174 Οὐ
1511 1121 1621 1192 γὰρ
1649 1124 1830 1194 ἁπαρκ

227 1210 380 1282 νήσῃ
402 1210 512 1282 ⁸καὶ
544 1209 608 1262 τὸ
632 1209 720 1263 διὰ
750 1211 843 1263 τοῦ
876 1210 1006 1266 Υίοῦ
1038 1213 1461 1283 ἐκπορεύεσθαι,
1488 1215 1583 1267 καὶ
1612 1217 1724 1278 τοίς
1746 1218 1828 1281 εἰς

227 1300 331 1354 τὸν
372 1305 467 1354 σὺν
502 1300 734 1372 ἔλεγχον
768 1302 970 1370 λόγοις,
1009 1304 1109 1358 ούκ
1143 1305 1369 1359 ἄλλοθεν
1393 1307 1681 1376 χρήσεται,
1710 1304 1827 1359 ἀλλ’

223 1383 291 1459 ἐξ
319 1386 403 1449 ὧν
432 1398 462 1448 ὁ
490 1396 643 1464 παρὰ
682 1396 766 1448 σοὶ
798 1396 1075 1467 μακάριος
1101 1396 1451 1469 Θεοδώρητος
1479 1401 1537 1453 ἐν
1565 1402 1682 1464 τοῖς
1722 1400 1824 1471 ἤδη

228 1487 639 1557 προρρηθεῖσιν
671 1489 905 1557 εἰρήκει,
940 1489 1018 1560 μὴ
1046 1487 1398 1559 θορυϐεῖσθαι
1431 1490 1824 1561 ὑποτιθέμενος

223 1580 363 1641 τοὺς
400 1581 466 1632 ἐκ
490 1579 585 1632 τοῦ
617 1579 833 1649 Πιτρὸς
866 1582 959 1632 καὶ
1018 1580 1117 1633 σὺν
1160 1580 1240 1650 τῷ
1290 1582 1466 1651 Πατρὶ
1516 1581 1611 1637 τὸν
1650 1582 1825 1650 Λόγον

223 1669 562 1733 ἀκούοντας.
612 1669 702 1735 Ὠς
732 1670 843 1741 γὰρ
887 1672 1008 1724 ἐκεῖ
1046 1672 1321 1733 ωναῖδιος
1369 1673 1764 1727 ἀποδείκνυται
1794 1674 1823 1727 6

231 1760 375 1823 Tib;
407 1761 483 1831 τῷ
514 1763 688 1833 Πατρὶ
723 1763 952 1832 μηδενὸς
990 1764 1184 1835 χρόνου
1219 1767 1608 1833 ἐπινοουμένου
1655 1767 1822 1834 μέσον

237 1849 344 1903 τοῦ
376 1852 545 1904 αἰτίου
571 1853 786 1922 Πατρός
816 1854 1028 1921 καὶ-τοῦ
1055 1855 1306 1909 αἰτιατοῦ
1358 1855 1515 1921 Υἰοῦ,
1545 1856 1693 1909 οὕτω
1723 1857 1819 1911 καὶ
1852 1835 1894 1887 Β

236 1942 303 1993 τὸ
324 1943 548 2013 Πνεῦμα
568 1945 842 1999 συναῖδιον
864 1941 1006 1999 εῖναι
1033 1947 1348 1999 πιστεύεται
1368 1946 1485 2017 Υίῷ
1505 1947 1602 2000 καὶ
1620 1947 1818 2016 Πατρὶ,

227 2032 471 2101 μηδενὸς
492 2034 685 2105 χρόνου
712 2036 1101 2106 ἐπινοουμένου
1158 2037 1325 2108 μέσον
1349 2037 1516 2092 αὐτοῦ
1541 2039 1635 2092 καὶ
1662 2038 1815 2103 Υἱοῦ,

215 2124 319 2178 διὰ
348 2125 417 2179 τὸ
445 2121 592 2189 εἶναι
617 2128 750 2182 αὐτὸ
802 2130 872 2182 δι’
919 2128 1052 2183 Υίοῢ
1090 2129 1424 2202 ἐκπορευτὸν
1457 2130 1520 2184 ἐκ
1582 2130 1816 2203 Πατρός.

353 2429 642 2516 ᾙΗΣΕΙΣ
668 2431 1112 2485 ΓΡΗΓΟΡΙΟΥ
1137 2431 1261 2485 ΊῸΥ
1292 2432 1671 2488 ΔΙΑΛΟΓΟΥ.

216 2542 345 2623 T017-
391 2543 598 2623 ἁγίου,
615 2539 950 2623 Γρηγορίοιι
1014 2546 1120 2623 τοᾷ
1176 2547 1491 2623 Διαλόγου,
1541 2549 1666 2623 dm)
1705 2550 1818 2619 τῆς

284 2613 493 2689 εὐχῆς
523 2613 637 2681 τῆς
676 2616 828 2671 κατὰ
881 2616 996 2685 τὴν
1050 2613 1494 2685 Πεντηκοάτὴν
1523 2613 1818 2689 ἀναγινωέ

287 2682 631 2751 σκομένης.

291 2811 474 2867 PMZ'.
518 2832 538 2865 ι
578 2814 661 2867 Τὰ
694 2816 944 2887 νοήματα
996 2818 1179 2888 ἡμῶν,
1214 2819 1469 2889 δεόμεθα,
1524 2821 1722 2890 Κύριε,
1753 2822 1814 2876 τὸ

221 2924 242 2956 ι
297 2903 538 2972 Πνεῦμα
565 2905 628 2957 τὸ
651 2904 833 2974 ἅγιον,
880 2908 942 2960 τὸ
998 2910 1154 2977 παρὰ
1186 2909 1282 2962 σοῦ
1344 2911 1811 2983 ἐκπορευόμενον,

225 3014 244 3046 ι
293 2994 538 3064 φωτίσαι
572 2996 669 3050 καὶ
718 2998 982 3068 ὁδηγῆσαι
1015 3003 1097 3064 είς
1150 3002 1355 3068 πᾶσαν,
1419 3002 1606 3067 καθὼς
1662 3007 1692 3058 6
1721 3006 1814 3071 σὸς

222 3108 241 3141 ι
290 3087 568 3158 ὑπέσχετο
597 3088 755 3153 Υἱὸς,
785 3091 888 3162 τὴν
923 3093 1209 3163 ἀλήθειαν.
1256 3113 1273 3145 ι

818 3186 1203 3241 Ἐπιστασία.
1352 3230 1357 3239 .

299 3291 319 3324 ι
359 3274 427 3326 El
463 3276 542 3346 μὴ
570 3279 687 3340 τοῖς
735 3275 920 3338 ἄλλοις
974 3276 1084 3329 κάν
1133 3276 1313 3347 τούτῳ
1368 3276 1448 3346 τῷ
1476 3275 1606 3347 θείῳ
1636 3274 1813 3346 Πατρὶ

228 3383 246 3413 ι
298 3365 582 3437 πείσθητι,
620 3366 698 3438 μὴ
722 3368 789 3421 ἐκ
820 3365 917 3419 τοῦ
948 3366 1085 3420 Υἱοῦ
1114 3366 1176 3421 τὸ
1204 3366 1431 3436 Πνεῦμα
1452 3367 1670 3435 λέγοντι
1721 3369 1812 3421 ἐκ-

232 3475 250 3508 ι
297 3458 659 3527 πορεύεσθαι,
683 3460 940 3530 ὑμετέρῳ
971 3459 1196 3520 πάντως
1222 3460 1337 3514 ὄντι
1369 3459 1585 3530 βλαστῷ
1608 3461 1813 3527 καὶέγ-

230 3569 247 3600 ι
297 3549 511 3620 χωρίῳ,
545 3551 639 3605 καὶ
672 3552 772 3621 τῆς
800 3551 859 3604 ἐν
888 3553 955 3622 τῇ
986 3551 1197 3623 παλαιᾷ
1261 3551 1449 3622 Ῥώμῃ
1479 3552 1644 3621 ἁγίας
1688 3553 1811 3605 Ἐκ.-

233 3661 250 3692 ι
295 3642 533 3714 κλησίας
562 3642 944 3714 ἁρχιποίμενι.
974 3644 1146 3705 Τοῦτο
1169 3643 1225 3698 δὲ
1250 3644 1502 3714 φανερῶς
1535 3645 1807 3715 παρίστα-

234 3753 251 3783 σ
287 3752 378 3790 ται
424 3737 490 3790 ἐκ
538 3737 633 3790 τοῦ
662 3737 755 3790 τὸν
776 3737 930 3805 ἅγιον
961 3737 1043 3801 τὸ,
1087 3736 1341 3803 Καθὼς-6
1375 3739 1470 3799 σὸς
1501 3738 1633 3801 Υἱὸς
1679 3740 1815 3792 ὑπέ-

231 3849 249 3880 ι
283 3817 481 3899 σκετο,
532 3831 860 3897 ἐπαγαγεῖν.
892 3829 1013 3883 Ἵνα
1061 3831 1171 3899 γὰρ
1198 3829 1273 3899 μὴ
1303 3827 1478 3897 λόγων
1526 3829 1701 3893 λαϐὰς
1751 3831 1811 3883 τὸ

231 3939 247 3970 ι
294 3920 495 3991 Κύριε,
533 3919 707 3991 ψιλῶς
737 3921 882 3975 οὕτω
940 3922 1215 3990 κείμενον,
1246 3919 1411 3974 δώσει
1456 3937 1561 3985 σοι,
1594 3921 1683 3975 διὰ
1709 3922 1811 3992 τῆς

232 4032 249 4063 ι
301 4013 570 4083 τοιαύτης
596 4013 919 4083 ἐπαγωγῆς,
946 4012 1223 4083 ἀριδὴλως
1246 4011 1342 4065 καὶ
1372 4010 1561 4091 σαφῶς
1585 4012 1647 4064 τὸ
1674 4015 1811 4083 πρὸς

230 4124 248 4157 ι
301 4108 397 4161 τὸν
429 4106 655 4178 Πατέρα
679 4107 782 4174 τὴν
810 4105 983 4176 εὐχὴν
1013 4105 1288 4159 ποιεῖσθαι
1314 4103 1558 4158 διδάσκει
1589 4121 1672 4158 σε.
1714 4125 1733 4159 ι

816 4220 1212 4291 Ἀντίρῤησις.
1438 4186 1459 4213 κ

293 4313 460 4385 Παρὰ
517 4310 618 4365 τοῦ
666 4312 884 4384 Πατρὸς
950 4311 1352 4382 ἐκπορεύεσθαι
1387 4313 1451 4367 τὸ
1510 4313 1739 4384 Πνεῦμα
1781 4313 1809 4366 6

221 4404 376 4473 ἅγιος
394 4404 528 4474 ἔφη,
550 4404 645 4457 καὶ
675 4404 745 4456 σὺ
768 4396 1082 4474 προστίθεις
1109 4401 1197 4468 τὸ,
1234 4423 1254 4454 ι
1286 4405 1363 4475 μὴ
1386 4406 1452 4458 ἐκ
1478 4404 1572 4458 τοῦ
1605 4405 1760 4459 Υἱοΰ.
1783 4423 1802 4458 ι

1204 368 1288 428 IN
1329 365 1721 427 CAMATERI
1762 367 2520 454 AN’IMADVERSIUNES.

1863 488 1911 540 A

1832 3186 1882 3249 (ἶ

3409 374 3518 440 606

2583 485 2874 557 "eiulatio.

2001 575 2155 642 Quod
2210 578 2305 632 tibi
2357 578 2659 633 dilucidum
2698 580 2912 635 videtur
2956 579 3010 634 in
3065 581 3168 637 bac
3230 597 3512 652 βοηθοίη»,

1937 679 2204 736 praesente
2235 668 2569 724 refutatione
2631 672 2919 726 refellitur.
2959 669 3208 741 Namque
3263 674 3509 730 asseris:

1939 760 1995 813 Si
2062 761 2529 831 comprogreditnr
2587 761 2725 815 Filio
2779 761 3051 830 Spiritus,
3110 765 3387 832 quomodo
3462 774 3517 819 et

1931 849 2153 919 quando
2224 866 2290 904 ex
2323 867 2410 915 eo,
2452 868 2577 906 eum
2605 868 2712 920 quo
2769 853 2931 907 simul
2965 855 3345 925 progreditur,
3387 870 3516 925 pro-

1931 941 2116 996 cedit?
2145 941 2384 1009 ideoque
2415 942 2558 997 forte
2590 944 2685 997 tibi
2749 944 2965 998 videtur
2994 944 3138 999 haud
3180 947 3294 1000 lieri
3329 962 3513 1014 posse,

1930 1040 1990 1086 ut
2019 1047 2142 1086 cum
2172 1032 2309 1087 Filio
2341 1033 2411 1089 sit
2438 1034 2698 1104 Spiritus,
2744 1045 2798 1089 et
2834 1050 2898 1089 ex
2951 1035 3091 1090 Filio
3121 1053 3137 1101 ;
3178 1038 3271 1091 sed
3305 1053 3369 1093 os
3415 1038 3511 1092 tibi

1928 1127 2194 1192 obstruct,
2248 1128 2339 1198 qui
2393 1128 2826 1200 inter-rogaverit,
2855 1129 3143 1196 Quomodo
3191 1138 3246 1185 et
3296 1132 3514 1199 quando

1930 1233 2026 1287 per
2060 1218 2278 1284 Filium,
2337 1236 2461 1275 eum
2497 1238 2607 1288 quo
2657 1222 3026 1291 progreditur,
3075 1222 3364 1290 procedit?
3405 1221 3513 1275 Ne—

1927 1324 2035 1378 que
2060 1312 2205 1365 enim
2230 1311 2440 1367 inﬁcias
2472 1313 2655 1377 iveris,
2686 1326 2812 1368 cum
2845 1329 2939 1380 per
2970 1311 3166 1366 Filium
3191 1313 3508 1380 procedere,

1928 1401 2147 1456 tandem
2176 1418 2241 1457 ex
2292 1413 2381 1458 tua
2442 1405 2803 1473 responsione
2837 1403 3102 1466 rationes,
3154 1418 3254 1456 nec
3290 1403 3511 1457 aliunde

1926 1492 2125 1561 petitas
2152 1495 2463 1562 usurpabit,
2519 1505 2573 1550 et
2599 1511 2738 1565 quas
2788 1495 2983 1550 beatus
3013 1493 3421 1557 Tbeodoretus,
3456 1493 3509 1546 in

1922 1584 2032 1653 jam
2101 1586 2281 1641 allatis
2343 1587 2522 1641 verbis
2557 1588 2739 1643 attulit
2787 1603 2940 1642 :non
3002 1585 3307 1641 turbandus
3364 1599 3509 1649 esse,

1926 1679 2016 1747 qui
2047 1678 2277 1734 audiunt
2308 1694 2372 1733 ex
2415 1677 2596 1743 Patre,
2619 1688 2675 1735 et
2705 1693 2829 1733 cum
2866 1678 3029 1734 Patre
3079 1678 3317 1734 Verbum
3364 1691 3507 1730 esse.

1925 1769 2396 1834 Quemadmodum
2427 1771 2570 1825 enim
2605 1773 2659 1825 in
2708 1771 2816 1827 ill-is
2843 1779 3151 1825 coaeternus
3202 1768 3509 1823 ostenditur

1923 1861 2096 1916 Filius
2148 1844 2319 1928 Patri,
2355 1871 2407 1917 et
2457 1863 2665 1919 nullum
2727 1862 3046 1932 intelligitur
3083 1871 3321 1928 tempus.
3356 1858 3506 1926 quod

1922 1953 2121 2007 mediet
2153 1953 2295 2007 inter
2324 1966 2545 2008 causam
2584 1953 2824 2015 Patrem,
2881 1963 2936 2008 et
2970 1952 3168 2006 Filiqu
3193 1961 3505 2012 eausalum,

1920 2045 2037 2115 pari
2095 2046 2279 2109 modo,
2334 2052 2389 2100 et
2450 2044 2684 2114 Spiritus
2740 2055 3047 2101 eomteruus
3097 2059 3219 2099 esse
3270 2043 3509 2097 creditur

1920 2133 2082 2200 Filio,
2111 2142 2166 2188 et
2211 2134 2382 2201 Patri,
2441 2136 2765 2206 nullumque
2809 2144 3024 2205 tempus
3095 2133 3334 2188 medium
3385 2147 3509 2186 esse

1919 2228 2058 2283 inter
2114 2226 2294 2295 ipsum
2353 2235 2409 2283 et
2460 2226 2681 2292 Filium,
2732 2243 2856 2284 cum
2898 2227 3014 2297 ipse
3060 2241 3156 2296 per
3206 2224 3404 2279 Filium
3438 2239 3509 2278 ex

1922 2316 2087 2374 Patre
2128 2319 2413 2390 procedat.

2220 2425 2443 2482 DICTA
2481 2423 2837 2482 GREGORII
2879 2420 3218 2479 υιΑιοσι.

1919 2541 1979 2598 8.
2016 2541 2256 2613 Gregorii
2310 2540 2519 2613 Dialogi
2557 2556 2622 2595 ea:
2654 2540 2932 2613 Oratione,
2980 2556 3097 2609 quae
3148 2540 3205 2593 in
3257 2538 3342 2592 die
3370 2539 3504 2608 [esto

2415 2611 2753 2666 Pentecoste;
2785 2611 3000 2681 legitur.

1988 2811 2112 2865 M7.
2146 2829 2164 2863 ι
2198 2809 2572 2879 Cogitationes
2603 2820 2845 2876 nostras,
2876 2824 3215 2880 quaesumus,
3252 2807 3502 2873 Domine,

1920 2919 1939 2954 ι
1986 2902 2224 2967 Spiritus
2251 2909 2497 2965 sanctus,
2525 2899 2616 2969 qui
2666 2915 2697 2953 a
2727 2909 2778 2955 te
2826 2899 3111 2969 procedit,
3136 2899 3422 2960 illumiuet,
3452 2905 3508 2952 et

1922 3013 1938 3044 ι
1977 2994 2242 3062 producat
2292 2992 2349 3047 in
2415 3006 2658 3055 omnem,
2718 3000 2779 3046 ut
2836 3000 2965 3048 tuus
2997 2992 3247 3063 promisit
3298 2990 3495 3054 Filius,

1921 3103 1941 3139 ι
1979 3086 2285 3141 veritatem.
2322 3105 2341 3139 ι

2502 3179 2925 3236 Animadversio.

1994 3293 2013 3326 ‹
2054 3275 2122 3329 Ει
2177 3275 2222 3330 si
2275 3274 2464 3331 nullus
2514 3275 2677 3340 alius,
2721 3274 2809 3328 hic
2841 3273 3033 3327 saltem
3077 3272 3296 3327 divinus
3347 3270 3505 3326 Pater

1922 3389 1940 3421 ι
1989 3369 2336 3439 persuadeat,
2383 3385 2508 3425 eum
2560 3368 2759 3424 asserit
2798 3366 3061 3436 Spiritum
3095 3382 3161 3421 ex
3216 3364 3359 3420 Filio
3393 3381 3500 3419 non

1922 3483 1940 3515 ι
1979 3464 2293 3535 procedere,
2331 3465 2424 3534 qui
2456 3471 2699 3518 vestrum
2756 3475 2983 3530 prorsus
3035 3474 3259 3529 germen
3312 3470 3415 3520 est.
3450 3466 3504 3512 et

1923 3578 1941 3610 ι
1983 3557 2330 3627 indigena,et
2362 3555 2585 3619 veteris,
2616 3568 2741 3623 qua}
2783 3552 2977 3606 Romae
3007 3559 3113 3614 est,
3156 3560 3360 3605 saneta:
3403 3549 3504 3604 Ec-

1923 3669 1940 3701 ι
1974 3648 2155 3704 clesiaa
2184 3645 2560 3716 arcliipraesul.
2594 3643 2709 3698 Hoc
2742 3658 2869 3696 vero
2898 3643 3076 3710 palam
3119 3641 3244 3694 inde
3264 3640 3500 3702 elicitur,

1920 3759 1940 3793 ι
1977 3743 2105 3797 dum
2130 3749 2357 3796 sanctus
2387 3736 2542 3802 illud,
2568 3736 2660 3791 Uti
2702 3745 2830 3790 tuus
2860 3733 3031 3788 Filius
3072 3732 3343 3802 promisit,
3375 3733 3504 3786 snb-

1921 3850 1940 3883 ι
1974 3830 2177 3886 intulit.
2199 3828 2276 3884 Ne
2304 3829 2449 3883 enim
2483 3826 2578 3882 tibi
2610 3824 2978 3881 contentionis
3009 3837 3200 3877 ansam
3234 3822 3502 3891 praeberet

1920 3940 1938 3974 ι
1977 3923 2132 3990 illud,
2167 3920 2419 3984 Domine,
2449 3918 2597 3973 nude
2645 3916 2911 3987 prolatum
2968 3929 3031 3969 ac
3080 3913 3342 3983 positum,
3399 3912 3502 3966 bac

1923 4034 1941 4066 ‹
1983 4013 2292 4081 adjectione
2319 4009 2611 4067 manifesto
2653 4009 2908 4077 clareque
2942 4007 3009 4062 ad
3040 4004 3258 4060 Patrem
3308 4017 3500 4074 preca-

1921 4124 1940 4157 ι
1978 4104 2186 4160 tionem
2204 4103 2465 4174 dirigere,
2499 4100 2679 4156 docet.
2728 4116 2747 4151 ι

2554 4213 2847 4282 Refutatia.

1983 4313 2030 4366 A
2061 4309 2222 4366 Patre
2253 4308 2514 4380 Spiritum
2538 4306 2836 4376 procedere
2875 4310 3099 4356 sanctus
3151 4300 3406 4365 asseruit,
3443 4308 3500 4354 tu

1913 4417 2044 4458 vero
2075 4401 2230 4457 addis
2280 4401 2350 4455 de
2375 4407 2490 4461 tuo,
2543 4414 2563 4449 ‹
2603 4411 2717 4451 non
2751 4410 2817 4448 ea:
2844 4392 3012 4447 Filio.
3058 4411 3075 4445 ι
3113 4392 3500 4447 Vertnntamen

232 4498 377 4553 Ἀλλ’
413 4497 526 4551 ἴσθι
574 4496 651 4560 ὡς
675 4497 706 4548 6
751 4496 929 4565 λέγων
969 4498 1034 4549 ἐκ
1081 4496 1176 4549 τοῦ
1213 4495 1427 4566 Πατρὺς
1460 4497 1611 4550 αὐτδ’
1645 4499 1811 4551 ἐκπο-

1931 4493 2054 4549 ίοίιο
2086 4503 2421 4547 asserenlem
2447 4505 2512 4544 ex
2554 4488 2711 4542 Patre
2743 4486 3009 4561 Spiritum
3044 4485 3361 4553 procedere,
3391 4497 3497 4535 non

222 4590 507 4662 ρεύεσθαι,
563 4589 664 4643 οὐκ
716 4588 933 4658 ἀναιρεί
966 4587 1067 4654 τὸ,
1125 4587 1206 4643 Δι’
1275 4588 1396 4643 Υίοῦ
1448 4589 1582 4643 αὐτὸ
1642 4590 1812 4644 ἐκπό-

219 4680 506 4751 ρεύεσθαι,
542 4679 632 4733 διὰ
666 4678 727 4732 τὺ
773 4678 849 4751 μὴ
906 4666 1401 4743 δύνασθαι’ἇλλως
1456 4678 1699 4733 νοεῖσθαι
1752 4679 1814 4732 τὸ

219 4772 330 4826 τῶν
361 4771 539 4842 τριῶν
575 4770 807 4840 συνεχές
838 4787 897 4822 τε
940 4770 1034 4823 καὶ
1093 4769 1369 4839 συμφυές.
1406 4770 1468 4822 Εἰ
1511 4769 1568 4823 δὲ
1611 4771 1720 4822 πᾶν
1751 4769 1814 4822 τὸ

219 4867 284 4919 ἐκ
313 4864 533 4934 [ἰατρὸς
559 4864 630 4917 δι’
674 4862 806 4917 Υἱοῦ
839 4862 899 4928 ἐξ
928 4865 1132 4931 ἀμφοῖν
1159 4864 1305 4925 ἐστι,
1336 4864 1672 4932 σκιαμαχεῖν
1702 4861 1812 4916 ἴσθι

218 4960 347 5022 τοὺς
366 4956 756 5026 ἀντιλέγοντας
776 4957 889 5018 τοῖς
906 4955 971 5007 ἐκ
987 4956 1198 5024 Πατρδς
1229 4954 1324 5007 καὶ
1342 4952 1473 5007 Υίοῦ
1502 4952 1812 5023 τδἹΙνεῧμα

219 5046 480 5115 λέγουσιν
511 5045 939 5116 ἐκπορεύεσθαι,
981 5042 1071 5096 διὰ
1117 5044 1180 5096 τὸ
1239 5043 1305 5096 ἐκ
1339 5043 1552 5113 Πατρὸς
1581 5041 1648 5095 δι’
1678 5040 1809 5096 Υἰοῦ

221 5140 355 5193 αὐτὸ
384 5138 813 5207 ἐκπορεύεσθαι.

296 5253 412 5311 Τοῦ
442 5252 633 5308 αὐτοῦ
656 5253 727 5306 ἐκ
752 5250 860 5307 τοῦ
888 5250 1106 5317 τέλους
1134 5247 1255 5318 τῆς,
1278 5250 1501 5314 βίϐλου
1529 5250 1738 5304 αὑτοῦ.

296 5347 487 5402 PAH'.
537 5364 555 5398 ι
592 5345 666 5397 Τὸ
697 5344 1055 5416 Παράκλητον
1092 5341 1317 5411 Πνεῦμα
1347 5344 1413 5395 ἐκ
1445 5342 1538 5395 τοῦ
1601 5343 1812 5414 Πατρὺς

230 5458 250 5491 ι
289 5439 651 5510 προέρχεται,
687 5437 784 5490 καὶ
816 5437 875 5488 ἐν
917 5435 996 5503 τῷ
1035 5434 1152 5505 Υίῷ
1179 5433 1449 5504 διαμένει.
1483 5453 1504 5484 ι

789 5526 1175 5583 Ἐπιστασία.

298 5648 318 5680 ι
366 5627 574 5679 Ἄκουε
607 5622 723 5686 πῶς
764 5619 1049 5676 κάνταῦθα
1074 5621 1103 5672 6
1136 5618 1309 5689 μέγας
1353 5617 1452 5688 τῆς
1521 5617 1809 5687 Ῥωμαίων

239 5743 256 5772 ι
298 5713 456 5781 οὗτος
491 5718 722 5787 φωστὴρ
761 5717 825 5769 ἐκ
858 5712 955 5766 τοῦ
1014 5711 1231 5782 Πατρὸς
1288 5709 1690 5782 ἐκπορεύεσθαι
1726 5711 1808 5764 δι-

240 5835 258 5867 ι
302 5816 517 5882 δάσκει,
556 5815 614 5869 ἐν
664 5814 719 5866 δὲ
777 5810 853 5881 τῷ
905 5808 1015 5880 Υίῷ
1073 5806 1349 5878 διαμένειν
1383 5806 1442 5858 τὸ
1494 5803 1721 5876 Πνεῦμα
1750 5803 1809 5859 τὸ

1916 4584 2130 4638 inficias
2161 4584 2260 4649 ire,
2287 4597 2381 4651 per
2417 4579 2615 4635 Filium
2644 4579 2822 4647 ipsum
2857 4575 3173 4646 procedere,
3199 4572 3345 4642 quod
3377 4570 3498 4625 ﬁeri

1917 4676 2125 4746 nequit,
2158 4687 2217 4729 ut
2269 4673 2424 4729 aliter
2463 4671 2796 4741 intelligatur
2847 4668 3011 4721 trium
3050 4664 3406 4727 eontinuitas,
3447 4671 3501 4736 et

1917 4768 1970 4822 in
1996 4780 2187 4823 natura
2221 4765 2590 4821 communitas
2628 4778 2690 4817 ac
2718 4762 2922 4817 unitas.
2954 4758 3106 4825 Quod
3144 4758 3191 4813 si
3226 4755 3499 4825 quidquid

1915 4874 1981 4913 ex
2023 4858 2183 4914 Patre
2213 4870 2295 4913 est
2323 4873 2416 4927 per
2442 4855 2665 4920 Filium,
2707 4870 2775 4909 ex
2805 4862 3037 4922 utroque
3071 4860 3178 4915 est,
3209 4849 3347 4904 scito
3372 4863 3496 4902 cum

1868 4986 1871 4993 η
1916 4951 2109 5006 umbra
2142 4949 2425 5021 digladiari
2473 4964 2538 5003 ac
2577 4950 2891 5016 depugnare
2943 4958 3060 5004 eos,
3108 4942 3201 5010 qui
3227 4938 3501 4994 contradi-

1915 5052 2048 5099 cunt
2079 5042 2389 5097 dicentibus
2418 5057 2482 5095 ex
2520 5038 2679 5092 Patre
2727 5048 2781 5093 et
2823 5032 2963 5089 Filio
3011 5032 3277 5103 Spiritum
3313 5043 3501 5099 proce-

1915 5135 2064 5199 dere,
2094 5135 2224 5190 dutn
2260 5133 2347 5188 ille
2379 5148 2444 5186 ex
2486 5133 2645 5186 Patre
2684 5144 2781 5199 per
2810 5127 3006 5182 Filium
3031 5125 3296 5196 procedit.

2398 5245 2480 5300 Ea:
2517 5247 2620 5315 ﬁne
2653 5244 2885 5314 ejusdem
2911 5242 3055 5296 libri.

1984 5344 2108 5400 148.
2148 5362 2167 5395 ι
2211 5342 2524 5397 Paracletus
2559 5340 2795 5410 Spiritus
2828 5354 2895 5393 ex
2926 5339 3085 5392 Patre
3127 5332 3497 5405 progreditur,

1921 5457 1940 5489 ι
1974 5446 2028 5494 et
2059 5438 2111 5492 in
2144 5433 2283 5489 Filio
2321 5444 2625 5504 permanet.
2675 5451 2694 5484 ›

2500 5524 2925 5580 Ληὶηιαάυενεὶο.

1991 5638 2009 5673 ι
2041 5621 2181 5675 Audi
2223 5619 2312 5674 bic
2332 5632 2553 5689 quoque
2605 5631 2866 5685 magnum
2919 5615 3021 5668 hoc
3073 5608 3330 5666 Ecclesiae
3381 5607 3490 5662 Ro-

1921 5732 1939 5765 ι
1978 5728 2153 5767 mana:
2180 5711 2385 5779 lumen,
2417 5726 2487 5766 ex
2518 5708 2678 5763 Patre
2706 5706 2968 5775 Spiritum
3006 5712 3257 5759 sanctum
3294 5715 3489 5771 procc-

1922 5825 1939 5859 ι
1978 5804 2128 5873 dere,
2160 5803 2213 5858 in
2237 5801 2378 5859 Filio
2431 5815 2557 5858 vero
2592 5810 2913 5870 permanere
2966 5794 3267 5852 insinuare.
3307 5792 3364 5848 Si
3391 5794 3494 5847 ita—
