3958 6464
438 376 540 437 607

1468 375 1681 436 JOAN.
1719 372 1931 436 VECCI
1974 373 2081 435 CP.
2126 371 2638 432 PATllIARCH.E

3582 368 3697 432 608

450 511 467 541 ι
497 506 626 560 que,
670 500 733 546 ut
766 499 822 547 tu
857 490 1018 554 dicis,
1054 489 1220 546 etiam
1266 505 1333 544 ex
1373 489 1516 546 Filio
1550 489 1819 561 procedit,
1864 504 2027 559 quam

2204 486 2380 554 ἅγιον.
2416 487 2477 540 Ei
2510 487 2661 555 γοῦν,
2685 486 2760 549 ὡς
2789 484 2852 539 σὺ
2883 485 3011 556 φῂς,
3036 485 3130 539 καὶ
3162 486 3227 538 ἑκ
3255 483 3349 537 τοῦ
3378 483 3511 538 Υῑοῦ
3542 486 3716 540 ἐκπο-

449 602 466 631 ι
501 584 572 636 ob
598 597 819 638 causam
855 581 906 637 id
936 580 1154 637 divinus
1192 582 1284 638 hic
1312 581 1505 637 doctor
1546 581 1766 638 silentio
1804 590 2023 650 praeter-

450 692 469 725 ι
512 675 611 729 iit?
645 694 665 728 ι

1082 764 1383 835 Relutatt'o.

514 854 593 910 Ne
624 856 677 910 id
709 855 1045 915 consideres.
1087 857 1131 911 si
1177 861 1344 910 etiam
1377 870 1439 908 ex
1472 854 1609 909 Filio
1636 853 1875 923 Spiritus
1903 868 2029 923 pro-

342 986 355 1005 .
441 947 604 1008 cedit,
639 962 810 1017 quare
830 946 884 1001 id
934 947 1152 1019 divinus
1208 947 1295 1002 hic
1326 947 1519 1001 doctor
1562 945 1780 1000 silentio
1808 955 2028 1015 practer-

444 1036 525 1091 iit.
584 1034 643 1090 ιιι
697 1036 933 1093 diversis
990 1037 1262 1105 siquidem
1332 1039 1538 1092 nostris
1593 1035 2026 1091 refutationibus

443 1125 675 1196 hujusce
703 1140 871 1181 causa
896 1126 1170 1196 assignata
1199 1134 1302 1181 est.
1325 1125 1432 1182 Sed
1460 1125 1589 1181 illud
1622 1125 1809 1180 animo
1838 1135 2027 1196 aperto

441 1216 664 1281 volvito,
718 1216 864 1286 quod
893 1255 907 1278 ,
964 1216 1108 1286 quod
1173 1217 1261 1272 bic
1316 1217 1518 1272 dicitur
1563 1217 1812 1288 prodire,
1848 1225 1899 1270 te
1932 1230 2029 1285 per

443 1308 671 1363 verbum
695 1308 977 1375 procedere
1015 1310 1376 1378 expressisse.
1422 1308 1603 1376 Quare
1626 1309 1723 1364 tibi
1757 1309 1809 1363 in
1839 1316 2025 1378 poste-

441 1414 564 1454 rum
616 1399 700 1454 fas
739 1414 848 1454 non
906 1398 1090 1465 fuerit,
1130 1400 1426 1457 discrimen
1462 1400 1682 1471 aliquod
1717 1401 1861 1457 inter
1902 1417 2029 1471 pro-

444 1491 593 1560 gredi
621 1499 676 1547 et
705 1490 990 1561 procedere
1014 1491 1069 1546 in
1102 1495 1493 1565 progressione
1548 1493 1789 1564 Spiritus
1818 1492 2028 1549 consti-

445 1595 622 1641 tuere.

903 1675 1329 1733 AUGUSTINI
1361 1675 1606 1734 DICTA.

2136 596 2155 629 ι
2209 581 2443 648 ρεύεται,
2481 580 2599 643 πῶς
2644 579 2804 633 τοῦτο
2862 577 3290 650 παρεσιώπησεν
3318 578 3346 630 δ
3372 577 3516 641 θεῖος
3547 571 3707 642 οὗτος

2136 689 2153 721 ι
2200 670 2560 736 διδάσκαλος;
2610 689 2629 722 ι

2727 763 3123 832 ’Δντίῤῥσισιᾳ

2200 853 2293 921 Μὴ
2322 851 2484 906 τοῦτο
2516 853 2843 917 σκόπειηῶς
2877 851 3038 921 εἴπερ
3063 851 3162 904 καὶ⁸
3185 850 3251 904 ὲκ
3299 850 3395 905 τοῦ
3426 851 3564 905 Υἱοῦ
3613 853 3715 904 ὲκ-

2129 946 2424 1013 πορεύεται
2449 945 2510 998 τὸ
2561 945 2809 1015 Πνεῦμα,
2862 947 2979 1008 πῶς
3006 943 3168 998 τοῦτο
3219 942 3653 1014 παρεσιὼπησεν
3683 944 3718 996 ὁ

2129 1035 2274 1098 θεῖος
2325 1029 2483 1095 οὗτος
2528 1034 2873 1098 διδάσκαλος.
2917 1035 3006 1087 Ἐν
3065 1033 3176 1105 γὰρ
3227 1033 3503 1103 διαφόροις
3548 1032 3718 1103 ἡμῶν

2128 1126 2517 1199 ἀντιρῤήσεσιν
2550 1129 2578 1180 δ
2624 1129 2754 1198 περὶ
2801 1125 2993 1180 τούτου
3049 1124 3210 1195 λόγος
3242 1124 3399 1195 ἐδόθη
3432 1142 3537 1189 σοι,
3574 1121 3719 1179 ἀλλὰ

2128 1217 2364 1287 πρόσεχε
2391 1217 2637 1288 ἀκριϐῶς
2665 1218 2749 1272 ὅτι
2780 1216 2843 1271 τὸ
2870 1217 3228 1285 προέρχεται
3260 1214 3497 1270 ἐνταῦθα
3521 1212 3716 1269 ἐπίπο-

2119 1310 2362 1380 petierat
2405 1304 2566 1374 εἶπας
2616 1309 2801 1373 αὐτός.
2844 1309 2956 1364 Καὶ
2987 1308 3172 1363 οὐκέτι
3226 1324 3310 1361 σοι
3341 1306 3561 1373 ἐξέσται
3595 1309 3723 1360 δια-

2130 1401 2305 1473 φορὰν
2337 1401 2519 1472 λέγειν
2546 1402 2642 1455 τοῦ
2676 1402 3117 1470 ἐκπορεύεσθαι
3177 1401 3274 1454 καὶ
3303 1398 3716 1469 προέρχεσθαι

2130 1495 2227 1548 επὶ
2252 1496 2322 1566 τῇ
2357 1494 2570 1567 προόδῳ
2601 1494 2696 1548 τοῦ
2727 1493 3069 1565 Πνεύματος.

2472 1678 2569 1734 PH
2570 1680 2746 1734 ΣΕΙΣ
2792 1680 3245 1735 ΔΥΓΟΥΣΤῙΝΟ
3255 1679 3320 1733 Υ.

445 1786 632 1844 Sancti
674 1788 961 1858 Augustini
996 1789 1272 1879 ex‘libro‘,
1306 1789 1410 1879 qui.
1442 1787 1788 1845 Enchiridion
1818 1805 2023 1845 nuncu-

2157 1788 2248 1845 Γοῦ
2278 1791 2484 1879 ’ἁγίου
2522 1793 2956 1879 Αὐγρυστῐηου
2994 1792 3122 1879 (ὶπέ
3148 1786 3269 1879 r037-
3299 1790 3550 1879 βιϐλίου
3608 1789 3723 1879 τξῦ

1002 1867 1186 1928 patur.
1216 1859 1355 1930 Cap.
1389 1860 1415 1913 ‘l
1428 1898 1443 1914 .

519 1991 753 2049 CXLIX.
774 2012 793 2046 ι
827 1990 975 2049 Satis
996 2002 1080 2048 est
1105 1992 1421 2048 Christiano
1445 2009 1626 2049 rerum
1651 2003 2026 2049 creaturarum

453 2102 473 2135 ι
512 2098 759 2147 causam,
795 2085 912 2139 sive
966 2084 1295 2150 caelestium,
1339 2084 1456 2140 sive
1508 2089 1876 2149 terrestrium,
1913 2087 2031 2140 sive

454 2194 473 2227 ι
514 2175 840 2239 visibilium.
888 2177 1005 2231 sive
1049 2176 1433 2242 invisibilium,
1476 2176 1695 2232 nonnisi
1727 2175 2030 2231 bonitatem

453 2283 471 2316 ι
520 2265 747 2320 credere
803 2264 1105 2328 Creatoris,
1144 2266 1235 2335 qui
1272 2281 1415 2321 unus
1447 2275 1501 2321 et
1523 2280 1686 2322 verus
1716 2275 1800 2321 est
1840 2266 1980 2321 Deus
2012 2282 2029 2322 :

457 2376 477 2408 ι
518 2356 833 2428 nullamque
892 2372 1015 2413 esse
1075 2368 1348 2424 naturam,
1377 2373 1499 2428 quae
1534 2374 1641 2413 non
1671 2367 1766 2413 aut
1803 2358 1918 2429 ipse
1940 2361 2031 2426 sit,

457 2467 477 2500 ι
513 2456 608 2504 aut
653 2450 723 2504 ab
776 2450 934 2519 ipso:
974 2464 1215 2519 eumque
1260 2465 1390 2505 esse
1419 2450 1769 2514 Trinitatem,
1816 2451 2033 2507 Patrem

455 2559 475 2593 ι
528 2541 740 2597 scilicet
783 2552 838 2597 et
869 2540 1069 2597 Filium
1112 2556 1142 2596 a
1178 2539 1342 2596 Patre
1372 2542 1639 2611 genitum,
1672 2551 1727 2596 et
1766 2541 2033 2612 Spiritum

456 2651 474 2685 ι
516 2624 764 2688 sanctum
792 2636 862 2689 ab
891 2635 1081 2691 eodem
1121 2637 1289 2691 Patre
1318 2638 1725 2707 procedentem.
1766 2656 1785 2689 ι

1017 2824 1451 2881 Animadversio.
1946 2884 1953 2891 .

531 2927 550 2962 ι
589 2907 730 2975 Quid
763 2910 854 2966 hic
903 2911 1006 2977 ais,
1041 2915 1130 2983 qui
1166 2917 1368 2972 multas
1405 2918 1763 2977 sanctissimo
1807 2918 2038 2992 Spiritui

463 3018 482 3049 ι
519 3003 893 3069 processiones
918 3005 1209 3079 clargiris?
1237 3006 1443 3064 Vestrae
1468 3011 1647 3081 gregis
1678 3020 1731 3067 et
1760 3013 1847 3068 hic
1881 3028 2041 3083 pror-

462 3107 481 3140 ι
516 3105 612 3146 sus
641 3102 828 3160 pastor
863 3103 970 3149 est.
1000 3096 1140 3151 Audi
1185 3099 1377 3153 saltem
1413 3100 1579 3166 hunc,
1608 3102 1793 3169 sodes,
1825 3118 2040 3174 precor,

2261 1860 2592 1933 λεγομένου
2626 1860 3040 1931 Ἔγχειρίδιον.
3069 1861 3411 1930 Κεφάλαιον
3442 1867 3518 1912 a'.

2206 1995 2389 2051 PMB’.
2431 2012 2450 2047 ι
2514 1994 2772 2065 Ἀρκετόν
2821 1994 2938 2047 ἑστι
2972 1992 3048 2064 τῷ
3083 1990 3420 2062 Χριστιανῷ,
3455 1990 3566 2044 τῶν
3595 2007 3719 2042 κτι-

2139 2106 2158 2141 ι
2206 2088 2348 2142 στῶν
2385 2088 2729 2156 πραγμάτιον
2756 2088 2856 2156 τὴν
2880 2087 3083 2151 αἰτίαν,
3114 2086 3227 2138 εἴτε
3258 2085 3533 2154 οὐρανίων
3585 2081 3705 2134 εἴτε

2141 2198 2160 2232 ι
2205 2179 2488 2247 ἐπιγείων,
2544 2179 2657 2233 εἴτε
2687 2179 2900 2249 ὁρατῶν
2944 2178 3055 2231 εἴτε
3104 2177 3377 2249 ἀοράτων,
3432 2173 3713 2245 μηδεμίαν

2141 2289 2160 2323 ι
2207 2266 2371 2332 εἶναι,
2407 2269 2582 2338 ἀλλ’ἢ
2619 2270 2721 2338 τὴν
2752 2269 3066 2340 ἀγαθότητα
3103 2271 3385 2322 πιστεύειν
3412 2265 3512 2319 τοῦ
3557 2265 3723 2318 ἀκτισ

2141 2381 2162 2416 ι
2207 2380 2357 2429 στου,
2393 2362 2451 2425 ὃς
2501 2362 2618 2414 ἐστι
2675 2359 2807 2424 Θεὸς
2859 2361 3116 2432 ἀληθινὸς
3169 2356 3272 2425 εἷς,
3322 2361 3417 2413 καὶ
3451 2356 3724 2426 οὐδεμίαν

2144 2473 2164 2508 ι
2208 2451 2349 2509 εἶναι
2382 2455 2567 2526 φύσιν,
2596 2456 2718 2527 ἥτις
2742 2457 2775 2527 ἢ
2800 2457 2964 2518 αὐτὸς
2994 2456 3095 2509 οὐκ
3129 2455 3300 2515 ἐστιν,
3332 2453 3366 2523 ἢ
3399 2453 3498 2505 ἀπ’
3520 2448 3718 2514 αὑτοῦ,

2144 2567 2164 2601 ι
2208 2548 2372 2601 αὐτόν
2397 2558 2457 2601 τε
2488 2546 2630 2602 εἶναι
2661 2548 2895 2620 Τριάδα,
2927 2548 3149 2618 Πατέρα
3177 2546 3416 2619 δηλονότι
3451 2544 3552 2597 καὶ
3590 2542 3723 2596 rum

2145 2656 2165 2691 ι
2210 2641 2276 2693 ὲκ
2303 2640 2519 2709 Πατρὺς
2550 2641 2907 2711 γεννηθέντα,
2940 2644 3034 2694 καὶ
3065 2639 3293 2709 Πνεῦμα
3340 2636 3496 2706 ἅγιον
3527 2636 3589 2700 ἐξ
3623 2635 3724 2687 αὑ-

2145 2748 2167 2784 t
2202 2729 2296 2785 τοῦ
2328 2731 2424 2785 τοῦ
2457 2733 2671 2803 Πατρὸς
2701 2733 3155 2802 ἐκπορευόμενον.
3192 2751 3213 2784 ι

2741 2823 3116 2877 Ἐπιστασια.

2217 2928 2238 2964 ι
2287 2911 2353 2966 τι
2382 2910 2619 2981 λέγειςὸ
2652 2913 2753 2976 τὰς
2807 2913 3009 2977 πολλὰς
3068 2912 3426 2983 ὲκπορεύσεις
3478 2911 3556 2982 τῷ
3606 2927 3725 2966 πα·

2151 3022 2172 3057 ι
2209 3002 2384 3074 ναγῐῳ
2436 3003 2716 3075 Πνεύματι
2783 3003 2955 3057 θέλων
3013 3003 3376 3074 χαρίζεσθαις
3433 3003 3548 3072 Τῆς
3594 3003 3724 3056 καθ’

2152 3112 2171 3147 ι
2213 3095 2361 3165 ἡμᾶς
2394 3094 2597 3165 ἀγέλης
2625 3094 2845 3159 πάντως
2872 3094 3078 3166 ποιμὴν
3108 3095 3206 3148 καὶ
3236 3088 3411 3156 οὗτος.
3442 3094 3725 3148 Ἄκουσον

462 3200 481 3233 ι
528 3198 635 3237 non
668 3193 878 3240 tantum
905 3188 1229 3258 simpliciter
1255 3189 1521 3260 Spiritum
1552 3208 1619 3248 ex
1655 3192 1819 3249 Patre
1839 3210 2039 3265 proce-

2157 3198 2166 3238 t
2207 3187 2339 3255 γοῦν
2383 3186 2486 3241 κᾶν
2535 3187 2750 3253 τούτου,
2808 3187 3134 3258 παρακαλῶ,
3196 3190 3273 3259 μὴ
3327 3186 3491 3257 μόνον
3544 3186 3724 3247 οὕτως

465 3291 483 3323 ι
523 3273 651 3327 dere
706 3276 1047 3345 edocentem,
1101 3282 1196 3336 sed
1257 3283 1610 3353 adjicientem
1667 3293 1725 3340 et
1787 3287 1918 3341 illud
1968 3289 2038 3343 ab

467 3381 486 3415 ι
523 3366 713 3419 eodem
749 3384 764 3422 :
798 3367 924 3423 hinc
966 3370 1035 3424 ab
1069 3371 1179 3430 alio
1220 3375 1630 3442 prohibentem,
1684 3379 2041 3446 quemadmo-

467 3473 487 3507 ι
523 3456 652 3511 dum
693 3469 748 3514 et
780 3460 835 3515 in
859 3460 983 3516 aliis
1013 3477 1235 3534 quoque
1265 3465 1677 3524 adnotavimus.
1718 3488 1736 3520 ι

1104 3646 1406 3715 Refutatio.

535 3733 637 3790 Hie
685 3743 914 3792 sanctus
942 3752 1217 3806 asserens,
1249 3738 1517 3810 Spiritum
1548 3742 1619 3797 ab
1645 3744 1836 3800 eodem
1876 3745 2035 3802 Patre

464 3828 761 3897 procedere
804 3838 995 3898 aperte
1047 3831 1397 3897 constabilit,
1443 3832 1708 3904 Spiritum
1755 3851 1863 3891 non
1921 3853 2045 3894 esse

463 3934 529 3974 ex
562 3919 670 3977 alio
693 3919 985 3990 principio,
1036 3923 1184 3991 quod
1216 3924 1410 3980 alienae
1430 3927 1690 3982 essentia:
1723 3929 1795 3983 sit
1827 3946 1843 3983 :
1878 3929 2046 3998 idque

466 4009 794 4065 confirmant
846 4010 1012 4065 etiam
1073 4012 1141 4067 de
1184 4012 1325 4068 Filio
1377 4028 1688 4074 asserentes
1747 4017 1945 4074 Filium
1977 4036 2043 4076 es

465 4102 584 4155 solo
614 4100 796 4165 Patre,
833 4116 933 4156 nec
967 4103 1036 4157 ab
1058 4104 1169 4159 alio
1195 4119 1339 4173 esse;
1372 4122 1551 4179 neque
1608 4124 1674 4165 ex
1705 4110 1814 4166 alia
1853 4126 2045 4172 essen-

466 4193 564 4253 tia,
591 4200 688 4246 aut
736 4191 1019 4265 ltypostasi
1052 4198 1327 4267 prepriam
1357 4199 1560 4256 habere
1608 4201 2044 4259 subsietentiam.

467 4283 738 4338 Caeterum
793 4286 847 4338 in
905 4286 1033 4341 aliis
1084 4287 1224 4342 beati
1272 4289 1503 4362 hujusce
1552 4293 1854 4350 enuntiatis
1910 4295 2050 4353 scito

469 4379 760 4445 contineri,
807 4395 876 4434 ex
906 4377 1047 4435 Filio
1084 4379 1350 4452 Spiritum
1382 4384 1698 4454 procedere.

897 4589 1334 4647 HIERONYMI
1379 4590 1618 4648 DICTA.

473 4707 663 4761 Sancti
712 4704 1017 4760 Hierouumi
1047 4718 1112 4757 ea:
1162 4704 1489 4773 expositione
1534 4702 1772 4772 ngboli
1821 4707 1892 4759 ad
1941 4705 2049 4760 Da-

1144 4789 1372 4829 masum.

541 4885 650 4941 CL.
691 4903 710 4937 ι
765 4882 1055 4939 Credimus
1120 4884 1177 4936 in
1207 4880 1472 4951 Spiritum
1549 4894 1828 4950 sanctum,
1861 4902 2052 4940 verum

476 5000 495 5032 ι
542 4980 707 5032 Deum
738 4995 803 5033 ex
835 4977 997 5031 Patre
1028 4974 1437 5046 procedentem,
1470 4979 1737 5048 aequalem
1771 4981 1828 5035 in
1878 4982 2056 5036 omni-

473 5093 493 5127 ι
536 5074 638 5130 bus
664 5071 815 5128 Patri
844 5081 900 5128 et
925 5071 1089 5127 Filio.
1120 5092 1139 5125 ι

1053 5165 1477 5223 Animadversio.

550 5280 570 5313 ι
609 5260 861 5315 Salvator
909 5260 964 5314 in
1004 5258 1292 5331 Evangelia
1350 5256 1556 5324 docuit,
1608 5260 1661 5314 in
1699 5275 1797 5318 ore
1819 5261 2053 5316 duorum

480 5375 498 5407 ι
538 5357 622 5411 vel
668 5356 833 5410 trium
883 5357 1103 5412 testium
1147 5370 1271 5411 esse
1314 5370 1478 5411 omne
1535 5356 1762 5411 verbum
1799 5374 1814 5421 ;
1849 5367 1902 5410 ct
1953 5372 2054 5410 nos

482 5466 500 5498 ι
536 5449 605 5501 de
633 5446 971 5502 sanctissimi
1005 5446 1243 5515 Spiritus
1271 5462 1336 5501 ex
1360 5447 1478 5501 solo
1504 5444 1667 5500 Patre
1686 5448 2055 5515 processione,

480 5560 498 5589 ι
536 5549 615 5594 tot
660 5538 758 5594 tibi
793 5546 957 5595 testes
994 5538 1348 5604 adduximus,
1393 5538 1721 5605 tandemque
1748 5552 1813 5591 ex
1859 5536 2056 5590 vestris

485 5651 503 5682 ι
540 5631 852 5699 regionibus
909 5640 1038 5692 tres.
1075 5630 1169 5700 qui
1216 5640 1342 5687 ante
1371 5637 1452 5683 tot
1502 5629 1698 5695 saecula
1728 5627 2057 5697 praesulatus

489 5739 506 5771 ι
557 5722 819 5792 dignitate
849 5722 1188 5789 prmfnlsere.
1237 5721 1317 5776 Tu
1355 5736 1519 5792 porro
1553 5719 1656 5774 illis
1693 5718 1852 5774 ﬁdem
1899 5719 2055 5774 adbi-

488 5832 505 5862 ι
552 5814 707 5878 hens,
735 5815 814 5869 vel
861 5815 1215 5880 additioncm,
1253 5830 1375 5869 ultae
1419 5812 1693 5869 undenam
1747 5812 2051 5883 irrepserit,

2143 3295 2162 3330 ι
2209 3277 2394 3341 ἁπλῶς
2422 3280 2489 3332 ὲκ
2519 3278 2615 3332 τοῦ
2651 3280 2865 3351 Πατρδς
2916 3278 3318 3351 ἐκπορεύεσθαι
3366 3278 3429 3331 τὸ
3482 3276 3715 3345 Πνεῦμα

2144 3390 2164 3423 ι
2207 3370 2572 3435 διδάσκοντος,
2606 3370 2744 3424 ἀλλὰ
2775 3370 3171 3442 προστιθέντος
3204 3368 3388 3425 καὶτὸ
3437 3369 3499 3434 ἒξ
3524 3368 3720 3422 αὐτοῦ·

2146 3480 2167 3514 ι
2212 3460 2505 3517 κάντεῦθεν
2556 3460 2617 3514 τὸ
2663 3461 2721 3528 ἐξ
2770 3460 2960 3529 ἑτέρου
3012 3461 3478 3532 ἀπαγορεύοντος,
3533 3458 3724 3521 καθὼς

2146 3572 2166 3606 ι
2212 3558 2308 3633 καὶ
2332 3556 2388 3609 ὲν
2419 3553 2630 3625 ἑτέροις
2660 3554 2831 3623 ὲπεση
2845 3552 3226 3624 μειωσάμεθα.
3266 3570 3285 3606 ι

2742 3645 3142 3714 Ἀντιρῤησις.

2225 3735 2495 3791 Ἐνταῦθα
2524 3737 2622 3808 μὲν
2653 3737 2828 3805 λέγων
2852 3739 2881 3790 δ
2915 3737 3071 3804 ἃγιος
3100 3736 3164 3788 τὸ
3200 3733 3422 3806 Πνεῦμα
3457 3735 3517 3802 ἐξ
3536 3734 3721 3789 -αύτοῦ

2144 3828 2240 3883 τοῦ
2275 3829 2492 3899 Πατρὸς
2518 3828 2945 3902 ἐκπορεύεσθαι,
2981 3828 3319 3901 παρίστησιν
3353 3827 3608 3898 ὲναρχῶς
3640 3827 3716 3897 μὴ

2146 3921 2210 3973 ἐκ
2232 3938 2380 3984 τινος
2415 3920 2761 3991 ὲτεροουσιου
2784 3921 2845 3974 τὸ
2877 3919 3104 3989 Πνεῦμα
3137 3915 3283 3973 εῖναι
3327 3918 3527 3990 ἀρχῆς,
3572 3919 3716 3988 ὅπερ

2150 4015 2245 4067 καὶ
2276 4014 2407 4084 περὶ
2433 4015 2528 4068 τοῦ
2559 4014 2692 4069 Υἱοῦ
2721 4014 3066 4086 παριστῶσιν
3093 4015 3146 4068 οι
3167 4013 3425 4082 λέγοντες
3456 4015 3521 4066 ἐκ
3554 4012 3726 4083 μόνου

2148 4105 2242 4157 τοῦ
2276 4104 2489 4177 Πατρὺς
2550 4104 2641 4158 τὸν
2670 4105 2802 4158 Υεδν
2831 4100 2995 4168 εῖναι,
3026 4105 3122 4159 καὶ
3176 4105 3279 4158 οὐκ
3312 4104 3560 4165 ἄλλοθεν,
3598 4102 3727 4156 οὐδὲ

2150 4195 2212 4260 ἐξ
2235 4195 2430 4265 ἐτέρας
2476 4195 2624 4258 τινὸς
2667 4195 2925 4266 οὐσίαςῆ
2963 4195 3320 4258 ὑποστάσεως
3375 4194 3475 4265 τὴν
3518 4193 3733 4247 οἰκείαν

2153 4288 2321 4342 αὑτὸν
2351 4287 2501 4357 ἔχειν
2536 4287 2858 4342 ὑπόστασιν.
2906 4287 2996 4340 Ἐν
3025 4286 3217 4349 ἄλλαις
3242 4286 3302 4340 δὲ
3331 4286 3443 4339 τῶν
3473 4284 3572 4339 τοῦ
3625 4286 3733 4356 μάο

2154 4396 2327 4451 καρος
2377 4379 2566 4433 τούτου
2627 4379 2921 4449 θεολογιῶν
2953 4378 3063 4434 ῐσθι
3119 4380 3216 4433 καὶ
3269 4380 3335 4432 ἐκ
3368 4377 3477 4445 ,τοῦ
3506 4377 3642 4431 Υἰοῦ
3675 4376 3737 4430 τὺ

2155 4471 2384 4543 Πνεῦμα
2412 4472 2644 4540 λέγοντα
2673 4473 2838 4526 αὺτὸν
2867 4471 3285 4541 ἐκπορεύεσθαι.

2569 4587 2842 4641 ΡΗΣΕΙΣ
2879 4585 3126 4641 ἸΕΡΩΝ
3134 4587 3352 4641 ΥΜΟΥ.

2161 4705 2274 4761 Τοῦ
2324 4705 2498 4774 ἁγίου
2564 4706 2924 4771 Ἱερωνύμου
2975 4704 3044 4757 ἐκ
3102 4719 3213 4770 της
3245 4700 3397 4774 πρὸς
3450 4701 3736 4770 Δάμασον

2400 4775 2751 4845 ἐξηγήσεως
2777 4774 2887 4829 τοῦ
2920 4774 3095 4844 ἁγίου
3120 4772 3456 4843 Συμϐόλου.

2230 4891 2362 4950 PN'.
2402 4910 2422 4944 ι
2453 4889 2795 4958 Πιστεύομεν
2826 4890 2907 4951 εἰς
2963 4887 3023 4940 τὸ
3050 4885 3277 4955 Πνεῦμα
3293 4884 3352 4937 τὸ
3394 4884 3574 4951 ἅγιον,
3604 4883 3738 4935 Θεὸν

2160 5002 2179 5036 ι
2226 4980 2501 5052 ἀληθινὸν,
2569 4982 2634 5033 ὲκ
2666 4977 2882 5046 Πατρδς
2930 4977 3390 5046 ἐκπορευόμενον,
3444 4971 3560 5025 ῐσον
3595 4972 3737 5027 κατὰ

2160 5094 2178 5128 ι
2226 5074 2406 5130 πάντα
2435 5072 2513 5143 τῷ
2550 5070 2732 5142 Πατρὶ
2762 5069 2861 5123 καὶ
2897 5068 2976 5139 τῷ
3001 5067 3142 5137 Υῐῷ.
3186 5084 3206 5119 ι

2768 5162 3148 5220 Ἐπιστασία.

2232 5278 2254 5311 ‹
2297 5258 2405 5312 Τοῦ
2434 5258 2689 5328 Σωτῆρος
2721 5258 2780 5309 ὲν
2813 5257 3173 5324 Εὖαγγελίοις
3218 5257 3533 5324 διδᾶξαντος
3590 5256 3737 5311 ἐνώ-

2163 5374 2181 5406 ι
2223 5371 2348 5408 πιον
2376 5352 2470 5406 δύο
2502 5352 2536 5424 ἢ
2565 5349 2734 5422 τριῶν
2774 5349 3071 5422 μαρτύρων
3112 5353 3267 5422 ῥῆμα
3308 5354 3418 5406 πᾶν
3445 5351 3732 5406 ἵστασθαι·

2163 5469 2183 5501 ι
2226 5450 2258 5517 ἡ
2269 5448 2385 5519 μῶν
2408 5446 2466 5502 δὲ
2492 5448 2783 5509 τοσούτους
2806 5445 3261 5516 παρεισαγὸντων
3291 5462 3377 5498 σοι
3426 5444 3733 5514 μάρτυρας,

2162 5559 2180 5591 ι
2227 5537 2479 5609 περὶτῆς
2504 5538 2601 5592 τοῦ
2653 5537 2923 5605 παναγίου
2954 5535 3273 5605 Πνεύματος
3324 5537 3388 5589 ἐκ
3422 5536 3588 5606 μόνου
3642 5535 3735 5588 τοῦ

2163 5652 2181 5683 ι
2227 5630 2436 5701 Πατρδς
2458 5626 2863 5697 ἐκπορεύσεως,
2889 5626 3025 5690 τέως
3059 5625 3116 5680 δὲ
3149 5628 3244 5679 καὶ
3275 5630 3423 5695 τρεῖς
3448 5627 3735 5696 ὑμετέρων

2164 5743 2181 5774 ι
2229 5723 2423 5793 χωρῶν
2447 5719 2555 5790 πρὸ
2579 5722 2748 5774 τόσων
2785 5718 3219 5790 ἀμνημονεύτων
3272 5719 3410 5773 ἑτῶν
3475 5720 3733 5789 ἀρχιερα-

2165 5835 2181 5868 ι
2224 5813 2604 5883 τεύσαντας,ἦ
2658 5811 2873 5878 τούτοις
2915 5811 3185 5883 πεισθεὶς,
3247 5812 3348 5867 τοῦ
3384 5812 3534 5885 ἱεροῦ
3578 5813 3723 5882 Σνμο
