3958 6470
248 391 376 458 δ’ἔῦ

1236 393 1320 457 ΙΝ
1354 395 1750 458 CAMATERI
1790 397 2547 461 ANIMADVERSIONES.

3439 404 3549 470 620

256 523 281 557 ι
336 500 503 556 δόλου
532 500 630 574 τὴν
660 500 765 556 οὐκ
791 498 913 558 οῖδα
933 503 1099 559 πόθεν
1126 502 1160 577 ἢ
1191 505 1344 577 παρὰ
1378 505 1528 571 τίνος
1574 523 1846 579 παρεντε·

1962 526 1977 559 ι
2024 521 2120 563 aut
2157 525 2188 564 a
2225 523 2336 578 quo
2377 509 2591 565 intrusa
2644 506 2813 564 fuerit
2840 508 3002 581 plane
3056 510 3272 582 ignoro,
3323 526 3355 567 e
3383 528 3544 569 sacro

255 615 279 648 σ
344 596 540 650 θεῖσαν
572 593 899 668 προσθήκην
927 594 1156 662 ὑπέξελε
1182 611 1198 627 ·
1232 598 1332 651 καὶ
1359 596 1523 668 δεῦρο
1556 599 1688 663 στὰς
1723 599 1844 669 μεθ’

262 705 289 740 ι
341 686 506 758 ἡμῶν
539 685 852 756 σύμψαλλε,
883 687 1069 751 καθὼς
1104 688 1216 744 ἀπὸ
1245 689 1355 744 τῶν
1384 688 1546 744 θείων
1576 690 1846 760 Πατέρων

255 799 280 833 ι
331 778 473 834 αὐτὸ
534 778 955 851 παρελάϐομενο
1014 781 1049 852 ἢ
1106 780 1280 848 δεῖξον
1309 782 1474 846 αὐτὸς
1533 783 1667 855 ἡμῖν
1696 784 1852 848 τινὰς

255 887 278 922 ι
330 870 447 923 τῶν
470 868 573 939 τῆς
599 870 883 935 εὐσεϐείας
903 871 1182 943 κηρύκων,
1212 873 1310 926 καλ⁸
1329 872 1526 926 κοινῶν
1557 875 1655 942 τῆς
1673 874 1856 928 οἰκου-

256 980 279 1015 ι
332 960 508 1031 μένης
542 961 870 1033 φωστήρων,
896 963 989 1016 καὶ
1010 963 1348 1017 διδασκάλων
1403 965 1533 1035 περὶ
1559 965 1660 1032 τῆς
1688 982 1858 1037 προσ-

261 1071 282 1105 ι
320 1051 721 1124 θήκηςταύτης
738 1054 988 1126 φανερῶς
1005 1058 1098 1109 καὶ
1117 1056 1298 1124 σαφῶς
1316 1057 1749 1124 δυγματισαντας
1761 1057 1856 1110 καὶ

266 1159 286 1192 ι
331 1140 682 1206 διδάξαντας,
719 1141 815 1194 καὶ
864 1142 1166 1211 τηνικαῦτα
1194 1145 1295 1214 τὴν
1318 1138 1490 1215 ἧτταν
1512 1144 1849 1218 ὁμολογήσο-

257 1250 279 1284 s
332 1249 462 1303 μεν,
501 1232 595 1287 καὶ
622 1233 965 1303 φιλαδέλφως
997 1252 1080 1289 σοι
1109 1240 1589 1308 σνμφρονήσομεν.
1629 1256 1649 1291 ι

878 1433 1283 1503 Ἀντίρῤησιςο

339 1526 581 1592 ’Δδικεῖς
602 1525 706 1598 τὴν
740 1524 1025 1598 ἀλήθειαν,
1057 1527 1338 1600 ἄνθρωπε,
1377 1526 1615 1593 πολλοὺς
1669 1527 1848 1596 λέγων

255 1620 634 1692 παρεισάγειν
665 1618 795 1682 τοὺς
826 1619 1116 1691 μάρτυρας
1195 1621 1326 1693 περὶ
1377 1622 1475 1689 τῆς
1526 1619 1621 1673 τοῦ
1675 1636 1852 1676 πανα-

256 1712 382 1782 γὶου
414 1711 737 1782 Πνεύματος
767 1712 832 1764 ὲκ
867 1709 1032 1780 μόνον
1062 1708 1157 1764 τοῦ
1185 1710 1400 1781 Πατρὸς
1430 1711 1846 1783 ἐκπορεύσεως.

255 1803 455 1868 οὐδεὶς
483 1804 597 1875 γὰρ
620 1801 731 1857 τῶν
785 1802 960 1871 ἁγίων
1019 1804 1213 1875 εἴρηκε
1261 1805 1346 1868 τὸ,
1383 1806 1447 1856 ἐκ
1476 1806 1665 1874 μόνον.
1705 1804 1848 1858 Ἀλλ’

255 1896 309 1948 εί
346 1895 445 1948 καὶ
470 1893 666 1965 μηδεὶς
691 1892 806 1947 τῶν
835 1893 1010 1962 ἁγίων
1039 1894 1105 1947 ἐκ
1138 1893 1303 1964 μόνου
1357 1892 1453 1947 τοῦ
1501 1894 1715 1966 Πατρδς
1746 1896 1845 1950 ὲκ-

254 1984 606 2057 πορεύεσθαι
632 1984 849 2057 εἴρηκε,
872 1987 937 2038 ἐκ
979 1984 1149 2054 μόνον
1172 1984 1270 2038 τοῦ
1308 1984 1522 2056 Πατρδς
1548 1985 1848 2057 ὑπάρχειν,

254 2077 293 2148 ἢ
337 2076 639 2145 πηγάζειν,
690 2076 725 2147 ἦ
784 2075 1116 2140 άναϐλύζειν
1165 2077 1227 2130 τὸ
1272 2077 1537 2147 Πνεῦμα·
1589 2078 1751 2150 ειπερ
1797 2079 1850 2133 οἱ

256 2167 656 2238 προστιθέντες
688 2167 852 2239 ὑμεῖς
905 2168 1052 2222 κατὰ
1080 2166 1311 2239 γνώμην
1368 2167 1504 2240 εὑθῆ
1533 2172 1632 2226 καὶ
1681 2171 1845 2228 άδιάο

258 2274 507 2330 στροφον
552 2258 632 2320 εἰς
664 2257 768 2330 τὴν
802 2256 1014 2312 ἔννοιαν
1048 2260 1211 2312 τοῦτο
1273 2258 1707 2331 ὲξελαμϐάνεσθε
1748 2263 1849 2333 τῆς

254 2349 534 2421 ρηθείσης
568 2350 721 2421 παρὰ
774 2349 871 2403 τοῦ
902 2350 1145 2421 μεγάλου
1203 2352 1485 2406 Βασιλείου
1533 2354 1849 2425 ἐξηγήσεως

256 2440 396 2509 περὶ
426 2438 551 2510 τῆς,
591 2456 611 2491 ι
649 2440 809 2511 μόνος
862 2440 893 2494 ὁ
943 2440 1151 2512 Πατὴρ,
1197 2460 1215 2495 ι
1255 2444 1461 2513 φωνῆς,
1494 2443 1616 2514 ἥτις
1648 2442 1850 2515 ἐξήγη-

258 2548 349 2593 σις
381 2530 662 2601 ὲντράνως
697 2530 956 2600 διασαφεῖ
981 2532 1240 2601 λέγεσθαι
1270 2533 1366 2587 ἐπὶ
1398 2534 1496 2587 τοῦ
1526 2537 1757 2606 ιΠατρος
1790 2537 1848 2590 τὸ

250 2626 452 2695 μόνος
477 2624 652 2678 stam
678 2625 857 2679 πάντα
880 2625 976 2677 ἐπὶ
1003 2623 1095 2677 τὸν
1122 2626 1345 2696 Πατέρα
1377 2626 1701 2695 ἀνάγεσθαι,
1751 2628 1849 2682 καὶ

252 2716 429 2770 αὐτὸν
458 2716 549 2770 διὰ
577 2716 797 2771 πάντων
829 2715 930 2785 τὴν
959 2717 1188 2787 πρώτην
1241 2717 1424 2772 αἰτίαν
1471 2718 1847 2789 γινώσκεσθαι

254 2802 409 2880 ᾗτινι
447 2807 632 2879 ἐννοίᾳ
655 2806 947 2861 ἀκολουθεῖ
1005 2809 1174 2880 μηδὲν
1240 2809 1527 2882 διαφέρειν
1579 2811 1646 2864 ὲκ
1681 2813 1845 2881 μόνου

248 2898 354 2954 τοῦ
391 2900 613 2971 Πατρὸς
641 2900 739 2953 ’καὶ
774 2901 840 2954 ὲκ
869 2899 1096 2973 πρώτης
1128 2902 1316 2966 αἰτίας
1364 2902 1460 2956 τοῦ
1515 2904 1728 2978 Πατρος
1762 2904 1847 2958 λέ-

251 3007 399 3061 γειν,
441 2993 545 3044 οὐκ
578 2992 646 3046 ἂν
692 2992 859 3062 ἡμεῖς
893 2993 944 3046 oi
977 2992 1066 3046 διὰ
1117 2991 1208 3047 τὸν
1250 2994 1390 3064 ὑπὲρ
1420 2994 1519 3065 τῆς
1557 2995 1847 3062 ἐκκλησια-

253 3082 459 3154 στικῆς
481 3082 708 3155 εἰρήνης
739 3083 902 3154 ζῆλον
935 3085 1061 3148 ταῖς
1112 3085 1446 3156 παραλόγοις
1506 3088 1844 3159 προσθήκαις

248 3173 358 3226 καὶ
423 3173 878 3244 παρεξηγήσεσιν
933 3173 1333 3242 danunt/reg,
1392 3176 1521 3245 ὑμῖν
1572 3177 1842 3247 ὲζυγομα·

250 3267 532 3337 χὴσαμεν.
560 3267 682 3318 Ὅτι
701 3265 759 3319 δὲ
783 3266 843 3319 τὸ
865 3282 885 3317 ι
908 3267 975 3319 ἐκ
989 3267 1155 3338 μόνον
1184 3268 1491 3338 »πανταχοῦ
1515 3268 1625 3322 τῶν
1646 3269 1844 3340 ὑμετέ-

257 3373 372 3429 ρων
419 3355 855 3428 παρεξηγήσεων
910 3359 993 3422 είς
1050 3356 1338 3430 διαστολὴν
1381 3360 1694 3429 λαμϐάνετε
1747 3360 1843 3416 τοῦ

264 3446 421 3515 Υίοῦ,
459 3447 759 3519 προθύμως
790 3447 922 3518 ὑμϊι
969 3450 1066 3502 καὶ
1112 3449 1535 3524 ζυγομαχοῦμεν
1568 3454 1665 3509 καὶ
1696 3456 1846 3509 ἀντι-

253 3541 518 3612 λέγομεν.
567 3541 659 3605 Ὠς
692 3541 803 3614 γὰρ
828 3540 1095 3608 πολλάκις
1129 3545 1464 3616 εἰρήκαμεν,
1520 3548 1555 3617 ἡ
1596 3546 1707 3601 ἀπὸ
1746 3547 1844 3602 τοῦ

255 3634 479 3706 Πατρὸς
515 3626 773 3707 διαστολὴ
822 3634 919 3690 τοῦ
958 3636 1091 3691 Υίοῦ
1146 3640 1248 3690 οὐκ
1306 3640 1374 3692 ἄν
1412 3654 1543 3692 ποτε
1589 3642 1647 3693 ὲν
1678 3643 1744 3711 τῇ
1780 3642 1844 3695 ἐκ

254 3730 476 3800 Πατρδς
507 3728 754 3803 ὑπάρξει
779 3728 874 3783 τοῦ
907 3728 1228 3801 Πνεῦματος
1280 3731 1657 3802 παραδέξαιτο
1680 3734 1742 3786 τὸ
1773 3733 1844 3785 δι’

257 3822 418 3877 Υὶοῦ.

508 3914 979 3970 ΘΕΟΦΥΛΑΚΤΟ
995 3917 1041 3969 Υ
1093 3917 1192 3969 ΒΟ
1203 3916 1594 3984 ΥΛΓΑΡΙΑΣ,

250 4031 351 4098 Εἰς
380 4030 449 4085 τὸ
473 4030 583 4084 τοῦ
613 4031 768 4103 κατά
808 4028 1102 4103 Ἰωάννην
1120 4033 1697 4103 Εὐαγγελίουρητόν
1724 4037 1796 4090 τό
1823 4051 1836 4066 ·

324 4122 348 4154 ι
393 4104 495 4155 Ὃν
524 4101 647 4170 ἐγὼ
679 4100 898 4171 πέμψω
927 4101 1074 4172 ὑμῖν
1101 4100 1267 4171 παρὰ
1296 4100 1406 4159 σοῦ
1448 4100 1706 4175 Πατρός.
1743 4124 1764 4157 ι

330 4260 351 4296 ι
397 4241 577 4295 PNA'.
613 4241 686 4295 Τὸ
709 4240 789 4306 δὲ,
828 4259 848 4294 ι
890 4241 988 4296 ‘Ov
1021 4242 1134 4312 ἐγὼ
1162 4242 1391 4315 πέμψω,
1432 4263 1453 4298 ι
1483 4243 1583 4316 τὴν
1617 4246 1843 4318 ίσότητα

1880 1853 1928 1915 Β

1962 619 1982 652 ι
2019 600 2281 672 Symbolo
2313 602 2472 672 abige
2505 617 2521 655 :
2563 611 2618 657 et
2652 601 2817 657 simul
2853 603 3139 658 nobiscum
3167 614 3321 659 stans
3354 606 3543 659 conci-

1962 711 1982 746 ι
2023 694 2161 758 nito,
2211 693 2677 763 quemadmodum
2716 696 2848 750 illud
2878 711 2908 750 a
2941 696 3140 753 divinis
3166 697 3427 754 Pati-ibus
3450 714 3546 753 ac-

1963 803 1982 837 ι
2019 786 2270 856 cepimus
2301 803 2318 842 :
2344 787 2427 842 vel
2453 789 2733 844 ostendito
2780 790 2941 846 nobis
2971 798 3030 845 tu
3064 791 3182 861 ipse
3217 808 3281 846 ex
3324 792 3545 859 pietatis

1963 895 1983 930 ι
2021 877 2387 947 praeconibus,
2426 886 2482 934 et
2530 881 2925 937 communibus
2942 882 3094 938 orbis
3156 891 3429 938 terrarum
3460 883 3545 938 lu.

1963 987 1982 1022 t
2022 971 2260 1026 minibus
2284 984 2348 1027 ac
2374 971 2695 1028 doctoribus
2734 973 2951 1044 aliquos
2976 976 3042 1030 de
3069 975 3234 1030 simili
3268 976 3547 1031 additiOne

1961 1080 1981 1114 ι
2019 1061 2197 1133 palam
2228 1063 2437 1135 aliquid
2483 1072 2539 1119 et
2566 1066 2860 1122 manifesto
2881 1067 3267 1135 decernentes,
3289 1079 3385 1123 aut
3408 1068 3543 1122 edo-

1960 1172 1979 1206 ι
2019 1164 2229 1220 centes,
2258 1167 2487 1226 tumque
2513 1171 2543 1211 a
2572 1166 2623 1212 te
2649 1158 2792 1214 vinci
2843 1173 3002 1229 {equo
3025 1159 3211 1214 animo
3231 1159 3541 1224 fatebimur,

1961 1264 1981 1298 ι
2020 1255 2076 1300 et
2137 1248 2216 1301 uti
2286 1247 2489 1304 fratres
2548 1249 2992 1320 coniunctissimi
3057 1252 3249 1307 eadem
3310 1252 3541 1308 confite-

1961 1357 1980 1391 ι
2020 1338 2222 1396 bimnr.
2274 1359 2292 1392 ι

2594 1432 2891 1503 Iiefulatio.

2026 1517 2325 1577 Veritatem
2359 1523 2559 1593 injuria
2599 1524 2795 1589 atlicis,
2830 1531 2901 1580 mi
2937 1526 3125 1591 homo,
3156 1541 3285 1581 cum
3321 1540 3545 1583 asseve-

1956 1625 2067 1675 ras,
2101 1613 2169 1667 de
2198 1615 2534 1671 sanctissimi
2584 1616 2828 1687 Spiritus
2861 1634 2927 1674 ex
2973 1620 3094 1675 solo
3120 1619 3281 1675 Patre
3322 1621 3544 1690 proces-

1952 1701 2109 1758 sione
2167 1705 2374 1761 multos
2446 1716 2613 1764 testes
2677 1709 2994 1765 adduxisse.
3048 1709 3224 1766 Nemo
3284 1711 3431 1766 enim
3466 1725 3543 1765 ex

1952 1790 2208 1850 Patribus
2237 1796 2391 1863 illud,
2449 1812 2515 1852 ex
2547 1798 2684 1864 solo,
2730 1799 3051 1870 prolocutus
3094 1809 3198 1856 est.
3245 1799 3542 1856 Verumta-

1957 1899 2082 1940 men
2115 1886 2163 1941 si
2188 1887 2381 1942 nullus
2412 1903 2475 1943 ex
2507 1886 2762 1946 Patribus
2804 1889 3112 1957 allirmavit,
3146 1906 3212 1946 ex
3240 1891 3361 1947 solo
3384 1891 3544 1946 Patre

1955 1977 2297 2046 proeedere,-
2336 1988 2392 2033 et
2419 1994 2486 2035 ex
2539 1981 2661 2037 solo
2697 1979 2860 2037 Patre
2926 1997 3072 2048 esse,
3124 1994 3219 2038 aut
3256 1998 3540 2046 emanare,

1955 2080 2044 2124 aut
2073 2070 2315 2138 exsilire,
2348 2069 2609 2142 Spiritum
2647 2090 2662 2128 :
2709 2074 2756 2130 si
2788 2074 3052 2131 addentes
3084 2091 3180 2132 vos
3234 2075 3368 2131 illud
3391 2076 3542 2132 exei-

1954 2161 2158 2230 peretis
2188 2163 2490 2219 secundum
2513 2167 2844 2221 sententiam
2882 2175 3112 2234 rectam,
3146 2176 3203 2222 et
3239 2167 3541 2225 inconcus-

1955 2266 2073 2306 sam
2110 2253 2524 2325 intelligentiam
2577 2255 3051 2327 interpretationis
3075 2273 3107 2314 a
3155 2275 3356 2331 magno
3387 2259 3543 2316 Basi-

1954 2345 2031 2402 lio
2059 2347 2363 2417 propinata:
2417 2348 2485 2404 de
2516 2364 2649 2405 voce
2694 2350 2785 2405 illa
2824 2370 2843 2403 ι
2904 2351 3056 2408 solus
3128 2352 3330 2419 Pater;
3367 2371 3386 2405 ι
3420 2368 3543 2422 quae

1953 2437 2223 2505 expositio
2244 2440 2422 2507 palam
2456 2440 2698 2494 ostendit
2725 2441 2876 2496 solus
2916 2442 2983 2497 de
3014 2443 3178 2498 Patre
3227 2444 3360 2505 dici,
3396 2444 3542 2515 quod

1954 2525 2138 2580 omnia
2170 2525 2238 2581 ad
2269 2525 2483 2583 Patrem
2512 2528 2846 2595 referantur,
2878 2539 2932 2585 et
2989 2531 3079 2586 ille
3109 2547 3208 2602 per
3242 2535 3428 2588 omnia
3460 2535 3540 2588 uti

1954 2616 2213 2686 primaria
2243 2633 2407 2675 causa
2446 2633 2802 2690 agnoscatur,
2836 2636 2900 2677 ex
2957 2637 3065 2690 qua
3121 2626 3394 2680 sententia
3449 2641 3538 2681 se-

1952 2709 2141 2779 quitur
2173 2710 2312 2764 nihil
2363 2710 2603 2775 dill‘erre,
2645 2730 2711 2767 ex
2753 2714 2871 2769 solo
2935 2710 3092 2771 Patre
3155 2728 3211 2772 et
3241 2714 3314 2772 'ex
3360 2718 3537 2788 prima

1951 2814 2121 2857 causa
2154 2800 2317 2858 Patre
2350 2803 2561 2868 dicere,
2623 2819 2724 2879 nos
2753 2804 3021 2875 profecto,
3063 2809 3156 2879 qui
3189 2821 3411 2880 propter
3441 2826 3538 2865 ec-

1951 2892 2274 2949 clesiasticae
2316 2895 2540 2951 unionis
2586 2897 2788 2962 zelum,
2821 2899 3077 2955 absurdis
3133 2902 3534 2969 additionibus,

1952 2992 2008 3040 et
2046 2984 2201 3041 falsis
2230 2985 2778 3057 interpretationibus
2807 2992 3260 3058 contradicimus,
3283 3009 3406 3048 cum
3441 3010 3539 3049 vo-

1950 3077 2036 3133 bis
2063 3078 2284 3148 quidem
2303 3079 2547 3135 altercati
2570 3096 2681 3135 non
2708 3081 3032 3139 fuissemus.
3056 3083 3194 3139 Cum
3220 3100 3350 3141 vero
3378 3086 3533 3150 illud,

1958 3185 1978 3219 ι
2017 3182 2085 3222 ex
2138 3169 2258 3224 solo
2292 3187 2314 3221 ι
2370 3169 2427 3224 in
2497 3171 2692 3227 vestris
2754 3171 2912 3230 falsis
2983 3175 3539 3246 interpretationibus

1949 3267 2215 3326 perpetuo
2267 3261 2568 3315 assumatis
2616 3261 2686 3316 ad
2730 3264 3136 3320 excludendum
3189 3264 3390 3321 Filium
3424 3269 3543 3323 ala—

1947 3347 2115 3402 criter
2170 3348 2557 3405 contendimus
2585 3359 2643 3405 et
2673 3352 3127 3411 eontradicimus.
3157 3353 3543 3420 Quemadmo-

1943 3436 2077 3494 dum
2098 3439 2246 3496 enim
2289 3441 2495 3512 saepius
2555 3441 2828 3510 diximus,
2865 3446 3168 3503 exclusioa
3206 3445 3368 3504 Patre
3416 3448 3542 3505 Filii

1945 3531 2002 3587 in
2029 3532 2349 3589 exsistentia
2386 3532 2626 3605 Spiritus
2646 3550 2713 3592 ex
2741 3534 2924 3606 Patre,
2964 3554 3248 3611 nunquam
3301 3541 3544 3599 admittit

1945 3622 2105 3690 illttd,
2139 3637 2236 3694 per
2257 3622 2481 3682 Filium.

1946 3905 2477 3964 THEOPIIYLACTI
2556 3906 2934 3967 BULGARIE
3007 3909 3590 3999 ABCHIEPISCOPII

2013 4020 2354 4147 inpletam?
2403 4021 2611 4075 dictum
2640 4037 2660 4077 :
2709 4041 2728 4075 ι
2763 4020 2933 4088 Quem
2987 4041 3082 4096 ego
3126 4027 3338 4083 mittam
3387 4028 3537 4083 vobis

2022 4110 2056 4146 a
2143 4108 2258 4145 are
2342 4131 2357 4146 .
2395 4111 2416 4142 ι

2022 4110 2056 4146 a
2092 4108 2258 4146 mure
2291 4108 2357 4146 ".
2395 4111 2416 4142 ι

2015 4224 2148 4281 CLI.
2182 4243 2203 4276 ι
2225 4224 2399 4291 Quem
2434 4240 2534 4296 ego
2568 4225 2802 4293 mittam,
2829 4246 2847 4280 ι
2882 4229 3247 4300 aequalitatem
3275 4247 3403 4303 erga
3430 4232 3538 4289 Pa-

257 4354 276 4389 ι
318 4335 472 4407 δηλοί
501 4333 603 4406 τὴν
652 4336 792 4404 πρὸς
849 4334 943 4388 τὸν
996 4335 1243 4406 Πατέρα.
1292 4335 1553 4410 Ἀλλαχοῦ
1591 4340 1702 4410 γὰρ
1751 4316 1845 4395 τὸν

1962 4338 1971 4373 ι
2012 4327 2150 4375 trem
2206 4318 2502 4388 signiﬁcat.
2562 4316 2700 4372 Nam
2745 4319 2855 4375 alio
2894 4321 3019 4377 loco
3063 4322 3333 4380 de'Patre
3375 4326 3537 4395 dixit,

257 4448 276 4483 ι
324 4431 550 4499 Πατέρα
601 4422 728 4482 εἷπε
784 4428 1028 4499 πέμπειν
1072 4429 1134 4482 τὸ
1164 4429 1433 4501 Πνεῦμα·
1460 4408 1713 4485 ἐνταῦθα
1759 4432 1841 4497 δὲ,

1962 4429 1972 4464 ι
2016 4409 2165 4481 (ιιιοά
2227 4409 2407 4465 mittet
2441 4408 2757 4480 Spiritum;
2818 4412 2922 4467 hoc
2971 4423 3155 4470 autem
3212 4417 3356 4482 loco,
3387 4423 3537 4488 qno=l

260 4537 279 4571 ι
318 4518 516 4573 ἑαυτὸν
574 4518 817 4590 πέμψειν
849 4517 1010 4571 τοῦτο
1064 4516 1236 4572 εἰπὼν
1292 4520 1447 4575 οὐδὲν
1485 4519 1617 4574 ἄλλο
1660 4521 1694 4592 ἦ
1741 4522 1841 4589 τὴν

1962 4521 1977 4556 ι
2020 4502 2139 4573 ipse
2166 4501 2363 4565 mittet,
2409 4501 2599 4572 utique
2637 4517 2772 4557 sane
2799 4505 3169 4574 aequalitatem
3197 4508 3542 4579 significans.

222 4594 228 4621 ἶ
258 4632 277 4667 ι
324 4613 548 4684 ἰσότητα
576 4576 746 4682 δηλοί.
782 4610 902 4665 Ἵνα
935 4610 993 4664 δὲ
1019 4613 1095 4682 μὴ
1132 4611 1260 4685 δόξῃ
1289 4612 1626 4666 άντανιστῶν
1652 4576 1845 4667 tentet:

1963 4614 1982 4649 ι
2018 4594 2100 4649 Ne
2130 4602 2309 4649 autem
2357 4592 2610 4648 videatur
2640 4593 2913 4651 obluctari
2940 4595 3109 4667 Patri,
3146 4576 3306 4670 quasi
3335 4603 3406 4657 ab
3432 4604 3542 4658 alia

261 4725 280 4760 ι
323 4708 404 4776 τῷ
464 4683 668 4774 Πατρὶ,
708 4703 784 4769 ὡς
845 4703 957 4758 άπὸ
1014 4704 1182 4774 ἄλλης
1224 4683 1481 4770 ἐξουσίας
1515 4709 1753 4776 πέμπων
1782 4707 1843 4759 τὸ

1962 4704 1978 4738 ι
2025 4684 2331 4741 substantia
2382 4683 2566 4738 mittat
2620 4683 2928 4755 Spiritum,
2994 4688 3203 4744 addidit
3268 4706 3300 4746 a
3351 4690 3545 4748 Patre:

261 4816 279 4850 ι
324 4774 573 4868 Πνεῦμα,
609 4795 922 4866 προσέθηκε
983 4795 1137 4865 παρὰ
1187 4795 1289 4849 τοῦ
1339 4774 1840 4868 ΠατρόςξΠέμψω

1962 4795 1974 4830 ι
2015 4774 2154 4831 Nam
2180 4784 2236 4832 et
2262 4776 2379 4846 ipse
2421 4774 2644 4846 quidem
2678 4777 2882 4843 mittet,
2920 4778 3018 4833 sed
3042 4794 3072 4835 a
3098 4780 3282 4848 Patre,
3318 4782 3421 4839 hoc
3461 4795 3547 4840 est

261 4910 280 4945 ι
324 4891 424 4962 μὲν
451 4867 566 4960 γὰρ
597 4886 781 4952 αὐτὸς,
817 4887 954 4940 ἀλλὰ
988 4889 1141 4957 παρὰ
1167 4885 1263 4940 τοῦ
1291 4888 1527 4958 Πατρὸς,
1556 4867 1838 4943 τουτέστιν

1999 4868 2343 4940 approbante
2420 4867 2615 4934 Patre,
2648 4879 2703 4924 et
2736 4870 2902 4925 simul
2934 4872 3204 4928 mittente.
3240 4872 3361 4929 Non
3395 4878 3540 4931 enim

263 5003 282 5038 ι
325 4980 684 5045 εὐδοκοῦντος
738 4978 833 5033 τοῦ
874 4980 1092 5051 Πατρδς
1145 4983 1242 5032 καὶ
1276 4981 1833 5046 συναποστέλλονιος.

1962 4983 1968 5017 l
2006 4978 2073 5019 ex
2099 4962 2321 5034 proprio
2345 4963 2471 5019 sinu
2498 4965 2618 5036 ipse
2652 4965 2809 5034 prius
2838 4966 3016 5028 mitto,
3047 4968 3142 5023 sed
3173 4984 3204 5022 a
3236 4967 3400 5025 Patre
3438 4986 3537 5040 per

262 5095 280 5129 ι
320 5076 396 5129 Οὐ
426 5075 540 5146 γὰρ
570 5072 631 5139 ἐξ
688 5072 913 5125 οἰκείων
966 5071 1183 5124 κόλπων
1240 5071 1403 5133 αὐτὸς
1452 5073 1720 5142 προῖεμαι
1773 5073 1835 5127 τὸ

1962 5073 1970 5107 l
2010 5069 2101 5111 me
2131 5055 2530 5126 suppeditatur.
2564 5056 2702 5112 Cum
2733 5066 2914 5112 autem
2965 5059 3206 5114 audieris
3239 5061 3384 5130 quod
3412 5076 3542 5131 pro-

263 5188 281 5222 ι
324 5166 577 5238 Πνεῦμα,
633 5165 772 5218 ἀλλὰ
801 5163 953 5236 παρὰ
986 5163 1082 5218 τοῦ
1136 5164 1348 5235 Πατρὸς
1378 5162 1445 5217 δι’
1500 5163 1636 5233 ἐμοῦ
1667 5180 1838 5236 χορη-

1962 5162 1969 5197 ι
2006 5146 2170 5213 cedit,
2201 5162 2270 5201 ne
2294 5147 2568 5217 intelligas
2608 5164 2705 5217 per
2735 5151 3152 5218 processionem
3188 5154 3540 5215 missionem,

263 5280 281 5316 ι
321 5235 716 5332 γεῖται.ι”οταν
743 5235 1008 5330 ἀκούσῃς,
1036 5257 1424 5327 ἐκπορεύεται,
1455 5254 1532 5326 μὴ
1565 5235 1838 5310 νόει

1962 5255 1969 5288 ι
2011 5235 2159 5306 quali
2191 5237 2488 5291 mittuntur
2515 5239 2903 5296 ministratorii
2935 5243 3198 5312 Spiritus,
3230 5243 3329 5297 sed
3377 5253 3540 5297 natu-

265 5373 284 5408 t
326 5328 539 5422 στολὴν
572 5351 671 5423 τὴν
725 5328 1074 5421 ὲκπόρε-νσιν,
1105 5347 1224 5401 οἴαν
1285 5347 1715 5403 ἀποστέλλονται
1761 5349 1834 5404 τὰ

1962 5348 1985 5393 ι,
2007 5328 2139 5387 ralis
2167 5329 2525 5388 subsistentia
2557 5332 2797 5403 Spiritus
2837 5345 2921 5392 est
2962 5336 3265 5408 processio.
3300 5354 3322 5389 ι

263 5466 281 5501 ι
318 5445 676 5515 λειτουργικὰ
709 5443 1023 5513 πνεύματα,
1057 5442 1195 5496 ἀλλὰ
1226 5443 1435 5513 φυσικὴ
1471 5439 1707 5510 ῦπαρξις
1738 5440 1835 5496 τοῦ
1944 5454 1961 5463 “

261 5561 280 5597 ι
323 5538 640 5612 Πνεῦματός
669 5538 818 5594 ἑστιν
853 5539 887 5608 ἡ
911 5537 1261 5608 ἔκπόρευσις.
1307 5555 1325 5588 ι

853 5630 1234 5685 Ἐπιστασία.

325 5743 345 5779 ι
380 5724 632 5790 Ἀκούεις
657 5723 756 5779 καὶ
797 5721 889 5778 τοῦ
918 5722 1069 5795 παρὰ
1090 5723 1190 5796 τῆς
1216 5721 1369 5788 θείας
1391 5723 1830 5798 ὲμπνευσθέντος

2536 5636 2964 5693 Animadversio.

2017 5728 2312 5789 «Audisne
2362 5729 2508 5789 etab
2565 5748 2653 5798 eo,
2710 5731 2805 5801 qui
2853 5729 3036 5788 :iv'na
3090 5729 3266 5801 gratia
3320 5740 3533 5799 motus,
3592 5803 3599 5808 _

322 5889 365 5921 ⁸³
395 5887 558 5945 Joan.
589 5902 682 5945 xv.
713 5887 807 5944 26.
