3958 6460
441 393 539 455 εει

1473 391 1683 451 ΙΟΑΝ.
1730 388 1936 448 VECCI
1980 379 2089 447 Ci’.
2134 385 2634 445 PATRIARCHE

3597 376 3699 440 612

447 531 463 560 I
509 526 615 562 non
650 519 855 565 tantum
880 511 1028 566 varia
1059 525 1214 566 sacra
1254 508 1556 569 volumina,
1612 503 1709 558 scd
1737 503 1854 571 ipsa
1877 514 2018 570 quo-

2132 518 2149 550 t
2197 500 2419 570 χάριτος
2451 500 2511 551 οὐ
2548 498 2706 568 μόνον
2741 498 3030 568 διαφόρους
3079 496 3229 566 ἱερὰς
3290 496 3698 567 βίϐλους,.όιλλ.³ι

446 621 463 650 ι
513 617 617 670 que
651 602 935 674 Evangelia
970 605 1353 671 interpretatus
1371 607 1473 662 est,
1504 611 1611 650 non
1652 609 1717 649 ex
1752 591 1889 647 Filio
1921 590 2016 644 sed

449 712 467 743 ι
496 707 563 747 ex
613 693 774 748 Patre
816 694 1152 747 Paracletutn
1190 691 1487 759 procedere
1549 686 1766 741 tradere
1820 682 2021 737 edoce-

445 800 464 833 ‹
498 797 663 851 reque
691 801 704 837 :
742 799 895 851 atque
924 792 1087 853 atque
1135 782 1291 836 alios
1320 780 1536 834 divinos
1563 777 1751 831 Patres
1794 787 2017 844 proces-

446 890 465 924 ι
502 876 709 927 sionem
738 889 845 925 non
875 873 1214 938 missionem,
1242 871 1337 927 sed
1366 869 1670 924 naturalem
1707 865 2019 921 subsisten-

445 985 465 1016 ‹
502 967 630 1017 tiam
663 964 921 1035 Spiritus,
950 965 1352 1033 decernereque
1398 963 1622 1031 insuper
1679 961 1850 1029 ipsam
1886 957 2019 1012 mis—

446 1075 464 1106 ι
502 1058 712 1110 sionem
755 1073 860 1111 non
908 1057 1279 1127 simplicitera
1339 1052 1481 1108 Filio
1539 1050 1829 1119 Verbaque
1871 1048 2013 1113 ﬁeri,

448 1164 466 1197 ι
507 1148 602 1203 scd
635 1149 973 1219 approbante
1002 1148 1162 1204 Patre
1190 1157 1246 1205 et
1279 1146 1445 1202 simul
1468 1144 1744 1200 mittente.
1787 1161 1805 1193 ι

1085 1422 1380 1493 Refutatt’o.

511 1515 651 1591 Cum
682 1523 928 1584 tempore
954 1514 1270 1570 schismatis
1299 1513 1382 1566 vir
1407 1512 1512 1567 iste
1535 1509 1876 1575 inclaruerit,
1903 1524 2013 1565 non

440 1607 614 1661 multa
647 1606 1086 1662 consideratione
1113 1604 1276 1674 digna
1303 1604 1444 1658 dicta
1471 1603 1616 1656 illius
1648 1601 2015 1657 existimanda

435 1700 712 1763 videntur,
752 1699 1111 1754 nihilominus
1139 1713 1207 1752 ex
1241 1697 1327 1751 his
1353 1696 1571 1759 iisdem,
1591 1710 1713 1765 qua:
1742 1697 1860 1765 ipse
1886 1708 2017 1765 pto-

2128 611 2145 643 ι
2194 593 2290 645 καὶ
2320 593 2462 645 αὐτὰ
2494 592 2563 643 τὰ
2597 590 2731 653 ἅγια
2764 589 3145 660 ἐξηγήσασθαι
3180 588 3515 657 Εὐαγγὲλιε,
3545 590 3609 642 τό
3639 590 3695 642 τε

2127 700 2145 732 ι
2190 683 2266 753 μὴ
2292 684 2355 735 ὲκ
2390 682 2482 735 τοῦ
2515 681 2668 747 Υίοῦ,
2696 680 2813 732 ἀλλ’
2854 682 2919 733 ἐκ
2944 679 3039 732 τοῦ
3074 679 3289 748 Πατρος
3317 678 3378 731 τὸ
3404 676 3701 746 Παρὰκλη-

2125 791 2142 821 ι
2194 791 2287 827 τον
2322 772 2732 842 ἐκπορεύεσθαι
2762 769 2991 841 Πνεῦμα
3023 770 3415 840 παραδιδόντος
3444 764 3566 832 σοι,
3598 774 3691 822 καὶ

2127 884 2143 916 ι
2191 866 2290 935 τὴν
2333 865 2438 933 μὲν
2467 863 2800 933 ὲκπόρευσιν
2853 863 2962 915 οὐκ
2989 860 3321 928 ἀποστολὴν,
3348 858 3487 913 ἀλλὰ
3536 877 3698 927 (pust.—

2124 975 2142 1007 ι
2191 956 2296 1026 κὴν
2329 954 2565 1025 ὑπαρξιν
2599 956 2904 1023 συμφώνως
2954 955 3068 1016 τοῖς
3121 952 3330 1015 λοιποῖς
3363 950 3532 1014 θείοις
3584 951 3694 1003 Πα-

2123 1068 2140 1097 ‹
2188 1048 2350 1117 τράσι
2384 1047 2753 1111 διδάσκοντος,
2802 1045 2939 1099 ἀλλὰ.
2990 1048 3085 1098 καὶ
3111 1044 3211 1114 τὴν
3235 1039 3545 1112 ἀποστολὴν
3599 1040 3696 1093 αὑ-

2123 1159 2142 1191 (
2184 1140 2304 1209 τὴν,
2331 1138 2429 1209 οὺχ
2455 1137 2644 1201 ἁπλῶς
2684 1139 2775 1190 τὸν
2813 1136 2942 1189 Υίὸν
2994 1136 3092 1188 καὶ
3142 1135 3314 1203 Λόγον
3366 1134 3693 1203 ποιούμενον

2124 1252 2142 1283 ι
2187 1231 2633 1302 δογματίζοντος,
2662 1229 2805 1283 ἀλλὰ
2839 1225 3297 1291 συνευδοκοῦντος
3330 1226 3425 1281 τοῦ
3457 1226 3695 1298 Πατρδς,

2123 1345 2140 1374 ι
2189 1324 2285 1377 καὶ
2318 1322 2863 1385 συναποστέλλοντος.
2898 1340 2918 1373 ι

2778 1414 3176 1485 Ἀντίρῤησις.

2187 1505 2250 1559 Εί
2304 1505 2401 1560 καὶ
2436 1504 2618 1560 διὰτὸ
2660 1505 2804 1559 κατὰ
2852 1511 2943 1558 τὸν
3004 1506 3201 1576 καιρὸν
3250 1505 3347 1559 τοῦ
3398 1504 3700 1575 σχίσματος

2113 1595 2206 1651 τὸν
2246 1594 2419 1664 ἄνδρα
2451 1594 2643 1648 τοῦτον
2702 1595 2999 1665 ἀκμάζειν,
3046 1596 3109 1649 οὐ
3144 1595 3345 1664 πολλῆς
3377 1591 3522 1666 ἦσαν
3580 1596 3700 1647 strt—

2117 1687 2365 1756 σκέψεως
2391 1687 2518 1753 ἄξια
2553 1687 2624 1740 τὰ
2659 1689 2790 1757 παρ’
2822 1686 2996 1742 αὐτοῦ
3042 1691 3204 1753 τέως,
3260 1686 3399 1743 ἀλλὰ
3451 1686 3552 1742 καὶ
3609 1688 3701 1756 ἀφ’

437 1792 677 1856 nuntiat,
712 1791 942 1844 multum
973 1790 1205 1844 addetur
1231 1787 1431 1842 virium
1465 1785 1914 1840 existimantibus
1946 1798 2012 1839 ex

2131 1772 2189 1832 iw
2238 1773 2390 1842 οὗτος
2461 1779 2647 1847 λέγει,
2703 1780 3073 1850 συγκρότησις
3128 1780 3230 1833 οὐκ
3286 1779 3445 1851 ὀλίγη
3510 1782 3704 1850 ἐπιγε-

437 1881 621 1946 Patre,
651 1890 706 1936 et
743 1880 882 1936 Filio
912 1881 1174 1951 Spiritum
1213 1896 1355 1936 esse.
1388 1878 1527 1932 Tum
1562 1876 1710 1947 quod
1742 1876 1858 1946 ipse
1884 1890 2014 1945 pro-

2131 1872 2346 1941 θήσεται
2376 1874 2489 1932 τοῖς
2518 1875 2582 1926 ἐκ
2617 1872 2833 1943 Πατρός
2859 1873 2955 1926 καὶ
2987 1871 3117 1925 Υίοῦ
3173 1871 3234 1929 τὸ
3276 1873 3510 1951 ,Πνεῦμα
3544 1871 3697 1937 δοξά-

435 1974 744 2028 ecssionem
806 1973 1233 2043 interpretatus,
1284 1971 1593 2025 naturalem
1638 1966 2015 2024 exsistentiam

441 2083 565 2122 eam
600 2083 723 2122 esse
773 2067 1010 2136 Spiritus
1059 2065 1455 2135 pronuntiavit.
1498 2062 1708 2116 Etenim
1743 2060 1786 2115 si
1821 2073 2015 2131 proce-

436 2156 568 2210 dere
618 2157 943 2210 naturaliter
971 2156 1238 2211 exsistere
1263 2163 1371 2218 est,
1407 2152 1503 2222 qui
1567 2152 1896 2205 naturaliter
1922 2165 2020 2204 ex-

437 2249 635 2303 sistere
666 2248 927 2318 Spiritum
954 2262 1019 2301 ex
1060 2247 1217 2301 Patre
1241 2256 1296 2301 et
1345 2245 1485 2301 Filio
1520 2244 1671 2307 dicit,
1696 2244 1830 2296 nihil
1859 2243 1927 2297 ab
1952 2257 2017 2297 eo

436 2333 636 2398 diﬂert,
673 2336 765 2403 qui
791 2350 859 2389 ex
894 2345 1125 2405 utr0que
1146 2335 1297 2389 illum
1330 2335 1624 2403 procedere
1655 2333 1853 2402 inquit.
1877 2331 2015 2385 Tum

438 2422 603 2477 etiam
657 2424 800 2492 quod
836 2425 955 2492 ipse
1008 2432 1245 2487 asserat,
1285 2423 1599 2479 missionem
1668 2421 1842 2490 ipsam
1888 2434 2015 2490 erga

436 2511 653 2583 Patrem
719 2512 841 2568 Filii
895 2515 1269 2583 aequalitatem
1324 2527 1539 2569 limare.
1588 2512 1800 2567 Etenim
1852 2511 1900 2567 si
1948 2527 2014 2565 ex

438 2603 601 2659 Patre
644 2615 697 2660 et
731 2604 874 2660 Filio
934 2607 1173 2661 mittitur
1215 2614 1437 2676 propter
1474 2605 1840 2675 aequalitatem
1892 2605 2014 2659 Filii

437 2711 565 2766 erga
611 2696 848 2760 Patrem,
908 2712 1018 2752 non
1072 2698 1153 2752 uti
1196 2714 1264 2752 ex
1313 2698 1531 2753 duobus
1599 2698 1860 2751 mittitur.
1890 2698 2012 2763 Qua

436 2789 584 2842 enim
634 2790 848 2845 ratione
901 2788 1138 2858 Spiritus
1186 2799 1334 2845 esset
1367 2804 1510 2844 unus
1547 2797 1602 2843 et
1641 2790 1926 2855 indivisus,
1971 2791 2018 2845 si

437 2895 549 2933 non
589 2880 758 2935 veluti
812 2894 878 2934 ex
912 2895 1020 2933 una
1073 2895 1237 2936 causa
1272 2881 1579 2946 missionis,
1603 2883 1698 2935 sed
1739 2881 1908 2935 veluti
1953 2896 2020 2936 ex

437 2972 654 3026 duabus
712 2972 896 3027 causis
939 2973 1237 3036 missionis,
1288 2970 1471 3028 Patris
1518 2973 1750 3037 scilicet,
1809 2983 1863 3027 et
1892 2971 2018 3027 Filii

438 3064 770 3117 mitteretur.
818 3062 941 3117 Pari
1009 3077 1230 3133 quoque
1288 3065 1498 3119 ratione
1562 3066 1919 3132 naturaliter,
1966 3077 2021 3121 et

436 3152 802 3207 essentialiter
855 3153 1127 3208 exsistens
1183 3169 1251 3208 ex
1290 3152 1452 3208 Patre
1475 3163 1528 3209 et
1575 3153 1736 3219 Filio,
1793 3169 1901 3210 n0n
1938 3156 2015 3209 uti

2124 1963 2301 2029 ζουσι.
2337 1962 2513 2017 Τοῦτο
2543 1964 2666 2037 μὲν,
2702 1965 2785 2017 ὅτι
2810 1963 2910 2034 τὴν
2945 1964 3275 2034 ὲκπόρευσιν
3330 1961 3702 2033 ἐξηγούμενος

2124 2052 2299 2123 οὗτος,
2337 2056 2573 2127 φυσικὴν
2604 2055 2836 2124 ὓπαρξιν
2884 2055 2977 2109 τοῦ
3006 2057 3325 2125 Πνεύματος
3374 2052 3521 2109 εἶναι
3567 2055 3707 2108 ταύ-

2122 2166 2223 2219 την
2250 2149 2520 2220 ἐδήλωσεν
2546 2166 2560 2179 ’
2593 2150 2642 2203 εί
2672 2148 2781 2219 γὰρ
2809 2147 2867 2202 τὸ
2891 2147 3294 2217 ἐκπορεύεσθαι
3324 2147 3386 2200 τὸ
3448 2145 3704 2214 φυσικῶς

2123 2237 2393 2307 ὑπάρχειν
2427 2237 2598 2301 ἐστὶν,
2633 2238 2661 2290 ό
2692 2237 2937 2306 φυςικῶς
2966 2237 3239 2308 ὑπάρχειν
3269 2236 3331 2290 τὸ
3369 2233 3605 2306 Πνεῦμα
3636 2237 3705 2288 ὲκ

2124 2329 2341 2400 Πατρδς
2375 2330 2469 2384 καὶ
2497 2330 2625 2383 Υίοῦ
2658 2331 2854 2398 λέγων,
2886 2330 3040 2383 οὐδὲν
3067 2329 3315 2400 διαφέρει
3350 2328 3445 2383 τοῦ
3497 2329 3561 2397 ἐξ
3592 2330 3707 2397 άμ-

2123 2424 2244 2490 φοῑν
2270 2421 2406 2476 αὐτὸ
2433 2421 2688 2489 λέγοντος
2712 2421 3117 2492 ἐκπορεύεσθαι
3144 2436 3160 2453 °
3186 2421 3344 2475 τοῦτο
3377 2421 3435 2475 δὲ
3466 2423 3561 2476 καὶ
3593 2421 3709 2475 ἀπὸ

2123 2512 2220 2584 τὴν
2243 2513 2566 2584 ἀποστολὴν
2598 2513 2769 2584 αὐτὴν
2801 2514 2979 2582 λέγειν
3007 2514 3170 2571 αὐτὸν
3203 2512 3397 2585 δηλοῦν
3422 2512 3523 2584 τὴν
3565 2513 3706 2582 πρὸς

2122 2605 2214 2661 τόν
2242 2604 2460 2675 Πατέρα
2509 2606 2730 2675 ἰσότητα
2759 2603 2853 2659 τοῦ
2891 2605 3067 2661 Υίοῦοη
3103 2606 3168 2658 Ei
3217 2605 3323 2676 γὰρ
3366 2608 3433 2663 ἐκ
3484 2605 3705 2674 Harpe;

2125 2697 2220 2753 καὶ
2249 2696 2375 2750 Υἱοῦ
2412 2696 2470 2750 τὸ
2505 2697 2731 2766 Πνεῦμα
2765 2696 3120 2769 πεμπόμενον
3170 2697 3259 2755 διὰ
3291 2696 3390 2768 τὴν
3419 2698 3557 2767 πρὸς
3610 2698 3706 2750 τὸν

2127 2787 2344 2857 Πατέρα
2378 2780 2601 2857 ἰσότητα
2649 2786 2743 2840 τοῦ
2772 2785 2927 2851 Υίοῦ,
2949 2787 3048 2857 ούχ
3067 2787 3145 2852 ὡς
3169 2788 3234 2841 ὲκ
3282 2786 3377 2841 δύο
3400 2788 3521 2841 ἐστὶ
3555 2804 3707 2857 πεμ-

2126 2879 2384 2949 πόμενον,
2443 2879 2561 2942 πῶς
2609 2879 2719 2948 γὰρ
2764 2876 2831 2933 ἄν
2863 2879 2958 2932 καὶ
3005 2878 3093 2948 εἴη
3148 2878 3210 2937 τὸ
3270 2877 3497 2949 Πνεῦμα
3525 2878 3583 2931 ἓν
3610 2882 3707 2932 καὶ

2124 2971 2452 3041 ἀδιαίρετον,
2483 2971 2640 3045 εἴπερ
2669 2975 2767 3041 οὐχ
2800 2972 2877 3032 ὡς
2914 2971 2975 3036 ἐξ
3008 2971 3125 3034 ἐνὸς
3180 2971 3359 3024 αἰτίου
3404 2971 3506 3040 τῆς
3561 2971 3710 3040 πέμ-

2123 3064 2291 3131 ψεως,
2319 3063 2434 3116 ἀλλ’
2464 3065 2538 3126 ὼς
2562 3064 2624 3115 ὲκ
2650 3062 2744 3117 δύο
2766 3063 2954 3117 αἰτίων
2985 3062 3084 3128 τῆς
3129 3062 3394 3133 πέμψεως
3443 3062 3537 3115 τοῦ
3588 3065 3706 3117 Πει-

2125 3157 2255 3227 τρὸς
2283 3157 2379 3210 καὶ
2406 3156 2500 3211 τοῦ
2537 3157 2665 3215 Υἱοῦ
2700 3159 2995 3228 πέμποιτο,
3022 3156 3168 3213 οὕτω
3195 3157 3291 3213 καὶ
3316 3155 3563 3226 φυσικῶς
3605 3156 3709 3208 καὶ

435 3259 503 3299 ex
535 3244 899 3311 duobus,sed
936 3246 1014 3299 uti
1059 3259 1128 3301 ex
1168 3261 1280 3301 uno
1323 3246 1435 3300 Deo
1470 3247 1795 3302 naturaliter
1839 3257 1894 3302 et
1927 3264 2016 3303 es-

2131 3244 2398 3307 )ὐσιωδῶς
2430 3244 2676 3316 ὑπάρχον
2703 3248 2768 3300 ἐκ
2795 3248 3013 3318 Πατρὸς
3050 3249 3146 3305 καὶ
3198 3247 3357 3311 Υίοῦ,
3379 3248 3478 3319 οὐχ
3501 3246 3577 3311 ὡς
3636 3248 3706 3301 ὲκ

436 3338 743 3395 sentialiter
771 3338 1009 3393 exsistit.

1063 3520 1383 3577 ZIGABENI

441 3632 509 3688 In
558 3635 758 3689 dictum
808 3633 1037 3690 Joannis
1096 3655 1113 3686 ε
1172 3633 1275 3687 Hie
1318 3634 1675 3690 testimonium
1732 3633 2019 3703 perhibebit

872 3724 879 3731 ο
1097 3706 1162 3758 de
1192 3721 1290 3759 me.
1335 3723 1354 3755 ι

509 3817 665 3872 CLII.
705 3838 724 3871 ι
759 3817 890 3873 Nam
923 3833 1050 3873 cum
1109 3816 1270 3871 Pater
1301 3816 1673 3891 testimonium
1708 3817 1857 3872 varie
1894 3832 2018 3887 per-

444 3929 463 3961 c
486 3906 743 3965 'hibuerit
770 3912 837 3967 de
883 3926 969 3966 me
999 3928 1012 3964 :
1051 3909 1291 3980 Spiritus
1318 3918 1542 3964 sanctus
1582 3924 1804 3979 quoque
1827 3911 2018 3964 multi.

436 4022 464 4053 ε(
513 4002 707 4057 [ariam
742 4005 1120 4061 testimonium
1156 4001 1385 4057 omnino
1430 4000 1759 4070 perhibebit.
1795 4000 2013 4056 Testiﬁ—

447 4114 466 4144 ι
513 4095 734 4149 cabitur
763 4103 944 4149 autent
980 4094 1167 4148 lucens
1194 4092 1249 4145 in
1276 4090 1535 4145 cordibus
1570 4092 1772 4145 vestris
1806 4089 1873 4145 ad
1901 4107 2017 4145 ma-

450 4207 470 4237 ι
519 4186 697 4255 iorem
730 4185 1139 4251 certitudinem,
1168 4192 1223 4237 et
1252 4183 1518 4237 miracula
1549 4196 1783 4254 operans
1831 4184 1886 4236 in
1916 4199 2020 4237 no-

446 4298 467 4329 η(
513 4278 661 4331 mine
683 4293 826 4339 meo.
864 4275 995 4331 Vide
1012 4286 1192 4331 autem
1235 4278 1378 4344 quod
1413 4275 1581 4330 mittit
1641 4290 1766 4330 eum
1796 4275 2017 4346 quidem

450 4390 471 4422 ι
509 4379 562 4425 et
620 4369 659 4424 F
665 4371 814 4434 ilius,
873 4378 1134 4440 tanquam
1165 4369 1411 4439 ejusdem
1436 4373 1560 4423 cum
1582 4367 1744 4423 Patre
1774 4367 2020 4435 honoris,

446 4481 468 4513 4
517 4470 891 4517 verumtamen
926 4477 956 4516 a
979 4460 1142 4515 Patre
1171 4470 1432 4529 tanquam
1455 4459 1549 4530 qui
1582 4474 1612 4531 a
1632 4458 1793 4515 Patre
1833 4474 2022 4528 proce-

2120 3339 2237 3402 δύο,
2293 3337 2411 3393 ἀλλ’
2444 3338 2520 3402 ὡς
2560 3341 2617 3405 ἐξ
2646 3339 2767 3403 ἑνός
2814 3342 2932 3394 ἐστι
2981 3341 3120 3397 Θεοῦ
3167 3340 3409 3409 φυσικῶς
3454 3340 3704 3410 ὑπάρχον

2121 3431 2216 3484 καὶ
2238 3427 2531 3491 ούσιωδῶς.

2597 3525 2738 3577 ΤΟΥ
2775 3524 3224 3579 ΖΥΓΑΒΙΙΝΟΥ

2125 3635 2230 3702 Εἰς
2257 3637 2321 3689 τὸ
2352 3637 2548 3705 ῥητὸν
2569 3636 2676 3691 τοῦ
2728 3635 2880 3689 κατὰ
2915 3634 3228 3702 Ἰωάννην,
3264 3633 3353 3700 τὸ,
3386 3652 3406 3684 ι
3431 3633 3701 3699 Ἐκεῖνος

2500 3705 2877 3777 μαρτυρήσει
2920 3706 3053 3773 περὶ
3078 3705 3247 3774 ἐμοῦ.
3288 3724 3308 3757 ι

2191 3814 2365 3872 PNB’.
2405 3833 2426 3870 ι
2469 3816 2575 3871 Τοῦ
2611 3818 2723 3887 γὰρ
2752 3816 2964 3884 Πατρδς
2992 3816 3270 3887 δ.αφόρως
3310 3819 3706 3889 μαρτυρήσαν-

2126 3925 2144 3956 ι
2186 3923 2277 3969 τος
2305 3908 2434 3976 περὶ
2467 3908 2627 3977 ἐμοῦ,
2652 3908 2749 3961 καὶ
2770 3908 2832 3960 τὸ
2862 3907 3088 3977 Πνεῦμα
3137 3908 3201 3960 τὸ
3232 3906 3391 3975 ἅγιον
3421 3908 3702 3981 διαφόρως

2125 4015 2143 4047 ι
2194 4000 2536 4070 μαρτυρήσει
2590 4000 2832 4063 πάντως.
2892 4000 3254 4070 Μαρτυρήσει
3312 3999 3369 4053 δὲ
3424 4001 3704 4073 ἐλλάμπον

2128 4109 2144 4140 ι
2187 4092 2307 4156 ταῖς
2343 4092 2596 4161 καρδίαις
2629 4092 2784 4161 ὑμῶν
2813 4092 2893 4154 είς
2933 4091 3310 4162 πληροφορίαν
3340 4092 3700 4164 τελεωτέραν,

2127 4200 2145 4232 ι
2191 4183 2287 4235 καὶ
2312 4182 2720 4253 τερατουργοῦν
2759 4183 2852 4235 ἐπὶ
2892 4183 2968 4253 τῷ
3015 4184 3242 4253 ὀνόματί
3305 4201 3431 4254 μου.
3467 4184 3615 4257 Ὅρα
3647 4188 3703 4239 δὲ

2127 4290 2145 4321 ι
2191 4272 2273 4324 ὅτι
2303 4272 2512 4343 πέμπει
2550 4274 2648 4343 μὲν
2678 4273 2810 4327 αὐτὸ
2843 4274 2987 4327 καὶὸ
3028 4275 3178 4340 Υἱὸς,
3219 4275 3293 4337 ὡς
3326 4277 3596 4347 ὁμότιμος
3625 4278 3703 4348 τῷ

2127 4386 2144 4419 ι
2193 4368 2391 4439 Πατρὶ,
2420 4369 2573 4440 παρὰ
2593 4369 2686 4424 τοῦ
2721 4371 2935 4442 [ἰατρὸς
2961 4370 3040 4437 δὲ,
3070 4370 3145 4432 ὡς
3177 4373 3331 4442 παρὰ
3366 4371 3465 4425 τοῦ
3487 4373 3704 4444 Πατρδς

2131 4480 2148 4512 ι
2195 4464 2654 4533 ἐκπορευόμενον,
2692 4462 2845 4533 παρᾶ
2875 4460 2969 4515 τοῦ
2998 4461 3212 4532 Πατρδς
3246 4464 3305 4516 δὲ
3334 4463 3703 4535 ἐκπορεύεται

450 4572 467 4603 ι
503 4554 602 4606 dit.
637 4553 892 4609 Procedit
950 4567 1078 4608 vero
1107 4567 1138 4606 a
1173 4551 1332 4607 Patre
1353 4561 1614 4623 tanquam
1656 4551 1724 4606 ab
1774 4550 1892 4618 ejus
1926 4566 2016 4606 es-

2131 4573 2150 4606 ι
2196 4555 2271 4619 ὠς
2310 4556 2375 4609 ὲκ
2404 4555 2504 4625 τῆς
2534 4555 2719 4619 οὐσίας
2752 4554 2940 4609 αὐτοῦ.
2983 4575 3001 4607 ι

446 4665 467 4697 ι
501 4645 696 4700 scntia.
728 4661 747 4694 ›

1026 4732 1445 4803 Animadversio.

516 4864 537 4896 ε
570 4844 829 4898 Animum
876 4843 1038 4899 etiam
1093 4845 1314 4899 adverte
1373 4843 1647 4913 piissimo,
1704 4857 1770 4899 ac
1809 4842 2020 4899 deifero

449 4955 470 4988 ι
517 4937 645 4989 huic
676 4936 968 5001 monacho,
1001 4950 1241 4991 consona
1264 4950 1389 4989 cum
1427 4934 1551 4988 aliis
1589 4934 1794 4989 sani-tis
1846 4935 2024 4991 Patri-

422 5046 470 5078 οι
518 5027 621 5081 bus
645 5028 711 5079 de
779 5024 985 5095 Spiritu
1042 5036 1255 5088 sancto,
1336 5024 1595 5091 illiusque
1668 5023 2024 5091 processione

446 5136 470 5171 ‹
510 5118 787 5184 referenti,
822 5119 1201 5186 docentique.»

1096 5209 1388 5279 Refutatt‘o.

517 5300 622 5356 Sed
679 5300 1143 5371 quemadmodum
1196 5316 1227 5354 a
1284 5302 1449 5356 Patre
1511 5303 1779 5372 procedit,
1823 5303 1902 5363 uti
1956 5319 2023 5359 ex

448 5396 677 5450 essentia
708 5396 853 5449 illius
882 5397 1174 5460 exsisteus,
1206 5394 1277 5448 ita
1313 5404 1367 5449 et
1389 5410 1419 5449 a
1452 5392 1595 5450 Filio
1631 5397 1887 5463 mittitur,
1938 5397 2014 5451 uti

448 5504 507 5541 ex
560 5488 797 5543 essentia
832 5488 1001 5556 ipsius
1051 5488 1344 5553 exsistens,
1387 5504 1454 5542 ne
1516 5490 1676 5543 modo
1712 5489 1918 5555 servili,
1972 5497 2027 5543 et

448 5580 845 5634 ministratorio
884 5581 1000 5648 ipse
1045 5596 1077 5633 a
1127 5577 1268 5634 Filio
1324 5581 1598 5634 mittatur.
1668 5579 1819 5635 Licet
1874 5581 2023 5634 enim

449 5684 555 5721 non
580 5676 770 5724 ea.‘.cm
806 5671 978 5739 ipsant
1013 5671 1342 5739 naturalem,
1386 5673 1811 5727 ctessentialcm
1847 5672 2025 5743 Spiri-

2711 4743 3093 4796 Ἐπιστασια.

2199 4869 2218 4903 ι
2269 4853 2568 4924 Πρόσσχες,
2602 4855 2654 4905 εί
2684 4852 2887 4925 βούλει,
2937 4859 3032 4907 καὶ
3060 4852 3140 4927 τῷ
3186 4856 3471 4927 όσιωτάτῳ
3522 4857 3703 4927 τούτῳ

2132 4962 2149 4995 ι
2190 4946 2286 4998 καὶ
2315 4945 2560 5018 θεοφόρῳ
2591 4945 2813 5017 μοναχῷ
2840 4944 3107 5019 σύμφωνα
3127 4948 3240 5010 τοῖς
3262 4946 3429 5010 θείοις
3455 4948 3706 5019 Πατράσι

2132 5053 2150 5088 ι
2199 5037 2324 5108 περὶ
2353 5035 2444 5089 τοῦ
2476 5036 2632 5104 ἁγίου
2685 5036 3009 5108 Πνεύματος
3059 5037 3155 5092 καὶ
3195 5038 3295 5108 τῆς
3326 5037 3492 5092 αὐτοῦ
3534 5042 3704 5095 ἐκπο-

2131 5149 2149 5182 ι
2196 5129 2434 5200 ρεύσεως
2461 5129 2818 5201 ὲξηγουμένῳ
2843 5147 2901 5183 τε
2940 5130 3035 5184 καὶ
3061 5131 3393 5187 διδάσκοντι.
3434 5152 3453 5183 ι
3584 5117 3593 5125 ’

2715 5222 3112 5292 ’ᾼντίρῤησις.

2206 5310 2347 5365 Ἀλλ’
2377 5311 2569 5383 ὥσπερ
2604 5316 2757 5383 παρὰ
2788 5313 2882 5366 τοῦ
2930 5314 3145 5386 Πατρὸς
3196 5314 3587 5386 ἐκπορεύεται,
3630 5319 3704 5383 ὡς

2127 5402 2190 5453 ὲκ
2218 5403 2315 5470 τῆς
2346 5401 2534 5465 οὐσίας
2564 5403 2731 5456 αὐτοῦ
2786 5402 2869 5469 ὃν,
2915 5402 3057 5458 οὕτω
3091 5408 3186 5458 καὶ
3212 5407 3364 5476 παρὰ
3422 5407 3519 5460 τοῦ
3574 5407 3704 5461 Υίεῦ

2128 5495 2427 5563 πέμπεται,
2453 5495 2527 5557 ὡς
2559 5497 2622 5548 ἐκ
2665 5495 2763 5564 τῆς
2811 5497 3001 5559 οὐσίας
3031 5496 3201 5551 αὑτοῦ
3233 5498 3316 5563 ὂν,
3352 5498 3439 5552 ῖνα
3479 5499 3557 5573 μὴ
3589 5502 3710 5556 δια·

2127 5585 2362 5648 κονικῶς
2393 5587 2486 5639 καὶ
2517 5587 2864 5656 ὑπηρετικῶς
2889 5588 2976 5659 εἴη
3001 5591 3356 5661 πεμπόμενον
3392 5593 3525 5647 αὐτὸ
3553 5596 3706 5660 παρὰ

2126 5676 2220 5728 τοῦ
2256 5676 2411 5729 Υἱοῦ.
2452 5678 2513 5730 Ei
2542 5678 2650 5748 γὰρ
2676 5682 2769 5731 καὶ
2800 5679 2875 5749 μὴ
2907 5680 3082 5750 αὐτὴν
3112 5681 3319 5755 ταύτην
3349 5683 3450 5753 τὴν
3472 5685 3707 5754 φυςικὴν

450 5769 534 5813 tus
561 5763 936 5815 exsistentiam
1001 5763 1192 5818 missio
1243 5775 1387 5820 notet
1424 5781 1439 5830 ;
1477 5776 1850 5820 vernnuamen
1899 5782 2018 5820 cum

2131 5768 2223 5820 καὶ
2251 5767 2489 5840 οὖσιώδη
2523 5767 2618 5820 τοῦ
2658 5768 2973 5838 Πνεύματος
3024 5770 3262 5843 ὓπαρξιν
3318 5775 3351 5845 ἡ
3380 5766 3587 5845 πέμψις
3614 5777 3706 5839 δη-

452 5849 589 5903 lzanc
637 5852 1012 5907 exsisteutiam
1073 5856 1460 5925 subsequatur,
1528 5852 1788 5923 Spiritum
1824 5873 1851 5908 ιι
1889 5854 2018 5910 Filio

2131 5859 2232 5927 λιιῖ,
2266 5859 2379 5912 ἀλλ’
2408 5858 2593 5929 ἐπειδὴ
2626 5861 2692 5929 τῇ
2746 5859 2979 5931 ὑπάρξει
3026 5862 3173 5933 αὕτη
3202 5880 3264 5933 γε
3299 5865 3603 5931 ἀκολουθεῖ,
3642 5878 3704 5917 ικ
