  <div class='ocr_page' id='page_1' title='image "/cluster/home/n/w/nwhite01/storage/ocr_20150623/141/coo.31924054870468/310.png"; bbox 0 0 3958 6472; ppageno 0'>
   <div class='ocr_carea' id='block_1_1' title="bbox 319 384 3575 456">
    <p class='ocr_par' dir='ltr' id='par_1_1' title="bbox 319 384 3575 456">
     <span class='ocr_line' id='line_1_1' title="bbox 319 384 3575 456; baseline -0.001 -3"><span class='ocrx_word' id='word_1_1' title='bbox 319 392 424 455; x_wconf 68' lang='grc'><strong>613</strong></span> <span class='ocrx_word' id='word_1_2' title='bbox 1694 394 2171 456; x_wconf 64' lang='grc' dir='ltr'><strong>ΕΡΙΟΠΑΡΗΕ.</strong></span> <span class='ocrx_word' id='word_1_3' title='bbox 3466 384 3575 449; x_wconf 68' lang='grc'><strong>614</strong></span> 
     </span>
    </p>
   </div>
   <div class='ocr_carea' id='block_1_2' title="bbox 314 502 1916 581">
    <p class='ocr_par' dir='ltr' id='par_1_2' title="bbox 314 505 1890 581">
     <span class='ocr_line' id='line_1_2' title="bbox 314 505 1890 581; baseline -0.002 -20"><span class='ocrx_word' id='word_1_4' title='bbox 314 507 411 561; x_wconf 86' lang='grc' dir='ltr'><strong>τοῦ</strong></span> <span class='ocrx_word' id='word_1_5' title='bbox 447 508 578 563; x_wconf 81' lang='grc' dir='ltr'>Υίοῦ</span> <span class='ocrx_word' id='word_1_6' title='bbox 610 509 670 562; x_wconf 77' lang='grc' dir='ltr'>τὸ</span> <span class='ocrx_word' id='word_1_7' title='bbox 696 509 921 581; x_wconf 72' lang='grc' dir='ltr'>Πνεῦμα</span> <span class='ocrx_word' id='word_1_8' title='bbox 950 508 1414 581; x_wconf 81' lang='grc' dir='ltr'>πεμπόμενον,ὡ;</span> <span class='ocrx_word' id='word_1_9' title='bbox 1447 505 1688 574; x_wconf 80' lang='grc' dir='ltr'>’ξαύτοῦ</span> <span class='ocrx_word' id='word_1_10' title='bbox 1713 507 1890 576; x_wconf 81' lang='grc' dir='ltr'>ὑπάρ-</span> 
     </span>
    </p>
   </div>
   <div class='ocr_carea' id='block_1_3' title="bbox 1997 502 3355 581">
    <p class='ocr_par' dir='ltr' id='par_1_3' title="bbox 1997 502 3355 575">
     <span class='ocr_line' id='line_1_3' title="bbox 1997 502 3355 575; baseline -0.004 -15"><span class='ocrx_word' id='word_1_11' title='bbox 1997 506 2156 569; x_wconf 91' lang='lat' dir='ltr'><strong>mitti,</strong></span> <span class='ocrx_word' id='word_1_12' title='bbox 2200 504 2278 559; x_wconf 97' lang='lat' dir='ltr'><strong>uti</strong></span> <span class='ocrx_word' id='word_1_13' title='bbox 2308 520 2373 559; x_wconf 73' lang='lat' dir='ltr'><strong>ex</strong></span> <span class='ocrx_word' id='word_1_14' title='bbox 2412 505 2532 575; x_wconf 86' lang='lat' dir='ltr'><strong>ipso</strong></span> <span class='ocrx_word' id='word_1_15' title='bbox 2562 504 2833 561; x_wconf 84' lang='lat' dir='ltr'><strong>exsisteus</strong></span> <span class='ocrx_word' id='word_1_16' title='bbox 2863 503 2931 559; x_wconf 87' lang='lat' dir='ltr'><strong>ab</strong></span> <span class='ocrx_word' id='word_1_17' title='bbox 2958 503 3071 574; x_wconf 87' lang='lat' dir='ltr'><strong>ipso</strong></span> <span class='ocrx_word' id='word_1_18' title='bbox 3099 502 3355 557; x_wconf 87' lang='lat' dir='ltr'><strong>mittitur.</strong></span> 
     </span>
    </p>
   </div>
   <div class='ocr_carea' id='block_1_4' title="bbox 316 598 1119 670">
    <p class='ocr_par' dir='ltr' id='par_1_4' title="bbox 316 598 1119 670">
     <span class='ocr_line' id='line_1_4' title="bbox 316 598 1119 670; baseline 0.007 -21"><span class='ocrx_word' id='word_1_19' title='bbox 316 615 413 666; x_wconf 78' lang='grc' dir='ltr'><strong>χον</strong></span> <span class='ocrx_word' id='word_1_20' title='bbox 450 598 735 667; x_wconf 79' lang='grc' dir='ltr'>πέμπεται</span> <span class='ocrx_word' id='word_1_21' title='bbox 764 600 895 670; x_wconf 81' lang='grc' dir='ltr'>παρ’</span> <span class='ocrx_word' id='word_1_22' title='bbox 928 601 1119 655; x_wconf 73' lang='grc' dir='ltr'>αὑτοῦ.</span> 
     </span>
    </p>
   </div>
   <div class='ocr_carea' id='block_1_5' title="bbox 1058 955 2808 1073">
    <p class='ocr_par' dir='ltr' id='par_1_5' title="bbox 1058 955 2808 1073">
     <span class='ocr_line' id='line_1_5' title="bbox 1058 955 2808 1073; baseline -0.002 -3"><span class='ocrx_word' id='word_1_23' title='bbox 1058 956 1358 1073; x_wconf 87' lang='grc' dir='ltr'><strong>ΤΟΥ</strong></span> <span class='ocrx_word' id='word_1_24' title='bbox 1412 955 1902 1072; x_wconf 87' lang='grc' dir='ltr'>ΑΥΤΟΥ</span> <span class='ocrx_word' id='word_1_25' title='bbox 1977 957 2808 1070; x_wconf 79' lang='grc' dir='ltr'><strong>ΕΠΙΓΡΑΦΑΙ</strong></span> 
     </span>
    </p>
   </div>
   <div class='ocr_carea' id='block_1_6' title="bbox 316 1176 3574 1303">
    <p class='ocr_par' dir='ltr' id='par_1_6' title="bbox 316 1176 3574 1303">
     <span class='ocr_line' id='line_1_6' title="bbox 316 1176 3574 1303; baseline 0.001 -71"><span class='ocrx_word' id='word_1_26' title='bbox 316 1181 420 1232; x_wconf 74' lang='grc' dir='ltr'><strong>ΕΙΣ</strong></span> <span class='ocrx_word' id='word_1_27' title='bbox 463 1180 555 1233; x_wconf 80' lang='grc' dir='ltr'><strong>ΤΛ</strong></span> <span class='ocrx_word' id='word_1_28' title='bbox 591 1179 746 1233; x_wconf 67' lang='lat' dir='ltr'><strong>IIAP‘</strong></span> <span class='ocrx_word' id='word_1_29' title='bbox 804 1179 1035 1233; x_wconf 83' lang='grc' dir='ltr'>ΑΥΤΟΥ</span> <span class='ocrx_word' id='word_1_30' title='bbox 1080 1176 2442 1303; x_wconf 46' lang='grc' dir='ltr'><strong>ΣΥΝΕΙΛΕΓΜΕΝΛᾸΓῙῗέγτῇἱᾶΕιῖξᾶἓξοξητιλ</strong></span> <span class='ocrx_word' id='word_1_31' title='bbox 2482 1178 2639 1231; x_wconf 82' lang='grc' dir='ltr'><strong>ΠΕΡΙ</strong></span> <span class='ocrx_word' id='word_1_32' title='bbox 2693 1178 2829 1232; x_wconf 75' lang='grc' dir='ltr'><strong>ΤΗΣ</strong></span> <span class='ocrx_word' id='word_1_33' title='bbox 2885 1178 3379 1234; x_wconf 75' lang='grc' dir='ltr'><strong>ΕΚΠΟΡΕΥΣΕΩΣ</strong></span> <span class='ocrx_word' id='word_1_34' title='bbox 3437 1182 3574 1234; x_wconf 84' lang='grc' dir='ltr'><strong>ΤΟΥ</strong></span> 
     </span>
    </p>
   </div>
   <div class='ocr_carea' id='block_1_7' title="bbox 1927 1434 1998 1446">
    <p class='ocr_par' dir='ltr' id='par_1_7' title="bbox 1927 1434 1998 1446">
     <span class='ocr_line' id='line_1_7' title="bbox 1927 1434 1998 1446; baseline -0.028 0"><span class='ocrx_word' id='word_1_35' title='bbox 1927 1434 1998 1446; x_wconf 70' lang='grc'><strong>..-</strong></span> 
     </span>
    </p>
   </div>
   <div class='ocr_carea' id='block_1_8' title="bbox 1162 1583 2738 1702">
    <p class='ocr_par' dir='ltr' id='par_1_8' title="bbox 1162 1583 2738 1702">
     <span class='ocr_line' id='line_1_8' title="bbox 1162 1583 2738 1702; baseline -0.001 -3"><span class='ocrx_word' id='word_1_36' title='bbox 1162 1583 1793 1702; x_wconf 87' lang='lat' dir='ltr'><strong>EJUSDEM</strong></span> <span class='ocrx_word' id='word_1_37' title='bbox 1884 1583 2738 1699; x_wconf 63' lang='lat' dir='ltr'><strong>EPIGRAPHfE</strong></span> 
     </span>
    </p>
   </div>
   <div class='ocr_carea' id='block_1_9' title="bbox 309 1806 1916 1881">
    <p class='ocr_par' dir='ltr' id='par_1_9' title="bbox 309 1807 1916 1881">
     <span class='ocr_line' id='line_1_9' title="bbox 309 1807 1916 1881; baseline -0.001 -12"><span class='ocrx_word' id='word_1_38' title='bbox 309 1808 499 1871; x_wconf 69' lang='grc' dir='ltr'><strong>ΘΝΕ</strong></span> <span class='ocrx_word' id='word_1_39' title='bbox 543 1808 1233 1872; x_wconf 68' lang='grc' dir='ltr'><strong>ΡΒΔΞΞΕΒΙΡΤΙΟΝΕΞ</strong></span> <span class='ocrx_word' id='word_1_40' title='bbox 1294 1811 1375 1870; x_wconf 85' lang='grc' dir='ltr'><strong>ΙΝ</strong></span> <span class='ocrx_word' id='word_1_41' title='bbox 1421 1808 1689 1881; x_wconf 81' lang='lat' dir='ltr'><strong>DICTA,</strong></span> <span class='ocrx_word' id='word_1_42' title='bbox 1738 1808 1841 1870; x_wconf 83' lang='lat' dir='ltr'><strong>AC</strong></span> <span class='ocrx_word' id='word_1_43' title='bbox 1899 1807 1916 1867; x_wconf 80' lang='grc' dir='ltr'>ξ</span> 
     </span>
    </p>
   </div>
   <div class='ocr_carea' id='block_1_10' title="bbox 1997 1806 3579 1881">
    <p class='ocr_par' dir='ltr' id='par_1_10' title="bbox 2001 1806 3579 1876">
     <span class='ocr_line' id='line_1_10' title="bbox 2001 1806 3579 1876; baseline 0.006 -9"><span class='ocrx_word' id='word_1_44' title='bbox 2001 1806 2400 1869; x_wconf 85' lang='lat' dir='ltr'><strong>NTENTIAS</strong></span> <span class='ocrx_word' id='word_1_45' title='bbox 2463 1809 2958 1876; x_wconf 82' lang='lat' dir='ltr'><strong>SANCTORUM</strong></span> <span class='ocrx_word' id='word_1_46' title='bbox 3016 1813 3342 1876; x_wconf 83' lang='lat' dir='ltr'><strong>PATRUM</strong></span> <span class='ocrx_word' id='word_1_47' title='bbox 3387 1815 3437 1874; x_wconf 86' lang='lat' dir='ltr'><strong>A</strong></span> <span class='ocrx_word' id='word_1_48' title='bbox 3483 1815 3579 1876; x_wconf 85' lang='lat' dir='ltr'><strong>SE</strong></span> 
     </span>
    </p>
   </div>
   <div class='ocr_carea' id='block_1_11' title="bbox 965 1886 2917 1978">
    <p class='ocr_par' dir='ltr' id='par_1_11' title="bbox 965 1886 2917 1978">
     <span class='ocr_line' id='line_1_11' title="bbox 965 1886 2917 1978; baseline 0.003 -31"><span class='ocrx_word' id='word_1_49' title='bbox 965 1888 1430 1949; x_wconf 86' lang='lat' dir='ltr'><strong>COLLECTAS</strong></span> <span class='ocrx_word' id='word_1_50' title='bbox 1465 1889 1569 1948; x_wconf 92' lang='lat' dir='ltr'><strong>DE</strong></span> <span class='ocrx_word' id='word_1_51' title='bbox 1614 1886 2169 1949; x_wconf 79' lang='lat' dir='ltr'><strong>PROCESSIONE</strong></span> <span class='ocrx_word' id='word_1_52' title='bbox 2206 1889 2564 1951; x_wconf 79' lang='lat' dir='ltr'><strong>SPIRITUS</strong></span> <span class='ocrx_word' id='word_1_53' title='bbox 2601 1890 2917 1978; x_wconf 50' lang='lat' dir='ltr'><strong>SANC&#39;I‘I.</strong></span> 
     </span>
    </p>
   </div>
   <div class='ocr_carea' id='block_1_12' title="bbox 893 2048 1916 2117">
    <p class='ocr_par' dir='ltr' id='par_1_12' title="bbox 893 2048 1361 2108">
     <span class='ocr_line' id='line_1_12' title="bbox 893 2048 1361 2108; baseline -0.004 0"><span class='ocrx_word' id='word_1_54' title='bbox 893 2050 1242 2108; x_wconf 82' lang='grc' dir='ltr'><strong>ΕΠΙΓΡΑΦΗ</strong></span> <span class='ocrx_word' id='word_1_55' title='bbox 1281 2048 1361 2106; x_wconf 84' lang='grc' dir='ltr'><strong>Α¹.</strong></span> 
     </span>
    </p>
   </div>
   <div class='ocr_carea' id='block_1_13' title="bbox 1997 2048 3083 2117">
    <p class='ocr_par' dir='ltr' id='par_1_13' title="bbox 2137 2052 3083 2117">
     <span class='ocr_line' id='line_1_13' title="bbox 2137 2052 3083 2117; baseline -0.002 -8"><span class='ocrx_word' id='word_1_56' title='bbox 2137 2108 2152 2117; x_wconf 77' lang='grc'><strong>,</strong></span> <span class='ocrx_word' id='word_1_57' title='bbox 2498 2052 2973 2109; x_wconf 72' lang='lat' dir='ltr'><strong>PRAESCRIPTIO</strong></span> <span class='ocrx_word' id='word_1_58' title='bbox 3042 2053 3083 2107; x_wconf 89' lang='lat' dir='ltr'><strong>l.</strong></span> 
     </span>
    </p>
   </div>
   <div class='ocr_carea' id='block_1_14' title="bbox 391 2141 1891 2218">
    <p class='ocr_par' dir='ltr' id='par_1_14' title="bbox 391 2141 1891 2218">
     <span class='ocr_line' id='line_1_14' title="bbox 391 2141 1891 2218; baseline -0.005 -15"><span class='ocrx_word' id='word_1_59' title='bbox 391 2147 614 2218; x_wconf 84' lang='grc' dir='ltr'>Ῥήσεις</span> <span class='ocrx_word' id='word_1_60' title='bbox 645 2145 895 2215; x_wconf 83' lang='grc' dir='ltr'>διάφοροι</span> <span class='ocrx_word' id='word_1_61' title='bbox 923 2142 1216 2214; x_wconf 75' lang='grc' dir='ltr'>γραφικαὶ,</span> <span class='ocrx_word' id='word_1_62' title='bbox 1250 2141 1596 2211; x_wconf 81' lang='grc' dir='ltr'>συλλεγεῖσαι</span> <span class='ocrx_word' id='word_1_63' title='bbox 1647 2144 1727 2207; x_wconf 79' lang='grc' dir='ltr'><strong>εἰς</strong></span> <span class='ocrx_word' id='word_1_64' title='bbox 1753 2142 1891 2197; x_wconf 76' lang='grc' dir='ltr'><strong>ἀπό-</strong></span> 
     </span>
    </p>
   </div>
   <div class='ocr_carea' id='block_1_15' title="bbox 308 2230 1890 2306">
    <p class='ocr_par' dir='ltr' id='par_1_15' title="bbox 308 2230 1890 2306">
     <span class='ocr_line' id='line_1_15' title="bbox 308 2230 1890 2306; baseline -0.003 -13"><span class='ocrx_word' id='word_1_65' title='bbox 308 2239 479 2306; x_wconf 67' lang='grc' dir='ltr'>δειξιν</span> <span class='ocrx_word' id='word_1_66' title='bbox 505 2237 601 2291; x_wconf 83' lang='grc' dir='ltr'><strong>τοῦ</strong></span> <span class='ocrx_word' id='word_1_67' title='bbox 632 2230 776 2291; x_wconf 78' lang='grc' dir='ltr'>εἶναι</span> <span class='ocrx_word' id='word_1_68' title='bbox 803 2235 865 2289; x_wconf 83' lang='grc' dir='ltr'><strong>τὸ</strong></span> <span class='ocrx_word' id='word_1_69' title='bbox 886 2234 1110 2305; x_wconf 84' lang='grc' dir='ltr'>Πνεῦμα</span> <span class='ocrx_word' id='word_1_70' title='bbox 1132 2235 1233 2287; x_wconf 74' lang='grc' dir='ltr'>καὶ</span> <span class='ocrx_word' id='word_1_71' title='bbox 1267 2236 1335 2288; x_wconf 77' lang='grc' dir='ltr'>ἐκ</span> <span class='ocrx_word' id='word_1_72' title='bbox 1360 2233 1457 2287; x_wconf 84' lang='grc' dir='ltr'><strong>τοῦ</strong></span> <span class='ocrx_word' id='word_1_73' title='bbox 1479 2231 1637 2299; x_wconf 87' lang='grc' dir='ltr'>Υίοῦ,</span> <span class='ocrx_word' id='word_1_74' title='bbox 1675 2233 1795 2304; x_wconf 84' lang='grc' dir='ltr'>μεθ’</span> <span class='ocrx_word' id='word_1_75' title='bbox 1823 2232 1890 2298; x_wconf 80' lang='grc' dir='ltr'>ἃς</span> 
     </span>
    </p>
   </div>
   <div class='ocr_carea' id='block_1_16' title="bbox 308 2325 1890 2401">
    <p class='ocr_par' dir='ltr' id='par_1_16' title="bbox 308 2325 1890 2401">
     <span class='ocr_line' id='line_1_16' title="bbox 308 2325 1890 2401; baseline -0.004 -16"><span class='ocrx_word' id='word_1_76' title='bbox 308 2332 502 2400; x_wconf 74' lang='grc' dir='ltr'>ἕτεραι</span> <span class='ocrx_word' id='word_1_77' title='bbox 535 2331 765 2401; x_wconf 83' lang='grc' dir='ltr'><strong>χρήσεις</strong></span> <span class='ocrx_word' id='word_1_78' title='bbox 813 2325 1362 2399; x_wconf 79' lang='grc' dir='ltr'>καταστρωννύονται</span> <span class='ocrx_word' id='word_1_79' title='bbox 1416 2328 1475 2380; x_wconf 76' lang='grc' dir='ltr'>ἐν</span> <span class='ocrx_word' id='word_1_80' title='bbox 1528 2330 1595 2396; x_wconf 82' lang='grc' dir='ltr'>τῇ</span> <span class='ocrx_word' id='word_1_81' title='bbox 1639 2326 1890 2398; x_wconf 81' lang='grc' dir='ltr'><strong>παρούσῃ</strong></span> 
     </span>
    </p>
   </div>
   <div class='ocr_carea' id='block_1_17' title="bbox 310 2413 1889 2502">
    <p class='ocr_par' dir='ltr' id='par_1_17' title="bbox 310 2413 1889 2502">
     <span class='ocr_line' id='line_1_17' title="bbox 310 2413 1889 2502; baseline -0.003 -27"><span class='ocrx_word' id='word_1_82' title='bbox 310 2423 481 2494; x_wconf 75' lang='grc' dir='ltr'>βίϐλῳ</span> <span class='ocrx_word' id='word_1_83' title='bbox 511 2422 592 2485; x_wconf 79' lang='grc' dir='ltr'>εἰς</span> <span class='ocrx_word' id='word_1_84' title='bbox 617 2419 893 2502; x_wconf 63' lang='grc' dir='ltr'>ἀπόᾷειξιν</span> <span class='ocrx_word' id='word_1_85' title='bbox 950 2418 1045 2471; x_wconf 88' lang='grc' dir='ltr'><strong>τοῦ</strong></span> <span class='ocrx_word' id='word_1_86' title='bbox 1098 2413 1240 2472; x_wconf 78' lang='grc' dir='ltr'>εἶναι</span> <span class='ocrx_word' id='word_1_87' title='bbox 1308 2417 1370 2470; x_wconf 80' lang='grc' dir='ltr'><strong>τὸ</strong></span> <span class='ocrx_word' id='word_1_88' title='bbox 1402 2416 1625 2487; x_wconf 80' lang='grc' dir='ltr'><strong>Πνεῦμα</strong></span> <span class='ocrx_word' id='word_1_89' title='bbox 1659 2417 1747 2471; x_wconf 79' lang='grc' dir='ltr'><strong>διὰ</strong></span> <span class='ocrx_word' id='word_1_90' title='bbox 1793 2419 1889 2470; x_wconf 91' lang='grc' dir='ltr'><strong>τοῦ</strong></span> 
     </span>
    </p>
   </div>
   <div class='ocr_carea' id='block_1_18' title="bbox 307 2506 1887 2581">
    <p class='ocr_par' dir='ltr' id='par_1_18' title="bbox 307 2506 1887 2581">
     <span class='ocr_line' id='line_1_18' title="bbox 307 2506 1887 2581; baseline -0.003 -14"><span class='ocrx_word' id='word_1_91' title='bbox 307 2514 442 2567; x_wconf 81' lang='grc' dir='ltr'>Υίοῦ</span> <span class='ocrx_word' id='word_1_92' title='bbox 471 2515 536 2567; x_wconf 84' lang='grc' dir='ltr'>ἐκ</span> <span class='ocrx_word' id='word_1_93' title='bbox 565 2510 660 2564; x_wconf 82' lang='grc' dir='ltr'><strong>τοῦ</strong></span> <span class='ocrx_word' id='word_1_94' title='bbox 696 2510 933 2581; x_wconf 71' lang='grc' dir='ltr'>Πατρὸς,</span> <span class='ocrx_word' id='word_1_95' title='bbox 964 2510 1058 2563; x_wconf 78' lang='grc' dir='ltr'><strong>καὶ</strong></span> <span class='ocrx_word' id='word_1_96' title='bbox 1087 2508 1276 2578; x_wconf 74' lang='grc' dir='ltr'>ἐπειδὴ</span> <span class='ocrx_word' id='word_1_97' title='bbox 1305 2510 1358 2562; x_wconf 84' lang='grc' dir='ltr'>αἱ</span> <span class='ocrx_word' id='word_1_98' title='bbox 1389 2507 1487 2578; x_wconf 82' lang='grc' dir='ltr'>μὲν</span> <span class='ocrx_word' id='word_1_99' title='bbox 1521 2509 1585 2561; x_wconf 84' lang='grc' dir='ltr'>ὲκ</span> <span class='ocrx_word' id='word_1_100' title='bbox 1608 2506 1703 2559; x_wconf 91' lang='grc' dir='ltr'><strong>τοῦ</strong></span> <span class='ocrx_word' id='word_1_101' title='bbox 1733 2506 1887 2574; x_wconf 83' lang='grc' dir='ltr'>Υἱοῦ,</span> 
     </span>
    </p>
   </div>
   <div class='ocr_carea' id='block_1_19' title="bbox 305 2592 1892 2662">
    <p class='ocr_par' dir='ltr' id='par_1_19' title="bbox 305 2592 1892 2662">
     <span class='ocr_line' id='line_1_19' title="bbox 305 2592 1892 2662; baseline -0.009 0"><span class='ocrx_word' id='word_1_102' title='bbox 305 2607 367 2662; x_wconf 75' lang='grc' dir='ltr'>αἱ</span> <span class='ocrx_word' id='word_1_103' title='bbox 401 2605 462 2659; x_wconf 73' lang='grc' dir='ltr'><strong>δὲ</strong></span> <span class='ocrx_word' id='word_1_104' title='bbox 493 2604 584 2657; x_wconf 81' lang='grc' dir='ltr'><strong>διὰ</strong></span> <span class='ocrx_word' id='word_1_105' title='bbox 613 2602 708 2656; x_wconf 90' lang='grc' dir='ltr'><strong>τοῦ</strong></span> <span class='ocrx_word' id='word_1_106' title='bbox 747 2598 880 2654; x_wconf 89' lang='grc' dir='ltr'>Υἱοῦ</span> <span class='ocrx_word' id='word_1_107' title='bbox 935 2598 1388 2653; x_wconf 79' lang='grc' dir='ltr'><strong>ἀποδεικνύουσιν</strong></span> <span class='ocrx_word' id='word_1_108' title='bbox 1440 2592 1580 2652; x_wconf 75' lang='grc' dir='ltr'>εἶναι</span> <span class='ocrx_word' id='word_1_109' title='bbox 1615 2596 1765 2659; x_wconf 81' lang='grc' dir='ltr'>αὐτὸ,</span> <span class='ocrx_word' id='word_1_110' title='bbox 1810 2597 1892 2658; x_wconf 84' lang='grc' dir='ltr'><strong>εἰς</strong></span> 
     </span>
    </p>
   </div>
   <div class='ocr_carea' id='block_1_20' title="bbox 304 2677 1887 2767">
    <p class='ocr_par' dir='ltr' id='par_1_20' title="bbox 304 2677 1887 2767">
     <span class='ocr_line' id='line_1_20' title="bbox 304 2677 1887 2767; baseline -0.006 -17"><span class='ocrx_word' id='word_1_111' title='bbox 304 2677 657 2767; x_wconf 77' lang='grc' dir='ltr'>παράστασιν</span> <span class='ocrx_word' id='word_1_112' title='bbox 717 2691 817 2747; x_wconf 85' lang='grc' dir='ltr'><strong>τοῦ</strong></span> <span class='ocrx_word' id='word_1_113' title='bbox 871 2692 1195 2761; x_wconf 80' lang='grc' dir='ltr'>ίσοδυνάμου</span> <span class='ocrx_word' id='word_1_114' title='bbox 1248 2690 1349 2761; x_wconf 77' lang='grc' dir='ltr'><strong>τῆς</strong></span> <span class='ocrx_word' id='word_1_115' title='bbox 1377 2689 1474 2743; x_wconf 81' lang='grc' dir='ltr'><strong>διὰ</strong></span> <span class='ocrx_word' id='word_1_116' title='bbox 1512 2689 1604 2743; x_wconf 75' lang='grc' dir='ltr'><strong>καὶ</strong></span> <span class='ocrx_word' id='word_1_117' title='bbox 1648 2688 1748 2756; x_wconf 77' lang='grc' dir='ltr'><strong>τῆς</strong></span> <span class='ocrx_word' id='word_1_118' title='bbox 1797 2689 1887 2755; x_wconf 85' lang='grc' dir='ltr'>ἐκ,</span> 
     </span>
    </p>
   </div>
   <div class='ocr_carea' id='block_1_21' title="bbox 305 2778 1890 2855">
    <p class='ocr_par' dir='ltr' id='par_1_21' title="bbox 305 2778 1890 2855">
     <span class='ocr_line' id='line_1_21' title="bbox 305 2778 1890 2855; baseline -0.009 -12"><span class='ocrx_word' id='word_1_119' title='bbox 305 2786 624 2849; x_wconf 80' lang='grc' dir='ltr'><strong>ἀκολούθως</strong></span> <span class='ocrx_word' id='word_1_120' title='bbox 652 2782 933 2855; x_wconf 78' lang='grc' dir='ltr'>παρευθῦς</span> <span class='ocrx_word' id='word_1_121' title='bbox 963 2781 1152 2853; x_wconf 74' lang='grc' dir='ltr'>ἕτεραι</span> <span class='ocrx_word' id='word_1_122' title='bbox 1205 2780 1476 2849; x_wconf 73' lang='grc' dir='ltr'>γραφικαὶ</span> <span class='ocrx_word' id='word_1_123' title='bbox 1530 2778 1753 2849; x_wconf 81' lang='grc' dir='ltr'>χρήσεις</span> <span class='ocrx_word' id='word_1_124' title='bbox 1788 2795 1890 2831; x_wconf 83' lang='grc' dir='ltr'>κα-</span> 
     </span>
    </p>
   </div>
   <div class='ocr_carea' id='block_1_22' title="bbox 306 2866 1892 2951">
    <p class='ocr_par' dir='ltr' id='par_1_22' title="bbox 306 2866 1892 2951">
     <span class='ocr_line' id='line_1_22' title="bbox 306 2866 1892 2951; baseline -0.008 -18"><span class='ocrx_word' id='word_1_125' title='bbox 306 2876 806 2951; x_wconf 71' lang='grc' dir='ltr'>ταστρωννύονται,</span> <span class='ocrx_word' id='word_1_126' title='bbox 852 2874 921 2930; x_wconf 85' lang='grc' dir='ltr'><strong>δι’</strong></span> <span class='ocrx_word' id='word_1_127' title='bbox 951 2866 1028 2930; x_wconf 85' lang='grc' dir='ltr'>ὧν</span> <span class='ocrx_word' id='word_1_128' title='bbox 1059 2875 1121 2927; x_wconf 77' lang='grc' dir='ltr'>τὸ</span> <span class='ocrx_word' id='word_1_129' title='bbox 1149 2871 1258 2928; x_wconf 85' lang='grc' dir='ltr'><strong>τῶν</strong></span> <span class='ocrx_word' id='word_1_130' title='bbox 1296 2869 1611 2943; x_wconf 80' lang='grc' dir='ltr'>προθέσεων</span> <span class='ocrx_word' id='word_1_131' title='bbox 1647 2868 1892 2922; x_wconf 83' lang='grc' dir='ltr'>ἰσοδύνα-</span> 
     </span>
    </p>
   </div>
   <div class='ocr_carea' id='block_1_23' title="bbox 308 2916 866 3043">
    <p class='ocr_par' dir='ltr' id='par_1_23' title="bbox 308 2916 866 3043">
     <span class='ocr_line' id='line_1_23' title="bbox 308 2916 866 3043; baseline -0.005 -18"><span class='ocrx_word' id='word_1_132' title='bbox 308 2916 414 3043; x_wconf 62' lang='lat' dir='ltr'><strong>tto;</strong></span> <span class='ocrx_word' id='word_1_133' title='bbox 444 2916 866 3024; x_wconf 51' lang='grc' dir='ltr'>Σποδείκνυτζιι.</span> 
     </span>
    </p>
   </div>
   <div class='ocr_carea' id='block_1_24' title="bbox 679 3151 1509 3223">
    <p class='ocr_par' dir='ltr' id='par_1_24' title="bbox 679 3151 1509 3223">
     <span class='ocr_line' id='line_1_24' title="bbox 679 3151 1509 3223; baseline -0.007 -10"><span class='ocrx_word' id='word_1_134' title='bbox 679 3159 810 3212; x_wconf 83' lang='grc' dir='ltr'>Ὅτι</span> <span class='ocrx_word' id='word_1_135' title='bbox 841 3156 949 3212; x_wconf 82' lang='grc' dir='ltr'><strong>τοῦ</strong></span> <span class='ocrx_word' id='word_1_136' title='bbox 976 3154 1114 3210; x_wconf 79' lang='grc' dir='ltr'>Υιοῦ</span> <span class='ocrx_word' id='word_1_137' title='bbox 1144 3154 1212 3209; x_wconf 84' lang='grc' dir='ltr'>τὸ</span> <span class='ocrx_word' id='word_1_138' title='bbox 1242 3151 1509 3223; x_wconf 83' lang='grc' dir='ltr'><strong>Πνεῦμα.</strong></span> 
     </span>
    </p>
   </div>
   <div class='ocr_carea' id='block_1_25' title="bbox 392 3265 1891 3346">
    <p class='ocr_par' dir='ltr' id='par_1_25' title="bbox 392 3265 1891 3346">
     <span class='ocr_line' id='line_1_25' title="bbox 392 3265 1891 3346; baseline -0.008 -14"><span class='ocrx_word' id='word_1_139' title='bbox 392 3277 456 3331; x_wconf 87' lang='lat'><strong>&#39;0</strong></span> <span class='ocrx_word' id='word_1_140' title='bbox 478 3276 703 3346; x_wconf 84' lang='grc' dir='ltr'>Νύσσης</span> <span class='ocrx_word' id='word_1_141' title='bbox 736 3272 1038 3345; x_wconf 78' lang='grc' dir='ltr'>Γρηγύριος</span> <span class='ocrx_word' id='word_1_142' title='bbox 1083 3275 1141 3324; x_wconf 79' lang='grc' dir='ltr'>ἐν</span> <span class='ocrx_word' id='word_1_143' title='bbox 1161 3271 1230 3340; x_wconf 79' lang='grc' dir='ltr'>τῇ</span> <span class='ocrx_word' id='word_1_144' title='bbox 1280 3270 1361 3333; x_wconf 81' lang='grc' dir='ltr'><strong>εἰς</strong></span> <span class='ocrx_word' id='word_1_145' title='bbox 1384 3268 1448 3322; x_wconf 81' lang='grc' dir='ltr'>τὸ</span> <span class='ocrx_word' id='word_1_146' title='bbox 1496 3267 1679 3339; x_wconf 80' lang='grc' dir='ltr'>Πάτερ</span> <span class='ocrx_word' id='word_1_147' title='bbox 1729 3265 1891 3338; x_wconf 77' lang='grc' dir='ltr'>ἡμῶν</span> 
     </span>
    </p>
   </div>
   <div class='ocr_carea' id='block_1_26' title="bbox 2064 2144 3548 2217">
    <p class='ocr_par' dir='ltr' id='par_1_26' title="bbox 2064 2144 3548 2217">
     <span class='ocr_line' id='line_1_26' title="bbox 2064 2144 3548 2217; baseline 0.003 -17"><span class='ocrx_word' id='word_1_148' title='bbox 2064 2144 2226 2201; x_wconf 74' lang='lat' dir='ltr'><strong>Varia</strong></span> <span class='ocrx_word' id='word_1_149' title='bbox 2256 2146 2583 2217; x_wconf 83' lang='lat' dir='ltr'><strong>diversaque</strong></span> <span class='ocrx_word' id='word_1_150' title='bbox 2615 2147 2822 2216; x_wconf 83' lang='lat' dir='ltr'><strong>scripto</strong></span> <span class='ocrx_word' id='word_1_151' title='bbox 2848 2147 3047 2202; x_wconf 84' lang='lat' dir='ltr'><strong>tradita</strong></span> <span class='ocrx_word' id='word_1_152' title='bbox 3099 2156 3264 2210; x_wconf 78' lang='lat' dir='ltr'><strong>otcta.</strong></span> <span class='ocrx_word' id='word_1_153' title='bbox 3298 2147 3548 2204; x_wconf 89' lang='lat' dir='ltr'><strong>Patrum-</strong></span> 
     </span>
    </p>
   </div>
   <div class='ocr_carea' id='block_1_27' title="bbox 1992 2239 3569 2312">
    <p class='ocr_par' dir='ltr' id='par_1_27' title="bbox 1992 2239 3569 2312">
     <span class='ocr_line' id='line_1_27' title="bbox 1992 2239 3569 2312; baseline 0 -19"><span class='ocrx_word' id='word_1_154' title='bbox 1992 2253 2099 2310; x_wconf 87' lang='lat' dir='ltr'><strong>que</strong></span> <span class='ocrx_word' id='word_1_155' title='bbox 2130 2239 2415 2295; x_wconf 83' lang='lat' dir='ltr'><strong>sententiae</strong></span> <span class='ocrx_word' id='word_1_156' title='bbox 2444 2241 2707 2305; x_wconf 71' lang='lat' dir='ltr'><strong>collectae,</strong></span> <span class='ocrx_word' id='word_1_157' title='bbox 2742 2239 2944 2307; x_wconf 85' lang='lat' dir='ltr'><strong>quibus</strong></span> <span class='ocrx_word' id='word_1_158' title='bbox 2980 2240 3411 2306; x_wconf 88' lang='lat' dir='ltr'><strong>demonstratur,</strong></span> <span class='ocrx_word' id='word_1_159' title='bbox 3444 2241 3569 2312; x_wconf 88' lang='lat' dir='ltr'><strong>Spi-</strong></span> 
     </span>
    </p>
   </div>
   <div class='ocr_carea' id='block_1_28' title="bbox 1991 2334 3569 2406">
    <p class='ocr_par' dir='ltr' id='par_1_28' title="bbox 1991 2334 3569 2406">
     <span class='ocr_line' id='line_1_28' title="bbox 1991 2334 3569 2406; baseline 0.001 -17"><span class='ocrx_word' id='word_1_160' title='bbox 1991 2336 2158 2389; x_wconf 87' lang='lat' dir='ltr'><strong>ritum</strong></span> <span class='ocrx_word' id='word_1_161' title='bbox 2203 2336 2368 2391; x_wconf 88' lang='lat' dir='ltr'><strong>etiam</strong></span> <span class='ocrx_word' id='word_1_162' title='bbox 2391 2350 2457 2390; x_wconf 83' lang='lat' dir='ltr'><strong>ex</strong></span> <span class='ocrx_word' id='word_1_163' title='bbox 2492 2334 2631 2389; x_wconf 89' lang='lat' dir='ltr'><strong>Filio</strong></span> <span class='ocrx_word' id='word_1_164' title='bbox 2659 2349 2804 2389; x_wconf 90' lang='lat' dir='ltr'><strong>esse.</strong></span> <span class='ocrx_word' id='word_1_165' title='bbox 2853 2334 3281 2404; x_wconf 82' lang='lat' dir='ltr'><strong>Subseqnuntur</strong></span> <span class='ocrx_word' id='word_1_166' title='bbox 3314 2350 3379 2390; x_wconf 89' lang='lat' dir='ltr'><strong>ae</strong></span> <span class='ocrx_word' id='word_1_167' title='bbox 3416 2335 3569 2406; x_wconf 84' lang='lat' dir='ltr'><strong>dige-</strong></span> 
     </span>
    </p>
   </div>
   <div class='ocr_carea' id='block_1_29' title="bbox 1992 2426 3571 2498">
    <p class='ocr_par' dir='ltr' id='par_1_29' title="bbox 1992 2426 3571 2498">
     <span class='ocr_line' id='line_1_29' title="bbox 1992 2426 3571 2498; baseline 0.001 -16"><span class='ocrx_word' id='word_1_168' title='bbox 1992 2434 2189 2482; x_wconf 84' lang='lat' dir='ltr'><strong>runtur</strong></span> <span class='ocrx_word' id='word_1_169' title='bbox 2240 2427 2294 2482; x_wconf 94' lang='lat' dir='ltr'><strong>in</strong></span> <span class='ocrx_word' id='word_1_170' title='bbox 2327 2428 2514 2482; x_wconf 90' lang='lat' dir='ltr'><strong>eodem</strong></span> <span class='ocrx_word' id='word_1_171' title='bbox 2583 2426 2724 2481; x_wconf 88' lang='lat' dir='ltr'><strong>libro</strong></span> <span class='ocrx_word' id='word_1_172' title='bbox 2782 2426 2887 2480; x_wconf 92' lang='lat' dir='ltr'><strong>alia</strong></span> <span class='ocrx_word' id='word_1_173' title='bbox 2934 2427 3100 2491; x_wconf 89' lang='lat' dir='ltr'><strong>dicta,</strong></span> <span class='ocrx_word' id='word_1_174' title='bbox 3139 2426 3571 2498; x_wconf 85' lang='lat' dir='ltr'><strong>eorumdemque</strong></span> 
     </span>
    </p>
   </div>
   <div class='ocr_carea' id='block_1_30' title="bbox 1992 2518 3565 2590">
    <p class='ocr_par' dir='ltr' id='par_1_30' title="bbox 1992 2518 3565 2590">
     <span class='ocr_line' id='line_1_30' title="bbox 1992 2518 3565 2590; baseline 0.001 -16"><span class='ocrx_word' id='word_1_175' title='bbox 1992 2518 2297 2581; x_wconf 70' lang='lat' dir='ltr'><strong>sententiae,</strong></span> <span class='ocrx_word' id='word_1_176' title='bbox 2350 2518 2552 2588; x_wconf 85' lang='lat' dir='ltr'><strong>quibus</strong></span> <span class='ocrx_word' id='word_1_177' title='bbox 2603 2520 3014 2574; x_wconf 76' lang='lat' dir='ltr'><strong>demonstratur</strong></span> <span class='ocrx_word' id='word_1_178' title='bbox 3054 2520 3318 2590; x_wconf 87' lang='lat' dir='ltr'><strong>Spiritum</strong></span> <span class='ocrx_word' id='word_1_179' title='bbox 3349 2536 3478 2576; x_wconf 87' lang='lat' dir='ltr'><strong>esse</strong></span> <span class='ocrx_word' id='word_1_180' title='bbox 3500 2538 3565 2575; x_wconf 79' lang='lat' dir='ltr'><strong>ex</strong></span> 
     </span>
    </p>
   </div>
   <div class='ocr_carea' id='block_1_31' title="bbox 1995 2605 3570 2679">
    <p class='ocr_par' dir='ltr' id='par_1_31' title="bbox 1995 2605 3570 2679">
     <span class='ocr_line' id='line_1_31' title="bbox 1995 2605 3570 2679; baseline 0.002 -18"><span class='ocrx_word' id='word_1_181' title='bbox 1995 2606 2149 2663; x_wconf 78' lang='lat' dir='ltr'><strong>Patre</strong></span> <span class='ocrx_word' id='word_1_182' title='bbox 2192 2623 2287 2676; x_wconf 89' lang='lat' dir='ltr'><strong>per</strong></span> <span class='ocrx_word' id='word_1_183' title='bbox 2332 2605 2553 2662; x_wconf 78' lang='lat' dir='ltr'><strong>Filium.</strong></span> <span class='ocrx_word' id='word_1_184' title='bbox 2590 2606 2655 2661; x_wconf 83' lang='lat' dir='ltr'><strong>Et</strong></span> <span class='ocrx_word' id='word_1_185' title='bbox 2699 2624 2824 2662; x_wconf 83' lang='lat' dir='ltr'><strong>cum</strong></span> <span class='ocrx_word' id='word_1_186' title='bbox 2875 2609 3097 2663; x_wconf 89' lang='lat' dir='ltr'><strong>illorum</strong></span> <span class='ocrx_word' id='word_1_187' title='bbox 3131 2625 3259 2679; x_wconf 88' lang='lat' dir='ltr'><strong>pars</strong></span> <span class='ocrx_word' id='word_1_188' title='bbox 3292 2626 3359 2667; x_wconf 80' lang='lat' dir='ltr'><strong>ex</strong></span> <span class='ocrx_word' id='word_1_189' title='bbox 3409 2610 3570 2673; x_wconf 90' lang='lat' dir='ltr'><strong>Filio,</strong></span> 
     </span>
    </p>
   </div>
   <div class='ocr_carea' id='block_1_32' title="bbox 1992 2696 3577 2767">
    <p class='ocr_par' dir='ltr' id='par_1_32' title="bbox 1992 2696 3577 2767">
     <span class='ocr_line' id='line_1_32' title="bbox 1992 2696 3577 2767; baseline 0.003 -16"><span class='ocrx_word' id='word_1_190' title='bbox 1992 2712 2116 2767; x_wconf 91' lang='lat' dir='ltr'><strong>pars</strong></span> <span class='ocrx_word' id='word_1_191' title='bbox 2153 2713 2248 2767; x_wconf 86' lang='lat' dir='ltr'><strong>per</strong></span> <span class='ocrx_word' id='word_1_192' title='bbox 2279 2696 2475 2752; x_wconf 87' lang='lat' dir='ltr'><strong>Filium</strong></span> <span class='ocrx_word' id='word_1_193' title='bbox 2519 2697 2779 2766; x_wconf 86' lang='lat' dir='ltr'><strong>Spiritum</strong></span> <span class='ocrx_word' id='word_1_194' title='bbox 2829 2714 2950 2755; x_wconf 90' lang='lat' dir='ltr'><strong>esse</strong></span> <span class='ocrx_word' id='word_1_195' title='bbox 2997 2701 3357 2767; x_wconf 82' lang='lat' dir='ltr'><strong>demonstret,</strong></span> <span class='ocrx_word' id='word_1_196' title='bbox 3395 2712 3577 2758; x_wconf 83' lang='lat' dir='ltr'><strong>astru-</strong></span> 
     </span>
    </p>
   </div>
   <div class='ocr_carea' id='block_1_33' title="bbox 1996 2791 3577 2864">
    <p class='ocr_par' dir='ltr' id='par_1_33' title="bbox 1996 2791 3577 2864">
     <span class='ocr_line' id='line_1_33' title="bbox 1996 2791 3577 2864; baseline 0.004 -20"><span class='ocrx_word' id='word_1_197' title='bbox 1996 2801 2165 2846; x_wconf 89' lang='lat' dir='ltr'><strong>untur</strong></span> <span class='ocrx_word' id='word_1_198' title='bbox 2197 2791 2644 2860; x_wconf 60' lang='lat' dir='ltr'><strong>praepositionum</strong></span> <span class='ocrx_word' id='word_1_199' title='bbox 2675 2807 2740 2844; x_wconf 72' lang='lat' dir='ltr'><strong>ex</strong></span> <span class='ocrx_word' id='word_1_200' title='bbox 2774 2800 2827 2845; x_wconf 83' lang='lat' dir='ltr'><strong>ot</strong></span> <span class='ocrx_word' id='word_1_201' title='bbox 2855 2809 2946 2861; x_wconf 88' lang='lat' dir='ltr'><strong>per</strong></span> <span class='ocrx_word' id='word_1_202' title='bbox 2977 2793 3116 2847; x_wconf 81' lang='lat' dir='ltr'><strong>vires</strong></span> <span class='ocrx_word' id='word_1_203' title='bbox 3150 2794 3412 2864; x_wconf 69' lang='lat' dir='ltr'><strong>aequales,</strong></span> <span class='ocrx_word' id='word_1_204' title='bbox 3464 2808 3577 2851; x_wconf 78' lang='lat' dir='ltr'><strong>Sta-</strong></span> 
     </span>
    </p>
   </div>
   <div class='ocr_carea' id='block_1_34' title="bbox 1995 2883 3572 2958">
    <p class='ocr_par' dir='ltr' id='par_1_34' title="bbox 1995 2883 3572 2958">
     <span class='ocr_line' id='line_1_34' title="bbox 1995 2883 3572 2958; baseline 0.003 -22"><span class='ocrx_word' id='word_1_205' title='bbox 1995 2883 2203 2952; x_wconf 91' lang='lat' dir='ltr'><strong>timque</strong></span> <span class='ocrx_word' id='word_1_206' title='bbox 2263 2884 2612 2952; x_wconf 88' lang='lat' dir='ltr'><strong>postmodum</strong></span> <span class='ocrx_word' id='word_1_207' title='bbox 2649 2883 3019 2958; x_wconf 84' lang='lat' dir='ltr'><strong>adnectuntur</strong></span> <span class='ocrx_word' id='word_1_208' title='bbox 3067 2885 3171 2939; x_wconf 89' lang='lat' dir='ltr'><strong>alia</strong></span> <span class='ocrx_word' id='word_1_209' title='bbox 3230 2886 3572 2950; x_wconf 84' lang='lat' dir='ltr'><strong>testimonia,</strong></span> 
     </span>
    </p>
   </div>
   <div class='ocr_carea' id='block_1_35' title="bbox 1992 2973 3576 3046">
    <p class='ocr_par' dir='ltr' id='par_1_35' title="bbox 1992 2973 3576 3046">
     <span class='ocr_line' id='line_1_35' title="bbox 1992 2973 3576 3046; baseline 0.003 -19"><span class='ocrx_word' id='word_1_210' title='bbox 1992 2973 2193 3045; x_wconf 86' lang='lat' dir='ltr'><strong>quibus</strong></span> <span class='ocrx_word' id='word_1_211' title='bbox 2247 2973 2560 3028; x_wconf 83' lang='lat' dir='ltr'><strong>earumdem</strong></span> <span class='ocrx_word' id='word_1_212' title='bbox 2632 2974 3077 3045; x_wconf 69' lang='lat' dir='ltr'><strong>praapositionum</strong></span> <span class='ocrx_word' id='word_1_213' title='bbox 3133 2976 3279 3030; x_wconf 68' lang='lat' dir='ltr'><strong>xires</strong></span> <span class='ocrx_word' id='word_1_214' title='bbox 3334 2977 3576 3046; x_wconf 65' lang='lat' dir='ltr'><strong>aequales</strong></span> 
     </span>
    </p>
   </div>
   <div class='ocr_carea' id='block_1_36' title="bbox 1993 3066 2380 3121">
    <p class='ocr_par' dir='ltr' id='par_1_36' title="bbox 1993 3066 2380 3121">
     <span class='ocr_line' id='line_1_36' title="bbox 1993 3066 2380 3121; baseline -0.005 0"><span class='ocrx_word' id='word_1_215' title='bbox 1993 3066 2380 3121; x_wconf 90' lang='lat' dir='ltr'><strong>ostenduntur.</strong></span> 
     </span>
    </p>
   </div>
   <div class='ocr_carea' id='block_1_37' title="bbox 2375 3156 3196 3229">
    <p class='ocr_par' dir='ltr' id='par_1_37' title="bbox 2375 3156 3196 3229">
     <span class='ocr_line' id='line_1_37' title="bbox 2375 3156 3196 3229; baseline 0.004 -19"><span class='ocrx_word' id='word_1_216' title='bbox 2375 3156 2528 3221; x_wconf 82' lang='lat' dir='ltr'><strong>Quod</strong></span> <span class='ocrx_word' id='word_1_217' title='bbox 2556 3166 2634 3212; x_wconf 75' lang='lat' dir='ltr'><strong>est</strong></span> <span class='ocrx_word' id='word_1_218' title='bbox 2674 3173 2738 3212; x_wconf 75' lang='lat' dir='ltr'><strong>ex</strong></span> <span class='ocrx_word' id='word_1_219' title='bbox 2769 3156 2912 3212; x_wconf 80' lang='lat' dir='ltr'><strong>Filio</strong></span> <span class='ocrx_word' id='word_1_220' title='bbox 2947 3156 3196 3229; x_wconf 77' lang='lat' dir='ltr'><strong>Spiritus.</strong></span> 
     </span>
    </p>
   </div>
   <div class='ocr_carea' id='block_1_38' title="bbox 2065 3268 3564 3342">
    <p class='ocr_par' dir='ltr' id='par_1_38' title="bbox 2065 3268 3564 3342">
     <span class='ocr_line' id='line_1_38' title="bbox 2065 3268 3564 3342; baseline 0.003 -18"><span class='ocrx_word' id='word_1_221' title='bbox 2065 3268 2361 3340; x_wconf 76' lang='lat' dir='ltr'><strong>Gregorius</strong></span> <span class='ocrx_word' id='word_1_222' title='bbox 2390 3270 2671 3342; x_wconf 84' lang='lat' dir='ltr'><strong>Nyssenus</strong></span> <span class='ocrx_word' id='word_1_223' title='bbox 2727 3271 2950 3325; x_wconf 88' lang='lat' dir='ltr'><strong>homilia</strong></span> <span class='ocrx_word' id='word_1_224' title='bbox 2980 3271 3051 3339; x_wconf 59' lang='lat' dir='ltr'><strong>,in</strong></span> <span class='ocrx_word' id='word_1_225' title='bbox 3086 3270 3401 3329; x_wconf 88' lang='lat' dir='ltr'><strong>Orationem</strong></span> <span class='ocrx_word' id='word_1_226' title='bbox 3460 3276 3564 3329; x_wconf 81' lang='lat' dir='ltr'><strong>Do-</strong></span> 
     </span>
    </p>
   </div>
   <div class='ocr_carea' id='block_1_39' title="bbox 305 3359 1916 3462">
    <p class='ocr_par' dir='ltr' id='par_1_39' title="bbox 305 3359 1887 3462">
     <span class='ocr_line' id='line_1_39' title="bbox 305 3359 1887 3462; baseline -0.008 -38"><span class='ocrx_word' id='word_1_227' title='bbox 305 3369 495 3441; x_wconf 75' lang='grc' dir='ltr'>ὁμιλία</span> <span class='ocrx_word' id='word_1_228' title='bbox 526 3369 716 3432; x_wconf 83' lang='grc' dir='ltr'>αὑτοῦ,</span> <span class='ocrx_word' id='word_1_229' title='bbox 738 3362 807 3440; x_wconf 81' lang='grc' dir='ltr'><strong>ἦς</strong></span> <span class='ocrx_word' id='word_1_230' title='bbox 837 3367 870 3435; x_wconf 82' lang='grc' dir='ltr'><strong>ἡ</strong></span> <span class='ocrx_word' id='word_1_231' title='bbox 903 3364 1048 3435; x_wconf 82' lang='grc' dir='ltr'>ἁρχὴ</span> <span class='ocrx_word' id='word_1_232' title='bbox 1087 3381 1106 3415; x_wconf 73' lang='grc' dir='ltr'><strong>ι</strong></span> <span class='ocrx_word' id='word_1_233' title='bbox 1158 3365 1218 3417; x_wconf 92' lang='lat'><strong>&#39;0</strong></span> <span class='ocrx_word' id='word_1_234' title='bbox 1264 3361 1363 3434; x_wconf 80' lang='grc' dir='ltr'>τὴν</span> <span class='ocrx_word' id='word_1_235' title='bbox 1419 3360 1581 3415; x_wconf 79' lang='grc' dir='ltr'>σκιὰν</span> <span class='ocrx_word' id='word_1_236' title='bbox 1610 3361 1721 3462; x_wconf 53' lang='grc' dir='ltr'>τίὲν</span> <span class='ocrx_word' id='word_1_237' title='bbox 1753 3359 1887 3428; x_wconf 81' lang='grc' dir='ltr'>μελ-</span> 
     </span>
    </p>
   </div>
   <div class='ocr_carea' id='block_1_40' title="bbox 1997 3359 3569 3462">
    <p class='ocr_par' dir='ltr' id='par_1_40' title="bbox 1997 3362 3569 3434">
     <span class='ocr_line' id='line_1_40' title="bbox 1997 3362 3569 3434; baseline 0.004 -18"><span class='ocrx_word' id='word_1_238' title='bbox 1997 3362 2271 3428; x_wconf 88' lang='lat' dir='ltr'><strong>minicam,</strong></span> <span class='ocrx_word' id='word_1_239' title='bbox 2299 3363 2458 3432; x_wconf 86' lang='lat' dir='ltr'><strong>cujus</strong></span> <span class='ocrx_word' id='word_1_240' title='bbox 2487 3364 2618 3417; x_wconf 85' lang='lat' dir='ltr'><strong>illud</strong></span> <span class='ocrx_word' id='word_1_241' title='bbox 2646 3363 2974 3434; x_wconf 85' lang='lat' dir='ltr'><strong>principium</strong></span> <span class='ocrx_word' id='word_1_242' title='bbox 3027 3374 3111 3420; x_wconf 86' lang='lat' dir='ltr'><strong>est</strong></span> <span class='ocrx_word' id='word_1_243' title='bbox 3147 3383 3160 3419; x_wconf 89' lang='lat'><strong>:</strong></span> <span class='ocrx_word' id='word_1_244' title='bbox 3203 3383 3222 3417; x_wconf 79' lang='grc' dir='ltr'><strong>ι</strong></span> <span class='ocrx_word' id='word_1_245' title='bbox 3266 3365 3373 3420; x_wconf 82' lang='lat' dir='ltr'><strong>Lex</strong></span> <span class='ocrx_word' id='word_1_246' title='bbox 3422 3365 3569 3422; x_wconf 82' lang='lat' dir='ltr'><strong>futu-</strong></span> 
     </span>
    </p>
   </div>
   <div class='ocr_carea' id='block_1_41' title="bbox 308 3450 1916 3529">
    <p class='ocr_par' dir='ltr' id='par_1_41' title="bbox 308 3450 1892 3529">
     <span class='ocr_line' id='line_1_41' title="bbox 308 3450 1892 3529; baseline -0.006 -14"><span class='ocrx_word' id='word_1_247' title='bbox 308 3463 515 3516; x_wconf 86' lang='grc' dir='ltr'>λόντων</span> <span class='ocrx_word' id='word_1_248' title='bbox 545 3459 819 3529; x_wconf 81' lang='grc' dir='ltr'>περιέχων</span> <span class='ocrx_word' id='word_1_249' title='bbox 849 3457 1035 3526; x_wconf 83' lang='grc' dir='ltr'>νόμος,</span> <span class='ocrx_word' id='word_1_250' title='bbox 1080 3473 1099 3507; x_wconf 75' lang='grc' dir='ltr'><strong>ι</strong></span> <span class='ocrx_word' id='word_1_251' title='bbox 1135 3454 1278 3509; x_wconf 75' lang='grc' dir='ltr'>οὕτω</span> <span class='ocrx_word' id='word_1_252' title='bbox 1311 3453 1479 3524; x_wconf 85' lang='grc' dir='ltr'>φησίν</span> <span class='ocrx_word' id='word_1_253' title='bbox 1505 3467 1523 3484; x_wconf 75' lang='grc' dir='ltr'><strong>ο</strong></span> <span class='ocrx_word' id='word_1_254' title='bbox 1565 3471 1585 3504; x_wconf 72' lang='grc' dir='ltr'><strong>ι</strong></span> <span class='ocrx_word' id='word_1_255' title='bbox 1624 3450 1756 3509; x_wconf 88' lang='grc' dir='ltr'>Ὅτε</span> <span class='ocrx_word' id='word_1_256' title='bbox 1781 3451 1892 3523; x_wconf 82' lang='grc' dir='ltr'><strong>γὰρ</strong></span> 
     </span>
    </p>
   </div>
   <div class='ocr_carea' id='block_1_42' title="bbox 1997 3450 3571 3529">
    <p class='ocr_par' dir='ltr' id='par_1_42' title="bbox 1998 3454 3571 3526">
     <span class='ocr_line' id='line_1_42' title="bbox 1998 3454 3571 3526; baseline 0.001 -17"><span class='ocrx_word' id='word_1_257' title='bbox 1998 3470 2181 3511; x_wconf 85' lang='lat' dir='ltr'><strong>rerum</strong></span> <span class='ocrx_word' id='word_1_258' title='bbox 2231 3454 2483 3510; x_wconf 84' lang='lat' dir='ltr'><strong>umbram</strong></span> <span class='ocrx_word' id='word_1_259' title='bbox 2531 3455 2840 3520; x_wconf 80' lang='lat' dir='ltr'><strong>continens,</strong></span> <span class='ocrx_word' id='word_1_260' title='bbox 2875 3473 2895 3507; x_wconf 74' lang='grc' dir='ltr'><strong>ι</strong></span> <span class='ocrx_word' id='word_1_261' title='bbox 2933 3455 3129 3526; x_wconf 90' lang='lat' dir='ltr'><strong>inquit.</strong></span> <span class='ocrx_word' id='word_1_262' title='bbox 3181 3474 3200 3509; x_wconf 75' lang='grc' dir='ltr'><strong>ι</strong></span> <span class='ocrx_word' id='word_1_263' title='bbox 3238 3456 3373 3513; x_wconf 89' lang='lat' dir='ltr'><strong>Cum</strong></span> <span class='ocrx_word' id='word_1_264' title='bbox 3426 3459 3571 3513; x_wconf 92' lang='lat' dir='ltr'><strong>enim</strong></span> 
     </span>
    </p>
   </div>
   <div class='ocr_carea' id='block_1_43' title="bbox 307 3544 1885 3617">
    <p class='ocr_par' dir='ltr' id='par_1_43' title="bbox 307 3544 1885 3617">
     <span class='ocr_line' id='line_1_43' title="bbox 307 3544 1885 3617; baseline 0.004 -13"><span class='ocrx_word' id='word_1_265' title='bbox 307 3552 442 3615; x_wconf 76' lang='grc' dir='ltr'><strong>Υἱὸς</strong></span> <span class='ocrx_word' id='word_1_266' title='bbox 466 3554 531 3605; x_wconf 78' lang='grc' dir='ltr'><strong>ὲκ</strong></span> <span class='ocrx_word' id='word_1_267' title='bbox 557 3548 654 3602; x_wconf 86' lang='grc' dir='ltr'><strong>τοῦ</strong></span> <span class='ocrx_word' id='word_1_268' title='bbox 687 3546 898 3617; x_wconf 83' lang='grc' dir='ltr'>Πατρδς</span> <span class='ocrx_word' id='word_1_269' title='bbox 930 3545 1148 3616; x_wconf 71' lang='grc' dir='ltr'>ἐξῆλθε,</span> <span class='ocrx_word' id='word_1_270' title='bbox 1177 3546 1363 3608; x_wconf 80' lang='grc' dir='ltr'>καθώς</span> <span class='ocrx_word' id='word_1_271' title='bbox 1403 3561 1573 3615; x_wconf 83' lang='grc' dir='ltr'>φησιν</span> <span class='ocrx_word' id='word_1_272' title='bbox 1604 3544 1638 3614; x_wconf 79' lang='grc' dir='ltr'><strong>ἠ</strong></span> <span class='ocrx_word' id='word_1_273' title='bbox 1666 3544 1705 3598; x_wconf 87' lang='grc' dir='ltr'><strong><em>Γ</em></strong></span> <span class='ocrx_word' id='word_1_274' title='bbox 1711 3545 1885 3615; x_wconf 48' lang='lat' dir='ltr'><strong>(impii:</strong></span> 
     </span>
    </p>
   </div>
   <div class='ocr_carea' id='block_1_44' title="bbox 308 3635 1884 3708">
    <p class='ocr_par' dir='ltr' id='par_1_44' title="bbox 308 3635 1884 3708">
     <span class='ocr_line' id='line_1_44' title="bbox 308 3635 1884 3708; baseline -0.006 -11"><span class='ocrx_word' id='word_1_275' title='bbox 308 3646 405 3697; x_wconf 80' lang='grc' dir='ltr'>καὶ</span> <span class='ocrx_word' id='word_1_276' title='bbox 426 3645 489 3695; x_wconf 71' lang='grc' dir='ltr'>τὸ</span> <span class='ocrx_word' id='word_1_277' title='bbox 518 3639 748 3708; x_wconf 81' lang='grc' dir='ltr'>Πνεῦμα</span> <span class='ocrx_word' id='word_1_278' title='bbox 778 3639 844 3691; x_wconf 83' lang='grc' dir='ltr'>ὲκ</span> <span class='ocrx_word' id='word_1_279' title='bbox 872 3637 970 3691; x_wconf 89' lang='grc' dir='ltr'><strong>τοῦ</strong></span> <span class='ocrx_word' id='word_1_280' title='bbox 1017 3637 1179 3700; x_wconf 77' lang='grc' dir='ltr'>θεοῦ,</span> <span class='ocrx_word' id='word_1_281' title='bbox 1212 3636 1307 3690; x_wconf 80' lang='grc' dir='ltr'>καὶ</span> <span class='ocrx_word' id='word_1_282' title='bbox 1336 3637 1490 3705; x_wconf 73' lang='grc' dir='ltr'>παρὰ</span> <span class='ocrx_word' id='word_1_283' title='bbox 1527 3635 1625 3689; x_wconf 87' lang='grc' dir='ltr'><strong>τοῦ</strong></span> <span class='ocrx_word' id='word_1_284' title='bbox 1663 3637 1884 3707; x_wconf 83' lang='grc' dir='ltr'>Πατρὸς</span> 
     </span>
    </p>
   </div>
   <div class='ocr_carea' id='block_1_45' title="bbox 306 3720 1887 3804">
    <p class='ocr_par' dir='ltr' id='par_1_45' title="bbox 306 3720 1887 3804">
     <span class='ocr_line' id='line_1_45' title="bbox 306 3720 1887 3804; baseline -0.005 -16"><span class='ocrx_word' id='word_1_285' title='bbox 306 3732 700 3804; x_wconf 73' lang='grc' dir='ltr'>ἐκπορεύεται·</span> <span class='ocrx_word' id='word_1_286' title='bbox 735 3728 851 3784; x_wconf 83' lang='grc' dir='ltr'>ἀλλ’</span> <span class='ocrx_word' id='word_1_287' title='bbox 873 3730 1063 3799; x_wconf 84' lang='grc' dir='ltr'>ὥσπερ</span> <span class='ocrx_word' id='word_1_288' title='bbox 1091 3727 1151 3780; x_wconf 86' lang='grc' dir='ltr'><strong>τὸ</strong></span> <span class='ocrx_word' id='word_1_289' title='bbox 1177 3728 1304 3783; x_wconf 80' lang='grc' dir='ltr'>ἄνευ</span> <span class='ocrx_word' id='word_1_290' title='bbox 1333 3726 1512 3790; x_wconf 82' lang='grc' dir='ltr'>αἰτίας</span> <span class='ocrx_word' id='word_1_291' title='bbox 1552 3720 1692 3779; x_wconf 86' lang='grc' dir='ltr'>εἷναι</span> <span class='ocrx_word' id='word_1_292' title='bbox 1726 3726 1887 3796; x_wconf 81' lang='grc' dir='ltr'>μόνου</span> 
     </span>
    </p>
   </div>
   <div class='ocr_carea' id='block_1_46' title="bbox 306 3808 1888 3894">
    <p class='ocr_par' dir='ltr' id='par_1_46' title="bbox 306 3808 1888 3894">
     <span class='ocr_line' id='line_1_46' title="bbox 306 3808 1888 3894; baseline -0.007 -15"><span class='ocrx_word' id='word_1_293' title='bbox 306 3825 402 3879; x_wconf 84' lang='grc' dir='ltr'><strong>τοῦ</strong></span> <span class='ocrx_word' id='word_1_294' title='bbox 443 3823 657 3894; x_wconf 79' lang='grc' dir='ltr'>Πατρὺς</span> <span class='ocrx_word' id='word_1_295' title='bbox 686 3822 771 3889; x_wconf 81' lang='grc' dir='ltr'>ὃν,</span> <span class='ocrx_word' id='word_1_296' title='bbox 799 3821 879 3890; x_wconf 82' lang='grc' dir='ltr'><strong>τῷ</strong></span> <span class='ocrx_word' id='word_1_297' title='bbox 913 3819 1024 3888; x_wconf 83' lang='grc' dir='ltr'>Υἱῴ</span> <span class='ocrx_word' id='word_1_298' title='bbox 1055 3819 1147 3871; x_wconf 75' lang='grc' dir='ltr'>καὶ</span> <span class='ocrx_word' id='word_1_299' title='bbox 1171 3808 1249 3886; x_wconf 81' lang='grc' dir='ltr'><strong>τῷ</strong></span> <span class='ocrx_word' id='word_1_300' title='bbox 1301 3817 1479 3887; x_wconf 78' lang='grc' dir='ltr'>Πατρὶ</span> <span class='ocrx_word' id='word_1_301' title='bbox 1532 3817 1888 3886; x_wconf 76' lang='grc' dir='ltr'>ἐφαρμοσθῆ-</span> 
     </span>
    </p>
   </div>
   <div class='ocr_carea' id='block_1_47' title="bbox 305 3903 1886 3980">
    <p class='ocr_par' dir='ltr' id='par_1_47' title="bbox 305 3903 1886 3980">
     <span class='ocr_line' id='line_1_47' title="bbox 305 3903 1886 3980; baseline -0.006 -10"><span class='ocrx_word' id='word_1_302' title='bbox 305 3932 398 3970; x_wconf 85' lang='grc' dir='ltr'><strong>ναι</strong></span> <span class='ocrx_word' id='word_1_303' title='bbox 425 3914 486 3967; x_wconf 87' lang='grc' dir='ltr'><strong>ού</strong></span> <span class='ocrx_word' id='word_1_304' title='bbox 509 3914 760 3978; x_wconf 85' lang='grc' dir='ltr'>δύναται,</span> <span class='ocrx_word' id='word_1_305' title='bbox 785 3912 928 3968; x_wconf 78' lang='grc' dir='ltr'>οὕτω</span> <span class='ocrx_word' id='word_1_306' title='bbox 957 3909 1052 3963; x_wconf 72' lang='grc' dir='ltr'><strong>καὶ</strong></span> <span class='ocrx_word' id='word_1_307' title='bbox 1080 3907 1316 3980; x_wconf 78' lang='grc' dir='ltr'>ἔμπαλιν</span> <span class='ocrx_word' id='word_1_308' title='bbox 1343 3907 1405 3959; x_wconf 79' lang='grc' dir='ltr'><strong>τὸ</strong></span> <span class='ocrx_word' id='word_1_309' title='bbox 1434 3906 1494 3972; x_wconf 80' lang='grc' dir='ltr'>ἐξ</span> <span class='ocrx_word' id='word_1_310' title='bbox 1515 3907 1695 3970; x_wconf 82' lang='grc' dir='ltr'>αἰτίας</span> <span class='ocrx_word' id='word_1_311' title='bbox 1720 3903 1886 3975; x_wconf 75' lang='grc' dir='ltr'>εἶναι,</span> 
     </span>
    </p>
   </div>
   <div class='ocr_carea' id='block_1_48' title="bbox 305 3997 1887 4076">
    <p class='ocr_par' dir='ltr' id='par_1_48' title="bbox 305 3997 1887 4076">
     <span class='ocr_line' id='line_1_48' title="bbox 305 3997 1887 4076; baseline -0.006 -16"><span class='ocrx_word' id='word_1_312' title='bbox 305 4007 445 4076; x_wconf 74' lang='grc' dir='ltr'>ὅπερ</span> <span class='ocrx_word' id='word_1_313' title='bbox 480 4004 611 4058; x_wconf 78' lang='grc' dir='ltr'>ἴδιόν</span> <span class='ocrx_word' id='word_1_314' title='bbox 645 4005 766 4061; x_wconf 78' lang='grc' dir='ltr'>ἐστι</span> <span class='ocrx_word' id='word_1_315' title='bbox 815 4003 912 4056; x_wconf 84' lang='grc' dir='ltr'><strong>τοῦ</strong></span> <span class='ocrx_word' id='word_1_316' title='bbox 952 4000 1082 4054; x_wconf 82' lang='grc' dir='ltr'>Υίοῦ</span> <span class='ocrx_word' id='word_1_317' title='bbox 1135 4000 1233 4055; x_wconf 75' lang='grc' dir='ltr'>καὶ</span> <span class='ocrx_word' id='word_1_318' title='bbox 1281 3998 1376 4052; x_wconf 91' lang='grc' dir='ltr'><strong>τοῦ</strong></span> <span class='ocrx_word' id='word_1_319' title='bbox 1435 3997 1774 4068; x_wconf 79' lang='grc' dir='ltr'>Πνεύματος,</span> <span class='ocrx_word' id='word_1_320' title='bbox 1807 3999 1887 4069; x_wconf 87' lang='grc' dir='ltr'>τῷ</span> 
     </span>
    </p>
   </div>
   <div class='ocr_carea' id='block_1_49' title="bbox 307 4090 1886 4169">
    <p class='ocr_par' dir='ltr' id='par_1_49' title="bbox 307 4090 1886 4169">
     <span class='ocr_line' id='line_1_49' title="bbox 307 4090 1886 4169; baseline -0.006 -17"><span class='ocrx_word' id='word_1_321' title='bbox 307 4099 489 4169; x_wconf 71' lang='grc' dir='ltr'>Πατρὶ</span> <span class='ocrx_word' id='word_1_322' title='bbox 530 4094 979 4166; x_wconf 82' lang='grc' dir='ltr'>ὲπιθεωρηθῆναι</span> <span class='ocrx_word' id='word_1_323' title='bbox 1031 4091 1195 4161; x_wconf 84' lang='grc' dir='ltr'>φύσιν</span> <span class='ocrx_word' id='word_1_324' title='bbox 1247 4091 1346 4144; x_wconf 86' lang='grc' dir='ltr'><strong>οὐκ</strong></span> <span class='ocrx_word' id='word_1_325' title='bbox 1396 4090 1531 4160; x_wconf 68' lang='grc' dir='ltr'>ἔχει.</span> <span class='ocrx_word' id='word_1_326' title='bbox 1582 4090 1782 4144; x_wconf 82' lang='grc' dir='ltr'>Κοινοῦ</span> <span class='ocrx_word' id='word_1_327' title='bbox 1830 4091 1886 4143; x_wconf 80' lang='grc' dir='ltr'><strong>δὲ</strong></span> 
     </span>
    </p>
   </div>
   <div class='ocr_carea' id='block_1_50' title="bbox 305 4182 1887 4258">
    <p class='ocr_par' dir='ltr' id='par_1_50' title="bbox 305 4182 1887 4258">
     <span class='ocr_line' id='line_1_50' title="bbox 305 4182 1887 4258; baseline -0.006 -16"><span class='ocrx_word' id='word_1_328' title='bbox 305 4189 461 4252; x_wconf 69' lang='grc' dir='ltr'>ὄντος</span> <span class='ocrx_word' id='word_1_329' title='bbox 487 4187 566 4258; x_wconf 80' lang='grc' dir='ltr'>τῷ</span> <span class='ocrx_word' id='word_1_330' title='bbox 600 4186 714 4257; x_wconf 81' lang='grc' dir='ltr'>Υἱῴ</span> <span class='ocrx_word' id='word_1_331' title='bbox 744 4189 842 4241; x_wconf 70' lang='grc' dir='ltr'><strong>καὶ</strong></span> <span class='ocrx_word' id='word_1_332' title='bbox 880 4185 958 4256; x_wconf 84' lang='grc' dir='ltr'><strong>τῷ</strong></span> <span class='ocrx_word' id='word_1_333' title='bbox 1009 4183 1295 4253; x_wconf 87' lang='grc' dir='ltr'>Πνεύματι</span> <span class='ocrx_word' id='word_1_334' title='bbox 1347 4182 1409 4236; x_wconf 83' lang='grc' dir='ltr'><strong>τὸ</strong></span> <span class='ocrx_word' id='word_1_335' title='bbox 1460 4182 1536 4253; x_wconf 82' lang='grc' dir='ltr'>μὴ</span> <span class='ocrx_word' id='word_1_336' title='bbox 1573 4182 1887 4252; x_wconf 76' lang='grc' dir='ltr'>ἀγεννήτως</span> 
     </span>
    </p>
   </div>
   <div class='ocr_carea' id='block_1_51' title="bbox 304 4273 1886 4351">
    <p class='ocr_par' dir='ltr' id='par_1_51' title="bbox 304 4273 1886 4351">
     <span class='ocr_line' id='line_1_51' title="bbox 304 4273 1886 4351; baseline -0.004 -18"><span class='ocrx_word' id='word_1_337' title='bbox 304 4279 470 4345; x_wconf 81' lang='grc' dir='ltr'>εἶναι,</span> <span class='ocrx_word' id='word_1_338' title='bbox 505 4280 583 4342; x_wconf 83' lang='grc' dir='ltr'><strong>ὡς</strong></span> <span class='ocrx_word' id='word_1_339' title='bbox 621 4279 688 4334; x_wconf 81' lang='grc' dir='ltr'>ἂν</span> <span class='ocrx_word' id='word_1_340' title='bbox 723 4280 798 4349; x_wconf 83' lang='grc' dir='ltr'>μή</span> <span class='ocrx_word' id='word_1_341' title='bbox 827 4295 911 4342; x_wconf 86' lang='grc' dir='ltr'>τις</span> <span class='ocrx_word' id='word_1_342' title='bbox 938 4276 1203 4351; x_wconf 74' lang='grc' dir='ltr'>σύγχυσις</span> <span class='ocrx_word' id='word_1_343' title='bbox 1232 4276 1363 4344; x_wconf 76' lang='grc' dir='ltr'>περὶ</span> <span class='ocrx_word' id='word_1_344' title='bbox 1411 4274 1470 4327; x_wconf 83' lang='grc' dir='ltr'><strong>τὸ</strong></span> <span class='ocrx_word' id='word_1_345' title='bbox 1522 4273 1886 4344; x_wconf 81' lang='grc' dir='ltr'>ὑποκείμενον</span> 
     </span>
    </p>
   </div>
   <div class='ocr_carea' id='block_1_52' title="bbox 305 4364 1886 4443">
    <p class='ocr_par' dir='ltr' id='par_1_52' title="bbox 305 4364 1886 4443">
     <span class='ocr_line' id='line_1_52' title="bbox 305 4364 1886 4443; baseline -0.006 -17"><span class='ocrx_word' id='word_1_346' title='bbox 305 4371 641 4443; x_wconf 78' lang='grc' dir='ltr'><strong>θεωρηθείη,</strong></span> <span class='ocrx_word' id='word_1_347' title='bbox 675 4370 839 4424; x_wconf 84' lang='grc' dir='ltr'>πάλιν</span> <span class='ocrx_word' id='word_1_348' title='bbox 869 4369 1020 4422; x_wconf 75' lang='grc' dir='ltr'>ἐστὶν</span> <span class='ocrx_word' id='word_1_349' title='bbox 1040 4368 1278 4438; x_wconf 79' lang='grc' dir='ltr'>ἄμικτον</span> <span class='ocrx_word' id='word_1_350' title='bbox 1304 4366 1403 4436; x_wconf 77' lang='grc' dir='ltr'><strong>τὴν</strong></span> <span class='ocrx_word' id='word_1_351' title='bbox 1432 4367 1490 4418; x_wconf 83' lang='grc' dir='ltr'>ὲν</span> <span class='ocrx_word' id='word_1_352' title='bbox 1515 4367 1629 4428; x_wconf 84' lang='grc' dir='ltr'>τοῖς</span> <span class='ocrx_word' id='word_1_353' title='bbox 1659 4364 1886 4435; x_wconf 75' lang='grc' dir='ltr'>ἰδιώμα-</span> 
     </span>
    </p>
   </div>
   <div class='ocr_carea' id='block_1_53' title="bbox 305 4454 1885 4533">
    <p class='ocr_par' dir='ltr' id='par_1_53' title="bbox 305 4454 1885 4533">
     <span class='ocr_line' id='line_1_53' title="bbox 305 4454 1885 4533; baseline -0.007 -16"><span class='ocrx_word' id='word_1_354' title='bbox 305 4481 392 4517; x_wconf 85' lang='grc' dir='ltr'><strong>σιν</strong></span> <span class='ocrx_word' id='word_1_355' title='bbox 422 4461 604 4516; x_wconf 82' lang='grc' dir='ltr'>αὐτῶν</span> <span class='ocrx_word' id='word_1_356' title='bbox 631 4459 898 4533; x_wconf 78' lang='grc' dir='ltr'>διαφορὰν</span> <span class='ocrx_word' id='word_1_357' title='bbox 927 4458 1194 4526; x_wconf 76' lang='grc' dir='ltr'>ἐξευρεῖν,</span> <span class='ocrx_word' id='word_1_358' title='bbox 1237 4456 1313 4520; x_wconf 81' lang='grc' dir='ltr'><strong>ὼς</strong></span> <span class='ocrx_word' id='word_1_359' title='bbox 1347 4454 1416 4509; x_wconf 84' lang='grc' dir='ltr'><strong>ἂν</strong></span> <span class='ocrx_word' id='word_1_360' title='bbox 1465 4457 1561 4508; x_wconf 81' lang='grc' dir='ltr'><strong>καὶ</strong></span> <span class='ocrx_word' id='word_1_361' title='bbox 1604 4455 1665 4506; x_wconf 82' lang='grc' dir='ltr'>τὸ</span> <span class='ocrx_word' id='word_1_362' title='bbox 1706 4454 1885 4507; x_wconf 83' lang='grc' dir='ltr'>κοινὸν</span> 
     </span>
    </p>
   </div>
   <div class='ocr_carea' id='block_1_54' title="bbox 304 4544 1882 4626">
    <p class='ocr_par' dir='ltr' id='par_1_54' title="bbox 304 4544 1882 4626">
     <span class='ocr_line' id='line_1_54' title="bbox 304 4544 1882 4626; baseline -0.004 -19"><span class='ocrx_word' id='word_1_363' title='bbox 304 4554 635 4626; x_wconf 72' lang='grc' dir='ltr'>φυλαχθείη,</span> <span class='ocrx_word' id='word_1_364' title='bbox 667 4554 761 4611; x_wconf 77' lang='grc' dir='ltr'>καὶ</span> <span class='ocrx_word' id='word_1_365' title='bbox 793 4551 855 4602; x_wconf 81' lang='grc' dir='ltr'>τὸ</span> <span class='ocrx_word' id='word_1_366' title='bbox 883 4551 1015 4604; x_wconf 76' lang='grc' dir='ltr'>ἴδιον</span> <span class='ocrx_word' id='word_1_367' title='bbox 1051 4544 1125 4620; x_wconf 73' lang='grc' dir='ltr'>μὴ</span> <span class='ocrx_word' id='word_1_368' title='bbox 1159 4548 1484 4619; x_wconf 80' lang='grc' dir='ltr'>συγχυθείη.</span> <span class='ocrx_word' id='word_1_369' title='bbox 1547 4547 1609 4600; x_wconf 83' lang='lat'><strong>&#39;0</strong></span> <span class='ocrx_word' id='word_1_370' title='bbox 1640 4547 1751 4617; x_wconf 74' lang='grc' dir='ltr'><strong>γὰρ</strong></span> <span class='ocrx_word' id='word_1_371' title='bbox 1787 4564 1882 4617; x_wconf 67' lang='grc' dir='ltr'>μοι</span> 
     </span>
    </p>
   </div>
   <div class='ocr_carea' id='block_1_55' title="bbox 306 4629 1886 4716">
    <p class='ocr_par' dir='ltr' id='par_1_55' title="bbox 306 4629 1886 4716">
     <span class='ocr_line' id='line_1_55' title="bbox 306 4629 1886 4716; baseline -0.004 -18"><span class='ocrx_word' id='word_1_372' title='bbox 306 4646 534 4716; x_wconf 77' lang='grc' dir='ltr'>νογενὴς</span> <span class='ocrx_word' id='word_1_373' title='bbox 567 4645 694 4706; x_wconf 72' lang='grc' dir='ltr'><strong>Υἱὸς</strong></span> <span class='ocrx_word' id='word_1_374' title='bbox 727 4643 791 4695; x_wconf 84' lang='grc' dir='ltr'>ὲκ</span> <span class='ocrx_word' id='word_1_375' title='bbox 816 4641 911 4694; x_wconf 89' lang='grc' dir='ltr'><strong>τοῦ</strong></span> <span class='ocrx_word' id='word_1_376' title='bbox 945 4629 1169 4711; x_wconf 65' lang='grc' dir='ltr'>Πατρδέ</span> <span class='ocrx_word' id='word_1_377' title='bbox 1220 4639 1369 4708; x_wconf 77' lang='grc' dir='ltr'>παρὰ</span> <span class='ocrx_word' id='word_1_378' title='bbox 1403 4639 1504 4707; x_wconf 82' lang='grc' dir='ltr'><strong>τῆς</strong></span> <span class='ocrx_word' id='word_1_379' title='bbox 1534 4639 1696 4708; x_wconf 82' lang='grc' dir='ltr'>ἁγίας</span> <span class='ocrx_word' id='word_1_380' title='bbox 1731 4639 1886 4710; x_wconf 88' lang='grc' dir='ltr'>Γρα-</span> 
     </span>
    </p>
   </div>
   <div class='ocr_carea' id='block_1_56' title="bbox 1989 3545 3571 3620">
    <p class='ocr_par' dir='ltr' id='par_1_56' title="bbox 1989 3545 3571 3620">
     <span class='ocr_line' id='line_1_56' title="bbox 1989 3545 3571 3620; baseline 0.003 -20"><span class='ocrx_word' id='word_1_381' title='bbox 1989 3545 2163 3602; x_wconf 90' lang='lat' dir='ltr'><strong>Filius</strong></span> <span class='ocrx_word' id='word_1_382' title='bbox 2199 3562 2265 3605; x_wconf 78' lang='lat' dir='ltr'><strong>ex</strong></span> <span class='ocrx_word' id='word_1_383' title='bbox 2294 3545 2455 3602; x_wconf 87' lang='lat' dir='ltr'><strong>Patre</strong></span> <span class='ocrx_word' id='word_1_384' title='bbox 2489 3548 2682 3611; x_wconf 73' lang='lat' dir='ltr'><strong>exivit,</strong></span> <span class='ocrx_word' id='word_1_385' title='bbox 2716 3555 2777 3603; x_wconf 93' lang='lat' dir='ltr'><strong>ut</strong></span> <span class='ocrx_word' id='word_1_386' title='bbox 2805 3547 3088 3617; x_wconf 88' lang='lat' dir='ltr'><strong>Scriptura</strong></span> <span class='ocrx_word' id='word_1_387' title='bbox 3125 3551 3312 3615; x_wconf 84' lang='lat' dir='ltr'><strong>tradit,</strong></span> <span class='ocrx_word' id='word_1_388' title='bbox 3344 3560 3397 3604; x_wconf 85' lang='lat' dir='ltr'><strong>et</strong></span> <span class='ocrx_word' id='word_1_389' title='bbox 3447 3550 3571 3620; x_wconf 90' lang='lat' dir='ltr'><strong>Spi-</strong></span> 
     </span>
    </p>
   </div>
   <div class='ocr_carea' id='block_1_57' title="bbox 1988 3637 3565 3713">
    <p class='ocr_par' dir='ltr' id='par_1_57' title="bbox 1988 3637 3565 3713">
     <span class='ocr_line' id='line_1_57' title="bbox 1988 3637 3565 3713; baseline 0.002 -21"><span class='ocrx_word' id='word_1_390' title='bbox 1988 3638 2130 3695; x_wconf 84' lang='lat' dir='ltr'><strong>ritus</strong></span> <span class='ocrx_word' id='word_1_391' title='bbox 2153 3654 2220 3696; x_wconf 79' lang='lat' dir='ltr'><strong>ex</strong></span> <span class='ocrx_word' id='word_1_392' title='bbox 2248 3639 2356 3694; x_wconf 90' lang='lat' dir='ltr'><strong>Deo</strong></span> <span class='ocrx_word' id='word_1_393' title='bbox 2387 3646 2441 3694; x_wconf 90' lang='lat' dir='ltr'><strong>et</strong></span> <span class='ocrx_word' id='word_1_394' title='bbox 2470 3637 2630 3697; x_wconf 89' lang='lat' dir='ltr'><strong>Patre</strong></span> <span class='ocrx_word' id='word_1_395' title='bbox 2654 3639 2900 3708; x_wconf 87' lang='lat' dir='ltr'><strong>procedit</strong></span> <span class='ocrx_word' id='word_1_396' title='bbox 2932 3657 2947 3694; x_wconf 74' lang='grc' dir='ltr'>ί</span> <span class='ocrx_word' id='word_1_397' title='bbox 2975 3641 3069 3694; x_wconf 85' lang='lat' dir='ltr'><strong>sed</strong></span> <span class='ocrx_word' id='word_1_398' title='bbox 3096 3641 3565 3713; x_wconf 82' lang='lat' dir='ltr'><strong>quemadmodum</strong></span> 
     </span>
    </p>
   </div>
   <div class='ocr_carea' id='block_1_58' title="bbox 1988 3727 3572 3799">
    <p class='ocr_par' dir='ltr' id='par_1_58' title="bbox 1988 3727 3572 3799">
     <span class='ocr_line' id='line_1_58' title="bbox 1988 3727 3572 3799; baseline 0 -16"><span class='ocrx_word' id='word_1_399' title='bbox 1988 3730 2197 3799; x_wconf 84' lang='lat' dir='ltr'><strong>absque</strong></span> <span class='ocrx_word' id='word_1_400' title='bbox 2236 3745 2401 3789; x_wconf 84' lang='lat' dir='ltr'><strong>causa</strong></span> <span class='ocrx_word' id='word_1_401' title='bbox 2429 3743 2551 3784; x_wconf 85' lang='lat' dir='ltr'><strong>esse</strong></span> <span class='ocrx_word' id='word_1_402' title='bbox 2603 3729 2774 3784; x_wconf 86' lang='lat' dir='ltr'><strong>solius</strong></span> <span class='ocrx_word' id='word_1_403' title='bbox 2826 3727 3008 3784; x_wconf 83' lang='lat' dir='ltr'><strong>Patris</strong></span> <span class='ocrx_word' id='word_1_404' title='bbox 3051 3738 3156 3794; x_wconf 88' lang='lat' dir='ltr'><strong>est,</strong></span> <span class='ocrx_word' id='word_1_405' title='bbox 3187 3732 3333 3799; x_wconf 90' lang='lat' dir='ltr'><strong>quo.l</strong></span> <span class='ocrx_word' id='word_1_406' title='bbox 3395 3746 3572 3799; x_wconf 85' lang='lat' dir='ltr'><strong>neque</strong></span> 
     </span>
    </p>
   </div>
   <div class='ocr_carea' id='block_1_59' title="bbox 1986 3822 3566 3893">
    <p class='ocr_par' dir='ltr' id='par_1_59' title="bbox 1986 3822 3566 3893">
     <span class='ocr_line' id='line_1_59' title="bbox 1986 3822 3566 3893; baseline 0.001 -17"><span class='ocrx_word' id='word_1_407' title='bbox 1986 3822 2146 3886; x_wconf 87' lang='lat' dir='ltr'><strong>Filio,</strong></span> <span class='ocrx_word' id='word_1_408' title='bbox 2205 3838 2380 3893; x_wconf 89' lang='lat' dir='ltr'><strong>neque</strong></span> <span class='ocrx_word' id='word_1_409' title='bbox 2438 3822 2666 3891; x_wconf 82' lang='lat' dir='ltr'><strong>Spiritui</strong></span> <span class='ocrx_word' id='word_1_410' title='bbox 2728 3822 2973 3892; x_wconf 86' lang='lat' dir='ltr'><strong>adaptari</strong></span> <span class='ocrx_word' id='word_1_411' title='bbox 3065 3832 3262 3892; x_wconf 81' lang='lat' dir='ltr'><strong>potest,</strong></span> <span class='ocrx_word' id='word_1_412' title='bbox 3314 3825 3397 3878; x_wconf 86' lang='lat' dir='ltr'><strong>sic</strong></span> <span class='ocrx_word' id='word_1_413' title='bbox 3448 3826 3566 3877; x_wconf 82' lang='lat' dir='ltr'><strong>vice</strong></span> 
     </span>
    </p>
   </div>
   <div class='ocr_carea' id='block_1_60' title="bbox 1988 3912 3572 3984">
    <p class='ocr_par' dir='ltr' id='par_1_60' title="bbox 1988 3912 3572 3984">
     <span class='ocr_line' id='line_1_60' title="bbox 1988 3912 3572 3984; baseline -0.001 -15"><span class='ocrx_word' id='word_1_414' title='bbox 1988 3929 2140 3969; x_wconf 88' lang='lat' dir='ltr'><strong>versa</strong></span> <span class='ocrx_word' id='word_1_415' title='bbox 2165 3930 2227 3968; x_wconf 77' lang='lat' dir='ltr'><strong>ex</strong></span> <span class='ocrx_word' id='word_1_416' title='bbox 2254 3929 2421 3968; x_wconf 87' lang='lat' dir='ltr'><strong>causa</strong></span> <span class='ocrx_word' id='word_1_417' title='bbox 2452 3929 2599 3977; x_wconf 86' lang='lat' dir='ltr'><strong>esse.</strong></span> <span class='ocrx_word' id='word_1_418' title='bbox 2674 3914 2820 3984; x_wconf 88' lang='lat' dir='ltr'><strong>quod</strong></span> <span class='ocrx_word' id='word_1_419' title='bbox 2880 3923 2966 3970; x_wconf 79' lang='lat' dir='ltr'><strong>est</strong></span> <span class='ocrx_word' id='word_1_420' title='bbox 2990 3914 3275 3983; x_wconf 84' lang='lat' dir='ltr'><strong>preprium</strong></span> <span class='ocrx_word' id='word_1_421' title='bbox 3353 3912 3478 3967; x_wconf 87' lang='lat' dir='ltr'><strong>Filii</strong></span> <span class='ocrx_word' id='word_1_422' title='bbox 3515 3925 3572 3968; x_wconf 77' lang='lat' dir='ltr'><strong>et</strong></span> 
     </span>
    </p>
   </div>
   <div class='ocr_carea' id='block_1_61' title="bbox 1989 4004 3567 4075">
    <p class='ocr_par' dir='ltr' id='par_1_61' title="bbox 1989 4004 3567 4075">
     <span class='ocr_line' id='line_1_61' title="bbox 1989 4004 3567 4075; baseline -0.002 -14"><span class='ocrx_word' id='word_1_423' title='bbox 1989 4005 2250 4074; x_wconf 86' lang='lat' dir='ltr'><strong>Spiritus,</strong></span> <span class='ocrx_word' id='word_1_424' title='bbox 2304 4005 2373 4060; x_wconf 88' lang='lat' dir='ltr'><strong>de</strong></span> <span class='ocrx_word' id='word_1_425' title='bbox 2404 4004 2565 4063; x_wconf 84' lang='lat' dir='ltr'><strong>Patre</strong></span> <span class='ocrx_word' id='word_1_426' title='bbox 2594 4005 2845 4075; x_wconf 78' lang='lat' dir='ltr'><strong>intelligi,</strong></span> <span class='ocrx_word' id='word_1_427' title='bbox 2892 4005 3132 4061; x_wconf 90' lang='lat' dir='ltr'><strong>alienum</strong></span> <span class='ocrx_word' id='word_1_428' title='bbox 3162 4021 3193 4060; x_wconf 93' lang='lat' dir='ltr'><strong>a</strong></span> <span class='ocrx_word' id='word_1_429' title='bbox 3226 4017 3422 4060; x_wconf 84' lang='lat' dir='ltr'><strong>natura</strong></span> <span class='ocrx_word' id='word_1_430' title='bbox 3461 4016 3567 4062; x_wconf 71' lang='grc' dir='ltr'>ρει.</span> 
     </span>
    </p>
   </div>
   <div class='ocr_carea' id='block_1_62' title="bbox 1987 4095 3559 4167">
    <p class='ocr_par' dir='ltr' id='par_1_62' title="bbox 1987 4095 3559 4167">
     <span class='ocr_line' id='line_1_62' title="bbox 1987 4095 3559 4167; baseline -0.003 -12"><span class='ocrx_word' id='word_1_431' title='bbox 1987 4096 2124 4155; x_wconf 88' lang='lat' dir='ltr'><strong>Cum</strong></span> <span class='ocrx_word' id='word_1_432' title='bbox 2152 4112 2278 4155; x_wconf 87' lang='lat' dir='ltr'><strong>vero</strong></span> <span class='ocrx_word' id='word_1_433' title='bbox 2305 4095 2445 4151; x_wconf 84' lang='lat' dir='ltr'><strong>Filio</strong></span> <span class='ocrx_word' id='word_1_434' title='bbox 2477 4105 2528 4151; x_wconf 89' lang='lat' dir='ltr'><strong>et</strong></span> <span class='ocrx_word' id='word_1_435' title='bbox 2562 4096 2792 4167; x_wconf 83' lang='lat' dir='ltr'><strong>Spiritui</strong></span> <span class='ocrx_word' id='word_1_436' title='bbox 2830 4112 3126 4153; x_wconf 88' lang='lat' dir='ltr'><strong>commune</strong></span> <span class='ocrx_word' id='word_1_437' title='bbox 3150 4098 3243 4160; x_wconf 87' lang='lat' dir='ltr'><strong>sit,</strong></span> <span class='ocrx_word' id='word_1_438' title='bbox 3282 4098 3559 4167; x_wconf 77' lang='lat' dir='ltr'><strong>ingenitus</strong></span> 
     </span>
    </p>
   </div>
   <div class='ocr_carea' id='block_1_63' title="bbox 1991 4187 3571 4257">
    <p class='ocr_par' dir='ltr' id='par_1_63' title="bbox 1991 4187 3571 4257">
     <span class='ocr_line' id='line_1_63' title="bbox 1991 4187 3571 4257; baseline 0.002 -17"><span class='ocrx_word' id='word_1_439' title='bbox 1991 4202 2097 4241; x_wconf 89' lang='lat' dir='ltr'><strong>non</strong></span> <span class='ocrx_word' id='word_1_440' title='bbox 2133 4202 2276 4252; x_wconf 83' lang='lat' dir='ltr'><strong>esse,</strong></span> <span class='ocrx_word' id='word_1_441' title='bbox 2319 4203 2386 4242; x_wconf 88' lang='lat' dir='ltr'><strong>ne</strong></span> <span class='ocrx_word' id='word_1_442' title='bbox 2423 4187 2678 4243; x_wconf 77' lang='lat' dir='ltr'><strong>confusio</strong></span> <span class='ocrx_word' id='word_1_443' title='bbox 2704 4188 2850 4243; x_wconf 87' lang='lat' dir='ltr'><strong>circa</strong></span> <span class='ocrx_word' id='word_1_444' title='bbox 2881 4188 3193 4257; x_wconf 88' lang='lat' dir='ltr'><strong>subjectum</strong></span> <span class='ocrx_word' id='word_1_445' title='bbox 3248 4189 3571 4243; x_wconf 84' lang='lat' dir='ltr'><strong>introduca-</strong></span> 
     </span>
    </p>
   </div>
   <div class='ocr_carea' id='block_1_64' title="bbox 1989 4276 3571 4349">
    <p class='ocr_par' dir='ltr' id='par_1_64' title="bbox 1989 4276 3571 4349">
     <span class='ocr_line' id='line_1_64' title="bbox 1989 4276 3571 4349; baseline 0.004 -22"><span class='ocrx_word' id='word_1_446' title='bbox 1989 4283 2101 4342; x_wconf 86' lang='lat' dir='ltr'><strong>tnr,</strong></span> <span class='ocrx_word' id='word_1_447' title='bbox 2130 4292 2324 4333; x_wconf 85' lang='lat' dir='ltr'><strong>rursus</strong></span> <span class='ocrx_word' id='word_1_448' title='bbox 2348 4285 2534 4347; x_wconf 85' lang='lat' dir='ltr'><strong>potest</strong></span> <span class='ocrx_word' id='word_1_449' title='bbox 2574 4276 2816 4334; x_wconf 85' lang='lat' dir='ltr'><strong>immista</strong></span> <span class='ocrx_word' id='word_1_450' title='bbox 2836 4280 2888 4334; x_wconf 91' lang='lat' dir='ltr'><strong>in</strong></span> <span class='ocrx_word' id='word_1_451' title='bbox 2920 4294 3110 4337; x_wconf 88' lang='lat' dir='ltr'><strong>eorum</strong></span> <span class='ocrx_word' id='word_1_452' title='bbox 3134 4279 3571 4349; x_wconf 78' lang='lat' dir='ltr'><strong>proprietatibus</strong></span> 
     </span>
    </p>
   </div>
   <div class='ocr_carea' id='block_1_65' title="bbox 1987 4361 3574 4435">
    <p class='ocr_par' dir='ltr' id='par_1_65' title="bbox 1987 4361 3574 4435">
     <span class='ocr_line' id='line_1_65' title="bbox 1987 4361 3574 4435; baseline 0.002 -17"><span class='ocrx_word' id='word_1_453' title='bbox 1987 4361 2289 4419; x_wconf 83' lang='lat' dir='ltr'><strong>diﬂ&#39;erentia</strong></span> <span class='ocrx_word' id='word_1_454' title='bbox 2332 4365 2584 4435; x_wconf 87' lang='lat' dir='ltr'><strong>reperiri,</strong></span> <span class='ocrx_word' id='word_1_455' title='bbox 2622 4374 2680 4420; x_wconf 89' lang='lat' dir='ltr'><strong>ut</strong></span> <span class='ocrx_word' id='word_1_456' title='bbox 2713 4379 2769 4421; x_wconf 91' lang='lat' dir='ltr'><strong>et</strong></span> <span class='ocrx_word' id='word_1_457' title='bbox 2837 4382 3132 4421; x_wconf 86' lang='lat' dir='ltr'><strong>commune</strong></span> <span class='ocrx_word' id='word_1_458' title='bbox 3191 4378 3574 4433; x_wconf 76' lang='lat' dir='ltr'><strong>conservetur,</strong></span> 
     </span>
    </p>
   </div>
   <div class='ocr_carea' id='block_1_66' title="bbox 1987 4457 3572 4528">
    <p class='ocr_par' dir='ltr' id='par_1_66' title="bbox 1987 4457 3572 4528">
     <span class='ocr_line' id='line_1_66' title="bbox 1987 4457 3572 4528; baseline 0.003 -19"><span class='ocrx_word' id='word_1_459' title='bbox 1987 4464 2042 4511; x_wconf 91' lang='lat' dir='ltr'><strong>et</strong></span> <span class='ocrx_word' id='word_1_460' title='bbox 2071 4457 2350 4525; x_wconf 90' lang='lat' dir='ltr'><strong>pr0prium</strong></span> <span class='ocrx_word' id='word_1_461' title='bbox 2382 4473 2489 4514; x_wconf 91' lang='lat' dir='ltr'><strong>non</strong></span> <span class='ocrx_word' id='word_1_462' title='bbox 2539 4458 2927 4513; x_wconf 72' lang='lat' dir='ltr'><strong>contundatur.</strong></span> <span class='ocrx_word' id='word_1_463' title='bbox 2967 4457 3218 4528; x_wconf 84' lang='lat' dir='ltr'><strong>Namque</strong></span> <span class='ocrx_word' id='word_1_464' title='bbox 3254 4460 3572 4528; x_wconf 80' lang='lat' dir='ltr'><strong>unigenitus</strong></span> 
     </span>
    </p>
   </div>
   <div class='ocr_carea' id='block_1_67' title="bbox 1986 4544 3563 4618">
    <p class='ocr_par' dir='ltr' id='par_1_67' title="bbox 1986 4544 3563 4618">
     <span class='ocr_line' id='line_1_67' title="bbox 1986 4544 3563 4618; baseline 0.002 -20"><span class='ocrx_word' id='word_1_465' title='bbox 1986 4544 2157 4600; x_wconf 85' lang='lat' dir='ltr'><strong>Filius</strong></span> <span class='ocrx_word' id='word_1_466' title='bbox 2182 4560 2248 4600; x_wconf 82' lang='lat' dir='ltr'><strong>ex</strong></span> <span class='ocrx_word' id='word_1_467' title='bbox 2285 4545 2444 4601; x_wconf 88' lang='lat' dir='ltr'><strong>Patre</strong></span> <span class='ocrx_word' id='word_1_468' title='bbox 2470 4546 2917 4618; x_wconf 83' lang='lat' dir='ltr'><strong>perScripturain</strong></span> <span class='ocrx_word' id='word_1_469' title='bbox 2959 4562 3169 4609; x_wconf 79' lang='lat' dir='ltr'><strong>sacram</strong></span> <span class='ocrx_word' id='word_1_470' title='bbox 3199 4547 3420 4610; x_wconf 63' lang='lat' dir='ltr'><strong>dieitur,</strong></span> <span class='ocrx_word' id='word_1_471' title='bbox 3461 4565 3563 4601; x_wconf 74' lang='lat' dir='ltr'><strong>nec</strong></span> 
     </span>
    </p>
   </div>
   <div class='ocr_carea' id='block_1_68' title="bbox 1990 4637 3562 4709">
    <p class='ocr_par' dir='ltr' id='par_1_68' title="bbox 1990 4637 3562 4709">
     <span class='ocr_line' id='line_1_68' title="bbox 1990 4637 3562 4709; baseline -0.002 -17"><span class='ocrx_word' id='word_1_472' title='bbox 1990 4638 2130 4692; x_wconf 86' lang='lat' dir='ltr'><strong>ultra</strong></span> <span class='ocrx_word' id='word_1_473' title='bbox 2162 4639 2265 4693; x_wconf 82' lang='lat' dir='ltr'><strong>hoc</strong></span> <span class='ocrx_word' id='word_1_474' title='bbox 2293 4637 2443 4694; x_wconf 89' lang='lat' dir='ltr'><strong>illius</strong></span> <span class='ocrx_word' id='word_1_475' title='bbox 2481 4639 2875 4709; x_wconf 85' lang='lat' dir='ltr'><strong>proprietatem</strong></span> <span class='ocrx_word' id='word_1_476' title='bbox 2903 4639 3077 4693; x_wconf 89' lang='lat' dir='ltr'><strong>oratio</strong></span> <span class='ocrx_word' id='word_1_477' title='bbox 3112 4638 3379 4692; x_wconf 82' lang='lat' dir='ltr'><strong>extendit.</strong></span> <span class='ocrx_word' id='word_1_478' title='bbox 3435 4637 3562 4707; x_wconf 83' lang='lat' dir='ltr'><strong>Spi-</strong></span> 
     </span>
    </p>
   </div>
   <div class='ocr_carea' id='block_1_69' title="bbox 306 4726 1916 4807">
    <p class='ocr_par' dir='ltr' id='par_1_69' title="bbox 306 4729 1885 4807">
     <span class='ocr_line' id='line_1_69' title="bbox 306 4729 1885 4807; baseline -0.006 -16"><span class='ocrx_word' id='word_1_479' title='bbox 306 4738 417 4807; x_wconf 82' lang='grc' dir='ltr'><strong>φῆς</strong></span> <span class='ocrx_word' id='word_1_480' title='bbox 449 4733 801 4805; x_wconf 80' lang='grc' dir='ltr'>ὀνομάζεται,</span> <span class='ocrx_word' id='word_1_481' title='bbox 834 4733 930 4786; x_wconf 73' lang='grc' dir='ltr'><strong>καὶ</strong></span> <span class='ocrx_word' id='word_1_482' title='bbox 960 4731 1125 4800; x_wconf 81' lang='grc' dir='ltr'>μέχρι</span> <span class='ocrx_word' id='word_1_483' title='bbox 1170 4729 1361 4783; x_wconf 87' lang='grc' dir='ltr'>τούτου</span> <span class='ocrx_word' id='word_1_484' title='bbox 1396 4732 1424 4783; x_wconf 88' lang='grc' dir='ltr'>ὁ</span> <span class='ocrx_word' id='word_1_485' title='bbox 1479 4729 1636 4799; x_wconf 82' lang='grc' dir='ltr'>λόγος</span> <span class='ocrx_word' id='word_1_486' title='bbox 1668 4731 1885 4801; x_wconf 78' lang='grc' dir='ltr'>ἵστησιν</span> 
     </span>
    </p>
   </div>
   <div class='ocr_carea' id='block_1_70' title="bbox 1997 4726 3577 4807">
    <p class='ocr_par' dir='ltr' id='par_1_70' title="bbox 1997 4726 3577 4790">
     <span class='ocr_line' id='line_1_70' title="bbox 1997 4726 3577 4790; baseline -0.001 -9"><span class='ocrx_word' id='word_1_487' title='bbox 1997 4728 2129 4783; x_wconf 87' lang='lat' dir='ltr'><strong>ritus</strong></span> <span class='ocrx_word' id='word_1_488' title='bbox 2157 4742 2287 4783; x_wconf 86' lang='lat' dir='ltr'><strong>vero</strong></span> <span class='ocrx_word' id='word_1_489' title='bbox 2330 4738 2561 4782; x_wconf 90' lang='lat' dir='ltr'><strong>sanctus</strong></span> <span class='ocrx_word' id='word_1_490' title='bbox 2582 4736 2635 4781; x_wconf 88' lang='lat' dir='ltr'><strong>et</strong></span> <span class='ocrx_word' id='word_1_491' title='bbox 2658 4743 2725 4781; x_wconf 79' lang='lat' dir='ltr'><strong>ex</strong></span> <span class='ocrx_word' id='word_1_492' title='bbox 2772 4726 2932 4782; x_wconf 86' lang='lat' dir='ltr'><strong>Patre</strong></span> <span class='ocrx_word' id='word_1_493' title='bbox 2981 4727 3205 4790; x_wconf 87' lang='lat' dir='ltr'><strong>dicitur,</strong></span> <span class='ocrx_word' id='word_1_494' title='bbox 3237 4735 3289 4780; x_wconf 90' lang='lat' dir='ltr'><strong>et</strong></span> <span class='ocrx_word' id='word_1_495' title='bbox 3330 4742 3394 4779; x_wconf 82' lang='lat' dir='ltr'><strong>ex</strong></span> <span class='ocrx_word' id='word_1_496' title='bbox 3429 4726 3577 4780; x_wconf 69' lang='grc' dir='ltr'>Ὲιιεο</span> 
     </span>
    </p>
   </div>
   <div class='ocr_carea' id='block_1_71' title="bbox 310 4817 1916 4897">
    <p class='ocr_par' dir='ltr' id='par_1_71' title="bbox 310 4819 1885 4897">
     <span class='ocr_line' id='line_1_71' title="bbox 310 4819 1885 4897; baseline -0.004 -15"><span class='ocrx_word' id='word_1_497' title='bbox 310 4826 466 4897; x_wconf 83' lang='grc' dir='ltr'>αὑτῷ</span> <span class='ocrx_word' id='word_1_498' title='bbox 501 4827 563 4880; x_wconf 83' lang='grc' dir='ltr'><strong>τὸ</strong></span> <span class='ocrx_word' id='word_1_499' title='bbox 592 4825 814 4894; x_wconf 71' lang='grc' dir='ltr'>ἰδίωμα.</span> <span class='ocrx_word' id='word_1_500' title='bbox 849 4822 922 4875; x_wconf 85' lang='grc' dir='ltr'><strong>Τὸ</strong></span> <span class='ocrx_word' id='word_1_501' title='bbox 975 4822 1032 4874; x_wconf 82' lang='grc' dir='ltr'><strong>δὲ</strong></span> <span class='ocrx_word' id='word_1_502' title='bbox 1081 4820 1235 4890; x_wconf 77' lang='grc' dir='ltr'>ἅγιον</span> <span class='ocrx_word' id='word_1_503' title='bbox 1290 4819 1515 4892; x_wconf 81' lang='grc' dir='ltr'>Πνεῦμα</span> <span class='ocrx_word' id='word_1_504' title='bbox 1555 4821 1649 4876; x_wconf 70' lang='lat' dir='ltr'><strong>ml.</strong></span> <span class='ocrx_word' id='word_1_505' title='bbox 1674 4823 1740 4874; x_wconf 85' lang='grc' dir='ltr'>ὲκ</span> <span class='ocrx_word' id='word_1_506' title='bbox 1791 4822 1885 4878; x_wconf 89' lang='grc' dir='ltr'><strong>τοῦ</strong></span> 
     </span>
    </p>
   </div>
   <div class='ocr_carea' id='block_1_72' title="bbox 1997 4817 3568 4897">
    <p class='ocr_par' dir='ltr' id='par_1_72' title="bbox 1997 4817 3568 4891">
     <span class='ocr_line' id='line_1_72' title="bbox 1997 4817 3568 4891; baseline -0.002 -17"><span class='ocrx_word' id='word_1_507' title='bbox 1997 4834 2113 4875; x_wconf 83' lang='lat' dir='ltr'><strong>esse</strong></span> <span class='ocrx_word' id='word_1_508' title='bbox 2134 4820 2423 4874; x_wconf 89' lang='lat' dir='ltr'><strong>astruitur.</strong></span> <span class='ocrx_word' id='word_1_509' title='bbox 2464 4819 2521 4874; x_wconf 87' lang='lat' dir='ltr'><strong>Si</strong></span> <span class='ocrx_word' id='word_1_510' title='bbox 2558 4820 2681 4891; x_wconf 90' lang='lat' dir='ltr'><strong>quis</strong></span> <span class='ocrx_word' id='word_1_511' title='bbox 2713 4819 2856 4873; x_wconf 89' lang='lat' dir='ltr'><strong>enim</strong></span> <span class='ocrx_word' id='word_1_512' title='bbox 2904 4817 3170 4889; x_wconf 88' lang='lat' dir='ltr'><strong>Spiritum</strong></span> <span class='ocrx_word' id='word_1_513' title='bbox 3223 4817 3425 4872; x_wconf 83' lang='lat' dir='ltr'><strong>Christi</strong></span> <span class='ocrx_word' id='word_1_514' title='bbox 3459 4834 3568 4871; x_wconf 86' lang='lat' dir='ltr'><strong>nou</strong></span> 
     </span>
    </p>
   </div>
   <div class='ocr_carea' id='block_1_73' title="bbox 309 4907 1916 4993">
    <p class='ocr_par' dir='ltr' id='par_1_73' title="bbox 309 4907 1883 4993">
     <span class='ocr_line' id='line_1_73' title="bbox 309 4907 1883 4993; baseline -0.004 -22"><span class='ocrx_word' id='word_1_515' title='bbox 309 4917 527 4986; x_wconf 78' lang='grc' dir='ltr'>Πατρὺς</span> <span class='ocrx_word' id='word_1_516' title='bbox 558 4916 805 4993; x_wconf 59' lang='grc' dir='ltr'><strong>λέγεται³</strong></span> <span class='ocrx_word' id='word_1_517' title='bbox 840 4916 934 4967; x_wconf 82' lang='grc' dir='ltr'>καὶ</span> <span class='ocrx_word' id='word_1_518' title='bbox 965 4914 1030 4966; x_wconf 82' lang='grc' dir='ltr'>ὲκ</span> <span class='ocrx_word' id='word_1_519' title='bbox 1057 4911 1150 4966; x_wconf 85' lang='grc' dir='ltr'><strong>τοῦ</strong></span> <span class='ocrx_word' id='word_1_520' title='bbox 1186 4911 1316 4963; x_wconf 79' lang='grc' dir='ltr'>Υίοῦ</span> <span class='ocrx_word' id='word_1_521' title='bbox 1340 4907 1481 4964; x_wconf 73' lang='grc' dir='ltr'>εἶναι</span> <span class='ocrx_word' id='word_1_522' title='bbox 1521 4928 1883 4983; x_wconf 76' lang='grc' dir='ltr'>προσμαρτυ-</span> 
     </span>
    </p>
   </div>
   <div class='ocr_carea' id='block_1_74' title="bbox 1997 4907 3565 4993">
    <p class='ocr_par' dir='ltr' id='par_1_74' title="bbox 1997 4909 3565 4993">
     <span class='ocr_line' id='line_1_74' title="bbox 1997 4909 3565 4993; baseline -0.003 -25"><span class='ocrx_word' id='word_1_523' title='bbox 1997 4911 2175 4979; x_wconf 86' lang='lat' dir='ltr'><strong>habet,</strong></span> <span class='ocrx_word' id='word_1_524' title='bbox 2212 4911 2411 4981; x_wconf 85' lang='lat' dir='ltr'><strong>inquit,</strong></span> <span class='ocrx_word' id='word_1_525' title='bbox 2448 4912 2536 4968; x_wconf 86' lang='lat' dir='ltr'><strong>hic</strong></span> <span class='ocrx_word' id='word_1_526' title='bbox 2590 4927 2695 4967; x_wconf 89' lang='lat' dir='ltr'><strong>non</strong></span> <span class='ocrx_word' id='word_1_527' title='bbox 2731 4923 2816 4967; x_wconf 92' lang='lat' dir='ltr'><strong>est</strong></span> <span class='ocrx_word' id='word_1_528' title='bbox 2860 4911 3031 4967; x_wconf 86' lang='lat' dir='ltr'><strong>illius.</strong></span> <span class='ocrx_word' id='word_1_529' title='bbox 3090 4910 3278 4993; x_wconf 71' lang='lat' dir='ltr'><strong>Itaque</strong></span> <span class='ocrx_word' id='word_1_530' title='bbox 3325 4909 3565 4980; x_wconf 76' lang='lat' dir='ltr'><strong>Spiritus</strong></span> 
     </span>
    </p>
   </div>
   <div class='ocr_carea' id='block_1_75' title="bbox 309 5000 1916 5079">
    <p class='ocr_par' dir='ltr' id='par_1_75' title="bbox 309 5000 1880 5079">
     <span class='ocr_line' id='line_1_75' title="bbox 309 5000 1880 5079; baseline -0.003 -19"><span class='ocrx_word' id='word_1_531' title='bbox 309 5010 509 5079; x_wconf 86' lang='grc' dir='ltr'>ρεῖται.</span> <span class='ocrx_word' id='word_1_532' title='bbox 552 5008 616 5062; x_wconf 74' lang='lat' dir='ltr'><strong>El</strong></span> <span class='ocrx_word' id='word_1_533' title='bbox 638 5008 748 5078; x_wconf 82' lang='grc' dir='ltr'><strong>γάρ</strong></span> <span class='ocrx_word' id='word_1_534' title='bbox 776 5025 859 5069; x_wconf 84' lang='grc' dir='ltr'>τις</span> <span class='ocrx_word' id='word_1_535' title='bbox 885 5003 1109 5072; x_wconf 81' lang='grc' dir='ltr'>Πνεῦμα</span> <span class='ocrx_word' id='word_1_536' title='bbox 1135 5000 1376 5073; x_wconf 82' lang='grc' dir='ltr'>Χριστοῦ</span> <span class='ocrx_word' id='word_1_537' title='bbox 1403 5002 1505 5055; x_wconf 82' lang='grc' dir='ltr'><strong>οὐκ</strong></span> <span class='ocrx_word' id='word_1_538' title='bbox 1531 5000 1666 5071; x_wconf 80' lang='grc' dir='ltr'>ἔχει,</span> <span class='ocrx_word' id='word_1_539' title='bbox 1692 5004 1880 5073; x_wconf 74' lang='grc' dir='ltr'>φησὶν,</span> 
     </span>
    </p>
   </div>
   <div class='ocr_carea' id='block_1_76' title="bbox 1997 5000 3567 5079">
    <p class='ocr_par' dir='ltr' id='par_1_76' title="bbox 1997 5002 3567 5075">
     <span class='ocr_line' id='line_1_76' title="bbox 1997 5002 3567 5075; baseline -0.001 -19"><span class='ocrx_word' id='word_1_540' title='bbox 1997 5004 2080 5075; x_wconf 61' lang='lat' dir='ltr'><strong>qui</strong></span> <span class='ocrx_word' id='word_1_541' title='bbox 2107 5019 2175 5058; x_wconf 79' lang='lat' dir='ltr'><strong>ex</strong></span> <span class='ocrx_word' id='word_1_542' title='bbox 2201 5002 2312 5059; x_wconf 91' lang='lat' dir='ltr'><strong>Deo</strong></span> <span class='ocrx_word' id='word_1_543' title='bbox 2343 5012 2449 5069; x_wconf 87' lang='lat' dir='ltr'><strong>est,</strong></span> <span class='ocrx_word' id='word_1_544' title='bbox 2503 5013 2554 5058; x_wconf 88' lang='lat' dir='ltr'><strong>et</strong></span> <span class='ocrx_word' id='word_1_545' title='bbox 2586 5004 2789 5060; x_wconf 86' lang='lat' dir='ltr'><strong>Christi</strong></span> <span class='ocrx_word' id='word_1_546' title='bbox 2823 5004 3062 5073; x_wconf 84' lang='lat' dir='ltr'><strong>Spiritus</strong></span> <span class='ocrx_word' id='word_1_547' title='bbox 3112 5014 3195 5059; x_wconf 88' lang='lat' dir='ltr'><strong>est</strong></span> <span class='ocrx_word' id='word_1_548' title='bbox 3228 5022 3244 5063; x_wconf 85' lang='lat'><strong>;</strong></span> <span class='ocrx_word' id='word_1_549' title='bbox 3276 5002 3449 5058; x_wconf 83' lang='lat' dir='ltr'><strong>Filius</strong></span> <span class='ocrx_word' id='word_1_550' title='bbox 3473 5005 3567 5071; x_wconf 72' lang='lat' dir='ltr'><strong>qui</strong></span> 
     </span>
    </p>
   </div>
   <div class='ocr_carea' id='block_1_77' title="bbox 305 5092 1916 5169">
    <p class='ocr_par' dir='ltr' id='par_1_77' title="bbox 305 5092 1881 5165">
     <span class='ocr_line' id='line_1_77' title="bbox 305 5092 1881 5165; baseline -0.004 -11"><span class='ocrx_word' id='word_1_551' title='bbox 305 5095 461 5165; x_wconf 75' lang='grc' dir='ltr'>οὗτος</span> <span class='ocrx_word' id='word_1_552' title='bbox 492 5101 594 5153; x_wconf 82' lang='grc' dir='ltr'>οὐκ</span> <span class='ocrx_word' id='word_1_553' title='bbox 619 5098 768 5151; x_wconf 72' lang='grc' dir='ltr'>ἐστιν</span> <span class='ocrx_word' id='word_1_554' title='bbox 804 5096 992 5153; x_wconf 78' lang='grc' dir='ltr'>αὐτοῦ.</span> <span class='ocrx_word' id='word_1_555' title='bbox 1037 5094 1248 5147; x_wconf 82' lang='grc' dir='ltr'>Οὐκοῦν</span> <span class='ocrx_word' id='word_1_556' title='bbox 1305 5093 1367 5145; x_wconf 85' lang='grc' dir='ltr'><strong>τὸ</strong></span> <span class='ocrx_word' id='word_1_557' title='bbox 1416 5092 1516 5162; x_wconf 74' lang='grc' dir='ltr'><strong>μὲν</strong></span> <span class='ocrx_word' id='word_1_558' title='bbox 1563 5093 1785 5163; x_wconf 79' lang='grc' dir='ltr'>Πνεῦμα</span> <span class='ocrx_word' id='word_1_559' title='bbox 1818 5095 1881 5148; x_wconf 84' lang='grc' dir='ltr'><strong>τὸ</strong></span> 
     </span>
    </p>
   </div>
   <div class='ocr_carea' id='block_1_78' title="bbox 1997 5092 3562 5169">
    <p class='ocr_par' dir='ltr' id='par_1_78' title="bbox 1997 5094 3562 5169">
     <span class='ocr_line' id='line_1_78' title="bbox 1997 5094 3562 5169; baseline 0 -21"><span class='ocrx_word' id='word_1_560' title='bbox 1997 5109 2051 5148; x_wconf 72' lang='grc' dir='ltr'>ει</span> <span class='ocrx_word' id='word_1_561' title='bbox 2077 5094 2188 5149; x_wconf 90' lang='lat' dir='ltr'><strong>Deo</strong></span> <span class='ocrx_word' id='word_1_562' title='bbox 2217 5104 2320 5158; x_wconf 89' lang='lat' dir='ltr'><strong>est,</strong></span> <span class='ocrx_word' id='word_1_563' title='bbox 2373 5094 2606 5165; x_wconf 88' lang='lat' dir='ltr'><strong>Spiritus</strong></span> <span class='ocrx_word' id='word_1_564' title='bbox 2636 5111 2814 5167; x_wconf 89' lang='lat' dir='ltr'><strong>neque</strong></span> <span class='ocrx_word' id='word_1_565' title='bbox 2847 5106 2952 5161; x_wconf 90' lang='lat' dir='ltr'><strong>est,</strong></span> <span class='ocrx_word' id='word_1_566' title='bbox 2986 5111 3163 5169; x_wconf 91' lang='lat' dir='ltr'><strong>neque</strong></span> <span class='ocrx_word' id='word_1_567' title='bbox 3186 5097 3405 5163; x_wconf 89' lang='lat' dir='ltr'><strong>dicitur,</strong></span> <span class='ocrx_word' id='word_1_568' title='bbox 3461 5111 3562 5149; x_wconf 87' lang='lat' dir='ltr'><strong>ne-</strong></span> 
     </span>
    </p>
   </div>
   <div class='ocr_carea' id='block_1_79' title="bbox 306 5182 1916 5263">
    <p class='ocr_par' dir='ltr' id='par_1_79' title="bbox 306 5182 1909 5263">
     <span class='ocr_line' id='line_1_79' title="bbox 306 5182 1909 5263; baseline -0.006 -17"><span class='ocrx_word' id='word_1_569' title='bbox 306 5195 371 5245; x_wconf 83' lang='grc' dir='ltr'><strong>ἐκ</strong></span> <span class='ocrx_word' id='word_1_570' title='bbox 393 5193 489 5245; x_wconf 89' lang='grc' dir='ltr'><strong>τοῦ</strong></span> <span class='ocrx_word' id='word_1_571' title='bbox 506 5191 641 5244; x_wconf 69' lang='grc' dir='ltr'>θεοῦ</span> <span class='ocrx_word' id='word_1_572' title='bbox 668 5189 762 5242; x_wconf 76' lang='grc' dir='ltr'>καὶ</span> <span class='ocrx_word' id='word_1_573' title='bbox 786 5188 879 5241; x_wconf 87' lang='grc' dir='ltr'><strong>τοῦ</strong></span> <span class='ocrx_word' id='word_1_574' title='bbox 904 5184 1142 5258; x_wconf 81' lang='grc' dir='ltr'>Χριστοῦ</span> <span class='ocrx_word' id='word_1_575' title='bbox 1172 5182 1397 5254; x_wconf 84' lang='grc' dir='ltr'>Πνεῦμὰ</span> <span class='ocrx_word' id='word_1_576' title='bbox 1422 5183 1702 5249; x_wconf 81' lang='grc' dir='ltr'>ὲστιν,ὁδὲ</span> <span class='ocrx_word' id='word_1_577' title='bbox 1730 5184 1876 5249; x_wconf 76' lang='grc' dir='ltr'>Υἱὸς,</span> <span class='ocrx_word' id='word_1_578' title='bbox 1906 5262 1909 5263; x_wconf 13' lang='grc' dir='ltr'><em>ν</em></span> 
     </span>
    </p>
   </div>
   <div class='ocr_carea' id='block_1_80' title="bbox 1997 5182 3198 5263">
    <p class='ocr_par' dir='ltr' id='par_1_80' title="bbox 1997 5187 3198 5260">
     <span class='ocr_line' id='line_1_80' title="bbox 1997 5187 3198 5260; baseline -0.002 -19"><span class='ocrx_word' id='word_1_579' title='bbox 1997 5201 2090 5258; x_wconf 61' lang='lat' dir='ltr'><strong>lue</strong></span> <span class='ocrx_word' id='word_1_580' title='bbox 2129 5187 2467 5243; x_wconf 82' lang='lat' dir='ltr'><strong>convertitur</strong></span> <span class='ocrx_word' id='word_1_581' title='bbox 2489 5187 2715 5243; x_wconf 85' lang='lat' dir='ltr'><strong>relativa</strong></span> <span class='ocrx_word' id='word_1_582' title='bbox 2750 5189 2855 5245; x_wconf 86' lang='lat' dir='ltr'><strong>ista</strong></span> <span class='ocrx_word' id='word_1_583' title='bbox 2888 5190 3128 5260; x_wconf 85' lang='lat' dir='ltr'><strong>sequela.</strong></span> <span class='ocrx_word' id='word_1_584' title='bbox 3176 5207 3198 5239; x_wconf 72' lang='grc' dir='ltr'><strong>ι</strong></span> 
     </span>
    </p>
   </div>
   <div class='ocr_carea' id='block_1_81' title="bbox 304 5274 3570 5354">
    <p class='ocr_par' dir='ltr' id='par_1_81' title="bbox 304 5274 3570 5354">
     <span class='ocr_line' id='line_1_81' title="bbox 304 5274 3570 5354; baseline -0.003 -12"><span class='ocrx_word' id='word_1_585' title='bbox 304 5290 370 5343; x_wconf 81' lang='grc' dir='ltr'>ὲκ</span> <span class='ocrx_word' id='word_1_586' title='bbox 395 5285 488 5340; x_wconf 86' lang='grc' dir='ltr'><strong>τοῦ</strong></span> <span class='ocrx_word' id='word_1_587' title='bbox 522 5284 656 5338; x_wconf 83' lang='grc' dir='ltr'>Θεοῦ</span> <span class='ocrx_word' id='word_1_588' title='bbox 691 5282 987 5350; x_wconf 49' lang='lat' dir='ltr'><strong>meum</strong></span> <span class='ocrx_word' id='word_1_589' title='bbox 1019 5278 1230 5334; x_wconf 76' lang='grc' dir='ltr'>καὶτοῦ</span> <span class='ocrx_word' id='word_1_590' title='bbox 1255 5276 1576 5349; x_wconf 83' lang='grc' dir='ltr'>Πνεύματος</span> <span class='ocrx_word' id='word_1_591' title='bbox 1609 5274 1736 5330; x_wconf 75' lang='grc' dir='ltr'>οὕτε</span> <span class='ocrx_word' id='word_1_592' title='bbox 1780 5278 1950 5346; x_wconf 73' lang='grc' dir='ltr'>ἐστὶν,</span> <span class='ocrx_word' id='word_1_593' title='bbox 1976 5277 2100 5332; x_wconf 78' lang='grc' dir='ltr'>οὔτε</span> <span class='ocrx_word' id='word_1_594' title='bbox 2133 5277 2374 5349; x_wconf 83' lang='grc' dir='ltr'>λέγεται,</span> <span class='ocrx_word' id='word_1_595' title='bbox 2411 5279 2534 5334; x_wconf 71' lang='grc' dir='ltr'>οῦδὲ</span> <span class='ocrx_word' id='word_1_596' title='bbox 2563 5280 2912 5352; x_wconf 73' lang='grc' dir='ltr'>ἀντιστρέφει</span> <span class='ocrx_word' id='word_1_597' title='bbox 2944 5284 2978 5354; x_wconf 75' lang='grc' dir='ltr'><strong>ἡ</strong></span> <span class='ocrx_word' id='word_1_598' title='bbox 3008 5282 3235 5354; x_wconf 77' lang='grc' dir='ltr'>σχετικὴ</span> <span class='ocrx_word' id='word_1_599' title='bbox 3273 5278 3570 5333; x_wconf 75' lang='grc' dir='ltr'>ἀκολουθία</span> 
     </span>
    </p>
   </div>
   <div class='ocr_carea' id='block_1_82' title="bbox 304 5378 532 5436">
    <p class='ocr_par' dir='ltr' id='par_1_82' title="bbox 304 5378 532 5436">
     <span class='ocr_line' id='line_1_82' title="bbox 304 5378 532 5436; baseline -0.031 0"><span class='ocrx_word' id='word_1_600' title='bbox 304 5378 466 5436; x_wconf 80' lang='grc' dir='ltr'>αῦτη.</span> <span class='ocrx_word' id='word_1_601' title='bbox 512 5395 532 5429; x_wconf 72' lang='grc' dir='ltr'><strong>ι</strong></span> 
     </span>
    </p>
   </div>
   <div class='ocr_carea' id='block_1_83' title="bbox 386 5418 1853 5539">
    <p class='ocr_par' dir='ltr' id='par_1_83' title="bbox 386 5418 1853 5539">
     <span class='ocr_line' id='line_1_83' title="bbox 386 5418 1853 5539; baseline -0.009 -17"><span class='ocrx_word' id='word_1_602' title='bbox 483 5418 655 5539; x_wconf 49' lang='grc' dir='ltr'><strong>μῖέγας</strong></span> <span class='ocrx_word' id='word_1_603' title='bbox 685 5463 967 5527; x_wconf 84' lang='grc' dir='ltr'>Βασίλειος</span> <span class='ocrx_word' id='word_1_604' title='bbox 999 5462 1057 5516; x_wconf 80' lang='grc' dir='ltr'>ὲν</span> <span class='ocrx_word' id='word_1_605' title='bbox 1085 5459 1164 5531; x_wconf 83' lang='grc' dir='ltr'>τῷ</span> <span class='ocrx_word' id='word_1_606' title='bbox 1185 5459 1357 5531; x_wconf 82' lang='grc' dir='ltr'>τρίτῳ</span> <span class='ocrx_word' id='word_1_607' title='bbox 1386 5456 1496 5511; x_wconf 86' lang='grc' dir='ltr'>τῶν</span> <span class='ocrx_word' id='word_1_608' title='bbox 1533 5457 1672 5531; x_wconf 83' lang='grc' dir='ltr'>πρὸς</span> <span class='ocrx_word' id='word_1_609' title='bbox 1709 5456 1853 5512; x_wconf 83' lang='grc' dir='ltr'>Εύνό</span> 
     </span>
    </p>
   </div>
   <div class='ocr_carea' id='block_1_84' title="bbox 310 5550 1880 5635">
    <p class='ocr_par' dir='ltr' id='par_1_84' title="bbox 310 5550 1880 5635">
     <span class='ocr_line' id='line_1_84' title="bbox 310 5550 1880 5635; baseline -0.008 -20"><span class='ocrx_word' id='word_1_610' title='bbox 310 5580 433 5635; x_wconf 89' lang='grc' dir='ltr'>μιον</span> <span class='ocrx_word' id='word_1_611' title='bbox 467 5557 907 5633; x_wconf 77' lang='grc' dir='ltr'>ἁντιρῤητικῶν,</span> <span class='ocrx_word' id='word_1_612' title='bbox 940 5551 1002 5611; x_wconf 76' lang='grc' dir='ltr'><strong>οῦ</strong></span> <span class='ocrx_word' id='word_1_613' title='bbox 1030 5556 1065 5626; x_wconf 81' lang='grc' dir='ltr'>ὴ</span> <span class='ocrx_word' id='word_1_614' title='bbox 1094 5553 1262 5625; x_wconf 77' lang='grc' dir='ltr'>ἁρχὴ,</span> <span class='ocrx_word' id='word_1_615' title='bbox 1301 5570 1319 5603; x_wconf 75' lang='grc' dir='ltr'><strong>ι</strong></span> <span class='ocrx_word' id='word_1_616' title='bbox 1355 5550 1525 5614; x_wconf 76' lang='grc' dir='ltr'>Μόλις</span> <span class='ocrx_word' id='word_1_617' title='bbox 1555 5550 1688 5605; x_wconf 80' lang='grc' dir='ltr'>ποτὲ</span> <span class='ocrx_word' id='word_1_618' title='bbox 1719 5556 1880 5621; x_wconf 71' lang='grc' dir='ltr'>κορεὲ</span> 
     </span>
    </p>
   </div>
   <div class='ocr_carea' id='block_1_85' title="bbox 307 5640 1872 5720">
    <p class='ocr_par' dir='ltr' id='par_1_85' title="bbox 307 5640 1872 5720">
     <span class='ocr_line' id='line_1_85' title="bbox 307 5640 1872 5720; baseline -0.01 -9"><span class='ocrx_word' id='word_1_619' title='bbox 307 5658 457 5720; x_wconf 82' lang='grc' dir='ltr'>σθεὶς</span> <span class='ocrx_word' id='word_1_620' title='bbox 485 5654 596 5709; x_wconf 81' lang='grc' dir='ltr'><strong>τῶν</strong></span> <span class='ocrx_word' id='word_1_621' title='bbox 635 5653 717 5715; x_wconf 84' lang='grc' dir='ltr'>είς</span> <span class='ocrx_word' id='word_1_622' title='bbox 742 5650 832 5703; x_wconf 82' lang='grc' dir='ltr'><strong>τὸν</strong></span> <span class='ocrx_word' id='word_1_623' title='bbox 864 5646 1148 5717; x_wconf 83' lang='grc' dir='ltr'>Μονογενῆ</span> <span class='ocrx_word' id='word_1_624' title='bbox 1176 5640 1563 5716; x_wconf 83' lang='grc' dir='ltr'>βλασφημιῶν,</span> <span class='ocrx_word' id='word_1_625' title='bbox 1605 5661 1624 5695; x_wconf 73' lang='grc' dir='ltr'><strong>ι</strong></span> <span class='ocrx_word' id='word_1_626' title='bbox 1662 5642 1827 5711; x_wconf 83' lang='grc' dir='ltr'>φησιν</span> <span class='ocrx_word' id='word_1_627' title='bbox 1855 5655 1872 5675; x_wconf 72' lang='grc'><strong>⁸</strong></span> 
     </span>
    </p>
   </div>
   <div class='ocr_carea' id='block_1_86' title="bbox 314 5732 1883 5818">
    <p class='ocr_par' dir='ltr' id='par_1_86' title="bbox 314 5732 1883 5818">
     <span class='ocr_line' id='line_1_86' title="bbox 314 5732 1883 5818; baseline -0.01 -17"><span class='ocrx_word' id='word_1_628' title='bbox 314 5770 329 5801; x_wconf 79' lang='grc' dir='ltr'><strong>ι</strong></span> <span class='ocrx_word' id='word_1_629' title='bbox 375 5750 473 5812; x_wconf 78' lang='grc' dir='ltr'>Τίς</span> <span class='ocrx_word' id='word_1_630' title='bbox 503 5748 614 5818; x_wconf 76' lang='grc' dir='ltr'><strong>γὰρ</strong></span> <span class='ocrx_word' id='word_1_631' title='bbox 646 5740 887 5813; x_wconf 66' lang='grc' dir='ltr'>ἀνάγκη,</span> <span class='ocrx_word' id='word_1_632' title='bbox 939 5742 987 5794; x_wconf 81' lang='grc' dir='ltr'>εἰ</span> <span class='ocrx_word' id='word_1_633' title='bbox 1040 5738 1118 5809; x_wconf 86' lang='grc' dir='ltr'>τῷ</span> <span class='ocrx_word' id='word_1_634' title='bbox 1157 5736 1437 5807; x_wconf 84' lang='grc' dir='ltr'>ἀξιώματι</span> <span class='ocrx_word' id='word_1_635' title='bbox 1492 5734 1588 5788; x_wconf 83' lang='grc' dir='ltr'>καὶ</span> <span class='ocrx_word' id='word_1_636' title='bbox 1629 5735 1695 5805; x_wconf 80' lang='grc' dir='ltr'>τῇ</span> <span class='ocrx_word' id='word_1_637' title='bbox 1729 5732 1883 5797; x_wconf 77' lang='grc' dir='ltr'>τάξει</span> 
     </span>
    </p>
   </div>
   <div class='ocr_carea' id='block_1_87' title="bbox 307 5823 1883 5916">
    <p class='ocr_par' dir='ltr' id='par_1_87' title="bbox 307 5823 1883 5916">
     <span class='ocr_line' id='line_1_87' title="bbox 307 5823 1883 5916; baseline -0.011 -20"><span class='ocrx_word' id='word_1_638' title='bbox 307 5842 488 5916; x_wconf 69' lang='grc' dir='ltr'>τρίτον</span> <span class='ocrx_word' id='word_1_639' title='bbox 526 5839 761 5909; x_wconf 76' lang='grc' dir='ltr'>ὑπάρχει</span> <span class='ocrx_word' id='word_1_640' title='bbox 811 5829 874 5888; x_wconf 75' lang='grc' dir='ltr'>τὸ</span> <span class='ocrx_word' id='word_1_641' title='bbox 910 5830 1158 5902; x_wconf 85' lang='grc' dir='ltr'>Πνεῦμα,</span> <span class='ocrx_word' id='word_1_642' title='bbox 1208 5828 1395 5900; x_wconf 81' lang='grc' dir='ltr'>τρίτον</span> <span class='ocrx_word' id='word_1_643' title='bbox 1430 5823 1573 5883; x_wconf 75' lang='grc' dir='ltr'>εἶναι</span> <span class='ocrx_word' id='word_1_644' title='bbox 1625 5825 1759 5879; x_wconf 82' lang='grc' dir='ltr'>αὐτὸ</span> <span class='ocrx_word' id='word_1_645' title='bbox 1789 5826 1883 5880; x_wconf 74' lang='grc' dir='ltr'>καὶ</span> 
     </span>
    </p>
   </div>
   <div class='ocr_carea' id='block_1_88' title="bbox 2060 5457 3567 5531">
    <p class='ocr_par' dir='ltr' id='par_1_88' title="bbox 2060 5457 3567 5531">
     <span class='ocr_line' id='line_1_88' title="bbox 2060 5457 3567 5531; baseline 0.002 -18"><span class='ocrx_word' id='word_1_646' title='bbox 2060 5457 2289 5531; x_wconf 79' lang='lat' dir='ltr'><strong>Magnus</strong></span> <span class='ocrx_word' id='word_1_647' title='bbox 2334 5458 2571 5517; x_wconf 75' lang='lat' dir='ltr'><strong>Basilius</strong></span> <span class='ocrx_word' id='word_1_648' title='bbox 2619 5462 2673 5516; x_wconf 92' lang='lat' dir='ltr'><strong>in</strong></span> <span class='ocrx_word' id='word_1_649' title='bbox 2705 5462 2865 5517; x_wconf 87' lang='lat' dir='ltr'><strong>tertio</strong></span> <span class='ocrx_word' id='word_1_650' title='bbox 2907 5461 2963 5516; x_wconf 90' lang='lat' dir='ltr'><strong>in</strong></span> <span class='ocrx_word' id='word_1_651' title='bbox 3005 5460 3333 5517; x_wconf 87' lang='lat' dir='ltr'><strong>Eunomium</strong></span> <span class='ocrx_word' id='word_1_652' title='bbox 3393 5464 3567 5518; x_wconf 79' lang='lat' dir='ltr'><strong>antir~</strong></span> 
     </span>
    </p>
   </div>
   <div class='ocr_carea' id='block_1_89' title="bbox 1988 5549 3560 5623">
    <p class='ocr_par' dir='ltr' id='par_1_89' title="bbox 1988 5549 3560 5623">
     <span class='ocr_line' id='line_1_89' title="bbox 1988 5549 3560 5623; baseline 0.003 -18"><span class='ocrx_word' id='word_1_653' title='bbox 1988 5549 2223 5618; x_wconf 89' lang='lat' dir='ltr'><strong>rhetico,</strong></span> <span class='ocrx_word' id='word_1_654' title='bbox 2252 5552 2412 5621; x_wconf 87' lang='lat' dir='ltr'><strong>cujus</strong></span> <span class='ocrx_word' id='word_1_655' title='bbox 2466 5553 2820 5623; x_wconf 88' lang='lat' dir='ltr'><strong>principium,</strong></span> <span class='ocrx_word' id='word_1_656' title='bbox 2862 5551 2997 5608; x_wconf 70' lang='lat' dir='ltr'><strong>«Vix</strong></span> <span class='ocrx_word' id='word_1_657' title='bbox 3050 5552 3267 5608; x_wconf 88' lang='lat' dir='ltr'><strong>tandem</strong></span> <span class='ocrx_word' id='word_1_658' title='bbox 3304 5554 3560 5623; x_wconf 87' lang='lat' dir='ltr'><strong>blasphe-</strong></span> 
     </span>
    </p>
   </div>
   <div class='ocr_carea' id='block_1_90' title="bbox 1989 5639 3568 5713">
    <p class='ocr_par' dir='ltr' id='par_1_90' title="bbox 1989 5639 3568 5713">
     <span class='ocr_line' id='line_1_90' title="bbox 1989 5639 3568 5713; baseline 0.003 -18"><span class='ocrx_word' id='word_1_659' title='bbox 1989 5641 2116 5697; x_wconf 91' lang='lat' dir='ltr'><strong>miis</strong></span> <span class='ocrx_word' id='word_1_660' title='bbox 2147 5642 2202 5695; x_wconf 93' lang='lat' dir='ltr'><strong>in</strong></span> <span class='ocrx_word' id='word_1_661' title='bbox 2255 5639 2604 5713; x_wconf 80' lang='lat' dir='ltr'><strong>Uuigenitum</strong></span> <span class='ocrx_word' id='word_1_662' title='bbox 2648 5653 2949 5708; x_wconf 85' lang='lat' dir='ltr'><strong>saturatus,</strong></span> <span class='ocrx_word' id='word_1_663' title='bbox 2993 5660 3012 5692; x_wconf 73' lang='grc' dir='ltr'><strong>ι</strong></span> <span class='ocrx_word' id='word_1_664' title='bbox 3047 5644 3172 5698; x_wconf 82' lang='lat' dir='ltr'><strong>ait:</strong></span> <span class='ocrx_word' id='word_1_665' title='bbox 3217 5662 3234 5695; x_wconf 73' lang='grc' dir='ltr'><strong>ι</strong></span> <span class='ocrx_word' id='word_1_666' title='bbox 3269 5642 3380 5698; x_wconf 88' lang='lat' dir='ltr'><strong>Cur</strong></span> <span class='ocrx_word' id='word_1_667' title='bbox 3421 5646 3568 5700; x_wconf 84' lang='lat' dir='ltr'><strong>enim</strong></span> 
     </span>
    </p>
   </div>
   <div class='ocr_carea' id='block_1_91' title="bbox 1990 5733 3569 5805">
    <p class='ocr_par' dir='ltr' id='par_1_91' title="bbox 1990 5733 3569 5805">
     <span class='ocr_line' id='line_1_91' title="bbox 1990 5733 3569 5805; baseline 0.001 -18"><span class='ocrx_word' id='word_1_668' title='bbox 1990 5748 2213 5789; x_wconf 80' lang='lat' dir='ltr'><strong>necesse</strong></span> <span class='ocrx_word' id='word_1_669' title='bbox 2247 5734 2351 5799; x_wconf 84' lang='lat' dir='ltr'><strong>est,</strong></span> <span class='ocrx_word' id='word_1_670' title='bbox 2375 5733 2420 5789; x_wconf 91' lang='lat' dir='ltr'><strong>si</strong></span> <span class='ocrx_word' id='word_1_671' title='bbox 2452 5734 2741 5804; x_wconf 74' lang='lat' dir='ltr'><strong>dignitate,</strong></span> <span class='ocrx_word' id='word_1_672' title='bbox 2773 5742 2828 5789; x_wconf 91' lang='lat' dir='ltr'><strong>et</strong></span> <span class='ocrx_word' id='word_1_673' title='bbox 2856 5733 3050 5789; x_wconf 84' lang='lat' dir='ltr'><strong>ordine</strong></span> <span class='ocrx_word' id='word_1_674' title='bbox 3092 5734 3286 5790; x_wconf 91' lang='lat' dir='ltr'><strong>tertius</strong></span> <span class='ocrx_word' id='word_1_675' title='bbox 3307 5744 3389 5790; x_wconf 88' lang='lat' dir='ltr'><strong>est</strong></span> <span class='ocrx_word' id='word_1_676' title='bbox 3412 5735 3569 5805; x_wconf 82' lang='lat' dir='ltr'><strong>,Spi-</strong></span> 
     </span>
    </p>
   </div>
   <div class='ocr_carea' id='block_1_92' title="bbox 1992 5822 3571 5901">
    <p class='ocr_par' dir='ltr' id='par_1_92' title="bbox 1992 5822 3571 5901">
     <span class='ocr_line' id='line_1_92' title="bbox 1992 5822 3571 5901; baseline 0.004 -21"><span class='ocrx_word' id='word_1_677' title='bbox 1992 5825 2149 5893; x_wconf 86' lang='lat' dir='ltr'><strong>ritus,</strong></span> <span class='ocrx_word' id='word_1_678' title='bbox 2187 5836 2384 5883; x_wconf 84' lang='lat' dir='ltr'><strong>natura</strong></span> <span class='ocrx_word' id='word_1_679' title='bbox 2412 5843 2629 5899; x_wconf 88' lang='lat' dir='ltr'><strong>quoque</strong></span> <span class='ocrx_word' id='word_1_680' title='bbox 2663 5827 2841 5897; x_wconf 90' lang='lat' dir='ltr'><strong>ipsum</strong></span> <span class='ocrx_word' id='word_1_681' title='bbox 2869 5822 3093 5883; x_wconf 82' lang='lat' dir='ltr'><strong>tertium</strong></span> <span class='ocrx_word' id='word_1_682' title='bbox 3140 5844 3262 5885; x_wconf 89' lang='lat' dir='ltr'><strong>esse</strong></span> <span class='ocrx_word' id='word_1_683' title='bbox 3300 5830 3324 5884; x_wconf 71' lang='grc' dir='ltr'><strong>’ἰ</strong></span> <span class='ocrx_word' id='word_1_684' title='bbox 3378 5827 3571 5901; x_wconf 62' lang='lat' dir='ltr'><strong>Digni-</strong></span> 
     </span>
    </p>
   </div>
  </div>
