3958 6472
393 396 499 458 6.5

1427 387 1636 450 JOAN.
1681 385 1900 447 VECCI
1945 383 2055 444 ΟΡ.
2094 377 2608 443 ΡΑἸἭΙΑΒΕΗᾹΞ

3553 371 3657 436 616

391 518 782 590 tatenamque]
830 519 1007 588 ipsum
1049 511 1353 570 secundum
1416 523 1541 564 esse
1571 523 1600 561 a
1646 506 1808 572 Filio,
1849 520 1974 560 cum

2096 504 2147 573 τῇ
2180 501 2380 570 φύσεις
2427 497 2729 566 Ἀξιὼματι
2758 494 2860 565 μὲν
2881 492 2990 563 γὰρ
3015 489 3355 562 δευτερεύειν
3385 487 3480 542 τοῦ
3503 487 3658 552 Υίοῦ,

391 615 460 668 ab
495 615 614 682 ipso
667 611 882 674 haheat,
933 606 1079 677 quod
1139 605 1229 668 sit,
1263 613 1319 657 ει
1362 602 1431 656 ab
1467 603 1588 671 ipso
1629 599 1885 668 accipiat,
1917 606 1973 650 et

393 704 552 760 nobis
584 695 890 766 anmmtiet',
925 710 978 755 et
1010 713 1236 770 prorsus
1266 697 1336 752 ab
1371 695 1462 749 illa
1494 709 1660 749 causa
1707 693 1969 763 pendeat,

2079 599 2210 665 παρ’
2249 591 2416 646 αὑτοῦ
2445 591 2505 644 τὸ
2530 585 2674 643 εἶναι
2706 588 2852 658 ἔχον,
2884 585 2977 639 καὶ
3001 583 3136 653 παρ’
3161 581 3325 636 αὑτοῦ
3348 579 3654 649 λαμϐάνον,

2076 686 2172 740 καὶ
2199 681 2529 752 ἀναγγέλλον
2579 681 2738 748 ημῖν,
2782 677 2876 730 καὶ
2905 675 3041 737 ὅλως
3087 671 3304 741 ἐκείνης
3347 669 3446 739 τῆς
3480 669 3662 722 αἰτίας

401 797 624 866 pictatis
653 812 832 850 sermo
858 795 1039 849 tradit.
1069 791 1273 846 Natura
1305 804 1436 845 vero
1459 788 1617 844 tertia
1652 788 1752 852 uti,
1812 800 1913 840 nec
1941 799 1970 839 a

2096 777 2408 848 ;ξημμένον,
2467 770 2898 844 παραδίδωσινὸ
2953 767 3056 837 τῆς
3118 763 3404 826 εὐσεϐείας
3462 761 3660 826 λόγος’

396 889 594 941 divinis
651 887 947 956 Scripturis
1000 885 1319 947 didicimus,
1370 897 1469 936 nec
1507 897 1575 936 ex
1603 879 1976 936 antecedenti-

396 979 500 1033 bus
537 979 648 1033 ﬁeri
701 986 902 1048 potest,
944 985 1003 1032 ut
1067 976 1382 1046 colligatur.
1426 972 1558 1027 Nam
1623 970 1977 1042 quemadmo-

395 1072 522 1122 dum
557 1068 728 1124 Filius
759 1069 950 1123 ordine
981 1069 1202 1138 quidem
1248 1083 1276 1120 a
1308 1067 1471 1121 Patre
1533 1064 1808 1120 secundus
1867 1071 1973 1126 est,

395 1161 655 1229 quoniam
692 1162 761 1214 ah
793 1161 884 1214 illo
921 1169 1025 1223 est,
1057 1169 1110 1213 et
1143 1159 1407 1230 dignitate
1442 1156 1704 1227 quoniam
1745 1157 1902 1227 origo
1923 1163 1977 1210 et

395 1266 561 1305 causa
611 1253 830 1305 essendi
860 1250 1022 1304 Pater
1047 1251 1147 1319 ipsi
1175 1249 1637 1319 est,etquoniam
1672 1265 1768 1319 per
1792 1249 1972 1319 ipsum

395 1356 656 1397 accessus
713 1353 766 1397 et
816 1343 1078 1398 adductio
1132 1345 1199 1397 ad
1247 1342 1415 1396 Deum
1475 1341 1719 1407 Patrem,
1780 1353 1977 1397 natura

395 1451 526 1489 vero
567 1435 714 1489 nullo
768 1435 931 1489 modo
963 1435 1240 1490 secundus
1284 1450 1298 1488 :
1337 1434 1598 1504 quoniam
1659 1435 1713 1488 in
1745 1444 1979 1504 utroque

398 1543 507 1582 una
537 1537 620 1582 est
651 1527 858 1593 deitas;
892 1528 961 1580 ita
993 1527 1240 1581 videlicet
1277 1535 1330 1581 et
1361 1525 1600 1597 Spiritus
1634 1535 1861 1581 sanctus
1893 1535 1979 1580 et—

402 1621 456 1676 si
495 1621 759 1690 dignitate
804 1629 856 1674 et
911 1620 1104 1674 ordine
1158 1620 1488 1674 secundusa
1518 1617 1658 1674 Filio
1710 1627 1814 1683 est,
1869 1635 1978 1672 non

401 1723 580 1767 tamen
621 1712 991 1767 verisimilitcr
1028 1711 1218 1766 aliena:
1240 1711 1418 1782 ipsum
1446 1727 1568 1769 esse
1610 1722 1820 1768 natura!
1856 1712 1981 1767 inde.

397 1813 789 1872 consequetur.
825 1821 843 1853 ι

467 1894 764 1964 Gregorius
805 1893 1086 1966 Nyssenns
1113 1895 1290 1964 primo
1334 1895 1603 1950 adversus
1648 1892 1976 1949 Eunomium

396 1985 789 2050 Antirrhetico,
819 1987 979 2055 cujus
1007 1987 1337 2056 principium
1363 1995 1472 2050 est,
1513 2005 1532 2036 ι
1577 1985 1746 2052 Fieri,
1785 1995 1841 2040 ut
1897 1985 1982 2040 vi-

396 2077 577 2142 detur,
599 2092 706 2129 non
730 2087 931 2146 potest,
960 2086 1016 2130 ut
1041 2078 1167 2146 quis
1194 2079 1260 2132 de
1286 2077 1544 2132 omnibus
1565 2076 1704 2131 bene
1721 2075 1921 2130 mereri
1959 2095 1978 2128 ι

396 2182 565 2236 prope
619 2168 777 2221 linem
811 2168 924 2222 haec
955 2169 1115 2222 ba'bet
1149 2185 1164 2222 :
1203 2187 1222 2221 ι
1283 2168 1344 2223 Si
1384 2169 1737 2238 temporalem
1791 2183 1984 2237 quam-

398 2257 521 2308 dam
553 2243 1016 2324 intercapedinem
1050 2256 1352 2326 hypostasi,
1384 2271 1480 2312 seu
1505 2257 1827 2313 substantia:
1860 2257 1983 2313 Filii

396 2356 773 2415 anteponeret,
830 2348 922 2416 qui
977 2347 1194 2404 Patrem
1253 2350 1368 2404 sola
1439 2349 1691 2420 principii
1772 2354 1987 2404 ratione

396 2436 553 2504 prius
586 2433 726 2490 Filio
773 2437 1034 2506 concipit,
1085 2436 1211 2507 jure
1240 2439 1456 2492 censeri
1500 2447 1687 2508 posset
1731 2438 1985 2494 doctrina

397 2531 464 2580 de
496 2525 616 2581 Filii
655 2529 964 2588 aeternitate
996 2530 1048 2583 in
1086 2530 1388 2599 periculum
1419 2532 1627 2586 vocari.
1661 2549 1679 2582 ι
1713 2530 1778 2584 Et
1795 2532 1985 2599 paucis

399 2618 751 2688 intcrjeetis:
815 2639 833 2672 ι
869 2619 1341 2686 Quemadmodum
1398 2625 1549 2678 enim
1592 2622 1741 2678 Patri
1814 2622 1988 2678 Filius

400 2711 778 2780 conjungitur,
810 2721 865 2766 et
899 2729 1024 2766 cum
1061 2728 1127 2767 ex
1181 2713 1279 2768 illo
1329 2713 1596 2782 originem
1656 2713 1846 2776 ducat,
1881 2729 1984 2767 ex—

401 2801 647 2856 siszentia
681 2813 861 2856 tamen
897 2805 1172 2872 posterior
1227 2820 1335 2858 non
1369 2816 1451 2860 est
1485 2820 1501 2856 :
1530 2805 1611 2859 sic
1641 2806 1805 2858 etiam
1854 2802 1980 2870 Spi-

403 2891 542 2945 ritus
570 2903 794 2946 sanetns
828 2896 893 2946 ad
920 2892 1120 2946 Filium
1152 2908 1213 2948 se
1247 2893 1433 2960 habet,
1491 2893 1805 2963 cognitione
1862 2893 1980 2947 sola

401 2982 703 3036 secundum
735 2999 916 3038 causae
949 2984 1212 3038 rationem
1244 2981 1419 3039 Filius
1457 2985 1633 3054 prius,
1663 2997 1833 3055 quam
1855 2980 1980 3054 Spi-

401 3074 538 3128 ritus
567 3077 746 3130 sancti
789 3076 1099 3146 hypostasis
1127 3078 1455 3147 concipitur.
1499 3096 1516 3128 ι

2079 870 2239 939 φύσει
2274 867 2330 920 δὲ
2360 866 2522 937 τρίτῃ
2553 864 2795 936 χρῆσθαι
2831 863 2957 916 οὔτε
2989 860 3144 930 παρὰ
3171 857 3282 911 τῶν
3317 855 3488 923 ἁγίων
3517 852 3662 906 δεδι-

2077 959 2331 1027 δάγμεθα
2361 958 2618 1028 Γραφῶν,
2653 954 2776 1008 οὔτε
2816 957 2879 1007 ἐκ
2913 953 3022 1007 τῶν
3069 949 3383 1023 εἰρημένων
3413 943 3560 1000 κατὰ
3601 943 3664 996 τὸ

2078 1048 2376 1107 ἀκόλουθον
2403 1049 2632 1102 δυνατὸν
2675 1044 3114 1115 συλλογίζεσθαι.
3157 1042 3248 1104 Ὧς
3295 1040 3407 1109 γὰρ
3447 1040 3476 1090 6
3512 1035 3661 1098 Υἱὸς,

2078 1143 2228 1208 τάξει
2260 1143 2356 1213 μὲν
2385 1141 2642 1210 δεύτερος
2673 1139 2768 1192 τοῦ
2796 1137 3032 1210 Πατρδς,
3064 1138 3146 1189 ὅτι
3178 1133 3535 1195 ἀπ’ἐκείνου,
3567 1128 3665 1180 καὶ

2086 1234 2386 1305 ἀξιώματι,
2423 1233 2504 1286 ὅτι
2532 1231 2674 1302 ἀρχὴ
2705 1234 2798 1284 κιὶ
2825 1230 2974 1282 αἰτία
3023 1227 3101 1298 τῷ
3128 1223 3268 1279 εἰναι
3300 1223 3522 1292 Πατέρα
3563 1221 3662 1273 αὑ-

2079 1326 2196 1387 τοῦ,
2225 1327 2319 1378 καὶ
2354 1325 2436 1379 ὅτι
2465 1322 2531 1376 δι’
2579 1321 2745 1376 αὑτοῦ
2777 1322 2808 1392 ὴ
2850 1319 3111 1391 πρόσοδος
3171 1317 3266 1370 καὶ
3317 1311 3664 1384 προσαγωγὴ

2081 1419 2220 1488 πρδς
2242 1417 2334 1470 τὸν
2360 1415 2492 1468 Θεὸν
2515 1414 2607 1467 καὶ
2637 1413 2879 1484 Πατέρα,
2909 1411 3073 1482 φύσει
3102 1409 3158 1462 δὲ
3182 1409 3364 1462 οὐκέτι
3386 1404 3666 1474 δεύτερος,

2082 1507 2218 1561 διότι
2250 1509 2284 1576 ἡ
2317 1507 2509 1577 θεότης
2550 1505 2608 1556 ἐν
2640 1504 2887 1574 ἐκατέρῳ
2943 1503 3073 1571 μίαο
3119 1500 3263 1553 οὓτω
3295 1497 3540 1568 δηλονότι
3571 1496 3668 1548 καὶ

2080 1602 2141 1654 τὸ
2175 1598 2398 1669 Πνεῦμα
2432 1598 2493 1650 τὸ
2517 1596 2696 1664 ἅγιον,
2737 1597 2786 1648 εἰ
2839 1596 2936 1648 καὶ
2965 1591 3279 1661 ὑποϐέϐηκε
3310 1589 3404 1642 τὸν
3433 1587 3565 1642 Υἰὸν
3600 1588 3666 1654 τῇ

2081 1693 2234 1756 τάξει
2262 1692 2357 1744 καὶ
2386 1690 2467 1760 τῷ
2491 1688 2792 1759 ἀξιώματι,
2829 1685 3009 1741 οὐκέτ’
3039 1684 3105 1739 ἂν
3138 1684 3366 1746 εἰκότως
3400 1681 3476 1743 ὼς
3505 1679 3673 1733 ἁλλο-

2083 1779 2243 1850 τρίας
2275 1778 2523 1848 ὑπάρχον
2558 1777 2798 1845 φύσεως.
2832 1794 2852 1828 ι

2166 1871 2226 1924 '0
2261 1871 2483 1940 Νύσσης
2530 1869 2832 1940 Γρηγόριος
2898 1869 2958 1921 ἐν
3010 1867 3089 1938 τῷ
3121 1865 3324 1938 πρώτῳ
3376 1867 3673 1938 τῶννπρδς

2087 1963 2350 2033 Εὐνόμιον
2385 1959 2816 2032 ἀντιρρητικῶν,
2874 1955 2937 2012 οῦ
2987 1960 3021 2030 ἡ
3057 1959 3222 2030 ἁρχὴ,
3257 1977 3276 2012 ι
3316 1960 3433 2013 Οὐκ
3464 1954 3557 2032 ἧν,
3594 1960 3674 2023 ὡς

2086 2053 2254 2120 ἔοικε,
2291 2053 2351 2106 τὸ
2376 2052 2583 2114 πάντας
2625 2051 2833 2104 ἐθέλειν
2895 2051 3229 2120 εὐεργετεῖν,
3270 2071 3289 2104 ι
3333 2053 3500 2122 φησὶν
3527 2051 3675 2106 οὕτω

2086 2146 2218 2216 περὶ
2247 2145 2308 2198 τὸ
2337 2146 2553 2206 τέλοςί
2592 2143 2651 2195 Εἰ
2680 2145 2780 2213 μέν
2800 2159 2918 2196 τινα
2940 2145 3197 2214 χρονικὴν
3226 2144 3467 2214 ἔμφασιν
3496 2145 3676 2216 ὑπερ-

2087 2242 2238 2312 ετίθη
2296 2240 2393 2310 τῆς
2444 2238 2539 2292 τοῦ
2585 2238 2924 2308 Μονογενοῦς
2974 2241 3326 2304 ὑποστάσεως
3367 2243 3396 2294 6
3425 2241 3517 2294 τὸν
3557 2241 3674 2293 Π,-

2084 2334 2221 2405 τέρα
2247 2331 2340 2386 τοῦ
2366 2331 2498 2385 Υίοῦ
2532 2333 2678 2402 μόνῳ
2707 2330 2785 2400 τῷ
2807 2331 2906 2401 τῆς
2931 2331 3112 2395 αἰτίας
3137 2333 3282 2401 λόγῳ
3307 2332 3674 2404 προθεωρῶν,

2085 2427 2316 2490 εἰκότως
2347 2427 2413 2480 ἂν
2441 2429 2468 2480 6
2507 2426 2608 2496 τῆς
2649 2426 2950 2497 ἀῖδιότητος
2991 2428 3123 2499 ἡμῖν
3147 2429 3276 2498 περὶ
3296 2428 3390 2482 τοῦ
3423 2427 3553 2482 Υίοῦ
3587 2429 3681 2480 λέ-

2085 2537 2181 2586 γος
2216 2517 2612 2572 ἐκινδυνεύετε.
2665 2536 2684 2570 ι
2734 2520 2844 2572 Καὶ
2892 2521 3036 2590 μετά
3083 2538 3226 2588 τινα,
3267 2520 3551 2591 προειπὼν
3583 2520 3678 2573 τὶν

2088 2613 2310 2680 Πατέρα
2352 2610 2448 2664 τοῦ
2484 2611 2614 2664 Υίοῦ
2643 2611 2790 2682 μόνῳ
2808 2611 2886 2682 τῷ
2911 2613 3010 2682 τῆς
3038 2613 3216 2677 αἰτίας
3248 2613 3391 2685 λόγῳ
3423 2613 3679 2684 προθεω-

2110 2705 2344 2775 ρεῖσθαι,
2381 2704 2759 2774 προστεθησινο
2806 2722 2826 2756 ι
2879 2705 2940 2758 'O
2977 2705 3034 2758 δέ
3059 2706 3224 2770 αὐτὸς
3248 2707 3382 2776 ἡμῖν
3407 2709 3502 2759 καὶ
3534 2707 3666 2778 περὶ

2090 2798 2184 2850 τοῦ
2222 2794 2540 2865 Πνεύματος
2568 2795 2748 2863 λόγος,
2783 2798 2840 2848 ἐν
2873 2797 3007 2868 μόνῃ
3041 2799 3107 2867 τῇ
3163 2796 3316 2863 τάξει
3348 2796 3447 2866 τὴν
3477 2797 3674 2866 διαφο-

2094 2889 2194 2960 ρὰν
2226 2889 2367 2958 ἔχον.
2413 2889 2502 2952 Ὦς
2527 2889 2636 2959 γὰρ
2671 2890 3004 2944 συνάπτεται
3031 2889 3106 2960 τῷ
3133 2889 3310 2960 Πατρί
3339 2890 3368 2941 6
3391 2888 3541 2955 Υἱὸς,
3580 2891 3676 2942 καί

2088 2983 2152 3036 τὸ
2199 2979 2260 3047 ἐξ
2288 2980 2453 3034 αὑτοῦ
2499 2976 2641 3034 εἷναι
2688 2981 2851 3052 ἔχων,
2910 2982 3009 3052 οὐχ
3049 2981 3325 3054 ὑστερίζει
3372 2983 3514 3035 κατὰ
3574 2982 3676 3053 τὴν

2093 3073 2351 3146 ὕπαρξιν,
2384 3071 2528 3126 οὕτω
2561 3073 2725 3128 πάλιν
2759 3077 2852 3126 καὶ
2881 3071 2978 3126 τοῦ
3018 3073 3362 3143 Μονογενοῦς
3396 3073 3585 3143 ἔχεται
3612 3073 3676 3126 τὸ

401 3165 629 3235 Πνεῦμα
657 3168 719 3218 τὸ
751 3165 930 3235 ἆγιον,
957 3168 1173 3240 ἐπινοίᾳ
1207 3169 1343 3241 μόνῃ
1382 3169 1528 3222 κατὰ
1551 3169 1644 3223 τὸν
1667 3168 1766 3237 τῆς
1795 3167 1976 3232 αἰτίας
2020 3166 2181 3236 λόγον
2240 3164 2740 3236 προθεωρουμένου
2811 3167 2913 3236 τῆς
2942 3165 3038 3218 τοῦ
3073 3165 3394 3236 Πνεῦματος
3422 3165 3670 3219 ὑποστάς

400 3273 564 3320 σεως.
584 3259 649 3310 Αἰ
676 3257 732 3310 δὲ
761 3259 1018 3330 χρονικαί
1044 3263 1386 3331 παρατάσεις
1409 3263 1595 3332 χώραν
1623 3263 1724 3315 οὐκ
1790 3263 2012 3331 ἔχουσιν
2053 3261 2148 3313 ἐπὶ
2177 3260 2274 3330 τῆς
2337 3258 2672 3328 προαιωνίου
2730 3257 2874 3328 ζωῆς
2907 3271 2923 3286 ⁸

2964 3258 3105 3312 ὥστε
3140 3260 3235 3311 τοῦ
3269 3258 3431 3326 λόγου
3455 3257 3555 3327 τῆς
3591 3262 3676 3312 αι’

400 3351 520 3412 τίας
553 3349 998 3422 ὑπεξῃρημένου,
1046 3353 1104 3406 ἐν
1151 3352 1344 3423 μηδενὶ
1393 3354 1495 3424 τὴν
1539 3353 1703 3420 ἁγίαν
1769 3353 1981 3421 Τριὰδα
2023 3354 2161 3424 πρὸς
2194 3352 2398 3420 ἑαυτὴν
2423 3350 2774 3420 ἀσυμφώνως
2807 3350 2976 3420 ἐχειν.
3027 3368 3045 3401 ι

473 3447 530 3501 Ιιι
584 3448 722 3502 actis
756 3445 990 3504 Nicaeum
1036 3452 1225 3518 prima:
1265 3451 1482 3520 synodi,
1545 3452 1747 3519 quibus
1803 3451 1988 3506 Patres
2017 3457 2060 3514 C

402 3539 734 3609 l’hilosopho
761 3557 857 3610 per
887 3539 1176 3597 Leontium
1217 3546 1534 3613 episcopum
1563 3543 1983 3612 responderunt,

401 3632 558 3700 cujus
581 3633 828 3701 responsi
859 3634 1182 3703 principium
1212 3644 1294 3688 est
1323 3652 1338 3689 :
1392 3653 1410 3686 ι
1455 3634 1582 3688 Illud
1614 3637 1776 3689 etiam
1811 3635 1988 3690 amice

403 3723 754 3794 PhilnSOplie,
777 3726 1237 3782 considerandum
1267 3737 1370 3792 εει,
1395 3745 1413 3778 ι
1443 3727 1743 3797 reperitur:
1769 3747 1786 3779 ι
1814 3728 1986 3797 Spiri-

403 3825 487 3871 tus
517 3827 745 3872 sanetus
772 3818 1076 3888 procedens
1130 3819 1347 3890 quidem
1383 3833 1451 3873 ex
1505 3817 1688 3886 Patre,
1730 3819 1986 3890 prOprius

403 3924 530 3963 vero
562 3907 706 3975 Filii,
737 3919 874 3964 ctex
921 3910 1040 3979 ipso
1081 3911 1361 3965 exsiliens.
1395 3928 1414 3962 ι

473 4001 709 4056 Sanctus
761 4001 999 4072 Cyrillus
1043 4003 1297 4057 oratione
1317 4004 1384 4057 ad
1434 4002 1767 4070 Nestorium,
1825 4003 1986 4071 cujus

404 4091 753 4161 principium,
815 4110 835 4143 ι
899 4091 1178 4147 Salvatore
1247 4107 1435 4150 nOStro
1485 4095 1660 4164 palam
1715 4095 1984 4160 edieente,

408 4197 427 4230 ι
464 4181 569 4247 Qui
593 4190 740 4234 amat
762 4190 968 4251 patrem
997 4191 1051 4237 ει
1075 4191 1302 4238 matrem
1326 4201 1490 4254 super
1522 4201 1627 4252 me,
1668 4200 1776 4240 non
1802 4194 1885 4241 est
1900 4201 1988 4241 me

404 4270 600 4339 dignus
631 4274 670 4337 ¹,
706 4290 725 4323 ι
756 4274 923 4343 inquit
951 4289 966 4327 :
990 4291 1010 4326 ι
1046 4273 1197 4330 Licet
1232 4276 1303 4330 sit
1353 4277 1406 4330 in
1445 4278 1722 4348 liypostasi
1753 4277 1988 4348 Spiritus

404 4367 647 4434 propria,
675 4375 728 4420 et
753 4366 867 4436 jam
899 4368 1252 4439 intelligatur,
1277 4373 1576 4425 secundum
1596 4372 1986 4443 seipsum,qua

406 4456 644 4525 Spiritus
681 4467 784 4524 est,
827 4466 1011 4512 etnon
1052 4458 1250 4525 Filius,
1311 4472 1684 4516 verumtamen
1737 4477 1848 4517 non
1904 4471 1987 4518 est

404 4552 612 4603 alienus
653 4551 722 4604 ab
768 4565 854 4611 eo.
889 4550 1128 4621 Spiritus
1185 4556 1331 4608 enim
1393 4555 1636 4610 veritatis
1685 4555 1988 4625 appellatus

405 4651 508 4706 est,
534 4653 588 4694 et
629 4653 711 4697 est
743 4643 996 4697 Christus
1035 4646 1253 4713 veritas,
1303 4657 1358 4700 et
1406 4647 1708 4701 eﬂ'unditur
1757 4647 1827 4702 ah
1870 4648 1988 4718 ipso

405 4749 507 4802 qua
533 4745 583 4787 et
602 4749 630 4787 a
660 4732 822 4789 Patre
846 4736 1072 4792 ratione.
1113 4755 1132 4789 ι

2182 3451 2273 3503 Ἐν
2301 3453 2412 3512 τοίς
2453 3449 2789 3517 Πρακτικοίς
2819 3449 2914 3518 τῆς
2939 3451 2997 3501 ἐν
3024 3449 3228 3520 Νικαίᾳ
3259 3447 3489 3521 πρώτης
3517 3450 3669 3503 συνό-

2096 3541 2212 3606 δου,
2254 3541 2316 3593 ἐν
2346 3536 2427 3604 οἷς
2455 3533 2690 3594 εἶπονιοί
2722 3540 2962 3611 Πατέρες
2991 3542 3128 3611 πρὸς
3157 3541 3248 3595 τὸν
3272 3542 3564 3610 φιλόσοφον
3583 3543 3672 3596 διὰ

2094 3634 2190 3689 τοῦ
2224 3633 2531 3686 ἐπισκόπου
2581 3633 2864 3698 Λεοντίου,
2891 3626 2966 3685 ὧν
2997 3631 3181 3702 ῥητῶν
3218 3633 3250 3704 ὴ
3293 3631 3460 3702 ἀρχὴ,
3495 3651 3513 3684 ι
3560 3634 3674 3686 Κά-

2095 3727 2247 3778 κεῖνο
2278 3725 2334 3778 δέ
2364 3725 2606 3796 νοητέον,
2641 3719 2685 3778 ὣ
2713 3723 2854 3794 φίλε,
2891 3723 3083 3778 λοιπὸν
3112 3724 3215 3792 τῆς
3262 3725 3547 3794 ἀληθείας,
3585 3742 3675 3794 φι-

2093 3818 2309 3888 λόσοφεο
2344 3817 2576 3890 εὓρηται
2604 3818 2665 3870 τὸ
2703 3816 2934 3887 Πνεῦμα
2968 3819 3412 3889 ἐκπορευόμενον
3461 3820 3528 3872 ἐκ
3577 3814 3672 3874 τοῦ

2095 3910 2332 3982 Πατρὺς,
2360 3911 2492 3964 ίδιον
2511 3910 2568 3964 δέ
2601 3908 2693 3962 τοῦ
2716 3909 2870 3975 Υἰοῦ,
2899 3911 2992 3962 καὶ
3019 3910 3078 3974 ἐξ
3099 3909 3267 3963 αὑτοῦ
3295 3909 3618 3973 ἀναϐλύζον.
3648 3928 3667 3961 ι

2177 4004 2237 4057 '0
2267 4003 2423 4072 ἆγιος
2448 4002 2719 4074 Κύριλλος
2755 4003 2814 4055 ἐν
2843 4001 2923 4071 τῷ
2967 4001 3104 4071 πρὸς
3149 4003 3448 4072 Νεστόριον
3504 4003 3672 4072 λόγῳ,

2093 4090 2158 4151 οῦ
2192 4099 2225 4167 ἡ
2249 4097 2416 4168 ἀρχὴ,
2456 4114 2474 4146 ι
2510 4077 2619 4148 Τόῡ
2653 4095 2907 4166 Σωτῆρος
2937 4097 2970 4165 ή
2981 4095 3098 4165 μῶν
3122 4096 3371 4163 λέγοντος
3398 4097 3672 4166 ἐναργῶς,

2102 4207 2121 4240 ι
2170 4187 2232 4241 ὐ
2265 4187 2438 4256 φιλῶν
2473 4183 2690 4256 πατέρα
2750 4185 2782 4256 ἢ
2844 4187 3060 4257 μητέρα
3091 4186 3233 4256 ὑπὲρ
3267 4185 3368 4254 ἐμὲ
3403 4188 3506 4240 οὒκ
3558 4187 3675 4240 ἔστι

2097 4297 2200 4350 μου
2233 4278 2406 4343 ἄξιος,
2446 4297 2464 4331 ι
2503 4278 2689 4348 φησὶν,
2728 4295 2747 4330 ι
2789 4278 2851 4330 Εἰ
2879 4279 2972 4331 καὶ
3003 4277 3152 4332 ἔστιν
3174 4281 3232 4332 ἐν
3269 4279 3574 4333 ὑποστάσει
3615 4279 3678 4333 τὸ

2097 4371 2324 4442 Πνεῦμα
2353 4372 2520 4442 ἰδικῇ,
2553 4372 2648 4423 καὶ
2681 4369 2744 4440 δὴ
2773 4371 2871 4423 καὶ
2913 4371 3118 4424 νοεῖται
3146 4369 3275 4422 καθ’
3317 4371 3505 4436 ἑαυτὸ,
3538 4371 3678 4424 καθὸ

2097 4464 2328 4533 Πνεῦμὰ
2351 4465 2469 4516 ἐστι
2505 4463 2600 4515 καὶ
2633 4462 2731 4532 οὐχ
2762 4462 2910 4524 Υἱὸς,
2943 4460 3061 4516 ἀλλ’
3092 4457 3186 4515 οὖν
3213 4464 3366 4515 ἐστιν
3390 4463 3493 4516 οὐκ
3525 4463 3679 4516 ἀλλό-

2094 4574 2246 4628 τριον
2273 4555 2464 4609 αὑτοῦ.
2497 4555 2725 4624 Πνεῦμα
2752 4555 2861 4625 γὰρ
2892 4555 3154 4627 ἀληθείας
3200 4556 3541 4626 ὠνόμασται,
3581 4557 3678 4611 καὶ

2095 4651 2214 4704 ἔστι
2250 4649 2487 4719 Χριστὸς
2521 4650 2556 4721 η
2585 4649 2816 4718 ἀλήθεια
2848 4649 2944 4702 καὶ
2995 4653 3283 4720 προχεῖται
3315 4651 3447 4722 παρ’
3478 4651 3672 4718 αὑτοῦ,

2098 4742 2351 4810 καθάπερ
2383 4741 2579 4811 ἀμέλει
2606 4741 2700 4794 καὶ
2730 4743 2792 4793 ἐκ
2816 4738 2911 4793 τοῦ
2940 4741 3177 4809 Πατρός.
3215 4757 3234 4792 ι

481 4824 538 4876 In
563 4825 911 4894 expositione
936 4823 1104 4881 Joelis
1149 4829 1446 4897 prophetae,
1480 4843 1607 4883 cum
1643 4828 1798 4893 illud,
1828 4846 1848 4880 ι
1895 4827 1984 4881 Ef-

2166 4835 2278 4888 Καὶ
2305 4829 2462 4894 αὖθις
2495 4834 2552 4885 ἐν
2585 4835 2651 4903 τῇ
2693 4830 2962 4902 ἑρμηνείᾳ.
2988 4834 3053 4902 τῇ
3089 4833 3170 4895 είς
3222 4829 3315 4885 τδν
3376 4834 3675 4904 προφήτην

408 4917 632 4971 fundam
663 4934 692 4971 e
729 4916 931 4987 Spiritu
959 4935 1082 4973 meo
1111 4920 1152 4985 ²,
1186 4939 1204 4971 ι
1246 4921 1752 4989 ἱιιιειριειειιιτκείι
1785 4936 1798 4972 ;
1831 4939 1849 4972 ι
1886 4919 1992 4974 lia-

407 5014 554 5065 tioue
579 5012 822 5080 quidem,
869 5027 975 5081 qua
1017 5025 1098 5066 eSt
1127 5011 1293 5073 Deus,
1317 5023 1371 5068 et
1401 5027 1468 5067 ex
1525 5011 1638 5067 Deo
1687 5013 1988 5068 secundum

407 5113 660 5156 naturam
695 5101 867 5159 Filius
903 5121 916 5158 :
952 5119 1192 5174 namque
1242 5120 1309 5159 ex
1345 5104 1457 5159 Deo
1481 5114 1534 5159 et
1563 5105 1726 5161 Patre
1761 5122 1989 5177 genera-

406 5202 494 5246 tus
519 5205 626 5259 est,
678 5195 934 5263 proprius
974 5194 1148 5263 ipsius
1189 5203 1243 5248 et
1275 5193 1332 5247 in
1366 5195 1506 5264 ipso,
1545 5202 1598 5248 et
1651 5209 1715 5248 ex
1758 5195 1876 5264 ipso
1906 5201 1992 5248 εει

407 5283 644 5353 Spiritus
675 5297 919 5350 sanctus,
951 5286 1410 5356 quemadmodum
1432 5287 1640 5342 scilicet
1661 5285 1728 5342 de
1759 5288 1876 5356 ipso
1907 5286 1990 5340 in-

407 5376 642 5448 telligiur
665 5377 776 5434 Deo
810 5387 863 5432 et
893 5378 1104 5432 Patre.»

477 5469 620 5522 Idem
663 5470 911 5524 oratione
935 5470 1002 5524 ad
1031 5469 1414 5539 imperatorem
1457 5470 1849 5536 Theodosium,
1896 5488 1991 5526 cn-

409 5560 493 5628 jus
527 5562 889 5632 principium,
945 5581 963 5614 ι
998 5559 1325 5631 Supremum
1376 5563 1629 5619 humana:
1657 5565 1840 5631 gloriae
1870 5565 1990 5618 eul-

409 5668 554 5718 men,
590 5673 608 5706 ι
647 5656 760 5709 ait:
805 5671 823 5706 ι
853 5652 1226 5725 Baptizantem
1258 5654 1596 5712 dixitJesum
1623 5657 1674 5712 in
1704 5658 1846 5727 igne,
1883 5671 1989 5710 non

501 5813 515 5842 ¹
554 5812 742 5867 Matth.
791 5831 841 5880 κ,
880 5812 971 5870 57.
1063 5814 1083 5846 ¹
1108 5812 1254 5870 ίοειξ
1289 5827 1353 5884 ιι,
1380 5817 1472 5871 28.

2103 4924 2282 4994 Ἰωὴλ,
2312 4927 2378 4995 τῇ
2422 4941 2441 4974 ‹
2488 4923 2698 4994 Ἐκχεῶ
2752 4923 2859 4976 ἀπὸ
2901 4922 2996 4977 τοῦ
3030 4921 3352 4992 Πνεύματός
3388 4941 3493 4994 μου
3529 4941 3550 4974 ι
3588 4925 3677 4990 ἐξ·

2092 5015 2293 5085 ηγήσει
2336 5015 2525 5085 φησίν·
2567 5033 2586 5066 ι
2633 5007 2710 5084 'I;l
2745 5013 2844 5083 μὲν
2869 5012 2975 5083 γάρ
3006 5015 3124 5066 ἐστι
3148 5013 3283 5077 Θεὸς
3316 5013 3412 5067 καὶ
3443 5017 3509 5068 ἐκ
3537 5015 3677 5066 Θεοῦ

2093 5106 2236 5170 κατὰ
2270 5105 2435 5176 φύσιν
2460 5105 2488 5157 6
2513 5105 2640 5168 Υίός
2664 5121 2678 5136 ο
2710 5105 3036 5173 γεγέννηται
3065 5105 3173 5176 γὰρ
3203 5106 3268 5159 ἐκ
3294 5105 3389 5159 τοῦ
3417 5105 3555 5159 Θεοῦ
3581 5108 3677 5160 καὶ

2096 5198 2336 5268 Πατρὸς,
2376 5198 2510 5250 ίδιον
2537 5195 2705 5250 αὑτοῦ
2741 5213 2800 5248 τε
2832 5198 2929 5250 καὶ
2966 5199 3024 5250 ἐν
3069 5196 3242 5266 αὐτῷ,
3293 5198 3386 5250 καὶ
3416 5199 3474 5264 ἐξ
3505 5197 3674 5252 αὐτοῦ

2096 5290 2157 5343 τὸ
2186 5288 2418 5359 Πνεῦμά
2444 5291 2587 5351 ἐστι.
2624 5287 2882 5359 καθάπερ
2913 5288 3110 5358 ἀμέλει
3139 5291 3234 5342 καὶ
3267 5288 3328 5355 ἐξ
3346 5288 3513 5342 αὐτοῦ
3538 5291 3677 5343 νοεῖ-

2101 5397 2193 5434 ται
2228 5379 2323 5433 τοῦ
2363 5380 2500 5432 Θεοῦ
2538 5381 2631 5434 καὶ
2662 5381 2898 5451 Πατρός.
2940 5399 2958 5432 ι

2181 5471 2242 5524 '0
2282 5471 2447 5534 αὐτὸς
2482 5472 2539 5523 ἐν
2567 5470 2646 5539 τῷ
2668 5471 2806 5541 πρὸς
2832 5475 2923 5523 τὸν
2946 5471 3176 5541 βασιλέα
3199 5470 3483 5523 Θεοδόσιον
3507 5471 3669 5541 λόγῳ,

2099 5556 2222 5634 οῦχί)
2257 5563 2420 5634 ἀρχὴ,
2458 5583 2476 5616 ι
2502 5564 2613 5635 Τῆς
2639 5564 2740 5632 μὲν
2767 5565 2824 5616 ἐν
2847 5563 3158 5633 ἀνθρώποις
3180 5563 3431 5625 εὐκλείας
3457 5563 3518 5616 τὸ
3539 5564 3676 5617 ἀνω-

2101 5659 2274 5725 τάτω,
2322 5677 2338 5710 ι
2379 5657 2544 5729 φησίν
2572 5673 2585 5688 ο
2637 5677 2654 5709 ι
2691 5656 3036 5719 Βαπτίζοντα
3091 5654 3196 5725 ἔφη
3249 5654 3342 5708 τὸν
3382 5653 3592 5724 Ἰησοῦν
3619 5657 3675 5708 ἐν
