3958 6402
340 320 344 324 θ
446 259 552 368 cie

1481 299 1693 361 JOAN.
1730 297 1940 359 VECCl
1976 299 2082 359 ΟΡ.
2131 295 2648 358 ΡΑἹἪΙΑΠΟΗΒ

3605 280 3708 360 cio

450 423 549 472 huc
583 421 792 474 ratione
841 419 1078 474 servabit
1109 432 1206 473 nos
1257 417 1512 488 Spiritus,
1550 418 1640 485 qui
1702 434 1762 469 ex
1814 416 2030 468 Christo

2146 419 2301 485 φησίν
2324 433 2336 444 ·
2366 435 2383 465 ι
2426 414 2533 468 Καὶ
2560 412 2733 473 οὕτως
2767 411 2913 481 ἡμᾶς
2939 412 3165 481 φυλάεοι
3197 411 3258 464 τὸ
3293 412 3446 484 παρὰ
3474 412 3711 482 Χριστοῦ

446 524 549 579 εει,
582 517 633 568 iu
662 515 811 569 diem
848 508 1043 568 future
1078 511 1496 580 redemptionis.
1543 528 1560 560 ι

519 701 747 769 Magnus
771 707 824 752 et
852 697 1291 765 Tliaumaturgus
1313 695 1604 764 Gregorius
1628 694 2031 748 NemarSurLeu-

449 795 525 848 sis
548 795 843 862 episcopus
879 789 1150 852 oratione,
1174 802 1297 855 qua:
1332 786 1522 854 incipit
1559 802 1572 837 :
1610 805 1627 835 ι
1665 784 2030 838 ιιιὶιιιὶεὶεδίιιςὶ

444 892 498 937 et
534 883 694 936 alieni
729 896 757 934 a
786 878 1131 935 confessione
1158 877 1461 948 apostolica
1515 888 1644 930 sunt
1705 876 1795 943 qui
1845 877 2032 929 dicunt

444 990 560 1027 esse
620 970 817 1025 Filium
880 970 1043 1024 exiis
1092 984 1214 1039 qua:
1267 984 1375 1022 non
1427 976 1665 1030 exstant,
1725 986 1742 1018 ι
1797 967 2028 1021 scribit:

451 1084 467 1113 ι
510 1063 720 1115 Domitii
749 1062 911 1115 Pater
933 1059 1262 1130 principium
1296 1069 1379 1112 est
1405 1064 1473 1111 ab
1494 1070 1697 1113 interno
1722 1072 1844 1111 eum
1866 1073 2031 1128 gene-

447 1172 590 1217 rans,
624 1165 677 1210 et
707 1155 971 1208 Dominus
990 1161 1069 1207 est
1089 1160 1409 1222 prototyptis
1443 1149 1696 1219 Spiritus.
1757 1167 1775 1201 ι
1806 1149 2031 1219 Magnus

446 1248 699 1313 Basilius,
745 1265 763 1297 ι
793 1244 1104 1301 Genitorem
1142 1252 1197 1298 et
1225 1251 1570 1313 prototypum
1600 1240 1722 1295 Filii
1757 1240 1970 1297 l’alrcm
2008 1260 2024 1291 ι

447 1348 732 1408 nuncupat
760 1337 1007 1391 oratione
1030 1343 1221 1405 quarta
1248 1335 1519 1390 adversus
1549 1333 1900 1388 Euiioiniuin.
1943 1353 1961 1384 ι

517 1523 754 1586 Sanctus
785 1520 1025 1591 Cyrillus
1059 1519 1111 1572 in
1145 1535 1255 1573 uno
1292 1518 1467 1588 capite
1496 1500 1615 1572 libri
1640 1518 1862 1572 secundi
1887 1515 2030 1571 The-

446 1627 772 1678 saurozum;
815 1631 832 1663 ι
868 1610 1163 1682 Proprium
1190 1622 1368 1664 autem
1403 1623 1488 1679 est
1512 1609 1745 1679 Spiritus
1784 1612 2032 1664 essentia:

446 1704 591 1771 Filii,
637 1720 737 1760 nec
777 1705 845 1757 ab
868 1712 1131 1757 extraneo
1163 1703 1500 1772 liypostasim
1538 1702 1721 1757 habet.
1758 1719 1775 1752 ι
1834 1699 1893 1755 ιη
1922 1700 2030 1754 alio

2139 507 2361 576 Πνεῦμα
2393 510 2471 570 είς
2498 506 2596 576 τὴν
2629 503 2844 575 ἡμέραν
2893 505 2993 587 τῆς
3030 504 3341 576 μελλούσης
3390 505 3713 578 άπολυτρώ-
3756 556 3759 559 ,

2137 618 2293 661 σεως.
2338 618 2354 650 ι

2217 689 2274 739 ὐ
2311 688 2484 756 μέγας
2516 686 2612 739 καὶ
2661 686 3100 755 Θαυματουργὸς
3143 686 3445 757 Γρηγῦριος
3480 688 3718 741 Νεοκαι-

2136 780 2362 849 σαρείας
2396 778 2699 840 ἐπίσκοπος
2721 780 2782 829 ὲν
2816 776 3062 846 τῷλόγῳ
3104 772 3167 832 οὗ
3204 782 3235 847 ή
3277 779 3443 849 ἀρχὴ,
3479 798 3497 829 ι
3529 780 3720 850 Ἔχθι-

2135 887 2250 923 στοι
2285 870 2380 922 καὶ
2432 870 2708 940 ἀλλότριοι
2766 870 2865 938 τῆς
2928 868 3298 938 ἀποστολικῆς
3340 870 3639 941 ὁμολογίας
3669 874 3721 926 ει

2133 966 2222 1017 τὸν
2252 965 2487 1033 Χριστὸν
2516 963 2574 1030 ἐξ
2596 965 2696 1016 οὐκ
2718 963 2888 1014 ὄντων
2919 963 3203 1030 λέγοντες,
3244 983 3263 1016 ι
3299 962 3469 1034 φησίν
3495 981 3512 997 ο
3550 983 3570 1017 ι
3609 965 3722 1018 Τοῦ

2134 1057 2345 1127 Κυρίου
2379 1060 2405 1109 6
2442 1058 2633 1128 Πατὴρ
2666 1059 2833 1130 ἀρχὴ,
2880 1060 3068 1124 ἀϊδίως
3098 1058 3262 1113 αὐτὸν
3292 1060 3584 1130 γεννήσας,
3626 1061 3728 1112 xal

2134 1149 2497 1217 πρωτὸτυπος
2528 1148 2622 1201 τοῦ
2653 1149 2980 1220 Πνεύματος
3010 1153 3038 1204 6
3074 1150 3301 1216 Κύριος.
3358 1169 3378 1202 ι
3431 1151 3491 1203 ’0
3543 1152 3729 1218 μέγας

2135 1239 2436 1304 Βασίλειος,
2486 1258 2505 1291 ι
2568 1240 2885 1312 Γεννήτορα
2920 1241 3013 1297 καὶ
3062 1243 3429 1312 πρωτότυπον
3465 1243 3559 1297 τὸν
3606 1244 3721 1295 [Ια-

2132 1332 2270 1403 τέρα
2310 1352 2328 1383 ι
2367 1334 2505 1404 φησι
2539 1351 2556 1383 t
2600 1335 2695 1386 τοῦ
2729 1333 2861 1387 Υίοῦ
2900 1353 2917 1386 ι
2957 1335 3015 1388 ὲν
3042 1334 3122 1405 τῷ
3151 1337 3275 1389 κατ’
3311 1336 3586 1408 Εὐνομίου
3628 1354 3713 1390 ἰε⁸

2133 1425 2337 1493 τάρτῳ.
2378 1442 2396 1475 ι

2218 1517 2278 1568 '0
2308 1516 2461 1584 ἅγιος
2484 1518 2747 1588 Κύριλλος
2782 1519 2837 1573 ὲν
2872 1519 2956 1572 ἐνὶ
2982 1519 3092 1572 τῶν
3138 1519 3452 1589 κεφαλαίων
3474 1521 3568 1574 τοῦ
3593 1521 3720 1574 δευ-

2133 1606 2289 1679 τέρου
2313 1609 2422 1662 τῶν
2450 1608 2757 1679 Θησαυρῶν
2787 1625 2801 1639 ·
2830 1629 2850 1663 ι
2886 1611 3047 1665 ἰδιον
3076 1611 3133 1664 δὲ
3162 1613 3382 1676 πάντως
3405 1612 3467 1666 τὸ
3488 1612 3723 1682 Πνεῦμα

2137 1700 2235 1767 τῆς
2270 1700 2460 1765 οὐσίας
2510 1700 2605 1754 τοῦ
2643 1700 2798 1767 Υίοῦ,
2852 1704 2949 1757 καὶ
2996 1704 3098 1758 οὐκ
3132 1703 3335 1769 ἔξωθεν
3380 1705 3743 1762 ὑποστατόν..

446 1770 638 1851 iursiis
675 1812 687 1849 :
726 1814 743 1847 ι
779 1796 916 1861 Cum
956 1770 1301 1864 itaqiieleges
1335 1794 1427 1847 dat
1457 1793 1730 1858 Christus,
1770 1803 2026 1861 tanquam

2152 1792 2239 1846 Ἐν
2271 1792 2416 1864 ἄλλῳ
2449 1792 2649 1847 πάλιν⁶
2692 1812 2713 1847 ι
2772 1794 3219 1866 Νομοθετοῦντος
3269 1799 3569 1871 τοιγαροῦν
3623 1801 3725 1855 τοῦ

446 1888 499 1939 iii
538 1888 654 1955 ipso
687 1887 957 1941 exsistens
1011 1885 1248 1954 Spiritus
1284 1885 1430 1939 illius
1459 1885 1605 1952 leges
1638 1885 1750 1938 dat.
1796 1902 1814 1935 ι
1860 1882 1927 1937 Ει
1980 1885 2034 1937 in

443 1978 551 2031 alio
591 1996 603 2031 :
634 1996 650 2029 ‹
688 1976 923 2032 Necesse
955 1988 1037 2032 est
1064 1990 1194 2045 ergo
1228 1974 1407 2039 fateri,
1439 1974 1588 2028 illum
1608 1988 1727 2028 esse
1749 1990 1814 2028 ex
1845 1989 2036 2029 essen-

446 2073 516 2124 iia
548 2068 669 2122 Filii
700 2080 753 2124 et
786 2070 900 2133 Dei,
927 2083 1052 2122 cum
1081 2080 1301 2120 omnem
1349 2065 1494 2119 illius
1564 2074 1618 2119 et
1661 2065 2034 2134 Operatiouem

441 2173 495 2216 it
519 2163 769 2217 virtutem
799 2160 1094 2230 possideat.
1119 2177 1137 2209 ι
1202 2158 1337 2212 liein
1375 2157 1426 2209 in
1456 2156 1562 2210 alio
1593 2173 1607 2210 :
1646 2174 1665 2207 ι
1703 2155 1789 2212 Uti
1828 2172 1893 2210 ex
1944 2171 2037 2211 es.-

444 2257 618 2311 sentia
648 2256 922 2309 exsisteiis
975 2250 1378 2322 suppeditantis
1418 2249 1571 2303 illum
1613 2251 1840 2314 sanctis,
1874 2249 2036 2304 Cliri-

444 2348 512 2401 sli
544 2347 813 2402 videlicet.
850 2366 868 2400 ι
912 2346 1043 2401 Item
1078 2346 1131 2399 in
1160 2345 1268 2399 alio
1307 2362 1320 2399 :
1370 2364 1387 2394 ι
1422 2345 1644 2399 Nullum
1685 2347 1846 2418 igitur
1871 2356 2034 2401 natu-

443 2452 517 2490 ra:
570 2437 864 2491 discrimen
932 2435 1180 2506 agnoscit
1233 2433 1439 2489 Paulus
1488 2434 1632 2502 Filii,
1688 2446 1741 2490 et
1797 2435 2035 2505 Spiritus

444 2528 639 2591 sancti.
670 2528 761 2582 sed
798 2526 965 2580 veluti
991 2543 1054 2581 ex
1093 2527 1233 2598 ipso.
1267 2537 1321 2582 et
1383 2527 1436 2582 iu
1462 2527 1578 2595 ipso
1649 2526 2032 2593 exsisteiiteua,

443 2621 594 2675 illum
636 2620 1026 2675 dominationis
1062 2622 1284 2676 nomine
1318 2622 1569 2692 insignit.
1601 2639 1619 2671 ι
1651 2619 1780 2675 ltem
1808 2620 1861 2673 in
1894 2619 2032 2673 alio:

448 2730 469 2765 ι
523 2712 753 2769 Necesse
808 2721 888 2768 est
940 2712 1101 2767 fateri
1164 2711 1425 2779 Spiritum
1511 2728 1578 2765 ex
1628 2711 1862 2765 essentia
1912 2709 2033 2763 Filii

442 2820 584 2859 esse.
630 2821 648 2854 ι
681 2805 809 2857 Item
866 2803 921 2858 in
949 2802 1055 2858 alio
1085 2821 1096 2855 :
1137 2821 1155 2854 t
1200 2803 1367 2873 Igitur
1400 2817 1468 2857 ex
1486 2800 1731 2857 essentia
1765 2800 1885 2855 Filii
1919 2801 2037 2871 Spi-

444 2896 604 2952 ritus.
649 2914 667 2947 ι

506 3160 664 3229 Ἰιίοιιι
700 3171 1052 3245 expositione
1095 3172 1149 3227 in
1190 3172 1540 3241 Evangelium
1582 3170 1830 3237 Joannis,
1877 3172 1928 3250 in
1964 3174 2031 3227 ilo

443 3268 583 3322 iud:
625 3284 644 3317 ι
679 3266 749 3320 Ει
789 3264 933 3320 Deus
970 3275 1089 3319 erat
1132 3263 1442 3330 Verbum",
1510 3282 1528 3316 ι
1588 3266 1801 3334 inquit:
1854 3284 1871 3317 ι
1914 3264 2032 3320 Non

445 3359 630 3427 itaque
673 3357 853 3410 minor
890 3365 994 3421 est,
1020 3355 1118 3426 ηιιί
1146 3355 1394 3410 eamdem
1437 3357 1707 3411 actionem
1755 3373 1879 3411 cum
1914 3374 2035 3427 per-

396 3456 401 3461 ’
447 3452 588 3507 lecto
618 3452 778 3505 Patre
809 3438 1069 3520 possidet,
1126 3460 1178 3504 et
1208 3451 1474 3523 genitoris
1504 3449 1768 3520 Spiritum
1818 3462 1876 3507 ut
1906 3467 2033 3522 pro-

448 3546 623 3613 prium
661 3544 864 3599 bouum
896 3558 1006 3597 non
1043 3542 1199 3598 aliter
1232 3554 1401 3611 certe,
1461 3559 1625 3613 quam
1666 3544 1782 3614 ipse
1820 3546 2038 3615 genitor

450 3618 633 3689 habet.
680 3654 698 3688 ι
756 3620 761 3626 ’

472 3727 657 3807 Ἠεῐη
695 3731 747 3780 in
795 3727 1132 3797 expositione
1187 3728 1463 3799 Evangelii
1517 3729 1818 3786 secundum
1870 3727 2038 3783 Joan-

446 3835 591 3886 nem,
630 3821 682 3874 in
714 3821 919 3875 dictum
953 3837 966 3875 ;
999 3839 1017 3872 ι
1059 3819 1126 3881 Et
1151 3836 1249 3891 ego
1280 3821 1481 3891 rogabo
1514 3820 1755 3889 Patrem,
1778 3830 1833 3877 et
1868 3821 2034 3876 alium

445 3918 785 3972 l’araclcttim
814 3918 963 3970 dabit
989 3917 1143 3971 Vobis
1170 3916 1238 3982 “,
1282 3935 1300 3968 ι
1356 3916 1533 3986 inquit
1567 3934 1582 3972 :
1622 3933 1641 3967 ι
1705 3913 1843 3969 Nam
1909 3928 2036 3969 cum

448 4029 552 4065 una
596 4028 719 4064 cum
751 4011 914 4064 Patre
946 4011 1291 4067 naturalibus
1331 4011 1553 4066 deitatis
1578 4011 1735 4065 bonis
1783 4008 2039 4063 substan-

448 4106 650 4158 tialiter
680 4102 855 4157 Filius
889 4100 1282 4167 communicet,
1344 4104 1535 4157 eodem
1566 4102 1727 4155 modo
1773 4097 2038 4169 Spiritum

448 4196 631 4261 habet,
664 4210 771 4262 quo
790 4192 944 4246 Pater
963 4192 1161 4247 habere
1188 4192 1522 4264 intelligitur,
1545 4208 1657 4247 non
1683 4190 2038 4246 adventitium

451 4303 627 4356 neque
660 4286 887 4344 deforis.
920 4289 1157 4344 Stultum
1188 4285 1335 4340 enim
1372 4294 1535 4354 atque
1564 4284 1831 4338 furiosum
1856 4289 1943 4336 est
1965 4279 2038 4335 ita

446 4358 685 4433 sentire:
720 4378 816 4433 sed
846 4376 1310 4449 quemadmodum
1364 4375 1744 4446 unusquisque
1791 4382 2038 4427 nostrum

447 4471 727 4539 prepriuni
765 4471 819 4524 in
852 4472 1034 4540 seipse
1057 4469 1322 4539 Spiritum
1368 4469 1634 4531 continet,
1664 4466 1804 4521 etab
1829 4462 2038 4520 intimis

448 4564 751 4633 visceribus
809 4563 875 4616 ad
903 4562 1179 4617 exteriora
1236 4559 1517 4630 profundit
1553 4574 1568 4613 :
1603 4566 1884 4628 propterea
1909 4569 2037 4611 cor-

447 4670 609 4722 poree
656 4654 917 4708 Christus
968 4650 1289 4715 lnsnlllavit,
1353 4649 1649 4705 ostendens
1704 4649 1808 4703 hoc
1856 4648 2036 4718 signo,

448 4748 578 4816 quia
607 4747 1070 4815 quemadmodum
1105 4745 1174 4798 ab
1207 4758 1303 4798 ore
1340 4743 1581 4797 humano
1629 4755 1890 4811 corporee
1932 4741 2036 4794 liu—

452 4852 645 4890 iiianns
680 4837 903 4905 spiritus
927 4835 1192 4905 procedit,
1246 4835 1327 4889 sic
1367 4850 1433 4889 ex
1482 4834 1665 4888 divina
1728 4831 2037 4889 substantia

450 4928 638 4984 deitati
675 4936 1039 4998 congruenter
1073 4926 1332 4996 Spiritus,
1361 4926 1453 4997 qui
1486 4925 1554 4980 ab
1594 4940 1656 4980 ea
1684 4934 1770 4981 est
1813 4925 2042 4994 profun-

451 5023 620 5077 ditur.
656 5040 674 5073 ι
1042 5000 1059 5019 ’

520 5116 667 5172 idem
704 5117 758 5170 in
810 5123 962 5169 sexto
1016 5114 1081 5167 ad
1125 5112 1400 5167 Hermiam
1439 5111 1580 5168 libro
1617 5115 1694 5169 ait
1733 5132 1747 5169 :
1782 5133 1801 5167 ι
1875 5115 2037 5172 Post-

451 5212 675 5263 modum
709 5207 986 5278 quomodo
1018 5205 1072 5260 in
1126 5206 1283 5262 nobis
1319 5205 1490 5262 Filius
1523 5222 1620 5277 per
1652 5206 1914 5278 Spiritum
1960 5212 2040 5265 in-

355 5332 378 5347 -
449 5300 696 5355 habitat?
729 5298 1017 5364 Quomodo
1084 5300 1228 5368 quod
1271 5311 1465 5353 natura
1525 5300 1881 5355 excellentius
1930 5310 2035 5366 est,

452 5395 635 5448 minus
659 5391 976 5447 excellentis
1029 5393 1505 5465 participationem
1571 5392 2038 5446 communicabit?

453 5487 567 5543 Etsi
601 5487 800 5541 divinae
846 5494 1055 5540 natura:
1104 5485 1370 5539 eﬂicimur
1417 5483 1731 5553 participes,
1774 5483 2035 5552 Spiiitum

455 5580 806 5645 accipientes,
855 5574 1131 5643 quomodo
1167 5571 1407 5627 secundo
1450 5571 1568 5625 loco
1610 5579 1737 5640 post
1772 5568 2035 5640 Spiritum

528 5729 728 5785 ann.
760 5745 798 5784 i.
839 5730 890 5785 1.
969 5725 1142 5782 ‘ibid.
1181 5740 1290 5792 xiv,
1325 5724 1411 5781 16.

2138 1885 2400 1957 Χριστοῦ,
2426 1885 2502 1947 ὡς
2529 1888 2586 1939 ὲν
2611 1886 2765 1956 αὐτῷ
2792 1888 2890 1940 καὶ
2916 1878 2975 1951 ἐξ
3004 1886 3171 1939 αὐτοῦ
3205 1890 3452 1957 φυσικῶς
3473 1889 3729 1962 ὑπάρχον

2134 1976 2196 2030 τδ
2219 1975 2444 2048 Πνεῦμα
2475 1978 2983 2052 αὐτοῦηνομεθετεῖ.
3032 1999 3052 2032 ι
3091 1981 3202 2034 Kal
3230 1981 3396 2036 πάλιν
3423 1984 3483 2036 ἑν
3533 1984 3722 2055 ἄλλῳ·

2142 2088 2160 2118 ι
2210 2068 2456 2138 Ἀνάγκη
2496 2067 2686 2123 λοιπὸν
2718 2070 2784 2122 ἐκ
2831 2073 2929 2139 τῆς
2961 2070 3152 2134 οὐσίας
3209 2072 3483 2142 ὑπάρχειν
3523 2073 3726 2142 ὁμολο-

2139 2162 2258 2229 γεῖν
2293 2161 2422 2213 αὐτὸ
2454 2160 2674 2231 τῆςτοῦ
2705 2160 2836 2214 Υἱοῦ
2875 2163 2970 2215 καὶ
3001 2162 3162 2226 Θεοῦ,
3196 2165 3383 2217 πᾶσαν
3416 2166 3586 2219 αὐτοῦ
3617 2169 3724 2235 τήν

2134 2271 2193 2307 τε
2223 2253 2459 2323 δύναμιν
2486 2254 2581 2307 καὶ
2602 2255 2703 2326 τὴν
2737 2255 3023 2327 ἐνέργειαν
3046 2256 3190 2327 ἕχον.
3235 2275 3255 2309 ι
3303 2254 3440 2327 Kal'
3465 2260 3565 2312 πά)
3583 2277 3634 2312 ιν
3662 2261 3724 2314 ὲν

2136 2349 2320 2419 ille)“
2362 2368 2381 2401 ι
2426 2348 2511 2412 Ὠς
2543 2347 2651 2419 γὰρ
2702 2350 2768 2402 ὲκ
2796 2350 2896 2419 τῆς
2928 2350 3120 2414 οὐσίας
3174 2350 3426 2420 ὑπάρχον
3469 2353 3574 2421 τῆς
3620 2351 3720 2404 τοῦ

2136 2440 2504 2512 χορηγοῦντος
2554 2440 2689 2493 αὐτὸ
2744 2444 2859 2504 τοῖς
2904 2442 3102 2509 ἁγίοις,
3135 2441 3375 2512 Χριστοῦ
3430 2442 3658 2515 δηλαδή.
3694 2462 3720 2498 ι

2137 2535 2247 2587 Kal
2277 2533 2438 2586 πάλιν
2472 2536 2529 2587 ἐν
2555 2533 2736 2604 ἄλλῳ·
2770 2552 2789 2585 ς
2822 2534 3098 2605 Οὐδεμίαν
3128 2536 3240 2605 ἄρα
3271 2535 3489 2605 φύσεως
3533 2537 3722 2605 διαφοο

2139 2627 2238 2696 ρᾶιν
2270 2621 2414 2679 οἶδεν
2444 2628 2472 2679 6
2511 2625 2725 2687 Παῦλος
2753 2625 2853 2695 τῆς
2885 2626 2979 2679 τοῦ
3020 2624 3150 2679 Υίοῦ
3201 2628 3296 2680 καὶ
3330 2627 3495 2696 ἁγίου
3544 2626 3720 2681 [1νεύ-

2139 2733 2328 2787 ματος,
2358 2717 2476 2770 ἀλλ’
2499 2716 2575 2780 ὡς
2600 2715 2660 2781 ἐξ
2694 2715 2858 2770 αὐτοῦ
2892 2718 2986 2769 καὶ
3017 2719 3075 2770 ὲν
3097 2719 3246 2788 αὐτῷ
3265 2716 3512 2786 φυσικῶς
3538 2717 3722 2787 ὑπάρ-

2135 2827 2252 2881 χον,
2283 2810 2357 2879 τῷ
2389 2810 2488 2880 τῆς
2522 2811 2849 2880 κυριότητος
2883 2810 3111 2880 ὀνόματι
3142 2810 3323 2868 καλεῖ.
3354 2829 3374 2863 ι
3416 2811 3529 2864 Καὶ
3556 2811 3722 2865 πάλιν

2164 2925 2193 2959 ν
2252 2906 2432 2977 ἄλλῳ·
2472 2925 2491 2958 ι
2567 2906 2812 2974 Ἀνάγκη
2858 2906 2919 2959 τὸ
2971 2905 3200 2976 Πνεῦμα
3239 2908 3304 2960 ὲκ
3357 2908 3461 2978 τῆς
3524 2908 3723 2972 οὐσίας

2138 2998 2410 3068 ὑπάρχειν
2451 2997 2737 3068 ὁμολογεῖν
2770 2995 2862 3050 τοῦ
2885 2996 3037 3051 Υίοῦ.
3077 3015 3097 3048 ι
3135 2998 3247 3051 Καὶ
3275 2997 3440 3053 πάλιν
3465 2999 3522 3053 ὲν
3550 2999 3717 3068 ἄλλῳ·

2059 3115 2101 3172 C
2144 3107 2161 3138 ι
2205 3090 2415 3143 Οὐκοῦν
2454 3092 2519 3143 ὲκ
2546 3093 2645 3160 τῆς
2678 3090 2867 3153 οὐσίας
2896 3089 2992 3143 τοῦ
3021 3090 3154 3142 Υίοῦ
3187 3092 3247 3144 τὸ
3282 3091 3531 3162 Πνεῦμα.
3589 3113 3609 3145 ι

2220 3186 2280 3238 Ὀ
2320 3181 2483 3244 αὐτὸς
2516 3182 2572 3234 ὲν
2602 3184 2668 3251 τῇ
2701 3181 2968 3252 ἑρμηνείᾳ
3013 3181 3108 3235 τοῦ
3157 3183 3298 3236 κατὰ
3334 3183 3613 3253 Ἰωάννην,
3643 3187 3725 3249 είς

2136 3276 2195 3328 τὸ
2228 3274 2411 3347 ῥητὸν,
2444 3272 2526 3336 τὸ,
2561 3289 2578 3322 ι
2611 3271 2718 3324 Καὶ
2750 3270 2880 3332 Θεὸς
2900 3266 2966 3342 ἦν
2988 3271 3017 3323 6
3051 3271 3279 3340 Λόγοςρ
3316 3274 3514 3344 φησιν·
3552 3293 3573 3326 ι
3610 3277 3725 3329 Οὐκ

2137 3368 2246 3438 ἄρα
2285 3366 2523 3418 ἐλάττων
2560 3365 2707 3416 ἐστὶν
2731 3364 2758 3415 6
2806 3366 2903 3434 τὴν
2951 3364 3124 3433 αὐτὴν
3160 3364 3447 3434 ἐνέργειαν
3464 3366 3608 3437 ἔχων
3646 3369 3724 3438 τῷ

2136 3460 2328 3530 τελείῳ
2365 3458 2557 3527 Πατρὶ,
2604 3456 2785 3509 καὶτὸ
2824 3454 2918 3508 τοῦ
2958 3457 3322 3525 γεννήσαντος
3354 3458 3584 3529 Πνεῦμα
3623 3459 3723 3529 φῦ-

2141 3570 2280 3614 σεως
2330 3553 2466 3614 ιδίας
2526 3551 2669 3620 ἔχων
2726 3549 2953 3619 ἀγαθόν.
3014 3550 3137 3605 Τῶν
3192 3552 3580 3608 ὲνυποστάτων
3632 3552 3725 3608 οὖν

2139 3641 2329 3713 ῶσπερ
2360 3641 2553 3712 ἀμέλει
2590 3641 2684 3694 καὶ
2717 3643 2744 3694 6
2773 3640 2985 3713 Πατήρ.
3027 3659 3045 3693 ι
3390 3702 3409 3720 κ

2221 3736 2281 3787 '0
2340 3735 2502 3796 αὐτὸς
2552 3736 2610 3787 ἐν
2653 3737 2720 3804 τῇ
2751 3735 3019 3805 ἑρμηνείᾳ
3051 3735 3146 3789 τοῦ
3175 3738 3319 3790 κοιτᾶ
3358 3738 3617 3811 Ἰωάννην
3648 3742 3727 3802 είς

2138 3828 2199 3881 τὸ
2234 3827 2418 3899 ῥητὸν,
2467 3827 2549 3891 τὸ,
2604 3844 2623 3877 t
2670 3826 2844 3893 Κάγὼ
2889 3828 3155 3898 ἐρωτήσω
3206 3829 3298 3882 τὸν
3340 3830 3586 3901 Πατέρα,
3638 3834 3727 3885 καὶ

2141 3920 2300 3976 ἄλλον
2342 3919 2700 3989 Παράκλητον
2740 3919 2903 3971 δώσει
2948 3919 3110 3988 ὑμῖν,
3166 3938 3185 3972 ι
3224 3920 3429 3990 φησίνο
3459 3923 3583 3977 Τῶν
3618 3925 3727 3994 γὰρ

2140 4013 2235 4068 τοῦ
2282 4011 2419 4065 Θεοῦ
2476 4012 2571 4064 καὶ
2625 4011 2839 4081 Πατρὺς
2892 4012 3137 4080 φυσικῶν
3188 4012 3410 4081 ἀγαθῶν
3443 4015 3727 4080 οὐσιωόῶς

2144 4107 2408 4177 ὑπάρχων
2426 4107 2453 4157 6
2476 4104 2601 4167 Υἱὸς
2627 4105 2882 4167 κοινωνὸς
2909 4104 3021 4173 ἔχει
3044 4106 3105 4158 τὸ
3131 4106 3352 4177 Πνεῦμα
3371 4107 3517 4162 κατὰ
3539 4110 3728 4163 τοῦτον

2142 4199 2232 4252 τὸν
2259 4198 2482 4268 τρόπον,
2515 4197 2639 4250 καθ’
2670 4198 2839 4266 ὅνπερ
2872 4198 2938 4250 ἂν
2989 4200 3165 4251 vostro
3190 4200 3282 4252 ml
3323 4202 3352 4253 6
3388 4200 3601 4271 Πατὴρ,
3626 4204 3728 4256 οὐκ

2144 4287 2405 4353 ἐπακτὸν,
2434 4286 2556 4341 οὐδὲ
2577 4286 2800 4354 ἔξωθεν.
2832 4285 3042 4356 Εΰηθες
3079 4288 3211 4357 γὰρ,
3243 4289 3445 4358 μᾶλλον
3474 4289 3534 4343 δὲ
3570 4310 3730 4359 μανι.

2145 4381 2239 4434 κδν
2289 4381 2353 4434 τὸ
2406 4380 2549 4433 οὓτω
2608 4381 2864 4450 φρονεῖν·
2929 4379 3046 4434 ἀλλ’
3101 4397 3117 4430 t
3178 4379 3370 4451 ὥσπερ
3410 4382 3505 4434 καὶ
3568 4382 3729 4452 ἡμῶν

2070 4447 2113 4503 D
2142 4472 2373 4536 Exacto;
2399 4472 2458 4524 τὸ
2488 4472 2624 4525 ίδιον
2652 4447 2711 4524 εν
2748 4471 2928 4540 ἐαυτῷ
2967 4470 3192 4541 Πνεῦμα
3241 4447 3478 4542 συνέχει,
3522 4447 3625 4527 καλ
3666 4477 3729 4527 ἐκ

2145 4564 2254 4618 τῶν
2282 4563 2577 4616 ἑνδοτάτων
2614 4562 2941 4631 σπλάγχνων
2983 4564 3065 4625 εἰς
3110 4565 3172 4616 τὸ
3201 4563 3306 4628 ἔξω
3340 4566 3565 4635 προχέει
3591 4580 3610 4597 ο
3640 4565 3731 4621 διὰ

2146 4655 2254 4724 γάρ
2295 4670 2380 4708 τοι
2410 4653 2571 4708 τοῦτο
2625 4655 2717 4709 καὶ
2778 4655 3110 4722 σωματικῶς
3156 4656 3291 4709 αὐτὸ
3341 4657 3733 4729 ἐνεφύσησενὸ

2146 4747 2401 4817 Χριστὸς,
2436 4747 2653 4812 δεικνὺς
2700 4748 2804 4813 ὅτι,
2842 4747 3143 4820 καθώσπερ
3197 4751 3261 4802 ἐκ
3308 4751 3579 4820 στόματος
3637 4750 3731 4804 τοῦ

2145 4836 2488 4907 ἀνθρωπείου
2542 4839 2760 4906 πρόεισι
2810 4839 2870 4891 τὸ
2920 4839 3148 4909 Πνεῦμα
3197 4841 3552 4911 σωματικῶς,
3582 4841 3730 4895 οὕτω

2147 4930 2243 4982 καὶ
2280 4928 2347 4981 ἐκ
2378 4928 2478 4998 τῆς
2503 4927 2657 4992 θείας
2688 4929 2878 4992 οὐσίας
2909 4928 3234 4999 θεοπρεπῶς
3264 4932 3553 5001 προχεῖται
3585 4931 3649 4985 τὸ
3670 4930 3727 4995 ἐξ

2144 5020 2338 5090 αὐτῆς.
2377 5038 2396 5072 ι

2227 5113 2285 5165 '0
2314 5111 2497 5176 αὐτὸς,
2525 5114 2584 5166 ὲν
2621 5119 2674 5176 ς’
2702 5113 2812 5166 τῶν
2843 5113 2977 5184 πρὸς
2997 5113 3258 5185 Ἑρμείαν
3290 5112 3456 5184 φησῖν
3479 5129 3491 5144 ·
3526 5133 3545 5167 ι
3583 5110 3717 5167 Εἶτα

2146 5203 2261 5265 πῶς
2289 5204 2421 5274 ἡμῖν
2451 5205 2479 5256 6
2509 5202 2637 5266 Υἱὸς
2663 5203 2751 5256 διὰ
2774 5203 2869 5258 τοῦ
2903 5206 3220 5272 Πνεύματος
3252 5204 3569 5271 αὐλίζεταις
3604 5205 3726 5271 Πῶς

2143 5294 2201 5348 δὲ
2228 5295 2288 5348 τὸ
2313 5295 2535 5363 ἄμεινον
2568 5295 2709 5348 κατά
2730 5296 2892 5365 φύσιν
2912 5299 3012 5369 τὴν
3032 5297 3126 5350 τοῦ
3149 5299 3393 5368 χείρονος
3436 5300 3726 5368 ἒμπιιήσει

2150 5386 2367 5457 μέθεξιν
2401 5388 2467 5441 δι’
2495 5388 2703 5456 αὐτοῦ;
2736 5384 2844 5443 Kal
2893 5392 2941 5443 εί
2990 5389 3139 5454 θείας
3174 5392 3389 5459 φύσεως
3434 5391 3733 5446 ἀποτελούο

2151 5479 2291 5549 μεθα
2321 5481 2573 5533 κοινωνοὶ
2601 5481 2663 5533 τὸ
2710 5480 2936 5550 Πνεῦμα
2967 5481 3272 5553 δεχόμενοι,
3303 5485 3420 5548 πῶς
3466 5485 3522 5537 ὲν
3546 5484 3731 5538 δευτέο

2147 5589 2263 5643 ροις
2311 5572 2403 5626 τοῦ
2460 5574 2774 5644 Πνεύματος
2811 5575 3033 5642 ὁ·Υἰὸς;
3062 5575 3098 5647 ἢ
3139 5576 3255 5641 πῶς
3286 5577 3514 5649 ἄμεινον
3543 5576 3727 5646 αὐτοῦ,
