  <div class='ocr_page' id='page_1' title='image "/cluster/home/n/w/nwhite01/storage/ocr_20150623/141/coo.31924054870468/315.png"; bbox 0 0 3958 6412; ppageno 0'>
   <div class='ocr_carea' id='block_1_1' title="bbox 453 375 559 437">
    <p class='ocr_par' dir='ltr' id='par_1_1' title="bbox 453 375 559 437">
     <span class='ocr_line' id='line_1_1' title="bbox 453 375 559 437; baseline -0.019 0"><span class='ocrx_word' id='word_1_1' title='bbox 453 375 559 437; x_wconf 72' lang='lat'><strong>6°23</strong></span> 
     </span>
    </p>
   </div>
   <div class='ocr_carea' id='block_1_2' title="bbox 1474 366 2638 432">
    <p class='ocr_par' dir='ltr' id='par_1_2' title="bbox 1474 366 2638 432">
     <span class='ocr_line' id='line_1_2' title="bbox 1474 366 2638 432; baseline 0.002 -6"><span class='ocrx_word' id='word_1_2' title='bbox 1474 366 1682 427; x_wconf 75' lang='lat' dir='ltr'><strong>JOAN.</strong></span> <span class='ocrx_word' id='word_1_3' title='bbox 1726 368 1933 427; x_wconf 68' lang='lat' dir='ltr'><strong>VECL‘I</strong></span> <span class='ocrx_word' id='word_1_4' title='bbox 1980 371 2085 432; x_wconf 70' lang='lat' dir='ltr'><strong>Ul‘.</strong></span> <span class='ocrx_word' id='word_1_5' title='bbox 2136 370 2638 430; x_wconf 60' lang='lat' dir='ltr'><strong>l’ATlllAllCllE</strong></span> 
     </span>
    </p>
   </div>
   <div class='ocr_carea' id='block_1_3' title="bbox 3596 372 3700 436">
    <p class='ocr_par' dir='ltr' id='par_1_3' title="bbox 3596 372 3700 436">
     <span class='ocr_line' id='line_1_3' title="bbox 3596 372 3700 436; baseline 0.019 -3"><span class='ocrx_word' id='word_1_6' title='bbox 3596 372 3700 436; x_wconf 68' lang='lat' dir='ltr'><strong>62L</strong></span> 
     </span>
    </p>
   </div>
   <div class='ocr_carea' id='block_1_4' title="bbox 455 472 2032 545">
    <p class='ocr_par' dir='ltr' id='par_1_4' title="bbox 455 472 2025 540">
     <span class='ocr_line' id='line_1_4' title="bbox 455 472 2025 540; baseline -0.009 -5"><span class='ocrx_word' id='word_1_7' title='bbox 455 482 561 535; x_wconf 78' lang='lat' dir='ltr'><strong>Deo</strong></span> <span class='ocrx_word' id='word_1_8' title='bbox 588 478 872 535; x_wconf 87' lang='lat' dir='ltr'><strong>contendis</strong></span> <span class='ocrx_word' id='word_1_9' title='bbox 897 478 918 530; x_wconf 87' lang='lat'><strong>?</strong></span> <span class='ocrx_word' id='word_1_10' title='bbox 964 476 1176 528; x_wconf 62' lang='lat' dir='ltr'><strong>litrnim</strong></span> <span class='ocrx_word' id='word_1_11' title='bbox 1205 472 1248 526; x_wconf 84' lang='lat' dir='ltr'><strong>si</strong></span> <span class='ocrx_word' id='word_1_12' title='bbox 1286 472 1482 525; x_wconf 87' lang='lat' dir='ltr'><strong>Filiqu</strong></span> <span class='ocrx_word' id='word_1_13' title='bbox 1528 480 1681 524; x_wconf 82' lang='lat' dir='ltr'><strong>vocat</strong></span> <span class='ocrx_word' id='word_1_14' title='bbox 1710 487 1773 525; x_wconf 81' lang='lat' dir='ltr'><strong>ex</strong></span> <span class='ocrx_word' id='word_1_15' title='bbox 1802 486 1859 523; x_wconf 89' lang='lat' dir='ltr'><strong>se</strong></span> <span class='ocrx_word' id='word_1_16' title='bbox 1887 472 2025 540; x_wconf 79' lang='lat' dir='ltr'><strong>ipso,</strong></span> 
     </span>
    </p>
   </div>
   <div class='ocr_carea' id='block_1_5' title="bbox 2145 472 3702 545">
    <p class='ocr_par' dir='ltr' id='par_1_5' title="bbox 2145 472 3702 545">
     <span class='ocr_line' id='line_1_5' title="bbox 2145 472 3702 545; baseline 0.003 -19"><span class='ocrx_word' id='word_1_17' title='bbox 2145 490 2243 535; x_wconf 75' lang='grc' dir='ltr'>τις·</span> <span class='ocrx_word' id='word_1_18' title='bbox 2287 492 2305 525; x_wconf 81' lang='lat' dir='ltr'><strong>t</strong></span> <span class='ocrx_word' id='word_1_19' title='bbox 2347 475 2556 528; x_wconf 70' lang='grc' dir='ltr'>Οὐκοῦν</span> <span class='ocrx_word' id='word_1_20' title='bbox 2614 494 2794 545; x_wconf 79' lang='grc' dir='ltr'>φαμεν</span> <span class='ocrx_word' id='word_1_21' title='bbox 2854 477 2947 529; x_wconf 76' lang='grc' dir='ltr'>δύο</span> <span class='ocrx_word' id='word_1_22' title='bbox 3007 472 3143 530; x_wconf 75' lang='grc' dir='ltr'>εἶναι</span> <span class='ocrx_word' id='word_1_23' title='bbox 3191 478 3374 542; x_wconf 73' lang='grc' dir='ltr'>υἱοὺς,</span> <span class='ocrx_word' id='word_1_24' title='bbox 3433 482 3526 532; x_wconf 71' lang='grc' dir='ltr'><strong>καὶ</strong></span> <span class='ocrx_word' id='word_1_25' title='bbox 3591 480 3702 542; x_wconf 77' lang='grc' dir='ltr'><strong>πῶς</strong></span> 
     </span>
    </p>
   </div>
   <div class='ocr_carea' id='block_1_6' title="bbox 455 563 2027 643">
    <p class='ocr_par' dir='ltr' id='par_1_6' title="bbox 455 563 2027 643">
     <span class='ocr_line' id='line_1_6' title="bbox 455 563 2027 643; baseline -0.01 -14"><span class='ocrx_word' id='word_1_26' title='bbox 455 574 718 643; x_wconf 75' lang='lat' dir='ltr'><strong>Spiritum</strong></span> <span class='ocrx_word' id='word_1_27' title='bbox 748 582 995 625; x_wconf 84' lang='lat' dir='ltr'><strong>sanctum</strong></span> <span class='ocrx_word' id='word_1_28' title='bbox 1041 583 1107 623; x_wconf 83' lang='lat' dir='ltr'><strong>ex</strong></span> <span class='ocrx_word' id='word_1_29' title='bbox 1139 567 1385 635; x_wconf 87' lang='lat' dir='ltr'><strong>utrisque</strong></span> <span class='ocrx_word' id='word_1_30' title='bbox 1403 579 1523 633; x_wconf 78' lang='lat' dir='ltr'><strong>qua:</strong></span> <span class='ocrx_word' id='word_1_31' title='bbox 1550 563 1887 616; x_wconf 80' lang='lat' dir='ltr'><strong>solummodo</strong></span> <span class='ocrx_word' id='word_1_32' title='bbox 1926 563 2027 614; x_wconf 68' lang='lat' dir='ltr'><strong>[ith</strong></span> 
     </span>
    </p>
   </div>
   <div class='ocr_carea' id='block_1_7' title="bbox 455 653 2026 731">
    <p class='ocr_par' dir='ltr' id='par_1_7' title="bbox 455 653 2026 731">
     <span class='ocr_line' id='line_1_7' title="bbox 455 653 2026 731; baseline -0.008 -14"><span class='ocrx_word' id='word_1_33' title='bbox 455 681 481 717; x_wconf 91' lang='lat' dir='ltr'><strong>a</strong></span> <span class='ocrx_word' id='word_1_34' title='bbox 513 667 714 719; x_wconf 84' lang='lat' dir='ltr'><strong>sanctis</strong></span> <span class='ocrx_word' id='word_1_35' title='bbox 760 661 1153 731; x_wconf 84' lang='lat' dir='ltr'><strong>percipiuntur,</strong></span> <span class='ocrx_word' id='word_1_36' title='bbox 1203 656 1427 711; x_wconf 90' lang='lat' dir='ltr'><strong>luminis</strong></span> <span class='ocrx_word' id='word_1_37' title='bbox 1476 655 1593 725; x_wconf 85' lang='lat' dir='ltr'><strong>ipsa</strong></span> <span class='ocrx_word' id='word_1_38' title='bbox 1622 655 1801 723; x_wconf 86' lang='lat' dir='ltr'><strong>plena,</strong></span> <span class='ocrx_word' id='word_1_39' title='bbox 1845 653 2026 706; x_wconf 71' lang='lat' dir='ltr'><strong>lumen</strong></span> 
     </span>
    </p>
   </div>
   <div class='ocr_carea' id='block_1_8' title="bbox 454 746 2025 821">
    <p class='ocr_par' dir='ltr' id='par_1_8' title="bbox 454 746 2025 821">
     <span class='ocr_line' id='line_1_8' title="bbox 454 746 2025 821; baseline -0.01 -10"><span class='ocrx_word' id='word_1_40' title='bbox 454 759 577 811; x_wconf 78' lang='lat' dir='ltr'><strong>aliis</strong></span> <span class='ocrx_word' id='word_1_41' title='bbox 652 753 1055 821; x_wconf 88' lang='lat' dir='ltr'><strong>impcrtientia;</strong></span> <span class='ocrx_word' id='word_1_42' title='bbox 1102 748 1451 821; x_wconf 78' lang='lat' dir='ltr'><strong>&#39;splcntlidam</strong></span> <span class='ocrx_word' id='word_1_43' title='bbox 1506 746 1704 801; x_wconf 88' lang='lat' dir='ltr'><strong>habent</strong></span> <span class='ocrx_word' id='word_1_44' title='bbox 1752 746 2025 815; x_wconf 84' lang='lat' dir='ltr'><strong>operatio-</strong></span> 
     </span>
    </p>
   </div>
   <div class='ocr_carea' id='block_1_9' title="bbox 455 836 2028 915">
    <p class='ocr_par' dir='ltr' id='par_1_9' title="bbox 455 836 2028 915">
     <span class='ocr_line' id='line_1_9' title="bbox 455 836 2028 915; baseline -0.009 -13"><span class='ocrx_word' id='word_1_45' title='bbox 455 866 596 903; x_wconf 74' lang='lat' dir='ltr'><strong>nem.</strong></span> <span class='ocrx_word' id='word_1_46' title='bbox 632 866 649 898; x_wconf 79' lang='grc' dir='ltr'><strong>ι</strong></span> <span class='ocrx_word' id='word_1_47' title='bbox 681 846 746 900; x_wconf 87' lang='lat' dir='ltr'><strong>Et</strong></span> <span class='ocrx_word' id='word_1_48' title='bbox 775 845 961 915; x_wconf 83' lang='lat' dir='ltr'><strong>paucis</strong></span> <span class='ocrx_word' id='word_1_49' title='bbox 981 844 1208 897; x_wconf 79' lang='lat' dir='ltr'><strong>annexis</strong></span> <span class='ocrx_word' id='word_1_50' title='bbox 1240 860 1252 896; x_wconf 93' lang='lat'>:</span> <span class='ocrx_word' id='word_1_51' title='bbox 1290 861 1308 892; x_wconf 74' lang='grc' dir='ltr'><strong>ι</strong></span> <span class='ocrx_word' id='word_1_52' title='bbox 1332 838 1567 909; x_wconf 76' lang='lat' dir='ltr'><strong>Spiritus</strong></span> <span class='ocrx_word' id='word_1_53' title='bbox 1587 850 1823 897; x_wconf 85' lang='lat' dir='ltr'><strong>sanctus,</strong></span> <span class='ocrx_word' id='word_1_54' title='bbox 1857 836 2028 905; x_wconf 85' lang='lat' dir='ltr'><strong>Spiri-</strong></span> 
     </span>
    </p>
   </div>
   <div class='ocr_carea' id='block_1_10' title="bbox 455 930 2022 1005">
    <p class='ocr_par' dir='ltr' id='par_1_10' title="bbox 455 930 2022 1005">
     <span class='ocr_line' id='line_1_10' title="bbox 455 930 2022 1005; baseline -0.013 -3"><span class='ocrx_word' id='word_1_55' title='bbox 455 960 540 1001; x_wconf 89' lang='lat' dir='ltr'><strong>tus</strong></span> <span class='ocrx_word' id='word_1_56' title='bbox 587 944 833 1000; x_wconf 87' lang='lat' dir='ltr'><strong>veritatis</strong></span> <span class='ocrx_word' id='word_1_57' title='bbox 862 952 967 1005; x_wconf 86' lang='lat' dir='ltr'><strong>est,</strong></span> <span class='ocrx_word' id='word_1_58' title='bbox 1026 941 1208 994; x_wconf 91' lang='lat' dir='ltr'><strong>lumen</strong></span> <span class='ocrx_word' id='word_1_59' title='bbox 1244 938 1464 993; x_wconf 88' lang='lat' dir='ltr'><strong>tertium</strong></span> <span class='ocrx_word' id='word_1_60' title='bbox 1485 950 1515 990; x_wconf 90' lang='lat' dir='ltr'><strong>a</strong></span> <span class='ocrx_word' id='word_1_61' title='bbox 1543 934 1699 989; x_wconf 85' lang='lat' dir='ltr'><strong>Patre</strong></span> <span class='ocrx_word' id='word_1_62' title='bbox 1733 942 1787 988; x_wconf 88' lang='lat' dir='ltr'><strong>et</strong></span> <span class='ocrx_word' id='word_1_63' title='bbox 1816 930 1974 987; x_wconf 88' lang='lat' dir='ltr'><strong>Filio.</strong></span> <span class='ocrx_word' id='word_1_64' title='bbox 2003 951 2022 982; x_wconf 73' lang='grc' dir='ltr'><strong>ι</strong></span> 
     </span>
    </p>
   </div>
   <div class='ocr_carea' id='block_1_11' title="bbox 456 1026 2029 1107">
    <p class='ocr_par' dir='ltr' id='par_1_11' title="bbox 456 1026 2029 1107">
     <span class='ocr_line' id='line_1_11' title="bbox 456 1026 2029 1107; baseline -0.01 -14"><span class='ocrx_word' id='word_1_65' title='bbox 456 1042 584 1092; x_wconf 82' lang='lat' dir='ltr'><strong>Item</strong></span> <span class='ocrx_word' id='word_1_66' title='bbox 623 1047 744 1107; x_wconf 89' lang='lat' dir='ltr'><strong>post</strong></span> <span class='ocrx_word' id='word_1_67' title='bbox 772 1036 937 1089; x_wconf 84' lang='lat' dir='ltr'><strong>multa</strong></span> <span class='ocrx_word' id='word_1_68' title='bbox 981 1052 995 1087; x_wconf 90' lang='lat'><strong>:</strong></span> <span class='ocrx_word' id='word_1_69' title='bbox 1037 1052 1054 1083; x_wconf 79' lang='grc' dir='ltr'><strong>ι</strong></span> <span class='ocrx_word' id='word_1_70' title='bbox 1092 1031 1211 1097; x_wconf 88' lang='lat' dir='ltr'><strong>Quo</strong></span> <span class='ocrx_word' id='word_1_71' title='bbox 1244 1030 1388 1085; x_wconf 89' lang='lat' dir='ltr'><strong>enim</strong></span> <span class='ocrx_word' id='word_1_72' title='bbox 1448 1028 1607 1082; x_wconf 91' lang='lat' dir='ltr'><strong>modo</strong></span> <span class='ocrx_word' id='word_1_73' title='bbox 1635 1045 1651 1078; x_wconf 83' lang='lat' dir='ltr'><strong>t</strong></span> <span class='ocrx_word' id='word_1_74' title='bbox 1694 1039 1854 1081; x_wconf 83' lang='lat' dir='ltr'><strong>neruo</strong></span> <span class='ocrx_word' id='word_1_75' title='bbox 1882 1026 2029 1078; x_wconf 80' lang='lat' dir='ltr'><strong>novit</strong></span> 
     </span>
    </p>
   </div>
   <div class='ocr_carea' id='block_1_12' title="bbox 456 1116 2022 1192">
    <p class='ocr_par' dir='ltr' id='par_1_12' title="bbox 456 1116 2022 1192">
     <span class='ocr_line' id='line_1_12' title="bbox 456 1116 2022 1192; baseline -0.013 -4"><span class='ocrx_word' id='word_1_76' title='bbox 456 1136 667 1187; x_wconf 82' lang='lat' dir='ltr'><strong>Patrem</strong></span> <span class='ocrx_word' id='word_1_77' title='bbox 737 1128 841 1184; x_wconf 86' lang='lat' dir='ltr'><strong>nisi</strong></span> <span class='ocrx_word' id='word_1_78' title='bbox 880 1126 1075 1187; x_wconf 75' lang='lat' dir='ltr'><strong>Filius,</strong></span> <span class='ocrx_word' id='word_1_79' title='bbox 1125 1138 1299 1192; x_wconf 87' lang='lat' dir='ltr'><strong>neque</strong></span> <span class='ocrx_word' id='word_1_80' title='bbox 1348 1119 1541 1174; x_wconf 90' lang='lat' dir='ltr'><strong>Filium</strong></span> <span class='ocrx_word' id='word_1_81' title='bbox 1578 1119 1685 1175; x_wconf 87' lang='lat' dir='ltr'><strong>nisi</strong></span> <span class='ocrx_word' id='word_1_82' title='bbox 1740 1116 1961 1180; x_wconf 85' lang='lat' dir='ltr'><strong>Pater&#39;,</strong></span> <span class='ocrx_word' id='word_1_83' title='bbox 2003 1136 2022 1167; x_wconf 69' lang='grc' dir='ltr'><strong>ι</strong></span> 
     </span>
    </p>
   </div>
   <div class='ocr_carea' id='block_1_13' title="bbox 452 1207 2028 1287">
    <p class='ocr_par' dir='ltr' id='par_1_13' title="bbox 452 1207 2028 1287">
     <span class='ocr_line' id='line_1_13' title="bbox 452 1207 2028 1287; baseline -0.012 -8"><span class='ocrx_word' id='word_1_84' title='bbox 452 1226 664 1287; x_wconf 84' lang='lat' dir='ltr'><strong>eodem,</strong></span> <span class='ocrx_word' id='word_1_85' title='bbox 722 1221 896 1275; x_wconf 88' lang='lat' dir='ltr'><strong>audeo</strong></span> <span class='ocrx_word' id='word_1_86' title='bbox 936 1218 1140 1280; x_wconf 86' lang='lat' dir='ltr'><strong>dicere,</strong></span> <span class='ocrx_word' id='word_1_87' title='bbox 1200 1228 1376 1283; x_wconf 88' lang='lat' dir='ltr'><strong>neque</strong></span> <span class='ocrx_word' id='word_1_88' title='bbox 1417 1211 1680 1281; x_wconf 88' lang='lat' dir='ltr'><strong>Spiritum</strong></span> <span class='ocrx_word' id='word_1_89' title='bbox 1733 1210 1837 1265; x_wconf 88' lang='lat' dir='ltr'><strong>nisi</strong></span> <span class='ocrx_word' id='word_1_90' title='bbox 1870 1207 2028 1262; x_wconf 79' lang='lat' dir='ltr'><strong>Pater</strong></span> 
     </span>
    </p>
   </div>
   <div class='ocr_carea' id='block_1_14' title="bbox 450 1301 2028 1380">
    <p class='ocr_par' dir='ltr' id='par_1_14' title="bbox 450 1301 2028 1380">
     <span class='ocr_line' id='line_1_14' title="bbox 450 1301 2028 1380; baseline -0.013 -8"><span class='ocrx_word' id='word_1_91' title='bbox 450 1330 504 1372; x_wconf 89' lang='lat' dir='ltr'><strong>et</strong></span> <span class='ocrx_word' id='word_1_92' title='bbox 538 1316 730 1377; x_wconf 77' lang='lat' dir='ltr'><strong>Filius,</strong></span> <span class='ocrx_word' id='word_1_93' title='bbox 767 1329 830 1366; x_wconf 74' lang='lat' dir='ltr'><strong>ex</strong></span> <span class='ocrx_word' id='word_1_94' title='bbox 864 1325 972 1380; x_wconf 88' lang='lat' dir='ltr'><strong>quo</strong></span> <span class='ocrx_word' id='word_1_95' title='bbox 1001 1305 1264 1377; x_wconf 83' lang='lat' dir='ltr'><strong>procedit,</strong></span> <span class='ocrx_word' id='word_1_96' title='bbox 1290 1314 1341 1357; x_wconf 85' lang='lat' dir='ltr'><strong>ct</strong></span> <span class='ocrx_word' id='word_1_97' title='bbox 1364 1319 1425 1357; x_wconf 81' lang='lat' dir='ltr'><strong>ex</strong></span> <span class='ocrx_word' id='word_1_98' title='bbox 1458 1318 1569 1373; x_wconf 86' lang='lat' dir='ltr'><strong>quo</strong></span> <span class='ocrx_word' id='word_1_99' title='bbox 1609 1301 1825 1370; x_wconf 88' lang='lat' dir='ltr'><strong>accipit,</strong></span> <span class='ocrx_word' id='word_1_100' title='bbox 1852 1313 2028 1368; x_wconf 91' lang='lat' dir='ltr'><strong>neque</strong></span> 
     </span>
    </p>
   </div>
   <div class='ocr_carea' id='block_1_15' title="bbox 454 1392 2027 1465">
    <p class='ocr_par' dir='ltr' id='par_1_15' title="bbox 454 1392 2027 1465">
     <span class='ocr_line' id='line_1_15' title="bbox 454 1392 2027 1465; baseline -0.011 -3"><span class='ocrx_word' id='word_1_101' title='bbox 454 1410 729 1462; x_wconf 79' lang='lat' dir='ltr'><strong>Filiumct</strong></span> <span class='ocrx_word' id='word_1_102' title='bbox 775 1404 989 1458; x_wconf 76' lang='lat' dir='ltr'><strong>Patrem</strong></span> <span class='ocrx_word' id='word_1_103' title='bbox 1020 1398 1122 1452; x_wconf 89' lang='lat' dir='ltr'><strong>nisi</strong></span> <span class='ocrx_word' id='word_1_104' title='bbox 1176 1396 1411 1465; x_wconf 88' lang='lat' dir='ltr'><strong>Spiritus</strong></span> <span class='ocrx_word' id='word_1_105' title='bbox 1471 1402 1714 1455; x_wconf 87' lang='lat' dir='ltr'><strong>sanctus,</strong></span> <span class='ocrx_word' id='word_1_106' title='bbox 1754 1392 1847 1459; x_wconf 91' lang='lat' dir='ltr'><strong>qui</strong></span> <span class='ocrx_word' id='word_1_107' title='bbox 1902 1404 2027 1444; x_wconf 83' lang='lat' dir='ltr'><strong>vere</strong></span> 
     </span>
    </p>
   </div>
   <div class='ocr_carea' id='block_1_16' title="bbox 454 1477 2020 1567">
    <p class='ocr_par' dir='ltr' id='par_1_16' title="bbox 454 1477 2020 1567">
     <span class='ocr_line' id='line_1_16' title="bbox 454 1477 2020 1567; baseline -0.015 -15"><span class='ocrx_word' id='word_1_108' title='bbox 454 1496 741 1567; x_wconf 66' lang='lat' dir='ltr'><strong>gloriﬁcat,</strong></span> <span class='ocrx_word' id='word_1_109' title='bbox 766 1492 857 1562; x_wconf 85' lang='lat' dir='ltr'><strong>qui</strong></span> <span class='ocrx_word' id='word_1_110' title='bbox 878 1489 1059 1544; x_wconf 86' lang='lat' dir='ltr'><strong>omnia</strong></span> <span class='ocrx_word' id='word_1_111' title='bbox 1089 1487 1300 1547; x_wconf 82' lang='lat' dir='ltr'><strong>edocet,</strong></span> <span class='ocrx_word' id='word_1_112' title='bbox 1330 1482 1423 1552; x_wconf 90' lang='lat' dir='ltr'><strong>qui</strong></span> <span class='ocrx_word' id='word_1_113' title='bbox 1454 1498 1519 1537; x_wconf 76' lang='lat' dir='ltr'><strong>ex</strong></span> <span class='ocrx_word' id='word_1_114' title='bbox 1552 1480 1713 1535; x_wconf 86' lang='lat' dir='ltr'><strong>Patre</strong></span> <span class='ocrx_word' id='word_1_115' title='bbox 1735 1488 1788 1535; x_wconf 88' lang='lat' dir='ltr'><strong>et</strong></span> <span class='ocrx_word' id='word_1_116' title='bbox 1814 1477 1972 1532; x_wconf 76' lang='lat' dir='ltr'><strong>Filio.</strong></span> <span class='ocrx_word' id='word_1_117' title='bbox 2002 1496 2020 1527; x_wconf 76' lang='grc' dir='ltr'><strong>ι</strong></span> 
     </span>
    </p>
   </div>
   <div class='ocr_carea' id='block_1_17' title="bbox 454 1566 2027 1659">
    <p class='ocr_par' dir='ltr' id='par_1_17' title="bbox 454 1566 2027 1659">
     <span class='ocr_line' id='line_1_17' title="bbox 454 1566 2027 1659; baseline -0.015 -15"><span class='ocrx_word' id='word_1_118' title='bbox 454 1566 519 1644; x_wconf 63' lang='lat' dir='ltr'><strong>lit</strong></span> <span class='ocrx_word' id='word_1_119' title='bbox 541 1597 663 1659; x_wconf 87' lang='lat' dir='ltr'><strong>post</strong></span> <span class='ocrx_word' id='word_1_120' title='bbox 690 1583 949 1639; x_wconf 80' lang='lat' dir='ltr'><strong>nonnulla</strong></span> <span class='ocrx_word' id='word_1_121' title='bbox 977 1594 991 1631; x_wconf 88' lang='lat'><strong>:</strong></span> <span class='ocrx_word' id='word_1_122' title='bbox 1024 1598 1042 1630; x_wconf 78' lang='grc' dir='ltr'><strong>ι</strong></span> <span class='ocrx_word' id='word_1_123' title='bbox 1067 1577 1236 1646; x_wconf 81' lang='lat' dir='ltr'><strong>Igitur</strong></span> <span class='ocrx_word' id='word_1_124' title='bbox 1263 1576 1415 1628; x_wconf 88' lang='lat' dir='ltr'><strong>Pater</strong></span> <span class='ocrx_word' id='word_1_125' title='bbox 1438 1585 1553 1629; x_wconf 91' lang='lat' dir='ltr'><strong>erat</strong></span> <span class='ocrx_word' id='word_1_126' title='bbox 1592 1586 1825 1642; x_wconf 87' lang='lat' dir='ltr'><strong>semper,</strong></span> <span class='ocrx_word' id='word_1_127' title='bbox 1862 1580 1914 1623; x_wconf 92' lang='lat' dir='ltr'><strong>et</strong></span> <span class='ocrx_word' id='word_1_128' title='bbox 1934 1566 2027 1621; x_wconf 85' lang='lat' dir='ltr'><strong>Fi-</strong></span> 
     </span>
    </p>
   </div>
   <div class='ocr_carea' id='block_1_18' title="bbox 453 1660 2027 1742">
    <p class='ocr_par' dir='ltr' id='par_1_18' title="bbox 453 1660 2027 1742">
     <span class='ocr_line' id='line_1_18' title="bbox 453 1660 2027 1742; baseline -0.017 -3"><span class='ocrx_word' id='word_1_129' title='bbox 453 1686 557 1738; x_wconf 92' lang='lat' dir='ltr'><strong>lius</strong></span> <span class='ocrx_word' id='word_1_130' title='bbox 608 1689 723 1735; x_wconf 84' lang='lat' dir='ltr'><strong>erat</strong></span> <span class='ocrx_word' id='word_1_131' title='bbox 782 1688 1019 1742; x_wconf 87' lang='lat' dir='ltr'><strong>semper,</strong></span> <span class='ocrx_word' id='word_1_132' title='bbox 1077 1680 1129 1723; x_wconf 90' lang='lat' dir='ltr'><strong>et</strong></span> <span class='ocrx_word' id='word_1_133' title='bbox 1179 1667 1414 1737; x_wconf 84' lang='lat' dir='ltr'><strong>Spiritus</strong></span> <span class='ocrx_word' id='word_1_134' title='bbox 1471 1682 1537 1721; x_wconf 78' lang='lat' dir='ltr'><strong>ex</strong></span> <span class='ocrx_word' id='word_1_135' title='bbox 1584 1664 1742 1719; x_wconf 90' lang='lat' dir='ltr'><strong>Patre</strong></span> <span class='ocrx_word' id='word_1_136' title='bbox 1792 1672 1847 1716; x_wconf 86' lang='lat' dir='ltr'><strong>et</strong></span> <span class='ocrx_word' id='word_1_137' title='bbox 1891 1660 2027 1713; x_wconf 87' lang='lat' dir='ltr'><strong>Filio</strong></span> 
     </span>
    </p>
   </div>
   <div class='ocr_carea' id='block_1_19' title="bbox 452 1776 704 1844">
    <p class='ocr_par' dir='ltr' id='par_1_19' title="bbox 452 1776 704 1844">
     <span class='ocr_line' id='line_1_19' title="bbox 452 1776 704 1844; baseline -0.012 -15"><span class='ocrx_word' id='word_1_138' title='bbox 452 1776 643 1844; x_wconf 80' lang='lat' dir='ltr'><strong>spirat.</strong></span> <span class='ocrx_word' id='word_1_139' title='bbox 687 1790 704 1820; x_wconf 74' lang='grc' dir='ltr'><strong>ι</strong></span> 
     </span>
    </p>
   </div>
   <div class='ocr_carea' id='block_1_20' title="bbox 519 2046 1291 2117">
    <p class='ocr_par' dir='ltr' id='par_1_20' title="bbox 519 2046 1291 2117">
     <span class='ocr_line' id='line_1_20' title="bbox 519 2046 1291 2117; baseline -0.018 -6"><span class='ocrx_word' id='word_1_140' title='bbox 519 2058 619 2112; x_wconf 85' lang='lat' dir='ltr'><strong>Per</strong></span> <span class='ocrx_word' id='word_1_141' title='bbox 635 2054 834 2109; x_wconf 83' lang='lat' dir='ltr'><strong>Filium</strong></span> <span class='ocrx_word' id='word_1_142' title='bbox 862 2062 981 2106; x_wconf 84' lang='lat' dir='ltr'><strong>esse</strong></span> <span class='ocrx_word' id='word_1_143' title='bbox 1004 2046 1291 2117; x_wconf 87' lang='lat' dir='ltr'><strong>Spiritum.</strong></span> 
     </span>
    </p>
   </div>
   <div class='ocr_carea' id='block_1_21' title="bbox 518 2132 2028 2216">
    <p class='ocr_par' dir='ltr' id='par_1_21' title="bbox 518 2132 2028 2216">
     <span class='ocr_line' id='line_1_21' title="bbox 518 2132 2028 2216; baseline -0.012 -15"><span class='ocrx_word' id='word_1_144' title='bbox 518 2146 745 2216; x_wconf 79' lang='lat' dir='ltr'><strong>Magnus</strong></span> <span class='ocrx_word' id='word_1_145' title='bbox 788 2137 1121 2195; x_wconf 82' lang='lat' dir='ltr'><strong>Athanasius</strong></span> <span class='ocrx_word' id='word_1_146' title='bbox 1170 2132 1437 2200; x_wconf 88' lang='lat' dir='ltr'><strong>oratione,</strong></span> <span class='ocrx_word' id='word_1_147' title='bbox 1495 2148 1616 2203; x_wconf 76' lang='lat' dir='ltr'><strong>qua:</strong></span> <span class='ocrx_word' id='word_1_148' title='bbox 1685 2133 2028 2200; x_wconf 77' lang='lat' dir='ltr'><strong>inscribitur,</strong></span> 
     </span>
    </p>
   </div>
   <div class='ocr_carea' id='block_1_22' title="bbox 444 2222 2031 2299">
    <p class='ocr_par' dir='ltr' id='par_1_22' title="bbox 444 2222 2031 2299">
     <span class='ocr_line' id='line_1_22' title="bbox 444 2222 2031 2299; baseline -0.01 -7"><span class='ocrx_word' id='word_1_149' title='bbox 444 2236 732 2292; x_wconf 68' lang='lat' dir='ltr'><strong>lit-lutatio</strong></span> <span class='ocrx_word' id='word_1_150' title='bbox 763 2241 955 2287; x_wconf 88' lang='lat' dir='ltr'><strong>contra</strong></span> <span class='ocrx_word' id='word_1_151' title='bbox 981 2224 1311 2299; x_wconf 85' lang='lat' dir='ltr'><strong>bypocrisim</strong></span> <span class='ocrx_word' id='word_1_152' title='bbox 1341 2222 1539 2279; x_wconf 81' lang='lat' dir='ltr'><strong>Meletii</strong></span> <span class='ocrx_word' id='word_1_153' title='bbox 1590 2230 1645 2279; x_wconf 91' lang='lat' dir='ltr'><strong>et</strong></span> <span class='ocrx_word' id='word_1_154' title='bbox 1693 2222 1935 2289; x_wconf 81' lang='lat' dir='ltr'><strong>Eusebii,</strong></span> <span class='ocrx_word' id='word_1_155' title='bbox 1978 2231 2031 2277; x_wconf 83' lang='lat' dir='ltr'><strong>et</strong></span> 
     </span>
    </p>
   </div>
   <div class='ocr_carea' id='block_1_23' title="bbox 455 2318 2021 2401">
    <p class='ocr_par' dir='ltr' id='par_1_23' title="bbox 455 2318 2021 2401">
     <span class='ocr_line' id='line_1_23' title="bbox 455 2318 2021 2401; baseline -0.013 -13"><span class='ocrx_word' id='word_1_156' title='bbox 455 2333 644 2401; x_wconf 82' lang='lat' dir='ltr'><strong>incipit</strong></span> <span class='ocrx_word' id='word_1_157' title='bbox 686 2345 742 2382; x_wconf 72' lang='grc' dir='ltr'>τι</span> <span class='ocrx_word' id='word_1_158' title='bbox 791 2325 970 2381; x_wconf 82' lang='lat' dir='ltr'><strong>Homo</strong></span> <span class='ocrx_word' id='word_1_159' title='bbox 998 2323 1064 2377; x_wconf 88' lang='lat' dir='ltr'><strong>ad</strong></span> <span class='ocrx_word' id='word_1_160' title='bbox 1100 2319 1512 2376; x_wconf 84' lang='lat' dir='ltr'><strong>similitudinem</strong></span> <span class='ocrx_word' id='word_1_161' title='bbox 1548 2319 1641 2373; x_wconf 89' lang='lat' dir='ltr'><strong>Dei</strong></span> <span class='ocrx_word' id='word_1_162' title='bbox 1670 2318 1851 2375; x_wconf 81' lang='lat' dir='ltr'><strong>factus</strong></span> <span class='ocrx_word' id='word_1_163' title='bbox 1872 2332 1973 2383; x_wconf 86' lang='lat' dir='ltr'><strong>est,</strong></span> <span class='ocrx_word' id='word_1_164' title='bbox 2004 2337 2021 2368; x_wconf 75' lang='grc' dir='ltr'><strong>ι</strong></span> 
     </span>
    </p>
   </div>
   <div class='ocr_carea' id='block_1_24' title="bbox 454 2411 2028 2491">
    <p class='ocr_par' dir='ltr' id='par_1_24' title="bbox 454 2411 2028 2491">
     <span class='ocr_line' id='line_1_24' title="bbox 454 2411 2028 2491; baseline -0.01 -11"><span class='ocrx_word' id='word_1_165' title='bbox 454 2426 682 2480; x_wconf 81' lang='lat' dir='ltr'><strong>scribit:</strong></span> <span class='ocrx_word' id='word_1_166' title='bbox 717 2415 1057 2491; x_wconf 88' lang='lat' dir='ltr'><strong>lmpossibile</strong></span> <span class='ocrx_word' id='word_1_167' title='bbox 1101 2413 1154 2467; x_wconf 89' lang='lat' dir='ltr'><strong>in</strong></span> <span class='ocrx_word' id='word_1_168' title='bbox 1204 2411 1485 2468; x_wconf 79' lang='lat' dir='ltr'><strong>Trinitatis</strong></span> <span class='ocrx_word' id='word_1_169' title='bbox 1536 2413 1710 2483; x_wconf 77' lang='lat' dir='ltr'><strong>gloria</strong></span> <span class='ocrx_word' id='word_1_170' title='bbox 1767 2412 2028 2482; x_wconf 86' lang='lat' dir='ltr'><strong>Spiritum</strong></span> 
     </span>
    </p>
   </div>
   <div class='ocr_carea' id='block_1_25' title="bbox 453 2503 2027 2582">
    <p class='ocr_par' dir='ltr' id='par_1_25' title="bbox 453 2503 2027 2582">
     <span class='ocr_line' id='line_1_25' title="bbox 453 2503 2027 2582; baseline -0.009 -11"><span class='ocrx_word' id='word_1_171' title='bbox 453 2512 871 2582; x_wconf 74' lang='lat' dir='ltr'><strong>congloriﬁcari,</strong></span> <span class='ocrx_word' id='word_1_172' title='bbox 910 2514 1014 2566; x_wconf 90' lang='lat' dir='ltr'><strong>nisi</strong></span> <span class='ocrx_word' id='word_1_173' title='bbox 1039 2527 1106 2566; x_wconf 81' lang='lat' dir='ltr'><strong>ex</strong></span> <span class='ocrx_word' id='word_1_174' title='bbox 1139 2509 1249 2563; x_wconf 88' lang='lat' dir='ltr'><strong>Deo</strong></span> <span class='ocrx_word' id='word_1_175' title='bbox 1292 2521 1386 2575; x_wconf 90' lang='lat' dir='ltr'><strong>per</strong></span> <span class='ocrx_word' id='word_1_176' title='bbox 1415 2503 1614 2559; x_wconf 89' lang='lat' dir='ltr'><strong>Filium</strong></span> <span class='ocrx_word' id='word_1_177' title='bbox 1646 2505 2027 2575; x_wconf 79' lang='lat' dir='ltr'><strong>progrediendi</strong></span> 
     </span>
    </p>
   </div>
   <div class='ocr_carea' id='block_1_26' title="bbox 456 2596 2027 2672">
    <p class='ocr_par' dir='ltr' id='par_1_26' title="bbox 456 2596 2027 2672">
     <span class='ocr_line' id='line_1_26' title="bbox 456 2596 2027 2672; baseline -0.009 -10"><span class='ocrx_word' id='word_1_178' title='bbox 456 2609 639 2672; x_wconf 88' lang='lat' dir='ltr'><strong>modo,</strong></span> <span class='ocrx_word' id='word_1_179' title='bbox 680 2623 788 2661; x_wconf 90' lang='lat' dir='ltr'><strong>non</strong></span> <span class='ocrx_word' id='word_1_180' title='bbox 821 2614 1004 2661; x_wconf 85' lang='lat' dir='ltr'><strong>autem</strong></span> <span class='ocrx_word' id='word_1_181' title='bbox 1036 2603 1198 2659; x_wconf 76' lang='lat' dir='ltr'><strong>ﬂendi</strong></span> <span class='ocrx_word' id='word_1_182' title='bbox 1247 2600 1481 2662; x_wconf 89' lang='lat' dir='ltr'><strong>ratione,</strong></span> <span class='ocrx_word' id='word_1_183' title='bbox 1525 2606 1775 2651; x_wconf 86' lang='lat' dir='ltr'><strong>naturam</strong></span> <span class='ocrx_word' id='word_1_184' title='bbox 1814 2596 2027 2659; x_wconf 84' lang='lat' dir='ltr'><strong>habeat,</strong></span> 
     </span>
    </p>
   </div>
   <div class='ocr_carea' id='block_1_27' title="bbox 457 2700 905 2770">
    <p class='ocr_par' dir='ltr' id='par_1_27' title="bbox 457 2700 905 2770">
     <span class='ocr_line' id='line_1_27' title="bbox 457 2700 905 2770; baseline -0.009 -19"><span class='ocrx_word' id='word_1_185' title='bbox 457 2712 515 2755; x_wconf 89' lang='lat' dir='ltr'><strong>ut</strong></span> <span class='ocrx_word' id='word_1_186' title='bbox 544 2700 642 2770; x_wconf 85' lang='lat' dir='ltr'><strong>ipsi</strong></span> <span class='ocrx_word' id='word_1_187' title='bbox 668 2700 838 2753; x_wconf 91' lang='lat' dir='ltr'><strong>aiunt.</strong></span> <span class='ocrx_word' id='word_1_188' title='bbox 887 2715 905 2747; x_wconf 78' lang='grc' dir='ltr'><strong>ι</strong></span> 
     </span>
    </p>
   </div>
   <div class='ocr_carea' id='block_1_28' title="bbox 525 2776 2031 2859">
    <p class='ocr_par' dir='ltr' id='par_1_28' title="bbox 525 2776 2031 2859">
     <span class='ocr_line' id='line_1_28' title="bbox 525 2776 2031 2859; baseline -0.006 -17"><span class='ocrx_word' id='word_1_189' title='bbox 525 2790 583 2845; x_wconf 82' lang='grc' dir='ltr'><strong>1η</strong></span> <span class='ocrx_word' id='word_1_190' title='bbox 619 2789 990 2859; x_wconf 85' lang='lat' dir='ltr'><strong>disputatione</strong></span> <span class='ocrx_word' id='word_1_191' title='bbox 1034 2783 1334 2841; x_wconf 73' lang='lat' dir='ltr'><strong>Ortltodoxi</strong></span> <span class='ocrx_word' id='word_1_192' title='bbox 1379 2790 1434 2836; x_wconf 92' lang='lat' dir='ltr'><strong>et</strong></span> <span class='ocrx_word' id='word_1_193' title='bbox 1481 2776 1855 2833; x_wconf 77' lang='lat' dir='ltr'><strong>Macedoniam</strong></span> <span class='ocrx_word' id='word_1_194' title='bbox 1917 2779 2031 2833; x_wconf 80' lang='lat' dir='ltr'><strong>lia-c</strong></span> 
     </span>
    </p>
   </div>
   <div class='ocr_carea' id='block_1_29' title="bbox 458 2868 2033 2948">
    <p class='ocr_par' dir='ltr' id='par_1_29' title="bbox 458 2868 2033 2948">
     <span class='ocr_line' id='line_1_29' title="bbox 458 2868 2033 2948; baseline -0.005 -16"><span class='ocrx_word' id='word_1_195' title='bbox 458 2881 661 2935; x_wconf 82' lang='lat' dir='ltr'><strong>habet.</strong></span> <span class='ocrx_word' id='word_1_196' title='bbox 703 2898 720 2930; x_wconf 74' lang='grc' dir='ltr'>σ</span> <span class='ocrx_word' id='word_1_197' title='bbox 764 2877 951 2948; x_wconf 87' lang='lat' dir='ltr'><strong>Itaque</strong></span> <span class='ocrx_word' id='word_1_198' title='bbox 996 2876 1044 2930; x_wconf 88' lang='lat' dir='ltr'><strong>si</strong></span> <span class='ocrx_word' id='word_1_199' title='bbox 1082 2884 1363 2931; x_wconf 84' lang='lat' dir='ltr'><strong>ostensum</strong></span> <span class='ocrx_word' id='word_1_200' title='bbox 1414 2870 1580 2926; x_wconf 77' lang='lat' dir='ltr'><strong>fuerit</strong></span> <span class='ocrx_word' id='word_1_201' title='bbox 1623 2868 1867 2939; x_wconf 85' lang='lat' dir='ltr'><strong>ejusdem</strong></span> <span class='ocrx_word' id='word_1_202' title='bbox 1909 2885 2033 2925; x_wconf 87' lang='lat' dir='ltr'><strong>esse</strong></span> 
     </span>
    </p>
   </div>
   <div class='ocr_carea' id='block_1_30' title="bbox 336 2962 2029 3040">
    <p class='ocr_par' dir='ltr' id='par_1_30' title="bbox 336 2962 2029 3040">
     <span class='ocr_line' id='line_1_30' title="bbox 336 2962 2029 3040; baseline -0.006 -15"><span class='ocrx_word' id='word_1_203' title='bbox 336 3019 345 3033; x_wconf 81' lang='grc'><strong>,</strong></span> <span class='ocrx_word' id='word_1_204' title='bbox 458 2972 759 3028; x_wconf 79' lang='lat' dir='ltr'><strong>divinitatis</strong></span> <span class='ocrx_word' id='word_1_205' title='bbox 810 2970 1075 3040; x_wconf 87' lang='lat' dir='ltr'><strong>Spiritum</strong></span> <span class='ocrx_word' id='word_1_206' title='bbox 1119 2983 1242 3023; x_wconf 87' lang='lat' dir='ltr'><strong>cum</strong></span> <span class='ocrx_word' id='word_1_207' title='bbox 1293 2964 1449 3028; x_wconf 81' lang='lat' dir='ltr'><strong>Filio,</strong></span> <span class='ocrx_word' id='word_1_208' title='bbox 1506 2970 1561 3017; x_wconf 91' lang='lat' dir='ltr'><strong>et</strong></span> <span class='ocrx_word' id='word_1_209' title='bbox 1604 2962 1782 3029; x_wconf 86' lang='lat' dir='ltr'><strong>Patre,</strong></span> <span class='ocrx_word' id='word_1_210' title='bbox 1829 2962 1921 3031; x_wconf 89' lang='lat' dir='ltr'><strong>qui</strong></span> <span class='ocrx_word' id='word_1_211' title='bbox 1965 2976 2029 3016; x_wconf 77' lang='lat' dir='ltr'><strong>ex</strong></span> 
     </span>
    </p>
   </div>
   <div class='ocr_carea' id='block_1_31' title="bbox 458 3053 2035 3134">
    <p class='ocr_par' dir='ltr' id='par_1_31' title="bbox 458 3053 2035 3134">
     <span class='ocr_line' id='line_1_31' title="bbox 458 3053 2035 3134; baseline -0.007 -16"><span class='ocrx_word' id='word_1_212' title='bbox 458 3080 580 3134; x_wconf 67' lang='lat' dir='ltr'><strong>ipso</strong></span> <span class='ocrx_word' id='word_1_213' title='bbox 625 3064 786 3119; x_wconf 82' lang='lat' dir='ltr'><strong>Patre</strong></span> <span class='ocrx_word' id='word_1_214' title='bbox 816 3078 911 3133; x_wconf 88' lang='lat' dir='ltr'><strong>per</strong></span> <span class='ocrx_word' id='word_1_215' title='bbox 952 3059 1151 3115; x_wconf 87' lang='lat' dir='ltr'><strong>Filium</strong></span> <span class='ocrx_word' id='word_1_216' title='bbox 1199 3057 1410 3114; x_wconf 80' lang='lat' dir='ltr'><strong>eﬂ&#39;usus</strong></span> <span class='ocrx_word' id='word_1_217' title='bbox 1455 3064 1560 3119; x_wconf 89' lang='lat' dir='ltr'><strong>est,</strong></span> <span class='ocrx_word' id='word_1_218' title='bbox 1608 3053 1944 3117; x_wconf 81' lang='lat' dir='ltr'><strong>adorandus,</strong></span> <span class='ocrx_word' id='word_1_219' title='bbox 1980 3063 2035 3107; x_wconf 88' lang='lat' dir='ltr'><strong>et</strong></span> 
     </span>
    </p>
   </div>
   <div class='ocr_carea' id='block_1_32' title="bbox 460 3149 1431 3209">
    <p class='ocr_par' dir='ltr' id='par_1_32' title="bbox 460 3149 1431 3209">
     <span class='ocr_line' id='line_1_32' title="bbox 460 3149 1431 3209; baseline -0.006 -3"><span class='ocrx_word' id='word_1_220' title='bbox 460 3152 721 3209; x_wconf 63' lang='lat' dir='ltr'><strong>colendus</strong></span> <span class='ocrx_word' id='word_1_221' title='bbox 746 3168 869 3209; x_wconf 91' lang='lat' dir='ltr'><strong>esse</strong></span> <span class='ocrx_word' id='word_1_222' title='bbox 895 3149 1378 3207; x_wconf 89' lang='lat' dir='ltr'><strong>demonstrabitur.</strong></span> <span class='ocrx_word' id='word_1_223' title='bbox 1412 3166 1431 3199; x_wconf 75' lang='grc' dir='ltr'><strong>ι</strong></span> 
     </span>
    </p>
   </div>
   <div class='ocr_carea' id='block_1_33' title="bbox 528 3233 2026 3315">
    <p class='ocr_par' dir='ltr' id='par_1_33' title="bbox 528 3233 2026 3315">
     <span class='ocr_line' id='line_1_33' title="bbox 528 3233 2026 3315; baseline -0.008 -16"><span class='ocrx_word' id='word_1_224' title='bbox 528 3242 823 3315; x_wconf 72' lang='lat' dir='ltr'><strong>Gregorius</strong></span> <span class='ocrx_word' id='word_1_225' title='bbox 852 3238 1295 3308; x_wconf 81' lang='lat' dir='ltr'><strong>Thaumaturgus</strong></span> <span class='ocrx_word' id='word_1_226' title='bbox 1321 3236 1571 3290; x_wconf 86' lang='lat' dir='ltr'><strong>oratione</strong></span> <span class='ocrx_word' id='word_1_227' title='bbox 1627 3249 1751 3305; x_wconf 65' lang='lat' dir='ltr'><strong>quae</strong></span> <span class='ocrx_word' id='word_1_228' title='bbox 1777 3233 1970 3303; x_wconf 88' lang='lat' dir='ltr'><strong>incipit</strong></span> <span class='ocrx_word' id='word_1_229' title='bbox 2010 3248 2026 3287; x_wconf 87' lang='lat'>:</span> 
     </span>
    </p>
   </div>
   <div class='ocr_carea' id='block_1_34' title="bbox 468 3324 2033 3398">
    <p class='ocr_par' dir='ltr' id='par_1_34' title="bbox 468 3324 2033 3398">
     <span class='ocr_line' id='line_1_34' title="bbox 468 3324 2033 3398; baseline -0.007 -12"><span class='ocrx_word' id='word_1_230' title='bbox 468 3354 486 3386; x_wconf 78' lang='grc' dir='ltr'><strong>ι</strong></span> <span class='ocrx_word' id='word_1_231' title='bbox 527 3333 920 3398; x_wconf 88' lang='lat' dir='ltr'><strong>lnimicissimi,</strong></span> <span class='ocrx_word' id='word_1_232' title='bbox 963 3339 1018 3386; x_wconf 91' lang='lat' dir='ltr'><strong>et</strong></span> <span class='ocrx_word' id='word_1_233' title='bbox 1046 3329 1210 3383; x_wconf 87' lang='lat' dir='ltr'><strong>alieni</strong></span> <span class='ocrx_word' id='word_1_234' title='bbox 1256 3343 1287 3382; x_wconf 87' lang='lat' dir='ltr'><strong>a</strong></span> <span class='ocrx_word' id='word_1_235' title='bbox 1330 3326 1682 3382; x_wconf 80' lang='lat' dir='ltr'><strong>confessione</strong></span> <span class='ocrx_word' id='word_1_236' title='bbox 1732 3324 2033 3395; x_wconf 83' lang='lat' dir='ltr'><strong>apostolica</strong></span> 
     </span>
    </p>
   </div>
   <div class='ocr_carea' id='block_1_35' title="bbox 461 3418 2034 3493">
    <p class='ocr_par' dir='ltr' id='par_1_35' title="bbox 461 3418 2034 3493">
     <span class='ocr_line' id='line_1_35' title="bbox 461 3418 2034 3493; baseline -0.008 -14"><span class='ocrx_word' id='word_1_237' title='bbox 461 3433 611 3488; x_wconf 88' lang='lat' dir='ltr'><strong>sunt,</strong></span> <span class='ocrx_word' id='word_1_238' title='bbox 676 3425 769 3493; x_wconf 92' lang='lat' dir='ltr'><strong>qui</strong></span> <span class='ocrx_word' id='word_1_239' title='bbox 825 3423 1017 3477; x_wconf 85' lang='lat' dir='ltr'><strong>dicunt</strong></span> <span class='ocrx_word' id='word_1_240' title='bbox 1068 3435 1189 3476; x_wconf 89' lang='lat' dir='ltr'><strong>esse</strong></span> <span class='ocrx_word' id='word_1_241' title='bbox 1239 3418 1438 3474; x_wconf 88' lang='lat' dir='ltr'><strong>Filium</strong></span> <span class='ocrx_word' id='word_1_242' title='bbox 1495 3434 1560 3473; x_wconf 79' lang='lat' dir='ltr'><strong>ex</strong></span> <span class='ocrx_word' id='word_1_243' title='bbox 1615 3418 1683 3474; x_wconf 91' lang='lat' dir='ltr'><strong>iis</strong></span> <span class='ocrx_word' id='word_1_244' title='bbox 1742 3432 1865 3488; x_wconf 76' lang='lat' dir='ltr'><strong>qua:</strong></span> <span class='ocrx_word' id='word_1_245' title='bbox 1926 3430 2034 3469; x_wconf 91' lang='lat' dir='ltr'><strong>non</strong></span> 
     </span>
    </p>
   </div>
   <div class='ocr_carea' id='block_1_36' title="bbox 459 3508 2037 3580">
    <p class='ocr_par' dir='ltr' id='par_1_36' title="bbox 459 3508 2037 3580">
     <span class='ocr_line' id='line_1_36' title="bbox 459 3508 2037 3580; baseline -0.006 -11"><span class='ocrx_word' id='word_1_246' title='bbox 459 3524 693 3580; x_wconf 67' lang='lat' dir='ltr'><strong>exstant,</strong></span> <span class='ocrx_word' id='word_1_247' title='bbox 725 3534 744 3567; x_wconf 71' lang='grc' dir='ltr'><strong>ι</strong></span> <span class='ocrx_word' id='word_1_248' title='bbox 777 3513 1004 3569; x_wconf 87' lang='lat' dir='ltr'><strong>scribit:</strong></span> <span class='ocrx_word' id='word_1_249' title='bbox 1035 3530 1054 3565; x_wconf 77' lang='grc' dir='ltr'><strong>ι</strong></span> <span class='ocrx_word' id='word_1_250' title='bbox 1086 3510 1336 3566; x_wconf 78' lang='lat' dir='ltr'><strong>Manente</strong></span> <span class='ocrx_word' id='word_1_251' title='bbox 1371 3508 1529 3565; x_wconf 86' lang='lat' dir='ltr'><strong>Patre</strong></span> <span class='ocrx_word' id='word_1_252' title='bbox 1561 3508 1822 3578; x_wconf 72' lang='lat' dir='ltr'><strong>ingenito,</strong></span> <span class='ocrx_word' id='word_1_253' title='bbox 1848 3508 2037 3577; x_wconf 76' lang='lat' dir='ltr'><strong>genito</strong></span> 
     </span>
    </p>
   </div>
   <div class='ocr_carea' id='block_1_37' title="bbox 460 3597 2039 3673">
    <p class='ocr_par' dir='ltr' id='par_1_37' title="bbox 460 3597 2039 3673">
     <span class='ocr_line' id='line_1_37' title="bbox 460 3597 2039 3673; baseline -0.006 -10"><span class='ocrx_word' id='word_1_254' title='bbox 460 3620 643 3663; x_wconf 83' lang='lat' dir='ltr'><strong>autem</strong></span> <span class='ocrx_word' id='word_1_255' title='bbox 684 3622 754 3662; x_wconf 79' lang='lat' dir='ltr'><strong>ex</strong></span> <span class='ocrx_word' id='word_1_256' title='bbox 781 3605 942 3660; x_wconf 90' lang='lat' dir='ltr'><strong>Patre</strong></span> <span class='ocrx_word' id='word_1_257' title='bbox 985 3602 1147 3667; x_wconf 86' lang='lat' dir='ltr'><strong>Filio,</strong></span> <span class='ocrx_word' id='word_1_258' title='bbox 1196 3613 1250 3657; x_wconf 92' lang='lat' dir='ltr'><strong>et</strong></span> <span class='ocrx_word' id='word_1_259' title='bbox 1300 3602 1508 3673; x_wconf 91' lang='lat' dir='ltr'><strong>Spiritu</strong></span> <span class='ocrx_word' id='word_1_260' title='bbox 1560 3608 1755 3655; x_wconf 91' lang='lat' dir='ltr'><strong>sancto</strong></span> <span class='ocrx_word' id='word_1_261' title='bbox 1808 3612 1875 3653; x_wconf 82' lang='lat' dir='ltr'><strong>ex</strong></span> <span class='ocrx_word' id='word_1_262' title='bbox 1909 3597 2039 3655; x_wconf 85' lang='lat' dir='ltr'><strong>sub-</strong></span> 
     </span>
    </p>
   </div>
   <div class='ocr_carea' id='block_1_38' title="bbox 464 3694 1792 3768">
    <p class='ocr_par' dir='ltr' id='par_1_38' title="bbox 464 3694 1792 3768">
     <span class='ocr_line' id='line_1_38' title="bbox 464 3694 1792 3768; baseline -0.008 -12"><span class='ocrx_word' id='word_1_263' title='bbox 464 3700 663 3757; x_wconf 84' lang='lat' dir='ltr'><strong>stantia</strong></span> <span class='ocrx_word' id='word_1_264' title='bbox 690 3699 871 3754; x_wconf 88' lang='lat' dir='ltr'><strong>Patris</strong></span> <span class='ocrx_word' id='word_1_265' title='bbox 902 3711 999 3768; x_wconf 89' lang='lat' dir='ltr'><strong>per</strong></span> <span class='ocrx_word' id='word_1_266' title='bbox 1027 3696 1228 3751; x_wconf 91' lang='lat' dir='ltr'><strong>Filium</strong></span> <span class='ocrx_word' id='word_1_267' title='bbox 1266 3704 1471 3750; x_wconf 83' lang='lat' dir='ltr'><strong>aeterne</strong></span> <span class='ocrx_word' id='word_1_268' title='bbox 1506 3694 1735 3749; x_wconf 89' lang='lat' dir='ltr'><strong>emisso.</strong></span> <span class='ocrx_word' id='word_1_269' title='bbox 1769 3710 1792 3745; x_wconf 70' lang='grc' dir='ltr'><strong>ι</strong></span> 
     </span>
    </p>
   </div>
   <div class='ocr_carea' id='block_1_39' title="bbox 534 3782 2035 3862">
    <p class='ocr_par' dir='ltr' id='par_1_39' title="bbox 534 3782 2035 3862">
     <span class='ocr_line' id='line_1_39' title="bbox 534 3782 2035 3862; baseline -0.009 -15"><span class='ocrx_word' id='word_1_270' title='bbox 534 3791 765 3862; x_wconf 76' lang='lat' dir='ltr'><strong>Magnus</strong></span> <span class='ocrx_word' id='word_1_271' title='bbox 799 3789 1037 3844; x_wconf 88' lang='lat' dir='ltr'><strong>Basilius</strong></span> <span class='ocrx_word' id='word_1_272' title='bbox 1087 3787 1144 3842; x_wconf 93' lang='lat' dir='ltr'><strong>in</strong></span> <span class='ocrx_word' id='word_1_273' title='bbox 1193 3801 1306 3842; x_wconf 90' lang='lat' dir='ltr'><strong>uno</strong></span> <span class='ocrx_word' id='word_1_274' title='bbox 1335 3801 1398 3842; x_wconf 83' lang='lat' dir='ltr'><strong>ex</strong></span> <span class='ocrx_word' id='word_1_275' title='bbox 1431 3785 1706 3854; x_wconf 86' lang='lat' dir='ltr'><strong>capitibus</strong></span> <span class='ocrx_word' id='word_1_276' title='bbox 1753 3782 1911 3854; x_wconf 76' lang='lat' dir='ltr'><strong>cuius</strong></span> <span class='ocrx_word' id='word_1_277' title='bbox 1943 3783 2035 3837; x_wconf 86' lang='lat' dir='ltr'><strong>illa</strong></span> 
     </span>
    </p>
   </div>
   <div class='ocr_carea' id='block_1_40' title="bbox 463 3872 2034 3953">
    <p class='ocr_par' dir='ltr' id='par_1_40' title="bbox 463 3872 2034 3953">
     <span class='ocr_line' id='line_1_40' title="bbox 463 3872 2034 3953; baseline -0.008 -15"><span class='ocrx_word' id='word_1_278' title='bbox 463 3892 547 3938; x_wconf 84' lang='lat' dir='ltr'><strong>e-t</strong></span> <span class='ocrx_word' id='word_1_279' title='bbox 575 3880 874 3953; x_wconf 77' lang='lat' dir='ltr'><strong>epigraphe</strong></span> <span class='ocrx_word' id='word_1_280' title='bbox 906 3894 921 3931; x_wconf 90' lang='lat'><strong>:</strong></span> <span class='ocrx_word' id='word_1_281' title='bbox 956 3897 974 3929; x_wconf 73' lang='grc' dir='ltr'><strong>ι</strong></span> <span class='ocrx_word' id='word_1_282' title='bbox 1014 3879 1194 3946; x_wconf 88' lang='lat' dir='ltr'><strong>Quare</strong></span> <span class='ocrx_word' id='word_1_283' title='bbox 1235 3874 1344 3931; x_wconf 80' lang='lat' dir='ltr'><strong>non</strong></span> <span class='ocrx_word' id='word_1_284' title='bbox 1390 3886 1444 3930; x_wconf 91' lang='lat' dir='ltr'><strong>et</strong></span> <span class='ocrx_word' id='word_1_285' title='bbox 1459 3873 1713 3944; x_wconf 87' lang='lat' dir='ltr'><strong>.Spiritus</strong></span> <span class='ocrx_word' id='word_1_286' title='bbox 1744 3872 1888 3929; x_wconf 80' lang='lat' dir='ltr'><strong>ﬁlius</strong></span> <span class='ocrx_word' id='word_1_287' title='bbox 1910 3872 2034 3927; x_wconf 86' lang='lat' dir='ltr'><strong>Filii</strong></span> 
     </span>
    </p>
   </div>
   <div class='ocr_carea' id='block_1_41' title="bbox 462 3962 2035 4039">
    <p class='ocr_par' dir='ltr' id='par_1_41' title="bbox 462 3962 2035 4039">
     <span class='ocr_line' id='line_1_41' title="bbox 462 3962 2035 4039; baseline -0.006 -14"><span class='ocrx_word' id='word_1_288' title='bbox 462 3974 684 4035; x_wconf 81' lang='lat' dir='ltr'><strong>dicitur,</strong></span> <span class='ocrx_word' id='word_1_289' title='bbox 719 3989 736 4020; x_wconf 74' lang='grc' dir='ltr'><strong>ι</strong></span> <span class='ocrx_word' id='word_1_290' title='bbox 785 3968 965 4039; x_wconf 85' lang='lat' dir='ltr'><strong>inquit</strong></span> <span class='ocrx_word' id='word_1_291' title='bbox 996 3984 1010 4021; x_wconf 86' lang='lat'><strong>:</strong></span> <span class='ocrx_word' id='word_1_292' title='bbox 1043 3985 1061 4017; x_wconf 73' lang='grc' dir='ltr'><strong>ι</strong></span> <span class='ocrx_word' id='word_1_293' title='bbox 1100 3964 1221 4021; x_wconf 84' lang='lat' dir='ltr'><strong>Non</strong></span> <span class='ocrx_word' id='word_1_294' title='bbox 1257 3965 1385 4035; x_wconf 86' lang='lat' dir='ltr'><strong>quia</strong></span> <span class='ocrx_word' id='word_1_295' title='bbox 1418 3980 1526 4020; x_wconf 87' lang='lat' dir='ltr'><strong>non</strong></span> <span class='ocrx_word' id='word_1_296' title='bbox 1573 3974 1660 4021; x_wconf 85' lang='lat' dir='ltr'><strong>est</strong></span> <span class='ocrx_word' id='word_1_297' title='bbox 1694 3977 1761 4018; x_wconf 82' lang='lat' dir='ltr'><strong>ex</strong></span> <span class='ocrx_word' id='word_1_298' title='bbox 1799 3962 1911 4017; x_wconf 88' lang='lat' dir='ltr'><strong>Deo</strong></span> <span class='ocrx_word' id='word_1_299' title='bbox 1938 3977 2035 4032; x_wconf 88' lang='lat' dir='ltr'><strong>per</strong></span> 
     </span>
    </p>
   </div>
   <div class='ocr_carea' id='block_1_42' title="bbox 463 4055 2035 4125">
    <p class='ocr_par' dir='ltr' id='par_1_42' title="bbox 463 4055 2035 4125">
     <span class='ocr_line' id='line_1_42' title="bbox 463 4055 2035 4125; baseline -0.006 -9"><span class='ocrx_word' id='word_1_300' title='bbox 463 4062 684 4125; x_wconf 86' lang='lat' dir='ltr'><strong>Filium,</strong></span> <span class='ocrx_word' id='word_1_301' title='bbox 732 4060 827 4115; x_wconf 85' lang='lat' dir='ltr'><strong>sed</strong></span> <span class='ocrx_word' id='word_1_302' title='bbox 868 4074 934 4113; x_wconf 91' lang='lat' dir='ltr'><strong>ne</strong></span> <span class='ocrx_word' id='word_1_303' title='bbox 983 4055 1225 4113; x_wconf 88' lang='lat' dir='ltr'><strong>Trinitas</strong></span> <span class='ocrx_word' id='word_1_304' title='bbox 1279 4056 1420 4113; x_wconf 86' lang='lat' dir='ltr'><strong>lilios</strong></span> <span class='ocrx_word' id='word_1_305' title='bbox 1460 4072 1527 4111; x_wconf 78' lang='lat' dir='ltr'><strong>ex</strong></span> <span class='ocrx_word' id='word_1_306' title='bbox 1575 4056 1705 4111; x_wconf 89' lang='lat' dir='ltr'><strong>liliis</strong></span> <span class='ocrx_word' id='word_1_307' title='bbox 1737 4055 1938 4110; x_wconf 87' lang='lat' dir='ltr'><strong>habere</strong></span> <span class='ocrx_word' id='word_1_308' title='bbox 1984 4057 2035 4107; x_wconf 91' lang='lat' dir='ltr'><strong>in</strong></span> 
     </span>
    </p>
   </div>
   <div class='ocr_carea' id='block_1_43' title="bbox 466 4145 2036 4222">
    <p class='ocr_par' dir='ltr' id='par_1_43' title="bbox 466 4145 2036 4222">
     <span class='ocr_line' id='line_1_43' title="bbox 466 4145 2036 4222; baseline -0.008 -12"><span class='ocrx_word' id='word_1_309' title='bbox 466 4153 835 4222; x_wconf 85' lang='lat' dir='ltr'><strong>suspicionem</strong></span> <span class='ocrx_word' id='word_1_310' title='bbox 870 4150 1117 4213; x_wconf 87' lang='lat' dir='ltr'><strong>veniens,</strong></span> <span class='ocrx_word' id='word_1_311' title='bbox 1158 4158 1216 4201; x_wconf 91' lang='lat' dir='ltr'><strong>ut</strong></span> <span class='ocrx_word' id='word_1_312' title='bbox 1241 4158 1326 4204; x_wconf 91' lang='lat' dir='ltr'><strong>est</strong></span> <span class='ocrx_word' id='word_1_313' title='bbox 1364 4148 1420 4203; x_wconf 91' lang='lat' dir='ltr'><strong>in</strong></span> <span class='ocrx_word' id='word_1_314' title='bbox 1453 4146 1792 4214; x_wconf 87' lang='lat' dir='ltr'><strong>hominibus,</strong></span> <span class='ocrx_word' id='word_1_315' title='bbox 1823 4145 2036 4201; x_wconf 84' lang='lat' dir='ltr'><strong>inﬁnita</strong></span> 
     </span>
    </p>
   </div>
   <div class='ocr_carea' id='block_1_44' title="bbox 466 4236 2042 4316">
    <p class='ocr_par' dir='ltr' id='par_1_44' title="bbox 466 4236 2042 4316">
     <span class='ocr_line' id='line_1_44' title="bbox 466 4236 2042 4316; baseline -0.005 -20"><span class='ocrx_word' id='word_1_316' title='bbox 466 4253 681 4316; x_wconf 87' lang='lat' dir='ltr'><strong>putetur</strong></span> <span class='ocrx_word' id='word_1_317' title='bbox 708 4241 1018 4296; x_wconf 86' lang='lat' dir='ltr'><strong>multitudo.</strong></span> <span class='ocrx_word' id='word_1_318' title='bbox 1053 4257 1069 4288; x_wconf 75' lang='grc' dir='ltr'><strong>ι</strong></span> <span class='ocrx_word' id='word_1_319' title='bbox 1104 4239 1171 4292; x_wconf 84' lang='grc' dir='ltr'>Ει</span> <span class='ocrx_word' id='word_1_320' title='bbox 1194 4238 1382 4309; x_wconf 87' lang='lat' dir='ltr'><strong>paucis</strong></span> <span class='ocrx_word' id='word_1_321' title='bbox 1405 4236 1707 4304; x_wconf 74' lang='lat' dir='ltr'><strong>interiectis</strong></span> <span class='ocrx_word' id='word_1_322' title='bbox 1738 4253 1752 4291; x_wconf 91' lang='lat'><strong>:</strong></span> <span class='ocrx_word' id='word_1_323' title='bbox 1788 4254 1807 4288; x_wconf 80' lang='grc' dir='ltr'><strong>ι</strong></span> <span class='ocrx_word' id='word_1_324' title='bbox 1837 4236 2042 4301; x_wconf 86' lang='lat' dir='ltr'><strong>Quam-</strong></span> 
     </span>
    </p>
   </div>
   <div class='ocr_carea' id='block_1_45' title="bbox 467 4323 2041 4400">
    <p class='ocr_par' dir='ltr' id='par_1_45' title="bbox 467 4323 2041 4400">
     <span class='ocr_line' id='line_1_45' title="bbox 467 4323 2041 4400; baseline -0.008 -9"><span class='ocrx_word' id='word_1_325' title='bbox 467 4323 657 4391; x_wconf 78' lang='lat' dir='ltr'><strong>obrem</strong></span> <span class='ocrx_word' id='word_1_326' title='bbox 707 4348 773 4389; x_wconf 79' lang='lat' dir='ltr'><strong>ex</strong></span> <span class='ocrx_word' id='word_1_327' title='bbox 809 4331 915 4387; x_wconf 80' lang='lat' dir='ltr'><strong>Deo</strong></span> <span class='ocrx_word' id='word_1_328' title='bbox 947 4330 1169 4400; x_wconf 89' lang='lat' dir='ltr'><strong>quidem</strong></span> <span class='ocrx_word' id='word_1_329' title='bbox 1216 4344 1338 4386; x_wconf 89' lang='lat' dir='ltr'><strong>esse</strong></span> <span class='ocrx_word' id='word_1_330' title='bbox 1384 4328 1649 4399; x_wconf 88' lang='lat' dir='ltr'><strong>Spiritum</strong></span> <span class='ocrx_word' id='word_1_331' title='bbox 1685 4334 1871 4399; x_wconf 87' lang='lat' dir='ltr'><strong>aperte</strong></span> <span class='ocrx_word' id='word_1_332' title='bbox 1902 4342 2041 4397; x_wconf 66' lang='lat' dir='ltr'><strong>prtu-</strong></span> 
     </span>
    </p>
   </div>
   <div class='ocr_carea' id='block_1_46' title="bbox 2132 566 3700 640">
    <p class='ocr_par' dir='ltr' id='par_1_46' title="bbox 2132 566 3700 640">
     <span class='ocr_line' id='line_1_46' title="bbox 2132 566 3700 640; baseline 0.004 -23"><span class='ocrx_word' id='word_1_333' title='bbox 2132 566 2478 637; x_wconf 80' lang='grc' dir='ltr'>Μονογενής;</span> <span class='ocrx_word' id='word_1_334' title='bbox 2514 569 2723 622; x_wconf 78' lang='grc' dir='ltr'><strong>Μενοῦν</strong></span> <span class='ocrx_word' id='word_1_335' title='bbox 2752 586 2813 638; x_wconf 91' lang='grc' dir='ltr'><strong>γε</strong></span> <span class='ocrx_word' id='word_1_336' title='bbox 2866 570 2929 623; x_wconf 72' lang='grc' dir='ltr'><strong>σὺ</strong></span> <span class='ocrx_word' id='word_1_337' title='bbox 2968 571 3049 633; x_wconf 80' lang='grc' dir='ltr'><strong>τίς</strong></span> <span class='ocrx_word' id='word_1_338' title='bbox 3082 566 3130 623; x_wconf 82' lang='grc' dir='ltr'>εἷ</span> <span class='ocrx_word' id='word_1_339' title='bbox 3173 574 3201 623; x_wconf 85' lang='grc' dir='ltr'>ὀ</span> <span class='ocrx_word' id='word_1_340' title='bbox 3229 570 3700 640; x_wconf 59' lang='grc' dir='ltr'><strong>ἀναλογιζόμενος</strong></span> 
     </span>
    </p>
   </div>
   <div class='ocr_carea' id='block_1_47' title="bbox 2130 657 3704 731">
    <p class='ocr_par' dir='ltr' id='par_1_47' title="bbox 2130 657 3704 731">
     <span class='ocr_line' id='line_1_47' title="bbox 2130 657 3704 731; baseline 0.006 -24"><span class='ocrx_word' id='word_1_341' title='bbox 2130 657 2205 726; x_wconf 80' lang='grc' dir='ltr'><strong>τῷ</strong></span> <span class='ocrx_word' id='word_1_342' title='bbox 2240 659 2389 728; x_wconf 85' lang='grc' dir='ltr'><strong>Θεῷ;</strong></span> <span class='ocrx_word' id='word_1_343' title='bbox 2430 662 2490 713; x_wconf 82' lang='lat' dir='ltr'><strong>Et</strong></span> <span class='ocrx_word' id='word_1_344' title='bbox 2523 662 2630 731; x_wconf 80' lang='grc' dir='ltr'>γὰρ</span> <span class='ocrx_word' id='word_1_345' title='bbox 2657 662 2746 714; x_wconf 78' lang='grc' dir='ltr'><strong>τὸν</strong></span> <span class='ocrx_word' id='word_1_346' title='bbox 2770 662 2898 716; x_wconf 71' lang='grc' dir='ltr'>Υἱὸν</span> <span class='ocrx_word' id='word_1_347' title='bbox 2931 664 3086 716; x_wconf 85' lang='grc' dir='ltr'>καλεί</span> <span class='ocrx_word' id='word_1_348' title='bbox 3117 663 3207 717; x_wconf 77' lang='grc' dir='ltr'><strong>τὸν</strong></span> <span class='ocrx_word' id='word_1_349' title='bbox 3244 660 3306 727; x_wconf 75' lang='grc' dir='ltr'>ἐξ</span> <span class='ocrx_word' id='word_1_350' title='bbox 3332 662 3523 725; x_wconf 82' lang='grc' dir='ltr'>αὐτοῦ.</span> <span class='ocrx_word' id='word_1_351' title='bbox 3558 663 3619 715; x_wconf 82' lang='grc' dir='ltr'><strong>τὸ</strong></span> <span class='ocrx_word' id='word_1_352' title='bbox 3649 663 3704 716; x_wconf 78' lang='grc' dir='ltr'>δὲ</span> 
     </span>
    </p>
   </div>
   <div class='ocr_carea' id='block_1_48' title="bbox 2133 747 3706 825">
    <p class='ocr_par' dir='ltr' id='par_1_48' title="bbox 2133 747 3706 825">
     <span class='ocr_line' id='line_1_48' title="bbox 2133 747 3706 825; baseline 0.004 -25"><span class='ocrx_word' id='word_1_353' title='bbox 2133 747 2287 814; x_wconf 71' lang='grc' dir='ltr'>ἅγιον</span> <span class='ocrx_word' id='word_1_354' title='bbox 2320 751 2542 821; x_wconf 84' lang='grc' dir='ltr'>Πνεῦμα</span> <span class='ocrx_word' id='word_1_355' title='bbox 2570 755 2629 807; x_wconf 82' lang='grc' dir='ltr'><strong>τὸ</strong></span> <span class='ocrx_word' id='word_1_356' title='bbox 2672 755 2803 825; x_wconf 84' lang='grc' dir='ltr'>παρ’</span> <span class='ocrx_word' id='word_1_357' title='bbox 2842 755 3193 825; x_wconf 73' lang='grc' dir='ltr'>ἀμφοτέρων.</span> <span class='ocrx_word' id='word_1_358' title='bbox 3232 757 3299 808; x_wconf 75' lang='grc' dir='ltr'><strong>Ἀ</strong></span> <span class='ocrx_word' id='word_1_359' title='bbox 3337 755 3499 824; x_wconf 86' lang='grc' dir='ltr'>μόνον</span> <span class='ocrx_word' id='word_1_360' title='bbox 3523 755 3706 807; x_wconf 79' lang='grc' dir='ltr'>πῐστει</span> 
     </span>
    </p>
   </div>
   <div class='ocr_carea' id='block_1_49' title="bbox 2129 841 3707 915">
    <p class='ocr_par' dir='ltr' id='par_1_49' title="bbox 2129 841 3707 915">
     <span class='ocr_line' id='line_1_49' title="bbox 2129 841 3707 915; baseline 0.007 -24"><span class='ocrx_word' id='word_1_361' title='bbox 2129 841 2394 911; x_wconf 75' lang='grc' dir='ltr'><strong>νοούμενα</strong></span> <span class='ocrx_word' id='word_1_362' title='bbox 2431 846 2537 898; x_wconf 78' lang='grc' dir='ltr'><strong>ὑπὸ</strong></span> <span class='ocrx_word' id='word_1_363' title='bbox 2597 846 2705 901; x_wconf 81' lang='grc' dir='ltr'><strong>τῶν</strong></span> <span class='ocrx_word' id='word_1_364' title='bbox 2746 846 2917 915; x_wconf 80' lang='grc' dir='ltr'>ἁγίων</span> <span class='ocrx_word' id='word_1_365' title='bbox 2954 846 3223 915; x_wconf 77' lang='grc' dir='ltr'>φωτεινὰ,</span> <span class='ocrx_word' id='word_1_366' title='bbox 3266 844 3546 914; x_wconf 75' lang='grc' dir='ltr'>φωτοδότα</span> <span class='ocrx_word' id='word_1_367' title='bbox 3596 862 3707 913; x_wconf 61' lang='lat' dir='ltr'><strong>69w-</strong></span> 
     </span>
    </p>
   </div>
   <div class='ocr_carea' id='block_1_50' title="bbox 2130 930 3706 1006">
    <p class='ocr_par' dir='ltr' id='par_1_50' title="bbox 2130 930 3706 1006">
     <span class='ocr_line' id='line_1_50' title="bbox 2130 930 3706 1006; baseline 0.003 -25"><span class='ocrx_word' id='word_1_368' title='bbox 2130 930 2308 999; x_wconf 87' lang='grc' dir='ltr'>τεινὴν</span> <span class='ocrx_word' id='word_1_369' title='bbox 2343 932 2441 1003; x_wconf 83' lang='grc' dir='ltr'><strong>τὴν</strong></span> <span class='ocrx_word' id='word_1_370' title='bbox 2464 934 2743 1004; x_wconf 76' lang='grc' dir='ltr'>ἐνέργειαν</span> <span class='ocrx_word' id='word_1_371' title='bbox 2770 934 2907 1006; x_wconf 78' lang='grc' dir='ltr'>ἔχει.</span> <span class='ocrx_word' id='word_1_372' title='bbox 2940 954 2960 987; x_wconf 72' lang='grc' dir='ltr'><strong>ι</strong></span> <span class='ocrx_word' id='word_1_373' title='bbox 2999 934 3110 988; x_wconf 96' lang='lat' dir='ltr'><strong>Kal</strong></span> <span class='ocrx_word' id='word_1_374' title='bbox 3133 932 3251 1004; x_wconf 86' lang='grc' dir='ltr'>μετ’</span> <span class='ocrx_word' id='word_1_375' title='bbox 3281 933 3461 1002; x_wconf 77' lang='grc' dir='ltr'>ὁλίγαο</span> <span class='ocrx_word' id='word_1_376' title='bbox 3494 952 3512 983; x_wconf 74' lang='grc' dir='ltr'><strong>ι</strong></span> <span class='ocrx_word' id='word_1_377' title='bbox 3537 932 3706 985; x_wconf 88' lang='grc' dir='ltr'>Πνεῦ-</span> 
     </span>
    </p>
   </div>
   <div class='ocr_carea' id='block_1_51' title="bbox 2134 1023 3706 1098">
    <p class='ocr_par' dir='ltr' id='par_1_51' title="bbox 2134 1023 3706 1098">
     <span class='ocr_line' id='line_1_51' title="bbox 2134 1023 3706 1098; baseline 0.003 -23"><span class='ocrx_word' id='word_1_378' title='bbox 2134 1038 2208 1092; x_wconf 89' lang='grc' dir='ltr'><strong>μα</strong></span> <span class='ocrx_word' id='word_1_379' title='bbox 2234 1023 2388 1089; x_wconf 73' lang='grc' dir='ltr'>ἅγιον</span> <span class='ocrx_word' id='word_1_380' title='bbox 2422 1026 2643 1095; x_wconf 84' lang='grc' dir='ltr'>Πνεῦμα</span> <span class='ocrx_word' id='word_1_381' title='bbox 2676 1028 2934 1098; x_wconf 78' lang='grc' dir='ltr'><strong>ἀληθείας</strong></span> <span class='ocrx_word' id='word_1_382' title='bbox 2976 1027 3114 1090; x_wconf 71' lang='grc' dir='ltr'>ἐστὶ,</span> <span class='ocrx_word' id='word_1_383' title='bbox 3161 1025 3277 1094; x_wconf 82' lang='grc' dir='ltr'><strong>φῶς</strong></span> <span class='ocrx_word' id='word_1_384' title='bbox 3323 1024 3509 1095; x_wconf 83' lang='grc' dir='ltr'>τρίτον</span> <span class='ocrx_word' id='word_1_385' title='bbox 3552 1024 3706 1095; x_wconf 77' lang='grc' dir='ltr'>παρᾶ</span> 
     </span>
    </p>
   </div>
   <div class='ocr_carea' id='block_1_52' title="bbox 2132 1115 3713 1189">
    <p class='ocr_par' dir='ltr' id='par_1_52' title="bbox 2132 1115 3713 1189">
     <span class='ocr_line' id='line_1_52' title="bbox 2132 1115 3713 1189; baseline -0.002 -19"><span class='ocrx_word' id='word_1_386' title='bbox 2132 1116 2343 1185; x_wconf 70' lang='grc' dir='ltr'>Πατρὸς</span> <span class='ocrx_word' id='word_1_387' title='bbox 2374 1120 2466 1171; x_wconf 73' lang='grc' dir='ltr'><strong>καὶ</strong></span> <span class='ocrx_word' id='word_1_388' title='bbox 2497 1118 2648 1172; x_wconf 80' lang='grc' dir='ltr'>Υἰοῦ.</span> <span class='ocrx_word' id='word_1_389' title='bbox 2690 1138 2707 1170; x_wconf 75' lang='grc' dir='ltr'><strong>ι</strong></span> <span class='ocrx_word' id='word_1_390' title='bbox 2742 1121 2852 1173; x_wconf 85' lang='lat' dir='ltr'><strong>Kal</strong></span> <span class='ocrx_word' id='word_1_391' title='bbox 2880 1119 3000 1189; x_wconf 90' lang='grc' dir='ltr'>μετ’</span> <span class='ocrx_word' id='word_1_392' title='bbox 3032 1118 3209 1186; x_wconf 80' lang='grc' dir='ltr'><strong>ὀλίγα·</strong></span> <span class='ocrx_word' id='word_1_393' title='bbox 3246 1136 3265 1169; x_wconf 81' lang='grc' dir='ltr'><strong>ι</strong></span> <span class='ocrx_word' id='word_1_394' title='bbox 3313 1118 3411 1169; x_wconf 88' lang='grc' dir='ltr'>Ὃν</span> <span class='ocrx_word' id='word_1_395' title='bbox 3444 1115 3554 1186; x_wconf 73' lang='grc' dir='ltr'>γὰρ</span> <span class='ocrx_word' id='word_1_396' title='bbox 3584 1117 3713 1185; x_wconf 81' lang='grc' dir='ltr'>τρό-</span> 
     </span>
    </p>
   </div>
   <div class='ocr_carea' id='block_1_53' title="bbox 2130 1208 3708 1282">
    <p class='ocr_par' dir='ltr' id='par_1_53' title="bbox 2130 1208 3708 1282">
     <span class='ocr_line' id='line_1_53' title="bbox 2130 1208 3708 1282; baseline 0.001 -25"><span class='ocrx_word' id='word_1_397' title='bbox 2130 1223 2230 1260; x_wconf 86' lang='grc' dir='ltr'><strong>πον</strong></span> <span class='ocrx_word' id='word_1_398' title='bbox 2251 1208 2426 1272; x_wconf 81' lang='grc' dir='ltr'>οὑδεὶς</span> <span class='ocrx_word' id='word_1_399' title='bbox 2457 1210 2596 1278; x_wconf 78' lang='grc' dir='ltr'>ἔγνω</span> <span class='ocrx_word' id='word_1_400' title='bbox 2634 1213 2725 1264; x_wconf 83' lang='grc' dir='ltr'><strong>τὸν</strong></span> <span class='ocrx_word' id='word_1_401' title='bbox 2749 1213 2967 1282; x_wconf 76' lang='grc' dir='ltr'>Πατὲιρα</span> <span class='ocrx_word' id='word_1_402' title='bbox 3008 1212 3056 1264; x_wconf 84' lang='grc' dir='ltr'><strong>εί</strong></span> <span class='ocrx_word' id='word_1_403' title='bbox 3102 1209 3177 1281; x_wconf 86' lang='grc' dir='ltr'>μὴ</span> <span class='ocrx_word' id='word_1_404' title='bbox 3218 1211 3245 1261; x_wconf 82' lang='grc' dir='ltr'><strong>ὁ</strong></span> <span class='ocrx_word' id='word_1_405' title='bbox 3282 1208 3431 1273; x_wconf 75' lang='grc' dir='ltr'>Υἱὸς,</span> <span class='ocrx_word' id='word_1_406' title='bbox 3463 1208 3586 1262; x_wconf 71' lang='grc' dir='ltr'>οὐδὲ</span> <span class='ocrx_word' id='word_1_407' title='bbox 3619 1209 3708 1260; x_wconf 76' lang='grc' dir='ltr'><strong>τὸν</strong></span> 
     </span>
    </p>
   </div>
   <div class='ocr_carea' id='block_1_54' title="bbox 2133 1294 3710 1371">
    <p class='ocr_par' dir='ltr' id='par_1_54' title="bbox 2133 1294 3710 1371">
     <span class='ocr_line' id='line_1_54' title="bbox 2133 1294 3710 1371; baseline 0 -23"><span class='ocrx_word' id='word_1_408' title='bbox 2133 1296 2259 1349; x_wconf 70' lang='grc' dir='ltr'>Υίὸν</span> <span class='ocrx_word' id='word_1_409' title='bbox 2278 1299 2325 1350; x_wconf 82' lang='grc' dir='ltr'>εἰ</span> <span class='ocrx_word' id='word_1_410' title='bbox 2349 1298 2423 1368; x_wconf 83' lang='grc' dir='ltr'>μὴ</span> <span class='ocrx_word' id='word_1_411' title='bbox 2451 1300 2478 1351; x_wconf 86' lang='grc' dir='ltr'>ὁ</span> <span class='ocrx_word' id='word_1_412' title='bbox 2500 1300 2710 1371; x_wconf 83' lang='grc' dir='ltr'>Πατὴρ,</span> <span class='ocrx_word' id='word_1_413' title='bbox 2748 1300 2891 1354; x_wconf 76' lang='grc' dir='ltr'>οὕτω</span> <span class='ocrx_word' id='word_1_414' title='bbox 2926 1301 3111 1370; x_wconf 87' lang='grc' dir='ltr'>τολμῶ</span> <span class='ocrx_word' id='word_1_415' title='bbox 3134 1298 3335 1366; x_wconf 83' lang='grc' dir='ltr'>λέγειν,</span> <span class='ocrx_word' id='word_1_416' title='bbox 3370 1297 3453 1351; x_wconf 85' lang='grc' dir='ltr'>ὅτι</span> <span class='ocrx_word' id='word_1_417' title='bbox 3497 1295 3622 1349; x_wconf 80' lang='grc' dir='ltr'>οὐδὲ</span> <span class='ocrx_word' id='word_1_418' title='bbox 3650 1294 3710 1348; x_wconf 78' lang='grc' dir='ltr'>τὸ</span> 
     </span>
    </p>
   </div>
   <div class='ocr_carea' id='block_1_55' title="bbox 2133 1383 3709 1464">
    <p class='ocr_par' dir='ltr' id='par_1_55' title="bbox 2133 1383 3709 1464">
     <span class='ocr_line' id='line_1_55' title="bbox 2133 1383 3709 1464; baseline -0.003 -22"><span class='ocrx_word' id='word_1_419' title='bbox 2133 1390 2356 1458; x_wconf 83' lang='grc' dir='ltr'>Πνεῦμα</span> <span class='ocrx_word' id='word_1_420' title='bbox 2396 1392 2444 1443; x_wconf 89' lang='grc' dir='ltr'><strong>εί</strong></span> <span class='ocrx_word' id='word_1_421' title='bbox 2480 1392 2555 1463; x_wconf 84' lang='grc' dir='ltr'>μὴ</span> <span class='ocrx_word' id='word_1_422' title='bbox 2596 1394 2623 1444; x_wconf 82' lang='grc' dir='ltr'><strong>ὁ</strong></span> <span class='ocrx_word' id='word_1_423' title='bbox 2655 1394 2845 1464; x_wconf 84' lang='grc' dir='ltr'>Πατὴρ</span> <span class='ocrx_word' id='word_1_424' title='bbox 2890 1394 2983 1448; x_wconf 71' lang='grc' dir='ltr'><strong>καὶ</strong></span> <span class='ocrx_word' id='word_1_425' title='bbox 3034 1395 3061 1446; x_wconf 86' lang='grc' dir='ltr'>ὀ</span> <span class='ocrx_word' id='word_1_426' title='bbox 3094 1390 3247 1455; x_wconf 81' lang='grc' dir='ltr'>Υίδς,</span> <span class='ocrx_word' id='word_1_427' title='bbox 3284 1389 3417 1459; x_wconf 83' lang='grc' dir='ltr'>παρ’</span> <span class='ocrx_word' id='word_1_428' title='bbox 3449 1383 3512 1443; x_wconf 70' lang='grc' dir='ltr'>οὗ</span> <span class='ocrx_word' id='word_1_429' title='bbox 3542 1390 3709 1440; x_wconf 75' lang='grc' dir='ltr'>ὲκποο</span> 
     </span>
    </p>
   </div>
   <div class='ocr_carea' id='block_1_56' title="bbox 2082 1478 3711 1554">
    <p class='ocr_par' dir='ltr' id='par_1_56' title="bbox 2082 1478 3711 1554">
     <span class='ocr_line' id='line_1_56' title="bbox 2082 1478 3711 1554; baseline -0.001 -21"><span class='ocrx_word' id='word_1_430' title='bbox 2082 1508 2097 1517; x_wconf 89' lang='lat'><strong>-</strong></span> <span class='ocrx_word' id='word_1_431' title='bbox 2131 1481 2368 1551; x_wconf 83' lang='grc' dir='ltr'>ρεύεται,</span> <span class='ocrx_word' id='word_1_432' title='bbox 2404 1484 2496 1535; x_wconf 84' lang='grc' dir='ltr'>καὶ</span> <span class='ocrx_word' id='word_1_433' title='bbox 2531 1483 2659 1554; x_wconf 78' lang='grc' dir='ltr'>παρ’</span> <span class='ocrx_word' id='word_1_434' title='bbox 2691 1479 2753 1539; x_wconf 78' lang='grc' dir='ltr'>οὗ</span> <span class='ocrx_word' id='word_1_435' title='bbox 2783 1484 3070 1554; x_wconf 72' lang='grc' dir='ltr'>λαμϐάνει,</span> <span class='ocrx_word' id='word_1_436' title='bbox 3136 1483 3228 1535; x_wconf 78' lang='grc' dir='ltr'>καὶ</span> <span class='ocrx_word' id='word_1_437' title='bbox 3271 1480 3392 1534; x_wconf 80' lang='grc' dir='ltr'>οὐδὲ</span> <span class='ocrx_word' id='word_1_438' title='bbox 3427 1478 3519 1531; x_wconf 79' lang='grc' dir='ltr'>τὸν</span> <span class='ocrx_word' id='word_1_439' title='bbox 3581 1478 3711 1532; x_wconf 83' lang='grc' dir='ltr'>Υἱδν</span> 
     </span>
    </p>
   </div>
   <div class='ocr_carea' id='block_1_57' title="bbox 2130 1570 3709 1647">
    <p class='ocr_par' dir='ltr' id='par_1_57' title="bbox 2130 1570 3709 1647">
     <span class='ocr_line' id='line_1_57' title="bbox 2130 1570 3709 1647; baseline -0.001 -21"><span class='ocrx_word' id='word_1_440' title='bbox 2130 1573 2223 1627; x_wconf 75' lang='grc' dir='ltr'>καὶ</span> <span class='ocrx_word' id='word_1_441' title='bbox 2256 1574 2347 1627; x_wconf 78' lang='grc' dir='ltr'><strong>τὸν</strong></span> <span class='ocrx_word' id='word_1_442' title='bbox 2376 1575 2598 1646; x_wconf 79' lang='grc' dir='ltr'>Πατέρα</span> <span class='ocrx_word' id='word_1_443' title='bbox 2632 1579 2681 1629; x_wconf 85' lang='grc' dir='ltr'><strong>εί</strong></span> <span class='ocrx_word' id='word_1_444' title='bbox 2717 1581 2789 1647; x_wconf 75' lang='grc' dir='ltr'>μὴ</span> <span class='ocrx_word' id='word_1_445' title='bbox 2818 1578 2877 1629; x_wconf 75' lang='grc' dir='ltr'><strong>τὸ</strong></span> <span class='ocrx_word' id='word_1_446' title='bbox 2910 1576 3135 1645; x_wconf 82' lang='grc' dir='ltr'>Πνεῦμα</span> <span class='ocrx_word' id='word_1_447' title='bbox 3158 1574 3219 1627; x_wconf 78' lang='grc' dir='ltr'>τὸ</span> <span class='ocrx_word' id='word_1_448' title='bbox 3252 1573 3429 1641; x_wconf 72' lang='grc' dir='ltr'>ἅγιον,</span> <span class='ocrx_word' id='word_1_449' title='bbox 3468 1570 3532 1622; x_wconf 71' lang='grc' dir='ltr'>τὸ</span> <span class='ocrx_word' id='word_1_450' title='bbox 3550 1570 3709 1636; x_wconf 78' lang='grc' dir='ltr'>δοξὰ-</span> 
     </span>
    </p>
   </div>
   <div class='ocr_carea' id='block_1_58' title="bbox 2131 1661 3711 1737">
    <p class='ocr_par' dir='ltr' id='par_1_58' title="bbox 2131 1661 3711 1737">
     <span class='ocr_line' id='line_1_58' title="bbox 2131 1661 3711 1737; baseline -0.005 -15"><span class='ocrx_word' id='word_1_451' title='bbox 2131 1665 2221 1729; x_wconf 79' lang='grc' dir='ltr'>ζον</span> <span class='ocrx_word' id='word_1_452' title='bbox 2258 1666 2513 1737; x_wconf 75' lang='grc' dir='ltr'>ἀληθῶς,</span> <span class='ocrx_word' id='word_1_453' title='bbox 2546 1670 2604 1722; x_wconf 85' lang='grc' dir='ltr'><strong>τὸ</strong></span> <span class='ocrx_word' id='word_1_454' title='bbox 2649 1669 2898 1723; x_wconf 69' lang='grc' dir='ltr'>διδάσκον</span> <span class='ocrx_word' id='word_1_455' title='bbox 2950 1671 3018 1721; x_wconf 77' lang='grc' dir='ltr'>τὰ</span> <span class='ocrx_word' id='word_1_456' title='bbox 3072 1668 3275 1731; x_wconf 86' lang='grc' dir='ltr'>πάντα,</span> <span class='ocrx_word' id='word_1_457' title='bbox 3332 1666 3360 1718; x_wconf 81' lang='grc' dir='ltr'>ὃ</span> <span class='ocrx_word' id='word_1_458' title='bbox 3413 1664 3570 1736; x_wconf 75' lang='grc' dir='ltr'>παρὰ</span> <span class='ocrx_word' id='word_1_459' title='bbox 3613 1661 3711 1716; x_wconf 85' lang='grc' dir='ltr'><strong>τοῦ</strong></span> 
     </span>
    </p>
   </div>
   <div class='ocr_carea' id='block_1_59' title="bbox 2090 1752 3713 1829">
    <p class='ocr_par' dir='ltr' id='par_1_59' title="bbox 2090 1752 3713 1829">
     <span class='ocr_line' id='line_1_59' title="bbox 2090 1752 3713 1829; baseline -0.004 -19"><span class='ocrx_word' id='word_1_460' title='bbox 2090 1752 2093 1755; x_wconf 70' lang='grc'><em>’</em></span> <span class='ocrx_word' id='word_1_461' title='bbox 2133 1758 2344 1828; x_wconf 83' lang='grc' dir='ltr'>Πατρὺς</span> <span class='ocrx_word' id='word_1_462' title='bbox 2373 1759 2468 1812; x_wconf 79' lang='grc' dir='ltr'>καὶ</span> <span class='ocrx_word' id='word_1_463' title='bbox 2494 1762 2556 1813; x_wconf 83' lang='grc' dir='ltr'>ἐκ</span> <span class='ocrx_word' id='word_1_464' title='bbox 2586 1759 2679 1814; x_wconf 84' lang='grc' dir='ltr'><strong>τοῦ</strong></span> <span class='ocrx_word' id='word_1_465' title='bbox 2708 1760 2863 1816; x_wconf 86' lang='grc' dir='ltr'>Υίοῦ.</span> <span class='ocrx_word' id='word_1_466' title='bbox 2893 1778 2912 1813; x_wconf 78' lang='grc' dir='ltr'><strong>ι</strong></span> <span class='ocrx_word' id='word_1_467' title='bbox 2953 1761 3061 1814; x_wconf 89' lang='lat' dir='ltr'><strong>Kal</strong></span> <span class='ocrx_word' id='word_1_468' title='bbox 3092 1759 3230 1829; x_wconf 81' lang='grc' dir='ltr'>μετά</span> <span class='ocrx_word' id='word_1_469' title='bbox 3261 1773 3385 1810; x_wconf 85' lang='grc' dir='ltr'>τινα</span> <span class='ocrx_word' id='word_1_470' title='bbox 3407 1773 3421 1787; x_wconf 74' lang='grc' dir='ltr'><strong>ο</strong></span> <span class='ocrx_word' id='word_1_471' title='bbox 3459 1776 3478 1808; x_wconf 79' lang='lat' dir='ltr'><strong>t</strong></span> <span class='ocrx_word' id='word_1_472' title='bbox 3516 1754 3713 1807; x_wconf 81' lang='grc' dir='ltr'>Τοίνυν</span> 
     </span>
    </p>
   </div>
   <div class='ocr_carea' id='block_1_60' title="bbox 2063 1836 3714 1923">
    <p class='ocr_par' dir='ltr' id='par_1_60' title="bbox 2063 1836 3714 1923">
     <span class='ocr_line' id='line_1_60' title="bbox 2063 1836 3714 1923; baseline -0.003 -23"><span class='ocrx_word' id='word_1_473' title='bbox 2063 1836 2103 1889; x_wconf 79' lang='grc' dir='ltr'><strong>Β</strong></span> <span class='ocrx_word' id='word_1_474' title='bbox 2135 1849 2324 1919; x_wconf 84' lang='grc' dir='ltr'>Πατὴρ</span> <span class='ocrx_word' id='word_1_475' title='bbox 2357 1845 2446 1920; x_wconf 80' lang='grc' dir='ltr'>ἦν,</span> <span class='ocrx_word' id='word_1_476' title='bbox 2494 1851 2587 1905; x_wconf 78' lang='grc' dir='ltr'>καὶ</span> <span class='ocrx_word' id='word_1_477' title='bbox 2626 1851 2750 1914; x_wconf 80' lang='grc' dir='ltr'>Υἱὸς</span> <span class='ocrx_word' id='word_1_478' title='bbox 2783 1849 2850 1923; x_wconf 86' lang='grc' dir='ltr'>ἦν</span> <span class='ocrx_word' id='word_1_479' title='bbox 2878 1852 2984 1916; x_wconf 77' lang='grc' dir='ltr'>ἀεὶ,</span> <span class='ocrx_word' id='word_1_480' title='bbox 3018 1853 3111 1905; x_wconf 78' lang='grc' dir='ltr'>καὶ</span> <span class='ocrx_word' id='word_1_481' title='bbox 3138 1849 3198 1902; x_wconf 80' lang='grc' dir='ltr'><strong>τὸ</strong></span> <span class='ocrx_word' id='word_1_482' title='bbox 3261 1846 3487 1917; x_wconf 85' lang='grc' dir='ltr'>Πνεῦμα</span> <span class='ocrx_word' id='word_1_483' title='bbox 3528 1845 3593 1899; x_wconf 84' lang='grc' dir='ltr'>ὲκ</span> <span class='ocrx_word' id='word_1_484' title='bbox 3616 1841 3714 1895; x_wconf 73' lang='grc' dir='ltr'><strong>τοῦ</strong></span> 
     </span>
    </p>
   </div>
   <div class='ocr_carea' id='block_1_61' title="bbox 2133 1940 2910 2011">
    <p class='ocr_par' dir='ltr' id='par_1_61' title="bbox 2133 1940 2910 2011">
     <span class='ocr_line' id='line_1_61' title="bbox 2133 1940 2910 2011; baseline 0.006 -19"><span class='ocrx_word' id='word_1_485' title='bbox 2133 1940 2344 2011; x_wconf 78' lang='grc' dir='ltr'>Πατρδς</span> <span class='ocrx_word' id='word_1_486' title='bbox 2380 1944 2471 1996; x_wconf 77' lang='grc' dir='ltr'>καὶ</span> <span class='ocrx_word' id='word_1_487' title='bbox 2506 1943 2636 1997; x_wconf 81' lang='grc' dir='ltr'>Υἱοῦ</span> <span class='ocrx_word' id='word_1_488' title='bbox 2672 1944 2842 1997; x_wconf 85' lang='grc' dir='ltr'>πνέει.</span> <span class='ocrx_word' id='word_1_489' title='bbox 2888 1963 2910 1996; x_wconf 70' lang='grc' dir='ltr'><strong>ι</strong></span> 
     </span>
    </p>
   </div>
   <div class='ocr_carea' id='block_1_62' title="bbox 2204 2033 3090 2109">
    <p class='ocr_par' dir='ltr' id='par_1_62' title="bbox 2204 2033 3090 2109">
     <span class='ocr_line' id='line_1_62' title="bbox 2204 2033 3090 2109; baseline 0.01 -25"><span class='ocrx_word' id='word_1_490' title='bbox 2204 2033 2325 2085; x_wconf 86' lang='grc' dir='ltr'>Ὅτι</span> <span class='ocrx_word' id='word_1_491' title='bbox 2353 2034 2441 2089; x_wconf 85' lang='grc' dir='ltr'>διὰ</span> <span class='ocrx_word' id='word_1_492' title='bbox 2470 2036 2561 2089; x_wconf 89' lang='grc' dir='ltr'><strong>τοῦ</strong></span> <span class='ocrx_word' id='word_1_493' title='bbox 2596 2036 2726 2091; x_wconf 84' lang='grc' dir='ltr'>Υίοῦ</span> <span class='ocrx_word' id='word_1_494' title='bbox 2753 2038 2811 2090; x_wconf 86' lang='grc' dir='ltr'><strong>τὸ</strong></span> <span class='ocrx_word' id='word_1_495' title='bbox 2847 2036 3090 2109; x_wconf 87' lang='grc' dir='ltr'>Πνεῦμα.</span> 
     </span>
    </p>
   </div>
   <div class='ocr_carea' id='block_1_63' title="bbox 2223 2128 3720 2199">
    <p class='ocr_par' dir='ltr' id='par_1_63' title="bbox 2223 2128 3720 2199">
     <span class='ocr_line' id='line_1_63' title="bbox 2223 2128 3720 2199; baseline 0.003 -20"><span class='ocrx_word' id='word_1_496' title='bbox 2223 2128 2281 2179; x_wconf 81' lang='grc'><strong>’0</strong></span> <span class='ocrx_word' id='word_1_497' title='bbox 2314 2130 2492 2199; x_wconf 80' lang='grc' dir='ltr'>μέγας</span> <span class='ocrx_word' id='word_1_498' title='bbox 2531 2131 2848 2191; x_wconf 82' lang='grc' dir='ltr'>Ἀθανάσιος</span> <span class='ocrx_word' id='word_1_499' title='bbox 2901 2131 2959 2182; x_wconf 85' lang='grc' dir='ltr'>ὲν</span> <span class='ocrx_word' id='word_1_500' title='bbox 3008 2128 3088 2198; x_wconf 83' lang='grc' dir='ltr'>τῷ</span> <span class='ocrx_word' id='word_1_501' title='bbox 3130 2129 3276 2199; x_wconf 73' lang='grc' dir='ltr'>λόγῳ</span> <span class='ocrx_word' id='word_1_502' title='bbox 3310 2128 3368 2193; x_wconf 78' lang='grc' dir='ltr'>ὃς</span> <span class='ocrx_word' id='word_1_503' title='bbox 3411 2129 3720 2199; x_wconf 76' lang='grc' dir='ltr'>ἐπιγέγρα-</span> 
     </span>
    </p>
   </div>
   <div class='ocr_carea' id='block_1_64' title="bbox 2133 2218 3817 2291">
    <p class='ocr_par' dir='ltr' id='par_1_64' title="bbox 2133 2218 3817 2291">
     <span class='ocr_line' id='line_1_64' title="bbox 2133 2218 3817 2291; baseline -0.002 -14"><span class='ocrx_word' id='word_1_504' title='bbox 2133 2240 2284 2289; x_wconf 86' lang='grc' dir='ltr'>πται,</span> <span class='ocrx_word' id='word_1_505' title='bbox 2322 2241 2340 2273; x_wconf 82' lang='grc'><strong><em>‹</em></strong></span> <span class='ocrx_word' id='word_1_506' title='bbox 2378 2221 2637 2290; x_wconf 82' lang='grc' dir='ltr'>Ἔλεγχος</span> <span class='ocrx_word' id='word_1_507' title='bbox 2661 2220 3000 2291; x_wconf 76' lang='grc' dir='ltr'><strong>ὑποκρίσεως</strong></span> <span class='ocrx_word' id='word_1_508' title='bbox 3027 2220 3137 2273; x_wconf 90' lang='grc' dir='ltr'><strong>τῶν</strong></span> <span class='ocrx_word' id='word_1_509' title='bbox 3166 2220 3296 2291; x_wconf 75' lang='grc' dir='ltr'>περὶ</span> <span class='ocrx_word' id='word_1_510' title='bbox 3320 2218 3585 2273; x_wconf 76' lang='grc' dir='ltr'>Μελέτιον</span> <span class='ocrx_word' id='word_1_511' title='bbox 3618 2224 3721 2274; x_wconf 69' lang='grc' dir='ltr'>καὶ</span> <span class='ocrx_word' id='word_1_512' title='bbox 3812 2258 3817 2267; x_wconf 83' lang='grc'>.</span> 
     </span>
    </p>
   </div>
   <div class='ocr_carea' id='block_1_65' title="bbox 2134 2311 3720 2383">
    <p class='ocr_par' dir='ltr' id='par_1_65' title="bbox 2134 2311 3720 2383">
     <span class='ocr_line' id='line_1_65' title="bbox 2134 2311 3720 2383; baseline -0.001 -16"><span class='ocrx_word' id='word_1_513' title='bbox 2134 2314 2413 2379; x_wconf 77' lang='grc' dir='ltr'>Εὑσέδιον,</span> <span class='ocrx_word' id='word_1_514' title='bbox 2458 2332 2478 2366; x_wconf 75' lang='grc' dir='ltr'><strong>ι</strong></span> <span class='ocrx_word' id='word_1_515' title='bbox 2508 2312 2568 2365; x_wconf 75' lang='grc' dir='ltr'>οὗ</span> <span class='ocrx_word' id='word_1_516' title='bbox 2600 2314 2632 2383; x_wconf 73' lang='grc' dir='ltr'><strong>ἡ</strong></span> <span class='ocrx_word' id='word_1_517' title='bbox 2663 2313 2829 2383; x_wconf 76' lang='grc' dir='ltr'>ἀρχὴ,</span> <span class='ocrx_word' id='word_1_518' title='bbox 2863 2331 2880 2363; x_wconf 78' lang='lat' dir='ltr'><strong>t</strong></span> <span class='ocrx_word' id='word_1_519' title='bbox 2934 2311 3256 2383; x_wconf 81' lang='grc' dir='ltr'>Ἀνθρωπος</span> <span class='ocrx_word' id='word_1_520' title='bbox 3300 2312 3423 2365; x_wconf 81' lang='grc' dir='ltr'>καθ’</span> <span class='ocrx_word' id='word_1_521' title='bbox 3449 2312 3720 2383; x_wconf 81' lang='grc' dir='ltr'>ὁμοίωσιν</span> 
     </span>
    </p>
   </div>
   <div class='ocr_carea' id='block_1_66' title="bbox 2132 2400 3719 2476">
    <p class='ocr_par' dir='ltr' id='par_1_66' title="bbox 2132 2400 3719 2476">
     <span class='ocr_line' id='line_1_66' title="bbox 2132 2400 3719 2476; baseline 0.001 -18"><span class='ocrx_word' id='word_1_522' title='bbox 2132 2405 2268 2460; x_wconf 85' lang='grc' dir='ltr'>Θεοῦ</span> <span class='ocrx_word' id='word_1_523' title='bbox 2295 2407 2511 2476; x_wconf 88' lang='grc' dir='ltr'>γέγονε,</span> <span class='ocrx_word' id='word_1_524' title='bbox 2547 2424 2566 2457; x_wconf 77' lang='grc' dir='ltr'><strong>ι</strong></span> <span class='ocrx_word' id='word_1_525' title='bbox 2619 2404 2785 2475; x_wconf 83' lang='grc' dir='ltr'>φησίν</span> <span class='ocrx_word' id='word_1_526' title='bbox 2806 2421 2819 2436; x_wconf 77' lang='grc'><strong><em>⁸</em></strong></span> <span class='ocrx_word' id='word_1_527' title='bbox 2862 2423 2880 2456; x_wconf 84' lang='lat' dir='ltr'><strong>t</strong></span> <span class='ocrx_word' id='word_1_528' title='bbox 2913 2400 3022 2458; x_wconf 84' lang='grc' dir='ltr'>Ἦν</span> <span class='ocrx_word' id='word_1_529' title='bbox 3052 2403 3109 2457; x_wconf 84' lang='grc' dir='ltr'>δὲ</span> <span class='ocrx_word' id='word_1_530' title='bbox 3148 2403 3407 2458; x_wconf 75' lang='grc' dir='ltr'>ἀδύνατον</span> <span class='ocrx_word' id='word_1_531' title='bbox 3439 2407 3497 2457; x_wconf 81' lang='grc' dir='ltr'>ὲν</span> <span class='ocrx_word' id='word_1_532' title='bbox 3525 2408 3589 2476; x_wconf 76' lang='grc' dir='ltr'>τῇ</span> <span class='ocrx_word' id='word_1_533' title='bbox 3616 2406 3719 2475; x_wconf 69' lang='grc' dir='ltr'>τῆς</span> 
     </span>
    </p>
   </div>
   <div class='ocr_carea' id='block_1_67' title="bbox 2132 2495 3722 2569">
    <p class='ocr_par' dir='ltr' id='par_1_67' title="bbox 2132 2495 3722 2569">
     <span class='ocr_line' id='line_1_67' title="bbox 2132 2495 3722 2569; baseline 0.001 -19"><span class='ocrx_word' id='word_1_534' title='bbox 2132 2497 2362 2565; x_wconf 85' lang='grc' dir='ltr'>Τριάδος</span> <span class='ocrx_word' id='word_1_535' title='bbox 2388 2498 2514 2569; x_wconf 73' lang='grc' dir='ltr'>δόξῃ</span> <span class='ocrx_word' id='word_1_536' title='bbox 2546 2497 2606 2550; x_wconf 81' lang='grc' dir='ltr'>τὸ</span> <span class='ocrx_word' id='word_1_537' title='bbox 2639 2496 2861 2565; x_wconf 87' lang='grc' dir='ltr'>Πνεῦμα</span> <span class='ocrx_word' id='word_1_538' title='bbox 2894 2495 3240 2562; x_wconf 79' lang='grc' dir='ltr'>δοξάζεσθαι,</span> <span class='ocrx_word' id='word_1_539' title='bbox 3277 2496 3354 2568; x_wconf 77' lang='grc' dir='ltr'>μὴ</span> <span class='ocrx_word' id='word_1_540' title='bbox 3402 2497 3722 2567; x_wconf 76' lang='grc' dir='ltr'>προοδεκὼς</span> 
     </span>
    </p>
   </div>
   <div class='ocr_carea' id='block_1_68' title="bbox 2131 2584 3721 2657">
    <p class='ocr_par' dir='ltr' id='par_1_68' title="bbox 2131 2584 3721 2657">
     <span class='ocr_line' id='line_1_68' title="bbox 2131 2584 3721 2657; baseline 0.003 -19"><span class='ocrx_word' id='word_1_541' title='bbox 2131 2584 2193 2638; x_wconf 73' lang='grc' dir='ltr'>ὃν</span> <span class='ocrx_word' id='word_1_542' title='bbox 2221 2586 2285 2638; x_wconf 82' lang='grc' dir='ltr'>ὲκ</span> <span class='ocrx_word' id='word_1_543' title='bbox 2308 2584 2444 2639; x_wconf 86' lang='grc' dir='ltr'>Θεοῦ</span> <span class='ocrx_word' id='word_1_544' title='bbox 2474 2585 2543 2639; x_wconf 79' lang='grc' dir='ltr'>δι’</span> <span class='ocrx_word' id='word_1_545' title='bbox 2581 2584 2737 2652; x_wconf 82' lang='grc' dir='ltr'>Υίοῦ,</span> <span class='ocrx_word' id='word_1_546' title='bbox 2772 2584 2909 2639; x_wconf 79' lang='grc' dir='ltr'>ἀλλὰ</span> <span class='ocrx_word' id='word_1_547' title='bbox 2947 2585 3254 2657; x_wconf 77' lang='grc' dir='ltr'>ποιητικῶς</span> <span class='ocrx_word' id='word_1_548' title='bbox 3280 2588 3348 2639; x_wconf 84' lang='grc' dir='ltr'>ἐκ</span> <span class='ocrx_word' id='word_1_549' title='bbox 3382 2586 3518 2641; x_wconf 81' lang='grc' dir='ltr'>Θεοῦ</span> <span class='ocrx_word' id='word_1_550' title='bbox 3554 2605 3721 2657; x_wconf 84' lang='grc' dir='ltr'>γεγο-</span> 
     </span>
    </p>
   </div>
   <div class='ocr_carea' id='block_1_69' title="bbox 2135 2677 2712 2745">
    <p class='ocr_par' dir='ltr' id='par_1_69' title="bbox 2135 2677 2712 2745">
     <span class='ocr_line' id='line_1_69' title="bbox 2135 2677 2712 2745; baseline -0.003 -15"><span class='ocrx_word' id='word_1_551' title='bbox 2135 2678 2242 2741; x_wconf 76' lang='grc' dir='ltr'>νὸς,</span> <span class='ocrx_word' id='word_1_552' title='bbox 2279 2678 2353 2741; x_wconf 84' lang='grc' dir='ltr'>ὡς</span> <span class='ocrx_word' id='word_1_553' title='bbox 2383 2677 2650 2745; x_wconf 77' lang='grc' dir='ltr'>λέγουσιν.</span> <span class='ocrx_word' id='word_1_554' title='bbox 2693 2696 2712 2728; x_wconf 77' lang='grc' dir='ltr'><strong>ι</strong></span> 
     </span>
    </p>
   </div>
   <div class='ocr_carea' id='block_1_70' title="bbox 2223 2764 3723 2840">
    <p class='ocr_par' dir='ltr' id='par_1_70' title="bbox 2223 2764 3723 2840">
     <span class='ocr_line' id='line_1_70' title="bbox 2223 2764 3723 2840; baseline 0.001 -17"><span class='ocrx_word' id='word_1_555' title='bbox 2223 2767 2282 2823; x_wconf 83' lang='grc' dir='ltr'>Ὀ</span> <span class='ocrx_word' id='word_1_556' title='bbox 2310 2768 2471 2832; x_wconf 72' lang='grc' dir='ltr'>αὐτὸς</span> <span class='ocrx_word' id='word_1_557' title='bbox 2504 2770 2560 2821; x_wconf 81' lang='grc' dir='ltr'>ὲν</span> <span class='ocrx_word' id='word_1_558' title='bbox 2660 2766 2934 2822; x_wconf 76' lang='grc' dir='ltr'>ἐκτίθεται</span> <span class='ocrx_word' id='word_1_559' title='bbox 2984 2768 3219 2834; x_wconf 82' lang='grc' dir='ltr'>διαλέξει</span> <span class='ocrx_word' id='word_1_560' title='bbox 3269 2768 3589 2840; x_wconf 82' lang='grc' dir='ltr'>Ὀρθοδόξου</span> <span class='ocrx_word' id='word_1_561' title='bbox 3623 2774 3723 2825; x_wconf 73' lang='grc' dir='ltr'><strong>καὶ</strong></span> 
     </span>
    </p>
   </div>
   <div class='ocr_carea' id='block_1_71' title="bbox 2134 2854 3723 2930">
    <p class='ocr_par' dir='ltr' id='par_1_71' title="bbox 2134 2854 3723 2930">
     <span class='ocr_line' id='line_1_71' title="bbox 2134 2854 3723 2930; baseline -0.001 -16"><span class='ocrx_word' id='word_1_562' title='bbox 2134 2860 2562 2923; x_wconf 74' lang='grc' dir='ltr'>Μακεδονιανοῦ,</span> <span class='ocrx_word' id='word_1_563' title='bbox 2595 2861 2760 2929; x_wconf 79' lang='grc' dir='ltr'>φησίν</span> <span class='ocrx_word' id='word_1_564' title='bbox 2786 2876 2800 2890; x_wconf 87' lang='grc'><strong>·</strong></span> <span class='ocrx_word' id='word_1_565' title='bbox 2837 2880 2856 2912; x_wconf 65' lang='grc' dir='ltr'><strong>ι</strong></span> <span class='ocrx_word' id='word_1_566' title='bbox 2882 2859 3007 2912; x_wconf 76' lang='grc' dir='ltr'><strong>Ἐὰν</strong></span> <span class='ocrx_word' id='word_1_567' title='bbox 3032 2859 3218 2930; x_wconf 78' lang='grc' dir='ltr'>δειχθῇ</span> <span class='ocrx_word' id='word_1_568' title='bbox 3249 2859 3347 2926; x_wconf 71' lang='grc' dir='ltr'>τῆς</span> <span class='ocrx_word' id='word_1_569' title='bbox 3376 2860 3548 2930; x_wconf 78' lang='grc' dir='ltr'>αὐτῆς</span> <span class='ocrx_word' id='word_1_570' title='bbox 3574 2854 3723 2913; x_wconf 78' lang='grc' dir='ltr'>εἶναι</span> 
     </span>
    </p>
   </div>
   <div class='ocr_carea' id='block_1_72' title="bbox 2137 2938 3725 3022">
    <p class='ocr_par' dir='ltr' id='par_1_72' title="bbox 2137 2938 3725 3022">
     <span class='ocr_line' id='line_1_72' title="bbox 2137 2938 3725 3022; baseline -0.003 -16"><span class='ocrx_word' id='word_1_571' title='bbox 2137 2954 2352 3022; x_wconf 77' lang='grc' dir='ltr'>φύσεως</span> <span class='ocrx_word' id='word_1_572' title='bbox 2401 2955 2495 3005; x_wconf 77' lang='grc' dir='ltr'><strong>καὶ</strong></span> <span class='ocrx_word' id='word_1_573' title='bbox 2555 2952 2811 3021; x_wconf 81' lang='grc' dir='ltr'>θεότητος</span> <span class='ocrx_word' id='word_1_574' title='bbox 2862 2952 2938 3022; x_wconf 81' lang='grc' dir='ltr'>τῷ</span> <span class='ocrx_word' id='word_1_575' title='bbox 2985 2938 3099 3021; x_wconf 80' lang='grc' dir='ltr'><strong>Υἱῷ</strong></span> <span class='ocrx_word' id='word_1_576' title='bbox 3142 2954 3234 3005; x_wconf 76' lang='grc' dir='ltr'><strong>καὶ</strong></span> <span class='ocrx_word' id='word_1_577' title='bbox 3292 2950 3370 3022; x_wconf 83' lang='grc' dir='ltr'>τῷ</span> <span class='ocrx_word' id='word_1_578' title='bbox 3424 2952 3725 3021; x_wconf 47' lang='grc' dir='ltr'>Πατρὶδτὸ</span> 
     </span>
    </p>
   </div>
   <div class='ocr_carea' id='block_1_73' title="bbox 2137 3041 3725 3116">
    <p class='ocr_par' dir='ltr' id='par_1_73' title="bbox 2137 3041 3725 3116">
     <span class='ocr_line' id='line_1_73' title="bbox 2137 3041 3725 3116; baseline -0.002 -19"><span class='ocrx_word' id='word_1_579' title='bbox 2137 3044 2379 3115; x_wconf 85' lang='grc' dir='ltr'>Πνεῦμα,</span> <span class='ocrx_word' id='word_1_580' title='bbox 2413 3044 2475 3096; x_wconf 84' lang='grc' dir='ltr'><strong>τὸ</strong></span> <span class='ocrx_word' id='word_1_581' title='bbox 2507 3042 2565 3109; x_wconf 80' lang='grc' dir='ltr'><strong>ἐξ</strong></span> <span class='ocrx_word' id='word_1_582' title='bbox 2586 3042 2749 3097; x_wconf 82' lang='grc' dir='ltr'>αὐτοῦ</span> <span class='ocrx_word' id='word_1_583' title='bbox 2772 3043 2866 3095; x_wconf 85' lang='grc' dir='ltr'><strong>τοῦ</strong></span> <span class='ocrx_word' id='word_1_584' title='bbox 2894 3043 3104 3112; x_wconf 73' lang='grc' dir='ltr'>Πατρὸς</span> <span class='ocrx_word' id='word_1_585' title='bbox 3146 3042 3232 3096; x_wconf 82' lang='grc' dir='ltr'>διὰ</span> <span class='ocrx_word' id='word_1_586' title='bbox 3258 3043 3350 3097; x_wconf 84' lang='grc' dir='ltr'><strong>τοῦ</strong></span> <span class='ocrx_word' id='word_1_587' title='bbox 3394 3041 3521 3116; x_wconf 68' lang='grc' dir='ltr'>Υξοῦ</span> <span class='ocrx_word' id='word_1_588' title='bbox 3553 3043 3725 3112; x_wconf 80' lang='grc' dir='ltr'><strong>ὲκχυ-</strong></span> 
     </span>
    </p>
   </div>
   <div class='ocr_carea' id='block_1_74' title="bbox 2060 3136 3725 3219">
    <p class='ocr_par' dir='ltr' id='par_1_74' title="bbox 2060 3136 3725 3219">
     <span class='ocr_line' id='line_1_74' title="bbox 2060 3136 3725 3219; baseline -0.002 -29"><span class='ocrx_word' id='word_1_589' title='bbox 2060 3161 2101 3219; x_wconf 73' lang='lat' dir='ltr'><strong><em>C</em></strong></span> <span class='ocrx_word' id='word_1_590' title='bbox 2138 3138 2248 3202; x_wconf 76' lang='grc' dir='ltr'>θεν,</span> <span class='ocrx_word' id='word_1_591' title='bbox 2267 3138 2360 3191; x_wconf 74' lang='grc' dir='ltr'><strong>καὶ</strong></span> <span class='ocrx_word' id='word_1_592' title='bbox 2380 3141 2752 3208; x_wconf 73' lang='grc' dir='ltr'>προσκυνητὺν</span> <span class='ocrx_word' id='word_1_593' title='bbox 2770 3137 2863 3191; x_wconf 75' lang='grc' dir='ltr'>καὶ</span> <span class='ocrx_word' id='word_1_594' title='bbox 2881 3136 3175 3206; x_wconf 83' lang='grc' dir='ltr'>λατρευτὸν</span> <span class='ocrx_word' id='word_1_595' title='bbox 3193 3137 3667 3209; x_wconf 75' lang='grc' dir='ltr'>ἀποδειχθήσεται.</span> <span class='ocrx_word' id='word_1_596' title='bbox 3700 3155 3725 3187; x_wconf 69' lang='grc' dir='ltr'><strong>ι</strong></span> 
     </span>
    </p>
   </div>
   <div class='ocr_carea' id='block_1_75' title="bbox 2215 3226 3720 3301">
    <p class='ocr_par' dir='ltr' id='par_1_75' title="bbox 2215 3226 3720 3301">
     <span class='ocr_line' id='line_1_75' title="bbox 2215 3226 3720 3301; baseline 0.004 -20"><span class='ocrx_word' id='word_1_597' title='bbox 2215 3226 2272 3281; x_wconf 87' lang='grc' dir='ltr'>Ὁ</span> <span class='ocrx_word' id='word_1_598' title='bbox 2321 3229 2748 3299; x_wconf 82' lang='grc' dir='ltr'>Θαυματουργὸς</span> <span class='ocrx_word' id='word_1_599' title='bbox 2802 3229 3132 3301; x_wconf 79' lang='grc' dir='ltr'>Γρήγοριος,</span> <span class='ocrx_word' id='word_1_600' title='bbox 3178 3231 3236 3283; x_wconf 79' lang='grc' dir='ltr'>ἐν</span> <span class='ocrx_word' id='word_1_601' title='bbox 3282 3230 3361 3301; x_wconf 86' lang='grc' dir='ltr'>τῷ</span> <span class='ocrx_word' id='word_1_602' title='bbox 3417 3233 3562 3301; x_wconf 79' lang='grc' dir='ltr'>λόγῳ</span> <span class='ocrx_word' id='word_1_603' title='bbox 3590 3227 3656 3287; x_wconf 73' lang='grc' dir='ltr'>οὗ</span> <span class='ocrx_word' id='word_1_604' title='bbox 3686 3233 3720 3299; x_wconf 67' lang='grc' dir='ltr'>ἡ</span> 
     </span>
    </p>
   </div>
   <div class='ocr_carea' id='block_1_76' title="bbox 2136 3321 3723 3393">
    <p class='ocr_par' dir='ltr' id='par_1_76' title="bbox 2136 3321 3723 3393">
     <span class='ocr_line' id='line_1_76' title="bbox 2136 3321 3723 3393; baseline 0.002 -18"><span class='ocrx_word' id='word_1_605' title='bbox 2136 3321 2304 3392; x_wconf 80' lang='grc' dir='ltr'>ἀρχὴ,</span> <span class='ocrx_word' id='word_1_606' title='bbox 2354 3339 2372 3372; x_wconf 81' lang='lat' dir='ltr'><strong>t</strong></span> <span class='ocrx_word' id='word_1_607' title='bbox 2416 3321 2697 3390; x_wconf 82' lang='grc' dir='ltr'>Ἐχθιστοι</span> <span class='ocrx_word' id='word_1_608' title='bbox 2730 3322 2825 3374; x_wconf 72' lang='grc' dir='ltr'><strong>καὶ</strong></span> <span class='ocrx_word' id='word_1_609' title='bbox 2869 3322 3146 3393; x_wconf 74' lang='grc' dir='ltr'>ἀλλότριοι</span> <span class='ocrx_word' id='word_1_610' title='bbox 3192 3322 3289 3392; x_wconf 84' lang='grc' dir='ltr'>τῆς</span> <span class='ocrx_word' id='word_1_611' title='bbox 3348 3323 3723 3393; x_wconf 79' lang='grc' dir='ltr'>ἀποστολικῆς</span> 
     </span>
    </p>
   </div>
   <div class='ocr_carea' id='block_1_77' title="bbox 2136 3412 3722 3488">
    <p class='ocr_par' dir='ltr' id='par_1_77' title="bbox 2136 3412 3722 3488">
     <span class='ocr_line' id='line_1_77' title="bbox 2136 3412 3722 3488; baseline 0.002 -22"><span class='ocrx_word' id='word_1_612' title='bbox 2136 3412 2421 3483; x_wconf 84' lang='grc' dir='ltr'>ὁμολογίας</span> <span class='ocrx_word' id='word_1_613' title='bbox 2443 3415 2493 3466; x_wconf 84' lang='grc' dir='ltr'>οἱ</span> <span class='ocrx_word' id='word_1_614' title='bbox 2514 3413 2602 3467; x_wconf 80' lang='grc' dir='ltr'><strong>τὸν</strong></span> <span class='ocrx_word' id='word_1_615' title='bbox 2626 3412 2754 3466; x_wconf 85' lang='grc' dir='ltr'>Υίὸν</span> <span class='ocrx_word' id='word_1_616' title='bbox 2772 3412 2830 3479; x_wconf 82' lang='grc' dir='ltr'><strong>ἐξ</strong></span> <span class='ocrx_word' id='word_1_617' title='bbox 2850 3414 2949 3466; x_wconf 76' lang='grc' dir='ltr'>οὐκ</span> <span class='ocrx_word' id='word_1_618' title='bbox 2970 3414 3140 3467; x_wconf 72' lang='grc' dir='ltr'>ὄντων</span> <span class='ocrx_word' id='word_1_619' title='bbox 3160 3414 3432 3483; x_wconf 79' lang='grc' dir='ltr'>λέγοντες,</span> <span class='ocrx_word' id='word_1_620' title='bbox 3463 3433 3495 3468; x_wconf 65' lang='grc' dir='ltr'><strong>ι</strong></span> <span class='ocrx_word' id='word_1_621' title='bbox 3511 3417 3685 3488; x_wconf 80' lang='grc' dir='ltr'>φησιν</span> <span class='ocrx_word' id='word_1_622' title='bbox 3707 3433 3722 3446; x_wconf 83' lang='lat'>&#39;</span> 
     </span>
    </p>
   </div>
   <div class='ocr_carea' id='block_1_78' title="bbox 2140 3505 3723 3577">
    <p class='ocr_par' dir='ltr' id='par_1_78' title="bbox 2140 3505 3723 3577">
     <span class='ocr_line' id='line_1_78' title="bbox 2140 3505 3723 3577; baseline 0.001 -19"><span class='ocrx_word' id='word_1_623' title='bbox 2140 3526 2159 3558; x_wconf 70' lang='grc' dir='ltr'><strong>ε</strong></span> <span class='ocrx_word' id='word_1_624' title='bbox 2207 3507 2530 3576; x_wconf 75' lang='grc' dir='ltr'>’Δγεννήτου</span> <span class='ocrx_word' id='word_1_625' title='bbox 2563 3505 2663 3576; x_wconf 79' lang='grc' dir='ltr'><strong>μὲν</strong></span> <span class='ocrx_word' id='word_1_626' title='bbox 2695 3505 2849 3570; x_wconf 76' lang='grc' dir='ltr'>ὄντος</span> <span class='ocrx_word' id='word_1_627' title='bbox 2878 3506 2972 3560; x_wconf 88' lang='grc' dir='ltr'><strong>τοῦ</strong></span> <span class='ocrx_word' id='word_1_628' title='bbox 3005 3507 3243 3577; x_wconf 81' lang='grc' dir='ltr'>Πατρὸς,</span> <span class='ocrx_word' id='word_1_629' title='bbox 3270 3506 3633 3577; x_wconf 79' lang='grc' dir='ltr'>γεννηθέντος</span> <span class='ocrx_word' id='word_1_630' title='bbox 3665 3510 3723 3560; x_wconf 75' lang='grc' dir='ltr'><strong>ἑὲ</strong></span> 
     </span>
    </p>
   </div>
   <div class='ocr_carea' id='block_1_79' title="bbox 2137 3596 3723 3679">
    <p class='ocr_par' dir='ltr' id='par_1_79' title="bbox 2137 3596 3723 3679">
     <span class='ocr_line' id='line_1_79' title="bbox 2137 3596 3723 3679; baseline 0.002 -29"><span class='ocrx_word' id='word_1_631' title='bbox 2137 3597 2231 3651; x_wconf 85' lang='grc' dir='ltr'><strong>τοῦ</strong></span> <span class='ocrx_word' id='word_1_632' title='bbox 2259 3596 2387 3650; x_wconf 81' lang='grc' dir='ltr'>Υἰοῦ</span> <span class='ocrx_word' id='word_1_633' title='bbox 2414 3601 2492 3679; x_wconf 53' lang='grc' dir='ltr'><strong>εκ</strong></span> <span class='ocrx_word' id='word_1_634' title='bbox 2533 3596 2626 3652; x_wconf 85' lang='grc' dir='ltr'><strong>τοῦ</strong></span> <span class='ocrx_word' id='word_1_635' title='bbox 2675 3598 2909 3668; x_wconf 82' lang='grc' dir='ltr'>Πατρὸς.</span> <span class='ocrx_word' id='word_1_636' title='bbox 2946 3597 3041 3651; x_wconf 83' lang='grc' dir='ltr'><strong>τοῦ</strong></span> <span class='ocrx_word' id='word_1_637' title='bbox 3069 3615 3129 3651; x_wconf 89' lang='grc' dir='ltr'><strong>τε</strong></span> <span class='ocrx_word' id='word_1_638' title='bbox 3157 3598 3477 3669; x_wconf 87' lang='grc' dir='ltr'>Πνεύματος</span> <span class='ocrx_word' id='word_1_639' title='bbox 3527 3600 3598 3653; x_wconf 80' lang='grc' dir='ltr'>ὲκ</span> <span class='ocrx_word' id='word_1_640' title='bbox 3618 3601 3723 3671; x_wconf 77' lang='grc' dir='ltr'>τῆς</span> 
     </span>
    </p>
   </div>
   <div class='ocr_carea' id='block_1_80' title="bbox 2137 3689 3622 3761">
    <p class='ocr_par' dir='ltr' id='par_1_80' title="bbox 2137 3689 3622 3761">
     <span class='ocr_line' id='line_1_80' title="bbox 2137 3689 3622 3761; baseline 0.001 -17"><span class='ocrx_word' id='word_1_641' title='bbox 2137 3693 2323 3755; x_wconf 78' lang='grc' dir='ltr'>οὐσίας</span> <span class='ocrx_word' id='word_1_642' title='bbox 2353 3691 2444 3744; x_wconf 89' lang='grc' dir='ltr'><strong>τοῦ</strong></span> <span class='ocrx_word' id='word_1_643' title='bbox 2471 3692 2679 3759; x_wconf 73' lang='grc' dir='ltr'>Πλτρδς</span> <span class='ocrx_word' id='word_1_644' title='bbox 2702 3691 2769 3745; x_wconf 82' lang='grc' dir='ltr'>δι’</span> <span class='ocrx_word' id='word_1_645' title='bbox 2798 3690 2925 3743; x_wconf 87' lang='grc' dir='ltr'>Υἱοῦ</span> <span class='ocrx_word' id='word_1_646' title='bbox 2953 3691 3139 3754; x_wconf 83' lang='grc' dir='ltr'>ἀῖδίως</span> <span class='ocrx_word' id='word_1_647' title='bbox 3184 3689 3622 3761; x_wconf 77' lang='grc' dir='ltr'>ὲκπεμφθέντος.</span> 
     </span>
    </p>
   </div>
   <div class='ocr_carea' id='block_1_81' title="bbox 2227 3776 3723 3851">
    <p class='ocr_par' dir='ltr' id='par_1_81' title="bbox 2227 3776 3723 3851">
     <span class='ocr_line' id='line_1_81' title="bbox 2227 3776 3723 3851; baseline -0.001 -14"><span class='ocrx_word' id='word_1_648' title='bbox 2227 3786 2286 3837; x_wconf 87' lang='grc' dir='ltr'>Ὀ</span> <span class='ocrx_word' id='word_1_649' title='bbox 2318 3785 2386 3851; x_wconf 85' lang='grc' dir='ltr'><strong>μέ</strong></span> <span class='ocrx_word' id='word_1_650' title='bbox 2400 3802 2491 3851; x_wconf 62' lang='grc' dir='ltr'>τας</span> <span class='ocrx_word' id='word_1_651' title='bbox 2538 3785 2820 3847; x_wconf 76' lang='grc' dir='ltr'>Βαοίλειος</span> <span class='ocrx_word' id='word_1_652' title='bbox 2847 3786 2905 3838; x_wconf 77' lang='grc' dir='ltr'>ἐν</span> <span class='ocrx_word' id='word_1_653' title='bbox 2954 3785 3035 3836; x_wconf 81' lang='grc' dir='ltr'>ἐνὶ</span> <span class='ocrx_word' id='word_1_654' title='bbox 3080 3783 3189 3837; x_wconf 89' lang='grc' dir='ltr'><strong>τῶν</strong></span> <span class='ocrx_word' id='word_1_655' title='bbox 3227 3782 3565 3850; x_wconf 79' lang='grc' dir='ltr'>κεφαλαίων,</span> <span class='ocrx_word' id='word_1_656' title='bbox 3596 3776 3659 3836; x_wconf 77' lang='grc' dir='ltr'><strong>οῦ</strong></span> <span class='ocrx_word' id='word_1_657' title='bbox 3687 3784 3723 3850; x_wconf 76' lang='grc' dir='ltr'><strong>ἡ</strong></span> 
     </span>
    </p>
   </div>
   <div class='ocr_carea' id='block_1_82' title="bbox 2140 3874 3722 3947">
    <p class='ocr_par' dir='ltr' id='par_1_82' title="bbox 2140 3874 3722 3947">
     <span class='ocr_line' id='line_1_82' title="bbox 2140 3874 3722 3947; baseline 0 -18"><span class='ocrx_word' id='word_1_658' title='bbox 2140 3879 2443 3947; x_wconf 78' lang='grc' dir='ltr'>ἐπιγραφὴ,</span> <span class='ocrx_word' id='word_1_659' title='bbox 2471 3896 2489 3929; x_wconf 82' lang='lat' dir='ltr'><strong>t</strong></span> <span class='ocrx_word' id='word_1_660' title='bbox 2526 3878 2679 3930; x_wconf 77' lang='grc' dir='ltr'>Διατὶ</span> <span class='ocrx_word' id='word_1_661' title='bbox 2715 3877 2791 3947; x_wconf 82' lang='grc' dir='ltr'>μὴ</span> <span class='ocrx_word' id='word_1_662' title='bbox 2817 3880 2911 3931; x_wconf 80' lang='grc' dir='ltr'><strong>καὶ</strong></span> <span class='ocrx_word' id='word_1_663' title='bbox 2943 3877 3004 3930; x_wconf 77' lang='grc' dir='ltr'>τὸ</span> <span class='ocrx_word' id='word_1_664' title='bbox 3031 3875 3259 3945; x_wconf 85' lang='grc' dir='ltr'>Πνεῦμα</span> <span class='ocrx_word' id='word_1_665' title='bbox 3285 3875 3413 3939; x_wconf 83' lang='grc' dir='ltr'>Υἱὸς</span> <span class='ocrx_word' id='word_1_666' title='bbox 3444 3874 3540 3928; x_wconf 88' lang='grc' dir='ltr'><strong>τοῦ</strong></span> <span class='ocrx_word' id='word_1_667' title='bbox 3568 3876 3722 3940; x_wconf 87' lang='grc' dir='ltr'>Υἱοῦ,</span> 
     </span>
    </p>
   </div>
   <div class='ocr_carea' id='block_1_83' title="bbox 2143 3964 3724 4039">
    <p class='ocr_par' dir='ltr' id='par_1_83' title="bbox 2143 3964 3724 4039">
     <span class='ocr_line' id='line_1_83' title="bbox 2143 3964 3724 4039; baseline 0 -19"><span class='ocrx_word' id='word_1_668' title='bbox 2143 3969 2334 4038; x_wconf 74' lang='grc' dir='ltr'><strong>φησιν·</strong></span> <span class='ocrx_word' id='word_1_669' title='bbox 2370 3969 2451 4021; x_wconf 87' lang='grc' dir='ltr'>ὅτι</span> <span class='ocrx_word' id='word_1_670' title='bbox 2495 3968 2556 4020; x_wconf 84' lang='grc' dir='ltr'><strong>οὐ</strong></span> <span class='ocrx_word' id='word_1_671' title='bbox 2605 3967 2693 4021; x_wconf 81' lang='grc' dir='ltr'><strong>διὰ</strong></span> <span class='ocrx_word' id='word_1_672' title='bbox 2742 3968 2802 4020; x_wconf 69' lang='grc' dir='ltr'>τὸ</span> <span class='ocrx_word' id='word_1_673' title='bbox 2839 3966 2917 4039; x_wconf 83' lang='grc' dir='ltr'>μὴ</span> <span class='ocrx_word' id='word_1_674' title='bbox 2952 3964 3092 4019; x_wconf 87' lang='grc' dir='ltr'>εἶναι</span> <span class='ocrx_word' id='word_1_675' title='bbox 3144 3968 3210 4019; x_wconf 74' lang='grc' dir='ltr'>ἐκ</span> <span class='ocrx_word' id='word_1_676' title='bbox 3273 3966 3411 4019; x_wconf 83' lang='grc' dir='ltr'>Θεοῦ</span> <span class='ocrx_word' id='word_1_677' title='bbox 3443 3965 3515 4020; x_wconf 84' lang='grc' dir='ltr'>δι’</span> <span class='ocrx_word' id='word_1_678' title='bbox 3549 3966 3724 4033; x_wconf 83' lang='grc' dir='ltr'>Υίοῦ,</span> 
     </span>
    </p>
   </div>
   <div class='ocr_carea' id='block_1_84' title="bbox 2141 4057 3726 4129">
    <p class='ocr_par' dir='ltr' id='par_1_84' title="bbox 2141 4057 3726 4129">
     <span class='ocr_line' id='line_1_84' title="bbox 2141 4057 3726 4129; baseline -0.003 -14"><span class='ocrx_word' id='word_1_679' title='bbox 2141 4059 2253 4115; x_wconf 75' lang='grc' dir='ltr'>ἀλλ’</span> <span class='ocrx_word' id='word_1_680' title='bbox 2287 4060 2373 4112; x_wconf 86' lang='grc' dir='ltr'><strong>ἴνα</strong></span> <span class='ocrx_word' id='word_1_681' title='bbox 2406 4060 2575 4129; x_wconf 82' lang='grc' dir='ltr'>Τριὰς</span> <span class='ocrx_word' id='word_1_682' title='bbox 2626 4058 2701 4128; x_wconf 80' lang='grc' dir='ltr'>μὴ</span> <span class='ocrx_word' id='word_1_683' title='bbox 2748 4058 2982 4129; x_wconf 76' lang='grc' dir='ltr'>νομισθῇ</span> <span class='ocrx_word' id='word_1_684' title='bbox 3027 4058 3229 4127; x_wconf 82' lang='grc' dir='ltr'>πλῆθος</span> <span class='ocrx_word' id='word_1_685' title='bbox 3278 4059 3531 4129; x_wconf 78' lang='grc' dir='ltr'>ἄπειρον,</span> <span class='ocrx_word' id='word_1_686' title='bbox 3558 4057 3726 4121; x_wconf 81' lang='grc' dir='ltr'>Υἰοὺς</span> 
     </span>
    </p>
   </div>
   <div class='ocr_carea' id='block_1_85' title="bbox 2144 4145 3726 4217">
    <p class='ocr_par' dir='ltr' id='par_1_85' title="bbox 2144 4145 3726 4217">
     <span class='ocr_line' id='line_1_85' title="bbox 2144 4145 3726 4217; baseline -0.002 -15"><span class='ocrx_word' id='word_1_687' title='bbox 2144 4150 2202 4214; x_wconf 77' lang='grc' dir='ltr'>ἐξ</span> <span class='ocrx_word' id='word_1_688' title='bbox 2230 4149 2397 4213; x_wconf 82' lang='grc' dir='ltr'>Υίῶν,</span> <span class='ocrx_word' id='word_1_689' title='bbox 2418 4148 2489 4211; x_wconf 82' lang='grc' dir='ltr'>ὡς</span> <span class='ocrx_word' id='word_1_690' title='bbox 2520 4148 2614 4201; x_wconf 73' lang='grc' dir='ltr'>καὶ</span> <span class='ocrx_word' id='word_1_691' title='bbox 2632 4149 2689 4200; x_wconf 84' lang='grc' dir='ltr'>ὲν</span> <span class='ocrx_word' id='word_1_692' title='bbox 2717 4145 3027 4217; x_wconf 82' lang='grc' dir='ltr'>ἀνθρώποις</span> <span class='ocrx_word' id='word_1_693' title='bbox 3058 4147 3205 4216; x_wconf 75' lang='grc' dir='ltr'>ἔχειν</span> <span class='ocrx_word' id='word_1_694' title='bbox 3230 4145 3665 4201; x_wconf 83' lang='grc' dir='ltr'>ὑποπτευθεῖσα.</span> <span class='ocrx_word' id='word_1_695' title='bbox 3703 4164 3726 4199; x_wconf 71' lang='grc' dir='ltr'><strong>ι</strong></span> 
     </span>
    </p>
   </div>
   <div class='ocr_carea' id='block_1_86' title="bbox 2146 4238 3731 4310">
    <p class='ocr_par' dir='ltr' id='par_1_86' title="bbox 2146 4238 3731 4310">
     <span class='ocr_line' id='line_1_86' title="bbox 2146 4238 3731 4310; baseline -0.003 -16"><span class='ocrx_word' id='word_1_696' title='bbox 2146 4243 2251 4295; x_wconf 75' lang='grc' dir='ltr'>Καὶ</span> <span class='ocrx_word' id='word_1_697' title='bbox 2280 4241 2397 4310; x_wconf 88' lang='grc' dir='ltr'>μετ’</span> <span class='ocrx_word' id='word_1_698' title='bbox 2429 4242 2609 4308; x_wconf 75' lang='grc' dir='ltr'>ὀλίγαο</span> <span class='ocrx_word' id='word_1_699' title='bbox 2631 4260 2649 4292; x_wconf 82' lang='lat' dir='ltr'><strong>t</strong></span> <span class='ocrx_word' id='word_1_700' title='bbox 2672 4242 2769 4294; x_wconf 75' lang='grc' dir='ltr'><strong>Διὰ</strong></span> <span class='ocrx_word' id='word_1_701' title='bbox 2797 4238 2957 4292; x_wconf 89' lang='grc' dir='ltr'>τοῦτο</span> <span class='ocrx_word' id='word_1_702' title='bbox 2982 4238 3042 4291; x_wconf 81' lang='grc' dir='ltr'><strong>τὸ</strong></span> <span class='ocrx_word' id='word_1_703' title='bbox 3066 4239 3240 4308; x_wconf 74' lang='grc' dir='ltr'>μὲνὲκ</span> <span class='ocrx_word' id='word_1_704' title='bbox 3255 4238 3389 4291; x_wconf 88' lang='grc' dir='ltr'>Θεοῦ</span> <span class='ocrx_word' id='word_1_705' title='bbox 3412 4238 3475 4291; x_wconf 82' lang='grc' dir='ltr'><strong>τὸ</strong></span> <span class='ocrx_word' id='word_1_706' title='bbox 3499 4238 3731 4307; x_wconf 83' lang='grc' dir='ltr'>Πνεῦμα</span> 
     </span>
    </p>
   </div>
   <div class='ocr_carea' id='block_1_87' title="bbox 2146 4327 3731 4403">
    <p class='ocr_par' dir='ltr' id='par_1_87' title="bbox 2146 4327 3731 4403">
     <span class='ocr_line' id='line_1_87' title="bbox 2146 4327 3731 4403; baseline -0.003 -17"><span class='ocrx_word' id='word_1_707' title='bbox 2146 4332 2282 4388; x_wconf 76' lang='grc' dir='ltr'>εἶναι</span> <span class='ocrx_word' id='word_1_708' title='bbox 2335 4334 2546 4403; x_wconf 75' lang='grc' dir='ltr'>τρανῶς</span> <span class='ocrx_word' id='word_1_709' title='bbox 2596 4331 2861 4403; x_wconf 72' lang='grc' dir='ltr'>ἐκήρυξεν</span> <span class='ocrx_word' id='word_1_710' title='bbox 2892 4335 2920 4385; x_wconf 85' lang='grc' dir='ltr'>ὁ</span> <span class='ocrx_word' id='word_1_711' title='bbox 2962 4330 3286 4393; x_wconf 80' lang='grc' dir='ltr'>Ἀπόστολος</span> <span class='ocrx_word' id='word_1_712' title='bbox 3339 4329 3539 4398; x_wconf 86' lang='grc' dir='ltr'>λέγων,</span> <span class='ocrx_word' id='word_1_713' title='bbox 3583 4346 3602 4380; x_wconf 81' lang='lat' dir='ltr'><strong>t</strong></span> <span class='ocrx_word' id='word_1_714' title='bbox 3654 4327 3731 4382; x_wconf 80' lang='grc' dir='ltr'><strong>Τὸ</strong></span> 
     </span>
    </p>
   </div>
   <div class='ocr_carea' id='block_1_88' title="bbox 468 4417 2032 4517">
    <p class='ocr_par' dir='ltr' id='par_1_88' title="bbox 468 4417 2032 4495">
     <span class='ocr_line' id='line_1_88' title="bbox 468 4417 2032 4495; baseline -0.009 -13"><span class='ocrx_word' id='word_1_715' title='bbox 468 4428 669 4482; x_wconf 69' lang='lat' dir='ltr'><strong>ditavit</strong></span> <span class='ocrx_word' id='word_1_716' title='bbox 710 4424 1027 4495; x_wconf 86' lang='lat' dir='ltr'><strong>Apostolus,</strong></span> <span class='ocrx_word' id='word_1_717' title='bbox 1058 4421 1243 4476; x_wconf 87' lang='lat' dir='ltr'><strong>dicens</strong></span> <span class='ocrx_word' id='word_1_718' title='bbox 1271 4438 1284 4474; x_wconf 90' lang='lat'>:</span> <span class='ocrx_word' id='word_1_719' title='bbox 1322 4437 1340 4471; x_wconf 83' lang='lat' dir='ltr'><strong>t</strong></span> <span class='ocrx_word' id='word_1_720' title='bbox 1378 4420 1667 4489; x_wconf 89' lang='lat' dir='ltr'><strong>Spiritum,</strong></span> <span class='ocrx_word' id='word_1_721' title='bbox 1696 4418 1790 4487; x_wconf 91' lang='lat' dir='ltr'><strong>qui</strong></span> <span class='ocrx_word' id='word_1_722' title='bbox 1834 4433 1902 4473; x_wconf 80' lang='lat' dir='ltr'><strong>ex</strong></span> <span class='ocrx_word' id='word_1_723' title='bbox 1930 4417 2032 4469; x_wconf 77' lang='lat' dir='ltr'><strong>Deo</strong></span> 
     </span>
    </p>
   </div>
   <div class='ocr_carea' id='block_1_89' title="bbox 2145 4417 3728 4517">
    <p class='ocr_par' dir='ltr' id='par_1_89' title="bbox 2151 4420 3728 4491">
     <span class='ocr_line' id='line_1_89' title="bbox 2151 4420 3728 4491; baseline -0.004 -12"><span class='ocrx_word' id='word_1_724' title='bbox 2151 4427 2371 4487; x_wconf 78' lang='grc' dir='ltr'>Πνεῦμα</span> <span class='ocrx_word' id='word_1_725' title='bbox 2399 4425 2459 4477; x_wconf 85' lang='grc' dir='ltr'><strong>τὸ</strong></span> <span class='ocrx_word' id='word_1_726' title='bbox 2493 4426 2557 4476; x_wconf 80' lang='grc' dir='ltr'>ἐκ</span> <span class='ocrx_word' id='word_1_727' title='bbox 2583 4424 2677 4479; x_wconf 85' lang='grc' dir='ltr'><strong>τοῦ</strong></span> <span class='ocrx_word' id='word_1_728' title='bbox 2728 4424 2866 4476; x_wconf 82' lang='grc' dir='ltr'>Θεοῦ</span> <span class='ocrx_word' id='word_1_729' title='bbox 2927 4422 3218 4491; x_wconf 80' lang='grc' dir='ltr'>ἐλάϐομεν,</span> <span class='ocrx_word' id='word_1_730' title='bbox 3256 4422 3352 4474; x_wconf 79' lang='grc' dir='ltr'>καὶ</span> <span class='ocrx_word' id='word_1_731' title='bbox 3399 4421 3461 4473; x_wconf 81' lang='grc' dir='ltr'>τὸ</span> <span class='ocrx_word' id='word_1_732' title='bbox 3489 4421 3559 4475; x_wconf 82' lang='grc' dir='ltr'>δι’</span> <span class='ocrx_word' id='word_1_733' title='bbox 3599 4420 3728 4473; x_wconf 85' lang='grc' dir='ltr'>Υἱοῦ</span> 
     </span>
    </p>
   </div>
   <div class='ocr_carea' id='block_1_90' title="bbox 466 4509 2032 4588">
    <p class='ocr_par' dir='ltr' id='par_1_90' title="bbox 466 4509 2032 4588">
     <span class='ocr_line' id='line_1_90' title="bbox 466 4509 2032 4588; baseline -0.01 -14"><span class='ocrx_word' id='word_1_734' title='bbox 466 4532 569 4585; x_wconf 83' lang='lat' dir='ltr'><strong>est,</strong></span> <span class='ocrx_word' id='word_1_735' title='bbox 600 4515 952 4588; x_wconf 67' lang='lat' dir='ltr'><strong>accepimus“</strong></span> <span class='ocrx_word' id='word_1_736' title='bbox 987 4533 1001 4568; x_wconf 87' lang='lat'><strong>:</strong></span> <span class='ocrx_word' id='word_1_737' title='bbox 1037 4533 1054 4565; x_wconf 74' lang='grc' dir='ltr'><strong>ι</strong></span> <span class='ocrx_word' id='word_1_738' title='bbox 1084 4524 1137 4568; x_wconf 90' lang='lat' dir='ltr'><strong>et</strong></span> <span class='ocrx_word' id='word_1_739' title='bbox 1169 4528 1264 4581; x_wconf 88' lang='lat' dir='ltr'><strong>per</strong></span> <span class='ocrx_word' id='word_1_740' title='bbox 1294 4511 1494 4564; x_wconf 88' lang='lat' dir='ltr'><strong>Filium</strong></span> <span class='ocrx_word' id='word_1_741' title='bbox 1524 4509 1794 4565; x_wconf 83' lang='lat' dir='ltr'><strong>ell&#39;ulsisse</strong></span> <span class='ocrx_word' id='word_1_742' title='bbox 1826 4510 2032 4563; x_wconf 85' lang='lat' dir='ltr'><strong>clarum</strong></span> 
     </span>
    </p>
   </div>
   <div class='ocr_carea' id='block_1_91' title="bbox 2145 4509 3730 4588">
    <p class='ocr_par' dir='ltr' id='par_1_91' title="bbox 2151 4511 3730 4585">
     <span class='ocr_line' id='line_1_91' title="bbox 2151 4511 3730 4585; baseline -0.002 -17"><span class='ocrx_word' id='word_1_743' title='bbox 2151 4517 2443 4585; x_wconf 64' lang='grc' dir='ltr'>πεφηνέναι</span> <span class='ocrx_word' id='word_1_744' title='bbox 2474 4519 2640 4583; x_wconf 80' lang='grc' dir='ltr'>σαφὲς</span> <span class='ocrx_word' id='word_1_745' title='bbox 2675 4513 2994 4583; x_wconf 81' lang='grc' dir='ltr'>πεποίηκεν,</span> <span class='ocrx_word' id='word_1_746' title='bbox 3033 4511 3164 4566; x_wconf 89' lang='grc' dir='ltr'>Υίοῦ</span> <span class='ocrx_word' id='word_1_747' title='bbox 3196 4511 3418 4581; x_wconf 85' lang='grc' dir='ltr'>πνεῦμα</span> <span class='ocrx_word' id='word_1_748' title='bbox 3449 4511 3730 4582; x_wconf 78' lang='grc' dir='ltr'>ὀνομάσας</span> 
     </span>
    </p>
   </div>
   <div class='ocr_carea' id='block_1_92' title="bbox 469 4595 2043 4676">
    <p class='ocr_par' dir='ltr' id='par_1_92' title="bbox 469 4595 2043 4676">
     <span class='ocr_line' id='line_1_92' title="bbox 469 4595 2043 4676; baseline -0.01 -11"><span class='ocrx_word' id='word_1_749' title='bbox 469 4595 617 4676; x_wconf 84' lang='lat' dir='ltr'><strong>fecit,</strong></span> <span class='ocrx_word' id='word_1_750' title='bbox 644 4624 768 4664; x_wconf 88' lang='lat' dir='ltr'><strong>cum</strong></span> <span class='ocrx_word' id='word_1_751' title='bbox 798 4606 920 4662; x_wconf 70' lang='lat' dir='ltr'><strong>Filii</strong></span> <span class='ocrx_word' id='word_1_752' title='bbox 958 4605 1247 4675; x_wconf 87' lang='lat' dir='ltr'><strong>Spiritum,</strong></span> <span class='ocrx_word' id='word_1_753' title='bbox 1281 4604 1422 4658; x_wconf 90' lang='lat' dir='ltr'><strong>sicut</strong></span> <span class='ocrx_word' id='word_1_754' title='bbox 1445 4600 1539 4656; x_wconf 83' lang='lat' dir='ltr'><strong>Dei</strong></span> <span class='ocrx_word' id='word_1_755' title='bbox 1576 4602 1755 4671; x_wconf 90' lang='lat' dir='ltr'><strong>ipsum</strong></span> <span class='ocrx_word' id='word_1_756' title='bbox 1790 4599 2043 4653; x_wconf 82' lang='lat' dir='ltr'><strong>nomina-</strong></span> 
     </span>
    </p>
   </div>
   <div class='ocr_carea' id='block_1_93' title="bbox 470 4687 2043 4766">
    <p class='ocr_par' dir='ltr' id='par_1_93' title="bbox 470 4687 2043 4766">
     <span class='ocr_line' id='line_1_93' title="bbox 470 4687 2043 4766; baseline -0.008 -11"><span class='ocrx_word' id='word_1_757' title='bbox 470 4706 568 4766; x_wconf 68' lang='lat' dir='ltr'><strong>vit,</strong></span> <span class='ocrx_word' id='word_1_758' title='bbox 618 4712 673 4754; x_wconf 89' lang='lat' dir='ltr'><strong>ct</strong></span> <span class='ocrx_word' id='word_1_759' title='bbox 728 4711 967 4753; x_wconf 88' lang='lat' dir='ltr'><strong>mentem</strong></span> <span class='ocrx_word' id='word_1_760' title='bbox 1012 4695 1217 4751; x_wconf 85' lang='lat' dir='ltr'><strong>Christi</strong></span> <span class='ocrx_word' id='word_1_761' title='bbox 1278 4692 1592 4764; x_wconf 88' lang='lat' dir='ltr'><strong>appellavit,</strong></span> <span class='ocrx_word' id='word_1_762' title='bbox 1649 4690 1795 4745; x_wconf 88' lang='lat' dir='ltr'><strong>sicut</strong></span> <span class='ocrx_word' id='word_1_763' title='bbox 1842 4696 1896 4744; x_wconf 89' lang='lat' dir='ltr'><strong>et</strong></span> <span class='ocrx_word' id='word_1_764' title='bbox 1950 4687 2043 4742; x_wconf 76' lang='grc' dir='ltr'><strong>ὓυὶ</strong></span> 
     </span>
    </p>
   </div>
   <div class='ocr_carea' id='block_1_94' title="bbox 472 4777 2045 4861">
    <p class='ocr_par' dir='ltr' id='par_1_94' title="bbox 472 4777 2045 4861">
     <span class='ocr_line' id='line_1_94' title="bbox 472 4777 2045 4861; baseline -0.008 -16"><span class='ocrx_word' id='word_1_765' title='bbox 472 4791 762 4861; x_wconf 78' lang='lat' dir='ltr'><strong>Spiritum,</strong></span> <span class='ocrx_word' id='word_1_766' title='bbox 811 4796 872 4841; x_wconf 91' lang='lat' dir='ltr'><strong>ut</strong></span> <span class='ocrx_word' id='word_1_767' title='bbox 925 4785 1181 4841; x_wconf 86' lang='lat' dir='ltr'><strong>hominis.</strong></span> <span class='ocrx_word' id='word_1_768' title='bbox 1226 4801 1245 4834; x_wconf 84' lang='grc'><strong>›</strong></span> <span class='ocrx_word' id='word_1_769' title='bbox 1287 4781 1355 4835; x_wconf 87' lang='lat' dir='ltr'><strong>Et</strong></span> <span class='ocrx_word' id='word_1_770' title='bbox 1402 4789 1523 4850; x_wconf 91' lang='lat' dir='ltr'><strong>post</strong></span> <span class='ocrx_word' id='word_1_771' title='bbox 1574 4793 1791 4849; x_wconf 81' lang='lat' dir='ltr'><strong>pauca:</strong></span> <span class='ocrx_word' id='word_1_772' title='bbox 1828 4797 1847 4830; x_wconf 71' lang='grc' dir='ltr'><strong>ε</strong></span> <span class='ocrx_word' id='word_1_773' title='bbox 1892 4777 2045 4833; x_wconf 85' lang='lat' dir='ltr'><strong>Unus</strong></span> 
     </span>
    </p>
   </div>
   <div class='ocr_carea' id='block_1_95' title="bbox 471 4871 2043 4950">
    <p class='ocr_par' dir='ltr' id='par_1_95' title="bbox 471 4871 2043 4950">
     <span class='ocr_line' id='line_1_95' title="bbox 471 4871 2043 4950; baseline -0.009 -14"><span class='ocrx_word' id='word_1_774' title='bbox 471 4898 599 4938; x_wconf 84' lang='lat' dir='ltr'><strong>vere</strong></span> <span class='ocrx_word' id='word_1_775' title='bbox 621 4890 676 4937; x_wconf 88' lang='lat' dir='ltr'><strong>et</strong></span> <span class='ocrx_word' id='word_1_776' title='bbox 710 4878 971 4950; x_wconf 89' lang='lat' dir='ltr'><strong>Spiritus,</strong></span> <span class='ocrx_word' id='word_1_777' title='bbox 1004 4880 1097 4948; x_wconf 92' lang='lat' dir='ltr'><strong>qui</strong></span> <span class='ocrx_word' id='word_1_778' title='bbox 1135 4891 1261 4932; x_wconf 79' lang='lat' dir='ltr'><strong>vere</strong></span> <span class='ocrx_word' id='word_1_779' title='bbox 1286 4882 1511 4929; x_wconf 88' lang='lat' dir='ltr'><strong>sanctus</strong></span> <span class='ocrx_word' id='word_1_780' title='bbox 1556 4880 1666 4939; x_wconf 92' lang='lat' dir='ltr'><strong>est,</strong></span> <span class='ocrx_word' id='word_1_781' title='bbox 1699 4871 1795 4941; x_wconf 87' lang='lat' dir='ltr'><strong>qui</strong></span> <span class='ocrx_word' id='word_1_782' title='bbox 1840 4879 1896 4925; x_wconf 90' lang='lat' dir='ltr'><strong>et</strong></span> <span class='ocrx_word' id='word_1_783' title='bbox 1928 4871 2043 4940; x_wconf 89' lang='lat' dir='ltr'><strong>spi-</strong></span> 
     </span>
    </p>
   </div>
   <div class='ocr_carea' id='block_1_96' title="bbox 474 4974 1191 5031">
    <p class='ocr_par' dir='ltr' id='par_1_96' title="bbox 474 4974 1191 5031">
     <span class='ocr_line' id='line_1_96' title="bbox 474 4974 1191 5031; baseline -0.011 -1"><span class='ocrx_word' id='word_1_784' title='bbox 474 4976 610 5031; x_wconf 92' lang='lat' dir='ltr'><strong>ritus</strong></span> <span class='ocrx_word' id='word_1_785' title='bbox 643 4977 754 5029; x_wconf 84' lang='lat' dir='ltr'><strong>oris</strong></span> <span class='ocrx_word' id='word_1_786' title='bbox 795 4974 1130 5027; x_wconf 91' lang='lat' dir='ltr'><strong>nominatur.</strong></span> <span class='ocrx_word' id='word_1_787' title='bbox 1172 4988 1191 5022; x_wconf 74' lang='grc' dir='ltr'><strong>ι</strong></span> 
     </span>
    </p>
   </div>
   <div class='ocr_carea' id='block_1_97' title="bbox 549 5057 2045 5136">
    <p class='ocr_par' dir='ltr' id='par_1_97' title="bbox 549 5057 2045 5136">
     <span class='ocr_line' id='line_1_97' title="bbox 549 5057 2045 5136; baseline -0.007 -14"><span class='ocrx_word' id='word_1_788' title='bbox 549 5070 614 5123; x_wconf 79' lang='lat' dir='ltr'><strong>Et</strong></span> <span class='ocrx_word' id='word_1_789' title='bbox 652 5065 848 5136; x_wconf 86' lang='lat' dir='ltr'><strong>capite,</strong></span> <span class='ocrx_word' id='word_1_790' title='bbox 903 5064 991 5120; x_wconf 85' lang='lat' dir='ltr'><strong>cui</strong></span> <span class='ocrx_word' id='word_1_791' title='bbox 1040 5062 1338 5133; x_wconf 75' lang='lat' dir='ltr'><strong>praeﬁgitur</strong></span> <span class='ocrx_word' id='word_1_792' title='bbox 1370 5077 1385 5114; x_wconf 85' lang='lat'><strong>:</strong></span> <span class='ocrx_word' id='word_1_793' title='bbox 1419 5078 1436 5112; x_wconf 77' lang='grc' dir='ltr'><strong>ι</strong></span> <span class='ocrx_word' id='word_1_794' title='bbox 1486 5058 1601 5115; x_wconf 88' lang='lat' dir='ltr'><strong>Nisi</strong></span> <span class='ocrx_word' id='word_1_795' title='bbox 1659 5057 1921 5129; x_wconf 88' lang='lat' dir='ltr'><strong>Spiritum</strong></span> <span class='ocrx_word' id='word_1_796' title='bbox 1977 5073 2045 5112; x_wconf 76' lang='lat' dir='ltr'><strong>ex</strong></span> 
     </span>
    </p>
   </div>
   <div class='ocr_carea' id='block_1_98' title="bbox 476 5151 2045 5229">
    <p class='ocr_par' dir='ltr' id='par_1_98' title="bbox 476 5151 2045 5229">
     <span class='ocr_line' id='line_1_98' title="bbox 476 5151 2045 5229; baseline -0.006 -15"><span class='ocrx_word' id='word_1_797' title='bbox 476 5161 585 5214; x_wconf 86' lang='lat' dir='ltr'><strong>Deo</strong></span> <span class='ocrx_word' id='word_1_798' title='bbox 618 5161 743 5229; x_wconf 88' lang='lat' dir='ltr'><strong>quis</strong></span> <span class='ocrx_word' id='word_1_799' title='bbox 776 5158 943 5221; x_wconf 83' lang='lat' dir='ltr'><strong>dicat,</strong></span> <span class='ocrx_word' id='word_1_800' title='bbox 994 5170 1093 5210; x_wconf 88' lang='lat' dir='ltr'><strong>nec</strong></span> <span class='ocrx_word' id='word_1_801' title='bbox 1128 5152 1399 5218; x_wconf 84' lang='lat' dir='ltr'><strong>Verbum,</strong></span> <span class='ocrx_word' id='word_1_802' title='bbox 1432 5172 1450 5205; x_wconf 73' lang='grc' dir='ltr'><strong>ι</strong></span> <span class='ocrx_word' id='word_1_803' title='bbox 1489 5153 1623 5207; x_wconf 89' lang='lat' dir='ltr'><strong>dicit</strong></span> <span class='ocrx_word' id='word_1_804' title='bbox 1653 5167 1668 5204; x_wconf 90' lang='lat'><strong>:</strong></span> <span class='ocrx_word' id='word_1_805' title='bbox 1702 5170 1721 5203; x_wconf 75' lang='grc' dir='ltr'><strong>ι</strong></span> <span class='ocrx_word' id='word_1_806' title='bbox 1760 5151 2045 5218; x_wconf 85' lang='lat' dir='ltr'><strong>Quomodo</strong></span> 
     </span>
    </p>
   </div>
   <div class='ocr_carea' id='block_1_99' title="bbox 2148 4602 3733 4674">
    <p class='ocr_par' dir='ltr' id='par_1_99' title="bbox 2148 4602 3733 4674">
     <span class='ocr_line' id='line_1_99' title="bbox 2148 4602 3733 4674; baseline -0.006 -13"><span class='ocrx_word' id='word_1_807' title='bbox 2148 4609 2301 4669; x_wconf 81' lang='grc' dir='ltr'>αὐτὸ,</span> <span class='ocrx_word' id='word_1_808' title='bbox 2347 4605 2599 4674; x_wconf 83' lang='grc' dir='ltr'>καθάπερ</span> <span class='ocrx_word' id='word_1_809' title='bbox 2632 4605 2790 4668; x_wconf 84' lang='grc' dir='ltr'>Θεοῦ,</span> <span class='ocrx_word' id='word_1_810' title='bbox 2823 4606 2918 4656; x_wconf 71' lang='grc' dir='ltr'>καὶ</span> <span class='ocrx_word' id='word_1_811' title='bbox 2953 4603 3077 4656; x_wconf 86' lang='grc' dir='ltr'>νοῦν</span> <span class='ocrx_word' id='word_1_812' title='bbox 3127 4603 3366 4673; x_wconf 87' lang='grc' dir='ltr'>Χριστοῦ</span> <span class='ocrx_word' id='word_1_813' title='bbox 3407 4602 3733 4671; x_wconf 78' lang='grc' dir='ltr'>προσειπὼν</span> 
     </span>
    </p>
   </div>
   <div class='ocr_carea' id='block_1_100' title="bbox 2152 4693 3735 4765">
    <p class='ocr_par' dir='ltr' id='par_1_100' title="bbox 2152 4693 3735 4765">
     <span class='ocr_line' id='line_1_100' title="bbox 2152 4693 3735 4765; baseline -0.003 -15"><span class='ocrx_word' id='word_1_814' title='bbox 2152 4698 2400 4765; x_wconf 81' lang='grc' dir='ltr'>καθάπερ</span> <span class='ocrx_word' id='word_1_815' title='bbox 2424 4698 2517 4750; x_wconf 70' lang='grc' dir='ltr'><strong>καὶ</strong></span> <span class='ocrx_word' id='word_1_816' title='bbox 2549 4695 2687 4749; x_wconf 86' lang='grc' dir='ltr'>Θεοῦ</span> <span class='ocrx_word' id='word_1_817' title='bbox 2719 4695 2942 4764; x_wconf 78' lang='grc' dir='ltr'>Πνεῦμα</span> <span class='ocrx_word' id='word_1_818' title='bbox 2969 4696 3044 4753; x_wconf 79' lang='grc' dir='ltr'>ὡς</span> <span class='ocrx_word' id='word_1_819' title='bbox 3077 4695 3172 4747; x_wconf 83' lang='grc' dir='ltr'><strong>τοῦ</strong></span> <span class='ocrx_word' id='word_1_820' title='bbox 3201 4693 3517 4764; x_wconf 77' lang='grc' dir='ltr'>ἀνθρώπου.</span> <span class='ocrx_word' id='word_1_821' title='bbox 3558 4711 3578 4745; x_wconf 76' lang='grc' dir='ltr'><strong>ι</strong></span> <span class='ocrx_word' id='word_1_822' title='bbox 3618 4693 3735 4749; x_wconf 74' lang='grc' dir='ltr'><strong>Καὶ</strong></span> 
     </span>
    </p>
   </div>
   <div class='ocr_carea' id='block_1_101' title="bbox 2156 4784 3731 4858">
    <p class='ocr_par' dir='ltr' id='par_1_101' title="bbox 2156 4784 3731 4858">
     <span class='ocr_line' id='line_1_101' title="bbox 2156 4784 3731 4858; baseline -0.003 -17"><span class='ocrx_word' id='word_1_823' title='bbox 2156 4789 2275 4858; x_wconf 85' lang='grc' dir='ltr'>μετ’</span> <span class='ocrx_word' id='word_1_824' title='bbox 2307 4789 2463 4855; x_wconf 78' lang='grc' dir='ltr'>ὀλίγα</span> <span class='ocrx_word' id='word_1_825' title='bbox 2484 4804 2496 4818; x_wconf 90' lang='grc'><strong>·</strong></span> <span class='ocrx_word' id='word_1_826' title='bbox 2533 4807 2550 4838; x_wconf 80' lang='grc' dir='ltr'><strong>ι</strong></span> <span class='ocrx_word' id='word_1_827' title='bbox 2581 4788 2676 4841; x_wconf 82' lang='grc' dir='ltr'>Ἐν</span> <span class='ocrx_word' id='word_1_828' title='bbox 2700 4786 2756 4840; x_wconf 83' lang='grc' dir='ltr'>δὲ</span> <span class='ocrx_word' id='word_1_829' title='bbox 2776 4788 2869 4840; x_wconf 73' lang='grc' dir='ltr'>καὶ</span> <span class='ocrx_word' id='word_1_830' title='bbox 2886 4788 2946 4838; x_wconf 83' lang='grc' dir='ltr'><strong>τὸ</strong></span> <span class='ocrx_word' id='word_1_831' title='bbox 2972 4784 3195 4855; x_wconf 84' lang='grc' dir='ltr'>Πνεῦμα</span> <span class='ocrx_word' id='word_1_832' title='bbox 3216 4785 3276 4838; x_wconf 75' lang='grc' dir='ltr'>τὸ</span> <span class='ocrx_word' id='word_1_833' title='bbox 3300 4785 3515 4855; x_wconf 82' lang='grc' dir='ltr'>ἀληθῶς</span> <span class='ocrx_word' id='word_1_834' title='bbox 3546 4784 3731 4854; x_wconf 69' lang='grc' dir='ltr'>ἅγιον,</span> 
     </span>
    </p>
   </div>
   <div class='ocr_carea' id='block_1_102' title="bbox 2150 4876 3394 4949">
    <p class='ocr_par' dir='ltr' id='par_1_102' title="bbox 2150 4876 3394 4949">
     <span class='ocr_line' id='line_1_102' title="bbox 2150 4876 3394 4949; baseline -0.004 -16"><span class='ocrx_word' id='word_1_835' title='bbox 2150 4880 2179 4933; x_wconf 90' lang='grc' dir='ltr'><strong>ὃ</strong></span> <span class='ocrx_word' id='word_1_836' title='bbox 2212 4880 2276 4949; x_wconf 78' lang='grc' dir='ltr'>δὴ</span> <span class='ocrx_word' id='word_1_837' title='bbox 2309 4881 2400 4932; x_wconf 74' lang='grc' dir='ltr'>καὶ</span> <span class='ocrx_word' id='word_1_838' title='bbox 2439 4877 2658 4947; x_wconf 79' lang='grc' dir='ltr'>πνεῦμα</span> <span class='ocrx_word' id='word_1_839' title='bbox 2688 4880 2953 4947; x_wconf 73' lang='grc' dir='ltr'>στόματος</span> <span class='ocrx_word' id='word_1_840' title='bbox 2984 4876 3332 4946; x_wconf 78' lang='grc' dir='ltr'>ὀνομάζεται.</span> <span class='ocrx_word' id='word_1_841' title='bbox 3374 4895 3394 4928; x_wconf 76' lang='grc' dir='ltr'><strong>ι</strong></span> 
     </span>
    </p>
   </div>
   <div class='ocr_carea' id='block_1_103' title="bbox 2234 5030 3735 5141">
    <p class='ocr_par' dir='ltr' id='par_1_103' title="bbox 2234 5030 3735 5141">
     <span class='ocr_line' id='line_1_103' title="bbox 2234 5030 3735 5141; baseline 0.026 -24"><span class='ocrx_word' id='word_1_842' title='bbox 2234 5066 2290 5118; x_wconf 84' lang='grc'><strong>’0</strong></span> <span class='ocrx_word' id='word_1_843' title='bbox 2320 5066 2478 5125; x_wconf 77' lang='grc' dir='ltr'>αὐτὸς</span> <span class='ocrx_word' id='word_1_844' title='bbox 2510 5066 2567 5117; x_wconf 83' lang='grc' dir='ltr'>ὲν</span> <span class='ocrx_word' id='word_1_845' title='bbox 2591 5064 2668 5134; x_wconf 84' lang='grc' dir='ltr'>τῷ</span> <span class='ocrx_word' id='word_1_846' title='bbox 2700 5063 2978 5134; x_wconf 76' lang='grc' dir='ltr'>κεφαλαίῳ</span> <span class='ocrx_word' id='word_1_847' title='bbox 3027 5030 3148 5133; x_wconf 57' lang='grc' dir='ltr'><strong>οὔῆ</strong></span> <span class='ocrx_word' id='word_1_848' title='bbox 3176 5064 3480 5141; x_wconf 64' lang='grc' dir='ltr'><strong>ἐπιγραφὴν</strong></span> <span class='ocrx_word' id='word_1_849' title='bbox 3509 5083 3528 5116; x_wconf 69' lang='grc' dir='ltr'><strong>ί</strong></span> <span class='ocrx_word' id='word_1_850' title='bbox 3559 5066 3624 5119; x_wconf 53' lang='lat' dir='ltr'><strong>Ei</strong></span> <span class='ocrx_word' id='word_1_851' title='bbox 3658 5068 3735 5137; x_wconf 65' lang='grc' dir='ltr'><strong>μὴ</strong></span> 
     </span>
    </p>
   </div>
   <div class='ocr_carea' id='block_1_104' title="bbox 2151 5152 3729 5223">
    <p class='ocr_par' dir='ltr' id='par_1_104' title="bbox 2151 5152 3729 5223">
     <span class='ocr_line' id='line_1_104' title="bbox 2151 5152 3729 5223; baseline 0 -17"><span class='ocrx_word' id='word_1_852' title='bbox 2151 5156 2213 5207; x_wconf 74' lang='grc' dir='ltr'>τὸ</span> <span class='ocrx_word' id='word_1_853' title='bbox 2242 5156 2466 5223; x_wconf 74' lang='grc' dir='ltr'>Πνεῦμα</span> <span class='ocrx_word' id='word_1_854' title='bbox 2496 5155 2560 5205; x_wconf 82' lang='grc' dir='ltr'><strong>ἐκ</strong></span> <span class='ocrx_word' id='word_1_855' title='bbox 2585 5152 2680 5205; x_wconf 88' lang='grc' dir='ltr'><strong>τοῦ</strong></span> <span class='ocrx_word' id='word_1_856' title='bbox 2711 5152 2848 5205; x_wconf 84' lang='grc' dir='ltr'>Θεοῦ</span> <span class='ocrx_word' id='word_1_857' title='bbox 2876 5152 3026 5219; x_wconf 82' lang='grc' dir='ltr'>λέγει</span> <span class='ocrx_word' id='word_1_858' title='bbox 3054 5152 3157 5216; x_wconf 83' lang='grc' dir='ltr'>τίς,</span> <span class='ocrx_word' id='word_1_859' title='bbox 3195 5152 3319 5206; x_wconf 83' lang='grc' dir='ltr'>οὐδὲ</span> <span class='ocrx_word' id='word_1_860' title='bbox 3346 5155 3437 5205; x_wconf 73' lang='grc' dir='ltr'>τὸν</span> <span class='ocrx_word' id='word_1_861' title='bbox 3469 5155 3670 5220; x_wconf 83' lang='grc' dir='ltr'>Λόγον,</span> <span class='ocrx_word' id='word_1_862' title='bbox 3710 5174 3729 5206; x_wconf 75' lang='grc' dir='ltr'><strong>ι</strong></span> 
     </span>
    </p>
   </div>
   <div class='ocr_carea' id='block_1_105' title="bbox 475 5239 2032 5321">
    <p class='ocr_par' dir='ltr' id='par_1_105' title="bbox 475 5241 2032 5321">
     <span class='ocr_line' id='line_1_105' title="bbox 475 5241 2032 5321; baseline -0.005 -17"><span class='ocrx_word' id='word_1_863' title='bbox 475 5251 640 5321; x_wconf 78' lang='lat' dir='ltr'><strong>igitur</strong></span> <span class='ocrx_word' id='word_1_864' title='bbox 682 5249 1082 5315; x_wconf 84' lang='lat' dir='ltr'><strong>separabuntur</strong></span> <span class='ocrx_word' id='word_1_865' title='bbox 1128 5243 1519 5314; x_wconf 86' lang='lat' dir='ltr'><strong>inseparabilia</strong></span> <span class='ocrx_word' id='word_1_866' title='bbox 1556 5242 1792 5298; x_wconf 87' lang='lat' dir='ltr'><strong>Verbum</strong></span> <span class='ocrx_word' id='word_1_867' title='bbox 1839 5241 2032 5299; x_wconf 40' lang='lat' dir='ltr'><strong>scilicel</strong></span> 
     </span>
    </p>
   </div>
   <div class='ocr_carea' id='block_1_106' title="bbox 2145 5239 3735 5321">
    <p class='ocr_par' dir='ltr' id='par_1_106' title="bbox 2157 5239 3735 5316">
     <span class='ocr_line' id='line_1_106' title="bbox 2157 5239 3735 5316; baseline 0.001 -19"><span class='ocrx_word' id='word_1_868' title='bbox 2157 5246 2355 5316; x_wconf 80' lang='grc' dir='ltr'>φησίν·</span> <span class='ocrx_word' id='word_1_869' title='bbox 2399 5262 2417 5294; x_wconf 82' lang='lat' dir='ltr'><strong>t</strong></span> <span class='ocrx_word' id='word_1_870' title='bbox 2450 5243 2570 5306; x_wconf 88' lang='grc' dir='ltr'><strong>Πῶς</strong></span> <span class='ocrx_word' id='word_1_871' title='bbox 2590 5239 2681 5296; x_wconf 86' lang='grc' dir='ltr'><strong>οῦν</strong></span> <span class='ocrx_word' id='word_1_872' title='bbox 2707 5243 2994 5313; x_wconf 82' lang='grc' dir='ltr'>χωρίζοιτο</span> <span class='ocrx_word' id='word_1_873' title='bbox 3020 5243 3088 5296; x_wconf 74' lang='grc' dir='ltr'>τὰ</span> <span class='ocrx_word' id='word_1_874' title='bbox 3124 5242 3426 5314; x_wconf 81' lang='grc' dir='ltr'>ἀχώριστα,</span> <span class='ocrx_word' id='word_1_875' title='bbox 3459 5246 3638 5312; x_wconf 77' lang='grc' dir='ltr'>Λόγος</span> <span class='ocrx_word' id='word_1_876' title='bbox 3669 5247 3735 5299; x_wconf 82' lang='grc' dir='ltr'>ὲκ</span> 
     </span>
    </p>
   </div>
   <div class='ocr_carea' id='block_1_107' title="bbox 478 5332 2032 5406">
    <p class='ocr_par' dir='ltr' id='par_1_107' title="bbox 478 5333 1638 5406">
     <span class='ocr_line' id='line_1_107' title="bbox 478 5333 1638 5406; baseline -0.004 -13"><span class='ocrx_word' id='word_1_877' title='bbox 478 5343 594 5401; x_wconf 81' lang='lat' dir='ltr'><strong>Dei,</strong></span> <span class='ocrx_word' id='word_1_878' title='bbox 629 5349 681 5393; x_wconf 89' lang='lat' dir='ltr'><strong>et</strong></span> <span class='ocrx_word' id='word_1_879' title='bbox 717 5338 953 5406; x_wconf 88' lang='lat' dir='ltr'><strong>Spiritus</strong></span> <span class='ocrx_word' id='word_1_880' title='bbox 988 5351 1053 5390; x_wconf 77' lang='lat' dir='ltr'><strong>ex</strong></span> <span class='ocrx_word' id='word_1_881' title='bbox 1087 5334 1201 5390; x_wconf 89' lang='lat' dir='ltr'><strong>Deo</strong></span> <span class='ocrx_word' id='word_1_882' title='bbox 1236 5351 1330 5405; x_wconf 88' lang='lat' dir='ltr'><strong>per</strong></span> <span class='ocrx_word' id='word_1_883' title='bbox 1358 5333 1581 5390; x_wconf 88' lang='lat' dir='ltr'><strong>Filium.</strong></span> <span class='ocrx_word' id='word_1_884' title='bbox 1619 5354 1638 5388; x_wconf 71' lang='grc' dir='ltr'><strong>ι</strong></span> 
     </span>
    </p>
   </div>
   <div class='ocr_carea' id='block_1_108' title="bbox 2145 5332 3304 5406">
    <p class='ocr_par' dir='ltr' id='par_1_108' title="bbox 2156 5332 3304 5401">
     <span class='ocr_line' id='line_1_108' title="bbox 2156 5332 3304 5401; baseline -0.002 -13"><span class='ocrx_word' id='word_1_885' title='bbox 2156 5334 2314 5397; x_wconf 89' lang='grc' dir='ltr'>Θεοῦ,</span> <span class='ocrx_word' id='word_1_886' title='bbox 2344 5336 2438 5387; x_wconf 80' lang='grc' dir='ltr'><strong>καὶ</strong></span> <span class='ocrx_word' id='word_1_887' title='bbox 2468 5332 2691 5400; x_wconf 86' lang='grc' dir='ltr'>Πνεῦμα</span> <span class='ocrx_word' id='word_1_888' title='bbox 2718 5334 2781 5385; x_wconf 82' lang='grc' dir='ltr'>ὲκ</span> <span class='ocrx_word' id='word_1_889' title='bbox 2810 5333 2944 5384; x_wconf 90' lang='grc' dir='ltr'>Θεοῦ</span> <span class='ocrx_word' id='word_1_890' title='bbox 2972 5334 3041 5386; x_wconf 84' lang='grc' dir='ltr'>δι’</span> <span class='ocrx_word' id='word_1_891' title='bbox 3076 5333 3245 5401; x_wconf 85' lang='grc' dir='ltr'>Υίοῦ;</span> <span class='ocrx_word' id='word_1_892' title='bbox 3286 5352 3304 5386; x_wconf 79' lang='grc' dir='ltr'><strong>ι</strong></span> 
     </span>
    </p>
   </div>
   <div class='ocr_carea' id='block_1_109' title="bbox 544 5424 2032 5500">
    <p class='ocr_par' dir='ltr' id='par_1_109' title="bbox 544 5424 2032 5500">
     <span class='ocr_line' id='line_1_109' title="bbox 544 5424 2032 5500; baseline -0.003 -15"><span class='ocrx_word' id='word_1_893' title='bbox 544 5432 848 5500; x_wconf 78' lang='lat' dir='ltr'><strong>Gregorius</strong></span> <span class='ocrx_word' id='word_1_894' title='bbox 879 5428 1162 5498; x_wconf 73' lang='lat' dir='ltr'><strong>Nyssenus</strong></span> <span class='ocrx_word' id='word_1_895' title='bbox 1199 5427 1373 5496; x_wconf 90' lang='lat' dir='ltr'><strong>prima</strong></span> <span class='ocrx_word' id='word_1_896' title='bbox 1415 5428 1679 5482; x_wconf 85' lang='lat' dir='ltr'><strong>adversus</strong></span> <span class='ocrx_word' id='word_1_897' title='bbox 1715 5424 2032 5481; x_wconf 84' lang='lat' dir='ltr'><strong>Eunomiun</strong></span> 
     </span>
    </p>
   </div>
   <div class='ocr_carea' id='block_1_110' title="bbox 2145 5424 3737 5500">
    <p class='ocr_par' dir='ltr' id='par_1_110' title="bbox 2238 5425 3737 5500">
     <span class='ocr_line' id='line_1_110' title="bbox 2238 5425 3737 5500; baseline 0.001 -20"><span class='ocrx_word' id='word_1_898' title='bbox 2238 5426 2301 5480; x_wconf 87' lang='grc'><strong>’0</strong></span> <span class='ocrx_word' id='word_1_899' title='bbox 2350 5425 2571 5495; x_wconf 77' lang='grc' dir='ltr'>Νύσσης</span> <span class='ocrx_word' id='word_1_900' title='bbox 2629 5425 2928 5496; x_wconf 74' lang='grc' dir='ltr'>Γρηγόριος</span> <span class='ocrx_word' id='word_1_901' title='bbox 2964 5427 3022 5477; x_wconf 82' lang='grc' dir='ltr'>ὲν</span> <span class='ocrx_word' id='word_1_902' title='bbox 3055 5426 3133 5496; x_wconf 83' lang='grc' dir='ltr'>τῷ</span> <span class='ocrx_word' id='word_1_903' title='bbox 3185 5429 3390 5496; x_wconf 78' lang='grc' dir='ltr'>πρώτῳ</span> <span class='ocrx_word' id='word_1_904' title='bbox 3442 5426 3555 5480; x_wconf 83' lang='grc' dir='ltr'><strong>τῶν</strong></span> <span class='ocrx_word' id='word_1_905' title='bbox 3597 5430 3737 5500; x_wconf 82' lang='grc' dir='ltr'>πρὸς</span> 
     </span>
    </p>
   </div>
   <div class='ocr_carea' id='block_1_111' title="bbox 478 5509 2032 5591">
    <p class='ocr_par' dir='ltr' id='par_1_111' title="bbox 478 5516 2032 5589">
     <span class='ocr_line' id='line_1_111' title="bbox 478 5516 2032 5589; baseline -0.001 -16"><span class='ocrx_word' id='word_1_906' title='bbox 478 5522 865 5587; x_wconf 70' lang='lat' dir='ltr'><strong>Antirrhctica,</strong></span> <span class='ocrx_word' id='word_1_907' title='bbox 901 5534 1022 5589; x_wconf 63' lang='lat' dir='ltr'><strong>qua}</strong></span> <span class='ocrx_word' id='word_1_908' title='bbox 1048 5518 1238 5589; x_wconf 80' lang='lat' dir='ltr'><strong>incipit</strong></span> <span class='ocrx_word' id='word_1_909' title='bbox 1269 5536 1282 5574; x_wconf 88' lang='lat'>:</span> <span class='ocrx_word' id='word_1_910' title='bbox 1322 5537 1340 5570; x_wconf 76' lang='grc' dir='ltr'><strong>ι</strong></span> <span class='ocrx_word' id='word_1_911' title='bbox 1374 5516 1541 5585; x_wconf 87' lang='lat' dir='ltr'><strong>Fieri,</strong></span> <span class='ocrx_word' id='word_1_912' title='bbox 1580 5518 1905 5583; x_wconf 80' lang='lat' dir='ltr'><strong>ut&#39;videtur,</strong></span> <span class='ocrx_word' id='word_1_913' title='bbox 1937 5532 2032 5573; x_wconf 78' lang='lat' dir='ltr'><strong>nrt</strong></span> 
     </span>
    </p>
   </div>
   <div class='ocr_carea' id='block_1_112' title="bbox 2145 5509 3737 5591">
    <p class='ocr_par' dir='ltr' id='par_1_112' title="bbox 2159 5509 3737 5591">
     <span class='ocr_line' id='line_1_112' title="bbox 2159 5509 3737 5591; baseline 0.001 -20"><span class='ocrx_word' id='word_1_914' title='bbox 2159 5519 2424 5589; x_wconf 74' lang='grc' dir='ltr'>Εὐνόμιον</span> <span class='ocrx_word' id='word_1_915' title='bbox 2465 5515 2915 5588; x_wconf 79' lang='grc' dir='ltr'>Ἀντιῤῥητικῶν,</span> <span class='ocrx_word' id='word_1_916' title='bbox 2949 5509 3011 5569; x_wconf 79' lang='grc' dir='ltr'><strong>οὗ</strong></span> <span class='ocrx_word' id='word_1_917' title='bbox 3056 5519 3088 5587; x_wconf 78' lang='grc' dir='ltr'>ἡ</span> <span class='ocrx_word' id='word_1_918' title='bbox 3120 5519 3288 5588; x_wconf 83' lang='grc' dir='ltr'>ἀρχὴ,</span> <span class='ocrx_word' id='word_1_919' title='bbox 3324 5537 3345 5571; x_wconf 76' lang='lat' dir='ltr'><strong>r</strong></span> <span class='ocrx_word' id='word_1_920' title='bbox 3402 5519 3519 5573; x_wconf 84' lang='grc' dir='ltr'><strong>Οὐκ</strong></span> <span class='ocrx_word' id='word_1_921' title='bbox 3547 5514 3618 5591; x_wconf 78' lang='grc' dir='ltr'>ἦν</span> <span class='ocrx_word' id='word_1_922' title='bbox 3661 5522 3737 5585; x_wconf 84' lang='grc' dir='ltr'>ὡς</span> 
     </span>
    </p>
   </div>
   <div class='ocr_carea' id='block_1_113' title="bbox 482 5608 2032 5683">
    <p class='ocr_par' dir='ltr' id='par_1_113' title="bbox 482 5609 2008 5683">
     <span class='ocr_line' id='line_1_113' title="bbox 482 5609 2008 5683; baseline 0.002 -20"><span class='ocrx_word' id='word_1_923' title='bbox 482 5626 679 5681; x_wconf 57' lang='lat' dir='ltr'><strong>potest,</strong></span> <span class='ocrx_word' id='word_1_924' title='bbox 716 5622 772 5665; x_wconf 90' lang='lat' dir='ltr'><strong>ut</strong></span> <span class='ocrx_word' id='word_1_925' title='bbox 814 5615 908 5683; x_wconf 85' lang='lat' dir='ltr'><strong>qui</strong></span> <span class='ocrx_word' id='word_1_926' title='bbox 946 5613 1014 5666; x_wconf 88' lang='lat' dir='ltr'><strong>de</strong></span> <span class='ocrx_word' id='word_1_927' title='bbox 1057 5611 1311 5668; x_wconf 88' lang='lat' dir='ltr'><strong>omnibus</strong></span> <span class='ocrx_word' id='word_1_928' title='bbox 1339 5611 1477 5669; x_wconf 82' lang='lat' dir='ltr'><strong>bene</strong></span> <span class='ocrx_word' id='word_1_929' title='bbox 1525 5610 1747 5677; x_wconf 89' lang='lat' dir='ltr'><strong>mereri,</strong></span> <span class='ocrx_word' id='word_1_930' title='bbox 1782 5628 1800 5660; x_wconf 74' lang='grc' dir='ltr'><strong>ι</strong></span> <span class='ocrx_word' id='word_1_931' title='bbox 1833 5609 2008 5680; x_wconf 88' lang='lat' dir='ltr'><strong>inquit</strong></span> 
     </span>
    </p>
   </div>
   <div class='ocr_carea' id='block_1_114' title="bbox 2145 5608 3735 5683">
    <p class='ocr_par' dir='ltr' id='par_1_114' title="bbox 2162 5608 3735 5682">
     <span class='ocr_line' id='line_1_114' title="bbox 2162 5608 3735 5682; baseline 0.001 -19"><span class='ocrx_word' id='word_1_932' title='bbox 2162 5611 2327 5678; x_wconf 73' lang='grc' dir='ltr'>ἔοικε,</span> <span class='ocrx_word' id='word_1_933' title='bbox 2358 5609 2419 5663; x_wconf 84' lang='grc' dir='ltr'><strong>τὸ</strong></span> <span class='ocrx_word' id='word_1_934' title='bbox 2453 5610 2658 5672; x_wconf 79' lang='grc' dir='ltr'>πάντας</span> <span class='ocrx_word' id='word_1_935' title='bbox 2702 5608 2907 5662; x_wconf 76' lang='grc' dir='ltr'>ἐθέλειν</span> <span class='ocrx_word' id='word_1_936' title='bbox 2935 5609 3267 5681; x_wconf 82' lang='grc' dir='ltr'>εὐεργετεῖν,</span> <span class='ocrx_word' id='word_1_937' title='bbox 3302 5629 3320 5662; x_wconf 80' lang='grc' dir='ltr'><strong>ι</strong></span> <span class='ocrx_word' id='word_1_938' title='bbox 3350 5609 3515 5682; x_wconf 78' lang='grc' dir='ltr'>φησιν</span> <span class='ocrx_word' id='word_1_939' title='bbox 3544 5626 3559 5643; x_wconf 79' lang='grc'><em>’</em></span> <span class='ocrx_word' id='word_1_940' title='bbox 3600 5629 3621 5666; x_wconf 75' lang='grc' dir='ltr'><strong>ι</strong></span> <span class='ocrx_word' id='word_1_941' title='bbox 3662 5612 3735 5665; x_wconf 79' lang='grc' dir='ltr'><strong>Τὸ</strong></span> 
     </span>
    </p>
   </div>
   <div class='ocr_carea' id='block_1_115' title="bbox 570 5766 1565 5832">
    <p class='ocr_par' dir='ltr' id='par_1_115' title="bbox 570 5766 1565 5832">
     <span class='ocr_line' id='line_1_115' title="bbox 570 5766 1565 5832; baseline 0.001 -13"><span class='ocrx_word' id='word_1_942' title='bbox 570 5768 589 5796; x_wconf 79' lang='grc'><strong>’⁷</strong></span> <span class='ocrx_word' id='word_1_943' title='bbox 619 5767 808 5822; x_wconf 60' lang='grc' dir='ltr'>Μλιιιι.</span> <span class='ocrx_word' id='word_1_944' title='bbox 848 5785 919 5832; x_wconf 71' lang='lat' dir='ltr'><strong>xi,</strong></span> <span class='ocrx_word' id='word_1_945' title='bbox 950 5768 1037 5819; x_wconf 69' lang='lat'><strong>&#39;27.</strong></span> <span class='ocrx_word' id='word_1_946' title='bbox 1115 5766 1175 5818; x_wconf 79' lang='grc'><strong>⁸1</strong></span> <span class='ocrx_word' id='word_1_947' title='bbox 1214 5767 1332 5821; x_wconf 84' lang='lat' dir='ltr'><strong>Cor.</strong></span> <span class='ocrx_word' id='word_1_948' title='bbox 1377 5784 1435 5831; x_wconf 85' lang='grc' dir='ltr'><strong>ιι,</strong></span> <span class='ocrx_word' id='word_1_949' title='bbox 1482 5766 1565 5820; x_wconf 71' lang='lat'><strong>1‘2.</strong></span> 
     </span>
    </p>
   </div>
  </div>
