3958 6404
389 396 496 459 6ῗὸ

1432 393 1644 457 IOAN.
1689 394 1906 482 vscct
1944 394 2054 454 cr.
2096 388 2645 457 PATRIARCHE

3553 401 3658 463 6.".6

387 517 649 569 adversus
683 509 1033 577 Eunomium,
1066 526 1189 581 qua:
1231 509 1425 581 incipit
1469 529 1482 565 :
1541 530 1558 563 ι
1597 510 1761 576 Fieri,
1793 523 1854 566 ιιι
1887 514 1962 565 vi-

2087 511 2345 582 Εὐνόμιον
2393 513 2852 584 Ἀντιῤῥητικῶν,
2905 514 3027 586 οὖή
3061 514 3223 586 ἁρχὴ,
3256 533 3275 568 ι
3313 515 3429 570 οὐκ
3463 510 3555 587 ἦν,
3582 517 3658 582 ὡς

387 608 566 670 drtur,
592 621 699 659 non
727 614 927 675 potest,
951 614 1007 658 ut
1033 604 1125 675 qui
1158 602 1225 659 de
1251 605 1508 661 erunibus
1535 605 1674 661 bene
1696 604 1917 669 mereri,
1945 623 1962 656 ι

386 698 575 754 scribit
609 715 622 750 :
666 716 685 749 ι
719 696 882 751 Pater
916 696 1138 763 quidem
1190 698 1311 751 sine
1340 697 1634 767 principio,
1681 708 1732 753 et
1762 697 1970 767 ingeni-

388 799 495 852 tus.
534 799 587 844 et
627 805 842 859 semper
885 789 1047 845 Pater
1088 790 1451 857 intelligitur;
1486 804 1554 844 ex
1592 805 1658 844 eo
1697 794 1840 844 'vero
1870 789 1973 844 im-

387 883 621 936 mediate
671 891 724 936 ct
767 882 1000 937 indivise
1051 882 1368 951 unigenitus
1411 882 1586 937 Filius
1635 898 1759 937 cum
1809 881 1970 936 Patre

385 976 545 1029 simul
589 976 944 1045 intelligitur;
1003 956 1099 1046 per
1155 975 1299 1029 hunc
1338 984 1521 1030 autem
1571 985 1622 1030 et
1665 991 1790 1031 cum
1831 978 1969 1044 ipso,

384 1078 673 1136 antequam
709 1067 889 1123 inanis
931 1078 983 1122 et
1031 1084 1139 1122 non
1184 1069 1493 1123 subsistens
1543 1070 1597 1122 in
1646 1068 1825 1123 medio
1855 1084 1971 1138 per-

383 1160 560 1227 ceptio
614 1161 840 1225 incidat,
895 1161 1078 1216 statim
1158 1160 1398 1229 Spiritus
1446 1159 1964 1229 sanctus‘junctim

384 1253 708 1320 concipitur,
761 1268 869 1305 non
904 1262 1027 1322 post
1049 1252 1248 1307 Filium
1291 1252 1611 1307 exsisteutia
1648 1251 1963 1305 subsistens

384 1357 443 1399 ut
477 1345 772 1414 aliquando
809 1344 1138 1416 Unigenitus
1186 1346 1393 1416 absque
1439 1346 1650 1415 Spirittt
1682 1344 1963 1413 concipia-

384 1446 495 1500 tur,
532 1437 626 1491 sed
660 1452 727 1490 ex
755 1451 934 1491 rerum
959 1439 1199 1493 omnium
1223 1440 1333 1493 Deo
1357 1448 1412 1494 et
1441 1440 1558 1508 ipse
1584 1453 1695 1492 euge
1721 1437 1973 1494 essentia:

383 1544 601 1581 causam
636 1529 862 1595 habens,
891 1529 1035 1584 unde
1053 1539 1106 1584 et
1141 1530 1487 1601 Unigeuitum
1521 1531 1705 1584 lumen
1768 1531 1969 1597 oritur,

384 1636 479 1688 per
498 1636 686 1675 verum
726 1631 910 1677 autem
953 1624 1134 1677 lumen
1174 1624 1489 1680 elucescens
1512 1623 1773 1695 Spiritus,
1798 1639 1971 1694 neque

382 1712 671 1776 distantiae,
717 1728 894 1784 neque
935 1726 1143 1769 natura:
1187 1716 1501 1772 diversitate
1548 1731 1579 1771 a
1626 1714 1807 1779 Patre,
1856 1715 1973 1770 sive

381 1804 450 1856 ab
481 1801 765 1872 Uuigenito
792 1803 930 1859 Filio
952 1805 1234 1870 dividitur,
1258 1809 1344 1863 vel
1376 1808 1704 1879 sejungitur.
1755 1825 1774 1858 ι

454 1892 601 1949 Idem
650 1897 789 1952 lihro
841 1908 1039 1967 quarto
1072 1900 1340 1955 adversus
1387 1900 1723 1956 Eunomium
1752 1940 1767 1965 ,
1814 1900 1975 1973 cuius
2008 1878 2053 1934 Β

383 1985 757 2054 principium:
795 2006 813 2039 ι
850 1985 972 2042 Jam
1021 1997 1236 2058 tempus
1269 2000 1432 2045 estet
1458 1993 1973 2061 generatinaluratn

380 2081 722 2144 examinare,
754 2100 773 2132 ι
822 2080 1044 2151 inquit:
1087 2101 1106 2135 ι
1148 2084 1285 2139 Cum
1317 2085 1459 2152 apud
1505 2100 1609 2141 nos
1647 2085 1969 2140 inconfesso

380 2173 451 2225 sit
502 2172 622 2226 Filii
654 2173 799 2243 ζει-εδ
863 2171 1082 2228 Patrem
1130 2174 1484 2245 coniunctum
1525 2186 1582 2232 et
1635 2177 1962 2242 indivisum,

382 2264 454 2316 ita
493 2273 552 2318 ut
574 2264 716 2318 inter
739 2278 834 2319 eos
864 2265 1076 2319 nullum
1115 2267 1352 2322 medium
1383 2268 1767 2323 interseratur.
1811 2288 1828 2320 ι

448 2451 595 2506 Idem
629 2451 662 2506 8
692 2440 954 2508 adversus
981 2453 1337 2519 Eunomium,
1385 2455 1545 2525 cujus
1575 2456 1905 2527 principium
1951 2472 1968 2511 :

383 2562 402 2596 ι
448 2543 634 2600 Valida
717 2546 887 2616 igitur
939 2545 1196 2601 Eunomii
1252 2549 1367 2603 hazc
1416 2557 1587 2616 sunt,
1649 2568 1667 2601 ι
1738 2551 1968 2619 inquit:

389 2655 408 2687 ι
446 2634 638 2707 Neque
690 2638 838 2694 enim
887 2640 1201 2695 immediata
1246 2640 1350 2695 ista
1392 2642 1730 2712 contiguilas
1788 2642 1968 2710 rejieit

378 2732 713 2785 voluntatem
782 2730 989 2792 Patris.
1018 2732 1176 2800 quasi
1216 2732 1322 2787 iste
1356 2742 1564 2787 naturae
1596 2734 1832 2803 quadam
1870 2748 1971 2788 ne-

377 2823 637 2876 cessitate
668 2822 878 2891 absque
912 2823 1084 2875 libera
1109 2822 1376 2877 electione
1408 2824 1603 2877 Filium
1634 2824 1903 2878 habuerit.
1940 2843 1959 2875 ι

377 2911 447 2966 Et
488 2912 767 2967 nonnullis
812 2914 1043 2969 annexis
1082 2931 1097 2968 :
1143 2932 1162 2965 ι
1206 2913 1529 2969 Immediata
1562 2924 1644 2970 est
1690 2915 1813 2969 Filii
1837 2931 1966 2985 erga

379 3002 598 3057 Patrem
655 3005 999 3072 conjunctio,
1053 3020 1154 3061 nec
1194 3007 1477 3076 repellitur
1518 3005 1587 3062 ab
1640 3007 1964 3062 indivisibili

378 3095 771 3164 conjunctione
792 3097 1109 3160 consilium,
1134 3112 1260 3151 cum
1294 3097 1427 3152 illud
1453 3097 1739 3162 inhaareat,
1769 3113 1869 3154 nec
1891 3099 1965 3155 sit

377 3198 532 3245 extra
562 3189 760 3245 bonam
789 3198 1063 3244 naturam.
1101 3208 1121 3241 ι

447 3282 682 3338 Sanctus
709 3283 949 3353 Cyrillus
985 3284 1038 3337 in
1078 3298 1189 3338 uno
1219 3299 1283 3339 ex
1311 3286 1588 3354 capitibus
1639 3287 1763 3343 libri
1800 3287 1961 3357 primi

379 3370 820 3437 Thesaurorum,
873 3373 992 3426 ait:
1037 3392 1056 3425 ι
1091 3373 1331 3430 Generat
1370 3374 1534 3431 Pater
1576 3376 1779 3431 Filium
1813 3379 1964 3433 nullo

379 3464 701 3532 interposito
728 3465 929 3519 medio.
967 3483 987 3517 ι

454 3554 599 3609 Idem
649 3556 704 3610 in
753 3555 963 3611 dictum
999 3572 1014 3609 :
1053 3573 1072 3605 ι
1108 3554 1210 3611 Hic
1256 3558 1456 3611 eratin
1504 3559 1775 3630 principio
1818 3562 1958 3631 apud

381 3646 553 3701 Deum
599 3645 666 3710 ",
730 3664 751 3698 ι
825 3646 881 3700 in
930 3646 1277 3715 expositione
1318 3646 1597 3719 Evangelii
1657 3652 1959 3705 secundum

376 3733 675 3800 Juannem,
714 3737 789 3791 ait
824 3752 839 3790 :
876 3754 895 3789 ι
927 3735 1245 3793 lmmediate
1291 3745 1347 3794 et
1381 3741 1639 3810 contigue
1664 3751 1749 3796 est
1786 3739 1958 3797 Filius

379 3828 433 3882 in
473 3828 583 3881 Deo
615 3837 671 3882 et
699 3825 885 3882 Patre.
924 3836 961 3897 »ς
1365 3832 1371 3838 ’

344 3965 349 3971 .
450 3921 594 3975 Idem
631 3921 686 3974 in
737 3921 869 3997 illud
901 3920 1107 3976 dictum
1137 3938 1152 3975 :
1208 3942 1227 3975 ι
1256 3921 1450 3981 Omnia
1475 3943 1573 3998 per
1606 3929 1783 3998 ipsum
1818 3929 1960 3984 facta

380 4024 511 4069 sunt
543 4013 608 4079 ",
647 4031 665 4065 ι
715 4012 850 4068 dicit
884 4032 898 4068 :
955 4033 974 4066 ι
1018 4013 1137 4069 Una
1174 4032 1299 4071 cum
1336 4018 1496 4075 Patre
1525 4021 1722 4076 Filium
1756 4023 1961 4077 intelli-

328 4165 333 4170 _
358 4106 564 4172 'gimus
594 4114 814 4176 propter
844 4107 1097 4162 essentire
1143 4110 1669 4178 immutabilitatetn,
1698 4123 1754 4169 et
1780 4115 1962 4169 excel-

368 4198 687 4272 lentissimo
715 4199 874 4252 modo
909 4199 1349 4268 continuitatem,
1409 4211 1464 4258 et
1496 4205 1959 4261 immediationem

382 4291 554 4359 ipsius
585 4305 708 4343 cum
755 4291 868 4357 illo,
915 4307 981 4346 cx
1015 4308 1126 4361 quo
1167 4294 1487 4350 naturaliter
1523 4298 1891 4367 progreditur.
1936 4317 1955 4351 ι

383 4382 449 4435 Εῑ
495 4383 684 4451 paucis
730 4385 959 4440 annexis
1001 4400 1014 4436 :
1075 4403 1094 4436 ι
1140 4385 1379 4440 Verbum
1422 4389 1650 4443 enimet
1696 4390 1961 4461 sapientia

381 4475 554 4532 Filius
581 4486 683 4541 est,
714 4477 860 4547 quod
893 4493 959 4532 ex
990 4486 1172 4533 mente
1197 4490 1252 4534 et
1285 4481 1339 4533 in
1377 4489 1558 4536 mente
1582 4483 1870 4549 continue,
1907 4493 1963 4538 et

2052 2909 2211 2987 ⁸μετά
2242 2925 2361 2960 τινα
2394 2925 2410 2940 ’

2080 601 2245 669 ἔοικε,
2269 603 2327 657 τὸ
2350 604 2559 669 πάντας
2591 604 2797 660 ἐθέλειν
2822 607 3154 677 εὐεργετεῖν,
3188 625 3206 659 ι
3237 609 3402 680 φησίν
3428 624 3441 638 ’
3475 627 3495 661 ι
3537 610 3677 663 [lar

2079 695 2187 766 τὴρ
2228 697 2328 766 μὲν
2355 697 2594 768 ἄναρχος
2625 698 2721 751 καὶ
2750 699 3051 769 ἀγέννητος
3075 702 3279 755 νοεῖται
3316 716 3331 733 ·
3367 698 3428 765 ἐξ
3488 700 3659 754 αὑτοῦ

2077 785 2135 839 δὲ
2163 787 2388 841 κατὰτὸ
2423 791 2690 861 προσεχὲς
2728 791 3071 855 ἀδιαστάτως
3111 794 3140 846 6
3185 793 3483 863 μονογενὴς
3533 791 3663 855 Υἱὸς

2079 878 2157 949 τῷ
2194 880 2371 952 Πατρὶ
2404 884 2827 948 συνεπινοετται,
2860 883 2931 937 δι’
2960 883 3126 938 αὐτοῦ
3172 883 3229 938 δὲ
3264 885 3363 937 καὶ
3400 883 3524 953 μετ’
3554 885 3656 937 αὖ·

2080 972 2178 1026 τοῦ
2210 974 2343 1043 πρίν
2403 990 2458 1026 τι
2506 975 2662 1028 κενόν
2714 993 2775 1028 τε
2833 976 2928 1029 καὶ
2980 976 3353 1029 ἀνυπόστατον
3398 975 3661 1044 διαμέσου

2081 1068 2462 1135 παρεμπεσεῖν
2503 1067 2685 1136 νόημα
2725 1066 2890 1131 εὐθὺς
2920 1067 3015 1121 καὶ
3047 1070 3107 1120 τὸ
3143 1050 3370 1137 Πνεῦμα
3399 1067 3461 1120 τὸ
3492 1068 3653 1134 ἅγιον

2081 1157 2448 1228 συνημμένως
2489 1158 3028 1229 καταλλαμσάνεται,
3060 1160 3161 1230 οὐχ
3189 1157 3478 1228 ὑστερίζον
3508 1158 3652 1211 κατὰ

2081 1250 2180 1320 τὴν
2206 1249 2440 1319 ὕπαρξιν
2492 1253 2633 1321 μετὰ
2673 1253 2763 1305 τὸν
2810 1253 2962 1320 Υἱὸν,
3022 1251 3165 1305 ὥστε
3196 1252 3327 1305 ποτὲ
3353 1252 3447 1305 τὸν
3477 1252 3659 1305 Μονο-

2077 1342 2215 1412 γενῆ
2257 1342 2382 1413 δίχα
2423 1342 2516 1397 τοῦ
2573 1344 2896 1414 Πνεύματος
2945 1344 3239 1415 νοηθῆναι,
3311 1343 3427 1397 ἀλλ’
3457 1346 3521 1397 ἐκ
3561 1344 3659 1413 μὲν

2078 1433 2174 1488 τοῦ
2206 1434 2344 1489 Θεοῦ
2386 1435 2494 1489 τῶν
2527 1435 2667 1490 ὅλων
2698 1438 2795 1491 καὶ
2827 1436 2961 1492 αὐτὸ
3016 1436 3118 1507 τὴν
3155 1435 3340 1491 αἰτίαν
3386 1435 3511 1505 ἔχον
3559 1435 3659 1488 τοῦ

2079 1524 2239 1593 εἶναι,
2275 1528 2396 1582 ὅθεν
2425 1530 2521 1585 καὶ
2564 1534 2622 1582 τὸ
2670 1532 2970 1599 μονογενὲς
3003 1530 3124 1583 ἔστι
3174 1529 3311 1599 φῶς,
3346 1528 3438 1582 διὰ
3462 1527 3522 1581 δὲ
3561 1526 3658 1582 τοῦ

2078 1620 2336 1691 ἀληθινοῦ
2387 1622 2568 1691 φωτὸς
2603 1622 2921 1693 ὲκλάμψαν,
2962 1621 3092 1676 οὔτε
3125 1622 3489 1691 διαστήματι,
3529 1621 3659 1677 οὔτε

2080 1713 2295 1782 φύσεως
2346 1713 2627 1785 ἑτερότητι
2675 1713 2772 1767 τοῦ
2814 1713 3051 1785 Πατρὸς,
3102 1712 3136 1782 ἢ
3170 1711 3265 1767 τοῦ
3312 1712 3663 1782 Μονογενοῦς

2078 1804 2475 1875 ἀποτέμνεται.
2511 1823 2529 1855 ι

2152 1897 2213 1950 '0
2252 1898 2417 1959 αὐτὸς
2447 1897 2507 1949 ὲν
2533 1897 2612 1968 τῷ
2639 1897 2684 1950 δ’
2707 1897 2814 1951 τῶν
2837 1895 2962 1951 κατ’
3002 1896 3297 1967 Εὐνομϊου,
3328 1888 3392 1951 οὗ
3426 1898 3458 1966 ἠ
3491 1895 3665 1968 ἁρχὴ,

2083 2006 2103 2041 ι
2145 1990 2353 2060 Καιρὸς
2385 1989 2445 2043 δ’
2489 1990 2559 2042 ἂν
2589 1989 2673 2059 εἴη
2704 1990 2803 2043 καὶ⁸
2855 1990 2957 2061 τὴν
2996 1991 3128 2060 περὶ
3162 1972 3257 2042 tofi
3318 1990 3664 2059 γεννήματος

2077 2078 2332 2145 ἐξετάσαι
2362 2078 2743 2147 φύσιολογίαν,
2773 2097 2794 2132 ι
2829 2080 2996 2149 φησιν
3018 2096 3034 2112 ⁸
3070 2097 3089 2131 ι
3142 2080 3364 2149 Ἐπειδὴ
3397 2080 3496 2132 καὶ
3530 2079 3664 2150 παρ’

2076 2170 2233 2242 ἡμῶν
2262 2170 2604 2241 ὁμολογεῖται
2630 2170 2723 2224 τοῦ
2752 2171 2881 2224 Υἱοῦ
2909 2172 2969 2225 τὸ
3000 2172 3135 2242 πρὶς
3155 2172 3244 2225 τὸν
3269 2172 3489 2241 Πατέρα
3524 2188 3659 2224 συν-

2077 2264 2211 2333 αφές
2253 2281 2313 2317 τε
2357 2267 2451 2318 καὶ
2477 2264 2801 2334 ἀμέριστον,
2832 2263 2904 2330 ὡς
2969 2264 3137 2335 μηδὲν
3164 2259 3306 2319 εἶναι
3331 2263 3392 2317 τὸ
3437 2263 3527 2318 διὰ
3560 2264 3660 2333 μέο

2078 2373 2173 2409 σου
2202 2354 2408 2408 τούτων
2447 2356 2940 2426 παρενειρόμενον.
2983 2376 3004 2409 ι

2160 2447 2219 2500 Ὀ
2244 2448 2405 2510 αὐτὸς
2436 2450 2493 2500 ὲν
2541 2448 2622 2518 τῷ
2645 2454 2698 2518 η’
2728 2448 2837 2502 τῶν
2885 2448 3023 2520 πρὸς
3054 2448 3326 2519 Εὐνόμιον
3341 2448 3508 2518 λόγῳ,
3537 2441 3598 2502 οὗ
3628 2449 3660 2518 ἡ

2074 2540 2243 2610 ἀρχὴ,
2274 2558 2292 2590 ι
2326 2540 2408 2591 Τὰ
2440 2540 2539 2607 μὲν
2569 2536 2663 2593 οὖν
2695 2539 2893 2609 ἰσχυρὰ
2916 2539 3012 2593 τοῦ
3044 2540 3314 2610 Εὐνομίου
3356 2540 3610 2605 τοιαῦτα,
3636 2559 3655 2591 ι

2080 2635 2275 2702 φησίν·
2313 2652 2330 2683 ι
2372 2633 2507 2684 υύὂὲ
2537 2634 2645 2699 γὰρ
2680 2633 2946 2702 ήᾶμεσος
2978 2632 3119 2700 αὕτη
3153 2632 3425 2701 συνάφεια
3459 2633 3664 2686 ἔκϐαλε

2072 2723 2154 2776 λει
2182 2724 2280 2793 τὴν
2303 2724 2561 2794 βούλησιν
2588 2724 2683 2777 τοῦ
2722 2724 2956 2794 Πατρὺς,
2987 2724 3065 2787 ὡς
3113 2726 3255 2779 κατά
3280 2742 3406 2778 τινα
3439 2724 3662 2796 φύσεως

2080 2815 2330 2883 ἀνάγκην
2384 2816 2767 2885 ἀπροαιρέτως
2811 2816 2903 2868 τὸν
2937 2816 3065 2869 Υἱδν
3096 2817 3420 2887 ἐσχηκότος.
3483 2837 3501 2870 ι
3546 2819 3659 2873 Καὶ

2503 2908 2775 2978 (Ἀμετός
2808 2898 2957 2962 ἐστιν
2990 2909 3135 2979 ήτοῦ
3196 2909 3329 2964 Υἱοῦ
3394 2909 3536 2981 πρὸς
3560 2912 3655 2965 τὸν

2070 3000 2293 3071 Πατέρα
2340 3001 2629 3069 συνάφεια,
2657 3003 2872 3054 καὶούκ
2918 3000 3206 3068 ἐξωθεῖται
3235 3003 3342 3056 ἀπὸ
3386 3003 3485 3073 τῆς
3503 3002 3666 3058 ἀδιαο

2070 3091 2270 3145 mem
2292 3091 2592 3161 συναφείας
2630 3091 2881 3164 βούλημα
2913 3093 2978 3146 τὸ
3000 3093 3067 3164 τῇ
3097 3091 3275 3164 ἀγαθῇ
3315 3092 3480 3163 φύσει
3507 3094 3663 3156 ἐντὸς

1991 3221 2035 3279 C
2069 3184 2398 3253 ἐνυπάρχον.
2426 3203 2445 3237 ι

2160 3276 2217 3329 Ὀ
2248 3278 2401 3345 ἅγιος
2458 3276 2728 3349 Κύριλλος
2782 3277 2841 3329 ἐν
2897 3277 2981 3332 ἑνὶ
3024 3277 3139 3331 τῶν
3189 3278 3506 3348 κεφαλαίων
3562 3280 3661 3334 τοῦ

2076 3368 2296 3440 πρώτου
2321 3368 2428 3420 τῶν
2453 3369 2757 3440 Θησαυρῶν
2787 3385 2953 3439 φησιν
2975 3382 2990 3398 ⁸
3033 3387 3052 3416 ι
3097 3368 3269 3440 Γεννᾷ
3290 3370 3320 3423 6
3349 3369 3541 3441 Πατὴρ
3564 3371 3664 3425 τὸν

2074 3460 2205 3515 Υἱὸν
2223 3459 2593 3527 ἀμεστεύτως.
2636 3481 2653 3511 ι

2152 3555 2212 3607 '0
2230 3555 2391 3618 αὐτὸς
2407 3555 2558 3618 εἰςτδ
2577 3554 2829 3626 ρητὺντδ,
2860 3548 3060 3619 «Οὗτος
3075 3550 3142 3626 ἦν
3162 3556 3223 3609 ἐν
3241 3555 3384 3634 ἀρχῇ
3408 3553 3547 3625 πρὸς
3568 3556 3660 3610 τὶν

2071 3650 2224 3715 Θεὺν,
2266 3667 2284 3701 ι
2316 3651 2376 3703 ἐν
2404 3654 2473 3720 τῇ
2503 3651 2771 3721 ἑρμηνείᾳ
2832 3649 2926 3703 τοῦ
2958 3651 3102 3703 κατὰ
3146 3650 3412 3721 Ἰωάννην
3442 3666 3613 3721 φησιν
3636 3666 3651 3682 ·

2076 3760 2096 3792 ι
2155 3740 2402 3809 Ἀμὲσως
2434 3744 2528 3796 καὶ
2565 3740 2856 3812 προσεχῶς
2881 3743 3029 3795 ἐστιν
3066 3745 3095 3796 6
3134 3743 3264 3806 Υίδς
3290 3745 3347 3797 ὲν
3407 3743 3490 3815 τῷ
3533 3744 3658 3813 θεῷ

2070 3834 2167 3887 καὶ
2201 3833 2398 3905 Πατρί.
2436 3852 2455 3885 ι

2156 3927 2216 3980 Ὀ
2246 3927 2407 3990 αὐτὸς
2455 3929 2534 3990 εἰς
2576 3928 2636 3981 τὸ
2698 3928 2862 4001 pr;sz
2925 3928 3007 3993 τὸ,
3081 3947 3101 3980 ι
3141 3929 3327 3984 Πάντα
3356 3930 3434 3983 δι’
3481 3929 3653 3985 αὐτοῦ

2069 4020 2310 4088 ἐγένετο,
2341 4038 2359 4072 ι
2398 4020 2568 4089 φησίν
2601 4037 2615 4052 ·
2644 4039 2663 4072 ι
2697 4022 2946 4074 Συνεῖναι
2974 4021 3033 4075 δὲ
3066 4022 3141 4092 τῷ
3166 4017 3282 4091 Υίῷ
3304 4024 3397 4076 τὸν
3431 4023 3656 4093 Πατέρα
3712 4066 3725 4093 ,-
3764 4028 3777 4037 ⁸

2069 4082 2305 4181 νοοῦμεν
2330 4082 2423 4164 δια
2460 4082 2521 4164 τὸ
2579 4113 3012 4183 ἀπαράλλακτον
3079 4082 3183 4184 si};
3212 4082 3403 4179 οίισίας
3439 4116 3537 4168 καὶ
3587 4082 3659 4169 ¹τὸ
3698 4082 3721 4140 ί

2068 4205 2254 4275 ἄκρως
2288 4204 2553 4275 προσεχές
2573 4222 2634 4258 τε
2658 4207 2751 4259 καὶ
2780 4205 2988 4276 ἄμεσον
3016 4207 3186 4262 αὑτοῦ
3227 4208 3366 4277 πρὸς
3390 4208 3451 4260 τὸ
3471 4207 3533 4272 ἐξ
3555 4208 3655 4261 αὐ-

2068 4296 2160 4350 τοῦ
2203 4297 2446 4366 φυσικῶς
2512 4298 2807 4369 προελθόνο
2851 4317 2870 4350 ι
2905 4299 3002 4351 καὶ⁵
3032 4299 3165 4368 μετ’
3203 4299 3400 4367 ὀλίγα·
3472 4319 3491 4351 ι
3552 4299 3657 4354 A6-

2069 4406 2165 4460 γος
2199 4390 2298 4461 μὲν
2348 4389 2458 4461 γὰρ
2519 4391 2614 4443 καὶ
2673 4390 2840 4458 σοφία
2902 4393 2932 4445 6
2992 4390 3144 4455 Υἱὸς,
3195 4391 3283 4445 διὰ
3352 4391 3415 4445 τὸ
3454 4393 3520 4445 ἐκ
3561 4392 3654 4446 νοῦ

2070 4486 2165 4537 καὶ
2214 4485 2274 4535 ἐν
2317 4480 2390 4552 νῷ
2426 4482 2711 4554 προσεχῶς
2742 4483 2837 4543 καὶ
2879 4484 3247 4548 ἁδιαστάτως,
3296 4484 3396 4537 καὶ
3441 4483 3543 4554 τὴν
3573 4486 3656 4548 είς

381 4568 834 4636 inseparabiliter,
885 4577 938 4623 et
981 4569 1122 4624 inter
1165 4585 1226 4626 se
1267 4571 1383 4640 ipsa
1443 4588 1635 4629 eorum
1675 4590 1797 4645 qua:
1832 4591 1954 4639 ,ηο-

2087 4575 2266 4646 ἱλληλα
2309 4574 2420 4627 τῶν
2472 4574 3005 4647 σημαινομένων,ὡε
3024 4575 3089 4630 ἂν
3116 4576 3260 4630 εἴποι
3329 4591 3413 4639 τις
3447 4577 3652 4645 ἀντεμ-

378 4669 591 4723 tantur,
659 4667 717 4711 ut
772 4659 995 4729 quidam
1058 4661 1283 4728 diceret,
1336 4663 1674 4735 reciprocam
1745 4664 1957 4721 immis-

379 4753 611 4808 sionem.
653 4771 671 4803 ι

454 4844 689 4899 Sanctus
719 4843 1056 4915 Epiphanius
1085 4847 1331 4904 oratione
1364 4849 1417 4904 iu
1452 4864 1709 4920 magnum
1755 4850 1961 4908 Sabba-

378 4949 519 5003 tum,
568 4938 724 5007 Cujus
781 4941 1151 5011 principium:
1208 4960 1227 4994 ι
1268 4941 1410 5007 Quid
1459 4943 1556 4997 hoc
1606 4944 1733 4999 est?
1770 4962 1789 4995 ι
1835 4945 1956 4999 ait:

384 5047 407 5080 ι
447 5028 503 5083 iu
530 5031 707 5084 medio
750 5031 980 5086 duorum
1019 5033 1318 5086 viventium
1350 5032 1570 5103 agnitus
1603 5031 1768 5090 Jesus
1799 5035 1959 5090 Chri-

378 5132 497 5177 stus
534 5122 585 5176 in
612 5124 789 5180 medio
811 5126 989 5181 Patris
1020 5136 1073 5180 et
1094 5125 1216 5179 Filii
1245 5124 1477 5181 duorum
1507 5126 1826 5191 viventium,
1851 5128 1958 5184 vita

376 5229 443 5269 ex
481 5214 609 5282 vita,
645 5229 835 5270 natura
866 5217 974 5270 vita
1008 5216 1281 5286 ceguitus.
1321 5234 1339 5268 ι

454 5401 691 5455 Sanctth
740 5398 978 5471 Cyrillus
1032 5399 1175 5454 iihro
1232 5416 1283 5453 vr
1338 5419 1403 5456 au
1452 5401 1725 5458 ilermtam
1781 5405 1957 5458 dicit:

383 5510 403 5543 ι
443 5492 742 5560 Sequentes
783 5492 947 5560 igitur
986 5507 1268 5547 sacrarum
1320 5494 1724 5564 Scripturarum
1776 5495 1956 5556 iidem,

377 5595 433 5636 et
461 5604 486 5635 ει
519 5585 858 5652 εεψίριιιζιηιε
914 5586 1203 5640 admodum
1253 5592 1438 5643 tritam
1483 5598 1535 5641 et
1582 5590 1745 5651 viam,
1782 5599 1837 5640 ut
1884 5588 1957 5641 ita

376 5676 577 5737 dicam,
617 5677 980 5731 velticulareut
1023 5680 1315 5747 Calcatttes,
1355 5683 1518 5735 robur
1556 5680 1647 5734 Dei
1690 5691 1737 5751 et
1783 5679 1958 5734 Patris

452 5827 667 5884 "Joan.
709 5848 746 5896 ι,
775 5833 830 5885 2.
908 5835 1101 5891 "ibid.
1142 5837 1194 5890 5.

2063 4666 2245 4738 ὁολήν.
2284 4685 2302 4719 ι

2145 4857 2206 4911 Ὀ
2233 4857 2388 4926 ἅγιος
2434 4858 2773 4926 Ἑπιςράνιος,
2807 4857 2867 4910 ὲν
2920 4854 2997 4926 τῷ
3030 4858 3110 4919 εἰς
3139 4857 3200 4909 τδ
3226 4856 3374 4925 μέγα
3428 4856 3651 4909 Σάϐϐα-

2062 4970 2153 5006 τον
2187 4953 2344 5022 Λόγῳ
2371 4951 2559 5016 αὐτοῦ,
2582 4944 2654 5025 οὗ
2683 4953 2715 5022 ἡ
2747 4949 2912 5020 ἀρχὴ.
2951 4968 2970 5002 ι
3011 4950 3078 5004 Ti.
3107 4950 3262 5005 τοῦτο
3312 4952 3579 5022 σήμερον,
3627 4969 3647 5003 ι

2066 5044 2233 5114 φησίν
2263 5058 2277 5075 ·
2310 5061 2329 5095 ι
2376 5043 2464 5096 Ἐν
2498 5041 2649 5114 μέσῳ
2696 5042 2792 5095 δύο
2832 5040 2988 5105 ζωῶν
3034 5042 3299 5109 γνωσθεὶς
3363 5042 3573 5110 Ἰησοῦς
3624 5044 3654 5095 6

2066 5136 2304 5197 Θεόπαις
2351 5136 2412 5189 ὲν
2464 5135 2619 5204 μέσῳ
2672 5133 2887 5204 Πατρδς
2931 5134 3028 5188 καὶ
3058 5133 3386 5205 Πνεύματος
3419 5134 3531 5187 τῶν
3555 5133 3652 5187 δύο

2069 5227 2244 5293 ζωῶν,
2323 5226 2438 5300 ζωὴ
2523 5227 2588 5279 ὲκ
2655 5226 2824 5296 ζωῆς,
2878 5225 3045 5295 φύσει
3094 5225 3209 5296 ζωὴ
3277 5225 3646 5295 γινωριξόμε-

2069 5335 2180 5381 νος.
2220 5337 2240 5370 ι
3322 5366 3329 5371 .

2150 5408 2209 5462 Ὅ
2232 5408 2385 5478 ἅγιος
2421 5407 2691 5478 Κύριλλος
2725 5411 2784 5461 ὲν
2815 5408 2893 5477 τῷ
2938 5413 2991 5473 ς’
3018 5406 3129 5460 τῶν
3172 5408 3309 5477 πρὸς
3384 5407 3649 5479 Ἑρμείαν

2069 5501 2230 5569 φησίν
2255 5516 2269 5530 ·
2296 5518 2316 5551 ι
2339 5499 2627 5568 Ἐπομενοι
2653 5500 2831 5552 τοίνυν
2853 5501 2919 5569 τῇ
2946 5499 3054 5551 τῶν
3080 5499 3243 5570 ίερῶν
3269 5500 3451 5553 πίστει
3468 5516 3648 5568 γραμ-

2070 5592 2278 5659 μάτων,
2309 5591 2403 5644 καὶ
2443 5590 2610 5643 οἱονεὶ
2649 5592 2747 5662 τὴν
2786 5590 2989 5660 ἀτριϐῆ
3020 5593 3135 5653 τοῖς
3166 5590 3647 5659 σοφοίς⁶ἁμαξιτὸν

2067 5682 2494 5752 ὂιαστείχοντες,
2523 5682 2759 5753 δύναμιν
2789 5681 2885 5737 τοῦ
2918 5679 3057 5735 Θεοῦ
3093 5684 3185 5736 καὶ
3237 5681 3451 5750 Πατρὸς
3480 5679 3645 5734 αὐτὸν
