3958 6404
373 359 490 428 629

1423 369 1637 432 ΙΟΛΝ.
1684 367 1903 430 VEGCI
1941 366 2052 428 GP.
2090 362 2609 428 PATRIARCILE

3560 371 3666 432 (iii)

374 486 509 533 esse
548 478 758 545 dicunt,
796 478 888 549 qui
930 488 1016 536 est
1044 494 1236 535 rursus
1271 477 1579 543 character,
1620 479 1807 534 lumen
1847 491 1983 534 vero

2102 474 2178 527 τοῦ
2211 474 2349 528 Θεοῦ
2400 477 2495 529 καὶ
2548 475 2762 545 Πατρδς
2791 476 2885 528 τὸν
2933 475 3063 530 Υίὸν
3119 471 3478 545 εἶναίφασιν,
3528 477 3670 546 ὅπερ

379 585 448 623 ex
496 571 616 639 ipso
660 570 929 641 gratiam,
980 585 1103 640 qua:
1137 585 1235 640 per
1288 570 1554 641 Spiritum
1604 572 1659 626 in
1696 570 1979 627 creaturas

389 670 694 731 permanat.
739 680 757 714 ι
807 662 872 716 Ει
918 671 1038 732 post
1074 677 1293 734 pauca:
1348 683 1369 718 ι
1402 663 1539 721 Cum
1591 681 1720 720 vero
1761 665 1981 720 nemine

388 752 747 808 adalnhitante
797 754 967 810 facies
1010 763 1095 811 est
1140 756 1234 811 Dei
1294 768 1349 812 et
1400 756 1579 813 Patris
1630 758 1824 820 Filius,
1875 744 2005 812 erit.

387 844 558 898 etiam
612 844 790 902 modis
840 846 1099 903 omnibus
1152 848 1272 919 ipse
1322 859 1377 904 et
1427 850 1712 905 character
1760 848 1813 903 in
1869 862 1983 918 quo

344 988 347 991 .
391 934 539 991 Deus
569 935 797 1007 sigillat.
840 956 861 990 ι

460 1113 609 1175 idem
654 1114 710 1170 in
749 1114 999 1173 dictum:
1040 1138 1061 1171 ι
1104 1120 1366 1193 Alioquin
1403 1133 1624 1194 propter
1666 1139 1831 1194 opera
1866 1125 1982 1192 ipsa

390 1207 596 1262 credite
615 1208 684 1273 ",
717 1225 737 1259 ι
769 1208 939 1265 dicit:
971 1230 991 1263 ‹
1025 1211 1237 1267 Etenim
1262 1214 1308 1269 si
1336 1216 1566 1286 replevit
1592 1218 1762 1272 cmlos
1812 1216 1984 1274 Filius

388 1309 442 1352 et.
486 1308 731 1355 extrema
771 1308 950 1369 terrae,
994 1305 1060 1358 ad
1112 1306 1383 1361 infernum
1420 1324 1614 1379 nempe
1646 1311 1982 1382 pertingens.

389 1391 666 1457 quomodo
711 1407 821 1447 non
874 1395 979 1448 erit
1025 1411 1054 1450 a
1107 1398 1320 1454 ratione
1360 1400 1762 1456 alienissimum
1812 1403 1986 1457 conli-

390 1481 592 1536 nentia:
624 1498 825 1539 nomen
862 1486 964 1556 ipsi
1007 1489 1311 1546 attribuere
1341 1507 1356 1544 :
1391 1506 1571 1563 neque
1615 1492 1749 1547 illud
1800 1494 1987 1548 consi-

390 1572 610 1639 derant,
641 1575 685 1629 si
716 1573 886 1633 facies
912 1578 1079 1644 illius,
1106 1579 1345 1650 Spiritus
1378 1597 1596 1653 nempe,
1632 1582 1803 1638 facies
1838 1586 1984 1639 enim

391 1661 514 1717 lilii
551 1663 790 1734 Spiritus
834 1670 1178 1738 appellatur,
1226 1673 1412 1726 omnia
1464 1674 1672 1744 replet,
1711 1675 1988 1745 quomodo

395 1755 750 1815 curitinentia
783 1762 1035 1819 terminis
1070 1763 1406 1833 alligabitur.
1450 1784 1469 1817 ι

927 1950 1321 2007 ΕΡΙΟΠΛΡΠΕ
1364 1951 1454 2007 ιν.

465 2040 604 2096 Cum
639 2043 863 2112 quidam
896 2046 950 2098 in
979 2044 1255 2101 Trinitate
1295 2047 1682 2133 mediattonent
1719 2046 1843 2103 Filii
1880 2065 1986 2102 non

394 2134 710 2200 admittant,
738 2150 862 2205 qua:
889 2137 1067 2206 palam
1092 2148 1390 2208 aperteque
1414 2152 1443 2191 a
1496 2141 1703 2195 sanctis
1736 2141 1992 2196 Patribus

392 2223 742 2293 ris-cernitur,
786 2230 1078 2297 praesentia
1122 2231 1439 2286 testimonia
1489 2232 1747 2302 dictaque
1786 2234 1991 2304 scripto

404 2317 601 2373 tradita
651 2319 881 2376 collecta
937 2333 1101 2390 sunt,
1158 2322 1225 2377 ad
1273 2325 1667 2380 ostendendum
1725 2326 1991 2396 Spiritum

394 2428 491 2475 per
536 2411 737 2467 Filium
779 2413 927 2469 Patri
975 2416 1268 2486 conjungi,
1318 2428 1375 2473 et
1424 2418 1492 2473 ad
1540 2418 1993 2475 manifestissime

392 2505 788 2562 declarandum
826 2508 1035 2564 nemini
1069 2509 1298 2567 dubiam
1337 2525 1463 2569 esse
1512 2512 1565 2567 in
1603 2510 1871 2569 'l‘i-initate
1906 2531 1994 2570 or-

398 2599 605 2653 tlinum.
893 2662 898 2667 .

468 2690 703 2773 Magnus
726 2691 1067 2751 Athanasius
1099 2697 1352 2751 oratione
1383 2707 1586 2766 quarta
1613 2708 1804 2755 contra
1835 2699 1992 2754 Aria-

396 2799 517 2847 nos,
548 2798 673 2854 qua:
702 2784 936 2854 incipit:
974 2804 994 2838 ι
1033 2787 1215 2842 Semel
1252 2788 1442 2842 Ariani
1480 2798 1803 2857 statuentes,
1837 2803 1897 2846 ut
1925 2809 1994 2847 ex

398 2890 458 2929 re
486 2884 739 2947 apparet,
767 2877 1078 2933 defectores
1111 2894 1233 2935 sese
1260 2883 1825 2953 praevaricatoresque
1857 2885 1997 2940 veri-

401 2969 530 3023 tatis
554 2964 925 3033 exhibere,'in
961 2984 1023 3026 se
1056 2972 1344 3027 traducere
1375 2974 1605 3029 omnino
1639 2975 1773 3030 velle
1804 2976 1997 3030 viden-

399 3074 525 3125 lur,
563 3062 710 3132 quod
746 3064 1015 3131 scriptum
1064 3074 1146 3119 est
1170 3103 1185 3127 ,
1223 3063 1501 3134 [inquitz
1544 3085 1563 3117 ι
1608 3066 1850 3136 Spiritus
1887 3084 1996 3121 non

2082 567 2200 619 ἐστὶ
2249 567 2413 621 πάλιν
2453 570 2482 621 6
2528 567 2843 638 χαρακτὴρ,
2895 567 3011 638 φῶς
3054 568 3111 623 δὲ
3152 568 3213 623 τὸ
3258 569 3318 636 ἐξ
3351 570 3520 625 αὐτοῦ
3571 571 3671 642 τὴν

2081 662 2172 715 διὰ
2197 661 2294 716 τοῦ
2322 662 2642 735 Πνεύματος
2672 665 2763 717 ἐπὶ
2785 664 2884 729 τὴν
2909 664 3086 719 κτίσιν
3107 664 3405 735 διήκουσαν
3429 666 3615 734 χάριν.
3651 681 3669 714 ι

2085 755 2192 808 Καὶ
2218 754 2339 823 μετ’
2367 754 2526 822 ὀλίγα
2551 772 2566 789 ο
2603 773 2621 806 ι
2674 754 2892 825 Ἐπειδὴ
2922 755 2977 808 δὲ
3007 753 3461 824 ὁμολογουμένως
3501 755 3677 821 πρόσ-

2084 846 2235 900 ωπόν
2292 848 2410 900 ἐστι
2447 846 2541 900 τοῦ
2573 845 2709 899 Θεοῦ
2746 847 2842 899 καὶ
2877 847 3093 918 Πατρός
3135 847 3164 899 6
3196 847 3343 910 Υἱὸς,
3374 845 3460 915 εἴη
3504 846 3679 914 δήπου

2088 939 2307 1002 πάντως
2376 938 2539 1002 αὐτὸς
2593 939 2690 993 καὶ
2736 939 2765 991 ό
2815 939 3122 1009 χαρακτὴρ,
3171 940 3229 991 ὲν
3282 929 3329 1006 ᾧ
3386 937 3681 1005 σφραγίζει

2084 1032 2240 1095 Θεός.
2280 1051 2299 1084 ι

2166 1123 2227 1177 '0
2256 1122 2419 1188 αὐτὸς
2452 1126 2532 1190 είς
2558 1124 2618 1179 τὸ
2654 1124 2819 1198 ῥητὸν
2849 1125 2931 1191 τὸ,
2978 1143 2997 1177 ι
3034 1126 3095 1179 Εἰ
3125 1126 3181 1179 δὲ
3218 1126 3295 1197 μὴ
3324 1124 3414 1179 διὰ
3449 1126 3520 1180 τὰ
3539 1126 3679 1195 ἔργα

2086 1214 2225 1268 αὐτὰ
2256 1215 2567 1279 πιστεύετε,
2608 1235 2627 1269 ›
2668 1217 2837 1289 φησίν
2864 1233 2877 1247 °
2912 1236 2930 1268 ι
2969 1217 3031 1272 Εί
3064 1219 3173 1287 γάρ
3208 1217 3544 1289 πεπλήρωκε
3582 1218 3682 1288 μὲν

2086 1307 2350 1377 οὐρανοὺς
2388 1308 2416 1358 ὁ
2463 1308 2593 1373 Υἱὸς
2646 1309 2835 1364 καὶτὰ
2868 1308 3073 1380 ἔσχατα
3138 1309 3239 1379 τῆς
3268 1310 3391 1380 γῆς,
3429 1311 3682 1363 τουτέστι

2093 1398 2161 1451 τὰ
2193 1400 2275 1461 εἰς
2304 1399 2397 1451 τὸν
2421 1398 2578 1471 ᾅδην,
2610 1399 2728 1463 πῶς
2775 1401 2835 1453 οὐ
2864 1402 3072 1470 σφόδρα
3119 1400 3588 1470 παραλογώτατον
3625 1399 3684 1453 τὸ

2090 1488 2355 1559 περιοχῆς
2398 1489 2572 1558 ὄνομα
2602 1490 2947 1561 προσάπτειν
2984 1490 3155 1561 αὐτῷ,
3191 1490 3326 1560 μηδὲ
3368 1492 3550 1543 ἐκεῖνο
3588 1490 3680 1542 λο-

2089 1580 2420 1651 γισαμένους
2461 1582 2565 1647 ὅτι,
2597 1582 2647 1635 εἰ
2678 1582 2740 1635 τὸ
2778 1583 3076 1653 πρόσωπον
3107 1581 3300 1645 αὐτοῦ,
3327 1581 3581 1635 τουτέστι
3625 1581 3684 1637 τό

2093 1671 2340 1742 Πνεῦμα,
2364 1672 2657 1743 πρόσωπον
2679 1673 2789 1743 γὰρ
2813 1674 2906 1726 τοῦ
2933 1673 3065 1727 Υίοῦ
3087 1674 3335 1729 καλεῖται
3355 1672 3417 1726 τὸ
3435 1672 3683 1743 Πνεῦμα,

2090 1763 2158 1817 τὰ
2192 1764 2373 1817 πάντα
2405 1763 2623 1835 πληροῖ,
2657 1765 2776 1829 πῶς
2801 1767 2869 1821 ἂν
2905 1765 3068 1830 αὐτὸς
3094 1768 3226 1821 είσω
3248 1767 3463 1833 γένοιτο
3490 1782 3683 1838 περιο-

2091 1858 2230 1928 vis:
2262 1877 2287 1910 ι

2648 1953 2994 2006 ΕΠΙΓΡᾹΦΗ
3047 1954 3122 2009 Δ’.

2176 2046 2396 2117 Ἐπειδὴ
2430 2063 2574 2109 τινες
2608 2046 2687 2117 μὴ
2719 2047 3148 2116 καταδεχόμενοι
3176 2051 3277 2117 τὴν
3305 2048 3367 2100 ἐν
3392 2050 3462 2118 τῇ
3490 2046 3687 2117 Τριάδι

2096 2138 2383 2205 μεσιτείαν
2433 2136 2527 2191 τοῦ
2581 2138 2740 2202 Υίοῦ,
2797 2138 3082 2208 προδήλως
3123 2140 3280 2209 παρὰ
3337 2139 3447 2192 τῶν
3508 2140 3685 2209 ἁγίων

2094 2229 2544 2301 θεολογουμένην,
2603 2229 2982 2301 ἁπαρνοῦνται
3041 2232 3133 2285 καὶ
3186 2232 3248 2284 τὸ
3301 2231 3441 2295 ὅλως
3499 2233 3685 2301 λέγειν

2094 2322 2266 2391 ὄνομα
2296 2321 2504 2386 τάξεως
2536 2325 2594 2375 ὲν
2634 2325 2700 2394 τῇ
2737 2324 2779 2375 Τ
2785 2322 2953 2393 ριάδι,
2990 2323 3368 2395 συνελέγησαν
3398 2326 3456 2378 αἱ
3486 2325 3719 2397 παροῦ-’

2097 2430 2186 2467 σαι
2216 2417 2491 2482 γραφικαὶ
2523 2416 2749 2486 χρήσεις
2778 2418 2856 2479 είς
2887 2416 3127 2486 δήλωσιν
3153 2434 3210 2471 τε
3246 2416 3342 2470 τοῦ
3373 2418 3434 2471 τὸ
3465 2419 3693 2488 Πνεῦμα

2093 2507 2184 2561 διὰ
2207 2508 2301 2560 τοῦ
2328 2508 2459 2561 Υίοῦ
2491 2508 2865 2562 συνάπτεσθαι
2895 2509 2974 2579 τῷ
3007 2510 3206 2580 Πατρὶ,
3244 2508 3351 2564 ’καὶ
3396 2512 3479 2575 είς
3509 2512 3696 2582 παρά-

2098 2615 2293 2654 στασιν
2356 2601 2448 2653 τοῦ
2484 2600 2742 2670 λέγεσθαι
2774 2602 3052 2673 ἀριδὴλως
3088 2602 3242 2668 τάξιν
3274 2608 3333 2658 tv
3362 2607 3431 2676 τῇ
3471 2604 3691 2675 Τριάδι.

2179 2690 2240 2746 Ὀ
2279 2693 2453 2761 μέγας
2511 2692 2838 2755 ’Λθανάσιος
2879 2694 2938 2746 ὲν
2980 2694 3058 2764 τῷ
3102 2694 3245 2748 κατὰ
3293 2693 3599 2765 Ἀρειανῶν
3648 2700 3695 2762 γ’

2095 2784 2260 2852 λόγῳ,
2307 2779 2368 2838 οῦ
2404 2786 2437 2855 ή
2469 2783 2635 2855 ἀρχὴ,
2690 2803 2709 2835 ι
2771 2785 2835 2837 Οί
2894 2785 3330 2856 ’Λρειομανῖται,
3389 2785 3467 2850 ὡς
3520 2786 3693 2852 ἔοικε,

2097 2876 2387 2947 κρίναντες
2421 2876 2574 2942 ἅπαξ
2601 2877 2911 2931 ἀποστάται
2944 2878 3205 2947 γενέσθαι
3237 2880 3334 2933 καὶ
3365 2880 3696 2950 παραϐάται

2096 2969 2197 3037 τῆς
2235 2969 2518 3040 ἀληθείας,
2557 2969 2956 3037 φιλονεικοῦσιν
2996 2971 3077 3033 είς
3114 2970 3345 3034 ἑαυτοὺς
3384 2970 3696 3040 ἑφελκὺσαι

2098 3061 2159 3113 τὸ
2183 3063 2592 3133 γεγραμμένον,
2631 3080 2651 3114 ι
2681 3062 2847 3132 φησίν
2870 3078 2885 3093 ⁸
2922 3080 2942 3114 r
2979 3063 3054 3116 Οὐ
3086 3062 3146 3115 τὸ
3178 3061 3406 3133 Πνεῦμα
3428 3064 3700 3120 συνάπτει

395 3154 683 3224 coniungit
707 3153 855 3209 Patri
881 3153 1142 3220 Verbum,
1169 3155 1262 3211 sed
1289 3156 1473 3223 potius
1498 3154 1736 3225 Spiritus
1759 3172 1788 3209 a
1817 3157 1992 3212 Verbo

2102 3151 2189 3205 τὸν
2223 3152 2401 3220 Λόγον
2432 3152 2510 3222 τῷ
2541 3155 2741 3228 Πατρὶ,
2788 3152 2925 3208 ἀλλὰ
2962 3154 3167 3224 μᾶλλον
3197 3155 3261 3208 τὸ
3289 3153 3517 3225 Πνεῦμα
3543 3158 3698 3226 παρὰ

400 3249 413 3297 i
442 3250 451 3295 l
489 3247 709 3318 accipit.
751 3267 771 3301 ο
811 3247 876 3301 Et
896 3257 1020 3318 post
1042 3264 1216 3318 pauca
1247 3267 1259 3302 :
1291 3268 1310 3301 ι
1338 3249 1475 3305 Cum
1515 3250 1719 3305 etenim
1755 3249 1990 3305 Verbum

403 3356 455 3389 ιιι
491 3338 649 3393 Patre
680 3347 796 3403 est,
838 3339 1082 3407 Spiritus
1115 3356 1244 3394 vero
1273 3357 1337 3394 ex
1382 3339 1562 3395 Verbo
1590 3342 1782 3407 datur,
1816 3343 1931 3397 vult
1963 3360 1993 3398 a

403 3432 563 3485 nobis
600 3430 866 3499 Spiritum
905 3433 1099 3501 accipi,
1135 3441 1196 3486 ut
1230 3447 1354 3487 cum
1398 3433 1551 3486 illum
1591 3435 1991 3503 acceperimus,

403 3534 516 3576 tum
566 3524 833 3577 habentes
872 3522 1140 3594 Spiritum
1188 3522 1353 3579 Verbi
1407 3526 1552 3595 quod
1596 3526 1652 3581 in
1694 3526 1857 3582 Patre
1886 3538 1991 3593 est,

399 3614 689 3669 videamur
735 3623 791 3669 et
851 3630 951 3670 nos
1002 3626 1228 3685 propter
1282 3615 1589 3685 Spiritum,
1642 3634 1814 3672 unum
1867 3634 1993 3674 cum

408 3705 585 3760 Verbo
618 3706 770 3771 ﬁeri,
810 3716 865 3762 et
901 3724 996 3777 per
1042 3709 1219 3777 ipsum
1262 3722 1385 3762 cum
1420 3707 1606 3765 Patre.
1644 3729 1662 3761 ι
1702 3710 1766 3764 Ει
1807 3711 1996 3780 paucis

401 3798 632 3866 adjectis
661 3811 676 3857 :
715 3816 734 3848 ι
768 3797 881 3853 Hac
908 3798 1121 3854 ratione
1147 3799 1201 3854 in
1235 3799 1376 3853 Filio
1409 3810 1463 3855 et
1500 3803 1550 3855 in
1577 3800 1738 3857 Patre
1764 3805 1992 3870 erimus,

402 3904 455 3943 et
481 3892 862 3961 reputahimnr
895 3908 1066 3945 unum
1102 3893 1217 3945 iieri
1241 3930 1256 3956 ,
1289 3893 1440 3963 quod
1478 3894 1530 3947 in
1566 3896 1721 3949 nobls
1758 3894 1998 3964 Spiritus

404 3994 509 4049 est,
548 3984 745 4053 quiest
774 3985 828 4037 in
855 3982 1033 4039 Verbo
1075 3985 1259 4051 illius,
1310 3985 1454 4056 quod
1509 3996 1591 4041 est
1644 3989 1695 4040 in
1749 3986 1929 4040 Patre.
1969 4006 1988 4037 ι

502 4174 625 4229 dem
659 4175 889 4243 epistola
931 4176 999 4231 ad
1038 4176 1395 4253 Serapionem
1430 4179 1496 4232 de
1535 4178 1741 4249 Spiritu
1777 4191 2001 4245 sancto,

404 4284 526 4336 (pne
577 4267 812 4339 incipit:
870 4288 888 4322 ι
950 4270 1171 4326 Litterae
1220 4281 1327 4326 tute
1376 4273 1716 4326 sanctissimi
1768 4270 1996 4330 alliecms

401 4362 543 4415 (lata:
588 4369 715 4415 sunt
765 4360 899 4415 mihi
951 4362 1006 4415 in
1079 4378 1287 4418 eremo.
1343 4362 1427 4419 Ob
1471 4362 1632 4418 Verbi
1675 4366 1820 4417 enim
1868 4381 1992 4419 cum

405 4451 569 4505 Patre
599 4450 900 4518 unitatem,
946 4452 1141 4507 nolunt
1180 4452 1374 4508 Filium
1412 4454 1465 4509 in
1512 4469 1804 4509 numerum
1837 4471 1993 4509 erea—

400 4556 652 4598 turarum
705 4545 1007 4600 recenseri.
1049 4544 1161 4599 Cur
1205 4546 1372 4615 igitur
1419 4545 1682 4615 Spiritum
1718 4556 1995 4614 sanctum,

397 4637 499 4703 qui
532 4638 696 4691 habet
717 4637 967 4691 eamdem
998 4637 1263 4692 unitatem
1293 4651 1417 4691 cum
1444 4635 1606 4704 Filio,
1629 4652 1795 4706 quam
1824 4637 1997 4693 Filius

400 4729 574 4781 habet
608 4744 733 4783 cum
768 4728 966 4795 Patre,
1004 4739 1314 4785 creaturam
1351 4729 1588 4784 dicunt?
1616 4727 1804 4799 Neque
1838 4729 1999 4785 intel-

402 4822 583 4887 iigttnt
614 4820 758 4890 quod
797 4822 1287 4892 quemadmodum,
1324 4822 1419 4892 qui
1451 4821 1652 4876 Filium
1686 4821 1940 4879 dividunt
1966 4838 1996 4875 a

418 4916 599 4978 t'ntre,
633 4925 911 4984 nequeunt
938 4916 1078 4972 tueri
1109 4926 1166 4972 ut
1197 4930 1341 4971 unus
1370 4915 1443 4970 sit
1473 4914 1637 4977 Deus,
1675 4914 1749 4969 ita
1776 4928 1998 4984 quoque

402 5003 715 5061 dividentes
748 5005 1015 5077 Spiritum
1045 5016 1294 5062 sanctum
1328 5021 1357 5060 a
1391 5003 1593 5071 Verbo,
1628 5021 1733 5060 non
1768 5015 1998 5074 possunt

410 5113 630 5153 scrvare
664 5116 827 5155 unam
860 5101 915 5155 in
950 5099 1225 5155 Trinitale
1253 5098 1616 5153 divinitatem.
1659 5116 1676 5149 ι
1714 5096 1779 5151 Ει
1810 5097 1996 5151 multis

402 5192 607 5248 alditis
648 5193 700 5247 in
733 5194 923 5248 eadem
950 5210 964 5246 :
1006 5211 1023 5243 ι
1060 5191 1116 5246 In
1143 5190 1364 5246 Christo
1392 5200 1509 5246 erat
1542 5188 1777 5259 Spiritus
1800 5204 1993 5258 quem-

406 5289 702 5343 admodum
751 5288 916 5342 Filius
944 5288 997 5341 in
1034 5286 1215 5341 Patre.
1257 5305 1275 5337 ι
1317 5286 1384 5339 Et
1412 5299 1633 5340 rursum
1674 5299 1688 5337 :
1736 5300 1756 5333 ι
1795 5280 1994 5336 Sancta

406 5393 459 5434 et
493 5381 651 5436 beata
687 5381 931 5436 Trinitas
964 5380 1314 5435 indivisihilis
1348 5391 1401 5435 et
1430 5379 1581 5434 unita
1630 5391 1753 5431 cum
1787 5390 1847 5430 se
1878 5376 1994 5446 ipsa

407 5482 532 5539 cst,
580 5486 633 5528 et
672 5489 800 5528 cum
839 5473 1157 5529 enuntiatur
1199 5473 1380 5535 Pater,
1418 5474 1565 5526 adest
1606 5486 1713 5525 una
1748 5469 1913 5524 simul
1945 5480 1998 5520 et

410 5566 562 5618 illius
600 5564 859 5633 Verbum,
892 5576 945 5621 et
979 5566 1215 5636 Spiritus
1240 5568 1334 5636 qui
1374 5568 1423 5619 in
1463 5563 1598 5618 Filio
1630 5573 1744 5627 est;
1773 5560 1917 5630 quod
1950 5560 1995 5613 si

408 5658 579 5713 Fll.u~
612 5660 933 5725 :ippt'llulttr,
969 5660 1021 5712 in
1054 5661 1188 5714 Filio
1224 5662 1377 5715 Pater
1408 5667 1507 5723 cst,
1536 5669 1587 5709 ct
1619 5656 1854 5709 δυξικιιιε
1886 5670 1991 5706 non

492 5822 696 5876 “Juun
758 5840 864 5885 MV,
909 5823 988 5877 l3.

2098 3242 2192 3297 τοῦ
2251 3245 2428 3313 Λόγου
2482 3244 2642 3299 τοῦτο
2695 3245 2990 3315 λαμϐάνει.
3058 3264 3078 3297 ι
3143 3244 3253 3300 Καὶ
3315 3243 3437 3315 μετ’
3492 3246 3693 3316 ὀλίγασ

2101 3356 2122 3388 ι
2177 3339 2397 3410 Ἐπειδὴ
2436 3339 2545 3409 γὰρ
2587 3341 2615 3391 ό
2660 3339 2833 3407 Λόγος
2884 3341 3034 3393 ἐστὶν
3055 3341 3117 3394 ὲν
3167 3339 3246 3411 τῷ
3292 3340 3490 3411 Πατρὶ,
3546 3341 3610 3394 τὸ
3640 3340 3701 3396 δὲ

2101 3429 2328 3500 Πνεῦμα
2355 3432 2419 3483 ὲκ
2448 3429 2543 3483 τοῦ
2585 3430 2763 3497 Λόγου
2798 3429 3028 3494 δίδοται,
3057 3430 3204 3485 θέλει
3235 3431 3423 3484 λαϐεῖν
3455 3433 3611 3502 ἡμᾶς
3633 3434 3699 3485 τὸ

2100 3521 2348 3591 Πνεῦμα,
2387 3522 2499 3590 ἵνα,
2532 3523 2666 3576 ὅταν
2701 3524 2881 3576 ἐκεῖνο
2908 3523 3188 3593 λάϐωμεν,
3229 3525 3353 3577 τότε
3386 3523 3607 3594 ἔχοντες
3638 3526 3702 3578 τὸ

2099 3612 2349 3682 Πνεῦμα,
2378 3614 2472 3668 τοῦ
2498 3616 2677 3683 Λόγου
2699 3615 2853 3679 όντος
2887 3617 2946 3668 ἐν
2973 3615 3052 3685 τῷ
3082 3616 3290 3687 Πατρὶ,
3319 3614 3568 3685 δόξωμεν
3601 3619 3703 3672 καὶ

2099 3709 2261 3775 ἡμεῖς
2291 3706 2380 3761 διὰ
2410 3708 2471 3761 τὺ
2502 3709 2753 3777 Πνεῦμα,
2793 3708 2851 3761 ἒν
2878 3708 3136 3776 γενέσθαι
3167 3712 3224 3763 ὲν
3260 3709 3339 3780 τῷ
3380 3709 3563 3778 Λόγῳ,
3601 3712 3705 3765 καὶ

2098 3798 2164 3851 δι’
2199 3798 2366 3853 αὑτοῦ
2414 3800 2492 3870 τῷ
2522 3800 2721 3870 Πατρί.
2760 3818 2778 3851 ι
2819 3801 2926 3853 Καὶ
2956 3800 3074 3870 μετ’
3106 3802 3264 3870 ὀλίγα
3293 3800 3507 3865 οὕτως’
3538 3819 3560 3854 ι
3608 3804 3704 3857 Ἐν

2099 3890 2176 3960 τῷ
2209 3891 2319 3961 Υίῷ
2353 3894 2445 3943 καὶ
2469 3894 2525 3944 ὲν
2544 3893 2621 3960 τῷ
2646 3892 2823 3963 Πατρὶ
2845 3891 3084 3962 ἐσόμεθα
3108 3894 3204 3946 καὶ
3238 3892 3700 3964 νομισθησόμεθα

2099 3981 2158 4035 ἓν
2190 3983 2543 4052 γεγενῆσθαι,
2576 3983 2663 4038 διὰ
2690 3983 2749 4036 τὸ
2781 3986 2837 4036 ὲν
2860 3985 2993 4054 ἡμῖν
3021 3980 3249 4038 εἶναιτὸ
3280 3984 3529 4056 Πνεῦμα,
3557 3987 3702 4056 ὅπερ

2100 4078 2248 4129 ἐστὶν
2284 4078 2341 4130 ὲν
2370 4076 2446 4145 τῷ
2472 4077 2628 4146 Λόγῳ
2662 4077 2827 4131 αὑτοῦ
2857 4078 2934 4149 τῷ
2967 4077 3081 4131 δντι
3112 4079 3169 4131 ὲν
3208 4079 3285 4150 τῷ
3322 4080 3524 4152 Πατρί.
3566 4102 3584 4130 ι

2183 4166 2243 4221 Ὀ
2284 4167 2445 4230 αὐτὸς
2478 4169 2536 4221 ὲν
2577 4171 2642 4237 τῇ
2684 4168 2822 4239 πρὸς
2867 4168 3193 4240 Σεραπίωνα
3230 4169 3489 4240 περὶτοῦ
3535 4171 3700 4240 ἁγίου

2100 4260 2416 4329 Πνεῦματος
2468 4261 2751 4329 ἐπιστολῇ,
2786 4254 2853 4330 ἦς
2898 4260 2931 4329 ἡ
2979 4259 3149 4331 ἀρχὴ,
3192 4278 3211 4312 ι
3248 4262 3331 4314 Τὰ
3382 4263 3698 4335 γράμματα

2098 4352 2197 4421 τῆς
2230 4352 2327 4420 σῆς
2352 4353 2507 4418 ἱερᾶς
2533 4351 2832 4412 διαθέσεως
2853 4349 3091 4421 ἀπεδόοη
3122 4368 3212 4421 μοι
3233 4353 3293 4403 ὲν
3313 4353 3379 4421 τῇ
3411 4354 3632 4425 ἐρήμῳ,
3676 4374 3695 4407 ›

2102 4444 2269 4514 φησίν
2296 4462 2309 4476 ο
2360 4463 2378 4495 ι
2428 4445 2539 4497 Καὶ
2569 4446 2676 4513 γὰρ
2712 4444 2762 4494 εί
2786 4443 2874 4495 διὰ
2907 4443 3005 4514 τὴν
3036 4444 3171 4514 πρὸς
3211 4444 3305 4497 τὸν
3342 4445 3570 4517 Πατέρα
3606 4448 3700 4501 τοῦ

2101 4542 2278 4609 Λόγου
2336 4540 2566 4609 ἑνότητα
2621 4541 2683 4591 οὑ
2739 4539 2990 4592 θέλουσιν
3041 4536 3183 4593 εἷναι
3239 4539 3354 4594 τῶν
3412 4545 3697 4613 γεννητῶν

2098 4634 2258 4687 αὐτὸν
2288 4634 2381 4686 τὸν
2425 4632 2579 4693 Υίδν,
2643 4632 2787 4685 διατι
2824 4632 2884 4685 τὸ
2918 4632 3141 4703 Πνεῦμα
3186 4634 3248 4687 τὸ
3294 4634 3471 4702 ἅγιον,
3502 4636 3566 4687 τὸ
3597 4637 3699 4704 τὴν

2099 4721 2270 4791 αὐτὴν
2316 4721 2439 4791 ἔχον
2483 4722 2716 4792 ἑνότητα
2754 4722 2892 4793 πρὸς
2934 4723 3028 4776 τδν
3061 4723 3212 4790 Υίδν,
3254 4724 3323 4794 ἢν
3365 4726 3534 4789 αὐτὸς
3575 4727 3730 4797 ἔχεις

2099 4771 2643 4886 ντδνΝΠατέραξ
2690 4771 2901 4883 κτίςῖμόι
2945 4814 3168 4882 λέγουσι
3188 4771 3212 4882 ;ν
3259 4771 3373 4869 lia!
3406 4771 3738 4897 τίγνόηέανξ

2099 4908 2201 4973 ὅτι,
2237 4905 2432 4976 ὥσπερ
2463 4905 2539 4977 μὴ
2572 4905 2912 4977 διαιροῦντες
2942 4905 3033 4959 τδν
3059 4906 3190 4960 Υίδν
3223 4907 3331 4960 ἀπὸ
3351 4909 3449 4961 τοῦ
3478 4900 3730 4987 Πατρὸςξ

2112 4996 2349 5061 σώζουσι
2384 4998 2476 5050 τὸν
2508 4998 2607 5049 ἕνα
2657 4996 2795 5049 Θεὸν
2835 4991 2997 5061 εἶναι,
3034 4996 3179 5049 οὕτω
3210 4997 3554 5067 διαιροῦντες
3588 5001 3698 5052 ἀπὸ

2105 5090 2199 5146 τοῦ
2234 5094 2414 5161 Λόγου
2441 5091 2500 5144 τὸ
2534 5091 2783 5161 Πνεῦμα,
2825 5090 3016 5143 οὐκέτι
3062 5091 3193 5160 μίαν
3246 5093 3345 5163 τὴν
3390 5095 3450 5145 ὲν
3499 5093 3694 5163 Τριάδι

2106 5183 2340 5253 θεότητα
2383 5182 2676 5246 σώζουσιν.
2726 5199 2745 5232 ι
2782 5180 2893 5233 Καὶ
2924 5181 3066 5251 μετὰ
3109 5181 3285 5234 πολλὰ
3315 5184 3371 5234 ὲν
3404 5184 3645 5253 τῇοαῦτῇ
3677 5197 3690 5211 '

2112 5296 2130 5328 ι
2181 5278 2271 5329 Ἐν
2303 5275 2523 5346 Χριστῷ
2556 5272 2625 5345 ἧν
2671 5274 2732 5326 τὸ
2770 5272 3021 5343 Πνεῦμα,
3069 5272 3264 5344 ὥσπερ
3290 5277 3317 5328 6
3365 5275 3495 5337 Υἱὸς
3527 5276 3588 5327 ἐν
3614 5275 3695 5345 τῷ

2104 5370 2301 5440 Πατρί.
2342 5388 2359 5420 ι
2401 5367 2510 5420 Καὶ
2544 5366 2736 5420 πάλιν·
2780 5385 2798 5418 ι
2844 5367 2910 5419 ’Π
2939 5366 3073 5435 ἁγία
3107 5368 3201 5421 καὶ
3234 5370 3486 5438 μακαρία
3516 5368 3691 5437 Τριᾶις

2106 5462 2411 5528 ἀδιαίρετος
2449 5460 2544 5511 καὶ
2575 5460 2838 5530 ἡνωμένη
2870 5458 3008 5528 πρὸς
3044 5459 3250 5528 ἑαυτήν
3286 5460 3426 5523 ἐστι,
3471 5461 3564 5513 καὶ
3598 5459 3691 5509 λε-

2104 5552 2337 5623 γομένου
2373 5552 2612 5623 Πατρὸς,
2647 5551 2912 5620 πρόσεστι
2946 5552 3041 5603 καὶ
3071 5550 3100 5602 6
3140 5553 3333 5604 τούτου
3370 5552 3564 5620 Λόγος,
3594 5550 3691 5603 καὶ

2105 5650 2164 5700 τὸ
2193 5649 2248 5703 ὲν
2272 5645 2348 5715 τῷ
2381 5645 2491 5715 Υἱῷ
2529 5644 2772 5713 Πνεῦμα.
2821 5646 2945 5697 Ἱεζαν
2986 5644 3041 5699 δὲ
3074 5647 3166 5698 κλὶ
3193 5648 3218 5698 6
3250 5646 3372 5708 Tib;
3413 5642 3687 5713 ὀνομάζη-
