3958 6430
340 400 439 461 till
1718 410 1731 423 ‘
1750 406 2229 475 El’lGllAPHE.
3502 410 3627 473 642‘

333 538 447 588 ται,
481 523 538 574 ἐν
577 522 648 593 τῷ
678 523 791 590 ras
825 526 971 580 ἐστιν
1004 528 1031 581 6
1063 528 1274 596 Πατὴρ,
1311 528 1404 581 καὶ
1455 527 1514 579 τὸ
1560 527 1909 596 Πνεῦμαόῢκ

2033 540 2103 584 :st
2145 542 2301 585 extra
2341 529 2599 584 Verbum.
2644 547 2663 580 ι
2704 527 2768 583 Ει
2799 537 2919 597 post
2961 526 3133 581 multa
3170 544 3182 580 ;
3227 546 3245 578 ι
3287 528 3422 582 Cum
3462 533 3606 584 enim
3642 584 3671 592 ρ

335 620 484 671 ἔστιν
510 619 669 683 ἐκτὸς
702 622 794 674 τοῦ
826 624 1002 692 Λόγου
1026 640 1039 654 ο
1085 642 1104 677 t
1138 627 1231 678 καὶ
1265 624 1405 693 μετὰ
1440 623 1612 678 πολλὰ
1633 641 1645 655 ·
1696 644 1713 675 ι
1763 623 1909 685 Ἔνος

2033 638 2167 676 unus
2197 624 2269 676 sit
2306 620 2479 677 Filius
2525 622 2714 677 vivens
2755 634 2970 685 sermo,
2999 635 3185 674 unam
3231 632 3447 690 oportet
3486 638 3610 677 esse

334 709 445 778 γὰρ
469 710 620 773 ὄντος
646 711 740 764 τοῦ
772 714 900 767 Υἱοῦ
930 714 1021 767 τοῦ
1051 714 1255 780 ζῶντος
1283 717 1482 783 Λόγου,
1514 714 1646 785 μίαν
1671 710 1811 766 εἶναι
1839 716 1909 766 δεῖ

2033 713 2324 783 perfectam
2358 723 2411 768 et
2448 713 2661 782 plenam
2700 710 3179 767 sanctificatricem
3219 712 3365 765 illam
3398 722 3453 766 et
3489 713 3611 766 illu-

333 802 547 854 τελείαν
580 805 678 856 καὶ
714 804 898 876 πλήρη
935 808 1034 876 τὴν
1071 806 1403 878 ἁγιαστικὴν
1442 807 1537 861 καὶ
1578 805 1909 877 φωτιστικὴν

2033 803 2370 857 minatricem
2406 806 2595 866 vitam,
2632 800 2738 855 vim
2771 800 3004 865 scilicet,
3037 809 3089 855 et
3122 799 3437 856 facultatem
3467 801 3607 871 ejus,

332 893 504 960 ζωὴν,
538 894 705 950 οὖσαν
742 898 1023 967 ἐνέργειαν
1068 899 1242 952 αὐτοῦ
1284 900 1381 952 καλ⁸
1419 898 1652 969 δωρεὰν,
1685 899 1814 969 ἥτις
1854 915 1909 966 γε

2033 910 2077 952 et
2125 897 2518 960 donationem,
2579 910 2701 965 qua:
2748 911 2777 950 a
2826 895 2983 950 Patre
3040 894 3239 949 dicitur
3292 896 3608 964 procedere,

332 986 397 1036 ἐκ
431 985 644 1053 Πατρός
675 987 897 1054 λέγεται
936 988 1586 1059 ὲκπορεύεσθαι,’ὲπειδὴ
1630 990 1781 1058 παρὰ
1820 986 1909 1041 τοῦ

2033 987 2281 1058 quoniam
2327 1001 2357 1039 a
2388 983 2567 1040 Verbo
2604 985 2779 1040 Patris
2809 985 3094 1050 desumit,
3152 985 3388 1039 mittitur
3426 992 3480 1038 et
3509 985 3612 1038 do-

333 1075 514 1143 Λόγου
538 1076 631 1130 τοῦ
654 1080 719 1131 ἐκ
755 1079 966 1150 Πατρός
992 1082 1428 1151 ὁμολογουμένου
1488 1081 1785 1150 ἐκλάμπει,
1821 1081 1918 1134 καὶ

2026 1090 2190 1134 natur
2218 1097 2232 1132 :
2269 1071 2439 1133 Filius
2473 1091 2604 1133 vero
2636 1076 2899 1147 Spiritum
2934 1077 3121 1131 mittit.

335 1167 755 1236 ἀποστέλλεται,
786 1173 881 1224 καὶ
912 1171 1153 1227 δίδοται·
1187 1174 1380 1246 ἀμέλει
1412 1175 1439 1225 ό
1475 1175 1572 1245 μὲν
1624 1173 1750 1236 Υἱὸς
1810 1172 1962 1244 παρὰ
2001 1173 2095 1227 τοῦ
2160 1171 2374 1243 Πατρδς
2446 1169 2894 1225 ἀποστέλλεταιο
2942 1168 2971 1221 6
3014 1168 3074 1222 δὲ
3120 1169 3244 1230 Υἱὸς
3288 1171 3350 1222 τδ
3385 1170 3612 1238 Πνευμα

334 1264 678 1321 ἀποστέλλει.

416 1358 478 1410 ’0
511 1359 673 1422 αὐτὸς
712 1361 771 1413 ἐν
801 1361 867 1431 τῇ
908 1361 1044 1430 πρὸς
1088 1360 1416 1430 Σεραπίωνα
1465 1363 1592 1432 περὶ
1623 1360 1718 1415 τοῦ
1752 1363 1910 1430 ἁγίου

337 1448 654 1520 ιινεὺματος
698 1451 984 1524 ἐπιστολῇ,
1012 1449 1078 1525 ἦς
1128 1456 1161 1524 ἡ
1223 1454 1391 1525 ἁρχὴ,
1449 1472 1467 1503 ι
1504 1453 1662 1518 Ἴσως
1695 1454 1912 1525 Θαυμά-

335 1554 451 1600 σεις
485 1538 602 1599 πῶς
640 1540 1044 1611 ἐντειλάμενος,
1090 1562 1109 1594 ι
1151 1544 1351 1614 φησίν·
1394 1562 1412 1595 ι
1454 1545 1529 1597 Οὐ
1598 1544 1709 1616 γὰρ
1755 1546 1915 1606 ἐκτός

334 1631 453 1684 ἐστι
488 1633 583 1684 τοῦ
620 1634 793 1701 Λόγου
836 1635 895 1688 τὺ
937 1636 1181 1705 Πνεῦμα,
1217 1636 1330 1689 ἀλλ’
1356 1640 1416 1690 ἐν
1456 1637 1534 1709 τῷ
1571 1639 1730 1709 Λόγῳ
1762 1638 1821 1691 ὂν
1858 1640 1914 1689 ὲν

332 1722 412 1789 τῷ
437 1722 555 1794 Θεῷ
585 1724 652 1779 δι’
696 1725 863 1779 αὐτοῦ
910 1729 1082 1781 ἐστιν.
1138 1747 1155 1780 t
1205 1730 1316 1782 Καὶ
1350 1729 1466 1800 μετ’
1497 1730 1656 1793 ὀλίγα
1684 1745 1695 1758 ·
1740 1750 1757 1781 ι
1807 1729 1912 1782 Τοῦ

336 1813 446 1881 γὰρ
480 1813 801 1884 Πνεύματος
843 1817 1188 1887 μετέχοντες,
1227 1820 1427 1888 ἔχομεν
1463 1820 1564 1890 τὴν
1599 1818 1695 1872 τοῦ
1732 1820 1911 1888 Λόγου

2098 1345 2244 1410 Ideni
2278 1351 2344 1406 ad
2377 1350 2737 1421 Serapionem
2774 1349 3005 1421 epistola
3037 1350 3103 1406 de
3150 1350 3359 1422 Spiritu
3390 1364 3608 1409 sanctm

2023 1462 2145 1519 quae
2184 1447 2377 1517 incipit
2405 1464 2485 1508 τι
2537 1445 2900 1502 Admirabere
2946 1444 3179 1502 forsitan
3222 1447 3354 1516 quid
3403 1442 3607 1502 factum

2025 1541 2119 1608 sit,
2159 1558 2178 1591 ι
2213 1539 2290 1595 ait
2325 1556 2339 1593 :
2377 1558 2394 1591 ι
2434 1536 2552 1593 Non
2585 1539 2730 1593 enim
2766 1548 2921 1594 extra
2962 1537 3201 1594 Verbum
3233 1550 3317 1594 est
3350 1538 3609 1609 Spiritus,

2024 1633 2118 1687 sed
2152 1646 2277 1687 cum
2313 1630 2384 1687 sit
2429 1630 2483 1684 in
2517 1632 2637 1700 ipso
2668 1629 2880 1697 Verbo,
2925 1633 2981 1686 in
3016 1633 3127 1687 Deo
3157 1648 3251 1702 per
3281 1632 3412 1686 illud
3441 1638 3542 1687 est.
3586 1652 3604 1685 ι

2024 1706 2089 1774 Ει
2131 1730 2253 1790 post
2302 1735 2515 1789 pauca:
2561 1738 2579 1771 ε
2619 1721 2914 1790 Propterea
2960 1723 3107 1793 quod
3158 1737 3282 1776 cum
3308 1722 3608 1791 participes

2025 1829 2217 1869 sumus
2251 1814 2488 1883 Spiritus
2511 1857 2524 1878 ,
2562 1813 2829 1869 habemus
2865 1811 3026 1870 Verbi
3064 1814 3326 1884 gratiam,
3366 1825 3421 1867 et
3457 1815 3509 1868 in
3542 1830 3609 1870 co

330 1906 520 1976 χάριν,
558 1909 654 1961 καὶ
688 1910 747 1961 ὲν
775 1910 913 1981 αὐτῇ
945 1912 1044 1981 τὴν
1073 1911 1166 1963 τοῦ
1201 1912 1418 1983 Πατρός
1452 1912 1699 1982 ἀγάπην.
1745 1931 1763 1963 ι
1805 1912 1909 1964 Καὶ

2033 1906 2203 1960 Patris
2241 1905 2590 1965 charitatem.
2633 1925 2651 1957 ι
2694 1905 2759 1960 Ει
2783 1914 2908 1975 post
2938 1920 3152 1974 pauca:
3191 1924 3210 1958 ι
3250 1907 3386 1961 Cum
3420 1904 3639 1961 autem‘

332 1998 457 2068 μετ’
487 2000 674 2070 ὸλίγα’
716 2020 735 2053 ι
772 2002 879 2056 Τοῦ
906 2002 962 2056 δὲ
992 2004 1132 2056 Πνεὺ
1144 2022 1311 2073 ματος
1345 2007 1499 2069 ὖντος
1532 2006 1591 2057 ἐν
1622 2005 1700 2074 τῷ
1732 2005 1910 2075 Λόγῳ,

329 2090 492 2160 δῆλον
517 2091 582 2145 ἂν
606 2094 693 2164 είη
726 2094 801 2157 ὡς
832 2095 927 2149 καὶ
951 2096 1009 2149 ὲν
1054 2094 1130 2166 τῷ
1164 2096 1285 2167 Θεῷ
1316 2094 1385 2168 ἦν
1416 2098 1503 2152 διὰ
1526 2096 1620 2150 τοῦ
1649 2097 1826 2165 Λόγου
1856 2098 1914 2149 τὸ

332 2184 584 2254 Πνεῦμα.
634 2206 653 2237 ι

376 2276 477 2332 .Ὀ
531 2279 693 2341 αὐτὸς
738 2280 799 2333 ἐν
935 2280 1072 2354 πρὸς
1113 2281 1439 2352 Σεραπίωνα
1474 2282 1669 2353 πρώτῃ
1711 2283 1911 2354 φησίν·

335 2385 355 2418 ι
389 2370 662 2440 Τοιαύτην
685 2370 741 2423 δὲ
761 2361 1031 2437 τάξιν’καὶ
1053 2373 1215 2441 φύσςν
1234 2373 1452 2444 ἔχοντος
1476 2376 1569 2426 τοῦ
1594 2374 1915 2444 Πνεύματος

330 2460 471 2529 πρὸς
492 2462 585 2513 τὸν
618 2461 770 2528 Υίὺν,
802 2463 923 2518 οἵαν
976 2462 1092 2535 ἔχει
1149 2465 1177 2519 6
1210 2465 1339 2529 Υἱὸς
1375 2465 1511 2537 πρὸς
1547 2466 1638 2518 τὸν
1670 2466 1915 2536 Πατέρα,

330 2552 454 2614 πῶς
481 2554 508 2606 6
538 2552 697 2615 τοῦτο
735 2556 943 2624 κτίσμα
974 2555 1152 2624 λέγων
1182 2558 1243 2610 οὑ
1271 2557 1330 2609 τὸ
1362 2557 1496 2609 αὐτὸ
1538 2561 1634 2611 καὶ
1666 2557 1914 2628 περὶτοῦ

332 2644 469 2697 Υίοῦ
499 2645 559 2709 ἐξ
589 2646 841 2717 ἀνάγκης
871 2648 1175 2719 φρονήσει;
1217 2669 1238 2701 ι
1498 2706 1511 2720 ,

416 2734 476 2789 '0
511 2736 666 2805 ἅγιος
714 2738 996 2803 Βασίλειος
1030 2743 1088 2793 ἐν
1129 2742 1212 2794 ἑνὶ
1252 2741 1360 2795 τῶν
1401 2743 1738 2811 κεφαλαίων,
1787 2739 1847 2797 οῦ
1881 2747 1914 2816 ἡ

329 2830 650 2901 ἐπιγραφὴ,
684 2849 704 2882 ι
744 2831 869 2884 Ὅτι
931 2832 1388 2904 συνδοξαζόμενον
1434 2836 1552 2906 Θεῷ
1585 2838 1646 2890 τὸ
1687 2837 1916 2908 Πνεῦμα

328 2923 611 2977 δείκνυται
645 2944 663 2975 ι
736 2924 934 2993 φησίν·
970 2945 989 2977 ι
1028 2925 1102 2977 Τὸ
1128 2924 1184 2978 δὲ
1226 2926 1321 2980 ἐπὶ
1353 2927 1463 2981 τῶν
1505 2927 1688 2982 αὐτῶν
1714 2928 1915 2983 θεῖκῶν

329 3016 514 3083 ἔργων
565 3014 663 3087 τὴν
714 3018 922 3087 Τριάδα
970 3016 1291 3082 δοξάζεσθαι
1342 3020 1443 3088 τῆς
1495 3022 1624 3089 μιᾶς
1657 3021 1916 3092 Θεότητος

333 3108 639 3178 μαρτύριον
666 3109 752 3161 ὅτι
785 3109 924 3179 μήτε
954 3110 1124 3179 χωρὶς
1156 3109 1285 3163 Υἰοῦ
1336 3112 1482 3164 ποιοῖ
1516 3112 1728 3182 Πατὴρ,
1772 3114 1914 3193 μήτε

334 3201 462 3263 Υἱὸς
492 3202 662 3272 χωρὶς
693 3201 1033 3272 Πνεύματος.
1073 3221 1092 3253 ι
1460 3218 1463 3221 ‘

417 3291 478 3345 ’Θ
511 3294 676 3357 αὐτὸς
707 3296 767 3347 ὲν
798 3294 878 3368 ἑνὶ
921 3294 1031 3348 τῶν
1061 3294 1402 3363 κεφαλαίων,
1432 3289 1495 3349 οῦ
1531 3298 1562 3367 ὴ
1603 3297 1913 3370 ἐπιγραφή»

338 3405 356 3436 ι
395 3386 520 3438 Ὀτι
554 3384 666 3438 ἀπὸ
696 3386 795 3456 τῆς
825 3385 976 3449 θείας
1003 3387 1220 3455 φύσεως
1251 3388 1286 3458 ἠ
1323 3388 1516 3457 ἑνότης
1547 3389 1649 3457 τῆς
1680 3388 1914 3461 Τριάδος

332 3477 687 3545 γνωρίζεται,
719 3495 736 3528 ›
766 3479 902 3547 φησί
929 3493 942 3507 ·
979 3496 998 3530 t
1044 3479 1155 3531 Ka‘t
1177 3480 1279 3533 οὐκ
1306 3480 1555 3536 ἐνέλιπεν
1582 3482 1710 3545 Υίὶς
1739 3484 1915 3554 Πατρί

332 3585 493 3635 ποτε,
524 3569 648 3622 οὐδὲ
678 3569 757 3640 τῷ
799 3568 913 3638 Υίῷ
943 3570 1005 3623 τὸ
1032 3570 1280 3642 Πνεῦμα.
1325 3591 1345 3626 ι

416 3659 478 3715 ’0
525 3661 688 3725 αὐτὸς
729 3663 787 3714 ἐν
819 3662 897 3733 τῷ
945 3662 1159 3733 δεκάτῳ
1190 3664 1406 3736 ἐὸδόμῳ
1463 3666 1749 3738 κεφαλαίῳ
1803 3668 1915 3721 τῶν

334 3755 470 3824 πρὸς
512 3753 866 3824 Ἀμφιλόχιόν
919 3771 1087 3824 φησιν
1114 3770 1127 3785 ·
1160 3773 1179 3806 ι
1229 3755 1335 3830 Ὠς⁴
1359 3758 1542 3812 τοίνυν
1573 3744 1689 3831 ἔχει
1725 3762 1752 3812 ό
1788 3760 1915 3824 Υίὸς

332 3847 470 3917 πρὸς
523 3846 617 3899 τὸν
679 3846 924 3918 Πατέρα,
978 3846 1248 3903 οὕτωκαὶ
1298 3848 1437 3919 πρὸς
1513 3851 1605 3905 τὸν
1668 3851 1799 3907 Υίὸν
1852 3851 1915 3906 τὸ

333 3938 582 4008 Πνεῦμα,
613 3940 757 3994 κατὰ
782 3940 878 4011 τὴν
906 3942 962 3994 ὲν
988 3940 1067 4009 τῷ
1094 3939 1436 4013 βαπτίσματι
1468 3942 1914 4014 παραδεδομένην

332 4032 430 4085 τοῦ
458 4032 634 4101 Λόγου
669 4033 945 4098 σύνταξιν.
971 4031 1035 4085 Ei
1061 4033 1116 4085 δὲ
1154 4032 1214 4086 τὸ
1244 4032 1472 4105 Πνεῦμα
1518 4035 1597 4104 τῷ
1642 4035 1756 4107 Υίῷ
1787 4053 1914 4091 συν-

332 4126 622 4188 τέτακται,
656 4128 696 4178 ιό
729 4125 786 4179 δὲ
834 4126 960 4190 Υίὸς
996 4125 1073 4197 τῷ
1103 4127 1304 4196 Πατρὶ,
1340 4128 1439 4181 καὶ
1483 4127 1547 4181 τὸ
1579 4128 1810 4201 Πνεῦμα
1836 4130 1915 4201 τῷ

335 4220 451 4273 Πατ
461 4218 515 4287 pi
543 4218 809 4287 δηλονότι.
849 4234 867 4268 ι

416 4309 477 4361 Ὁ
512 4309 673 4371 αὐτὸς
711 4309 766 4359 ὲν
791 4306 868 4377 τῷ
899 4313 969 4378 ιη’
998 4307 1106 4360 τῶν
1135 4305 1317 4361 αὐτῶν
1352 4307 1666 4377 κεφαλαίων
1703 4328 1871 4382 φησιν
1895 4326 1912 4342 ⁸

336 4420 357 4453 ι
414 4400 511 4455 Ἓν
544 4400 600 4453 δὲ
636 4399 731 4453 καὶ
761 4399 822 4452 τὸ
852 4399 1006 4467 ἅγιον
1040 4398 1286 4470 Πνεῦμα,
1317 4398 1387 4453 δι’
1414 4400 1532 4465 ἑνὸς
1564 4401 1696 4454 Υίοῦ
1723 4402 1800 4473 τῷ
1834 4405 1914 4456 ἐνὶ

331 4495 509 4564 Πατρὶ
536 4490 962 4562 συναπτόμενον.
1004 4511 1024 4543 ι
1054 4490 1163 4545 Καὶ
1205 4494 1347 4562 μετά
1373 4511 1494 4548 τινα
1521 4511 1535 4527 ο
1566 4512 1585 4546 ι
1627 4495 1691 4548 Ἢ
1732 4497 1913 4548 τοίνυν

2025 1998 2267 2068 Spiritus
2291 1999 2362 2052 sit
2386 1999 2439 2051 in
2470 1996 2671 2064 Verbo,
2696 1999 2875 2067 palam
2895 2008 2980 2053 est
3002 1999 3147 2069 quod
3172 1999 3223 2053 in
3250 1999 3359 2055 Deo
3383 2013 3606 2071 quoque

2023 2092 2093 2146 sit
2122 2092 2360 2161 Spiritus
2391 2106 2486 2161 per
2511 2090 2777 2147 Verbum.
2814 2110 2831 2143 ι

2098 2276 2244 2330 1.10m
2289 2275 2345 2330 in
2391 2276 2564 2346 prima
2616 2277 2681 2331 ad
2733 2275 3091 2346 Serapionem
3143 2277 3379 2348 epistola
3427 2278 3606 2335 dicit:

2032 2389 2049 2419 ι
2086 2366 2240 2423 Hunc
2267 2368 2516 2424 ordinem
2552 2378 2605 2424 et
2637 2372 2776 2424 hanc
2807 2378 3058 2424 naturam
3086 2385 3212 2426 cum
3255 2371 3451 2426 habeat
3490 2373 3615 2442 Spi-

2028 2460 2162 2515 ritus
2189 2474 2318 2530 erga
2355 2459 2575 2524 Filium,
2604 2475 2769 2532 quam
2807 2460 2973 2516 habet
3005 2459 3180 2518 Filius
3208 2478 3336 2533 erga
3368 2462 3608 2530 Patrem,

2023 2552 2301 2620 quomodo
2328 2551 2421 2621 qui
2453 2551 2607 2605 illum
2638 2559 2950 2607 creaturam
2976 2552 3229 2622 appellat,
3265 2554 3317 2608 itl
3350 2555 3526 2624 ipsum
3557 2571 3610 2611 et

2023 2642 2089 2697 de
2118 2642 2279 2706 Filio,
2316 2645 2629 2698 necessario
2661 2658 2770 2699 non
2801 2641 3132 2699 afﬁrmabit?
3163 2663 3181 2697 ι

2097 2736 2334 2791 Sanctus
2390 2734 2625 2791 Basilius
2674 2737 2726 2791 in
2777 2738 2955 2807 capite
3010 2737 3064 2791 in
3114 2752 3224 2808 quo
3275 2738 3607 2802 ostenditur,

2025 2827 2320 2899 glorificari
2359 2842 2483 2881 cum
2520 2827 2633 2884 Deo
2665 2827 2931 2899 Spiritum
2975 2829 3169 2885 scribit
3201 2847 3215 2885 :
3250 2848 3269 2882 ι
3308 2828 3367 2884 1η
3402 2830 3609 2885 eisdem

2024 2932 2206 2976 autem
2230 2920 2450 2976 deitatis
2484 2920 2742 2989 operibus
2770 2918 3100 2976 Trinitatem
3126 2921 3443 2991 glorificari,
3473 2940 3610 2993 qun-

2024 3012 2171 3067 niam
2208 3028 2305 3066 nec
2333 3011 2451 3066 sine
2483 3010 2620 3067 Filio
2644 3010 2805 3067 Pater
2832 3021 3120 3083 operatur,
3154 3027 3256 3069 nec
3283 3012 3461 3068 Filius
3490 3015 3611 3070 sine

2025 3103 2262 3174 Spiritu,
2295 3103 2458 3173 cujus
2485 3102 2707 3159 deitatis
2734 3104 3105 3159 testimonium
3144 3112 3246 3161 est.
3285 3123 3305 3157 ι

1939 3261 1984 3317 θ
2088 3290 2235 3347 Idem
2272 3294 2326 3347 in
2348 3291 2524 3362 capite
2550 3292 2710 3363 cujus
2749 3290 3084 3362 inscriptio:
3121 3307 3141 3343 ι
3176 3288 3334 3359 Quod
3360 3307 3391 3347 a
3423 3284 3608 3350 divina

2018 3391 2214 3440 natura
2244 3385 2425 3440 unitas
2448 3382 2737 3440 Trinitatis
2764 3384 3106 3456 agnoscitur,
3139 3401 3157 3434 ι
3191 3384 3266 3438 ait
3294 3400 3309 3437 :
3346 3404 3365 3435 ι
3401 3382 3465 3437 Et
3497 3399 3609 3439 non

2017 3476 2190 3532 defuit
2218 3492 2461 3548 unquam
2499 3475 2672 3532 Filius
2703 3476 2879 3544 Patri,
2914 3491 3089 3546 neque
3123 3476 3261 3532 Filio
3287 3476 3543 3548 Spiritus.
3583 3497 3601 3529 ι

2088 3664 2234 3720 Idem
2261 3664 2314 3719 in
2342 3664 2556 3719 decimo
2578 3663 2814 3734 septimo
2839 3664 3016 3733 capite
3041 3664 3106 3719 ad
3127 3665 3605 3736 Amphilochium:

2022 3773 2042 3808 t
2080 3755 2552 3822 Quemadmodum
2595 3755 2783 3824 itaque
2824 3770 2884 3811 se
2926 3755 3091 3810 habet
3120 3756 3291 3813 Filius
3335 3773 3463 3827 erga
3503 3760 3607 3814 Pa-

2018 3858 2190 3915 trem,
2242 3850 2316 3903 ita
2362 3862 2423 3904 se
2468 3848 2631 3904 habet
2673 3846 2842 3903 Filius
2883 3863 3010 3920 erga
3058 3848 3254 3903 Filium
3301 3853 3603 3908 secundum

2016 3946 2262 3999 ordinem
2299 3944 2562 3999 traditum
2598 3958 2627 3997 a
2666 3940 2848 3998 Verbo
2883 3943 2937 3998 in
2976 3944 3327 4014 baptismate.
3361 3945 3520 4013 Quod
3555 3949 3603 4004 si

2020 4032 2260 4104 Spiritus
2299 4048 2426 4089 cum
2473 4033 2614 4090 Filio
2660 4049 2768 4090 una
2812 4036 3136 4102 collocatur,
3178 4045 3235 4092 et
3274 4037 3446 4096 Filius
3476 4055 3602 4109 cpm

2015 4125 2198 4195 Patre,
2232 4125 2593 4183 collocabitur
2625 4134 2680 4182 et
2712 4123 2952 4196 Spiritus
2980 4139 3105 4183 cum
3141 4127 3324 4185 Patre.
3368 4148 3387 4182 ι

2086 4314 2217 4370 Item
2255 4314 2308 4368 in
2341 4324 2538 4368 octavo
2563 4313 2777 4369 decimo
2808 4317 2986 4385 capite
3011 4316 3365 4373 eorumdent:
3397 4337 3415 4371 ι
3447 4319 3604 4377 Unus

2016 4422 2146 4464 vero
2168 4415 2224 4463 et
2250 4405 2489 4475 Spiritus
2514 4415 2762 4473 sanctus,
2788 4408 2881 4477 qui
2908 4422 3006 4476 per
3030 4424 3197 4463 unum
3225 4407 3422 4464 Filium
3452 4410 3603 4466 Patri

2016 4499 2388 4571 conjungitur.
2431 4517 2449 4550 ι
2484 4498 2551 4553 Et
2585 4506 2709 4568 post
2739 4499 2999 4553 nonnulla
3037 4516 3051 4553 :
3090 4517 3108 4551 ι
3148 4499 3384 4557 Proinde
3418 4504 3501 4556 via
3535 4503 3602 4558 nd

329 4587 448 4651 ὁδὸς
481 4586 581 4654 τῆς
608 4584 940 4654 Θεογνωσίας
972 4585 1145 4649 ἐστὶν,
1186 4585 1293 4639 ἀπὸ
1325 4585 1442 4649 ἑνὸς
1472 4586 1793 4657 Ιινεύματος
1821 4588 1909 4642 διὰ

2033 4593 2115 4649 Dei
2147 4594 2518 4663 cognitionem
2544 4601 2631 4648 est
2648 4592 2717 4648 ab
2739 4609 2849 4648 uno
2873 4577 3076 4663 Spiritu
3099 4610 3195 4665 per
3214 4612 3379 4650 unum
3404 4596 3603 4655 Filium

331 4679 427 4734 τοῦ
476 4678 595 4739 ἐνὸς
626 4676 761 4731 Υἱοῦ
797 4677 892 4730 ἐπὶ
916 4676 1009 4731 τὸν
1036 4676 1134 4731 ἕνα
1163 4677 1384 4750 Πατέρα
1403 4695 1416 4709 °
1454 4678 1549 4733 καὶ
1573 4679 1848 4734 ἀνάπαλιν
1875 4683 1908 4751 ἡ

333 4775 541 4843 φυσικὴ
577 4770 875 4839 ἀγαθότης,
926 4771 1021 4823 καὶ
1045 4771 1072 4822 ὁ
1100 4769 1239 4823 κατὰ
1283 4770 1448 4841 φύσιν
1489 4773 1783 4843 ἁγιασμὸς,
1817 4774 1911 4826 καὶ

331 4867 391 4917 τι
431 4862 712 4935 βασιλικὸν
742 4861 984 4932 ἀξίωμα,
1012 4861 1078 4915 ἐκ
1105 4859 1201 4914 τοῦ
1236 4861 1450 4934 Πατρός
1478 4863 1568 4918 διὰ
1599 4864 1694 4917 τοῦ
1730 4866 1907 4919 Μονο-

328 4957 523 5024 γενοῦς
552 4957 647 5007 ἐπὶ
696 4954 758 5007 τὸ
790 4952 1018 5022 Πνεῦμα
1040 4952 1223 5023 διήκει
1245 4968 1259 4982 °
1289 4970 1432 5008 ουτω
1455 4960 1550 5009 καὶ
1575 4956 1632 5009 αἱ
1673 4957 1905 5012 ὑποστά-

329 5066 445 5113 σεις
470 5044 885 5119 ὁμολογοῦνται,
917 5045 1009 5099 καὶ
1038 5045 1098 5098 τὺ
1126 5044 1348 5107 εὐσεϐὲς,
1375 5045 1556 5115 δόγμα
1578 5049 1676 5119 τῆς
1704 5065 1909 5120 μοναρ-

328 5141 456 5212 χίας
486 5141 548 5194 οὐ
569 5139 878 5196 διαπίπτει.
924 5158 944 5192 ι

409 5230 472 5285 Ὀ
502 5231 667 5293 αὐτὸς
695 5231 753 5284 ἐν
782 5233 850 5302 τῇ
883 5229 1019 5301 πρὸς
1051 5229 1355 5301 Γρηγόριον
1387 5229 1480 5285 τὸν
1512 5230 1744 5302 ἀδελφὸν
1784 5237 1906 5288 ἐπι-

332 5324 495 5395 στολῇ
543 5340 744 5393 φησιν·
789 5342 808 5376 ι
846 5324 920 5376 Τὸ
951 5322 1181 5394 Πνεῦμα
1213 5322 1375 5377 τοῦτο
1402 5326 1769 5396 γνωριστικδν
1801 5330 1927 5397 τῆς.

322 5417 468 5470 κατὰ
483 5417 582 5485 τὴν
611 5415 914 5469 ὑπόστασιν
947 5415 1207 5486 ἰδιότητος
1238 5417 1466 5486 σημεῖον
1494 5415 1632 5488 ἔχει,
1666 5418 1726 5472 τὸ
1761 5421 1904 5489 μετὰ

320 5511 415 5561 τὸν
460 5507 593 5562 Υίδν
638 5507 736 5561 καὶ
768 5507 863 5581 σὺν
888 5506 968 5577 τῷ
1010 5507 1126 5578 Υίῷ
1168 5509 1559 5580 γνωρίζεσθαι,
1591 5513 1684 5567 καὶ
1711 5515 1774 5567 ὲκ
1805 5512 1903 5567 τοῦ

322 5602 537 5671 Πατρδς
561 5600 885 5670 ὑφεστάναι.
923 5619 943 5653 ι
1815 5600 1823 5608 ’

403 5694 460 5746 ’0
493 5693 656 5754 αὐτὸς
688 5694 748 5745 ὲν
773 5691 851 5762 τῷ
871 5691 1043 5762 τρίτῳ
1071 5692 1181 5747 τῶν
1218 5693 1653 5766 Ἀντιρρητικῶν
1685 5712 1854 5764 φησιν
1883 5713 1895 5726 ·

326 5807 345 5839 ι
386 5788 473 5851 Ὠς
496 5786 606 5858 γὰρ
636 5786 666 5838 ὀ
696 5784 824 5849 Υἱὸς
868 5782 1027 5850 τάξει
1070 5785 1170 5856 μὲν
1207 5784 1464 5855 δεύτερος
1513 5787 1608 5841 τοῦ
1658 5788 1894 5860 Πατρὸς,

2015 4687 2080 4741 ad
2112 4702 2281 4741 unum
2313 4686 2527 4741 Patrem
2550 4725 2566 4753 ,
2598 4700 2663 4740 ac
2694 4701 2886 4741 rursus
2922 4686 3106 4746 nativa
3134 4687 3382 4754 bonitas,
3417 4699 3470 4744 et
3505 4706 3603 4746 na-

2016 4776 2208 4833 turalis
2240 4776 2631 4841 sanctimonia,
2664 4786 2717 4831 et
2746 4777 2948 4848 regalis
2981 4778 3220 4850 dignitas
3252 4795 3282 4835 a
3318 4780 3476 4836 Patre
3503 4798 3602 4853 per

2015 4869 2372 4939 Unigenitum
2419 4867 2489 4922 ad
2542 4867 2804 4938 Spiritum
2854 4878 3108 4926 sanctum
3152 4884 3481 4943 permanat:
3532 4875 3599 4929 ad

2015 4962 2163 5019 hunc
2188 4964 2412 5018 modum
2434 4972 2486 5017 et
2518 4978 2782 5032 personas
2808 4962 3150 5033 proﬁtemur,
3177 4979 3279 5022 nec
3309 4966 3460 5037 pium
3486 4982 3604 5021 mo~

2012 5052 2249 5110 narchite
2279 5055 2477 5124 dogma
2508 5052 2893 5109 labefactatur.
2930 5072 2950 5106 ι

2082 5235 2227 5291 Idem
2245 5234 2478 5307 epistola
2497 5234 2565 5291 ad
2591 5234 2910 5306 Gregorium
2933 5236 3184 5293 Fratrem
3210 5254 3226 5293 :
3255 5256 3275 5291 ι
3314 5238 3596 5311 HicSpiri-

2013 5337 2104 5383 tus
2146 5329 2290 5382 hanc
2331 5327 2641 5392 notionem,
2681 5343 2747 5384 ac
2791 5329 3158 5398 cognoscibile
3202 5328 3417 5399 signum
3450 5335 3595 5403 ejus,

2010 5436 2133 5492 quae
2162 5419 2462 5475 secundum
2496 5419 2832 5490 hypostasim
2867 5431 2983 5485 est,
3020 5422 3375 5492 proprietatis
3405 5424 3589 5490 habet,

2008 5526 2117 5582 quo
2151 5524 2276 5564 cum
2313 5507 2452 5565 Filio
2482 5509 2645 5565 simul
2676 5521 2732 5566 et
2770 5512 2886 5581 ipse
2924 5526 2982 5566 se
3011 5510 3144 5566 facit
3175 5513 3499 5581 internosci,
3536 5528 3589 5571 ct

1944 5652 1945 5655 η
2008 5590 2072 5657 ex
2106 5602 2267 5657 Patre
2297 5602 2575 5658 subsistit.
2617 5620 2636 5654 ι

2078 5676 2223 5750 Idem
2273 5695 2326 5749 in
2353 5695 2514 5751 tertio
2546 5694 2962 5753 Antirrhetico:
2999 5714 3018 5748 ι
3052 5696 3186 5752 Nam
3226 5702 3588 5769 quemadmo-

2004 5789 2133 5843 dum
2184 5786 2356 5843 Filins
2399 5788 2592 5843 ordine
2632 5787 2854 5858 quidem
2889 5803 2922 5844 a
2958 5787 3120 5844 Patre
3163 5792 3440 5849 secundus
3480 5807 3587 5858 est,

320 5881 403 5933 ὅτι
430 5878 526 5933 ἀπ’
550 5877 790 5939 ἐκείνου,
823 5876 921 5931 καὶ
950 5875 1250 5950 ἀξιώματι,
1280 5878 1363 5933 ὅτι
1407 5879 1553 5946 ἀρχὴ
1600 5881 1692 5935 καὶ
1743 5881 1891 5936 αἰτία

2033 5882 2264 5951 proniam
2303 5880 2369 5936 ab
2411 5880 2506 5938 illo
2549 5889 2669 5948 cst,
2708 5889 2762 5938 et
2804 5880 3102 5954 dignitate,
3136 5883 3395 5953 quoniam
3435 5890 3601 5960 origo.
3689 5956 3697 5960 _
