3958 6412
301 378 407 439 645

1718 366 2198 431 EPIGRAPH/E.

3466 352 3579 434 διδ

301 495 459 560 Υξοῦ,
483 494 517 566 ἢ
551 492 926 565 πρεσϐύτερον
946 491 1125 558 λέγων
1147 491 1379 561 Πατρὶς,
1399 485 1553 553 οὗτος
1570 489 1865 544 meamea

1992 486 2191 540 dixerit
2225 485 2594 556 antiquiorem
2629 499 2784 553 esse,
2835 486 3039 542 resistit
3069 484 3174 541 iste
3205 474 3405 539 divina:
3436 498 3579 554 prae-

306 585 407 655 μὲν
452 588 518 656 τῇ
554 584 649 638 τοῦ
683 581 821 638 Θεοῦ
852 583 1109 654 διαταγῇ,
1164 582 1450 652 ἀλλότριος
1475 581 1533 634 δὲ
1577 582 1675 650 τῆς
1703 581 1903 655 ὑγιαιον

301 675 499 746 νούσης
524 678 786 735 πίστεως,
823 678 896 744 μὴ
923 674 982 727 ὃν
1019 673 1300 744 παρέλαϐε
1330 675 1532 742 τρόπον
1566 671 1882 739 δοξολογίας

303 768 611 835 φυλάττων,
645 766 763 819 ἀλλ’
814 765 993 835 ἑαυτῴ
1052 765 1393 834 κενοφωνίας)
1445 766 1526 826 εἰς
1580 763 1882 830 ἀρέσκειαν

300 857 607 927 ἀνθρώπων
636 857 892 911 ἐπινοῶν.
937 874 955 908 ι
998 858 1108 909 Καὶ
1152 856 1273 927 μετ’
1313 855 1508 923 ὀλίγον
1562 873 1580 905 t
1649 855 1880 924 Ὠστεὴ

301 949 433 1017 περὶ
465 949 562 1017 τὴν
585 948 740 1013 τάξιν
769 948 1092 1016 καινοτομία
1121 949 1293 1014 αὐτῆς
1316 947 1411 1014 τῆς
1441 946 1729 1015 ὑπάρξεως
1752 944 1882 998 ἀθέ-

297 1055 461 1107 τησιν
494 1037 628 1108 ἔχει,
671 1040 765 1090 καὶ
802 1038 930 1107 ὅλης
974 1040 1072 1104 τῆς
1118 1035 1359 1096 πίστεώς
1418 1038 1570 1087 ἐστιν
1628 1036 1879 1104 ἄρνησις.

309 1128 544 1199 Ὁμοίως
569 1127 662 1181 οῦν
688 1130 837 1182 ἐστιν
862 1129 1059 1191 ἀσεϐὲς
1090 1131 1185 1181 καὶ
1217 1131 1309 1181 ἐπὶ
1346 1127 1447 1197 τὴν
1486 1129 1664 1180 κτίσιν
1707 1143 1883 1178 κατα-

296 1222 515 1289 γαγεῖν,
546 1222 642 1273 καὶ
699 1221 1052 1291 ῦπερτιθέναι
1104 1220 1237 1274 αὐτὸ
1279 1222 1312 1293 ἢ
1352 1218 1482 1272 Υἰοῦ
1535 1218 1570 1289 ἦ
1601 1217 1813 1289 Πατρὸς
1847 1219 1880 1287 ἢ

297 1313 442 1365 κατὰ
470 1312 563 1366 τὸν
596 1312 793 1384 χρόνον
834 1314 866 1385 ἢ
901 1313 1039 1367 κατὰ
1060 1312 1160 1383 τὴν
1182 1310 1353 1377 τάξιν.
1393 1330 1412 1363 ι

380 1492 438 1545 Ὀ
473 1493 637 1555 αύτδς
673 1497 729 1548 ἐν
757 1497 822 1565 τῇ
855 1494 992 1565 πρὸς
1023 1496 1332 1567 Γρηγόριον
1357 1496 1447 1550 τὸν
1474 1497 1708 1565 ἀδελφὸν
1751 1500 1883 1570 ὲῑτι-

293 1583 481 1654 στολῇ,
526 1582 593 1655 ἦς
623 1588 654 1656 ἡ
687 1587 853 1656 ἁρχὴ,
911 1605 930 1638 ι
978 1585 1203 1656 Ἐπειδὴ
1236 1586 1424 1639 πολλοὶ
1482 1588 1541 1638 τὸ
1576 1586 1755 1639 κοινὸν
1786 1587 1884 1657 τῆς

291 1676 484 1739 οὐσίας
517 1678 608 1728 ἐπὶ
638 1678 747 1729 τῶν
783 1678 1066 1747 μυστικῶν
1128 1677 1418 1746 δογμάτων
1451 1678 1524 1747 μὴ
1578 1677 1886 1747 διακρίνον-

290 1782 409 1829 τες,
450 1785 470 1818 ι
505 1768 709 1836 φησίν·
752 1786 769 1819 ι
823 1769 880 1820 '0
925 1768 986 1821 τὺ
1021 1767 1250 1837 Πνεῦμα
1278 1770 1478 1838 νοήσας
1521 1770 1655 1821 αύτὸ
1700 1784 1759 1821 τε
1792 1767 1880 1835 ἐφ’

289 1858 495 1911 ἑαυτοῦ
528 1861 744 1932 ἐνόησε,
784 1863 879 1914 καὶ
921 1864 1012 1913 τὸν
1041 1861 1171 1914 Υἱὸν
1198 1865 1263 1931 τῇ
1294 1862 1505 1932 διανοίᾳ
1533 1862 1882 1932 συμπαρεδέ-
1913 1842 1951 1893 Β

290 1952 447 2017 ξατο.
487 1953 547 2005 '0
585 1953 643 2006 δὲ
682 1952 873 2007 τοῦτον
903 1954 1086 2006 λαϐὼν
1119 1954 1213 2006 τοῦ
1256 1953 1385 2007 Υἱοῦ
1410 1954 1501 2006 τὸν
1533 1955 1752 2023 Πατέρα
1776 1956 1878 2006 οῦκ

290 2046 637 2114 ἀπεμέμσεν
660 2062 676 2077 ο
709 2045 826 2098 ἀλλ’
855 2044 1171 2107 ἀκολούθως
1219 2046 1317 2114 μὲν
1376 2046 1519 2098 κατὰ
1556 2047 1655 2114 τὴν
1692 2045 1872 2110 τάξιν,

292 2138 661 2205 συνημμένως
690 2136 749 2188 δὲ
782 2139 926 2189 κατὰ
980 2138 1079 2208 τὴν
1139 2137 1302 2205 φύσιν
1359 2137 1469 2189 τῶν
1514 2138 1683 2207 τριῶν
1734 2139 1874 2190 κατὰ

287 2229 458 2281 ταυτὸ
497 2232 1014 2300 συγκεκραμμένως
1059 2231 1115 2282 ὲν
1164 2228 1346 2299 ἐαυτῷ
1385 2229 1484 2300 τὴν
1533 2233 1722 2282 πίστιν
1754 2232 1880 2282 ἁνε-

285 2323 606 2376 τυπώσατο.
662 2322 774 2374 Καὶ
810 2323 839 2374 ὁ
872 2323 934 2374 τὸ
970 2322 1197 2391 Πνεῦμα
1241 2323 1402 2392 μόνον
1456 2320 1626 2376 εἰπὼν
1662 2340 1874 2392 συμπε-

292 2411 515 2483 ριέλαϐε
547 2417 615 2483 τῇ
669 2413 935 2485 ὁμολογίᾳ
974 2416 1070 2467 καὶ
1095 2413 1211 2479 τὸν,
1241 2410 1303 2468 οῦ
1356 2414 1478 2466 ἐστι
1531 2415 1592 2466 τὸ
1622 2415 1871 2484 Πνεῦμα.

287 2504 401 2557 Καὶ
428 2505 625 2575 ἐπειδὴ
667 2507 765 2559 τοῦ
826 2506 1067 2577 Χριστοῦ
1115 2508 1232 2558 ἐστι
1270 2506 1333 2558 τὸ
1374 2506 1620 2575 Πνεῦμα,
1668 2511 1763 2560 καὶ
1811 2508 1876 2559 ὲκ

282 2596 381 2649 τοῦ
405 2596 566 2659 Θεοῦ,
598 2598 781 2661 καθώς
816 2616 982 2668 φησιν
1008 2601 1037 2651 ό
1077 2598 1133 2649 Ἀ
1147 2597 1423 2663 πόστολος,
1455 2597 1644 2667 ὥσπερ
1668 2599 1726 2663 ἐξ
1749 2598 1877 2650 ἀλύο

286 2703 431 2750 σεως
451 2690 480 2741 ὁ
503 2689 601 2742 τοῦ
624 2691 743 2749 ἑνὸς
767 2692 940 2761 ἄκρου
972 2690 1275 2760 ἁψάμενος,
1293 2692 1387 2743 καὶ
1415 2689 1475 2742 τὸ
1496 2689 1684 2759 ἕτερον
1705 2691 1877 2760 ἀκρον

284 2784 769 2847 συνεπεσπάσατο,
837 2782 1014 2844 οὕτως
1070 2785 1098 2835 ὁ
1144 2782 1206 2834 τὸ
1239 2781 1462 2849 Πνεῦμα
1517 2780 1753 2844 ἑλκύσας
1807 2780 1874 2834 δι’

281 2871 458 2925 αὑτοῦ
480 2872 576 2939 καὶ
599 2874 690 2925 τὸν
717 2873 939 2942 Πατέρα
965 2872 1061 2924 καὶ
1089 2875 1181 2923 τὸν
1206 2871 1336 2924 Υἱὸν
1362 2872 1745 2940 ἐφειλκύσατο.
1767 2872 1876 2925 Καὶ

276 2961 379 3015 τὸν
420 2960 552 3015 Υἱὺν
573 2962 791 3033 ἀληθῶς
818 2964 974 3026 εἴτις
1003 2962 1167 3033 λάϐῃ,
1200 2963 1311 3028 ἕξει
1336 2962 1503 3016 αὐτοῦ
1530 2962 1874 3031 ἑκατέρωθεν

283 3054 367 3123 πῆ
409 3055 511 3124 μὲν
541 3055 631 3108 τὸν
663 3054 829 3108 αὐτοῦ
878 3056 1123 3125 Πατέρα,
1156 3054 1231 3123 σττῆ
1259 3053 1315 3107 δὲ
1355 3054 1414 3106 τὸ
1464 3053 1593 3106 tam
1650 3052 1877 3121 Πνεῦμα

280 3146 753 3215 συνεπαγόμενον.
794 3147 869 3197 Ού
932 3148 1035 3217 γὰρ
1092 3145 1240 3198 ἔστιν
1293 3143 1584 3214 ἐπινοῆσαι
1631 3143 1865 3214 τομὴνῆ
1896 3180 1942 3241 C

277 3238 574 3308 διαίρεσιν,
606 3239 683 3302 ὡς
713 3238 747 3309 ἢ
778 3238 907 3293 Υἱὸν
962 3241 1132 3311 χωρὶς
1160 3238 1376 3308 Πατρὸς
1415 3240 1697 3310 νοηθῆναι,
1731 3237 1764 3307 ἢ
1805 3237 1867 3290 τὸ

278 3321 512 3395 Πνεῦμα
550 3326 644 3379 τοῦ
680 3326 810 3380 Υἰοῦ
843 3326 1247 3399 διαζευχθῆναι.
1287 3345 1307 3378 ι

362 3515 425 3568 '0
461 3508 626 3578 αὐτὸς
654 3515 827 3585 μέγας
864 3516 1147 3579 Βασίλειος
1179 3518 1238 3570 ἐν
1262 3519 1327 3587 τῇ
1380 3518 1516 3586 πρὸς
1566 3518 1868 3571 Εύοτάθιον

275 3608 571 3679 ἐπιστολῇ,
604 3603 671 3679 ἦς
704 3611 737 3678 ἡ
768 3611 933 3678 ἀρχὴ,
965 3628 982 3659 ι
1024 3609 1164 3671 Τοὺς
1195 3610 1226 3678 ἢ
1261 3610 1676 3679 προληφθέντας
1704 3611 1866 3682 ἑτέρᾳ

276 3701 523 3763 πίστεως
554 3700 838 3770 ὁμολογίᾳ,
881 3718 898 3750 ι
941 3701 1106 3771 φησὶν
1149 3701 1232 3754 ὃτι
1290 3719 1308 3752 ι
1351 3693 1579 3769 Φεύγειν
1630 3703 1713 3754 δεῖ
1770 3703 1866 3756 καὶ

272 3793 408 3855 τοὺς
435 3792 536 3861 τὴν
574 3791 922 3856 ἀκολουθίαν,
964 3792 1031 3860 ἣν
1082 3793 1402 3862 παρέδωκεν
1425 3795 1560 3862 ἡμῖν
1596 3795 1624 3846 ὁ
1654 3793 1865 3865 Κύριος

274 3883 674 3954 ὲναμείϐοντας
699 3883 774 3945 ὡς
809 3885 1060 3952 φανερῶς
1108 3885 1450 3953 μαχομένους
1485 3887 1551 3953 τῇ
1582 3884 1861 3956 εὐσεϐείᾳ,

274 3979 375 4032 καὶ
409 3979 536 4031 Υἱδν
565 3979 664 4049 μὲν
696 3980 1111 4048 προτάσσοντας
1139 3978 1236 4031 τοῦ
1273 3979 1508 4048 Πατρὸς,
1546 3978 1676 4031 Υἱοῦ
1702 3980 1759 4032 δὲ
1805 3981 1866 4033 τὸ

273 4070 509 4140 Πνεῦμα
547 4070 608 4122 τὸ
633 4071 788 4138 ἅγιον
820 4069 1200 4141 προτιθέντας.
1244 4088 1264 4122 ι

360 4166 422 4216 ’0
462 4162 830 4232 Δαμασκηνὸς
861 4164 919 4215 ὲν
948 4162 1028 4232 τῷ
1077 4159 1138 4213 ιδ’
1170 4162 1280 4216 τῶν
1327 4162 1661 4239 θεολογικῶν
1692 4162 1863 4217 αὑτοῦ

274 4255 596 4326 κεφαλαίων
621 4253 759 4324 φησι
784 4269 799 4284 ·
839 4272 858 4305 ι
899 4252 1033 4318 Θεὸς
1070 4253 1130 4306 τὸ
1160 4253 1384 4323 Πνεῦμα
1413 4255 1474 4306 τὸ
1504 4254 1661 4322 ἅγιον
1699 4256 1866 4325 μέσον

272 4348 583 4418 ἁγεννήτου
614 4346 709 4401 καὶ
740 4344 1023 4415 γεννητοῦ,
1058 4349 1151 4398 καὶ
1180 4345 1248 4399 δι’
1279 4344 1407 4398 Υιοῦ
1432 4344 1509 4416 τῷ
1534 4346 1710 4415 Πατρὶ
1741 4362 1867 4400 συν-

501 4456 611 4490 νον.
642 4454 663 4489 ι

172 4490 179 4495 .
273 4440 611 4508 απτόμενον.
642 4454 663 4489 ι
857 4442 863 4448 ’

357 4533 420 4585 '0
449 4531 715 4599 Θεολόγος
744 4531 1047 4601 Γρηγόριος
1087 4530 1144 4582 ὲν
1175 4528 1253 4598 τῷ
1304 4527 1347 4599 β’
1396 4527 1507 4581 τῶν
1554 4527 1863 4598 Εἱρηνικῶν

2045 4523 2347 4594 Gregorius
2384 4525 2696 4596 Theologus
2739 4526 2988 4579 oratione
3024 4525 3264 4578 secunda
3297 4525 3363 4576 tle
3398 4522 3558 4586 Pace,

272 4624 423 4678 οὕτω
455 4624 621 4695 φησιν
645 4638 662 4656 ο
729 4641 748 4674 ι
790 4623 945 4678 Οὕτω
984 4622 1310 4692 φρονοῦμεν,
1335 4624 1428 4675 καὶ
1449 4621 1620 4685 οὕτως
1648 4621 1864 4691 ἔχομεν,

274 4716 443 4780 ὥστε,
471 4719 620 4780 ὅπως
650 4718 750 4787 μὲν
773 4716 885 4787 ἔχει
916 4715 1093 4769 ταῦτα
1137 4715 1272 4784 πρὸς
1302 4716 1508 4786 ἄλληλα
1541 4714 1780 4784 σχέσεώς
1807 4730 1866 4766 τε

279 4811 377 4864 καὶ
406 4808 640 4874 τάξεως,
673 4810 811 4879 αὐτῇ
834 4809 969 4880 μόνῃ
994 4810 1063 4879 τῇ
1088 4807 1280 4878 Τριᾶδι
1307 4810 1615 4877 συγχωρεῖν
1641 4807 1867 4871 εἰδέναι,

279 4905 376 4957 καὶ
410 4897 492 4965 οἷς
524 4902 592 4956 ἂν
637 4903 672 4972 ἡ
709 4901 882 4973 Τριὰς
930 4900 1284 4969 ἀποκαλύψαι
1341 4900 1776 4970 κεκαθαρμένοις
1833 4897 1865 4967 ἢ

280 4995 374 5047 νῦν
404 4994 439 5063 ἧ
477 4993 730 5063 ὕστερον.
766 5012 785 5044 ι

358 5087 422 5139 '0
448 5085 676 5156 Νύσσης
707 5083 1017 5155 Γρηγόριος
1063 5083 1120 5134 ἐν
1155 5080 1232 5149 τῷ
1286 5085 1337 5132 α’
1368 5080 1477 5132 τῶν
1516 5079 1652 5151 πρὸς
1698 5079 1866 5132 Εὐνό-

284 5197 408 5249 μιον
451 5176 905 5257 Ἀντιρρητικῶν,
931 5169 993 5229 οῦ
1014 5176 1048 5245 ὴ
1084 5172 1249 5244 ἁρχὴ,
1289 5191 1307 5224 ι
1340 5174 1454 5225 Οὐκ
1477 5167 1568 5242 ἧν,
1602 5172 1677 5234 ὡς
1699 5172 1864 5235 ἔοικε,

280 5272 337 5323 τὸ
375 5271 587 5331 πάντας
626 5267 834 5321 ἐθέλειν
859 5268 1192 5338 εὐεργετεῖν,
1249 5285 1266 5316 ι
1318 5265 1518 5333 φησίν·
1579 5282 1598 5315 t
1649 5264 1744 5316 Ἐκ
1772 5262 1866 5316 τοῦ
1929 5329 1938 5336 _

282 5363 495 5430 Πατρὸς
528 5360 617 5413 διὰ
662 5359 757 5412 τοῦ
800 5357 931 5411 Υἱοῦ
979 5358 1118 5428 πρὸς
1174 5357 1233 5408 τὸ
1280 5354 1507 5425 Πνεῦμα
1546 5355 1869 5424 ἀναχωροῦ-

282 5471 406 5522 μεν.
454 5471 473 5503 ι

370 5546 430 5598 '0
460 5513 858 5614 Χρυσόστομος
896 5543 955 5594 ὲν
993 5543 1091 5612 μιᾷ
1117 5539 1226 5592 τῶν
1250 5536 1481 5610 ὁμιλιῶν
1504 5537 1668 5590 αὑτοῦ
1698 5539 1766 5608 τῇ
1790 5538 1869 5599 εἰς

281 5638 333 5691 τὸ
360 5638 529 5708 ῥητὸν
556 5635 654 5689 τοῦ
692 5633 951 5706 Ἀϐραὰμ
974 5633 1035 5687 τὸ
1069 5633 1251 5701 λέγον,
1280 5651 1297 5684 ι
1328 5632 1432 5694 Θὲς
1461 5631 1560 5701 τὴν
1586 5630 1747 5700 χεῖρά
1772 5646 1867 5682 σου

281 5729 372 5782 ἐπὶ
398 5730 491 5782 τὸν
549 5727 727 5799 μηρόν
787 5744 914 5797 μου,
962 5744 981 5777 ι
1038 5726 1241 5797 φησίν·
1298 5743 1317 5776 ι
1372 5724 1606 5793 Λέγεται
1648 5724 1759 5792 γὰρ
1791 5722 1868 5793 μὴ

284 5820 421 5893 ἒχειν
448 5820 605 5889 τάξιν
629 5822 663 5893 ἠ
714 5819 908 5892 Τριὰς,
945 5818 1045 5889 οὐχ
1070 5818 1145 5881 ὡς
1179 5817 1435 5884 ἄτακτος,
1464 5814 1582 5870 ἀλλ’
1604 5815 1679 5879 ὡς
1712 5814 1865 5878 τάξιν

1987 577 2228 646 ceptioni
2250 618 2264 640 ,
2298 587 2351 632 et
2383 593 2413 630 a
2449 591 2584 634 sana
2615 576 2722 632 lide
2753 577 2966 633 alienus
3000 578 3255 641 aberrat,
3299 576 3429 631 dum
3467 592 3578 632 non

1987 668 2310 723 inviolatum
2343 678 2633 724 conservat
2665 670 2817 724 illum
2856 670 3106 725 ordinem
3139 668 3576 739 gloriﬁcationis,

1986 776 2152 830 quem
2193 762 2405 831 accepit
2442 763 2733 827 traditum,
2772 761 2867 817 sed
2910 771 2970 815 ιιι
3015 762 3231 830 placere
3266 763 3437 829 possit
3477 764 3578 815 lio-

1989 853 2259 921 rninibtts,
2296 854 2588 908 verborum
2636 855 2740 909 sibi
2786 855 3068 908 adinveuit
3110 854 3402 908 novitates.
3451 871 3470 905 ι
3511 852 3578 908 Ει

1986 946 2180 1016 paucis
2204 947 2433 1015 annexis
2468 964 2483 1001 :
2516 966 2533 999 ι
2574 947 2761 1017 Usque
2789 948 2925 1002 adeo
2957 949 3069 1001 hate
3098 948 3163 1001 de
3195 948 3388 1002 ordine
3415 947 3579 1001 innu-

1989 1041 2170 1102 vatio,
2210 1039 2384 1108 ipsius
2433 1040 2754 1094 subStantia:
2805 1037 3295 1102 annihilationem,
3343 1046 3398 1092 et
3454 1037 3577 1092 ﬁdei

1989 1129 2157 1183 totius
2189 1130 2603 1199 abnegationem
2640 1130 2821 1184 habet.
2848 1128 3025 1198 {Eque
3051 1143 3180 1197 ergo
3210 1127 3438 1196 impium
3467 1137 3576 1190 est,

1986 1230 2038 1274 et
2089 1222 2154 1275 ad
2189 1234 2471 1276 creaturas
2501 1221 2765 1291 Spiritum
2809 1222 3111 1285 deducere,
3145 1228 3201 1274 et
3232 1222 3578 1288 superiorem

1985 1312 2146 1368 Patre
2179 1323 2233 1368 et
2266 1314 2406 1368 Filio
2439 1322 2706 1375 statuere.
2734 1312 2851 1367 sive
2891 1313 2965 1367 sit
2997 1312 3302 1367 secundum
3340 1321 3575 1381 tempus,

1986 1407 2100 1461 sive
2134 1410 2344 1463 ratione
2375 1409 2588 1462 ordinis
2616 1407 2981 1476 superior-itas
3028 1408 3144 1459 illa.
3187 1423 3207 1456 ι

2061 1498 2203 1552 Idem
2236 1498 2471 1569 epistola
2499 1498 2567 1552 ad
2594 1496 2920 1566 Gregorium
2956 1497 3207 1562 fratrem,
3236 1498 3396 1564 cujus
3428 1498 3577 1568 prin-

1986 1590 2189 1658 cipium
2219 1607 2232 1643 :
2272 1609 2289 1639 ι
2325 1587 2463 1643 Cum
2499 1590 2552 1642 in
2587 1589 2833 1658 mysticis
2867 1588 3216 1656 dogmatibus
3252 1588 3579 1642 cnarrandis

1987 1683 2232 1753 plerique
2260 1683 2402 1746 sint,
2439 1684 2532 1751 qui
2579 1684 2724 1752 quod
2762 1682 2912 1736 nullo
2960 1681 3333 1743 discerniculo
3377 1667 3578 1736 distin-

1985 1784 2137 1844 gunt.
2182 1771 2288 1828 Sed
2333 1774 2425 1843 qui
2477 1774 2694 1827 Patrem
2743 1773 3045 1839 intellexit,
3082 1784 3137 1827 et
3178 1772 3375 1827 Filium
3412 1774 3578 1828 simul

1980 1883 2043 1919 ea
2077 1867 2431 1935 intelligentia
2457 1867 2773 1935 complexus
2804 1877 2907 1920 est.
2942 1866 3048 1932 Qui
3083 1883 3212 1921 vero
3239 1867 3385 1921 hunc
3412 1882 3578 1922 acce-

1980 1973 2014 2026 p
2036 1958 2139 2020 rit,
2168 1953 2431 2025 Spiritum
2471 1975 2500 2010 a
2534 1957 2671 2011 Filio
2704 1974 2812 2012 non
2846 1958 3071 2013 divisit:
3111 1959 3203 2012 sed
3231 1959 3390 2027 juxta
3425 1958 3577 2018 ordi-

1980 2063 2101 2102 nem
2142 2048 2362 2117 quidem
2402 2064 2761 2118 personarum
2807 2058 3231 2117 consequenter,
3264 2049 3418 2117 juxta
3443 2064 3576 2105 vero

1979 2142 2231 2191 naturam
2255 2138 2595 2207 conjuncrim
2621 2140 2784 2192 trium
2814 2154 3177 2208 personarum
3200 2137 3359 2191 ﬁdem
3384 2138 3577 2192 eadem

1979 2231 2194 2283 ratione
2227 2239 2693 2298 contemperatam
2731 2230 2785 2282 iu
2818 2243 2875 2282 se
2906 2231 3026 2298 ipso
3058 2229 3355 2297 expressit.
3390 2225 3459 2281 Et
3481 2227 3579 2297 qui

1978 2323 2045 2377 de
2072 2322 2277 2392 Spiritu
2314 2323 2433 2376 solo
2464 2322 2732 2391 loquitur,
2767 2322 2931 2375 simul
2967 2323 3071 2374 ista
3107 2320 3476 2384 confessione,
3520 2330 3578 2374 ct

1978 2434 2098 2471 eam
2130 2398 2254 2484 quae
2292 2416 2444 2468 illum
2478 2415 2794 2481 concurrit,
2844 2416 3004 2481 cujus
3047 2414 3287 2483 Spiritus
3330 2422 3414 2467 est
3442 2427 3576 2466 con-

1974 2509 2180 2579 junxit.
2207 2507 2273 2561 Et
2298 2509 2560 2576 quoniam
2584 2507 2787 2561 Christi
2817 2505 3056 2575 Spiritus
3086 2515 3188 2567 est,
3215 2514 3353 2558 teste
3377 2505 3572 2566 Paulo,

1977 2609 2033 2655 et
2062 2615 2127 2653 ex
2158 2599 2270 2653 Deo
2298 2609 2404 2659 est,
2437 2598 2493 2651 lit
2526 2606 2583 2651 ut
2623 2598 3088 2667 quemadmodum
3136 2597 3191 2650 in
3237 2607 3449 2659 catena,
3479 2597 3577 2668 qui

1941 2691 2146 2761 .unius
2197 2691 2385 2745 annuli
2435 2691 2811 2746 summitatem
2865 2690 3255 2760 apprehendit,
3305 2692 3407 2745 hoc
3454 2690 3576 2757 ipso

1983 2784 2151 2837 simul
2187 2793 2241 2837 et
2276 2787 2507 2837 alterum
2543 2784 2809 2838 insertum
2851 2786 3113 2848 attrahit;
3161 2786 3232 2838 ita
3267 2793 3321 2838 et
3354 2783 3442 2837 hic
3474 2784 3572 2853 qui

1980 2874 2244 2944 Spiritum
2275 2876 2462 2941 trahit,
2492 2892 2587 2945 per
2614 2877 2791 2944 ipsum
2823 2886 2877 2928 et
2904 2875 3105 2929 Filium
3140 2886 3193 2929 et
3218 2875 3433 2929 Patrem
3464 2890 3575 2929 una

1980 2968 2143 3021 simul
2175 2968 2479 3021 attraxerit.
2511 2967 2579 3019 Et
2622 2968 2666 3021 si
2704 2967 2829 3037 quis
2863 2982 2988 3021 vere
3018 2965 3218 3019 Filium
3265 2966 3574 3035 apprchen-

1981 3060 2144 3123 derit,
2177 3060 2393 3113 habebit
2420 3071 2476 3114 et
2504 3060 2681 3128 ipsum
2713 3059 2974 3129 utrinque
3000 3060 3128 3113 hinc
3154 3058 3369 3114 Patri-tn
3398 3058 3569 3123 illius,

1979 3148 2131 3204 illinc
2168 3148 2432 3220 Spiritum
2461 3159 2710 3205 sanctum
2744 3165 2848 3204 una
2877 3162 3248 3218 compactum.
3274 3148 3391 3204 Non
3421 3152 3569 3204 enim

1976 3252 2155 3312 potest
2204 3245 2386 3313 aliqua
2435 3245 2546 3297 ullo
2589 3253 2748 3312 pacto
2792 3243 3093 3310 excogitari
3145 3242 3226 3296 vel
3269 3242 3438 3295 sectio
3485 3243 3573 3299 vel

1971 3335 2208 3401 divisio,
2249 3345 2307 3390 ut
2348 3338 2461 3391 sive
2502 3335 2673 3391 Filius
2713 3339 2921 3403 absque
2965 3335 3125 3390 Patre
3162 3334 3414 3406 COgitati,
3456 3336 3571 3392 sive

1974 3425 2213 3495 Spiritus
2243 3444 2272 3481 a
2298 3427 2436 3481 Filio
2464 3428 2678 3497 sejungi
2715 3437 2902 3495 queat.
2945 3447 2965 3479 ›

2042 3516 2188 3569 Idem
2239 3533 2468 3587 magnus
2521 3518 2754 3573 Basilius
2797 3519 3024 3587 epistola
3073 3521 3138 3572 ad
3186 3517 3566 3586 Eustathium,

1970 3624 2093 3676 qua:
2143 3609 2380 3677 incipit:
2440 3629 2457 3661 ι
2514 3610 2646 3663 Tum
2691 3610 2766 3663 illi
2820 3611 2909 3679 qui
2964 3611 3071 3664 alia
3127 3612 3390 3666 haetenus
3442 3610 3566 3666 lidei

1971 3700 2321 3755 confeSsione
2368 3703 2761 3771 praeoccupati.
2817 3701 3029 3757 Vitaudi
3081 3713 3209 3757 sunt
3256 3712 3312 3756 et
3359 3703 3418 3765 ii,
3470 3703 3565 3769 qui

1971 3792 2215 3844 ordinem
2242 3808 2272 3845 a
2299 3790 2532 3845 Domino
2559 3793 2745 3846 datum
2774 3792 3072 3856 invertunt,
3098 3806 3355 3862 tanquam
3378 3804 3565 3863 aperte

1971 3880 2188 3936 veritati
2230 3893 2623 3951 repugnantes.
2661 3892 2714 3935 et
2755 3882 2952 3936 Filium
2992 3883 3156 3949 Patri,
3197 3894 3249 3939 et
3294 3885 3562 3953 Spiritum

1971 3980 2221 4024 sanctum
2257 3986 2383 4025 vero
2415 3970 2553 4025 Filio
2583 3983 2927 4043 praeputium.
2970 3991 2989 4024 ι

2044 4154 2418 4209 Damasccnus
2456 4155 2508 4209 in
2548 4166 2750 4226 quarto
2786 4156 3003 4210 decimo
3037 4155 3215 4226 capite
3253 4153 3563 4229 tlrcologico

1970 4250 2214 4303 scribit:
2261 4268 2279 4301 ι
2326 4250 2466 4304 Deus
2503 4247 2738 4318 Spiritus
2780 4265 3005 4305 sanetus
3041 4250 3182 4303 inter
3224 4247 3466 4316 genitum
3507 4257 3564 4302 ct

1972 4340 2271 4412 ingenitum
2306 4344 2539 4409 medius,
2564 4351 2617 4397 et
2648 4358 2744 4412 per
2772 4325 2970 4397 Filium
3007 4342 3153 4395 Patri
3189 4343 3497 4394 cohaerens.
3535 4357 3557 4391 ι

1974 4619 2053 4675 sic
2085 4619 2160 4672 ait
2187 4636 2199 4672 :
2243 4637 2260 4670 ι
2299 4619 2372 4671 Ita
2400 4620 2694 4683 sentimus,
2722 4623 2795 4671 ita
2828 4617 3128 4682 credimus,
3164 4629 3245 4679 ut,
3279 4615 3562 4691 quoruodo

1974 4710 2090 4766 lucc
2125 4726 2185 4765 se
2219 4710 2455 4764 habeant
2488 4713 2629 4764 inter
2664 4726 2785 4764 sese
2821 4709 3086 4763 relatione
3118 4717 3171 4761 et
3201 4707 3418 4769 ordine,
3458 4705 3559 4774 ipsi

1972 4803 2072 4858 soli
2105 4804 2285 4857 'l‘rtadi
2324 4817 2658 4881 cognmcere
2689 4805 3091 4870 permittamus,
3120 4811 3173 4854 et
3204 4801 3407 4870 quibus
3436 4798 3557 4852 Tri-

1974 4899 2114 4950 nitas
2135 4896 2454 4965 expurgatis
2478 4896 2596 4950 sive
2629 4909 2795 4960 irunc,
2829 4895 2944 4949 sive
2969 4892 3324 4963 postmodum
3354 4888 3535 4946 revela

1946 5042 1947 5047 η
1972 4985 2133 5038 verit.
2174 5003 2192 5035 ι

2042 5074 2341 5145 Gregorius
2381 5073 2664 5146 Nyssenus
2695 5077 2872 5145 prima
2918 5076 3184 5130 adversus
3228 5074 3563 5130 Eunomium

1971 5171 2365 5231 Antirrhetica,
2397 5186 2517 5237 qua:
2549 5170 2776 5238 incipit:
2815 5189 2833 5221 ι
2882 5168 3050 5231 Fieri,
3091 5181 3145 5221 ιιι
3184 5171 3420 5231 vidi-tur,
3454 5184 3563 5223 non

1974 5266 2175 5326 potest,
2209 5267 2267 5309 ut
2293 5257 2388 5325 qui
2415 5259 2673 5311 omnibus
2703 5262 2837 5311 bene
2871 5260 3091 5319 mereri,
3128 5276 3144 5307 ι
3181 5258 3357 5325 inquit
3384 5273 3397 5306 :
3429 5273 3447 5306 ι
3482 5255 3562 5310 Ex

1972 5349 2132 5403 Patre
2163 5364 2259 5418 per
2294 5346 2493 5402 Filium
2533 5349 2600 5403 ad
2635 5347 2900 5418 Spiritqu
2937 5349 3307 5419 procedimus.
3351 5367 3369 5399 ι

2042 5538 2471 5610 Clirysostomus
2518 5540 2572 5593 in
2602 5538 2831 5593 bomilia
2872 5539 2939 5593 ad
2966 5534 3264 5590 Abrahami
3312 5533 3560 5589 dictum:

1979 5650 1997 5682 ι
2031 5630 2180 5685 Pone
2212 5647 2434 5685 manum
2464 5641 2612 5685 tuam
2648 5633 2752 5686 sub
2786 5629 2996 5684 femore
3027 5643 3173 5691 meo,
3210 5646 3229 5679 ι
3262 5628 3339 5681 ait
3366 5644 3384 5678 ι
3422 5625 3567 5681 Dici-

1974 5735 2066 5777 tur
2095 5727 2242 5777 enim
2262 5738 2389 5778 .non
2436 5723 2640 5778 habere
2670 5722 2920 5777 ordinem
2962 5720 3237 5785 Trinitas,
3279 5734 3386 5774 nou
3417 5719 3565 5790 quod

1975 5814 2285 5873 inordinata
2336 5817 2450 5885 sit,
2502 5815 2596 5872 sed
2644 5792 2793 5886 quod
2841 5813 3093 5871 ordinem
3150 5820 3393 5886 superat.
3434 5830 3455 5865 ι
3500 5809 3567 5867 Et
