3958 6420
342 355 447 418 647

1370 349 1582 409 .ῘΟΑΝ.
1627 349 1842 409 VECCl
1886 350 1993 410 (ΣΡ.
2037 345 2560 414 ΡΛἸἨΙΑΒΟΗΕῙ

3520 347 3622 416 δὶς

345 471 540 540 paucis
593 468 825 524 annexis
862 483 877 522 :
925 485 944 517 ι
987 464 1160 537 Igitur
1205 463 1518 518 divinarum
1567 475 1932 530 personarum

2059 463 2465 534 ιπερῦαίνουσσ.
2522 482 2540 515 ι
2581 464 2692 517 Καὶ
2741 464 2860 533 μετ’
2899 464 3057 531 ὀλίγα
3083 479 3095 493 ·
3139 481 3157 514 ι
3209 460 3422 515 Οὐκοῦν
3460 463 3492 530 ὴ
3527 475 3625 530 μεν

347 566 485 618 ordo
522 562 793 617 discretus
825 574 854 614 a
886 560 1096 614 sanctis
1130 557 1471 626 agnoscitur,
1509 555 1602 610 sed
1634 553 1728 622 qui
1771 563 1932 608 natu-

351 669 441 710 ras
474 654 748 710 discernat
780 651 834 706 in
867 659 1056 707 sancta
1093 647 1294 704 Triade
1336 646 1864 724 prorsus_rejieitur.
1912 663 1928 696 ι

877 835 1274 895 EPIGRAPHE
1319 835 1379 891 ν.

417 937 552 991 Cum
589 934 838 989 nonnulli
869 933 1256 989 contradicant
1287 927 1664 985 a'sserentibus
1692 937 1936 992 sanctos,

347 1031 441 1099 qui
484 1030 846 1086 decreverunt
893 1027 1162 1098 Spiritum
1207 1035 1460 1083 sanctum
1501 1040 1628 1082 esse
1665 1041 1730 1079 ex
1779 1025 1941 1080 Patre

348 1137 447 1192 per
478 1121 702 1187 Filium,
737 1133 791 1176 et
820 1138 882 1176 ex
913 1122 1075 1176 Patre
1104 1133 1156 1175 et
1191 1121 1350 1183 Filio,
1387 1134 1450 1172 ex
1481 1117 1653 1188 ipsius
1686 1117 1943 1172 Servato-

325 1207 428 1271 'ris
459 1215 628 1271 nostri
667 1215 896 1270 vocibus
927 1214 1276 1269 occasionem
1316 1212 1616 1282 arripuisse
1642 1251 1656 1276 ,
1707 1225 1943 1279 eumque

349 1317 463 1360 tum
496 1321 560 1360 ex
595 1305 752 1360 Patre
783 1319 906 1358 esse
939 1303 1342 1374 praescripsisse
1369 1341 1384 1364 ,
1420 1302 1562 1372 quod
1600 1299 1858 1353 Servator
1887 1298 1941 1352 in

349 1395 661 1466 Evangeliis
685 1396 887 1449 dixerit
911 1413 926 1449 :
961 1413 979 1445 ι
1013 1394 1117 1461 Qui
1143 1409 1206 1448 ex
1231 1395 1392 1447 Patre
1417 1393 1742 1462 procedit",
1778 1408 1797 1442 ι
1829 1400 1941 1444 tum

351 1488 676 1558 perFilium
708 1497 763 1540 et
791 1503 854 1540 ex
889 1487 1046 1554 Filio,
1073 1486 1218 1555 quod
1251 1485 1528 1546 Servator,
1555 1500 1698 1536 nunc
1723 1482 1942 1552 quidem

357 1580 621 1650 Spiritum
667 1581 914 1634 veritatis
951 1596 1076 1634 eum
1117 1579 1451 1647 compellat:
1501 1593 1646 1631 nunc
1685 1588 1946 1645 corporee

350 1674 505 1728 illum
543 1672 827 1742 discipulis
859 1671 1102 1727 insumat
1134 1689 1145 1724 :
1184 1686 1332 1724 nunc
1365 1671 1432 1723 ad
1467 1670 1617 1737 ipsos
1643 1666 1945 1735 discipulos

349 1763 519 1818 dicit:
554 1781 572 1814 ι
613 1763 688 1818 De
711 1777 832 1818 meo
856 1763 1108 1832 accipiet,
1136 1774 1190 1818 et
1215 1753 1565 1826 annuntiabit
1599 1761 1753 1814 vobis
1793 1761 1874 1819 ’δι
1918 1779 1936 1812 ι

292 1837 298 1842 ’
336 1860 500 1911 ‘nune
545 1856 612 1911 ad
651 1856 905 1934 Patrem:
941 1876 960 1909 ι
995 1855 1195 1911 Omnia
1241 1869 1359 1910 mea
1410 1863 1509 1914 tua
1551 1867 1708 1920 sunt,
1751 1861 1805 1906 et
1847 1863 1936 1906 tua

353 1961 476 2002 mea
503 1947 570 2002 “.
608 1965 626 1998 ι
661 1948 932 2003 Praeterea
977 1948 1123 2015 quod
1167 1946 1458 2016 separatim
1500 1943 1660 1999 Pater
1686 1946 1779 1999 dat
1811 1944 1937 2011 Spi-

357 2043 544 2105 ritu-tn,
577 2042 870 2110 separatim
902 2054 1032 2094 vero
1067 2039 1258 2103 Filius,
1288 2048 1340 2091 ct
1379 2037 1524 2106 quod
1556 2037 1938 2106 suppeditatur

356 2135 446 2186 ille
477 2147 508 2187 a
535 2133 696 2186 Patre
717 2147 813 2201 per
841 2131 1034 2186 Filiqu
1066 2146 1172 2184 una
1202 2131 1498 2183 donatione
1525 2141 1577 2182 et
1607 2145 1708 2182 una
1741 2144 1940 2196 suppe-

358 2224 626 2278 ditationc
656 2241 670 2278 :
707 2238 807 2278 nec
840 2239 946 2278 non
981 2223 1126 2292 quod
1165 2222 1333 2276 Filius
1368 2223 1549 2274 omnia
1586 2223 1724 2274 bona
1765 2222 1942 2274 Patris

353 2317 668 2371 communia
716 2316 815 2372 sibi
869 2315 1065 2380 habet,
1117 2327 1170 2369 et
1213 2315 1360 2384 quod
1411 2331 1516 2368 non
1575 2316 1812 2368 ministri
1857 2326 1947 2365 aut

355 2408 500 2463 servi
533 2408 720 2472 modo,
755 2407 848 2462 sed
883 2407 1064 2477 potius
1098 2407 1424 2460 naturaliter
1446 2415 1507 2470 et
1538 2406 1722 2460 divina
1757 2418 1946 2460 διειρω-

352 2503 516 2557 ritate
551 2502 932 2572 suppeditatur
983 2500 1141 2556 nobis
1190 2517 1218 2554 a
1271 2500 1430 2564 Filio,
1483 2510 1777 2568 pnes-entes
1831 2503 1943 2554 bne

354 2593 624 2663 pericOpae
647 2593 892 2648 colli-cun
914 2601 1063 2657 sunt,
1085 2607 1148 2646 ex
1175 2603 1347 2646 sancti
1371 2593 1464 2662 Cyt
1484 2593 1557 2644 illi
1589 2593 1643 2644 in
1672 2597 1938 2649 Joannem

350 2686 748 2758 evangelistam
779 2685 1144 2756 expositione,
1180 2694 1239 2739 ut
1267 2701 1361 2739 eas
1393 2700 1720 2754 percurrens
1747 2687 1940 2755 digno-

355 2791 505 2841 seat,
548 2795 616 2835 ex
661 2777 816 2834 hisce
847 2778 1010 2833 dictis
1048 2777 1383 2845 evangelieis
1417 2779 1766 2831 occasionem
1802 2781 1944 2831 arri-

355 2869 547 2938 puisse
574 2887 693 2937 eos,
723 2870 818 2939 qui
849 2888 913 2924 ex
947 2870 1106 2924 Patre
1141 2886 1236 2940 per
1268 2869 1490 2933 Filium,
1518 2881 1571 2925 et
1596 2886 1658 2938 ex
1696 2873 1854 2926 Patre
1891 2881 1944 2926 et

285 2973 298 2980 ‘
359 2960 496 3016 Filio
533 2976 654 3016 esse
691 2963 956 3032 Spiritum
995 2970 1243 3016 sanetum
1278 2963 1662 3018 decreverunt.
1733 3012 1735 3014 .

2041 556 2152 610 τῶν
2186 555 2739 621 θείωνὺποστάσεων
2765 557 3080 629 διακριτιικὴ
3112 555 3266 620 τάξις
3297 555 3412 618 τοῖς
3446 554 3626 621 άγίοις

2041 650 2355 720 καθέστηκε
2392 651 2698 720 γνώριμος,
2747 652 2782 720 ἡ
2838 650 2894 704 δὲ
2928 650 3146 718 φύσεων
3181 647 3502 720 διακριτικὴ
3536 648 3627 700 ἐπὶ

2042 744 2143 812 τῆς
2177 745 2341 812 ἁγίας
2375 745 2609 814 Τριάδος
2635 744 2969 814 ἀπόϐλητος.
3023 762 3042 794 ι

2595 836 2936 890 ΕΠΙΓΡΑΦΗ
2979 837 3056 892 E'.

2129 925 2347 996 Ἐπειδή
2381 925 2488 978 εἰσί
2520 943 2664 989 τινες
2701 927 3078 993 ἀντιλέγοντες
3121 928 3236 990 τοῖς
3265 925 3524 994 λέγουσιν
3554 923 3626 988 ὡς

2044 1020 2093 1072 οἱ
2125 1018 2555 1088 θεολογήσαντες
2582 1019 2728 1089 amt
2757 1015 2899 1073 εἶναι
2934 1020 2996 1072 τὸ
3019 1017 3249 1090 Πνεῦμα
3281 1023 3343 1074 τδ
3375 1017 3534 1088 ἅγιον
3569 1021 3627 1072 ἐκ

2048 1109 2260 1175 Πατρὸς
2289 1110 2378 1163 διά
2418 1108 2574 1174 Υἱοῦ,
2606 1112 2700 1163 καὶ
2721 1110 2786 1164 ἐκ
2821 1109 3038 1181 Πατρδς
3065 1110 3162 1164 καὶ
3184 1107 3320 1162 Υίοῦ
3362 1107 3426 1173 ἐξ
3455 1107 3629 1161 αὐτῶν

2047 1201 2156 1255 τῶν
2178 1199 2278 1253 τοῦ·
2305 1201 2560 1271 Σωτῆρος
2596 1202 2791 1271 φωνῶν
2822 1201 2983 1271 ἔσχον
3006 1204 3106 1266 τὰς
3136 1201 3418 1272 ἀφορμάς,
3444 1201 3508 1255 τὸ
3538 1202 3632 1272 μὲν

2047 1295 2110 1346 ἐκ
2146 1296 2360 1362 Πατρὶς
2381 1296 2655 1368 ὑπάρχειν
2691 1296 2825 1348 αὐτὸ
2861 1295 3318 1365 θεολογήσαντες,
3344 1294 3434 1348 διά
3460 1295 3526 1346 τὸ
3546 1295 3636 1346 τὸν

2049 1387 2276 1456 Σωτῆρα
2301 1388 2358 1439 ,ἓν
2389 1387 2742 1456 Εὐαγγελίοις
2775 1391 2973 1455 εἰπεῖν,
3007 1407 3024 1441 t
3042 1389 3107 1442 Ὃ
3133 1387 3284 1458 παρὰ
3307 1389 3402 1442 τοῦ
3423 1388 3636 1455 Πατρὶς

2049 1483 2432 1550 ἐκπορεύεται,
2475 1503 2493 1533 ι
2530 1482 2664 1534 τὸδὲ
2693 1482 2782 1535 διὰ
2810 1481 2942 1535 Υίοῦ
2971 1486 3066 1535 καὶ
3095 1481 3306 1547 ὲξΥίοῦ
3341 1481 3632 1550 ὑπάρχειν,

2048 1572 2136 1626 διὰ
2171 1573 2232 1624 τὸ
2264 1574 2353 1624 τὸν
2379 1574 2542 1626 αὑτὸν
2570 1575 2800 1644 Σωτῆρα
2840 1576 3102 1646 Χριστὸν,
3149 1574 3246 1630 νῦν
3284 1575 3386 1642 μὲν
3409 1575 3636 1644 Πνεῦμα

2048 1665 2311 1734 ἀληθείας
2334 1664 2516 1731 λέγειν
2547 1665 2702 1730 αὐτὸ,
2731 1666 2824 1718 νῦν
2866 1666 2922 1719 δὲ
2947 1665 3284 1735 σωματικῶς
3314 1668 3430 1729 τοῖς
3455 1666 3631 1736 μαθη-

2051 1761 2170 1820 ταῖς
2192 1759 2360 1811 αὑτοῦ
2391 1761 2644 1830 ἐμφυσᾷν
2665 1778 2679 1790 ·
2708 1762 2800 1814 καὶ
2834 1760 2930 1812 νῦν
2964 1761 3064 1830 μὲν
3115 1759 3252 1830 πρὸς
3285 1760 3415 1822 τοὺς
3440 1759 3641 1820 αὐτοὺς

2053 1849 2300 1918 μαθητάς
2322 1851 2502 1917 λέγειν
2529 1843 2610 1902 ὅτι
2635 1870 2651 1902 ι
2689 1851 2782 1904 Ἐκ
2802 1851 2896 1903 τοῦ
2921 1851 3057 1920 ἐμοῦ
3085 1851 3339 1922 λήψεται,
3358 1853 3452 1903 καὶ
3471 1852 3642 1916 ἀναγ-

2051 1944 2198 2006 γελεῖ
2222 1941 2382 2008 ὑμῖν,
2417 1960 2435 1992 ι
2464 1941 2561 1995 νῦν
2589 1943 2645 1995 δὲ
2667 1943 2802 2012 πρὸς
2831 1941 2920 1994 τὺν
2948 1943 3189 2012 Πατέρα,
3211 1944 3294 1996 ὅτι
3325 1943 3545 1995 (Πάντα
3573 1944 3643 1994 τα

2051 2034 2160 2103 ὲμὰ
2186 2037 2252 2088 σά
2282 2037 2420 2098 ἐστι,
2458 2038 2552 2088 καὶ
2585 2038 2652 2088 τά
2679 2039 2743 2089 σὰ
2767 2037 2894 2106 ἐμά.
2934 2055 2953 2088 ι
2981 2037 3174 2089 Ἕτιδὲ
3203 2039 3296 2089 καὶ
3317 2038 3383 2089 ἐκ
3414 2037 3508 2088 τοῦ
3543 2038 3644 2088 οὐκ

2057 2129 2164 2198 ἰδίᾳ
2201 2130 2299 2198 μὲν
2336 2131 2540 2182 διδόναι
2568 2131 2660 2182 τὸν
2689 2131 2910 2196 Πατέρα
2940 2132 3000 2182 vi;
3041 2129 3286 2199 Πνεῦμα,
3323 2130 3429 2201 ἰδίᾳ
3451 2129 3508 2182 δὲ
3548 2131 3644 2182 τὶν

2055 2223 2206 2286 Υίὸν,
2243 2221 2358 2274 ἀλλ’
2393 2225 2456 2275 ἐκ
2487 2221 2584 2275 τοῦ
2640 2222 3003 2289 χορηγεῖσθαι
3041 2223 3174 2275 αὐτὸ
3225 2223 3378 2293 παρὰ
3427 2223 3646 2297 lla-cpi);

2055 2317 2120 2368 6.‘
2153 2316 2282 2368 Υίοῦ
2321 2317 2420 2386 μιᾷ
2450 2316 2594 2368 δόσει
2637 2319 2729 2368 καὶ
2759 2315 2996 2386 χορηγίᾳ
3033 2317 3154 2386 μιᾷ,
3186 2317 3281 2368 καὶ
3331 2318 3395 2367 ἐκ
3426 2313 3524 2367 τοῦ
3553 2320 3646 2366 τὸν

2063 2409 2186 2462 Υἱὸν
2219 2409 2480 2460 κοινωνὸν
2529 2409 2748 2461 πάντων
2791 2408 2900 2482 τῶν
2953 2407 3205 2476 φυσικῶν
3253 2407 3481 2474 ἀγαθῶν
3545 2405 3645 2458 τοῦ

2055 2500 2270 2568 Πατρὸς
2312 2497 2474 2563 εἶναι,
2516 2502 2610 2552 καὶ
2651 2503 2715 2552 ἐκ
2747 2501 2842 2552 τοῦ
2877 2498 2952 2570 μὴ
2997 2499 3332 2562 διακονικῶς
3366 2503 3464 2552 καὶ
3505 2499 3649 2565 ὑπη-

2055 2592 2308 2660 ρετικῶς,
2341 2593 2590 2660 φυσικῶς
2614 2594 2668 2645 δὲ
2697 2593 2905 2662 μᾶλλον
2936 2594 3032 2646 καὶ
3058 2591 3184 2647 κατ’
3237 2592 3498 2656 ἐξουσίαν
3535 2591 3651 2644 θεῖ-

2053 2687 2157 2754 κὴν
2181 2686 2546 2754 χορηγεῖσθαι
2584 2687 2713 2754 ὑμῖν
2750 2685 2884 2739 αὐτὸ
2913 2687 3067 2756 παρὰ
3097 2685 3195 2738 τοῦ
3226 2683 3386 2747 Υίοῦ,
3424 2685 3648 2737 συνελὲ-

2051 2796 2230 2846 γησαν
2265 2779 2320 2830 αἱ
2370 2767 2644 2847 παροῦσαι
2703 2781 3006 2850 περικοπαὶ
3054 2779 3148 2848 τῆς
3185 2777 3522 2847 πονηθείσης
3567 2777 3649 2846 τῷ

2053 2869 2198 2940 ἁγίῳ
2232 2869 2492 2938 Rupilio:
2539 2869 2930 2939 πραγματείας
2978 2871 3058 2932 είς
3105 2870 3196 2923 τὸν
3247 2867 3650 2936 εὐαγγελιστὴν

2071 2962 2351 3033 Ἰωάννην,
2383 2962 2458 3024 ὡς
2500 2961 2568 3016 ἂν
2601 2965 2627 3014 6
2664 2961 3012 3032 ἐντυγχάνων
3060 2963 3255 3024 αὑταῖς
3289 2957 3650 3026 διαγινώσκοι

352 3061 422 3112 ὲκ
458 3055 568 3110 τῶν
611 3055 876 3109 τοιούτων
920 3054 1301 3122 εὐαγγελικῶν
1353 3057 1573 3126 ῥήσεων
1626 3055 1772 3126 ἔχειν
1831 3055 1932 3119 τὰς
2001 3056 2259 3126 ἀφορμὰς
2311 3056 2440 3120 τοὺς
2511 3055 2949 3127 θεολογήσαντας
2985 3057 3049 3108 ὲκ
3093 3055 3307 3122 Πατρὶς
3346 3051 3442 3106 διά
3487 3051 3646 3105 Tion

361 3149 459 3204 καὶ
491 3148 556 3200 ὲκ
583 3147 802 3220 Πατρὸς
836 3151 932 3200 καὶ
974 3147 1105 3200 Υίοῦ
1131 3142 1275 3200 εῖναι
1305 3149 1366 3201 τὸ
1395 3147 1625 3218 Πνεῦμα
1657 3148 1718 3201 τὸ
1754 3147 1933 3217 ἅγιον.

432 3242 674 3298 Sanctus
701 3241 942 3312 Cyr-illus
975 3242 1318 3312 expositione
1352 3240 1673 3298 in'Joannis
1707 3242 1954 3312 Evange-
1984 3244 2030 3305 ο

355 3335 518 3398 lium,
550 3335 603 3390 in
643 3335 848 3390 dietmn
878 3352 892 3388 :
923 3353 942 3386 ι
980 3333 1046 3388 Ει
1079 3349 1179 3404 ego
1208 3335 1414 3405 rogabo
1446 3335 1662 3390 Patrem
1697 3344 1752 3390 et
1779 3336 1948 3390 alium

361 3427 709 3482 Paracletum
745 3426 899 3482 dabit
932 3427 1089 3480 vobis
1120 3427 1187 3491 *7,
1230 3445 1248 3479 ι
1293 3427 1507 3498 inquit:
1548 3447 1565 3479 ι
1607 3427 1789 3483 Alium
1819 3443 1951 3492 ergo

357 3518 705 3575 l’aracletum
752 3529 916 3574 vocat
960 3519 1134 3576 Filius
1161 3559 1176 3582 ,
1229 3522 1280 3575 in
1333 3521 1550 3591 propria
1595 3522 1952 3578 subsistentia

359 3611 550 3667 volens
575 3611 728 3666 illum
754 3610 1007 3682 intelligi,
1035 3621 1356 3683 tantamque
1381 3613 1796 3668 similitudinem
1826 3632 1950 3669 eum

364 3719 430 3758 eo
464 3703 661 3768 habet,
699 3713 759 3759 ut
792 3719 901 3758 non
935 3705 1094 3758 aliter
1135 3717 1396 3776 operetur
1434 3724 1598 3778 quam
1634 3709 1749 3778 ipse
1784 3708 1955 3762 Filius

363 3805 716 3864 operaretur;
767 3797 904 3852 adeo
955 3808 1015 3851 ut
1047 3799 1163 3868 ipse
1211 3797 1386 3854 Filius
1426 3813 1552 3854 esse
1593 3810 1874 3870 appareat,
1903 3811 1956 3855 et

367 3887 502 3940 nihil
527 3887 674 3944 aliud
705 3905 718 3942 :
758 3886 998 3959 Spiritus
1031 3891 1175 3944 enim
1217 3891 1365 3946 illius
1390 3903 1497 3945 est.
1533 3890 1671 3946 Hinc
1709 3893 1955 3947 veritatis

365 3979 518 4034 illum
550 3980 813 4050 Spiritum
861 3984 1218 4052 nuncupavit,
1263 3992 1319 4038 et
1358 4000 1452 4055 per
1479 3985 1593 4052 jam
1624 3995 1750 4040 ante
1789 4003 1958 4055 expo-

366 4069 473 4124 sita
514 4071 869 4140 semetipsum
917 4072 1198 4128 veritatem
1247 4088 1369 4128 esse
1414 4073 1798 4130 allirmaverat.
1849 4076 1954 4130 Sed

366 4176 476 4216 non
523 4162 728 4218 absone
773 4163 1046 4235 quispiam
1097 4167 1298 4222 dixerit
1344 4167 1477 4234 illis,
1525 4169 1619 4239 qui
1675 4167 1877 4223 Filium
1927 4184 1958 4223 a

367 4252 462 4308 Dei
493 4263 548 4309 et
590 4255 770 4314 Patris
811 4259 1049 4313 essentia
1095 4260 1332 4314 alienqu
1378 4265 1694 4330 opinantur.
1726 4261 1792 4318 Et
1822 4278 1960 4330 quo-

371 4349 554 4414 modo,
591 4364 799 4419 quaeso,
833 4351 1082 4406 veritatis
1109 4352 1367 4422 Spiritus,
1401 4355 1504 4410 boc
1531 4363 1614 4409 est
1648 4354 1766 4409 Filii
1799 4355 1960 4409 Pater

368 4437 684 4508 impertttur
709 4455 818 4494 non
851 4442 926 4495 uti
957 4435 1336 4512 peregrinum,
1365 4454 1421 4498 et
1457 4444 1715 4512 alienum,
1755 4444 1850 4500 sed
1879 4446 1958 4500 uti

369 4531 650 4600 proprium
685 4530 988 4600 Spiritum?
1013 4531 1080 4588 Et
1105 4545 1286 4588 tamen
1319 4535 1622 4590 secundum
1657 4550 1757 4590 nos
1777 4536 1959 4590 deter-

2143 3239 2204 3292 Ὀ
2247 3237 2404 3307 ἅγιος
2431 3237 2708 3310 Κύριλλος
2738 3239 2796 3292 ὲν
2827 3241 2893 3311 τῇ
2923 3241 3193 3312 ἑρμηνεία
3228 3239 3320 3294 τοῦ
3348 3240 3493 3295 κατὰ
3535 3243 3649 3294 ’ἰω-

2059 3334 2226 3401 άννην
2269 3332 2602 3400 Εὐαγγελίου
2650 3335 2733 3395 είς
2771 3333 2834 3388 τὺ
2893 3335 3058 3406 ῥητὸν
3103 3337 3183 3398 τὸ,
3233 3335 3472 3404 ‹·Κάγὼ
3506 3337 3650 3408 ἔρω-

2056 3429 2212 3494 τήσω
2256 3424 2347 3477 τὸν
2388 3426 2636 3498 Πατέρα,
2693 3426 2788 3480 καὶ
2852 3427 3015 3481 ἄλλον
3073 3428 3444 3498 Παράκλητον
3482 3428 3647 3482 δώσει

2057 3520 2210 3586 ὑμῖν,
2259 3537 2278 3570 ι
2331 3519 2534 3588 φησιν’
2589 3539 2608 3571 ι
2684 3520 2880 3572 Ἀλλον
2928 3521 3109 3575 τοίνυν
3161 3521 3526 3592 Παράκλητον
3587 3522 3650 3574 τὸ

2058 3609 2282 3679 Πνεῦμα
2316 3611 2476 3663 καλεῖ
2512 3611 2541 3662 6
2573 3611 2723 3676 Υἱὸς,
2776 3613 2834 3664 ἐν
2887 3612 2993 3684 ἰδίᾳ
3027 3615 3128 3684 μὲν
3159 3613 3462 3667 ὑποστάσει
3511 3619 3648 3668 νοεῖ-

2061 3701 2184 3754 σθαι
2214 3703 2383 3755 υὲλων
2411 3703 2569 3766 αὐτὸ,
2594 3703 2872 3775 τοσαύτην
2919 3721 2983 3773 γε
3017 3708 3126 3776 μὴν
3162 3704 3288 3776 ἕχον
3333 3705 3434 3778 τὴν
3469 3706 3640 3776 ἐμφέ-

2061 3810 2215 3862 ρειαν
2268 3793 2343 3856 ὡς
2402 3795 2541 3864 πρὸς
2597 3796 2784 3862 αὐτὸν,
2828 3797 2924 3851 καὶ
2965 3797 3416 3866 ἀπαραλλάκτως
3471 3795 3645 3858 οὕτως

2068 3887 2312 3956 ἐνεργεῖν
2345 3887 2556 3955 ἰσχύον,
2586 3887 2731 3960 άπερ
2754 3889 2820 3942 ἂν
2850 3888 3126 3951 καὶαὺτὸς
3169 3889 3422 3959 ὲνεργοίη
3455 3889 3644 3958 τυχὸν,

2057 3979 2133 4042 ὡς
2161 3981 2330 4032 αὐτὸν
2356 3977 2496 4034 εἶναι
2539 3983 2720 4035 δοκεῖν
2767 3982 2860 4038 τὸν
2905 3981 3057 4047 Υίδν,
3099 3983 3195 4036 καὶ
3237 3983 3428 4052 ἕτερον
3467 3982 3645 4036 οὐδέν,

2063 4072 2288 4143 Πνεῦμα
2319 4074 2428 4144 γάρ
2452 4075 2601 4128 ἐστιν
2657 4073 2850 4132 αὑτοῦ.
2907 4075 3018 4128 Καὶ
3053 4075 3186 4143 γοῦν
3226 4077 3328 4145 τῆς
3383 4052 3647 4147 ἀληθείας

2059 4167 2193 4218 αὐτὸ
2226 4167 2587 4236 κατωνόμασε
2619 4167 2867 4238 Πνεῦμα,
2925 4169 3023 4223 καὶ
3066 4167 3154 4223 διὰ
3190 4169 3302 4222 τῶν
3343 4167 3649 4240 προκειμέ-

2059 4275 2165 4310 νων
2210 4259 2405 4312 ὲαυτὺν
2455 4255 2600 4312 εἶναι
2657 4261 2760 4330 τὴν
2790 4260 3057 4330 ἀλήθειαν
3103 4261 3299 4330 λέγων.
3346 4261 3492 4314 Ἀλλ’
3535 4263 3650 4331 ἐρεῖ

2060 4367 2142 4410 τις
2174 4350 2404 4412 εἰκότως
2434 4351 2548 4412 τοῖς
2573 4348 2858 4420 ἀλλότριον
2885 4345 3028 4403 εἶναι
3052 4349 3344 4419 νομίζουσι
3381 4349 3476 4403 τὸν
3522 4350 3648 4402 Υίὸν

2059 4441 2159 4509 τῆς
2185 4439 2278 4492 τοῦ
2302 4441 2440 4493 Θεοῦ
2474 4441 2570 4494 καὶ
2601 4440 2818 4510 [ἰατρὸς
2841 4443 3052 4505 οὐσίας.
3077 4443 3188 4497 Καὶ
3215 4443 3356 4509 πῶς,
3380 4443 3506 4496 είπέ
3534 4459 3646 4514 μοι,

2060 4533 2121 4584 τὸ
2153 4533 2250 4601 τῆς
2276 4531 2541 4602 ἀληθείας
2581 4531 2835 4601 Πνεῦμα,
2877 4533 3130 4586 τουτέστι
3162 4533 3224 4586 τὺ
3256 4533 3352 4586 τοῦ
3403 4533 3540 4586 Υἰοῦ
3575 4534 3651 4587 δί-

375 4625 632 4679 minatam
659 4625 824 4680 habet
849 4626 1103 4681 essentia:
1129 4629 1398 4682 rationt-m
1427 4644 1552 4696 erga
1581 4629 1777 4682 Filium
1801 4648 1815 4685 :
1846 4646 1951 4685 non

2063 4626 2227 4680 δωσιν
2261 4628 2288 4679 ὀ
2319 4626 2508 4696 Πατὴρ
2541 4627 2640 4696 οὺχ
2679 4625 2756 4688 ὡς
2789 4625 2942 4690 ξένον
2991 4627 3025 4699 ἢ
3057 4626 3363 4696 ἀλλότριον,
3405 4626 3528 4680 ἀλλ’
3573 4628 3651 4690 ὡς

371 4715 519 4768 enim
547 4715 601 4770 in
635 4715 806 4771 dubio
843 4718 1073 4771 vertitur
1101 4715 1224 4772 Filii
1257 4734 1478 4789 quoque
1515 4719 1777 4788 Spiritum
1807 4736 1952 4777 esse.

313 4821 320 4832 ·
368 4804 660 4871 Quomodo
717 4823 908 4863 rursus
949 4808 994 4863 si
1055 4809 1266 4865 alienus
1324 4827 1354 4864 a
1409 4811 1718 4867 substantia
1778 4813 1956 4874 Patris

371 4897 543 4952 Ftlius
586 4907 692 4964 est,
726 4900 905 4955 Patris
938 4901 1204 4973 Spiritum
1239 4913 1290 4957 ut
1323 4905 1407 4959 sui
1438 4907 1722 4974 prOprium
1755 4909 1954 4978 elargi-

371 4992 504 5045 tur?
555 4991 832 5063 Scriptum
876 5007 961 5050 est
1009 4995 1198 5052 etiim:
1249 5016 1267 5049 ι
1318 4996 1616 5054 lnsumavit
1666 5001 1953 5072 discipulis

369 5083 597 5139 dicens:
648 5085 894 5156 Accipite
941 5085 1206 5158 Spiritum
1261 5101 1515 5146 sanetum
1557 5091 1624 5145 "'.
1685 5110 1706 5146 ι
1759 5092 1953 5150 Nonne

371 5177 539 5244 igitur
570 5179 842 5246 quispiam
871 5179 1298 5247 existimaverit,
1337 5193 1392 5239 et
1417 5184 1542 5255 jure
1576 5184 1807 5253 merito,
1839 5187 1952 5242 imo

373 5287 404 5320 r.
431 5271 549 5338 agis
579 5269 808 5324 firmiter
841 5272 1163 5341 disponetur
1195 5277 1262 5329 ad
1293 5276 1624 5333 credendum
1647 5317 1663 5345 ,
1699 5294 1826 5334 eum
1865 5293 1962 5334 na-

371 5361 632 5414 turalium
659 5359 780 5427 Dei,
807 5373 860 5417 et
881 5363 1060 5418 Patris
1081 5367 1351 5420 donorqu
1377 5368 1646 5438 particeps
1667 5368 1740 5424 sit
1763 5370 1958 5438 Filius,

375 5453 576 5506 habere
604 5451 870 5522 Spiritum
905 5453 998 5509 illo
1027 5457 1218 5510 eodem
1249 5459 1436 5524 modo,
1467 5474 1576 5526 quo
1603 5474 1730 5512 eum
1760 5461 1959 5520 habere

372 5542 530 5597 Pater
576 5543 929 5616 intelligitur,
980 5562 1088 5601 non
1134 5547 1494 5602 adventitium
1550 5564 1731 5619 neque
1777 5562 1960 5605 extra-

375 5649 558 5702 neum,
591 5635 818 5692 stultum
843 5637 1013 5694 —cnim
1040 5647 1160 5704 est,
1206 5647 1371 5710 atque
1418 5639 1690 5695 furiosum
1738 5641 1808 5696 ita
1838 5657 1961 5697 scn-

447 5794 492 5824 τι
515 5793 675 5852 Joan.
708 5817 798 5867 xv,
829 5801 920 5855 26.
985 5804 1031 5837 ⁸⁸
1055 5803 1186 5860 ib'id.
1217 5818 1330 5876 xvt,
1364 5805 1452 5860 Η.
1531 5805 1579 5838 ³⁸
1607 5804 1739 5864 ibid.
1775 5819 1903 5873 xvn,
1941 5806 2028 5862 10.

2064 4718 2196 4771 ἴδιον
2228 4717 2477 4788 Πνεῦμα,
2514 4717 2694 4770 καίτοι
2727 4717 2853 4773 καθ’
2909 4720 3056 4790 ὑμᾶς
3105 4719 3468 4789 διωρισμένον
3511 4719 3654 4788 ἔχων

2061 4811 2161 4882 τῆς
2194 4811 2385 4873 οὐσίας
2414 4812 2506 4864 τὸν
2537 4811 2698 4879 λόγον
2735 4812 2878 4883 πρὸς
2905 4814 3000 4866 τὸν
3027 4812 3213 4880 ’Υἱόνς
3263 4811 3341 4865 Οὐ
3376 4811 3492 4882 γὰρ
3543 4815 3655 4883 άμ-

2063 4903 2288 4972 φίλογον
2317 4904 2400 4957 ὅτι
2432 4903 2646 4957 καὶτοῦ
2682 4903 2816 4958 Υίοῦ
2858 4904 2920 4958 τὸ
2967 4904 3196 4974 Πνεῦμά
3235 4907 3376 4960 ἐστι.
3427 4903 3559 4968 Πῶς
3594 4904 3652 4958 δὲ

2061 4995 2130 5048 αὖ
2161 4995 2348 5060 πάλιν,
2382 4997 2543 5067 είπερ
2591 4998 2743 5052 ἐστὶν
2786 4997 3132 5066 ὲτεροούσιος
3160 4999 3190 5052 6
3233 4997 3385 5062 Υίὸς,
3442 4999 3506 5051 τὸ
3557 4997 3653 5052 τοῦ

2065 5087 2278 5158 Πατρὺς
2314 5087 2542 5158 Πνεῦμα
2560 5088 2778 5142 δίδωσιν
2804 5089 2883 5153 ὡς
2908 5089 3142 5155 ἑαυτοῦς
3181 5090 3510 5160 Γέγραπται
3543 5090 3654 5158 γὰρ

2062 5181 2145 5232 ὅτι
2177 5181 2483 5250 ἐνεφύσησε
2521 5182 2636 5244 τοῖς
2682 5180 2961 5252 μαθηταῖς
3004 5182 3174 5236 αὐτοῦ
3207 5185 3383 5250 λέγων
3407 5197 3422 5212 ⁸
3468 5201 3488 5234 ε
3537 5181 3653 5236 Λά-

2063 5275 2188 5327 ϐετε
2222 5275 2449 5346 Πνεῦμα
2481 5275 2660 5344 ἅγιον.
2700 5295 2718 5329 r
2761 5277 2886 5348 ’Ἆρ’
2910 5273 3011 5350 ⁵οῦν
3037 5277 3138 5330 οὐκ
3170 5277 3420 5348 οἰήσεται
3443 5293 3531 5338 τις
3556 5279 3652 5330 καὶ

2064 5369 2209 5437 μάλα
2238 5368 2490 5436 δικαίως,
2528 5369 2731 5439 μᾶλλον
2755 5371 2811 5422 δὲ
2841 5373 2938 5424 καὶ
2969 5372 3262 5443 ἀραρότως
3282 5370 3650 5436 διακείσεται,

2059 5464 2164 5526 ὅτι,
2197 5462 2308 5514 τῶν
2339 5461 2434 5515 τοῦ
2475 5463 2614 5514 Θεοῦ
2647 5461 2742 5514 καὶ
2776 5461 2994 5532 Πατρὸς
3025 5463 3275 5531 φυσικῶν
3307 5461 3538 5530 ἀγαθῶν
3559 5463 3651 5514 οὺ-

2062 5549 2272 5615 σιωδώς
2301 5551 2566 5622 ὑπάρχων
2618 5553 2872 5613 κοινωνὸς
2905 5553 2933 5604 ὀ
2964 5552 3114 5618 Υἱὸς,
3155 5553 3271 5624 ἔχει
3321 5554 3384 5606 τὸ
3420 5552 3650 5621 Πνεῦμα

2001 5708 2008 5714 _
2061 5645 2207 5696 κατά
2231 5644 2422 5698 τοῦτον
2476 5647 2568 5698 τὸν
2597 5648 2824 5716 τρόπσν,
2867 5647 2992 5698 καθ’
3041 5647 3211 5718 ὅνπερ
3263 5647 3438 5700 νοοῖτο
3490 5646 3586 5700 καὶ
3621 5644 3648 5696 6

2157 5809 2201 5838 ’⁷
2226 5807 2385 5863 Joan.
2421 5825 2527 5881 ειν,
2574 5810 2655 5866 16.
2739 5812 2784 5842 ³⁸
2807 5808 2963 5868 Joan.
3001 5827 3092 5881 xx,
3123 5811 3215 5866 Ἦ.
