3958 6454
293 383 392 444 649
1691 366 1865 435 EPiG

1984 376 2168 437 ΡΗιεΕι
3421 358 3526 422 (350

287 496 497 565 Πατὴρ,
528 495 627 547 οὐκ
661 495 896 547 ἐπακτὶν
934 495 1055 548 οὐδὲ
1093 495 1289 562 ἔξωθεν
1312 491 1527 564 (εῦηθες
1549 490 1679 560 γὰρ,
1718 492 1857 559 μάλ-

1988 491 2110 554 ire,
2166 486 2263 541 scd
2319 484 2777 553 qttcmadmodum
2838 481 3241 549 unusquisque
3275 485 3524 551 nostrum

283 586 374 638 λον
399 584 456 636 δὲ
489 585 718 652 μανικὸν
756 586 817 637 τὸ
842 585 983 639 οὕτω
1012 587 1277 656 φρονεῖν),
1329 584 1442 638 ἀλλ’
1474 583 1662 652 ὥσπερ
1690 581 1850 650 ἡμῶν

1979 578 2236 646 iroprium
2282 576 2335 630 in
2382 589 2441 629 se
2471 575 2589 643 ipso
2632 573 2882 644 spiritum
2916 572 3177 635 continet,
3223 578 3279 623 et
3310 570 3380 622 ab
3406 569 3531 621 int?-

284 676 513 736 ἕκαστος
538 677 599 728 τὸ
621 677 752 729 ἴδιον
784 678 840 728 ὲν
877 676 1056 747 ἑαυτῷ
1108 677 1326 747 πνεῦμα
1368 676 1606 743 συνέχει,
1645 672 1744 725 καὶ
1788 673 1853 723 ὲκ

1979 669 2061 722 nis
2103 667 2407 721 visceribus
2454 667 2519 719 ad
2559 666 2832 720 exteriora
2881 662 3178 729 profundit.
3221 660 3336 714 llnc
3379 662 3525 713 enim

286 766 395 818 τῶν
417 767 717 820 ἐνδοτάτων
747 769 1068 839 σπλάγχνων
1089 770 1171 830 εἰς
1207 768 1268 819 τὸ
1297 766 1404 832 ἐξω
1453 764 1704 835 προχέει.
1750 763 1853 814 Διὰ

1979 767 2175 827 iruptcr
2199 772 2462 826 corporee
2483 756 2735 811 Christus
2763 754 3076 817 insulilavit,
3105 753 3403 808 ostendens
3426 752 3530 805 hoc
3556 752 3557 755 “

287 856 398 925 γάρ
415 872 498 908 τοι
525 857 686 909 τοῦτο
704 860 799 910 καὶ
819 857 1149 927 σωματικῶς
1172 856 1509 924 ἐνεφύσησεν
1531 856 1558 905 ὁ
1586 853 1850 923 Χριστὸς,

1979 856 2114 924 signo
2145 852 2605 922 quemadmodum
2638 851 2705 906 ab
2731 866 2826 905 ore
2858 850 3099 903 humano
3131 862 3395 915 corporee
3426 847 3531 900 huc

285 948 501 1011 δεικνὺς
540 948 622 1002 ὅτι
648 949 942 1019 καθώσπερ
970 950 1035 1001 ὲκ
1069 948 1339 1017 στόματος
1371 945 1468 999 τοῦ
1505 942 1854 1014 ἀνθρωπείου

1979 962 2159 1001 nanus
2191 948 2416 1016 spiritus
2453 947 2750 1015 egreditur,
2797 948 2875 1000 sic
2906 961 2971 1001 ex
3005 945 3192 999 divina
3223 944 3530 998 substantia
3621 994 3624 998 .

284 1039 502 1107 πρόεισι
527 1040 589 1091 τι.
635 1039 858 1109 Πνεῦμα
919 1039 1268 1107 σωματικῶς,
1319 1037 1462 1089 οὕτω
1507 1036 1601 1088 καὶ
1649 1036 1714 1086 ὲκ
1757 1035 1858 1102 τῆς
1894 1070 1905 1089 .

286 1127 438 1188 θείας
495 1130 683 1191 οὐσίας
722 1131 1044 1201 θεοπρεπῶς
1098 1129 1382 1199 προχεῖται
1443 1126 1506 1178 τὸ
1556 1124 1614 1190 ἐξ
1663 1125 1854 1193 αὐτῆς.

289 1223 423 1275 Ὅτε
452 1222 634 1273 τοίνυν
664 1220 796 1272 αὐτὸ
821 1222 880 1272 τὸ
902 1219 1129 1287 Πνεῦμα
1157 1218 1251 1273 τοῦ
1280 1234 1338 1270 τε
1360 1216 1495 1269 Θεοῦ
1518 1217 1607 1268 καὶ
1645 1215 1858 1282 Πατρός

1962 1036 2161 1091 Deitati
2190 1050 2576 1106 congruenter,
2609 1039 2700 1107 qui
2736 1037 2806 1091 ab
2831 1053 2894 1091 ea
2924 1049 3009 1091 est
3041 1037 3276 1105 Spiritus
3308 1035 3535 1104 profun-

1961 1130 2129 1181 ditur.
2171 1128 2402 1195 Quando
2449 1130 2612 1197 igitur
2661 1129 2780 1199 ipse
2824 1128 3064 1197 Spiritus
3115 1126 3206 1181 Dei
3260 1128 3434 1182 Patris
3479 1134 3533 1201 et

1963 1221 2083 1275 Filii
2125 1232 2239 1284 est,
2269 1222 2543 1291 quomodo
2580 1222 2742 1276 Pater
2804 1233 2857 1275 et
2898 1220 3070 1275 Filius
3103 1236 3267 1274 unam
3301 1228 3540 1290 potesta-

287 1311 405 1361 ἐστι
439 1312 532 1362 κα)⁸
563 1308 657 1362 τοῦ
694 1309 845 1373 Υἱοῦ,
875 1310 992 1372 πῶς
1038 1310 1160 1381 οὐχὶ
1193 1309 1412 1371 πάντως
1443 1309 1573 1375 μίαν
1611 1306 1862 1370 ἐξουσίαν

1979 1329 2071 1368 Lem
2102 1314 2360 1367 distincte
2391 1315 2554 1367 simul
2590 1325 2753 1382 atque
2795 1314 3135 1383 coniunctim
3167 1328 3392 1381 prorsus
3428 1328 3537 1366 non

294 1402 473 1470 ἕξουσι
498 1404 847 1476 διῃρημένως
871 1421 928 1455 τε
963 1403 1078 1471 ἅμα
1115 1405 1208 1456 καὶ
1240 1400 1604 1472 συνημμένως
1630 1417 1645 1465 ;
1674 1398 1862 1469 Πατὴρ

1979 1408 2278 1462 habebunt?
2312 1409 2472 1460 Pater
2504 1408 2647 1460 enim
2693 1408 2855 1460 Pater
2894 1413 2979 1458 est
3023 1414 3076 1458 et
3118 1420 3221 1457 non
3269 1403 3455 1461 Filius.
3490 1412 3543 1455 et

299 1496 411 1565 γὰρ
440 1498 468 1548 ὁ
495 1497 705 1564 Πατὴρ,
755 1499 848 1548 καὶ
893 1495 994 1565 οὐχ
1036 1495 1189 1559 Υἱὸς,
1237 1496 1332 1548 καὶ
1360 1494 1489 1555 Υἱὸς
1514 1495 1542 1544 ό
1575 1493 1728 1555 Υἱὸς,
1770 1495 1865 1544 καὶ

1979 1499 2134 1553 Filius
2164 1498 2335 1552 Filius
2364 1507 2418 1549 et
2461 1512 2569 1550 non
2600 1497 2784 1557 Pater,
2812 1506 2865 1547 et
2907 1505 3087 1547 tamen
3121 1490 3278 1547 Pater
3309 1493 3361 1546 in
3406 1491 3543 1546 Filio

297 1588 422 1658 οὐχὶ
454 1589 667 1658 Πατὴρ,
697 1587 835 1658 πλὴν
868 1591 894 1640 ὀ
934 1586 1123 1657 Πατὴρ
1184 1590 1243 1640 ὲν
1276 1585 1416 1655 Υἱῴ,
1452 1586 1547 1637 καὶ
1591 1587 1619 1638 ό
1656 1585 1779 1644 Υἱὸς
1807 1586 1865 1634 ἐν

1979 1601 2015 1643 η
2061 1591 2234 1643 Filius
2269 1591 2320 1642 iu
2358 1590 2517 1643 Pater
2547 1597 2649 1642 cst.
2684 1588 2749 1639 Et
2795 1587 3134 1640 Paraclt-tum
3170 1600 3274 1638 non
3312 1586 3540 1639 scorsim

300 1678 497 1749 Πατρί.
540 1678 737 1732 Δίδωσί
778 1696 841 1747 γε
885 1680 991 1749 μὴν
1045 1681 1137 1731 τὸν
1200 1676 1580 1749 Παράκλητον,
1636 1677 1755 1743 ἦτοι
1806 1676 1866 1726 τὸ

1979 1683 2130 1736 Pater
2153 1692 2207 1734 et
2231 1683 2461 1734 seorsim
2490 1679 2657 1732 Filius
2682 1678 2904 1746 praebet.
2935 1677 3182 1730 Douatur
3204 1690 3335 1730 vero
3362 1677 3543 1744 potius

298 1770 527 1839 Πνεῦμα
558 1771 618 1822 τὸ
647 1771 823 1837 ἅγιον,
878 1772 979 1824 οὐκ
1016 1770 1121 1839 ἰδίᾳ
1174 1771 1271 1838 μὲν
1300 1772 1328 1821 ὁ
1359 1768 1571 1838 Πατὴρ,
1620 1767 1727 1833 ἰδίᾳ
1745 1766 1802 1818 δὲ
1840 1767 1868 1817 ό

1979 1775 2175 1828 sanctis
2226 1788 2254 1825 a
2308 1773 2466 1826 Patre
2513 1786 2608 1839 per
2655 1770 2875 1825 Filium.
2948 1770 3356 1837 Proptereaque
3417 1782 3542 1821 cum

292 1862 439 1925 Υἱός.
477 1862 809 1931 Χορηγεῖται
827 1863 884 1915 δὲ
909 1862 1111 1931 μᾶλλον
1137 1863 1248 1922 τοῖς
1275 1859 1447 1924 ἀξίοις
1474 1858 1624 1928 παρὰ
1655 1858 1865 1927 Πατρός

1979 1865 2130 1917 Pater
2151 1862 2351 1915 dicitur
2372 1862 2520 1923 dare,
2547 1859 2636 1913 ille
2659 1873 2753 1927 per
2778 1873 2939 1926 quem
2964 1858 3144 1909 omnia
3170 1856 3330 1910 Pater
3353 1857 3543 1917 donat.

290 1951 359 2004 δι’
386 1951 542 2005 Υίοῦ.
575 1953 676 2004 Διὰ
707 1952 818 2021 γάρ
870 1969 953 2005 τοι
1003 1951 1164 2004 τοῦτο
1200 1949 1404 2003 διδόναι
1437 1949 1736 2017 λεγομένου
1769 1946 1864 1997 τοῦ

293 2042 512 2113 Πατρός
559 2043 588 2094 ό
620 2043 688 2095 δι’
719 2037 781 2095 οὗ
810 2043 882 2096 τὰ
928 2043 1111 2095 πάντα
1145 2041 1386 2110 δίδωσιν,
1410 2043 1439 2093 ὁ
1474 2040 1627 2103 Υἱὸς,
1667 2038 1763 2092 καὶ
1790 2037 1869 2090 δι-

290 2135 517 2204 δομένου
545 2135 844 2206 λεγομένου
882 2134 976 2188 τοῦ
1010 2133 1143 2187 Υίοῦ
1176 2137 1203 2187 ὁ
1230 2134 1289 2198 ἐξ
1317 2128 1378 2187 οῦ
1396 2132 1465 2185 τὰ
1505 2134 1688 2187 πάντα
1711 2131 1866 2184 δίδωι

305 2243 393 2279 σιν
419 2226 448 2277 ὁ
472 2227 684 2296 Πατήρ.
719 2227 842 2281 Ὅτι
885 2225 943 2279 δὲ
995 2225 1140 2279 θεῖόν
1172 2243 1233 2278 τε
1261 2228 1323 2278 τὸ
1352 2225 1601 2293 Πνεῦμα,
1635 2225 1734 2277 καὶ
1770 2224 1870 2293 οὐχ

305 2318 658 2387 ἐτεροούσιον
689 2319 766 2382 ὼς
823 2318 961 2388 πρὸς
1005 2318 1169 2371 αὐτόν
1194 2334 1280 2385 γε,
1311 2319 1478 2386 φημὶ,
1522 2317 1617 2369 τὸν
1646 2317 1868 2385 Πατέρα

301 2410 399 2464 καὶ
432 2412 526 2463 τὸν
557 2411 708 2471 Υίὸν,
748 2410 926 2463 οὐδενὶ⁵
958 2410 1056 2479 μὲν
1088 2406 1244 2480 οἶμαι
1275 2408 1386 2461 τῶν
1420 2404 1479 2461 εὖ
1522 2405 1868 2477 φρονούντων

302 2502 575 2572 ὑπάρχειν
606 2500 931 2572 ἀμφίϐολον,
978 2500 1073 2555 καὶ
1105 2501 1405 2568 ἀναγκαῖος
1459 2497 1515 2550 δὲ
1541 2498 1688 2568 ἡμᾶς
1736 2497 1869 2550 ἀνα-

299 2592 485 2645 πείσει
520 2592 698 2659 λόγος.
750 2593 815 2647 Εἰ
861 2592 970 2662 γὰρ
1016 2592 1116 2645 οὐκ
1143 2587 1283 2644 εἷναί
1307 2607 1393 2653 τις
1430 2589 1563 2642 αὑτό
1596 2604 1759 2660 φησιν
1808 2587 1871 2638 ὲκ

293 2685 399 2755 ’τῆς
444 2684 633 2747 οὐσίας
688 2683 781 2737 τοῦ
816 2684 973 2745 Θεοῦ,
1013 2683 1131 2746 πῶς
1156 2683 1221 2737 ἂν
1258 2683 1345 2752 εἴη
1396 2681 1533 2733 Θεοῦ
1576 2680 1803 2749 μέτοχος
1835 2680 1869 2748 ὴ

294 2776 501 2838 κτίσις,
540 2776 622 2827 ἔτι
651 2775 890 2828 λαϐοῦσα
937 2775 999 2827 τὸ
1030 2774 1279 2843 Πνεῦμα,
1317 2778 1457 2826 κατὰ
1484 2773 1609 2824 τίνα
1656 2771 1713 2823 δὲ.
1741 2770 1870 2839 τρό-

293 2882 398 2919 ποι
434 2867 557 2918 ναοὶ
584 2868 720 2919 Θεοῦ
753 2867 1175 2936 χρηματιοῦμεν
1209 2866 1306 2920 καὶ
1332 2863 1595 2934 ἐσόμεθα,
1624 2866 1869 2926 κτιστὸν,

292 2956 327 3026 ἢ
361 2957 646 3023 ἁλλογενὲς
675 2957 1029 3026 κομιζόμενοι
1074 2957 1321 3027 Πνεῦμα,
1363 2959 1460 3008 καὶ
1507 2957 1626 3026 οὐχὶ
1667 2952 1870 3023 μᾶλλον

291 3047 356 3099 τὸ
389 3048 456 3100 ὲκ
495 3047 632 3100 Θεοῦ
661 3065 677 3114 ;
711 3050 835 3111 Πῶς
879 3048 935 3101 δὲ
990 3049 1141 3113 θείας
1189 3049 1408 3117 φύσεως
1446 3047 1697 3099 κοινωνοὶ
1728 3045 1876 3099 κατὰ

291 3139 393 3201 τὰς
418 3141 530 3192 τῶν
580 3141 752 3206 ἁγίων
812 3124 994 3209 φωνὰς
1046 3143 1095 3194 οἱ
1150 3142 1472 3210 Πνεύματος
1529 3141 1773 3210 μέτοχοι,
1819 3142 1868 3191 εί

1974 1953 2145 2008 Filius
2169 1963 2252 2008 est
2283 1964 2333 2006 et
2355 1969 2477 2005 cum
2511 1951 2681 2005 Filius
2710 1950 2909 2003 dicitur
2945 1949 3099 2013 dare,
3126 1949 3215 2002 ille
3261 1962 3357 2016 per
3383 1964 3545 2016 quem

1971 2047 2153 2099 omnia
2169 2046 2336 2099 donat
2355 2056 2439 2100 est
2452 2044 2637 2098 Pater.
2661 2041 2815 2109 Quod
2842 2057 2970 2097 vero
2988 2042 3229 2110 ejusdem
3247 2058 3369 2098 cum
3390 2042 3550 2098 Patre

1971 2150 2132 2208 atque
2146 2136 2283 2191 Filio
2295 2127 2612 2191 substantiae
2627 2136 2862 2205 Spirtus
2875 2145 2978 2197 est,
2994 2147 3155 2188 nemo
3170 2143 3313 2188 recte.
3332 2134 3551 2203 sapiens

1970 2230 2227 2297 ambiget,
2244 2240 2295 2283 et
2313 2230 2618 2283 necessario
2632 2229 3022 2282 demonstratio
3037 2226 3398 2295 persuadebit.
3414 2225 3551 2281 Nam

1976 2324 2020 2375 si
2058 2321 2296 2390 Spiritus
2326 2320 2937 2375 substantialiter,Deus
2970 2333 3079 2371 non
3112 2328 3218 2383 est,
3276 2318 3551 2384 quomodo

1972 2420 2241 2475 creatura,
2290 2426 2356 2467 eo
2395 2421 2635 2479 accepto,
2701 2411 2793 2464 Dei
2853 2410 3122 2478 particeps
3151 2410 3416 2464 eﬂlcitur?
3442 2411 3551 2464 Aut

1972 2503 2247 2574 quomodo
2270 2503 2469 2572 templa
2509 2503 2596 2557 Dei
2630 2504 2857 2569 erimus,
2905 2512 3145 2558 creatum
3183 2512 3278 2557 aut
3321 2504 3548 2559 alterius

1976 2596 2292 2652 submantiae
2318 2594 2606 2665 Spiritum,
2639 2604 2689 2649 et
2724 2611 2832 2649 non
2865 2597 3045 2664 potius
3069 2610 3194 2650 eum
3219 2597 3310 2666 qui
3343 2610 3409 2650 ex
3441 2595 3552 2649 Dt-o

1975 2698 2077 2751 est,
2135 2670 2518 2757 accipientes?
2581 2687 2867 2752 Quomodo
2934 2688 3133 2742 divinae
3198 2699 3428 2750 naturae,
3490 2699 3553 2742 ut

1976 2781 2150 2835 sancti
2174 2780 2275 2843 viri
2304 2788 2607 2851 testantur,
2632 2782 2922 2850 participes
2953 2782 3110 2843 ﬁunt,
3161 2782 3253 2849 qui
3284 2780 3544 2849 Spiritum

1976 2881 2323 2943 acceperunt,
2356 2874 2399 2926 si
2433 2874 2701 2927 creaturis
2742 2871 2979 2943 Spiritus
3013 2882 3462 2937 connumeratur,
3493 2884 3549 2926 ct

1977 2979 2084 3019 non
2119 2965 2303 3033 potius
2338 2980 2405 3019 ex
2443 2967 2559 3034 ipsa
2601 2965 2760 3020 nobis
2799 2972 2996 3019 natura
3017 2964 3200 3018 divina
3231 2975 3544 3033 promanat,

1972 3071 2156 3125 neque
2185 3072 2280 3127 per
2310 3057 2481 3126 ipsam
2505 3058 2569 3112 ad
2596 3072 2698 3112 nos
2730 3057 2891 3110 veluti
2923 3066 3241 3110 extraneum
3270 3067 3553 3124 pertrans-

1979 3148 2042 3212 it,
2064 3157 2125 3202 ut
2141 3148 2212 3203 ita
2229 3149 2428 3209 dicam,
2452 3149 2604 3218 quasi
2620 3148 3089 3218 deitatisquzedam
3111 3148 3346 3219 qualitas
3367 3149 3432 3202 ad
3453 3161 3556 3201 nos

292 3231 581 3298 γεννητοῖς
607 3204 926 3301 ἐναρίθμιόν
951 3235 1069 3284 ἐστι
1102 3231 1198 3284 καὶ
1227 3204 1349 3312 obii.
1382 3204 1584 3301 μᾶλλον
1615 3204 1867 3299 ὲέαύτῆς

1979 3240 2238 3308 pervenit,
2257 3250 2312 3294 et
2328 3241 2380 3293 in
2400 3241 2603 3295 sanctis
2619 3240 2905 3303 inhabitat,
2924 3249 2978 3294 et
2992 3204 3253 3295 continuo
3270 3238 3558 3309 subsequi-

291 3324 429 3392 ἡμῖν
464 3322 746 3394 τῆςκθείας
774 3323 989 3392 φύσεως
1015 3324 1287 3393 πρόεισιν,
1317 3325 1376 3375 οὐ
1401 3321 1777 3392 διικνούμενον
1802 3322 1871 3376 δι’

291 3414 469 3484 αὐτῆς
497 3416 577 3478 είς
601 3417 749 3485 ἡμᾶς
777 3415 854 3481 ὼς
895 3416 1203 3485 ἀλλότριον,
1234 3415 1372 3481 ἀλλ’,
1403 3415 1470 3467 ἵν’
1505 3414 1680 3477 οὕτως
1707 3416 1872 3481 εἴπω,

293 3506 528 3577 ποιότης
556 3506 747 3577 ὥσπερ
793 3524 881 3570 τις
935 3510 1036 3576 τῆς
1076 3507 1333 3584 θεότητος
1369 3510 1427 3561 ἐν
1462 3508 1593 3577 ἡμῖν
1640 3511 1874 3578 γενόμε-

1977 3340 2088 3390 tur.
2106 3331 2147 3383 si
2168 3331 2332 3385 tuenti
2351 3331 2537 3387 oculos
2551 3331 2785 3400 perfecta
2808 3331 2893 3386 sui
2918 3332 3159 3401 ipsorum
3182 3330 3555 3385 moderatione

1979 3438 2100 3478 sese
2122 3423 2563 3493 expurgaveriut,
2583 3432 2638 3477 et
2658 3422 3004 3479 contentioso
3027 3422 3093 3476 ad
3117 3421 3345 3476 virtutes
3362 3436 3556 3475 omnes

1982 3512 2167 3568 studio
2200 3515 2433 3581 gratiam
2488 3514 2542 3567 in
2583 3514 2896 3583 semetipsis
2928 3516 3328 3569 conservarint.
3368 3531 3386 3564 ι

292 3616 413 3664 νον,
448 3602 546 3653 καὶ
594 3603 652 3654 ὲν
683 3602 795 3664 τοῖς
829 3600 1009 3669 ἁγίοις
1058 3593 1375 3667 κατοικοῦν,
1417 3604 1514 3655 καὶ
1563 3601 1874 3672 ἀπτόμενον
1913 3604 2094 3658 αὐτῶν
2122 3606 2440 3669 διαπαντὸς,
2467 3609 2516 3659 εί
2574 3608 2675 3676 τῆς
2704 3606 2915 3660 ἑαυτῶν
2976 3607 3218 3669 διανοίας
3238 3606 3329 3659 τὸν
3357 3603 3561 3675 ὀφθαλο

294 3694 403 3764 μδν
427 3694 520 3748 διὰ
551 3701 735 3766 πάσης
787 3695 1094 3760 ἐπιεικείας
1123 3694 1615 3766 ἀποκαθαίροντες,
1662 3695 1757 3747 καὶ
1787 3696 1877 3751 διὰ
1911 3700 2011 3769 τῆς
2043 3702 2124 3763 εἰς
2145 3702 2327 3752 πᾶσαν
2352 3700 2554 3771 ἀρετὴν
2584 3699 2872 3768 ἀνενδότου
2940 3698 3183 3769 σπουδῆς
3239 3700 3559 3770 συντηροϊεν

293 3790 517 3854 ἑαυτοῖς
553 3792 653 3862 τὴν
679 3791 876 3862 χάριν;
911 3810 933 3847 ι

375 3884 440 3938 ’0
468 3883 632 3948 αὐτὸς
687 3885 768 3947 είς
804 3885 865 3938 τὸ
911 3880 1098 3957 ῥῆτδν,
1152 3885 1246 3948 τὸ,
1300 3885 1382 3939 ὅτι
1432 3904 1452 3937 ι
1491 3885 1765 3954 Τεθέαμαι
1816 3883 1879 3937 τδ

293 3973 531 4042 Πνεῦμα
560 3975 889 4029 καταϐαῖνον
917 3975 1050 4030 ὡσεὶ
1090 3977 1424 4046 περιστερὰν
1464 3976 1523 4041 ἐξ
1549 3973 1803 4043 οὐρανοῦ,
1846 3994 1867 4026 ι

292 4054 506 4136 φησιν·
563 4085 581 4117 ‹
636 4068 710 4120 Ού
761 4068 870 4137 γὰρ
908 4068 1079 4138 δήπου
1129 4068 1267 4137 πρὸς
1316 4069 1586 4137 τοσαύτην
1648 4068 1873 4137 ἀλογίαν

292 4157 726 4228 καταϐησόμεθα
761 4160 857 4211 καὶ
905 4161 1091 4228 ἡμεῖς,
1139 4159 1213 4222 ὡς
1259 4158 1471 4211 οἴεσθαι
1520 4159 1783 4230 μεθεκτὺν
1819 4162 1877 4211 ὲν

292 4248 373 4317 τῷ
417 4249 563 4301 κατὰ
591 4249 754 4316 φύσιν
782 4247 897 4318 Υίῷ
922 4249 984 4301 τὸ
1015 4247 1244 4317 Πνεῦμα
1282 4248 1570 4317 ὑπάρχειν,
1615 4248 1709 4301 καὶ
1756 4248 1878 4320 οὐχὶ

296 4339 503 4406 μᾶλλον
535 4337 807 4401 οὐσιωδῶς
826 4338 1165 4408 ἐμπεφυκὸς,
1191 4338 1380 4410 ὥσπερ
1393 4341 1585 4409 ἀμέλει
1612 4344 1707 4394 καὶ
1729 4342 1878 4411 αὐτῷ

292 4429 374 4490 τῷ
410 4429 591 4496 Πατρί
609 4448 621 4461 ·
659 4430 848 4498 ὥσπερ
878 4433 986 4501 γὰρ
1007 4432 1104 4485 τοῦ
1132 4432 1370 4501 Πατρδς,
1399 4433 1546 4485 οὕτω
1571 4433 1634 4499 δὴ
1662 4434 1756 4487 καὶ
1780 4432 1877 4486 τοῦ

294 4519 431 4573 Υίοῦ
467 4490 586 4575 ἐστι
609 4522 671 4574 τὸ
694 4490 919 4591 Πνεῦμα
944 4490 1004 4575 τὸ
1045 4524 1225 4591 ἅγιον.
1423 4526 1541 4595 μετ’
1569 4490 1725 4595 ὀλίγα
1776 4526 1878 4595 τῆς
1903 4490 1957 4549 D

294 4606 609 4682 περικοπῆς
636 4630 651 4644 ν
700 4631 719 4665 ι
760 4616 882 4676 Πῶς
909 4614 954 4667 δ’
985 4615 1052 4668 ἂν
1110 4619 1205 4671 καὶ
1251 4618 1387 4680 ὅλως
1417 4618 1540 4687 δίχα
1587 4619 1718 4671 ποτὲ
1783 4617 1878 4671 τοῦ

298 4704 434 4756 ἰδίου
479 4705 799 4775 Πνεύματος
830 4707 859 4758 ό
885 4706 1060 4774 Λόγος
1087 4711 1293 4773 νοοῖτος
1344 4702 1423 4760 Ἦ
1464 4709 1574 4777 γὰρ
1616 4710 1717 4763 οῦκ
1753 4710 1881 4763 ἄτο-

295 4813 400 4851 πον
432 4796 726 4867 ἀνθρώπου
757 4781 1090 4869 πεχωρίσθαι
1140 4799 1322 4867 λέγειν
1350 4802 1413 4854 τὸ
1460 4801 1686 4871 Πνεῦμα
1735 4802 1796 4854 τὸ
1819 4804 1880 4856 ὲν

295 4888 472 4957 αὐτῷ,
511 4890 657 4944 κατά
681 4907 742 4943 τε
773 4893 866 4942 τὸν
914 4891 1012 4958 τῆς
1046 4892 1262 4959 φύσεως
1308 4891 1459 4960 ὅρον,
1493 4892 1592 4944 καὶ
1639 4894 1720 4955 είς
1763 4894 1882 4946 ὀλό-

298 4980 505 5049 κληρον
523 4982 629 5035 ’τοῦ
667 4982 810 5046 ζώου
840 4983 930 5035 τὸν
963 4983 1312 5053 ἀπαρτισμόν
1340 4999 1354 5048 ;
1382 4983 1518 5036 Τίνα
1555 4982 1649 5037 οῦν
1679 4984 1879 5054 τρόπον

297 5073 714 5143 ἀπομεριοῦμεν
747 5074 808 5127 τὸ
833 5073 1060 5144 Πνεῦμα
1110 5076 1205 5128 τοῦ
1237 5074 1390 5140 Υίοῦ,
1413 5075 1476 5128 τὸ
1503 5073 1678 5138 οὕτως
1708 5079 1882 5146 ἐμπε-

298 5164 475 5232 φυκὸς
499 5165 596 5217 καὶ
626 5165 903 5228 οὐσιωόῶς
941 5168 1242 5243 ἡνωμένον,
1274 5166 1342 5219 δι’
1364 5167 1531 5220 αὐτου
1570 5183 1634 5218 τε
1669 5167 1881 5238 προκύο

301 5272 435 5307 πτον
468 5256 564 5309 καὶ
591 5256 837 5328 ὑπάρχον
868 5259 928 5310 ἐν
955 5257 1106 5327 αὐτῷ
1135 5257 1402 5328 φυσικῶς,
1435 5258 1510 5321 ὡς
1540 5259 1709 5329 μηδὲν
1756 5259 1881 5311 ἓτε-

304 5363 397 5415 ρον
424 5346 568 5401 εἶναι
597 5347 915 5417 νομίζεσθαι
946 5351 1081 5419 παρ’
1105 5350 1310 5417 αὐτόν;
1350 5369 1371 5403 ι
1400 5352 1517 5408 ,Καὶ
1551 5351 1667 5420 μετ’
1696 5349 1875 5418 ὀλίγα·

307 5456 328 5491 ι
386 5438 836 5509 ’Δπαράλλακτος
864 5442 898 5513 ἡ
926 5441 1023 5494 τοῦ
1056 5440 1297 5512 Χριστοῦ
1351 5441 1607 5512 ὁμοιότης
1658 5442 1792 5513 πρὸς
1820 5442 1884 5496 τὸ

305 5530 434 5586 ῑδιον
463 5529 635 5586 αὑτοῦ
660 5532 757 5586 καὶ
782 5532 916 5603 παρ’
945 5532 1114 5599 αὐτοῦ
1152 5533 1297 5590 κατὰ
1325 5533 1491 5602 φύσιν
1513 5535 1882 5605 προχεόμενον

304 5622 559 5696 Πνεῦμα.
591 5642 613 5676 ι
1657 5641 1665 5648 ·

381 5781 427 5814 "
451 5779 621 5847 Marc.
652 5805 695 5853 ι,
727 5787 816 5843 lo.

647 5880 913 5946 hmoc.
956 5883 1073 5947 Gn.
1104 5882 1315 5946 CXLI.

2058 3882 2207 3936 idem
2250 3882 2305 3935 in
2333 3882 2584 3936 dictum:
2627 3897 2646 3932 ‹
2678 3874 2802 3935 Vidi
2842 3879 3103 3951 Spiritum
3140 3881 3556 3942 descendentem

1989 3973 2147 4044 quasi
2196 3973 2507 4028 columbam
2557 3973 2624 4027 de
2680 3973 2820 4027 coelo
2853 3974 2922 4037 ",
2966 3991 2985 4024 ι
3019 3973 3096 4027 ait
3143 3990 3158 4027 :
3205 3991 3224 4025 ι
3264 3973 3554 4044 Nunquam

1983 4066 2132 4121 enim
2160 4066 2228 4118 ad
2266 4074 2469 4119 tantam
2498 4065 2855 4119 temeritatem
2887 4064 3309 4131 descendemus,
3349 4077 3408 4120 ut
3437 4084 3562 4137 par-

1982 4158 2302 4227 ticipatione
2347 4157 2402 4210 in
2446 4155 2588 4212 Filio
2635 4156 2934 4212 secundum
2989 4167 3246 4213 naturam
3291 4152 3555 4229 Spiritum

1985 4265 2107 4305 esse
2163 4250 2497 4314 credamus;
2553 4255 2608 4302 et.
2660 4261 2769 4301 non
2819 4246 3003 4316 potius
3070 4249 3510 4309 substantialiter
3541 4292 3557 4315 ,

1982 4342 2442 4412 quemadmodum
2490 4341 2592 4410 ipsi
2636 4340 2800 4393 etiam
2852 4338 2999 4393 Patri
3042 4341 3502 4397 adhaerescentem
3537 4361 3552 4398 :

1982 4433 2441 4505 quemadmodum
2483 4435 2626 4487 enim
2680 4433 2857 4487 Patris
2907 4437 2979 4486 ita
3031 4441 3085 4488 et
3134 4433 3263 4487 Filii
3318 4433 3557 4504 Spiritus

1983 4533 2086 4580 est.
2127 4543 2146 4575 ιι
2185 4523 2253 4578 Ει
2306 4532 2430 4592 post
2482 4536 2656 4592 pauca
2703 4521 2951 4591 ejusdem
3001 4524 3322 4593 pericopes:
3358 4543 3377 4577 ο
3413 4525 3559 4591 Οιιοσ

1981 4618 2144 4671 modo
2167 4624 2351 4670 autem
2388 4616 2596 4686 absque
2628 4614 2847 4685 proprio
2871 4614 3077 4684 Spiritu
3118 4614 3349 4670 Verbum
3386 4617 3536 4671 intel-

1979 4707 2069 4777 ligi
2120 4705 2338 4777 potest?
2371 4704 2565 4761 Annon
2611 4714 2755 4760 esset
2784 4705 3081 4762 absurdum
3113 4708 3160 4764 si
3200 4709 3330 4778 quis
3349 4711 3419 4763 ab
3456 4711 3558 4763 ho-
3602 4707 3623 4784 ζ

1979 4799 2130 4852 mine
2164 4797 2406 4851 hominis
2439 4796 2725 4866 Spiritum,
2758 4797 2850 4866 qui
2882 4797 2940 4852 in
2971 4797 3065 4853 illo
3092 4806 3203 4863 est,
3236 4810 3552 4870 separatum

1978 4903 2100 4944 esse
2125 4877 2463 4955 aliirmaret,
2495 4889 2761 4944 rationem
2795 4901 3008 4946 naturae
3040 4900 3284 4957 secutus,
3320 4901 3378 4946 et
3410 4892 3560 4949 inte-

1981 4978 2165 5048 grum‘
2209 4979 2463 5034 animalis
2519 4987 2718 5034 statum
2788 4995 3116 5037 conservare
3175 4985 3561 5052 pretendens?

1981 5069 2268 5136 Quomodo
2312 5072 2481 5141 igitur
2509 5085 2539 5124 a
2569 5070 2706 5125 Filio
2738 5069 3002 5141 Spiritum
3022 5075 3425 5140 separabimus,
3463 5076 3557 5145 qui

1981 5161 2062 5214 sic
2090 5160 2310 5216 innatus
2339 5161 2388 5214 ei
2418 5168 2522 5224 est,
2546 5162 2621 5215 ita
2654 5162 3090 5218 substantialiter
3121 5165 3480 5233 coniunctus.
3500 5173 3558 5219 et

1982 5267 2081 5322 per
2109 5268 2259 5321 -,eum
2295 5254 2572 5323 prodieus,
2607 5255 2663 5308 in
2716 5253 2834 5324 ipso
2866 5256 2940 5309 ita
2986 5256 3311 5311 naturaliter
3342 5264 3448 5319 est,
3494 5268 3557 5309 ut

1983 5348 2135 5402 aliud
2188 5361 2313 5403 esse
2365 5353 2564 5417 praeter
2616 5346 2797 5417 ipsum
2846 5347 3074 5418 intelligi
3136 5356 3392 5418 nequeat.
3426 5366 3447 5402 ι
3495 5348 3563 5403 Et

1982 5440 2173 5511 paucis
2200 5438 2401 5495 additis
2454 5456 2470 5494 :
2510 5457 2530 5491 ι
2574 5440 2940 5496 lmmutabilis
2983 5449 3068 5496 est
3118 5440 3373 5495 identitas
3435 5439 3560 5496 Filii

1981 5533 2051 5588 ad
2080 5531 2366 5602 Spiritum,
2417 5531 2511 5602 qui
2548 5532 2805 5602 proprius
2837 5531 2958 5601 ejus
3000 5538 3105 5598 est,
3155 5530 3360 5601 quique
3387 5544 3455 5585 ex
3493 5544 3565 5587 eo

1985 5626 2285 5683 secundum
2316 5634 2571 5682 naturam
2596 5623 2969 5697 profunditur.
3008 5643 3029 5677 ι

3069 5874 3142 5938 21
