3958 6414
533 335 636 398 Bb]

608 449 756 503 Idem
792 446 933 506 libro
985 467 1015 505 v
1061 454 1126 508 ad
1176 454 1451 510 llermiam
1483 473 1496 509 :
1535 474 1553 507 ι
1589 454 1644 510 Si
1679 457 1861 524 itaque
1898 456 2102 510 dicitur
2129 464 2172 517 Α

533 539 818 598 character
842 554 1077 612 paterna:
1112 547 1440 617 bypostasis,
1469 547 1905 617 inseparabiliter
1933 546 2098 602 simul

532 639 588 685 et
621 633 962 690 adhmrenter
994 635 1231 706 inteltige
1257 637 1608 702 coexsistere,
1633 647 1686 692 et
1709 639 1870 692 veluti
1904 638 2095 706 ipsius,

535 725 629 792 qui
663 739 786 776 eum
823 727 1105 794 generavit
1135 728 1368 796 speciem
1421 744 1436 782 :
1495 744 1618 783 cum
1665 744 1794 783 vero
1845 728 2100 797 splendor

531 815 688 884 quasi
747 815 975 871 humilis
1041 819 1328 873 emicantis
1387 819 1862 890 praefulgentisque
1921 827 2100 874 mente

532 907 754 971 volvito,
801 908 958 978 quasi
999 925 1063 964 ex
1100 909 1262 965 Patre
1286 911 1339 964 in
1374 912 1617 966 exterius
1647 910 2093 980 emigrationem,

527 1009 979 1066 neque-prorsus
1027 1000 1366 1056 abalienatus
1409 1002 1478 1056 ab
1539 1002 1846 1072 hypostasi,
1878 1017 1945 1056 ex
1985 1017 2092 1072 qua

525 1097 631 1152 est,
666 1104 840 1158 neque
886 1090 942 1145 in
993 1099 1164 1146 totum
1201 1102 1544 1159 contractus,
1593 1093 1760 1148 veluti
1803 1109 1933 1148 vero
1973 1108 2098 1163 pro-

527 1177 744 1233 mineus
796 1188 856 1234 ut
900 1181 1203 1236 secundum
1250 1197 1311 1238 se
1345 1185 1519 1253 ipsam
1562 1185 1847 1251 subsistat,
1875 1195 1934 1239 et
1964 1199 2096 1254 pro-

524 1271 700 1338 priam
734 1272 1131 1327 exsistentiam.
1164 1292 1184 1325 ι

596 1456 748 1513 Idem
805 1458 856 1513 in
913 1461 1115 1516 dictum
1164 1477 1180 1515 :
1241 1481 1259 1515 ι
1309 1460 1463 1517 Sicut
1518 1471 1574 1518 tu
1641 1477 1728 1517 me
1781 1462 1983 1518 misisti
2035 1463 2094 1517 in

525 1549 812 1614 mundum,
870 1559 924 1604 et
955 1565 1055 1620 ego
1109 1553 1264 1606 mi!to
1315 1567 1412 1608 eos
1462 1553 1516 1606 in
1547 1553 1806 1607 mundum
1825 1553 1889 1620 '°,
1925 1571 1944 1605 ι
1979 1554 2093 1608 ait:

530 1661 548 1694 ι
587 1641 846 1712 Proprius
869 1642 962 1698 Dei
997 1655 1048 1698 et
1083 1643 1259 1699 Patris
1289 1645 1524 1716 Spiritus
1552 1655 1637 1701 est
1673 1661 1686 1699 :
1720 1645 1813 1701 sed
1846 1661 1954 1700 non
1991 1647 2095 1700 mi-

523 1751 629 1792 nus
666 1736 826 1790 etiam
881 1738 1132 1805 proprius
1168 1736 1286 1791 Filii
1333 1745 1436 1800 est,
1495 1753 1602 1792 non
1653 1747 1712 1792 ut
1744 1738 1881 1792 alius
1933 1747 2096 1808 atque

521 1825 684 1891 alius,
721 1837 816 1881 aut
843 1828 1058 1882 divisitn
1083 1829 1136 1881 in
1174 1838 1405 1900 utroque
1431 1831 1758 1898 intellectus,
1788 1841 1840 1886 et
1875 1831 2092 1886 inexsi-

519 1927 707 1983 stetis;
736 1918 828 1974 sed
849 1920 1199 1988 quoniam-in
1230 1920 1392 1975 Patre
1422 1931 1476 1976 et
1507 1938 1571 1976 ex
1603 1921 1761 1976 Patre
1790 1924 2090 1978 secundum

518 2006 983 2062 naturam-Filius
1014 2017 1264 2072 cst,-cum
1280 2008 1358 2063 sit
1389 2009 1604 2066 fructus
1639 2025 1800 2066 verus
1832 2013 2090 2065 substan-

517 2095 606 2150 tia:
633 2095 776 2165 ejus,
801 2098 1079 2166 proprium
1109 2096 1284 2155 Patris
1319 2100 1578 2169 Spiritum
1609 2102 1908 2157 secundum
1935 2112 2090 2156 natu-

516 2201 635 2241 ram
669 2187 930 2258 possidet,
999 2189 1091 2257 qui
1135 2189 1482 2259 profunditur
1514 2191 1734 2262 quidem
1789 2209 1852 2246 ex
1904 2194 2088 2260 Patre,

516 2295 614 2349 per
639 2277 837 2333 Filium
877 2289 1054 2334 autent
1089 2282 1357 2337 creaturis
1383 2281 1632 2347 donatur,
1662 2297 1770 2336 non
1801 2284 2088 2338 ministerii

517 2371 701 2437 modo,
729 2372 822 2442 qui
851 2373 1031 2428 servili
1062 2374 1258 2428 rationi
1288 2375 1595 2444 subﬁcitur,
1627 2375 1741 2440 sed,
1777 2376 1920 2430 sicut
1964 2392 2090 2431 mox

517 2464 652 2530 dixi,
686 2481 750 2520 ex
786 2465 902 2534 ipsa
935 2465 1157 2535 quidem
1182 2467 1488 2522 substantia
1523 2465 1615 2520 Dei
1649 2465 1910 2521 et-Patris
1959 2482 2088 2536 pro-

499 2553 694 2630 Idiens,
727 2559 985 2629 profusus
1017 2569 1198 2615 autem
1243 2559 1310 2614 ad
1353 2575 1471 2626 eos,
1512 2561 1604 2628 qui
1633 2560 1781 2629 digni
1809 2570 1958 2626 sunt,
1995 2577 2090 2632 per

513 2652 976 2709 consubstantiale
1011 2653 1268 2716 Verbum,
1302 2667 1332 2707 a
1357 2669 1466 2724 quo
1485 2665 1568 2708 est
1597 2656 1894 2709 secundum
1920 2655 2088 2709 emis-

514 2744 724 2798 sionem
772 2743 966 2799 adesse
1003 2751 1168 2811 atque
1197 2745 1516 2810 subsistere,
1553 2754 1843 2814 manetque
1869 2746 2086 2814 in-ipso,

515 2844 571 2888 et
624 2842 709 2888 est
759 2847 976 2902 semper
1028 2836 1361 2902 coniunctim
1424 2835 1588 2888 simul
1631 2843 1792 2904 atque
1846 2835 2086 2890 divisim.

517 2922 829 2978 Subsistere
859 2923 1004 2977 enim
1053 2921 1250 2977 Filium
1282 2923 1534 2988 dicimus,
1567 2932 1622 2978 ct
1657 2926 1710 2978 in
1743 2924 1951 2993 Spiritu
1984 2941 2088 2982 suo

513 3031 639 3070 eum
685 3029 829 3078 esse,
877 3024 932 3070 et
965 3013 1225 3084 Spiritum
1278 3033 1470 3072 rursus
1528 3017 1683 3071 ineo
1740 3017 2083 3073 confitemur.

1559 342 1773 407 JOAN.
1818 344 2032 406 VECCI
2071 344 2175 403 ΟΡ.
2225 341 2730 403 PATRIARCIIE
3635 345 3726 408 652

2289 457 2348 508 '0
2374 455 2536 517 αὐτὸς
2562 455 2618 505 ὲν
2652 451 2728 522 τῷ
2759 451 2996 522 πέμπτῳ
3021 449 3130 502 τῶν
3153 448 3283 521 πρὸς
3319 451 3560 521 Ἑρμείαν
3582 469 3596 484 ι
3627 475 3644 507 ι
3675 459 3728 511 Ei

2199 548 2380 601 τοίνυν
2405 547 2618 614 λέγοιτο
2650 543 2935 615 χαρακτὴρ
2976 545 3073 613 τῆς
3131 543 3474 607 ὑποστάσεως
3509 545 3596 598 τοῦ
3635 548 3729 600 Πα-

2199 637 2345 708 τρὸς,
2379 635 2698 707 ἀχωρίστως
2735 651 2793 687 τε
2821 633 2938 703 ἅμα
2986 635 3079 686 καὶ⁸
3139 637 3588 702 προσπεφυκότως
3619 655 3730 691 συν-

2199 729 2512 797 υπάρχοντα
2538 727 2670 792 νόει,
2701 725 2795 779 καὶ
2815 727 2976 779 οἱονεὶ
2995 724 3056 777 τὸ
3081 719 3219 787 εἶδος
3247 723 3410 777 αὐτοῦ
3452 725 3542 778 τοῦ
3567 742 3736 796 γεγεν-

2210 819 2465 890 νηκότος*
2498 818 2662 888 ἡνίκα
2689 816 2733 870 δ’
2755 817 2823 872 ἂν
2848 817 2941 870 καὶ
2971 815 3311 885 ἀπαύγασμα
3341 818 3610 887 μονονουχὶ
3637 837 3734 886 φω-

2196 915 2288 978 τὺς
2315 913 2579 985 προέντος
2609 930 2667 966 τε
2711 913 2808 968 καὶ
2855 910 3340 981 ἀπαστράψαντος,
3373 912 3452 973 εις
3495 910 3612 963 νοῦν
3653 911 3733 980 ἔχε

2197 1005 2296 1074 τὴν
2326 1007 2389 1057 ὲκ
2416 1006 2632 1076 Πατρδς
2662 1004 2829 1058 οἱονεί
2880 1021 2999 1066 πως
3038 1006 3120 1066 εις
3173 1002 3232 1054 τὸ
3281 1001 3388 1067 ἔξω
3416 1001 3733 1073 διεκδρομὴν,

2196 1096 2320 1149 οὐτε
2351 1097 2428 1159 είς
2461 1096 2608 1150 ἅπαν
2662 1096 3098 1165 ἀπηλλαγμένως
3148 1093 3248 1162 τῆς
3285 1092 3405 1146 ὅθεν
3447 1093 3586 1146 ἐστὶν
3613 1094 3732 1146 ὐπο-

2199 1191 2462 1253 στάσεως,
2497 1189 2624 1243 οὐτε
2659 1190 2765 1261 μὴν
2789 1191 3022 1244 είσάπαν
3059 1187 3526 1254 συνεσταλμένως,
3556 1202 3734 1256 προεκ-

2197 1279 2512 1334 κύπτουσαν
2543 1281 2599 1333 δὲ
2622 1279 2812 1351 ὥσπερ
2838 1281 2918 1342 εἰς
2949 1280 3010 1332 τὸ
3061 1279 3360 1348 ὑφεστάναι
3383 1275 3502 1330 καθ’
3534 1277 3735 1343 ἑαυτὴν,

2198 1375 2294 1428 καὶ
2325 1375 2407 1437 εἰς
2439 1373 2676 1442 ὕπαρξιν
2705 1373 2900 1443 ξδικήν.
2945 1391 2963 1423 ι

2279 1465 2336 1518 Ὀ
2370 1465 2531 1525 αὐτὸς
2559 1465 2640 1525 εἰς
2664 1462 2726 1514 τὸ
2751 1461 2935 1532 ῥητὸν,
2967 1460 3048 1524 τὸ,
3083 1478 3103 1510 ι
3142 1455 3339 1520 Καθὼς
3373 1457 3472 1526 ἐμὲ
3504 1457 3734 1508 ἀπέστει·

2195 1558 2294 1622 λας
2325 1559 2404 1620 εἰς
2427 1558 2520 1609 τὸν
2552 1556 2782 1622 κόσμον,
2809 1553 2966 1621 κάγὼ
2995 1552 3295 1605 ἀπέστειλα
3342 1549 3534 1612 αὐτοὺς
3564 1551 3636 1610 είς
3659 1551 3734 1600 τὸν

2196 1651 2423 1719 κόσμον,
2461 1666 2484 1698 θ
2522 1648 2684 1718 φησίν
2723 1661 2738 1676 ⁸
2779 1665 2798 1698 ι
2836 1647 2996 1698 ’Ἱδιον
3026 1643 3121 1697 τοῦ
3153 1643 3292 1696 Θεοῦ
3321 1641 3415 1694 καὶ
3466 1641 3663 1710 Πατρός
3687 1640 3736 1689 τὸ

2198 1740 2426 1808 Πνεῦμὰ
2457 1742 2604 1792 ἐστιν
2625 1756 2638 1770 ⁸
2701 1739 2820 1792 ἀλλ’
2849 1739 3002 1791 οὐδὲν
3029 1733 3191 1808 ἦττον
3224 1735 3358 1788 ῐδιόν
3389 1735 3504 1786 ἐστι
3539 1735 3627 1785 καὶ
3655 1732 3738 1783 α-ὐ·

2197 1832 2293 1886 τοῦ
2315 1833 2412 1886 τοῦ
2462 1832 2614 1898 Υἱοῦ,
2655 1833 2754 1901 οὐχ
2807 1833 2883 1893 ὼς
2943 1831 3132 1900 ἕτερον
3167 1829 3266 1880 καὶ
3319 1828 3506 1896 ἕτερον
3537 1825 3567 1893 ἢ
3599 1839 3734 1892 μερι-

2199 1923 2340 1987 στῶς
2365 1926 2423 1978 ὲν
2453 1925 2701 1994 ἑκατέρῳ
2731 1922 3026 1992 νοούμενόν
3057 1939 3116 1973 τε
3153 1923 3246 1974 καὶ
3279 1920 3579 1989 ἐνυπάρχον
3598 1931 3610 1945 ο
3640 1913 3736 1967 ἀλλ’

2199 2018 2430 2088 ἐπείπερ
2457 2018 2519 2069 ὲσκ
2557 2016 2768 2086 Πατρὸς
2808 2015 2902 2067 καὶ
2945 2015 3004 2068 ὲν
3041 2014 3215 2080 Πατρὶ
3250 2010 3395 2064 κατὰ
3429 2009 3586 2078 φύσιν
3612 2007 3738 2058 ἐστὶν

2196 2109 2224 2160 ὀ
2253 2108 2399 2170 Υἱὸς,
2436 2107 2648 2178 καρπὸς
2680 2107 2940 2174 ὑπάρχων
2984 2102 3247 2173 ἀληθινὸς
3283 2102 3380 2170 τῆς
3435 2098 3614 2159 οὐσίας
3655 2095 3738 2146 αὐ-

2196 2199 2312 2263 τοῦ,
2347 2200 2409 2252 τὸ
2439 2199 2533 2251 τοῦ
2565 2199 2778 2268 Πατρὸς
2811 2198 2940 2250 ἴδιον
2996 2193 3220 2264 Πνεῦμα
3242 2193 3397 2246 κατὰ
3445 2188 3601 2258 φύσιν
3627 2186 3742 2238 smi-

2198 2308 2377 2360 γεται,
2413 2295 2672 2360 χεόμενον
2704 2290 2802 2360 μὲν
2834 2289 2898 2340 ὲκ
2945 2285 3178 2355 Πατρὸς,
3213 2284 3291 2337 δι’
3348 2281 3510 2336 αὐτοῦ
3563 2278 3618 2332 δὲ
3659 2275 3740 2329 τοῦ

2198 2382 2330 2436 Υἱοῦ
2366 2385 2431 2451 τῇ
2460 2381 2634 2434 κτίσει
2666 2378 3097 2450 χορηγούμενον,
3127 2379 3186 2430 οὐ
3222 2377 3377 2431 κατά
3417 2390 3538 2427 τινα
3566 2371 3741 2441 τρόπον

2195 2473 2525 2535 διακονικὸν,
2557 2473 2724 2542 ἤγουν
2753 2473 2844 2524 τὸν
2873 2473 2930 2524 ὲν
2961 2470 3238 2540 ὑπουργία
3296 2467 3600 2537 νοούμενον,
3627 2457 3738 2514 ἀλλ’

2195 2565 2385 2634 ὥσπερ
2417 2565 2555 2634 ἔφην
2586 2564 2810 2634 ἀρτίως,
2841 2563 2898 2629 ἐξ
2945 2561 3120 2631 αὐτῆς
3167 2565 3280 2630 μὲν
3333 2556 3638 2630 προκῦπτον
3661 2553 3741 2618 τῆς

2193 2656 2380 2718 οὐσίας
2410 2654 2502 2707 τοῦ
2537 2653 2674 2707 Θεοῦ
2705 2655 2802 2706 καὶ
2833 2655 3069 2723 Πατρός,
3103 2652 3382 2723 χεόμενον
3409 2652 3464 2703 δὲ
3493 2649 3595 2710 τοῖς
3620 2645 3740 2698 ἑλεῖν

2195 2748 2366 2814 ἀξίοις
2397 2748 2482 2800 διὰ
2507 2747 2684 2815 Λόγου
2712 2747 2804 2799 τοῦ
2837 2748 3148 2815 ὀμοουσίου,
3180 2749 3284 2798 καὶ
3345 2747 3403 2809 ἐξ
3456 2738 3608 2794 αὐτοῦ
3657 2752 3735 2788 πε-

2195 2840 2447 2910 φηνότος,
2477 2840 2596 2892 κατ’
2633 2838 2900 2906 ἐκφανσιν
2946 2837 3192 2906 δηλονότι
3240 2839 3341 2908 τὴν
3386 2838 3463 2898 είς
3506 2832 3571 2885 τὸ
3617 2825 3733 2882 εἶναι

2194 2932 2317 2985 καθ’
2351 2931 2534 2997 ἑαυτὸ,
2569 2931 2663 2984 καὶ
2698 2931 2756 2982 ὲν
2782 2927 2934 2998 αὐτῷ
2964 2928 3225 2998 μένοντός
3257 2945 3317 2982 τε
3349 2928 3443 2982 καὶ
3484 2925 3626 2983 ὄντος
3665 2920 3735 2971 ἀεὶ

2194 3023 2478 3096 προσεχῶς
2509 3040 2567 3075 τε
2591 3022 2710 3092 ἅμα
2740 3024 2835 3075 καὶ
2866 3022 3322 3092 μεμερισμένως.
3363 3015 3734 3072 Ἰδιοσυστάτως

517 3105 779 3176 Spiritum
813 3121 938 3162 vero
973 3106 1172 3174 Patris,
1209 3108 1329 3162 Filii
1373 3123 1590 3179 quoque
1623 3108 1886 3178 Spiritum
1937 3127 2082 3176 esse,

2198 3119 2296 3186 μὲν
2326 3119 2434 3187 γὰρ
2457 3113 2597 3170 εἷναί
2625 3133 2807 3186 φαμεν
2837 3115 2928 3167 τὸν
2961 3115 3107 3173 Υἱὺν,
3143 3101 3482 3183 ἐνυπάρχειν
3527 3109 3580 3161 δὲ
3609 3102 3735 3209 αὐτῷ

514 3211 571 3252 et
602 3197 762 3256 Patre
812 3201 1094 3266 mittente,
1154 3205 1268 3257 sive
1319 3203 1646 3257 distribuere
1700 3208 2090 3275 promittente,

2199 3209 2342 3272 ἰδίως
2392 3209 2704 3278 γεννήτορι,
2745 3208 2842 3261 καὶ
2872 3207 3019 3278 ἐχειν
3069 3207 3128 3258 ὲν
3181 3207 3368 3277 ἑαυτῷ
3426 3204 3516 3256 τὸν
3569 3197 3735 3268 γεννή-

519 3290 671 3344 illum
735 3292 942 3345 sanctis
1005 3292 1286 3346 distribuit
1341 3307 1562 3362 quoque
1635 3293 1808 3350 Filius
1871 3307 2091 3365 propter

2195 3318 2388 3356 σαντα.
2429 3302 2552 3354 Ὀτι
2581 3301 2637 3354 δὲ
2664 3301 2725 3353 τὸ
2757 3300 2850 3352 τοῦ
2883 3301 3096 3368 Πατρδς
3127 3300 3355 3368 Πνεῦμα
3386 3293 3602 3363 Πνεῦμα
3625 3287 3734 3356 φαί-

518 3382 857 3438 identitatem
882 3386 1155 3450 essentia,
1187 3400 1353 3455 quam
1399 3387 1561 3442 liabet
1587 3403 1710 3442 cum
1735 3387 1917 3442 Patre.
1957 3407 1975 3440 ι

2196 3410 2344 3445 νεται
2381 3393 2476 3445 τοῦ
2504 3392 2657 3457 Υἱοῦ,
2703 3391 2922 3445 καὶτοῦ
2970 3392 3192 3460 -Πατρδς
3247 3393 3576 3460 πέμποντος,
3633 3381 3736 3449 ἦτοι

514 3476 792 3546 διανέμειν
821 3477 1300 3546 ἐπαγγελλομένου
1347 3481 1464 3542 τοῖς
1501 3479 1678 3549 ἁγίοις
1709 3481 1842 3534 αὐτὸ
1883 3481 2158 3537 διαδίδωσι
2222 3486 2388 3537 πάλιν
2414 3485 2488 3548 ὡς
2559 3486 2711 3551 ἴδιον,
2787 3485 2816 3537 ό
2846 3484 2973 3548 Υἱὸς
3026 3482 3118 3536 διὰ
3183 3483 3290 3553 τὴν
3321 3480 3618 3546 ταύτότητα
3652 3471 3734 3537 τῆς

516 3569 728 3636 οὐσίας,
757 3564 823 3639 ἧς
851 3570 970 3640 ἔχει
1002 3571 1142 3640 πρὸς
1174 3571 1269 3624 τὸν
1296 3573 1537 3642 Πατέρα.
1574 3591 1594 3622 ι

589 3662 737 3717 idem
795 3663 850 3716 in
903 3662 1161 3716 dictum:
1213 3682 1232 3714 ι
1273 3664 1340 3717 Et
1393 3663 1768 3718 testimonium
1818 3664 2093 3733 perhibuit

2275 3664 2335 3715 '0
2364 3663 2526 3726 αὐτὸς
2557 3667 2634 3725 εἰς
2666 3663 2725 3716 τὸ
2756 3663 2920 3734 ῥητὸν
2972 3665 3056 3727 τὸ,
3087 3683 3107 3716 ι
3151 3665 3266 3718 Καὶ
3320 3653 3737 3733 ἐμαρτύρησενό

514 3752 777 3820 Joannes,
833 3753 983 3821 quia,
1023 3750 1140 3807 Vidi
1179 3751 1442 3822 Spiritum
1469 3753 1891 3808 descendentem
1934 3757 2090 3823 quasi

2205 3755 2462 3823 Ἰωάννης
2485 3755 2683 3824 λέγων,
2721 3755 2828 3817 ὃτι,
2862 3755 3144 3823 Τεθέαμαι
3170 3757 3235 3808 τὸ
3268 3755 3492 3824 Πνεῦμα
3513 3746 3738 3805 καττιδαί-

517 3845 822 3900 columbam
854 3846 922 3900 de
956 3846 1179 3900 cmlo".
1208 3864 1333 3897 ο--ι
1362 3844 1645 3901 lnsultabit
1675 3857 1855 3901 autem
1895 3849 2089 3902 iterum

2195 3863 2282 3898 νον
2315 3846 2448 3898 ὡσεὶ
2475 3847 2810 3916 περιστερὰν
2841 3845 2900 3911 ἐξ
2935 3846 3192 3914 οὐρανοῦ,
3244 3866 3264 3898 r
3299 3846 3463 3914 φησίν
3489 3859 3501 3872 ⁸
3542 3860 3562 3892 ι
3607 3840 3736 3889 'sz-

513 3945 678 4005 atque
712 3937 908 3990 iterum
930 3937 1295 3990 contentionis
1318 3938 1550 4006 cupidus
1585 3938 1898 4001 haereticus,
1925 3951 2090 4008 atque

2195 3939 2498 4005 σκιρτήσειέ
2526 3938 2582 3988 δὲ
2631 3938 2760 3999 ἴσως
2807 3939 2835 3989 ὁ
2887 3937 3284 4007 φιλεγκλήμων
3332 3932 3615 4005 αἱρετικδς,
3659 3929 3737 3978 καί

517 4025 691 4081 effuso
717 4026 834 4079 risu
902 4025 1136 4079 illudens
1182 4025 1360 4080 dicet:
1399 4027 1537 4091 Quid
1584 4041 1774 4080 rursus
1829 4027 1990 4082 nobis
2022 4027 2086 4081 ad

2195 4029 2371 4082 πλατὺ
2399 4029 2640 4096 γελάσας
2675 4031 2794 4098 ὲρεῐ
2817 4046 2832 4062 ο
2864 4029 2929 4080 Τί
2962 4027 3128 4081 πάλιν
3185 4029 3347 4098 ἡμῖν,
3385 4022 3430 4079 ὦ
3475 4019 3630 4085 οὗτοι,
3660 4016 3738 4069 καὶ

515 4119 652 4182 haec,
685 4132 718 4171 ο
752 4119 928 4172 amica
980 4118 1180 4187 capita,
1239 4118 1602 4188 respondctis,
1655 4127 1747 4173 aut
1773 4133 1934 4188 quem
1972 4134 2090 4173 ser-

2195 4121 2328 4191 πρὸς
2356 4119 2516 4172 τοῦτό
2545 4135 2718 4186 φατε;
2755 4120 2787 4189 ἢ
2837 4121 2990 4172 ποῖον
3018 4120 3345 4187 ὲξυφανεῖτε
3385 4115 3562 4184 λόγον,
3593 4124 3739 4163 κατα-

515 4224 733 4262 moneni
786 4209 1301 4276 comminiscemini,
1331 4211 1474 4280 quod
1518 4210 1782 4279 scriptum
1820 4220 1904 4264 est
1935 4209 2092 4264 novis

515 4304 726 4358 cavillis
793 4303 1167 4358 invertentes?
1221 4303 1358 4358 Ecce
1430 4303 1695 4373 Spiritum
1759 4302 2090 4358 descendere

2195 4304 2469 4358 ταὸαινειν
2513 4304 2676 4374 φησὶν
2711 4305 2806 4355 ἐπὶ
2858 4305 2948 4356 τὸν
3009 4304 3154 4357 Υἱόν.
3229 4305 3365 4357 Ἰδοὺ
3414 4295 3737 4366 καταχρίεται

511 4397 682 4450 refert
707 4395 774 4451 ad
796 4393 1019 4450 Filium.
1053 4394 1140 4450 Eu
1174 4395 1398 4465 ungitur
1421 4410 1468 4449 .a
1507 4397 1614 4449 Deo
1642 4403 1697 4450 et
1725 4393 2086 4463 Patre;quod

2195 4398 2341 4466 παρὰ
2373 4397 2466 4450 τοῦ
2493 4395 2635 4448 Θεοῦ
2668 4395 2763 4448 καὶ
2792 4396 3028 4467 Πατρόςο
3059 4397 3200 4466 ὅπερ
3229 4397 3290 4449 δὲ
3324 4395 3429 4447 οὐκ
3455 4393 3566 4461 ἔχει
3619 4387 3741 4450 λαμ·

512 4503 623 4542 non
646 4487 808 4543 habet
847 4486 1098 4543 videlicet
1145 4487 1385 4556 accipit:
1419 4486 1581 4556 idque
1608 4486 1932 4541 testimonio
1978 4498 2082 4540 suo

2195 4486 2344 4542 Βάνει
2373 4488 2600 4559 δηλαδὴ,
2625 4487 3240 4559 συνεπιμαρτυροῦντος
3264 4487 3361 4540 τοῦ
3397 4476 3627 4554 μελῳδοῦ
3658 4471 3738 4525 καὶ

513 4580 802 4635 continuat
830 4580 1146 4646 Psalmista,
1178 4593 1304 4634 cum
1337 4579 1470 4634 dicit
1509 4579 1576 4632 ad
1616 4577 1847 4642 Filium,
1892 4595 1912 4628 ι
1949 4575 2084 4632 Pro-

2195 4579 2442 4648 λέγοντος
2474 4580 2549 4642 ὡς
2576 4579 2712 4650 πρὸς
2737 4579 2918 4645 αὐτὸν,
2956 4597 2974 4630 ι
3000 4577 3274 4648 Διὰςοῦτο
3305 4575 3490 4647 ἔχρισὲ
3508 4570 3603 4623 σεό
3627 4564 3736 4624 Θεδς

513 4681 696 4742 pterea
730 4672 964 4726 unxit-te
1019 4671 1162 4726 Deus
1212 4670 1516 4726 Deus-tuus
1557 4670 1686 4724 oleo
1743 4668 1942 4723 laatitire
1973 4684 2084 4739 pra:

2195 4672 2323 4735 Θεός
2352 4689 2444 4724 σου
2499 4671 2680 4725 ἔλαιον
2709 4671 3091 4739 ἀγαλλιάσεως.
3141 4669 3296 4739 παρὰ
3329 4669 3455 4727 τοὺς
3501 4657 3736 4732 μετόχους

470 4763 477 4791 ’-
515 4763 874 4834 participibus
919 4764 1028 4817 tuis
1050 4764 1120 4816 ³⁸,
1161 4781 1178 4814 ι
1217 4761 1509 4829 Quomodo
1533 4775 1664 4830 ergo
1691 4761 1794 4815 erit
1818 4759 1996 4813 Filius
2027 4762 2093 4814 in

2195 4779 2307 4816 σου.
2353 4781 2372 4814 ι
2405 4762 2530 4826 Πῶς
2575 4762 2644 4816 ἂν
2669 4763 2756 4832 εἴη
2799 4761 2987 4816 λοιπὸν
3011 4764 3070 4814 ὲν
3099 4763 3492 4832 ὁμοουσιότητι
3540 4751 3627 4805 τοῦ
3659 4761 3737 4798 τε-

2190 4211 2538 4280 σοφιζόμενοι
2571 4213 2631 4264 τὸ
2661 4213 3092 4282 γεγραμμένονς
3142 4212 3278 4265 Ἰδοὺ
3313 4212 3374 4264 τὸ
3416 4206 3629 4274 Πνεῦμα
3655 4215 3734 4250 κα·

514 4857 738 4927 perfecti
781 4854 958 4911 Patris
1007 4857 1599 4917 consubstantialitate,
1642 4854 1736 4923 qui
1796 4854 1919 4908 talis
1972 4868 2080 4908 non

514 4958 620 5015 est,
654 4946 887 5017 ideoque
938 4948 1280 5018 perunctus?
1323 4947 1404 4999 Ad
1455 4946 1766 5015 hujusmodi
1807 4945 2078 5009 homines,

512 5042 608 5112 qui
639 5041 988 5096 reverendam
1021 5041 1300 5094 veritatem
1324 5039 1679 5093 ecclesiastici
1713 5039 1988 5107 dogmatis
2030 5045 2084 5091 et

515 5135 923 5204 Scripturarum
962 5139 1140 5187 rectos
1191 5146 1386 5186 sensus
1426 5139 1761 5201 pervertunt,
1786 5139 2086 5201 opportune

513 5227 646 5282 illud
678 5227 860 5281 dicere
886 5238 1214 5295 possumus;
1243 5222 1716 5293 Expergiscimini,
1734 5223 1938 5288 ebrii,e
1959 5223 2088 5277 vino

510 5330 716 5384 vestro,
753 5327 812 5372 ut
839 5316 1291 5386 fulgentissimam
1327 5315 1572 5370 veritatis
1610 5314 1782 5369 lucem
1818 5314 2086 5376 videntes,

512 5411 798 5466 nobiseum
822 5409 890 5464 ad
920 5406 1114 5462 Filium
1133 5409 1370 5464 clamare
1400 5407 1620 5476 possitis
1645 5423 1660 5459 :
1698 5425 1716 5457 ι
1757 5405 1894 5460 Vere
1917 5403 2087 5458 Filius

517 5503 612 5557 Dei
645 5513 698 5558 tu
721 5501 878 5558 es“.
917 5521 935 5554 ›
982 5501 1037 5556 Si
1063 5501 1204 5556 enim
1242 5502 1419 5556 credis
1450 5500 1618 5554 Deum
1663 5502 1840 5570 ipsum
1871 5509 2085 5563 natura,

513 5595 787 5661 quomodo
815 5594 1205 5664 perfectionem
1265 5607 1376 5647 non
1428 5591 1668 5661 possidet
1689 5593 1711 5644 ?
1759 5589 1885 5643 Jam
1919 5590 2084 5644 etiam

599 5750 824 5808 "Joan.
859 5769 949 5818 xx,
985 5753 1075 5808 “ll.
1148 5751 1190 5784 "
1215 5749 1382 5807 Marc.
1417 5765 1455 5816 ι,
1493 5750 1575 5806 l0.
1653 5747 1865 5804 "Psal.
1905 5763 2046 5815 iuv,
2084 5750 2136 5805 8.

2187 4853 2333 4908 λείου
2360 4855 2572 4924 Πατρὸς
2600 4857 2628 4908 ὁ
2661 4856 2736 4925 μὴ
2763 4855 3003 4918 τοιοῦτος
3034 4855 3160 4917 Υἱὸς
3194 4853 3402 4908 καὶδιὰ
3430 4847 3583 4900 τοῦτο
3607 4838 3735 4910 χριόο
3794 4876 3808 4892 ,

2193 4965 2391 5019 μενοςὶ
2422 4948 2566 5018 Πρὸς
2592 4947 2655 5019 δὴ
2695 4947 2855 5000 τοῦτο
2887 4948 3056 5015 φάναι
3087 4945 3169 4997 δεῖ
3226 4937 3591 5011 ὑπολαμϐάνω
3633 4926 3732 4982 τοῖς

2189 5045 2257 5094 τὰ
2305 5042 2480 5111 σεμνὰ
2535 5039 2638 5110 τῆς
2678 5039 3009 5109 Ἐκκλησίας
3065 5037 3441 5107 ἀνατρέπουσι
3492 5026 3734 5093 δόγματαρ

2195 5133 2291 5185 καὶ
2311 5131 2410 5203 τὴν
2442 5131 2551 5184 τῶν
2580 5130 2985 5201 γεγραμμένων
3015 5128 3288 5199 ὀρθότητα
3314 5119 3731 5210 διαστρέφουσξγ’

2203 5199 2507 5293 Ἐκνήὶθατε
2539 5223 2590 5274 οἱ
2627 5199 2921 5292 μεθύο.τες
2959 5220 3019 5283 ἐξ
3070 5221 3218 5272 οἴνου
3282 5215 3484 5274 αὐτῶν,
3535 5209 3614 5259 ἴνα
3660 5199 3737 5250 δύέ

2189 5315 2353 5386 νησθε
2391 5315 2452 5367 τὸ
2503 5312 2757 5384 λαμπρὸν
2817 5313 2917 5382 τῆς
2969 5311 3228 5381 ἀληθείας
3286 5302 3735 5386 περιαθρήσαγτες

2191 5384 2407 5470 καλλος,
2447 5407 2545 5458 σὺν
2591 5407 2723 5475 ἡμῖν
2758 5404 3064 5473 ἀναϐοῆσαι
3091 5404 3226 5473 πρὸς
3259 5401 3351 5451 τὸν
3377 5396 3519 5456 Υίὺν,
3555 5408 3572 5440 ι
3594 5384 3732 5475 ’Δλτγ

2191 5499 2298 5562 θῶς
2335 5469 2470 5552 Θεοῦ
2503 5469 2729 5560 ὶἹὸξέἴ.
2769 5516 2788 5548 δ
2823 5498 2884 5550 Ei
2913 5469 3019 5566 γαρ
3055 5469 3188 5557 ὅλως
3213 5488 3492 5548 πιστεύεις
3523 5480 3647 5535 Θεὸν
3666 5469 3736 5528 εἷ·

2191 5609 2279 5645 ναι
2310 5595 2452 5643 κατὰ
2484 5591 2645 5658 φύσιν
2680 5589 2863 5654 αὐτίιν,
2901 5590 3016 5651 πῶς
3047 5589 3146 5640 οὐκ
3182 5585 3246 5638 ἂν
3289 5581 3402 5649 ἔχοι
3427 5581 3487 5633 τὸ
3515 5571 3698 5627 τέλειον
3720 5575 3732 5590 '

2231 5749 2278 5781 "
2305 5746 2494 5803 Matth.
2529 5761 2642 5816 xxv,
2682 5745 2769 5802 55.
