3958 6406
412 387 516 451 653

1824 416 2305 480 ΕΡῙϐΒΑΡΗΕ.

3563 426 3667 487 654

410 496 530 602 ὥρα
560 498 844 602 γάρὲμᾶς
874 507 968 560 καὶ
998 509 1078 572 εἰς
1112 511 1274 565 αὐτὸν
1302 513 1401 585 ἤδη
1433 499 1714 572 δυ’σσεόεἰν
1752 522 1845 574 τὸν
1876 524 1937 576 ll:

2043 539 2184 583 tvos
2240 525 2293 578 in
2337 524 2536 595 ipsum
2598 525 2817 583 Patrem
2866 529 3031 600 impie
3065 531 3446 602 obloquimini.
3505 533 3658 589 Unde

406 585 571 679 τέρα.
616 590 784 646 Πόθεν
809 596 916 666 γὰρ
955 598 1137 663 αὐτὸς,
1186 600 1262 664 ὡς
1309 603 1434 673 φῂς,
1469 604 1527 671 ἐξ
1572 608 1816 679 ἀνάγκης
1871 610 1981 675 ἕξει

406 676 509 746 τὴν
538 680 854 771 τελειότητα
880 705 894 753 ;
926 688 1048 752 Πῶς
1079 691 1135 744 δὲ
1192 693 1313 764 οὐχὶ
1364 695 1501 764 πρὸς
1538 696 1636 767 τὴν
1667 676 1978 771 τοῦγεννή-

411 781 584 834 ματος
622 769 812 839 ὕφεσιν
840 777 937 847 τὴν
977 778 1054 844 ὡς
1082 783 1205 835 καθ’
1237 783 1383 854 ὑμᾶς
1412 787 1576 855 ἀτελῆ
1633 769 1980 862 κατοικισθῆ-

405 878 558 917 σεται
587 866 1043 941 παραδεξαμένην
1064 873 1215 938 ἅπαξ
1242 876 1302 930 ὲν
1327 877 1442 948 Υίῷ
1464 880 1563 949 τῆς
1606 880 1757 945 θείας
1788 884 1977 947 οὐσίας

399 955 461 1007 τὸ
518 955 593 1027 μὴ
630 956 890 1013 δύνασθαι
926 962 1001 1033 μὴ
1060 964 1205 1034 ἔχειν
1262 968 1325 1021 ἰδ
1351 969 1556 1024 τέλειον
1590 974 1729 1025 κατά
1782 993 1846 1043 γε
1883 976 1974 1029 τὸν

399 1047 530 1117 παρ’
560 1049 690 1118 ὑμῖν
720 1052 907 1122 ἀμαθῆ
941 1055 1036 1107 καὶ
1061 1056 1388 1113 ἀπαίδευτον
1415 1061 1609 1130 λόγον;
1643 1066 1719 1117 Οὐ
1751 1066 1858 1137 γὰρ
1882 1067 1973 1137 δή-

398 1153 501 1192 που
531 1138 631 1207 τὴν
668 1141 913 1213 μεγάλην
964 1144 1185 1217 ἐκείνην
1245 1150 1339 1201 καὶ
1370 1151 1651 1223 ἀκήρατον
1686 1157 1848 1225 φύσιν
1886 1160 1971 1221 εἰς

395 1226 688 1298 διαφόρους
742 1236 1192 1307 καταμεριοῦμεν
1226 1238 1439 1309 λόγους,
1499 1245 1574 1309 ὡς
1600 1242 1741 1301 εἶναι
1779 1250 1876 1318 μὲν
1910 1252 1970 1305 ἐν

396 1319 536 1387 τῷδε
577 1322 741 1391 τυχὸν
777 1324 966 1395 ἀτελῆ,
1008 1329 1224 1385 τελείαν
1253 1331 1301 1386 δ’
1325 1329 1392 1388 αὖ
1440 1337 1606 1390 πάλιν
1643 1340 1702 1393 ὲν
1751 1340 1967 1412 ἐκείνῳ.

405 1410 561 1464 Ἐπεὶ
587 1413 683 1465 καὶ
715 1416 744 1466 ὁ
770 1417 871 1487 τῆς
895 1418 1315 1492 άνθρωπότητος
1343 1426 1466 1496 ὄρος
1498 1423 1583 1491 εἷς
1643 1431 1787 1485 κατὰ
1829 1410 1969 1486 πάν-

391 1517 499 1555 των
537 1503 656 1556 ἐστὶ
702 1506 798 1559 καὶ
861 1506 975 1570 ise;
1021 1513 1078 1562 ὲν
1109 1514 1277 1566 πᾶσιν
1330 1517 1485 1587 ἡμῖν.
1519 1520 1779 1575 Ἔλαττον
1800 1523 1854 1576 δέ
1883 1542 1966 1588 τις

391 1591 677 1662 ἄνθρωπος
703 1595 838 1650 καθὸ
867 1598 1113 1668 πέφυκεν
1145 1604 1467 1674 άνθρωπος;
1502 1608 1620 1664 ἀλλ’
1650 1614 1771 1666 οὐδὲ
1802 1614 1966 1668 πλέον

388 1682 577 1752 ἑτέρου
625 1687 1129 1761 καταληφθήσεται.
1199 1696 1459 1765 Ἀγγέλου
1510 1701 1588 1767 δὲ,
1620 1697 1797 1774 οἶμαι,
1832 1706 1963 1759 διοί-

390 1790 473 1827 σει
500 1777 624 1829 κατ’
647 1777 803 1833 οὐδὲν
830 1780 1022 1853 ἕτερος
1044 1785 1295 1854 ἄγγελος,
1317 1791 1462 1845 κατά
1477 1808 1540 1861 γε
1566 1794 1627 1847 τὸ
1655 1793 1797 1850 εἶναι
1814 1798 1961 1852 τοῦθ’

2091 629 2329 685 namque
2384 617 2548 672 Pater
2596 617 2983 686 perfectionem
3021 622 3243 678 habebit
3295 627 3658 681 necessario?

2088 706 2196 760 Aut
2220 710 2494 777 quomodo
2526 709 2595 764 ad
2634 711 3076 769 imminutionem
3124 714 3270 781 Filii,
3312 718 3405 788 qui
3461 735 3658 775 secun-

2085 796 2215 853 dum
2249 814 2346 856 vos
2403 801 2754 872 imperfectus
2810 815 2915 872 est,
2980 807 3139 864 Pater
3176 810 3338 864 etiam
3401 811 3518 881 ipse
3548 827 3656 868 non

2084 889 2407 959 depellatur,
2432 894 2478 947 si
2511 895 2679 950 semel
2717 896 2900 953 divina
2943 898 3248 955 substantia
3280 901 3655 970 imp‘erfectio-

2086 996 2208 1037 nem
2263 983 2317 1037 in
2364 980 2503 1040 Filio
2538 989 2884 1056 susceperit?
2933 988 3051 1045 Non
3085 992 3253 1055 enim,
3288 1003 3348 1048 ut
3388 994 3652 1057 arbitror,

2082 1075 2350 1131 audebitis
2377 1076 2679 1132 secundum
2713 1079 3059 1149 insipientem
3090 1098 3153 1137 ac
3182 1085 3322 1139 male
3358 1085 3657 1154 morigera-

2079 1177 2198 1222 tum
2237 1177 2476 1224 vestrum
2505 1184 2815 1225 sermonem
2859 1172 2915 1226 in
2965 1172 3212 1230 diversas
3261 1178 3494 1231 rationes
3528 1177 3655 1231 sub-

2079 1257 2295 1312 stantia:
2326 1258 2569 1313 divinam
2614 1259 3090 1332 immortalemque
3118 1272 3381 1319 naturam'
3408 1266 3482 1319 ita
3518 1265 3657 1319 inci-

2077 1349 2226 1414 dere,
2261 1361 2319 1403 ut
2364 1350 2420 1404 in
2472 1351 2643 1405 altero
2694 1352 2968 1422 perfecta,
3018 1354 3072 1408 in
3113 1355 3288 1410 altero
3319 1356 3644 1424 imperfecta

2077 1454 2199 1494 esse
2218 1441 2490 1506 videatur,
2521 1445 2823 1512 praesertim
2860 1461 2984 1500 cum
3018 1447 3248 1503 videatis
3284 1450 3534 1502 humana:
3557 1465 3655 1502 na-

2077 1539 2213 1586 turae
2239 1534 2506 1587 rationem
2536 1549 2700 1588 unam
2743 1550 2807 1591 ac
2834 1538 3080 1592 eamdem
3117 1539 3170 1592 in
3202 1539 3460 1607 omnibus
3507 1554 3650 1600 esse.

2080 1635 2181 1675 nec
2202 1622 2382 1677 minus
2410 1623 2613 1693 aliquid
2651 1635 2746 1680 aut
2784 1627 2962 1695 majus
2992 1628 3267 1682 hominem
3322 1629 3564 1692 homine,
3594 1629 3646 1681 in

2073 1721 2338 1779 quantum
2384 1712 2549 1767 homo
2598 1722 2705 1780 est,
2765 1716 3062 1784 possidere.
3127 1716 3238 1773 Nec
3291 1719 3517 1787 angelus
3577 1719 3646 1769 ah

2077 1804 2293 1868 angelo,
2345 1817 2408 1856 ea
2446 1806 2680 1873 ratione,
2708 1821 2814 1875 qua
2846 1817 3078 1877 uterque
3108 1811 3334 1881 angelus
3381 1822 3499 1876 est,
3535 1827 3644 1881 qua

389 1864 528 1935 ὅπερ
558 1869 718 1933 είσὶν,
747 1872 969 1940 ἄγγελοι
998 1875 1228 1949 δηλαδὴ,
1259 1880 1346 1934 διὰ
1371 1884 1469 1953 τῆς
1523 1887 1662 1956 πρὸς
1692 1889 1937 1959 ἀλλήλουη

2073 1896 2327 1950 videlicet
2353 1898 2421 1952 ad
2469 1913 2631 1953 unam
2678 1900 2912 1969 speciem
2957 1911 3120 1972 atque
3164 1913 3414 1958 naturam
3451 1920 3642 1961 omnes

385 1958 680 2049 δμοειδίας,
715 1966 795 2029 είς
823 1966 955 2035 μίαν
986 1968 1227 2035 ἅπαντες
1276 1975 1743 2048 ἀναδεσμούμενοι
1775 1958 1963 2049 φύσιν.

384 2046 511 2110 Πῶς
546 2047 611 2102 ἂν
643 2051 738 2105 οὖν
789 2055 823 2125 ὴ
878 2056 1000 2111 θεία
1052 2064 1147 2114 καὶ
1199 2046 1492 2119 ἁπάντων
1522 2046 1962 2143 ὑττερανίσγουσα

383 2139 547 2206 φύσις
580 2142 638 2195 ὲν
666 2144 916 2202 ἐλάττοσι
946 2149 1057 2204 τῶν
1082 2156 1362 2225 γεννητῶν
1388 2159 1447 2211 ὲν
1471 2161 1587 2223 τοῖς
1610 2162 1733 2214 καθ’
1760 2139 1961 2237 ἑαυτὴν

377 2230 602 2316 ἀγαθοῖς
631 2234 948 2307 ὀφθήσεται,
979 2242 1246 2313 ὑπομενεί
1269 2247 1326 2300 δὲ
1352 2250 1544 2316 πάθος,
1583 2252 1611 2305 ὃ
1642 2230 1837 2309 παθεῖν
1857 2230 1959 2311 οὐδε

379 2315 579 2418 εἶδενρή
615 2327 828 2396 κτίσις;
887 2332 1013 2397 Πῶς
1067 2334 1125 2388 δι
1179 2338 1320 2403 ὅλως
1378 2315 1830 2418 ἔσταικαὶάπλη
1861 2355 1958 2406 καὶ

376 2412 694 2481 άσύνθετος,
722 2420 881 2494 εἴπερ
912 2424 972 2478 ὲν
1007 2425 1146 2499 αὐτῇ
1179 2434 1429 2499 φανεῖται
1452 2437 1512 2488 τὸ
1544 2438 1750 2494 τέλειον
1773 2412 1868 2497 καὶ
1893 2446 1955 2497 τὸ

380 2502 609 2607 άτελέω
637 2511 1023 2607 ’Συγιιείσεται
1077 2520 1188 2592 γὰρ
1238 2522 1308 2576 δι’
1338 2510 1590 2602 άμφοῖν,
1644 2533 1809 2605 εἴπερ
1855 2538 1951 2607 οὐχ

376 2595 564 2663 ὅμοιον
595 2597 674 2667 τῷ
724 2600 917 2674 τελείῳ
975 2603 1036 2659 τὸ
1087 2608 1300 2673 ἀτελές.
1338 2595 1413 2666 ‘Ei
1458 2595 1571 2684 ἠμὲν
1606 2619 1715 2690 γάρ
1764 2595 1952 2691 δμοιόν

372 2687 513 2752 ἐστι,
541 2689 638 2742 καὶ
670 2691 732 2744 τὸ
781 2694 1095 2752 διαλλάττον
1124 2701 1279 2756 οὐδὲν
1328 2707 1386 2758 ἐν
1415 2708 1617 2774 αὐτοῖς,
1654 2687 1763 2767 τεᾶν
1797 2687 1951 2783 *ὅπερ

371 2776 439 2829 ἄν
470 2779 554 2850 εἴη
584 2781 810 2849 τέλειον,
847 2786 1164 2861 ἀδιαφόρως
1190 2793 1345 2850 ἔσται
1375 2801 1471 2853 καὶ
1500 2801 1716 2867 ἀτελὲς,
1772 2807 1867 2860 καὶ
1898 2776 1954 2858 εί

367 2881 425 2917 τι
459 2867 622 2922 πάλιν
679 2873 895 2943 ἀτελὲς,
926 2878 1088 2933 τοῦτο
1144 2883 1241 2949 καὶ,
1289 2886 1521 2954 τέλειον,
1555 2892 1651 2945 καὶ
1700 2894 1853 2948 οὐδὲν
1885 2899 1944 2950 ἐν

371 2955 489 3028 Υἱῷ
511 2964 900 3036 κατηγόρημα,
942 2971 1048 3023 κᾶν
1083 2977 1209 3038 ταῖς
1253 2964 1557 3048 ᾕαετέραις
1585 2981 1854 3049 διανοίαις
1882 2990 1944 3040 τὸ

365 3049 577 3151 τέλειον
602 3054 742 3124 ἔχων
773 3059 834 3111 οὐ
860 3062 1144 3131 φαίνηται.
1184 3066 1325 3121 Ἀλλ’
1351 3070 1473 3123 οὐδὲ
1499 3073 1665 3138 αὐτὸς
1692 3076 1720 3127 ό
1749 3078 1940 3151 Πατὴρ

370 3138 766 3213 ὑπερϐαλεῖται
799 3149 891 3203 τὸν
916 3150 1045 3206 Υίὸν
1079 3155 1173 3208 ἐπὶ
1199 3157 1505 3230 τελειότητι
1552 3138 1941 3239 μαρτυρούμέ-

366 3245 458 3322 νος
482 3246 499 3262 ο
533 3234 628 3286 καὶ
657 3233 875 3291 λέλυται
908 3241 1072 3296 πάλιν
1108 3245 1239 3314 ἡμῖν
1267 3247 1331 3300 τὸ
1367 3214 1938 3322 ςηῖεούεὶέξεᾷξΓὲξΓξὲ
1966 3214 2011 3276 C

362 3321 530 3385 πολὺς
563 3325 902 3398 ἀποτειχίζει
933 3330 1090 3402 λόγος
1120 3336 1215 3389 τοῦ
1244 3340 1457 3394 τελείου
1512 3321 1574 3396 τὸ
1607 3346 1816 3414 ἀτελὲς,
1846 3350 1937 3402 δέ·

360 3430 518 3515 χεται
542 3417 600 3470 δὲ
627 3418 782 3491 καὶὴ
818 3421 942 3476 θεία
976 3426 1141 3494 φύσις
1174 3432 1315 3485 κατὰ
1366 3436 1566 3489 ταυτὸν
1620 3439 1936 3515 ἀμφότερα,

360 3503 617 3605 σύνθετος
645 3510 753 3605 ἄρα
782 3515 878 3605 καὶ
910 3516 1008 3586 οὐχ
1037 3518 1205 3590 ἁπλῆ.
1274 3523 1414 3578 Ἀλλ’
1471 3528 1591 3599 ἐρεῖ
1772 3503 1935 3605 suis)

362 3591 441 3654 ὡς
471 3594 745 3668 ἀσυμφυῆ
774 3599 836 3652 τέ
863 3602 979 3658 ἐστι
1003 3608 1108 3661 καὶ
1132 3591 1530 3685 ἁσυνύπαρκτα
1561 3622 1704 3674 κατὰ
1734 3591 1933 3677 ταυτὸν

358 3683 419 3736 ὲν
457 3685 1035 3784 ένὶ-τῳιὺποκειμένῳ
1069 3699 1138 3752 τά
1188 3683 1431 3771 ἐναντία,
1497 3708 1575 3772 ὡς
1624 3712 1684 3763 ἐν
1715 3712 1931 3784 σώματι

355 3771 520 3869 τυχὸν
548 3777 686 3869 ὁμοῦ
721 3783 923 3853 χρῶμα
948 3784 1142 3840 λευκὸν
1178 3792 1273 3842 καὶ
1299 3794 1488 3861 μέλαν.
1518 3771 1716 3863 Καλῶς
1746 3771 1831 3869 γε,
1881 3800 1928 3859 ῶ

352 3863 528 3961 ξρίλος,
561 3868 657 3961 καὶ
689 3871 835 3939 μάλα
860 3876 1077 3945 γοργῶς
1111 3882 1224 3944 τοῖς
1249 3883 1543 3954 ἡμετέροις
1599 3863 1928 3961 ὲπηγῶνίσω

342 3952 549 4059 λόγοις.
580 3960 643 4059 ιιι
666 3962 775 4035 γὰρ
804 3965 902 4035 μία
931 3967 1016 4031 τίς
1048 3971 1196 4025 ἐστιν
1226 3975 1259 4043 ἡ
1294 3952 1630 4047 θεία-φύσις,
1657 3952 1754 4037 κέι
1797 3988 1926 4059 παρ’

343 4045 517 4117 αὐτὴν
547 4050 644 4121 οὐχ
675 4053 857 4126 ἑτέρα,
894 4059 1013 4123 πῶς
1067 4061 1155 4126 ἂν,
1185 4064 1307 4118 εἰπέ
1337 4045 1469 4135 μοι,
1489 4072 1600 4125 τῶν
1655 4045 1921 4133 ὲναντίῶν

341 4136 558 4238 γένοιτο
580 4141 808 4238 δεκτική
831 4164 846 4215 ;
883 4151 1002 4216 πῶς
1024 4152 1083 4207 δὲ
1114 4157 1237 4210 καθ’
1265 4158 1325 4211 ἓν
1356 4177 1412 4214 τι
1439 4163 1502 4217 τὸ
1531 4164 1917 4238 ὑποκείμενον,

338 4229 413 4281 τὰ
461 4230 716 4325 etiam;
768 4239 1002 4311 ἀνόμοια
1042 4248 1427 4320 συμϐήσεταις
1482 4254 1619 4310 Θεοῦ
1675 4229 1747 4312 δὲ·
1766 4229 1919 4325 ὄντος

339 4320 486 4415 κατὰ
514 4321 680 4391 φύσιν
712 4329 810 4382 τοῦ
841 4333 1081 4403 Πατρὺς,
1117 4337 1248 4402 Θεός
1275 4342 1394 4395 ἐστι
1423 4346 1568 4399 κατὰ
1598 4347 1765 4415 φύσιν
1814 4320 1911 4407 καί

333 4415 363 4508 ό
392 4413 543 4483 Υἱὸς,
587 4421 683 4474 καὶ
709 4424 862 4479 οὐδὲν
889 4428 999 4499 ἄρα
1028 4430 1219 4487 διοίσει
1263 4438 1405 4493 κατά
1452 4456 1518 4508 γε
1564 4413 1626 4495 τδ
1655 4440 1797 4499 εἶναι
1829 4449 1916 4501 τέ-

2066 1987 2471 2043 concluduntur
2520 1987 2740 2046 diﬂ‘erre
2789 2007 3029 2062 unquam
3082 1995 3301 2064 poterit.
3362 1996 3647 2061 Quomodo

2065 2078 2232 2149 igitur
2285 2089 2478 2135 natura
2521 2081 2760 2148 deitatis,
2817 2099 2937 2153 qua:
2981 2100 3146 2154 super
3176 2086 3291 2142 haec
3323 2089 3512 2143 omnia
3564 2090 3647 2143 in-

2064 2170 2512 2240 comparabiliter
2543 2181 2648 2238 est,
2686 2174 2898 2229 minora
2926 2176 3245 2244 possidebit,
3282 2193 3442 2247 quam
3484 2194 3642 2234 crea-

2063 2270 2184 2315 tura
2202 2265 2226 2314 ’ί
2254 2261 2984 2335 Quomodointequalitatem
3011 2283 3127 2323 eam
3166 2271 3425 2340 suscipiet
3444 2284 3639 2327 natura

2064 2354 2523 2424 incorruptibilis,
2572 2357 2732 2426 cujus
2777 2360 3158 2429 corruptibilia
3187 2363 3495 2432 susceptiva
3532 2378 3637 2418 non

2060 2448 2234 2501 sunt?
2270 2446 2556 2513 Quomodo
2587 2448 2817 2518 simplex
2852 2459 3017 2520 atque
3042 2452 3405 2522 incomposita
3431 2455 3555 2523 erit,
3593 2457 3639 2511 si

2057 2541 2357 2610 perfectum
2390 2551 2556 2611 atque
2588 2542 2966 2612 imperfectum
2996 2544 3049 2598 in
3075 2560 3138 2599 ea
3175 2546 3360 2601 inest?
3383 2548 3638 2603 Dissimi-

2057 2633 2125 2685 lia
2152 2634 2299 2687 enim
2334 2633 2449 2688 haec
2499 2642 2651 2699 sunt,
2699 2650 2764 2688 ex
2798 2636 3000 2704 quibus
3027 2651 3147 2691 eam
3198 2647 3452 2694 constare
3493 2639 3635 2696 falso

2055 2725 2422 2780 arbitramini.
2482 2724 2538 2780 Si
2574 2727 2719 2782 enim
2772 2727 2975 2783 similia
3021 2738 3227 2797 essent,
3267 2745 3373 2787 nec
3404 2731 3547 2787 inter
3572 2747 3634 2789 se

2040 2815 2342 2871 differrent
2399 2816 2698 2885 perfectum
2779 2819 3412 2901 atque‘impcrfectum,
3468 2835 3633 2879 omne

2053 2907 2353 2976 perfectum
2378 2917 2546 2972 esset,
2577 2918 2631 2964 et
2663 2921 2876 2965 contra.
2912 2912 3095 2978 Quare
3147 2929 3247 2967 nec
3301 2912 3476 2969 Filius
3521 2916 3629 2969 im-

2050 3001 2346 3069 perfectior
2383 2999 2564 3068 Patre,
2593 3017 2693 3058 nec
2723 3001 2885 3058 Pater
2911 3005 3209 3073 perlectior
3245 3005 3404 3070 Filio,
3435 3022 3629 3076 quam-

2047 3092 2131 3146 vis
2162 3092 2234 3145 ita
2268 3092 2448 3147 verbis
2478 3108 2506 3147 a
2552 3093 2710 3148 vobis
2756 3094 2993 3151 dicatur.
3053 3094 3109 3149 Si
3144 3112 3270 3153 vero
3296 3099 3625 3167 permultum

2048 3183 2274 3239 interest
2303 3184 2445 3240 inter
2478 3185 2778 3255 perfectum
2808 3197 2863 3242 et
2887 3188 3289 3259 imperfectum,
3327 3201 3380 3246 et
3416 3193 3627 3248 utrius-

2043 3292 2149 3346 que
2196 3278 2417 3333 deitatis
2462 3288 2658 3333 natura
2711 3283 3017 3351 susceptiva
3050 3291 3156 3345 est,
3211 3299 3319 3338 non
3367 3285 3624 3354 simplex,

2042 3367 2137 3421 sed
2184 3371 2486 3438 composita
2544 3370 2669 3424 erit.
2707 3369 2812 3426 Sed
2840 3370 2984 3426 dicet
3026 3369 3280 3428 fortassis
3323 3373 3621 3445 quispiam,

2040 3473 2151 3511 non
2204 3459 2367 3515 simul
2419 3461 2473 3513 in
2523 3460 2715 3516 eodem
2770 3477 2894 3517 esse
2954 3476 3116 3533 posse
3172 3463 3442 3533 subjecto,
3497 3480 3619 3534 qua:

2038 3552 2318 3607 contraria
2346 3563 2511 3619 sunt;
2544 3554 2638 3609 sed
2683 3556 2913 3610 seorsim
2955 3570 3019 3609 ac
3044 3571 3140 3625 per
3173 3558 3614 3620 successionem,

2036 3653 2097 3696 ut
2146 3644 2202 3698 in
2253 3659 2484 3713 corpore
2545 3646 2721 3712 color,
2775 3648 2940 3703 modo
2998 3648 3175 3712 albus,
3245 3649 3407 3704 modo
3440 3649 3613 3721 niger.

2034 3735 2210 3791 Probe
2243 3744 2301 3790 tu
2341 3736 2582 3806 quidem,
2634 3753 2668 3791 ο
2701 3739 2895 3802 amice,
2931 3753 2997 3793 ac
3029 3740 3139 3794 cito
3187 3754 3488 3797 conversus
3514 3755 3614 3809 pro

2034 3825 2192 3881 nobis
2224 3828 2501 3896 pugnasti.
2540 3824 2676 3881 Nam
2701 3827 2747 3881 si
2774 3842 2883 3883 una
2909 3827 3128 3884 deitatis
3151 3839 3349 3884 natura
3379 3840 3484 3895 est,
3509 3846 3612 3886 nec

2031 3917 2196 3971 altera
2226 3931 2421 3987 praeter
2446 3933 2566 3972 eam
2603 3921 2900 3990 excogitari
2939 3930 3136 3990 potest,
3180 3922 3457 3991 quomodo
3478 3938 3611 3978 con-

2030 4009 2321 4063 trariorum
2349 4017 2435 4064 est
2472 4012 2817 4080 susceptiva?
2844 4013 2928 4067 vel
2955 4015 3233 4083 quomodo
3279 4015 3369 4068 uni
3396 4015 3607 4070 eidem-

2027 4115 2135 4169 que
2180 4101 2451 4170 subjecto,
2483 4118 2603 4171 quae
2655 4105 2799 4159 inter
2837 4121 2897 4161 se
2932 4108 3208 4162 contraria
3247 4118 3399 4171 sunt,
3441 4108 3607 4165 simul

2025 4189 2315 4244 accident?
2359 4192 2518 4246 Pater
2551 4193 2697 4247 enim
2753 4204 2951 4251 natura
3004 4196 3149 4255 Deus
3199 4208 3302 4264 cst,
3334 4210 3389 4255 et
3432 4201 3603 4258 Filius

2024 4281 2188 4336 simul
2225 4291 2416 4338 natura
2447 4283 2610 4340 Deus.
2644 4284 2800 4341 Nulla
2850 4304 2981 4359 ergo
3013 4290 3326 4346 diﬂ‘erentia
3369 4292 3599 4362 perfecti

2021 4382 2077 4428 et
2112 4373 2415 4444 imperfecti
2467 4379 2609 4431 inter
2654 4377 2870 4433 Patrem
2901 4390 2955 4433 et
3006 4379 3202 4434 Filium
3240 4393 3347 4445 est,
3405 4387 3498 4453 qui
3530 4400 3595 4440 ex

2020 4462 2419 4532 perfectissima
2469 4467 2774 4522 substantia
2825 4467 3004 4525 Patris
3057 4475 3356 4528 emanavit.
3399 4475 3592 4530 Annon

335 4504 483 4632 λεξθς
542 4511 621 4574 ὡς
662 4515 798 4585 πρὸς
826 4517 931 4587 τὸν.
970 4521 1215 4596 Πατέρα,
1271 4529 1373 4600 τῆς
1413 4504 1561 4598 θείας
1597 4537 1765 4592 αὐτοῦ
1823 4541 1916 4594 καὶ

335 4610 395 4632 Ω.
434 4602 688 4632 anna-lup-..
718 4607 911 4632 ...’.-ι..-
941 4612 1001 4632 ι--
1029 4631 1106 4632 κίον
1211 4616 1225 4632 ο
1323 4620 1383 4632 ..-
1466 4623 1476 4632 .
1597 4627 1610 4632 -
1702 4630 1711 4632 μ
1777 4631 1784 4632 ,

2043 4504 2419 4519 ννιιννιισυιιυυι
2470 4504 2774 4522 συυσιαιιιια
2828 4504 3004 4525 ιαιιιδ
3057 4504 3356 4528 ειιιιιιιιινηο
3399 4504 3592 4530 ηιιιιυιι

2043 4563 2107 4610 :st
2153 4571 2375 4611 necesse
2426 4557 2721 4626 perfectum
2752 4574 2873 4614 esse
2902 4562 3152 4630 genimen
3203 4564 3592 4632 perfectissimi

331 4597 688 4702 τελειοτάτης
716 4607 911 4672 οὐσίας
937 4612 1290 4683 ἐκπεφυκώς.
1321 4597 1386 4675 Εἰ
1417 4597 1659 4691 γὰρούκ
1689 4630 1904 4702 ἀνάγκη

342 4688 720 4792 τέλειον-εἷναι
754 4698 975 4765 πάντως
1003 4704 1097 4758 τὸν
1126 4709 1197 4761 ἐκ
1224 4688 1441 4768 τελείου.
1463 4688 1820 4792 γεννήτορος,
1857 4688 1913 4776 εί

329 4794 441 4851 περ
465 4781 616 4886 εστὶν
641 4786 815 4842 αὐτοῦ
847 4793 945 4846 καὶ
989 4795 1412 4868 ἀπαράλλακτος
1463 4781 1652 4876 εἰκὼν,
1683 4781 1906 4886 διαίχα-

328 4872 541 4971 ρέικτὴρ
568 4877 676 4971 Δτῆς
705 4879 1089 4953 ὑποστάσεως,
1121 4890 1381 4965 καθάπερ
1409 4872 1751 4971 γέγραπται,
1777 4872 1901 4961 ἀλλ’

324 4957 480 5062 οῐ-μαι
510 4969 624 5062 sed;
658 4987 742 5035 τις
763 4975 903 5045 ἡμῖν
938 4983 1158 5051 συνερεῖ
1188 4986 1285 5038 καὶ
1315 4957 1665 5062 συνδήστται.

322 5055 475 5158 Testo-
494 5058 662 5116 πάλιν
696 5065 777 5158 είς
810 5069 982 5138 μέσον
1014 5073 1209 5143 ἐλθὼν,
1246 5082 1389 5136 κατὰ
1415 5055 1544 5139 τίνα
1574 5090 1778 5158 τρόπον
1804 5055 1899 5147 τοῦ

325 5148 541 5255 Ξελείου
596 5155 814 5227 Πατρδς
863 5161 1293 5236 ἀπαράλλακτος
1353 5172 1507 5228 ἔσται
1555 5148 1899 5255 χαρακτὴρό

318 5238 475 5338 ἴῖίὸς,
501 5245 605 5338 ουκ
631 5247 771 5318 ἔχων
796 5253 855 5306 ὲν
883 5253 992 5326 ἰδίᾳ
1023 5259 1185 5325 φύσει
1218 5262 1279 5316 τὸ
1313 5259 1457 5320 εἶναι
1485 5238 1723 5338 τέλειος,
1752 5238 1897 5333 κέτά

313 5333 414 5406 τὴν
441 5337 610 5393 τινῶν
651 5340 1018 5412 δυσὸουλίανς
1064 5350 1283 5423 Ἐπειδὴ
1337 5355 1394 5408 δέ
1442 5360 1560 5414 ὲστι
1594 5333 1895 5437 xui-xoptat-

314 5427 459 5526 Xf‘hp
487 5433 586 5486 καὶ
616 5435 802 5502 εἰκὼν,
837 5438 1047 5503 τέλειος
1079 5442 1188 5513 ἄρα
1220 5447 1317 5499 καὶ
1366 5450 1549 5520 αὐτὸς,
1579 5454 1654 5517 ὡς
1684 5427 1892 5526 hircino;

190 5508 203 5513 ’
310 5511 373 5570 οὗ
404 5524 501 5575 καὶ
527 5522 678 5578 ἔστιν
731 5527 920 5584 εἰκών.
966 5508 1131 5585 Ἀλλ’*
1162 5530 1289 5604 εἶδε,
1324 5508 1590 5611 φησιν,ηό

311 5609 373 5702 εξ
403 5612 639 5682 οὐρανοῦ
671 5617 734 5670 τὸ
762 5618 992 5690 Πνεῦμα
1027 5625 1356 5682 καταϐαῖνον
1382 5609 1476 5683 ἐπὶ
1505 5634 1595 5687 τὸν
1622 5637 1768 5702 Υίὸν,
1797 5609 1889 5694 κὰἱ

317 5700 552 5804 suum»
583 5711 696 5783 ἔχει
744 5715 836 5769 τὸν
891 5718 1188 5792 ἁγιασμόν.
1238 5725 1464 5797 Δέχεται
1511 5732 1622 5804 γὰρ
1664 5700 1761 5800 ὡς
1788 5740 1888 5793 οὐκ

317 5792 456 5861 ἑκων
511 5803 735 5877 δηλαδή.
769 5808 908 5882 Ὦρα
954 5812 1018 5884 δὴ
1048 5810 1141 5871 οὖν
1184 5792 1751 5899 άναῷάνδδνίπόίημά
1785 5833 1886 5902 μὲν

2018 4645 2323 4714 genitoris?
2347 4649 2494 4717 quod
2544 4660 2597 4703 et
2642 4651 3108 4709 incommutabilis
3140 4654 3342 4726 imago,
3379 4665 3433 4711 et
3459 4660 3591 4713 cha-

2014 4747 2196 4792 racter
2243 4754 2356 4793 suae
2406 4740 2772 4811 hypostascos
2807 4743 2933 4797 est?
2987 4744 3059 4799 ita
3116 4760 3346 4817 prorsus
3397 4764 3590 4806 omnes

2013 4844 2337 4886 asst-nsuros
2367 4833 2626 4899 arbitror,
2659 4843 2755 4888 aut
2788 4836 2844 4890 in
2884 4836 3126 4892 medium
3158 4839 3382 4895 veniens
3419 4840 3590 4907 dicat,

2011 4919 2296 4986 Quomodo
2330 4924 2559 4994 perfecti
2618 4925 2799 4982 Patris
2834 4927 3144 4996 character,
3195 4940 3361 5001 atque
3406 4932 3588 5002 imago

2009 5021 2092 5066 est.
2119 5014 2496 5084 hypostaseos,
2528 5033 2636 5071 non
2665 5018 2875 5075 habens
2912 5035 3013 5074 sua
3046 5030 3265 5090 natura,
3292 5025 3437 5094 quod
3464 5041 3588 5095 per.

2008 5102 2186 5159 fectus
2232 5107 2337 5169 sit,
2372 5117 2431 5161 ut
2485 5110 2707 5177 quidam
2767 5123 2973 5168 temere
3016 5115 3254 5171 dicunt?
3312 5115 3583 5182 Quoniam

2004 5209 2134 5249 vero
2173 5198 2480 5263 character,
2526 5210 2692 5270 atque
2726 5203 2906 5274 imago
2936 5214 3043 5274 est,
3074 5223 3183 5262 non
3230 5208 3392 5263 aliter
3430 5222 3581 5266 certe

2002 5295 2166 5354 atque
2198 5286 2286 5340 ille
2304 5289 2575 5356 perfectus
2592 5301 2697 5357 est,
2732 5295 2889 5364 cujus
2923 5296 3100 5369 imago
3125 5309 3230 5355 est.
3269 5298 3377 5355 Sed
3407 5298 3577 5357 Joan-

2001 5390 2121 5440 nes,
2154 5377 2249 5443 ait,
2276 5379 2407 5433 vidit
2444 5382 2527 5435 de'
2551 5383 2693 5437 cmlo
2718 5385 2782 5439 ad
2809 5384 3004 5441 Filium
3046 5389 3310 5459 Spiritum
3345 5391 3576 5449 descen-

2000 5466 2151 5533 dere,
2175 5485 2343 5539 quare
2369 5482 2423 5526 et
2449 5473 2655 5531 deforis
2678 5477 2840 5532 habet
2860 5480 3350 5540 sanetilicatlonem
3383 5484 3573 5549 Filius,

1999 5558 2051 5609 in
2080 5575 2244 5628 quem
2273 5562 2431 5629 quasi
2487 5579 2596 5624 non
2639 5565 2929 5622 habentem
2971 5574 3351 5629 sanctiﬁcator
3395 5575 3573 5645 Spiri-

1998 5663 2084 5704 tus
2111 5652 2414 5709 descendtt.
2449 5656 2703 5713 Advertis
2727 5674 2911 5727 quam~
2926 5661 3216 5719 manifeste
3247 5665 3444 5722 Filium
3473 5669 3565 5727 Dei

1994 5754 2304 5800 creaturam
2364 5762 2487 5804 esse
2540 5751 2848 5820 praedicas,
2897 5755 2989 5808 vix
3036 5757 3219 5826 magni
3268 5759 3471 5829 aliquid
3515 5764 3564 5816 ei

1993 5839 2318 5904 attribuens,
2352 5854 2476 5896 cum
2530 5843 2787 5901 similiter
2836 5854 2999 5917 atque
3058 5860 3266 5906 caetera:
3299 5863 3568 5908 creaturas
