  <div class='ocr_page' id='page_1' title='image "/cluster/home/n/w/nwhite01/storage/ocr_20150623/141/coo.31924054870468/331.png"; bbox 0 0 3958 6406; ppageno 0'>
   <div class='ocr_carea' id='block_1_1' title="bbox 335 394 439 457">
    <p class='ocr_par' dir='ltr' id='par_1_1' title="bbox 335 394 439 457">
     <span class='ocr_line' id='line_1_1' title="bbox 335 394 439 457; baseline 0 -1"><span class='ocrx_word' id='word_1_1' title='bbox 335 394 439 457; x_wconf 70' lang='grc'>655</span> 
     </span>
    </p>
   </div>
   <div class='ocr_carea' id='block_1_2' title="bbox 1355 384 2532 449">
    <p class='ocr_par' dir='ltr' id='par_1_2' title="bbox 1355 384 2532 449">
     <span class='ocr_line' id='line_1_2' title="bbox 1355 384 2532 449; baseline -0.004 0"><span class='ocrx_word' id='word_1_2' title='bbox 1355 387 1572 449; x_wconf 80' lang='lat' dir='ltr'>JOAN.</span> <span class='ocrx_word' id='word_1_3' title='bbox 1610 386 1826 449; x_wconf 82' lang='lat' dir='ltr'><strong>VECCI</strong></span> <span class='ocrx_word' id='word_1_4' title='bbox 1868 388 1979 445; x_wconf 72' lang='grc' dir='ltr'><strong>(ΣΡ.</strong></span> <span class='ocrx_word' id='word_1_5' title='bbox 2020 384 2532 447; x_wconf 67' lang='grc' dir='ltr'><strong>ΡΑΤΒΙΑΒΟΗᾹΞ</strong></span> 
     </span>
    </p>
   </div>
   <div class='ocr_carea' id='block_1_3' title="bbox 3476 387 3584 451">
    <p class='ocr_par' dir='ltr' id='par_1_3' title="bbox 3476 387 3584 451">
     <span class='ocr_line' id='line_1_3' title="bbox 3476 387 3584 451; baseline 0.019 -2"><span class='ocrx_word' id='word_1_6' title='bbox 3476 387 3584 451; x_wconf 74' lang='grc'><strong>656</strong></span> 
     </span>
    </p>
   </div>
   <div class='ocr_carea' id='block_1_4' title="bbox 346 490 1931 575">
    <p class='ocr_par' dir='ltr' id='par_1_4' title="bbox 346 496 1908 575">
     <span class='ocr_line' id='line_1_4' title="bbox 346 496 1908 575; baseline -0.005 -17"><span class='ocrx_word' id='word_1_7' title='bbox 346 505 555 574; x_wconf 76' lang='lat' dir='ltr'><strong>perlici,</strong></span> <span class='ocrx_word' id='word_1_8' title='bbox 611 515 776 575; x_wconf 86' lang='lat' dir='ltr'><strong>atque</strong></span> <span class='ocrx_word' id='word_1_9' title='bbox 813 502 1144 559; x_wconf 71' lang='lat' dir='ltr'><strong>sanctiﬁcari</strong></span> <span class='ocrx_word' id='word_1_10' title='bbox 1196 500 1461 553; x_wconf 89' lang='lat' dir='ltr'><strong>bonorum</strong></span> <span class='ocrx_word' id='word_1_11' title='bbox 1501 496 1786 568; x_wconf 73' lang='lat' dir='ltr'><strong>largitione</strong></span> <span class='ocrx_word' id='word_1_12' title='bbox 1821 496 1908 551; x_wconf 77' lang='grc' dir='ltr'>[ο-</span> 
     </span>
    </p>
   </div>
   <div class='ocr_carea' id='block_1_5' title="bbox 2035 490 3585 575">
    <p class='ocr_par' dir='ltr' id='par_1_5' title="bbox 2035 490 3585 574">
     <span class='ocr_line' id='line_1_5' title="bbox 2035 490 3585 574; baseline 0.006 -27"><span class='ocrx_word' id='word_1_13' title='bbox 2035 498 2188 565; x_wconf 86' lang='grc' dir='ltr'>.ἐγειν</span> <span class='ocrx_word' id='word_1_14' title='bbox 2206 496 2387 561; x_wconf 83' lang='grc' dir='ltr'>αὐτὸν,</span> <span class='ocrx_word' id='word_1_15' title='bbox 2417 490 2575 567; x_wconf 70' lang='grc' dir='ltr'>ὀλίγῃ</span> <span class='ocrx_word' id='word_1_16' title='bbox 2606 494 2759 567; x_wconf 85' lang='grc' dir='ltr'><strong>μόλις</strong></span> <span class='ocrx_word' id='word_1_17' title='bbox 2787 497 2990 569; x_wconf 81' lang='grc' dir='ltr'>ὑπεροχ</span> <span class='ocrx_word' id='word_1_18' title='bbox 3054 498 3387 570; x_wconf 80' lang='grc' dir='ltr'>τιμώμενον,</span> <span class='ocrx_word' id='word_1_19' title='bbox 3413 506 3470 555; x_wconf 76' lang='grc' dir='ltr'>ὲν</span> <span class='ocrx_word' id='word_1_20' title='bbox 3495 504 3585 574; x_wconf 68' lang='lat' dir='ltr'><strong>(an</strong></span> 
     </span>
    </p>
   </div>
   <div class='ocr_carea' id='block_1_6' title="bbox 341 586 1905 666">
    <p class='ocr_par' dir='ltr' id='par_1_6' title="bbox 341 586 1905 666">
     <span class='ocr_line' id='line_1_6' title="bbox 341 586 1905 666; baseline -0.006 -14"><span class='ocrx_word' id='word_1_21' title='bbox 341 597 552 652; x_wconf 84' lang='lat' dir='ltr'><strong>rinscca</strong></span> <span class='ocrx_word' id='word_1_22' title='bbox 609 597 784 666; x_wconf 89' lang='lat' dir='ltr'><strong>ipsum</strong></span> <span class='ocrx_word' id='word_1_23' title='bbox 822 591 1137 649; x_wconf 86' lang='lat' dir='ltr'><strong>arbitraris?</strong></span> <span class='ocrx_word' id='word_1_24' title='bbox 1165 590 1231 645; x_wconf 82' lang='lat' dir='ltr'><strong>Et</strong></span> <span class='ocrx_word' id='word_1_25' title='bbox 1267 589 1540 659; x_wconf 82' lang='lat' dir='ltr'><strong>quomodo</strong></span> <span class='ocrx_word' id='word_1_26' title='bbox 1592 604 1701 642; x_wconf 89' lang='lat' dir='ltr'><strong>non</strong></span> <span class='ocrx_word' id='word_1_27' title='bbox 1736 586 1905 644; x_wconf 82' lang='lat' dir='ltr'><strong>falsus</strong></span> 
     </span>
    </p>
   </div>
   <div class='ocr_carea' id='block_1_7' title="bbox 340 680 1907 756">
    <p class='ocr_par' dir='ltr' id='par_1_7' title="bbox 340 680 1907 756">
     <span class='ocr_line' id='line_1_7' title="bbox 340 680 1907 756; baseline -0.005 -14"><span class='ocrx_word' id='word_1_28' title='bbox 340 688 444 742; x_wconf 82' lang='lat' dir='ltr'><strong>erit</strong></span> <span class='ocrx_word' id='word_1_29' title='bbox 476 687 810 756; x_wconf 66' lang='lat' dir='ltr'><strong>evangelista</strong></span> <span class='ocrx_word' id='word_1_30' title='bbox 861 684 1068 746; x_wconf 88' lang='lat' dir='ltr'><strong>dicens,</strong></span> <span class='ocrx_word' id='word_1_31' title='bbox 1102 696 1132 735; x_wconf 90' lang='lat' dir='ltr'><strong>a</strong></span> <span class='ocrx_word' id='word_1_32' title='bbox 1184 680 1525 750; x_wconf 87' lang='lat' dir='ltr'><strong>plenitudine</strong></span> <span class='ocrx_word' id='word_1_33' title='bbox 1578 680 1754 749; x_wconf 83' lang='lat' dir='ltr'><strong>ipsius</strong></span> <span class='ocrx_word' id='word_1_34' title='bbox 1804 694 1907 734; x_wconf 90' lang='lat' dir='ltr'><strong>nos</strong></span> 
     </span>
    </p>
   </div>
   <div class='ocr_carea' id='block_1_8' title="bbox 340 772 1907 846">
    <p class='ocr_par' dir='ltr' id='par_1_8' title="bbox 340 772 1907 846">
     <span class='ocr_line' id='line_1_8' title="bbox 340 772 1907 846; baseline -0.006 -14"><span class='ocrx_word' id='word_1_35' title='bbox 340 794 530 833; x_wconf 87' lang='lat' dir='ltr'><strong>omnes</strong></span> <span class='ocrx_word' id='word_1_36' title='bbox 579 774 899 846; x_wconf 76' lang='lat' dir='ltr'><strong>accepisse?</strong></span> <span class='ocrx_word' id='word_1_37' title='bbox 954 774 1239 839; x_wconf 86' lang='lat' dir='ltr'><strong>Quomodo</strong></span> <span class='ocrx_word' id='word_1_38' title='bbox 1270 772 1416 826; x_wconf 90' lang='lat' dir='ltr'><strong>enim</strong></span> <span class='ocrx_word' id='word_1_39' title='bbox 1461 779 1656 840; x_wconf 87' lang='lat' dir='ltr'><strong>suapte</strong></span> <span class='ocrx_word' id='word_1_40' title='bbox 1715 781 1907 825; x_wconf 89' lang='lat' dir='ltr'><strong>natura</strong></span> 
     </span>
    </p>
   </div>
   <div class='ocr_carea' id='block_1_9' title="bbox 340 862 1909 935">
    <p class='ocr_par' dir='ltr' id='par_1_9' title="bbox 340 862 1909 935">
     <span class='ocr_line' id='line_1_9' title="bbox 340 862 1909 935; baseline -0.002 -15"><span class='ocrx_word' id='word_1_41' title='bbox 340 868 533 935; x_wconf 75' lang='lat' dir='ltr'><strong>plenus</strong></span> <span class='ocrx_word' id='word_1_42' title='bbox 558 867 681 932; x_wconf 90' lang='lat' dir='ltr'><strong>erit,</strong></span> <span class='ocrx_word' id='word_1_43' title='bbox 723 868 767 921; x_wconf 89' lang='lat' dir='ltr'><strong>si</strong></span> <span class='ocrx_word' id='word_1_44' title='bbox 802 868 871 919; x_wconf 91' lang='lat' dir='ltr'><strong>ab</strong></span> <span class='ocrx_word' id='word_1_45' title='bbox 893 864 999 919; x_wconf 87' lang='lat' dir='ltr'><strong>alio</strong></span> <span class='ocrx_word' id='word_1_46' title='bbox 1044 863 1245 932; x_wconf 87' lang='lat' dir='ltr'><strong>accipit</strong></span> <span class='ocrx_word' id='word_1_47' title='bbox 1274 862 1297 915; x_wconf 85' lang='lat'><strong>?</strong></span> <span class='ocrx_word' id='word_1_48' title='bbox 1330 863 1439 915; x_wconf 84' lang='lat' dir='ltr'><strong>Ant</strong></span> <span class='ocrx_word' id='word_1_49' title='bbox 1473 862 1748 930; x_wconf 90' lang='lat' dir='ltr'><strong>quomodo</strong></span> <span class='ocrx_word' id='word_1_50' title='bbox 1779 878 1909 917; x_wconf 87' lang='lat' dir='ltr'><strong>vere</strong></span> 
     </span>
    </p>
   </div>
   <div class='ocr_carea' id='block_1_10' title="bbox 346 952 1908 1025">
    <p class='ocr_par' dir='ltr' id='par_1_10' title="bbox 346 952 1908 1025">
     <span class='ocr_line' id='line_1_10' title="bbox 346 952 1908 1025; baseline -0.002 -16"><span class='ocrx_word' id='word_1_51' title='bbox 346 958 492 1011; x_wconf 83' lang='lat' dir='ltr'><strong>Deus</strong></span> <span class='ocrx_word' id='word_1_52' title='bbox 517 955 675 1010; x_wconf 84' lang='lat' dir='ltr'><strong>Pater</strong></span> <span class='ocrx_word' id='word_1_53' title='bbox 703 956 827 1020; x_wconf 88' lang='lat' dir='ltr'><strong>erit,</strong></span> <span class='ocrx_word' id='word_1_54' title='bbox 861 958 906 1011; x_wconf 88' lang='lat' dir='ltr'><strong>si</strong></span> <span class='ocrx_word' id='word_1_55' title='bbox 943 952 1266 1025; x_wconf 81' lang='lat' dir='ltr'><strong>Unigenitus</strong></span> <span class='ocrx_word' id='word_1_56' title='bbox 1295 962 1545 1007; x_wconf 73' lang='lat' dir='ltr'><strong>creatura</strong></span> <span class='ocrx_word' id='word_1_57' title='bbox 1583 961 1686 1017; x_wconf 89' lang='lat' dir='ltr'><strong>est,</strong></span> <span class='ocrx_word' id='word_1_58' title='bbox 1715 960 1770 1007; x_wconf 90' lang='lat' dir='ltr'><strong>et</strong></span> <span class='ocrx_word' id='word_1_59' title='bbox 1800 968 1908 1007; x_wconf 93' lang='lat' dir='ltr'><strong>non</strong></span> 
     </span>
    </p>
   </div>
   <div class='ocr_carea' id='block_1_11' title="bbox 342 1043 1912 1116">
    <p class='ocr_par' dir='ltr' id='par_1_11' title="bbox 342 1043 1912 1116">
     <span class='ocr_line' id='line_1_11' title="bbox 342 1043 1912 1116; baseline -0.001 -16"><span class='ocrx_word' id='word_1_60' title='bbox 342 1047 558 1101; x_wconf 85' lang='lat' dir='ltr'><strong>Filius?</strong></span> <span class='ocrx_word' id='word_1_61' title='bbox 590 1046 765 1101; x_wconf 86' lang='lat' dir='ltr'><strong>Verbo</strong></span> <span class='ocrx_word' id='word_1_62' title='bbox 806 1061 1041 1116; x_wconf 81' lang='lat' dir='ltr'><strong>namque</strong></span> <span class='ocrx_word' id='word_1_63' title='bbox 1088 1043 1459 1108; x_wconf 88' lang='lat' dir='ltr'><strong>solummodo,</strong></span> <span class='ocrx_word' id='word_1_64' title='bbox 1517 1056 1623 1096; x_wconf 90' lang='lat' dir='ltr'><strong>non</strong></span> <span class='ocrx_word' id='word_1_65' title='bbox 1691 1059 1748 1099; x_wconf 91' lang='lat' dir='ltr'><strong>re</strong></span> <span class='ocrx_word' id='word_1_66' title='bbox 1796 1044 1912 1115; x_wconf 87' lang='lat' dir='ltr'><strong>ipsa</strong></span> 
     </span>
    </p>
   </div>
   <div class='ocr_carea' id='block_1_12' title="bbox 340 1132 1915 1206">
    <p class='ocr_par' dir='ltr' id='par_1_12' title="bbox 340 1132 1915 1206">
     <span class='ocr_line' id='line_1_12' title="bbox 340 1132 1915 1206; baseline -0.003 -16"><span class='ocrx_word' id='word_1_67' title='bbox 340 1137 523 1201; x_wconf 83' lang='lat' dir='ltr'><strong>Pater,</strong></span> <span class='ocrx_word' id='word_1_68' title='bbox 553 1149 605 1192; x_wconf 78' lang='lat' dir='ltr'><strong>et</strong></span> <span class='ocrx_word' id='word_1_69' title='bbox 631 1138 878 1193; x_wconf 84' lang='lat' dir='ltr'><strong>similiter</strong></span> <span class='ocrx_word' id='word_1_70' title='bbox 909 1135 1221 1206; x_wconf 80' lang='lat' dir='ltr'><strong>unigenitus</strong></span> <span class='ocrx_word' id='word_1_71' title='bbox 1248 1132 1515 1187; x_wconf 90' lang='lat' dir='ltr'><strong>vocabulo</strong></span> <span class='ocrx_word' id='word_1_72' title='bbox 1535 1135 1915 1188; x_wconf 82' lang='lat' dir='ltr'><strong>tantummodo</strong></span> 
     </span>
    </p>
   </div>
   <div class='ocr_carea' id='block_1_13' title="bbox 345 1226 1260 1293">
    <p class='ocr_par' dir='ltr' id='par_1_13' title="bbox 345 1226 1260 1293">
     <span class='ocr_line' id='line_1_13' title="bbox 345 1226 1260 1293; baseline -0.005 -11"><span class='ocrx_word' id='word_1_73' title='bbox 345 1231 533 1293; x_wconf 72' lang='lat' dir='ltr'><strong>Filius,</strong></span> <span class='ocrx_word' id='word_1_74' title='bbox 570 1246 675 1283; x_wconf 89' lang='lat' dir='ltr'><strong>nou</strong></span> <span class='ocrx_word' id='word_1_75' title='bbox 707 1244 830 1283; x_wconf 79' lang='lat' dir='ltr'><strong>vere</strong></span> <span class='ocrx_word' id='word_1_76' title='bbox 874 1226 1046 1282; x_wconf 82' lang='lat' dir='ltr'><strong>Filius</strong></span> <span class='ocrx_word' id='word_1_77' title='bbox 1075 1228 1200 1287; x_wconf 80' lang='lat' dir='ltr'><strong>erit.</strong></span> <span class='ocrx_word' id='word_1_78' title='bbox 1241 1244 1260 1277; x_wconf 76' lang='grc' dir='ltr'><strong>ι</strong></span> 
     </span>
    </p>
   </div>
   <div class='ocr_carea' id='block_1_14' title="bbox 2007 588 3587 662">
    <p class='ocr_par' dir='ltr' id='par_1_14' title="bbox 2007 588 3587 662">
     <span class='ocr_line' id='line_1_14' title="bbox 2007 588 3587 662; baseline 0.003 -21"><span class='ocrx_word' id='word_1_79' title='bbox 2007 590 2061 641; x_wconf 72' lang='grc' dir='ltr'>δὲ</span> <span class='ocrx_word' id='word_1_80' title='bbox 2090 589 2239 655; x_wconf 81' lang='grc' dir='ltr'>τάξει</span> <span class='ocrx_word' id='word_1_81' title='bbox 2272 591 2384 651; x_wconf 86' lang='grc' dir='ltr'>τοῖς</span> <span class='ocrx_word' id='word_1_82' title='bbox 2409 589 2591 651; x_wconf 77' lang='grc' dir='ltr'>ἄλλοις</span> <span class='ocrx_word' id='word_1_83' title='bbox 2637 588 3011 658; x_wconf 85' lang='grc' dir='ltr'>τελειούμενόν</span> <span class='ocrx_word' id='word_1_84' title='bbox 3031 608 3089 643; x_wconf 90' lang='grc' dir='ltr'><strong>τε</strong></span> <span class='ocrx_word' id='word_1_85' title='bbox 3116 594 3209 645; x_wconf 77' lang='grc' dir='ltr'>καὶ</span> <span class='ocrx_word' id='word_1_86' title='bbox 3232 592 3587 662; x_wconf 76' lang='grc' dir='ltr'>ἁγιαζόμενον</span> 
     </span>
    </p>
   </div>
   <div class='ocr_carea' id='block_1_15' title="bbox 2011 680 3589 754">
    <p class='ocr_par' dir='ltr' id='par_1_15' title="bbox 2011 680 3589 754">
     <span class='ocr_line' id='line_1_15' title="bbox 2011 680 3589 754; baseline 0.004 -21"><span class='ocrx_word' id='word_1_87' title='bbox 2011 681 2106 733; x_wconf 71' lang='grc' dir='ltr'>καὶ</span> <span class='ocrx_word' id='word_1_88' title='bbox 2128 681 2422 750; x_wconf 78' lang='grc' dir='ltr'><strong>ἐπίκτητον</strong></span> <span class='ocrx_word' id='word_1_89' title='bbox 2451 680 2641 749; x_wconf 80' lang='grc' dir='ltr'>ἔχοντα</span> <span class='ocrx_word' id='word_1_90' title='bbox 2660 680 2759 752; x_wconf 78' lang='grc' dir='ltr'>τὴν</span> <span class='ocrx_word' id='word_1_91' title='bbox 2778 681 2886 734; x_wconf 88' lang='grc' dir='ltr'><strong>τῶν</strong></span> <span class='ocrx_word' id='word_1_92' title='bbox 2905 682 3125 750; x_wconf 81' lang='grc' dir='ltr'><strong>ἀγαθῶν</strong></span> <span class='ocrx_word' id='word_1_93' title='bbox 3148 685 3428 754; x_wconf 83' lang='grc' dir='ltr'>χορηγίαν;</span> <span class='ocrx_word' id='word_1_94' title='bbox 3456 683 3589 740; x_wconf 83' lang='grc' dir='ltr'>Εἶτα</span> 
     </span>
    </p>
   </div>
   <div class='ocr_carea' id='block_1_16' title="bbox 2014 770 3586 847">
    <p class='ocr_par' dir='ltr' id='par_1_16' title="bbox 2014 770 3586 847">
     <span class='ocr_line' id='line_1_16' title="bbox 2014 770 3586 847; baseline 0.004 -24"><span class='ocrx_word' id='word_1_95' title='bbox 2014 770 2132 834; x_wconf 87' lang='grc' dir='ltr'><strong>πῶς</strong></span> <span class='ocrx_word' id='word_1_96' title='bbox 2169 770 2234 824; x_wconf 83' lang='grc' dir='ltr'><strong>οὐ</strong></span> <span class='ocrx_word' id='word_1_97' title='bbox 2286 770 2637 840; x_wconf 81' lang='grc' dir='ltr'>διαψεύσεται</span> <span class='ocrx_word' id='word_1_98' title='bbox 2677 772 2851 842; x_wconf 83' lang='grc' dir='ltr'>λέγων</span> <span class='ocrx_word' id='word_1_99' title='bbox 2881 776 2910 826; x_wconf 93' lang='lat'><strong>6</strong></span> <span class='ocrx_word' id='word_1_100' title='bbox 2939 773 3348 847; x_wconf 84' lang='grc' dir='ltr'>Εὐαγγελιστὴς</span> <span class='ocrx_word' id='word_1_101' title='bbox 3408 779 3491 830; x_wconf 86' lang='grc' dir='ltr'>ὅτι</span> <span class='ocrx_word' id='word_1_102' title='bbox 3519 779 3586 830; x_wconf 71' lang='grc' dir='ltr'>ἐκ</span> 
     </span>
    </p>
   </div>
   <div class='ocr_carea' id='block_1_17' title="bbox 2011 861 3589 936">
    <p class='ocr_par' dir='ltr' id='par_1_17' title="bbox 2011 861 3589 936">
     <span class='ocr_line' id='line_1_17' title="bbox 2011 861 3589 936; baseline 0.004 -22"><span class='ocrx_word' id='word_1_103' title='bbox 2011 862 2104 916; x_wconf 85' lang='grc' dir='ltr'><strong>τοῦ</strong></span> <span class='ocrx_word' id='word_1_104' title='bbox 2128 861 2497 935; x_wconf 80' lang='grc' dir='ltr'><strong>πληρώματος</strong></span> <span class='ocrx_word' id='word_1_105' title='bbox 2522 863 2687 917; x_wconf 87' lang='grc' dir='ltr'>αὐτοῦ</span> <span class='ocrx_word' id='word_1_106' title='bbox 2718 864 2877 932; x_wconf 77' lang='grc' dir='ltr'>ἡμεῖς</span> <span class='ocrx_word' id='word_1_107' title='bbox 2907 865 3110 928; x_wconf 85' lang='grc' dir='ltr'>πάντες</span> <span class='ocrx_word' id='word_1_108' title='bbox 3131 865 3397 936; x_wconf 79' lang='grc' dir='ltr'>ἐλάϐομεν</span> <span class='ocrx_word' id='word_1_109' title='bbox 3421 883 3436 933; x_wconf 88' lang='grc'><strong>;</strong></span> <span class='ocrx_word' id='word_1_110' title='bbox 3465 866 3589 929; x_wconf 87' lang='grc' dir='ltr'><strong>Πῶς</strong></span> 
     </span>
    </p>
   </div>
   <div class='ocr_carea' id='block_1_18' title="bbox 2016 954 3590 1028">
    <p class='ocr_par' dir='ltr' id='par_1_18' title="bbox 2016 954 3590 1028">
     <span class='ocr_line' id='line_1_18' title="bbox 2016 954 3590 1028; baseline 0.003 -20"><span class='ocrx_word' id='word_1_111' title='bbox 2016 955 2128 1026; x_wconf 86' lang='grc' dir='ltr'><strong>γάρ</strong></span> <span class='ocrx_word' id='word_1_112' title='bbox 2158 954 2315 1009; x_wconf 73' lang='grc' dir='ltr'>ἔσται</span> <span class='ocrx_word' id='word_1_113' title='bbox 2364 956 2580 1027; x_wconf 83' lang='grc' dir='ltr'><strong>πλήρης</strong></span> <span class='ocrx_word' id='word_1_114' title='bbox 2607 958 2665 1010; x_wconf 77' lang='grc' dir='ltr'>ὲν</span> <span class='ocrx_word' id='word_1_115' title='bbox 2726 956 2834 1026; x_wconf 77' lang='grc' dir='ltr'>ἰδίᾳ</span> <span class='ocrx_word' id='word_1_116' title='bbox 2886 956 3046 1026; x_wconf 79' lang='grc' dir='ltr'>φύσει</span> <span class='ocrx_word' id='word_1_117' title='bbox 3097 956 3392 1028; x_wconf 77' lang='grc' dir='ltr'>λαμϐάνων</span> <span class='ocrx_word' id='word_1_118' title='bbox 3426 961 3590 1022; x_wconf 83' lang='grc' dir='ltr'>αὐτὸς</span> 
     </span>
    </p>
   </div>
   <div class='ocr_carea' id='block_1_19' title="bbox 2020 1044 3588 1117">
    <p class='ocr_par' dir='ltr' id='par_1_19' title="bbox 2020 1044 3588 1117">
     <span class='ocr_line' id='line_1_19' title="bbox 2020 1044 3588 1117; baseline 0.004 -20"><span class='ocrx_word' id='word_1_119' title='bbox 2020 1047 2151 1115; x_wconf 82' lang='grc' dir='ltr'>παρ’</span> <span class='ocrx_word' id='word_1_120' title='bbox 2182 1045 2411 1117; x_wconf 73' lang='grc' dir='ltr'>ἐτέρους</span> <span class='ocrx_word' id='word_1_121' title='bbox 2444 1046 2477 1114; x_wconf 84' lang='grc' dir='ltr'>ἢ</span> <span class='ocrx_word' id='word_1_122' title='bbox 2517 1044 2634 1109; x_wconf 78' lang='grc' dir='ltr'><strong>πῶς</strong></span> <span class='ocrx_word' id='word_1_123' title='bbox 2661 1045 2730 1099; x_wconf 82' lang='grc' dir='ltr'>ἂν</span> <span class='ocrx_word' id='word_1_124' title='bbox 2771 1046 2907 1109; x_wconf 83' lang='grc' dir='ltr'><strong>ὅλως</strong></span> <span class='ocrx_word' id='word_1_125' title='bbox 2961 1048 3134 1100; x_wconf 82' lang='grc' dir='ltr'>νοοῖτο</span> <span class='ocrx_word' id='word_1_126' title='bbox 3158 1049 3349 1117; x_wconf 85' lang='grc' dir='ltr'>Πατὴρ</span> <span class='ocrx_word' id='word_1_127' title='bbox 3375 1050 3404 1101; x_wconf 91' lang='lat'><strong>6</strong></span> <span class='ocrx_word' id='word_1_128' title='bbox 3433 1048 3588 1113; x_wconf 86' lang='grc' dir='ltr'>Θεὸς.</span> 
     </span>
    </p>
   </div>
   <div class='ocr_carea' id='block_1_20' title="bbox 2020 1135 3593 1206">
    <p class='ocr_par' dir='ltr' id='par_1_20' title="bbox 2020 1135 3593 1206">
     <span class='ocr_line' id='line_1_20' title="bbox 2020 1135 3593 1206; baseline 0.001 -18"><span class='ocrx_word' id='word_1_129' title='bbox 2020 1135 2324 1205; x_wconf 74' lang='grc' dir='ltr'>εἴπερὲστὶ</span> <span class='ocrx_word' id='word_1_130' title='bbox 2355 1135 2588 1206; x_wconf 86' lang='grc' dir='ltr'>ποίημα,</span> <span class='ocrx_word' id='word_1_131' title='bbox 2646 1137 2738 1188; x_wconf 78' lang='grc' dir='ltr'>καὶ</span> <span class='ocrx_word' id='word_1_132' title='bbox 2775 1137 2896 1205; x_wconf 71' lang='grc' dir='ltr'>οὐχὶ</span> <span class='ocrx_word' id='word_1_133' title='bbox 2950 1137 3152 1204; x_wconf 85' lang='grc' dir='ltr'>μᾶλλον</span> <span class='ocrx_word' id='word_1_134' title='bbox 3197 1138 3326 1201; x_wconf 83' lang='grc' dir='ltr'>Υἱὸς</span> <span class='ocrx_word' id='word_1_135' title='bbox 3371 1141 3399 1190; x_wconf 89' lang='lat'><strong>6</strong></span> <span class='ocrx_word' id='word_1_136' title='bbox 3436 1154 3593 1204; x_wconf 69' lang='grc' dir='ltr'>μονοε-</span> 
     </span>
    </p>
   </div>
   <div class='ocr_carea' id='block_1_21' title="bbox 2023 1226 3593 1300">
    <p class='ocr_par' dir='ltr' id='par_1_21' title="bbox 2023 1226 3593 1300">
     <span class='ocr_line' id='line_1_21' title="bbox 2023 1226 3593 1300; baseline -0.002 -19"><span class='ocrx_word' id='word_1_137' title='bbox 2023 1229 2189 1298; x_wconf 83' lang='grc' dir='ltr'>γενής</span> <span class='ocrx_word' id='word_1_138' title='bbox 2214 1244 2230 1295; x_wconf 87' lang='lat'><strong>;</strong></span> <span class='ocrx_word' id='word_1_139' title='bbox 2261 1227 2632 1297; x_wconf 78' lang='grc' dir='ltr'>Ψευδὼνυμος</span> <span class='ocrx_word' id='word_1_140' title='bbox 2656 1228 2766 1297; x_wconf 82' lang='grc' dir='ltr'><strong>γάρ</strong></span> <span class='ocrx_word' id='word_1_141' title='bbox 2796 1227 2863 1281; x_wconf 80' lang='grc' dir='ltr'>ἂν</span> <span class='ocrx_word' id='word_1_142' title='bbox 2896 1226 3067 1291; x_wconf 75' lang='grc' dir='ltr'>οὕτως</span> <span class='ocrx_word' id='word_1_143' title='bbox 3097 1228 3233 1300; x_wconf 77' lang='grc' dir='ltr'>ἔχει,</span> <span class='ocrx_word' id='word_1_144' title='bbox 3285 1229 3380 1282; x_wconf 75' lang='grc' dir='ltr'>καὶ</span> <span class='ocrx_word' id='word_1_145' title='bbox 3428 1227 3593 1289; x_wconf 74' lang='grc' dir='ltr'>αὐτὸς</span> 
     </span>
    </p>
   </div>
   <div class='ocr_carea' id='block_1_22' title="bbox 341 1314 3592 1394">
    <p class='ocr_par' dir='ltr' id='par_1_22' title="bbox 341 1314 3592 1394">
     <span class='ocr_line' id='line_1_22' title="bbox 341 1314 3592 1394; baseline 0.001 -23"><span class='ocrx_word' id='word_1_146' title='bbox 341 1321 493 1371; x_wconf 74' lang='grc' dir='ltr'>ἔσται</span> <span class='ocrx_word' id='word_1_147' title='bbox 553 1317 760 1389; x_wconf 82' lang='grc' dir='ltr'>Πατὴρ,</span> <span class='ocrx_word' id='word_1_148' title='bbox 818 1316 1048 1387; x_wconf 72' lang='grc' dir='ltr'>ἀληθεία</span> <span class='ocrx_word' id='word_1_149' title='bbox 1092 1316 1150 1370; x_wconf 76' lang='grc' dir='ltr'>δὲ</span> <span class='ocrx_word' id='word_1_150' title='bbox 1198 1314 1450 1384; x_wconf 75' lang='grc' dir='ltr'><strong>οὐδαμῶς</strong></span> <span class='ocrx_word' id='word_1_151' title='bbox 1480 1316 1508 1368; x_wconf 98' lang='lat'><strong>6</strong></span> <span class='ocrx_word' id='word_1_152' title='bbox 1541 1315 1691 1381; x_wconf 81' lang='grc' dir='ltr'>Υἱὸς,</span> <span class='ocrx_word' id='word_1_153' title='bbox 1743 1315 1896 1370; x_wconf 80' lang='grc' dir='ltr'>νόθον</span> <span class='ocrx_word' id='word_1_154' title='bbox 1936 1316 2076 1389; x_wconf 79' lang='grc' dir='ltr'>ἔχων</span> <span class='ocrx_word' id='word_1_155' title='bbox 2102 1322 2188 1389; x_wconf 70' lang='grc' dir='ltr'><strong>ἐφ’</strong></span> <span class='ocrx_word' id='word_1_156' title='bbox 2221 1321 2399 1392; x_wconf 75' lang='grc' dir='ltr'>ἑαυτῷ</span> <span class='ocrx_word' id='word_1_157' title='bbox 2462 1323 2523 1376; x_wconf 87' lang='grc' dir='ltr'><strong>τὸ</strong></span> <span class='ocrx_word' id='word_1_158' title='bbox 2553 1323 2792 1394; x_wconf 78' lang='grc' dir='ltr'>ἀξίωμα,</span> <span class='ocrx_word' id='word_1_159' title='bbox 2856 1322 3145 1393; x_wconf 77' lang='grc' dir='ltr'>καὶμέχρι</span> <span class='ocrx_word' id='word_1_160' title='bbox 3218 1321 3438 1391; x_wconf 76' lang='grc' dir='ltr'>γυμνῶν</span> <span class='ocrx_word' id='word_1_161' title='bbox 3492 1324 3592 1391; x_wconf 71' lang='grc' dir='ltr'><strong>ρη.</strong></span> 
     </span>
    </p>
   </div>
   <div class='ocr_carea' id='block_1_23' title="bbox 345 1406 1088 1486">
    <p class='ocr_par' dir='ltr' id='par_1_23' title="bbox 345 1406 1088 1486">
     <span class='ocr_line' id='line_1_23' title="bbox 345 1406 1088 1486; baseline -0.001 -22"><span class='ocrx_word' id='word_1_162' title='bbox 345 1412 533 1477; x_wconf 84' lang='grc' dir='ltr'><strong>μάτων</strong></span> <span class='ocrx_word' id='word_1_163' title='bbox 558 1406 659 1480; x_wconf 79' lang='grc' dir='ltr'>τῆν</span> <span class='ocrx_word' id='word_1_164' title='bbox 691 1411 1088 1486; x_wconf 66' lang='grc' dir='ltr'><strong>προσηγορίαν.</strong></span> 
     </span>
    </p>
   </div>
   <div class='ocr_carea' id='block_1_24' title="bbox 421 1500 1924 1574">
    <p class='ocr_par' dir='ltr' id='par_1_24' title="bbox 421 1500 1924 1574">
     <span class='ocr_line' id='line_1_24' title="bbox 421 1500 1924 1574; baseline -0.001 -16"><span class='ocrx_word' id='word_1_165' title='bbox 421 1505 657 1559; x_wconf 86' lang='lat' dir='ltr'><strong>Sanctus</strong></span> <span class='ocrx_word' id='word_1_166' title='bbox 687 1505 926 1574; x_wconf 76' lang='lat' dir='ltr'><strong>Cyr-illus</strong></span> <span class='ocrx_word' id='word_1_167' title='bbox 962 1504 1015 1558; x_wconf 92' lang='lat' dir='ltr'><strong>in</strong></span> <span class='ocrx_word' id='word_1_168' title='bbox 1047 1502 1389 1573; x_wconf 79' lang='lat' dir='ltr'><strong>expositione</strong></span> <span class='ocrx_word' id='word_1_169' title='bbox 1423 1500 1699 1573; x_wconf 73' lang='lat' dir='ltr'><strong>Evangelii</strong></span> <span class='ocrx_word' id='word_1_170' title='bbox 1727 1517 1924 1558; x_wconf 88' lang='lat' dir='ltr'><strong>secun-</strong></span> 
     </span>
    </p>
   </div>
   <div class='ocr_carea' id='block_1_25' title="bbox 343 1593 1922 1663">
    <p class='ocr_par' dir='ltr' id='par_1_25' title="bbox 343 1593 1922 1663">
     <span class='ocr_line' id='line_1_25' title="bbox 343 1593 1922 1663; baseline -0.001 -14"><span class='ocrx_word' id='word_1_171' title='bbox 343 1599 474 1651; x_wconf 83' lang='lat' dir='ltr'><strong>dum</strong></span> <span class='ocrx_word' id='word_1_172' title='bbox 522 1596 810 1663; x_wconf 80' lang='lat' dir='ltr'><strong>Joannem,</strong></span> <span class='ocrx_word' id='word_1_173' title='bbox 846 1597 901 1651; x_wconf 93' lang='lat' dir='ltr'><strong>in</strong></span> <span class='ocrx_word' id='word_1_174' title='bbox 964 1597 1210 1662; x_wconf 88' lang='lat' dir='ltr'><strong>dictum,</strong></span> <span class='ocrx_word' id='word_1_175' title='bbox 1249 1611 1270 1649; x_wconf 76' lang='grc' dir='ltr'><strong>ι</strong></span> <span class='ocrx_word' id='word_1_176' title='bbox 1309 1593 1447 1650; x_wconf 84' lang='lat' dir='ltr'><strong>Cum</strong></span> <span class='ocrx_word' id='word_1_177' title='bbox 1476 1604 1658 1649; x_wconf 79' lang='lat' dir='ltr'><strong>autem</strong></span> <span class='ocrx_word' id='word_1_178' title='bbox 1711 1595 1922 1648; x_wconf 88' lang='lat' dir='ltr'><strong>venerit</strong></span> 
     </span>
    </p>
   </div>
   <div class='ocr_carea' id='block_1_26' title="bbox 348 1686 1917 1757">
    <p class='ocr_par' dir='ltr' id='par_1_26' title="bbox 348 1686 1917 1757">
     <span class='ocr_line' id='line_1_26' title="bbox 348 1686 1917 1757; baseline -0.003 -15"><span class='ocrx_word' id='word_1_179' title='bbox 348 1686 748 1755; x_wconf 73' lang='lat' dir='ltr'><strong>l’aracletus“,</strong></span> <span class='ocrx_word' id='word_1_180' title='bbox 791 1707 811 1738; x_wconf 74' lang='grc' dir='ltr'><strong>ι</strong></span> <span class='ocrx_word' id='word_1_181' title='bbox 846 1689 1023 1757; x_wconf 89' lang='lat' dir='ltr'><strong>inquit</strong></span> <span class='ocrx_word' id='word_1_182' title='bbox 1052 1704 1066 1740; x_wconf 89' lang='lat'><strong>:</strong></span> <span class='ocrx_word' id='word_1_183' title='bbox 1102 1687 1242 1741; x_wconf 81' lang='lat' dir='ltr'><strong>Ecce</strong></span> <span class='ocrx_word' id='word_1_184' title='bbox 1287 1688 1460 1751; x_wconf 89' lang='lat' dir='ltr'><strong>enim,</strong></span> <span class='ocrx_word' id='word_1_185' title='bbox 1486 1702 1615 1741; x_wconf 86' lang='lat' dir='ltr'><strong>ecce</strong></span> <span class='ocrx_word' id='word_1_186' title='bbox 1654 1686 1917 1756; x_wconf 76' lang='lat' dir='ltr'><strong>Spiritum</strong></span> 
     </span>
    </p>
   </div>
   <div class='ocr_carea' id='block_1_27' title="bbox 349 1778 1919 1849">
    <p class='ocr_par' dir='ltr' id='par_1_27' title="bbox 349 1778 1919 1849">
     <span class='ocr_line' id='line_1_27' title="bbox 349 1778 1919 1849; baseline 0.001 -14"><span class='ocrx_word' id='word_1_187' title='bbox 349 1782 621 1843; x_wconf 71' lang='lat' dir='ltr'><strong>\‘M‘ilulls,</strong></span> <span class='ocrx_word' id='word_1_188' title='bbox 674 1780 759 1835; x_wconf 86' lang='lat' dir='ltr'><strong>sui</strong></span> <span class='ocrx_word' id='word_1_189' title='bbox 815 1779 988 1848; x_wconf 89' lang='lat' dir='ltr'><strong>ipsius</strong></span> <span class='ocrx_word' id='word_1_190' title='bbox 1031 1794 1226 1848; x_wconf 88' lang='lat' dir='ltr'><strong>nempe</strong></span> <span class='ocrx_word' id='word_1_191' title='bbox 1262 1794 1607 1849; x_wconf 81' lang='lat' dir='ltr'><strong>nuncupatis,</strong></span> <span class='ocrx_word' id='word_1_192' title='bbox 1638 1796 1707 1835; x_wconf 63' lang='lat' dir='ltr'><strong>ea</strong></span> <span class='ocrx_word' id='word_1_193' title='bbox 1757 1778 1919 1836; x_wconf 83' lang='lat' dir='ltr'><strong>Patre</strong></span> 
     </span>
    </p>
   </div>
   <div class='ocr_carea' id='block_1_28' title="bbox 2113 1504 3593 1576">
    <p class='ocr_par' dir='ltr' id='par_1_28' title="bbox 2113 1504 3593 1576">
     <span class='ocr_line' id='line_1_28' title="bbox 2113 1504 3593 1576; baseline 0.001 -18"><span class='ocrx_word' id='word_1_194' title='bbox 2113 1505 2174 1558; x_wconf 86' lang='grc' dir='ltr'>Ὀ</span> <span class='ocrx_word' id='word_1_195' title='bbox 2226 1505 2384 1573; x_wconf 75' lang='grc' dir='ltr'>ἅγιος</span> <span class='ocrx_word' id='word_1_196' title='bbox 2437 1504 2706 1575; x_wconf 78' lang='grc' dir='ltr'>Κύριλλος</span> <span class='ocrx_word' id='word_1_197' title='bbox 2757 1506 2817 1559; x_wconf 73' lang='grc' dir='ltr'>ὲν</span> <span class='ocrx_word' id='word_1_198' title='bbox 2872 1507 2940 1576; x_wconf 79' lang='grc' dir='ltr'><strong>τῇ</strong></span> <span class='ocrx_word' id='word_1_199' title='bbox 2993 1504 3262 1576; x_wconf 80' lang='grc' dir='ltr'><strong>ἑρμηνείᾳ</strong></span> <span class='ocrx_word' id='word_1_200' title='bbox 3313 1504 3408 1558; x_wconf 85' lang='grc' dir='ltr'><strong>τοῦ</strong></span> <span class='ocrx_word' id='word_1_201' title='bbox 3450 1506 3593 1560; x_wconf 85' lang='grc' dir='ltr'><strong>κατά</strong></span> 
     </span>
    </p>
   </div>
   <div class='ocr_carea' id='block_1_29' title="bbox 2044 1596 3593 1671">
    <p class='ocr_par' dir='ltr' id='par_1_29' title="bbox 2044 1596 3593 1671">
     <span class='ocr_line' id='line_1_29' title="bbox 2044 1596 3593 1671; baseline 0.001 -18"><span class='ocrx_word' id='word_1_202' title='bbox 2044 1601 2302 1667; x_wconf 80' lang='grc' dir='ltr'>Ἰωάννην</span> <span class='ocrx_word' id='word_1_203' title='bbox 2330 1596 2701 1668; x_wconf 79' lang='grc' dir='ltr'>Εὐαγγελικοῦ</span> <span class='ocrx_word' id='word_1_204' title='bbox 2751 1597 2938 1671; x_wconf 80' lang='grc' dir='ltr'><strong>ῥητοῦ,</strong></span> <span class='ocrx_word' id='word_1_205' title='bbox 2997 1602 3079 1663; x_wconf 85' lang='grc' dir='ltr'><strong>εἰς</strong></span> <span class='ocrx_word' id='word_1_206' title='bbox 3115 1602 3200 1664; x_wconf 86' lang='grc' dir='ltr'><strong>τὸ,</strong></span> <span class='ocrx_word' id='word_1_207' title='bbox 3239 1618 3258 1652; x_wconf 81' lang='grc' dir='ltr'><strong>ι</strong></span> <span class='ocrx_word' id='word_1_208' title='bbox 3293 1601 3461 1655; x_wconf 83' lang='grc' dir='ltr'>Ὅταν</span> <span class='ocrx_word' id='word_1_209' title='bbox 3500 1598 3593 1655; x_wconf 84' lang='grc' dir='ltr'><strong>οῦν</strong></span> 
     </span>
    </p>
   </div>
   <div class='ocr_carea' id='block_1_30' title="bbox 2020 1690 3593 1763">
    <p class='ocr_par' dir='ltr' id='par_1_30' title="bbox 2020 1690 3593 1763">
     <span class='ocr_line' id='line_1_30' title="bbox 2020 1690 3593 1763; baseline 0.001 -19"><span class='ocrx_word' id='word_1_210' title='bbox 2020 1691 2155 1761; x_wconf 74' lang='grc' dir='ltr'>ἔλθῃ</span> <span class='ocrx_word' id='word_1_211' title='bbox 2211 1693 2240 1744; x_wconf 93' lang='lat'><strong>6</strong></span> <span class='ocrx_word' id='word_1_212' title='bbox 2287 1690 2670 1761; x_wconf 83' lang='grc' dir='ltr'>Παράκλητος,</span> <span class='ocrx_word' id='word_1_213' title='bbox 2727 1709 2747 1742; x_wconf 74' lang='grc' dir='ltr'><strong>ι</strong></span> <span class='ocrx_word' id='word_1_214' title='bbox 2800 1691 3004 1761; x_wconf 75' lang='grc' dir='ltr'>φησιν’</span> <span class='ocrx_word' id='word_1_215' title='bbox 3044 1709 3065 1743; x_wconf 76' lang='grc' dir='ltr'><strong>ι</strong></span> <span class='ocrx_word' id='word_1_216' title='bbox 3130 1691 3263 1745; x_wconf 84' lang='grc' dir='ltr'><strong>’1δού</strong></span> <span class='ocrx_word' id='word_1_217' title='bbox 3296 1694 3426 1763; x_wconf 83' lang='grc' dir='ltr'>γὰρ,</span> <span class='ocrx_word' id='word_1_218' title='bbox 3483 1694 3593 1746; x_wconf 82' lang='grc' dir='ltr'>ἰδοὺ</span> 
     </span>
    </p>
   </div>
   <div class='ocr_carea' id='block_1_31' title="bbox 2025 1781 3597 1851">
    <p class='ocr_par' dir='ltr' id='par_1_31' title="bbox 2025 1781 3597 1851">
     <span class='ocr_line' id='line_1_31' title="bbox 2025 1781 3597 1851; baseline 0.001 -16"><span class='ocrx_word' id='word_1_219' title='bbox 2025 1781 2252 1850; x_wconf 84' lang='grc' dir='ltr'>Πνεῦμα</span> <span class='ocrx_word' id='word_1_220' title='bbox 2282 1782 2388 1850; x_wconf 83' lang='grc' dir='ltr'>τῆς</span> <span class='ocrx_word' id='word_1_221' title='bbox 2437 1781 2718 1851; x_wconf 79' lang='grc' dir='ltr'>ἀληθείας,</span> <span class='ocrx_word' id='word_1_222' title='bbox 2749 1782 3026 1836; x_wconf 83' lang='grc' dir='ltr'><strong>τουτέστιν</strong></span> <span class='ocrx_word' id='word_1_223' title='bbox 3068 1782 3290 1847; x_wconf 73' lang='grc' dir='ltr'>ἑαυτοῦ,</span> <span class='ocrx_word' id='word_1_224' title='bbox 3338 1784 3433 1837; x_wconf 89' lang='grc' dir='ltr'><strong>τὸν</strong></span> <span class='ocrx_word' id='word_1_225' title='bbox 3487 1786 3597 1837; x_wconf 77' lang='lat' dir='ltr'><strong>ﬂa-</strong></span> 
     </span>
    </p>
   </div>
   <div class='ocr_carea' id='block_1_32' title="bbox 346 1856 1931 1945">
    <p class='ocr_par' dir='ltr' id='par_1_32' title="bbox 346 1870 1923 1942">
     <span class='ocr_line' id='line_1_32' title="bbox 346 1870 1923 1942; baseline 0.001 -17"><span class='ocrx_word' id='word_1_226' title='bbox 346 1874 499 1925; x_wconf 90' lang='lat' dir='ltr'><strong>illum</strong></span> <span class='ocrx_word' id='word_1_227' title='bbox 555 1872 842 1942; x_wconf 82' lang='lat' dir='ltr'><strong>procedere</strong></span> <span class='ocrx_word' id='word_1_228' title='bbox 863 1872 959 1924; x_wconf 86' lang='lat' dir='ltr'><strong>ait.</strong></span> <span class='ocrx_word' id='word_1_229' title='bbox 1009 1871 1139 1925; x_wconf 83' lang='lat' dir='ltr'><strong>Nam</strong></span> <span class='ocrx_word' id='word_1_230' title='bbox 1186 1872 1330 1926; x_wconf 86' lang='lat' dir='ltr'><strong>sicut</strong></span> <span class='ocrx_word' id='word_1_231' title='bbox 1396 1870 1520 1925; x_wconf 83' lang='lat' dir='ltr'><strong>Filii</strong></span> <span class='ocrx_word' id='word_1_232' title='bbox 1556 1872 1923 1941; x_wconf 80' lang='lat' dir='ltr'><strong>Spiritns&#39;est</strong></span> 
     </span>
    </p>
   </div>
   <div class='ocr_carea' id='block_1_33' title="bbox 2035 1856 3597 1945">
    <p class='ocr_par' dir='ltr' id='par_1_33' title="bbox 2035 1871 3597 1944">
     <span class='ocr_line' id='line_1_33' title="bbox 2035 1871 3597 1944; baseline 0.003 -20"><span class='ocrx_word' id='word_1_233' title='bbox 2035 1873 2297 1944; x_wconf 67' lang='grc' dir='ltr'>ράκλητον</span> <span class='ocrx_word' id='word_1_234' title='bbox 2329 1874 2523 1936; x_wconf 76' lang='grc' dir='ltr'>εἰπὼν,</span> <span class='ocrx_word' id='word_1_235' title='bbox 2550 1875 2697 1944; x_wconf 75' lang='grc' dir='ltr'>παρὰ</span> <span class='ocrx_word' id='word_1_236' title='bbox 2729 1871 2821 1925; x_wconf 83' lang='grc' dir='ltr'><strong>τοῦ</strong></span> <span class='ocrx_word' id='word_1_237' title='bbox 2852 1873 3065 1943; x_wconf 84' lang='grc' dir='ltr'>Πατρὸς</span> <span class='ocrx_word' id='word_1_238' title='bbox 3116 1874 3279 1927; x_wconf 78' lang='grc' dir='ltr'>αὐτὸν</span> <span class='ocrx_word' id='word_1_239' title='bbox 3310 1876 3597 1943; x_wconf 78' lang='grc' dir='ltr'>ἐκπορεύε-</span> 
     </span>
    </p>
   </div>
   <div class='ocr_carea' id='block_1_34' title="bbox 347 1964 1923 2035">
    <p class='ocr_par' dir='ltr' id='par_1_34' title="bbox 347 1964 1923 2035">
     <span class='ocr_line' id='line_1_34' title="bbox 347 1964 1923 2035; baseline 0.001 -19"><span class='ocrx_word' id='word_1_240' title='bbox 347 1966 668 2019; x_wconf 86' lang='lat' dir='ltr'><strong>naturaliter</strong></span> <span class='ocrx_word' id='word_1_241' title='bbox 700 1965 753 2018; x_wconf 90' lang='lat' dir='ltr'><strong>in</strong></span> <span class='ocrx_word' id='word_1_242' title='bbox 804 1964 927 2032; x_wconf 86' lang='lat' dir='ltr'><strong>ipso</strong></span> <span class='ocrx_word' id='word_1_243' title='bbox 965 1980 1212 2029; x_wconf 85' lang='lat' dir='ltr'><strong>manens,</strong></span> <span class='ocrx_word' id='word_1_244' title='bbox 1242 1974 1296 2017; x_wconf 87' lang='lat' dir='ltr'><strong>et</strong></span> <span class='ocrx_word' id='word_1_245' title='bbox 1334 1979 1430 2032; x_wconf 85' lang='lat' dir='ltr'><strong>per</strong></span> <span class='ocrx_word' id='word_1_246' title='bbox 1470 1966 1647 2030; x_wconf 87' lang='lat' dir='ltr'><strong>ipsum</strong></span> <span class='ocrx_word' id='word_1_247' title='bbox 1699 1979 1923 2035; x_wconf 73' lang='lat' dir='ltr'><strong>progre-</strong></span> 
     </span>
    </p>
   </div>
   <div class='ocr_carea' id='block_1_35' title="bbox 347 2056 1922 2126">
    <p class='ocr_par' dir='ltr' id='par_1_35' title="bbox 347 2056 1922 2126">
     <span class='ocr_line' id='line_1_35' title="bbox 347 2056 1922 2126; baseline 0.001 -15"><span class='ocrx_word' id='word_1_248' title='bbox 347 2061 522 2122; x_wconf 82' lang='lat' dir='ltr'><strong>diens,</strong></span> <span class='ocrx_word' id='word_1_249' title='bbox 562 2060 643 2113; x_wconf 89' lang='lat' dir='ltr'><strong>sic</strong></span> <span class='ocrx_word' id='word_1_250' title='bbox 674 2067 822 2114; x_wconf 88' lang='lat' dir='ltr'><strong>certe</strong></span> <span class='ocrx_word' id='word_1_251' title='bbox 855 2058 1034 2112; x_wconf 88' lang='lat' dir='ltr'><strong>Patris</strong></span> <span class='ocrx_word' id='word_1_252' title='bbox 1056 2071 1275 2126; x_wconf 87' lang='lat' dir='ltr'><strong>quoque</strong></span> <span class='ocrx_word' id='word_1_253' title='bbox 1304 2056 1674 2125; x_wconf 58' lang='lat' dir='ltr'><strong>Spiritusest.</strong></span> <span class='ocrx_word' id='word_1_254' title='bbox 1712 2057 1922 2123; x_wconf 81' lang='lat' dir='ltr'><strong>Quibus</strong></span> 
     </span>
    </p>
   </div>
   <div class='ocr_carea' id='block_1_36' title="bbox 348 2147 1923 2220">
    <p class='ocr_par' dir='ltr' id='par_1_36' title="bbox 348 2147 1923 2220">
     <span class='ocr_line' id='line_1_36' title="bbox 348 2147 1923 2220; baseline -0.001 -18"><span class='ocrx_word' id='word_1_255' title='bbox 348 2159 531 2204; x_wconf 87' lang='lat' dir='ltr'><strong>autem</strong></span> <span class='ocrx_word' id='word_1_256' title='bbox 567 2148 806 2220; x_wconf 85' lang='lat' dir='ltr'><strong>Spiritus</strong></span> <span class='ocrx_word' id='word_1_257' title='bbox 839 2149 1147 2204; x_wconf 87' lang='lat' dir='ltr'><strong>communis</strong></span> <span class='ocrx_word' id='word_1_258' title='bbox 1172 2157 1276 2212; x_wconf 80' lang='lat' dir='ltr'><strong>est,</strong></span> <span class='ocrx_word' id='word_1_259' title='bbox 1309 2149 1344 2201; x_wconf 90' lang='lat' dir='ltr'><strong>ii</strong></span> <span class='ocrx_word' id='word_1_260' title='bbox 1379 2147 1623 2218; x_wconf 82' lang='lat' dir='ltr'><strong>profecto</strong></span> <span class='ocrx_word' id='word_1_261' title='bbox 1664 2150 1923 2203; x_wconf 83' lang='lat' dir='ltr'><strong>substan-</strong></span> 
     </span>
    </p>
   </div>
   <div class='ocr_carea' id='block_1_37' title="bbox 350 2237 1924 2311">
    <p class='ocr_par' dir='ltr' id='par_1_37' title="bbox 350 2237 1924 2311">
     <span class='ocr_line' id='line_1_37' title="bbox 350 2237 1924 2311; baseline -0.005 -10"><span class='ocrx_word' id='word_1_262' title='bbox 350 2243 552 2301; x_wconf 83' lang='lat' dir='ltr'><strong>tialiter</strong></span> <span class='ocrx_word' id='word_1_263' title='bbox 587 2241 921 2311; x_wconf 88' lang='lat' dir='ltr'><strong>disseparari</strong></span> <span class='ocrx_word' id='word_1_264' title='bbox 971 2254 1080 2294; x_wconf 92' lang='lat' dir='ltr'><strong>non</strong></span> <span class='ocrx_word' id='word_1_265' title='bbox 1135 2247 1385 2309; x_wconf 88' lang='lat' dir='ltr'><strong>possunt.</strong></span> <span class='ocrx_word' id='word_1_266' title='bbox 1426 2237 1599 2293; x_wconf 83' lang='lat' dir='ltr'><strong>Nemo</strong></span> <span class='ocrx_word' id='word_1_267' title='bbox 1643 2239 1793 2294; x_wconf 90' lang='lat' dir='ltr'><strong>enim</strong></span> <span class='ocrx_word' id='word_1_268' title='bbox 1826 2240 1924 2293; x_wconf 89' lang='lat' dir='ltr'><strong>im-</strong></span> 
     </span>
    </p>
   </div>
   <div class='ocr_carea' id='block_1_38' title="bbox 349 2326 1924 2398">
    <p class='ocr_par' dir='ltr' id='par_1_38' title="bbox 349 2326 1924 2398">
     <span class='ocr_line' id='line_1_38' title="bbox 349 2326 1924 2398; baseline 0.001 -17"><span class='ocrx_word' id='word_1_269' title='bbox 349 2330 563 2398; x_wconf 87' lang='lat' dir='ltr'><strong>piorum</strong></span> <span class='ocrx_word' id='word_1_270' title='bbox 596 2344 694 2382; x_wconf 90' lang='lat' dir='ltr'><strong>nos</strong></span> <span class='ocrx_word' id='word_1_271' title='bbox 720 2328 795 2382; x_wconf 80' lang='lat' dir='ltr'><strong>ad</strong></span> <span class='ocrx_word' id='word_1_272' title='bbox 823 2343 908 2391; x_wconf 90' lang='lat' dir='ltr'><strong>ea,</strong></span> <span class='ocrx_word' id='word_1_273' title='bbox 939 2342 1061 2397; x_wconf 76' lang='lat' dir='ltr'><strong>qua:</strong></span> <span class='ocrx_word' id='word_1_274' title='bbox 1096 2327 1398 2397; x_wconf 82' lang='lat' dir='ltr'><strong>intelligere</strong></span> <span class='ocrx_word' id='word_1_275' title='bbox 1430 2326 1582 2382; x_wconf 81' lang='lat' dir='ltr'><strong>nefas</strong></span> <span class='ocrx_word' id='word_1_276' title='bbox 1613 2336 1717 2393; x_wconf 88' lang='lat' dir='ltr'><strong>est,</strong></span> <span class='ocrx_word' id='word_1_277' title='bbox 1748 2328 1924 2382; x_wconf 81' lang='lat' dir='ltr'><strong>verbis</strong></span> 
     </span>
    </p>
   </div>
   <div class='ocr_carea' id='block_1_39' title="bbox 348 2421 1921 2493">
    <p class='ocr_par' dir='ltr' id='par_1_39' title="bbox 348 2421 1921 2493">
     <span class='ocr_line' id='line_1_39' title="bbox 348 2421 1921 2493; baseline -0.001 -15"><span class='ocrx_word' id='word_1_278' title='bbox 348 2427 464 2479; x_wconf 89' lang='lat' dir='ltr'><strong>suis</strong></span> <span class='ocrx_word' id='word_1_279' title='bbox 520 2425 795 2493; x_wconf 86' lang='lat' dir='ltr'><strong>impellere</strong></span> <span class='ocrx_word' id='word_1_280' title='bbox 846 2432 1095 2479; x_wconf 87' lang='lat' dir='ltr'><strong>conetur.</strong></span> <span class='ocrx_word' id='word_1_281' title='bbox 1150 2421 1343 2487; x_wconf 86' lang='lat' dir='ltr'><strong>Nemo,</strong></span> <span class='ocrx_word' id='word_1_282' title='bbox 1389 2423 1632 2493; x_wconf 82' lang='lat' dir='ltr'><strong>inquam,</strong></span> <span class='ocrx_word' id='word_1_283' title='bbox 1673 2422 1921 2492; x_wconf 88' lang='lat' dir='ltr'><strong>spiritum</strong></span> 
     </span>
    </p>
   </div>
   <div class='ocr_carea' id='block_1_40' title="bbox 351 2514 1928 2587">
    <p class='ocr_par' dir='ltr' id='par_1_40' title="bbox 351 2514 1928 2587">
     <span class='ocr_line' id='line_1_40' title="bbox 351 2514 1928 2587; baseline -0.001 -16"><span class='ocrx_word' id='word_1_284' title='bbox 351 2519 526 2574; x_wconf 81' lang='lat' dir='ltr'><strong>Patris</strong></span> <span class='ocrx_word' id='word_1_285' title='bbox 547 2535 638 2587; x_wconf 87' lang='lat' dir='ltr'><strong>per</strong></span> <span class='ocrx_word' id='word_1_286' title='bbox 667 2518 863 2574; x_wconf 87' lang='lat' dir='ltr'><strong>Filium</strong></span> <span class='ocrx_word' id='word_1_287' title='bbox 888 2527 947 2571; x_wconf 92' lang='lat' dir='ltr'><strong>ut</strong></span> <span class='ocrx_word' id='word_1_288' title='bbox 978 2532 1082 2587; x_wconf 88' lang='lat' dir='ltr'><strong>per</strong></span> <span class='ocrx_word' id='word_1_289' title='bbox 1108 2516 1412 2571; x_wconf 74' lang='lat' dir='ltr'><strong>miniStrum</strong></span> <span class='ocrx_word' id='word_1_290' title='bbox 1448 2517 1588 2569; x_wconf 89' lang='lat' dir='ltr'><strong>mitti</strong></span> <span class='ocrx_word' id='word_1_291' title='bbox 1621 2514 1685 2569; x_wconf 85' lang='lat' dir='ltr'><strong>ad</strong></span> <span class='ocrx_word' id='word_1_292' title='bbox 1714 2527 1928 2569; x_wconf 55' lang='lat' dir='ltr'><strong>creatuo</strong></span> 
     </span>
    </p>
   </div>
   <div class='ocr_carea' id='block_1_41' title="bbox 273 2606 1925 2666">
    <p class='ocr_par' dir='ltr' id='par_1_41' title="bbox 273 2606 1925 2666">
     <span class='ocr_line' id='line_1_41' title="bbox 273 2606 1925 2666; baseline -0.001 -6"><span class='ocrx_word' id='word_1_293' title='bbox 273 2654 283 2660; x_wconf 88' lang='lat'>.</span> <span class='ocrx_word' id='word_1_294' title='bbox 353 2628 443 2666; x_wconf 84' lang='lat' dir='ltr'><strong>ras</strong></span> <span class='ocrx_word' id='word_1_295' title='bbox 472 2613 678 2665; x_wconf 66' lang='lat' dir='ltr'><strong>credat.</strong></span> <span class='ocrx_word' id='word_1_296' title='bbox 712 2609 844 2663; x_wconf 77' lang='lat' dir='ltr'><strong>Nam</strong></span> <span class='ocrx_word' id='word_1_297' title='bbox 868 2611 1031 2664; x_wconf 85' lang='lat' dir='ltr'><strong>etiam</strong></span> <span class='ocrx_word' id='word_1_298' title='bbox 1059 2610 1112 2662; x_wconf 92' lang='lat' dir='ltr'><strong>id</strong></span> <span class='ocrx_word' id='word_1_299' title='bbox 1146 2608 1391 2663; x_wconf 89' lang='lat' dir='ltr'><strong>nonnulli</strong></span> <span class='ocrx_word' id='word_1_300' title='bbox 1417 2607 1602 2661; x_wconf 86' lang='lat' dir='ltr'><strong>dicere</strong></span> <span class='ocrx_word' id='word_1_301' title='bbox 1629 2606 1789 2660; x_wconf 86' lang='lat' dir='ltr'><strong>veriti</strong></span> <span class='ocrx_word' id='word_1_302' title='bbox 1816 2621 1925 2660; x_wconf 90' lang='lat' dir='ltr'><strong>non</strong></span> 
     </span>
    </p>
   </div>
   <div class='ocr_carea' id='block_1_42' title="bbox 353 2696 1927 2771">
    <p class='ocr_par' dir='ltr' id='par_1_42' title="bbox 353 2696 1927 2771">
     <span class='ocr_line' id='line_1_42' title="bbox 353 2696 1927 2771; baseline -0.004 -15"><span class='ocrx_word' id='word_1_303' title='bbox 353 2711 502 2756; x_wconf 83' lang='lat' dir='ltr'><strong>sunt.</strong></span> <span class='ocrx_word' id='word_1_304' title='bbox 555 2701 660 2755; x_wconf 83' lang='lat' dir='ltr'><strong>Sed</strong></span> <span class='ocrx_word' id='word_1_305' title='bbox 724 2701 907 2771; x_wconf 83' lang='lat' dir='ltr'><strong>potius</strong></span> <span class='ocrx_word' id='word_1_306' title='bbox 959 2700 1088 2755; x_wconf 88' lang='lat' dir='ltr'><strong>inde</strong></span> <span class='ocrx_word' id='word_1_307' title='bbox 1130 2699 1469 2753; x_wconf 83' lang='lat' dir='ltr'><strong>credendum</strong></span> <span class='ocrx_word' id='word_1_308' title='bbox 1526 2706 1631 2761; x_wconf 87' lang='lat' dir='ltr'><strong>est,</strong></span> <span class='ocrx_word' id='word_1_309' title='bbox 1667 2696 1927 2765; x_wconf 82' lang='lat' dir='ltr'><strong>quoniam</strong></span> 
     </span>
    </p>
   </div>
   <div class='ocr_carea' id='block_1_43' title="bbox 352 2787 1928 2863">
    <p class='ocr_par' dir='ltr' id='par_1_43' title="bbox 352 2787 1928 2863">
     <span class='ocr_line' id='line_1_43' title="bbox 352 2787 1928 2863; baseline -0.002 -17"><span class='ocrx_word' id='word_1_310' title='bbox 352 2794 588 2863; x_wconf 78' lang='lat' dir='ltr'><strong>Spiritus</strong></span> <span class='ocrx_word' id='word_1_311' title='bbox 634 2796 713 2847; x_wconf 79' lang='lat' dir='ltr'><strong>sic</strong></span> <span class='ocrx_word' id='word_1_312' title='bbox 770 2790 1023 2862; x_wconf 66' lang='lat' dir='ltr'><strong>proprius</strong></span> <span class='ocrx_word' id='word_1_313' title='bbox 1059 2787 1179 2842; x_wconf 79' lang='lat' dir='ltr'><strong>Filii</strong></span> <span class='ocrx_word' id='word_1_314' title='bbox 1216 2800 1320 2853; x_wconf 72' lang='lat' dir='ltr'><strong>est,</strong></span> <span class='ocrx_word' id='word_1_315' title='bbox 1383 2791 1526 2843; x_wconf 88' lang='lat' dir='ltr'><strong>sicut</strong></span> <span class='ocrx_word' id='word_1_316' title='bbox 1581 2804 1715 2843; x_wconf 91' lang='lat' dir='ltr'><strong>sane</strong></span> <span class='ocrx_word' id='word_1_317' title='bbox 1758 2789 1928 2858; x_wconf 81' lang='lat' dir='ltr'><strong>ipsius</strong></span> 
     </span>
    </p>
   </div>
   <div class='ocr_carea' id='block_1_44' title="bbox 353 2877 1929 2950">
    <p class='ocr_par' dir='ltr' id='par_1_44' title="bbox 353 2877 1929 2950">
     <span class='ocr_line' id='line_1_44' title="bbox 353 2877 1929 2950; baseline -0.001 -18"><span class='ocrx_word' id='word_1_318' title='bbox 353 2896 572 2950; x_wconf 83' lang='lat' dir='ltr'><strong>quoque</strong></span> <span class='ocrx_word' id='word_1_319' title='bbox 610 2880 699 2933; x_wconf 80' lang='lat' dir='ltr'><strong>Dei</strong></span> <span class='ocrx_word' id='word_1_320' title='bbox 734 2880 935 2943; x_wconf 79' lang='lat' dir='ltr'><strong>Patris,</strong></span> <span class='ocrx_word' id='word_1_321' title='bbox 985 2880 1189 2933; x_wconf 88' lang='lat' dir='ltr'><strong>idcirco</strong></span> <span class='ocrx_word' id='word_1_322' title='bbox 1221 2879 1286 2931; x_wconf 91' lang='lat' dir='ltr'><strong>ad</strong></span> <span class='ocrx_word' id='word_1_323' title='bbox 1345 2877 1769 2932; x_wconf 78' lang='lat' dir='ltr'><strong>sanctilicandos</strong></span> <span class='ocrx_word' id='word_1_324' title='bbox 1799 2892 1929 2931; x_wconf 90' lang='lat' dir='ltr'><strong>suos</strong></span> 
     </span>
    </p>
   </div>
   <div class='ocr_carea' id='block_1_45' title="bbox 355 2967 1928 3039">
    <p class='ocr_par' dir='ltr' id='par_1_45' title="bbox 355 2967 1928 3039">
     <span class='ocr_line' id='line_1_45' title="bbox 355 2967 1928 3039; baseline -0.003 -13"><span class='ocrx_word' id='word_1_325' title='bbox 355 2982 576 3027; x_wconf 85' lang='lat' dir='ltr'><strong>sanctos</strong></span> <span class='ocrx_word' id='word_1_326' title='bbox 611 2971 911 3039; x_wconf 81' lang='lat' dir='ltr'><strong>discipulOS</strong></span> <span class='ocrx_word' id='word_1_327' title='bbox 942 2970 1010 3023; x_wconf 88' lang='lat' dir='ltr'><strong>ab</strong></span> <span class='ocrx_word' id='word_1_328' title='bbox 1065 2984 1132 3023; x_wconf 87' lang='lat' dir='ltr'><strong>eo</strong></span> <span class='ocrx_word' id='word_1_329' title='bbox 1179 2969 1337 3022; x_wconf 86' lang='lat' dir='ltr'><strong>mitti.</strong></span> <span class='ocrx_word' id='word_1_330' title='bbox 1378 2967 1434 3021; x_wconf 90' lang='lat' dir='ltr'><strong>Si</strong></span> <span class='ocrx_word' id='word_1_331' title='bbox 1470 2982 1595 3021; x_wconf 82' lang='lat' dir='ltr'><strong>vero</strong></span> <span class='ocrx_word' id='word_1_332' title='bbox 1628 2982 1738 3020; x_wconf 89' lang='lat' dir='ltr'><strong>non</strong></span> <span class='ocrx_word' id='word_1_333' title='bbox 1790 2983 1928 3022; x_wconf 90' lang='lat' dir='ltr'><strong>eru—</strong></span> 
     </span>
    </p>
   </div>
   <div class='ocr_carea' id='block_1_46' title="bbox 356 3058 1931 3132">
    <p class='ocr_par' dir='ltr' id='par_1_46' title="bbox 356 3058 1931 3132">
     <span class='ocr_line' id='line_1_46' title="bbox 356 3058 1931 3132; baseline -0.004 -13"><span class='ocrx_word' id='word_1_334' title='bbox 356 3067 585 3119; x_wconf 87' lang='lat' dir='ltr'><strong>bescunt</strong></span> <span class='ocrx_word' id='word_1_335' title='bbox 611 3064 793 3132; x_wconf 86' lang='lat' dir='ltr'><strong>aliquo</strong></span> <span class='ocrx_word' id='word_1_336' title='bbox 820 3063 984 3115; x_wconf 86' lang='lat' dir='ltr'><strong>modo</strong></span> <span class='ocrx_word' id='word_1_337' title='bbox 1025 3069 1080 3115; x_wconf 89' lang='lat' dir='ltr'><strong>et</strong></span> <span class='ocrx_word' id='word_1_338' title='bbox 1106 3062 1367 3115; x_wconf 74' lang='lat' dir='ltr'><strong>audacter</strong></span> <span class='ocrx_word' id='word_1_339' title='bbox 1402 3059 1606 3113; x_wconf 86' lang='lat' dir='ltr'><strong>audent</strong></span> <span class='ocrx_word' id='word_1_340' title='bbox 1636 3058 1931 3127; x_wconf 78' lang='lat' dir='ltr'><strong>intelligere</strong></span> 
     </span>
    </p>
   </div>
   <div class='ocr_carea' id='block_1_47' title="bbox 354 3149 1929 3217">
    <p class='ocr_par' dir='ltr' id='par_1_47' title="bbox 354 3149 1929 3217">
     <span class='ocr_line' id='line_1_47' title="bbox 354 3149 1929 3217; baseline -0.003 -9"><span class='ocrx_word' id='word_1_341' title='bbox 354 3165 407 3209; x_wconf 91' lang='lat' dir='ltr'><strong>et</strong></span> <span class='ocrx_word' id='word_1_342' title='bbox 437 3154 745 3217; x_wconf 87' lang='lat' dir='ltr'><strong>enuntiare,</strong></span> <span class='ocrx_word' id='word_1_343' title='bbox 781 3153 1092 3207; x_wconf 90' lang='lat' dir='ltr'><strong>ministrum</strong></span> <span class='ocrx_word' id='word_1_344' title='bbox 1127 3151 1282 3206; x_wconf 89' lang='lat' dir='ltr'><strong>nobis</strong></span> <span class='ocrx_word' id='word_1_345' title='bbox 1323 3160 1375 3203; x_wconf 87' lang='lat' dir='ltr'><strong>et</strong></span> <span class='ocrx_word' id='word_1_346' title='bbox 1408 3165 1624 3204; x_wconf 89' lang='lat' dir='ltr'><strong>servum</strong></span> <span class='ocrx_word' id='word_1_347' title='bbox 1681 3149 1929 3203; x_wconf 85' lang='lat' dir='ltr'><strong>mittendi</strong></span> 
     </span>
    </p>
   </div>
   <div class='ocr_carea' id='block_1_48' title="bbox 359 3216 2000 3312">
    <p class='ocr_par' dir='ltr' id='par_1_48' title="bbox 359 3216 2000 3312">
     <span class='ocr_line' id='line_1_48' title="bbox 359 3216 2000 3312; baseline -0.002 -15"><span class='ocrx_word' id='word_1_348' title='bbox 359 3245 618 3312; x_wconf 79' lang='lat' dir='ltr'><strong>Spit-itum</strong></span> <span class='ocrx_word' id='word_1_349' title='bbox 654 3241 847 3297; x_wconf 77' lang='lat' dir='ltr'><strong>Filium</strong></span> <span class='ocrx_word' id='word_1_350' title='bbox 883 3258 913 3295; x_wconf 92' lang='lat' dir='ltr'><strong>a</strong></span> <span class='ocrx_word' id='word_1_351' title='bbox 949 3242 1126 3305; x_wconf 82' lang='lat' dir='ltr'><strong>l’atre,</strong></span> <span class='ocrx_word' id='word_1_352' title='bbox 1172 3256 1277 3294; x_wconf 89' lang='lat' dir='ltr'><strong>non</strong></span> <span class='ocrx_word' id='word_1_353' title='bbox 1322 3242 1428 3293; x_wconf 86' lang='lat' dir='ltr'><strong>crit</strong></span> <span class='ocrx_word' id='word_1_354' title='bbox 1465 3242 1826 3309; x_wconf 80' lang='lat' dir='ltr'><strong>incongruum</strong></span> <span class='ocrx_word' id='word_1_355' title='bbox 1860 3239 1929 3293; x_wconf 89' lang='lat' dir='ltr'><strong>ad</strong></span> <span class='ocrx_word' id='word_1_356' title='bbox 1956 3216 2000 3275; x_wconf 60' lang='grc' dir='ltr'><strong>(ἶ</strong></span> 
     </span>
    </p>
   </div>
   <div class='ocr_carea' id='block_1_49' title="bbox 357 3332 1927 3400">
    <p class='ocr_par' dir='ltr' id='par_1_49' title="bbox 357 3332 1927 3400">
     <span class='ocr_line' id='line_1_49' title="bbox 357 3332 1927 3400; baseline -0.003 -11"><span class='ocrx_word' id='word_1_357' title='bbox 357 3353 451 3390; x_wconf 85' lang='lat' dir='ltr'><strong>eos</strong></span> <span class='ocrx_word' id='word_1_358' title='bbox 478 3336 659 3389; x_wconf 82' lang='lat' dir='ltr'><strong>dicere</strong></span> <span class='ocrx_word' id='word_1_359' title='bbox 691 3351 706 3388; x_wconf 86' lang='lat'><strong>:</strong></span> <span class='ocrx_word' id='word_1_360' title='bbox 740 3335 894 3388; x_wconf 86' lang='lat' dir='ltr'><strong>Fatui</strong></span> <span class='ocrx_word' id='word_1_361' title='bbox 924 3342 977 3389; x_wconf 89' lang='lat' dir='ltr'><strong>et</strong></span> <span class='ocrx_word' id='word_1_362' title='bbox 1011 3333 1139 3387; x_wconf 64' lang='lat' dir='ltr'><strong>caeci</strong></span> <span class='ocrx_word' id='word_1_363' title='bbox 1174 3346 1281 3385; x_wconf 88' lang='lat' dir='ltr'><strong>non</strong></span> <span class='ocrx_word' id='word_1_364' title='bbox 1318 3333 1535 3386; x_wconf 86' lang='lat' dir='ltr'><strong>sentitis</strong></span> <span class='ocrx_word' id='word_1_365' title='bbox 1568 3332 1636 3384; x_wconf 88' lang='lat' dir='ltr'><strong>ad</strong></span> <span class='ocrx_word' id='word_1_366' title='bbox 1679 3346 1927 3400; x_wconf 77' lang='lat' dir='ltr'><strong>quamam</strong></span> 
     </span>
    </p>
   </div>
   <div class='ocr_carea' id='block_1_50' title="bbox 340 3425 1932 3497">
    <p class='ocr_par' dir='ltr' id='par_1_50' title="bbox 340 3425 1932 3497">
     <span class='ocr_line' id='line_1_50' title="bbox 340 3425 1932 3497; baseline 0.003 -20"><span class='ocrx_word' id='word_1_367' title='bbox 340 3428 662 3497; x_wconf 24' lang='lat' dir='ltr'><strong>cprrecipitia</strong></span> <span class='ocrx_word' id='word_1_368' title='bbox 713 3427 894 3490; x_wconf 87' lang='lat' dir='ltr'><strong>ruitis,</strong></span> <span class='ocrx_word' id='word_1_369' title='bbox 923 3426 1197 3495; x_wconf 61' lang='lat' dir='ltr'><strong>L‘nigeniti</strong></span> <span class='ocrx_word' id='word_1_370' title='bbox 1245 3425 1466 3493; x_wconf 72' lang='lat' dir='ltr'><strong>gloriam</strong></span> <span class='ocrx_word' id='word_1_371' title='bbox 1499 3425 1823 3493; x_wconf 75' lang='lat' dir='ltr'><strong>minue-lites,</strong></span> <span class='ocrx_word' id='word_1_372' title='bbox 1874 3435 1932 3481; x_wconf 84' lang='lat' dir='ltr'><strong>et</strong></span> 
     </span>
    </p>
   </div>
   <div class='ocr_carea' id='block_1_51' title="bbox 371 3517 1927 3588">
    <p class='ocr_par' dir='ltr' id='par_1_51' title="bbox 371 3517 1927 3588">
     <span class='ocr_line' id='line_1_51' title="bbox 371 3517 1927 3588; baseline 0.001 -16"><span class='ocrx_word' id='word_1_373' title='bbox 371 3521 599 3573; x_wconf 86' lang='lat' dir='ltr'><strong>lrivolas</strong></span> <span class='ocrx_word' id='word_1_374' title='bbox 649 3522 888 3573; x_wconf 81' lang='lat' dir='ltr'><strong>rationes</strong></span> <span class='ocrx_word' id='word_1_375' title='bbox 921 3533 1015 3588; x_wconf 87' lang='lat' dir='ltr'><strong>per</strong></span> <span class='ocrx_word' id='word_1_376' title='bbox 1047 3517 1378 3586; x_wconf 81' lang='lat' dir='ltr'><strong>imperitiam</strong></span> <span class='ocrx_word' id='word_1_377' title='bbox 1420 3520 1829 3588; x_wconf 77' lang='lat' dir='ltr'><strong>excogitantes?</strong></span> <span class='ocrx_word' id='word_1_378' title='bbox 1871 3518 1927 3573; x_wconf 91' lang='lat' dir='ltr'><strong>Si</strong></span> 
     </span>
    </p>
   </div>
   <div class='ocr_carea' id='block_1_52' title="bbox 359 3607 1932 3679">
    <p class='ocr_par' dir='ltr' id='par_1_52' title="bbox 359 3607 1932 3679">
     <span class='ocr_line' id='line_1_52' title="bbox 359 3607 1932 3679; baseline 0.003 -18"><span class='ocrx_word' id='word_1_379' title='bbox 359 3612 504 3663; x_wconf 87' lang='lat' dir='ltr'><strong>enim</strong></span> <span class='ocrx_word' id='word_1_380' title='bbox 542 3611 593 3662; x_wconf 92' lang='lat' dir='ltr'><strong>in</strong></span> <span class='ocrx_word' id='word_1_381' title='bbox 649 3611 884 3665; x_wconf 77' lang='lat' dir='ltr'><strong>ministri</strong></span> <span class='ocrx_word' id='word_1_382' title='bbox 923 3611 1041 3663; x_wconf 91' lang='lat' dir='ltr'><strong>loco</strong></span> <span class='ocrx_word' id='word_1_383' title='bbox 1070 3609 1364 3665; x_wconf 89' lang='lat' dir='ltr'><strong>collocatus</strong></span> <span class='ocrx_word' id='word_1_384' title='bbox 1402 3609 1661 3679; x_wconf 88' lang='lat' dir='ltr'><strong>Spiritum</strong></span> <span class='ocrx_word' id='word_1_385' title='bbox 1693 3625 1721 3663; x_wconf 91' lang='lat' dir='ltr'><strong>a</strong></span> <span class='ocrx_word' id='word_1_386' title='bbox 1772 3607 1932 3665; x_wconf 89' lang='lat' dir='ltr'><strong>Patre</strong></span> 
     </span>
    </p>
   </div>
   <div class='ocr_carea' id='block_1_53' title="bbox 361 3697 1928 3769">
    <p class='ocr_par' dir='ltr' id='par_1_53' title="bbox 361 3697 1928 3769">
     <span class='ocr_line' id='line_1_53' title="bbox 361 3697 1928 3769; baseline -0.001 -18"><span class='ocrx_word' id='word_1_387' title='bbox 361 3697 533 3753; x_wconf 80' lang='lat' dir='ltr'><strong>Filius</strong></span> <span class='ocrx_word' id='word_1_388' title='bbox 563 3700 814 3769; x_wconf 80' lang='lat' dir='ltr'><strong>largitur,</strong></span> <span class='ocrx_word' id='word_1_389' title='bbox 850 3700 1129 3769; x_wconf 81' lang='lat' dir='ltr'><strong>quomodo</strong></span> <span class='ocrx_word' id='word_1_390' title='bbox 1157 3716 1266 3754; x_wconf 80' lang='lat' dir='ltr'><strong>non</strong></span> <span class='ocrx_word' id='word_1_391' title='bbox 1296 3699 1401 3752; x_wconf 89' lang='lat' dir='ltr'><strong>erit</strong></span> <span class='ocrx_word' id='word_1_392' title='bbox 1432 3713 1656 3753; x_wconf 77' lang='lat' dir='ltr'><strong>necesse</strong></span> <span class='ocrx_word' id='word_1_393' title='bbox 1690 3699 1928 3752; x_wconf 86' lang='lat' dir='ltr'><strong>alienum</strong></span> 
     </span>
    </p>
   </div>
   <div class='ocr_carea' id='block_1_54' title="bbox 363 3788 1934 3860">
    <p class='ocr_par' dir='ltr' id='par_1_54' title="bbox 363 3788 1934 3860">
     <span class='ocr_line' id='line_1_54' title="bbox 363 3788 1934 3860; baseline -0.003 -14"><span class='ocrx_word' id='word_1_394' title='bbox 363 3804 588 3859; x_wconf 77' lang='lat' dir='ltr'><strong>prorsus</strong></span> <span class='ocrx_word' id='word_1_395' title='bbox 645 3808 677 3843; x_wconf 73' lang='grc' dir='ltr'><strong>ιι</strong></span> <span class='ocrx_word' id='word_1_396' title='bbox 723 3790 1029 3847; x_wconf 80' lang='lat' dir='ltr'><strong>substantia</strong></span> <span class='ocrx_word' id='word_1_397' title='bbox 1052 3788 1185 3845; x_wconf 73' lang='lat' dir='ltr'><strong>Filii</strong></span> <span class='ocrx_word' id='word_1_398' title='bbox 1247 3788 1511 3860; x_wconf 82' lang='lat' dir='ltr'><strong>Spiritum</strong></span> <span class='ocrx_word' id='word_1_399' title='bbox 1557 3790 1828 3852; x_wconf 88' lang='lat' dir='ltr'><strong>conliteri,</strong></span> <span class='ocrx_word' id='word_1_400' title='bbox 1879 3798 1934 3842; x_wconf 87' lang='lat' dir='ltr'><strong>et</strong></span> 
     </span>
    </p>
   </div>
   <div class='ocr_carea' id='block_1_55' title="bbox 362 3880 1932 3952">
    <p class='ocr_par' dir='ltr' id='par_1_55' title="bbox 362 3880 1932 3952">
     <span class='ocr_line' id='line_1_55' title="bbox 362 3880 1932 3952; baseline -0.001 -17"><span class='ocrx_word' id='word_1_401' title='bbox 362 3894 501 3939; x_wconf 67' lang='lat' dir='ltr'><strong>tox-te</strong></span> <span class='ocrx_word' id='word_1_402' title='bbox 528 3887 692 3938; x_wconf 72' lang='lat' dir='ltr'><strong>etiam</strong></span> <span class='ocrx_word' id='word_1_403' title='bbox 726 3884 846 3952; x_wconf 90' lang='lat' dir='ltr'><strong>ipso</strong></span> <span class='ocrx_word' id='word_1_404' title='bbox 893 3894 946 3937; x_wconf 89' lang='lat' dir='ltr'><strong>et</strong></span> <span class='ocrx_word' id='word_1_405' title='bbox 982 3882 1168 3936; x_wconf 89' lang='lat' dir='ltr'><strong>multis</strong></span> <span class='ocrx_word' id='word_1_406' title='bbox 1208 3880 1531 3951; x_wconf 72' lang='lat' dir='ltr'><strong>parasangis</strong></span> <span class='ocrx_word' id='word_1_407' title='bbox 1581 3882 1932 3949; x_wconf 71' lang='lat' dir='ltr'><strong>przestantio-</strong></span> 
     </span>
    </p>
   </div>
   <div class='ocr_carea' id='block_1_56' title="bbox 363 3969 1934 4042">
    <p class='ocr_par' dir='ltr' id='par_1_56' title="bbox 363 3969 1934 4042">
     <span class='ocr_line' id='line_1_56' title="bbox 363 3969 1934 4042; baseline -0.003 -13"><span class='ocrx_word' id='word_1_408' title='bbox 363 3992 500 4038; x_wconf 77' lang='lat' dir='ltr'><strong>rem,</strong></span> <span class='ocrx_word' id='word_1_409' title='bbox 523 3976 570 4029; x_wconf 89' lang='lat' dir='ltr'><strong>si</strong></span> <span class='ocrx_word' id='word_1_410' title='bbox 601 3983 796 4029; x_wconf 78' lang='lat' dir='ltr'><strong>vestrae</strong></span> <span class='ocrx_word' id='word_1_411' title='bbox 825 3974 1121 4042; x_wconf 81' lang='lat' dir='ltr'><strong>imperitia:-</strong></span> <span class='ocrx_word' id='word_1_412' title='bbox 1160 3974 1340 4028; x_wconf 89' lang='lat' dir='ltr'><strong>locum</strong></span> <span class='ocrx_word' id='word_1_413' title='bbox 1368 3972 1604 4027; x_wconf 78' lang='lat' dir='ltr'><strong>demus?</strong></span> <span class='ocrx_word' id='word_1_414' title='bbox 1632 3969 1767 4024; x_wconf 87' lang='lat' dir='ltr'><strong>Nam</strong></span> <span class='ocrx_word' id='word_1_415' title='bbox 1790 3972 1836 4026; x_wconf 90' lang='lat' dir='ltr'><strong>si</strong></span> <span class='ocrx_word' id='word_1_416' title='bbox 1867 3985 1934 4025; x_wconf 77' lang='lat' dir='ltr'><strong>ex</strong></span> 
     </span>
    </p>
   </div>
   <div class='ocr_carea' id='block_1_57' title="bbox 366 4061 1933 4131">
    <p class='ocr_par' dir='ltr' id='par_1_57' title="bbox 366 4061 1933 4131">
     <span class='ocr_line' id='line_1_57' title="bbox 366 4061 1933 4131; baseline -0.002 -14"><span class='ocrx_word' id='word_1_417' title='bbox 366 4069 548 4131; x_wconf 76' lang='lat' dir='ltr'><strong>Patre,</strong></span> <span class='ocrx_word' id='word_1_418' title='bbox 584 4066 636 4119; x_wconf 90' lang='lat' dir='ltr'><strong>id</strong></span> <span class='ocrx_word' id='word_1_419' title='bbox 661 4073 745 4119; x_wconf 87' lang='lat' dir='ltr'><strong>est</strong></span> <span class='ocrx_word' id='word_1_420' title='bbox 776 4080 841 4118; x_wconf 74' lang='lat' dir='ltr'><strong>ex</strong></span> <span class='ocrx_word' id='word_1_421' title='bbox 876 4063 1183 4119; x_wconf 85' lang='lat' dir='ltr'><strong>substantia</strong></span> <span class='ocrx_word' id='word_1_422' title='bbox 1220 4062 1400 4117; x_wconf 89' lang='lat' dir='ltr'><strong>Patris</strong></span> <span class='ocrx_word' id='word_1_423' title='bbox 1426 4061 1605 4118; x_wconf 79' lang='lat' dir='ltr'><strong>Filius</strong></span> <span class='ocrx_word' id='word_1_424' title='bbox 1631 4062 1933 4117; x_wconf 88' lang='lat' dir='ltr'><strong>secundum</strong></span> 
     </span>
    </p>
   </div>
   <div class='ocr_carea' id='block_1_58' title="bbox 364 4152 1934 4227">
    <p class='ocr_par' dir='ltr' id='par_1_58' title="bbox 364 4152 1934 4227">
     <span class='ocr_line' id='line_1_58' title="bbox 364 4152 1934 4227; baseline -0.003 -15"><span class='ocrx_word' id='word_1_425' title='bbox 364 4174 461 4213; x_wconf 85' lang='lat' dir='ltr'><strong>vos</strong></span> <span class='ocrx_word' id='word_1_426' title='bbox 519 4172 624 4210; x_wconf 89' lang='lat' dir='ltr'><strong>non</strong></span> <span class='ocrx_word' id='word_1_427' title='bbox 658 4156 923 4227; x_wconf 86' lang='lat' dir='ltr'><strong>procedit,</strong></span> <span class='ocrx_word' id='word_1_428' title='bbox 954 4157 1231 4225; x_wconf 86' lang='lat' dir='ltr'><strong>quomodo</strong></span> <span class='ocrx_word' id='word_1_429' title='bbox 1267 4152 1506 4225; x_wconf 86' lang='lat' dir='ltr'><strong>Spiritus</strong></span> <span class='ocrx_word' id='word_1_430' title='bbox 1539 4170 1707 4224; x_wconf 86' lang='lat' dir='ltr'><strong>supra</strong></span> <span class='ocrx_word' id='word_1_431' title='bbox 1733 4152 1934 4208; x_wconf 84' lang='lat' dir='ltr'><strong>Filium</strong></span> 
     </span>
    </p>
   </div>
   <div class='ocr_carea' id='block_1_59' title="bbox 366 4244 1935 4315">
    <p class='ocr_par' dir='ltr' id='par_1_59' title="bbox 366 4244 1935 4315">
     <span class='ocr_line' id='line_1_59' title="bbox 366 4244 1935 4315; baseline -0.002 -13"><span class='ocrx_word' id='word_1_432' title='bbox 366 4251 422 4302; x_wconf 89' lang='lat' dir='ltr'><strong>in</strong></span> <span class='ocrx_word' id='word_1_433' title='bbox 449 4249 570 4302; x_wconf 77' lang='lat' dir='ltr'><strong>loco</strong></span> <span class='ocrx_word' id='word_1_434' title='bbox 596 4247 888 4301; x_wconf 71' lang='lat' dir='ltr'><strong>excelsiori</strong></span> <span class='ocrx_word' id='word_1_435' title='bbox 940 4263 1047 4299; x_wconf 91' lang='lat' dir='ltr'><strong>non</strong></span> <span class='ocrx_word' id='word_1_436' title='bbox 1088 4246 1482 4301; x_wconf 81' lang='lat' dir='ltr'><strong>collocabitur&#39;t</strong></span> <span class='ocrx_word' id='word_1_437' title='bbox 1515 4244 1654 4311; x_wconf 88' lang='lat' dir='ltr'><strong>Quid</strong></span> <span class='ocrx_word' id='word_1_438' title='bbox 1678 4255 1935 4315; x_wconf 71' lang='lat' dir='ltr'><strong>praeterea</strong></span> 
     </span>
    </p>
   </div>
   <div class='ocr_carea' id='block_1_60' title="bbox 363 4337 1939 4411">
    <p class='ocr_par' dir='ltr' id='par_1_60' title="bbox 363 4337 1939 4411">
     <span class='ocr_line' id='line_1_60' title="bbox 363 4337 1939 4411; baseline -0.004 -14"><span class='ocrx_word' id='word_1_439' title='bbox 363 4340 842 4411; x_wconf 77' lang='lat' dir='ltr'><strong>respondebimus,</strong></span> <span class='ocrx_word' id='word_1_440' title='bbox 894 4356 1016 4394; x_wconf 90' lang='lat' dir='ltr'><strong>cum</strong></span> <span class='ocrx_word' id='word_1_441' title='bbox 1069 4337 1241 4394; x_wconf 79' lang='lat' dir='ltr'><strong>Filius</strong></span> <span class='ocrx_word' id='word_1_442' title='bbox 1277 4339 1422 4393; x_wconf 86' lang='lat' dir='ltr'><strong>clare</strong></span> <span class='ocrx_word' id='word_1_443' title='bbox 1447 4339 1635 4401; x_wconf 82' lang='lat' dir='ltr'><strong>dicat,</strong></span> <span class='ocrx_word' id='word_1_444' title='bbox 1677 4356 1695 4389; x_wconf 82' lang='grc' dir='ltr'><strong>ι</strong></span> <span class='ocrx_word' id='word_1_445' title='bbox 1732 4337 1821 4391; x_wconf 89' lang='lat' dir='ltr'><strong>ille</strong></span> <span class='ocrx_word' id='word_1_446' title='bbox 1855 4352 1939 4390; x_wconf 90' lang='lat' dir='ltr'><strong>me</strong></span> 
     </span>
    </p>
   </div>
   <div class='ocr_carea' id='block_1_61' title="bbox 365 4427 1941 4503">
    <p class='ocr_par' dir='ltr' id='par_1_61' title="bbox 365 4427 1941 4503">
     <span class='ocr_line' id='line_1_61' title="bbox 365 4427 1941 4503; baseline -0.004 -17"><span class='ocrx_word' id='word_1_447' title='bbox 365 4432 722 4503; x_wconf 73' lang='lat' dir='ltr'><strong>glorilicabit,</strong></span> <span class='ocrx_word' id='word_1_448' title='bbox 762 4431 889 4500; x_wconf 88' lang='lat' dir='ltr'><strong>quia</strong></span> <span class='ocrx_word' id='word_1_449' title='bbox 925 4434 991 4485; x_wconf 72' lang='lat' dir='ltr'><strong>tle</strong></span> <span class='ocrx_word' id='word_1_450' title='bbox 1046 4446 1168 4484; x_wconf 90' lang='lat' dir='ltr'><strong>meo</strong></span> <span class='ocrx_word' id='word_1_451' title='bbox 1202 4431 1453 4500; x_wconf 87' lang='lat' dir='ltr'><strong>accipiet,</strong></span> <span class='ocrx_word' id='word_1_452' title='bbox 1486 4439 1542 4483; x_wconf 90' lang='lat' dir='ltr'><strong>et</strong></span> <span class='ocrx_word' id='word_1_453' title='bbox 1593 4427 1941 4482; x_wconf 87' lang='lat' dir='ltr'><strong>annuutiabit</strong></span> 
     </span>
    </p>
   </div>
   <div class='ocr_carea' id='block_1_62' title="bbox 368 4520 1938 4591">
    <p class='ocr_par' dir='ltr' id='par_1_62' title="bbox 368 4520 1938 4591">
     <span class='ocr_line' id='line_1_62' title="bbox 368 4520 1938 4591; baseline -0.004 -14"><span class='ocrx_word' id='word_1_454' title='bbox 368 4524 581 4578; x_wconf 76' lang='lat' dir='ltr'><strong>vobis&quot;</strong></span> <span class='ocrx_word' id='word_1_455' title='bbox 608 4523 629 4576; x_wconf 77' lang='lat'><strong>‘2</strong></span> <span class='ocrx_word' id='word_1_456' title='bbox 664 4542 681 4573; x_wconf 76' lang='grc' dir='ltr'><strong>ι</strong></span> <span class='ocrx_word' id='word_1_457' title='bbox 716 4524 794 4575; x_wconf 81' lang='lat' dir='ltr'><strong>Ad</strong></span> <span class='ocrx_word' id='word_1_458' title='bbox 825 4524 961 4584; x_wconf 70' lang='lat' dir='ltr'><strong>lucc,</strong></span> <span class='ocrx_word' id='word_1_459' title='bbox 1001 4521 1134 4574; x_wconf 78' lang='lat' dir='ltr'><strong>illud</strong></span> <span class='ocrx_word' id='word_1_460' title='bbox 1157 4535 1377 4591; x_wconf 80' lang='lat' dir='ltr'><strong>quoque</strong></span> <span class='ocrx_word' id='word_1_461' title='bbox 1406 4520 1716 4574; x_wconf 87' lang='lat' dir='ltr'><strong>necessario</strong></span> <span class='ocrx_word' id='word_1_462' title='bbox 1745 4533 1938 4572; x_wconf 89' lang='lat' dir='ltr'><strong>conse-</strong></span> 
     </span>
    </p>
   </div>
   <div class='ocr_carea' id='block_1_63' title="bbox 367 4612 1943 4694">
    <p class='ocr_par' dir='ltr' id='par_1_63' title="bbox 367 4612 1943 4694">
     <span class='ocr_line' id='line_1_63' title="bbox 367 4612 1943 4694; baseline -0.004 -22"><span class='ocrx_word' id='word_1_463' title='bbox 367 4627 588 4687; x_wconf 84' lang='lat' dir='ltr'><strong>quetur,</strong></span> <span class='ocrx_word' id='word_1_464' title='bbox 620 4617 669 4671; x_wconf 92' lang='lat' dir='ltr'><strong>si</strong></span> <span class='ocrx_word' id='word_1_465' title='bbox 700 4617 848 4694; x_wconf 78' lang='lat' dir='ltr'><strong>enim</strong></span> <span class='ocrx_word' id='word_1_466' title='bbox 882 4618 1248 4671; x_wconf 80' lang='lat' dir='ltr'><strong>ministerium</strong></span> <span class='ocrx_word' id='word_1_467' title='bbox 1278 4616 1474 4670; x_wconf 88' lang='lat' dir='ltr'><strong>servile</strong></span> <span class='ocrx_word' id='word_1_468' title='bbox 1504 4615 1722 4684; x_wconf 78' lang='lat' dir='ltr'><strong>explere</strong></span> <span class='ocrx_word' id='word_1_469' title='bbox 1746 4612 1943 4669; x_wconf 87' lang='lat' dir='ltr'><strong>Filium</strong></span> 
     </span>
    </p>
   </div>
   <div class='ocr_carea' id='block_1_64' title="bbox 370 4705 1948 4777">
    <p class='ocr_par' dir='ltr' id='par_1_64' title="bbox 370 4705 1948 4777">
     <span class='ocr_line' id='line_1_64' title="bbox 370 4705 1948 4777; baseline -0.003 -13"><span class='ocrx_word' id='word_1_470' title='bbox 370 4710 702 4764; x_wconf 76' lang='lat' dir='ltr'><strong>existimatis</strong></span> <span class='ocrx_word' id='word_1_471' title='bbox 735 4709 975 4761; x_wconf 80' lang='lat' dir='ltr'><strong>alienant</strong></span> <span class='ocrx_word' id='word_1_472' title='bbox 1008 4709 1183 4773; x_wconf 84' lang='lat' dir='ltr'><strong>vobis,</strong></span> <span class='ocrx_word' id='word_1_473' title='bbox 1222 4710 1317 4777; x_wconf 86' lang='lat' dir='ltr'><strong>qui</strong></span> <span class='ocrx_word' id='word_1_474' title='bbox 1345 4722 1542 4772; x_wconf 85' lang='lat' dir='ltr'><strong>nempe</strong></span> <span class='ocrx_word' id='word_1_475' title='bbox 1572 4706 1663 4759; x_wconf 86' lang='lat' dir='ltr'><strong>Dei</strong></span> <span class='ocrx_word' id='word_1_476' title='bbox 1696 4716 1749 4759; x_wconf 91' lang='lat' dir='ltr'><strong>et</strong></span> <span class='ocrx_word' id='word_1_477' title='bbox 1768 4705 1948 4760; x_wconf 86' lang='lat' dir='ltr'><strong>Patris</strong></span> 
     </span>
    </p>
   </div>
   <div class='ocr_carea' id='block_1_65' title="bbox 373 4798 1951 4870">
    <p class='ocr_par' dir='ltr' id='par_1_65' title="bbox 373 4798 1951 4870">
     <span class='ocr_line' id='line_1_65' title="bbox 373 4798 1951 4870; baseline -0.003 -14"><span class='ocrx_word' id='word_1_478' title='bbox 373 4810 574 4856; x_wconf 81' lang='lat' dir='ltr'><strong>natura</strong></span> <span class='ocrx_word' id='word_1_479' title='bbox 636 4817 733 4855; x_wconf 84' lang='lat' dir='ltr'><strong>sua</strong></span> <span class='ocrx_word' id='word_1_480' title='bbox 784 4801 1030 4853; x_wconf 77' lang='lat' dir='ltr'><strong>divinum</strong></span> <span class='ocrx_word' id='word_1_481' title='bbox 1066 4798 1328 4870; x_wconf 78' lang='lat' dir='ltr'><strong>Spiritum</strong></span> <span class='ocrx_word' id='word_1_482' title='bbox 1398 4799 1794 4867; x_wconf 86' lang='lat' dir='ltr'><strong>suppeditavit,</strong></span> <span class='ocrx_word' id='word_1_483' title='bbox 1842 4813 1951 4852; x_wconf 90' lang='lat' dir='ltr'><strong>non</strong></span> 
     </span>
    </p>
   </div>
   <div class='ocr_carea' id='block_1_66' title="bbox 304 4876 1952 4960">
    <p class='ocr_par' dir='ltr' id='par_1_66' title="bbox 304 4876 1952 4960">
     <span class='ocr_line' id='line_1_66' title="bbox 304 4876 1952 4960; baseline -0.002 -15"><span class='ocrx_word' id='word_1_484' title='bbox 304 4876 310 4882; x_wconf 49' lang='grc'><strong>’</strong></span> <span class='ocrx_word' id='word_1_485' title='bbox 371 4896 476 4946; x_wconf 75' lang='lat' dir='ltr'><strong>erit</strong></span> <span class='ocrx_word' id='word_1_486' title='bbox 500 4897 684 4960; x_wconf 81' lang='lat' dir='ltr'><strong>utique</strong></span> <span class='ocrx_word' id='word_1_487' title='bbox 716 4902 909 4945; x_wconf 86' lang='lat' dir='ltr'><strong>natura</strong></span> <span class='ocrx_word' id='word_1_488' title='bbox 942 4889 1115 4944; x_wconf 80' lang='lat' dir='ltr'><strong>Filius</strong></span> <span class='ocrx_word' id='word_1_489' title='bbox 1145 4903 1387 4953; x_wconf 86' lang='lat' dir='ltr'><strong>sanctus,</strong></span> <span class='ocrx_word' id='word_1_490' title='bbox 1412 4892 1507 4942; x_wconf 83' lang='lat' dir='ltr'><strong>sed</strong></span> <span class='ocrx_word' id='word_1_491' title='bbox 1534 4889 1952 4958; x_wconf 82' lang='lat' dir='ltr'><strong>participatione</strong></span> 
     </span>
    </p>
   </div>
   <div class='ocr_carea' id='block_1_67' title="bbox 373 4980 1950 5054">
    <p class='ocr_par' dir='ltr' id='par_1_67' title="bbox 373 4980 1950 5054">
     <span class='ocr_line' id='line_1_67' title="bbox 373 4980 1950 5054; baseline -0.003 -19"><span class='ocrx_word' id='word_1_492' title='bbox 373 4985 835 5054; x_wconf 75' lang='lat' dir='ltr'><strong>quemadmodum</strong></span> <span class='ocrx_word' id='word_1_493' title='bbox 863 4997 979 5036; x_wconf 79' lang='lat' dir='ltr'><strong>vos.</strong></span> <span class='ocrx_word' id='word_1_494' title='bbox 1014 4982 1260 5049; x_wconf 76' lang='lat' dir='ltr'><strong>Namque</strong></span> <span class='ocrx_word' id='word_1_495' title='bbox 1287 4992 1547 5034; x_wconf 89' lang='lat' dir='ltr'><strong>asserunt</strong></span> <span class='ocrx_word' id='word_1_496' title='bbox 1581 4980 1734 5048; x_wconf 89' lang='lat' dir='ltr'><strong>impii</strong></span> <span class='ocrx_word' id='word_1_497' title='bbox 1769 4980 1950 5049; x_wconf 78' lang='lat' dir='ltr'><strong>ignavi</strong></span> 
     </span>
    </p>
   </div>
   <div class='ocr_carea' id='block_1_68' title="bbox 373 5070 1946 5141">
    <p class='ocr_par' dir='ltr' id='par_1_68' title="bbox 373 5070 1946 5141">
     <span class='ocr_line' id='line_1_68' title="bbox 373 5070 1946 5141; baseline -0.004 -10"><span class='ocrx_word' id='word_1_498' title='bbox 373 5093 438 5131; x_wconf 87' lang='lat' dir='ltr'><strong>ac</strong></span> <span class='ocrx_word' id='word_1_499' title='bbox 456 5075 694 5141; x_wconf 86' lang='lat' dir='ltr'><strong>desides,</strong></span> <span class='ocrx_word' id='word_1_500' title='bbox 730 5077 965 5128; x_wconf 80' lang='lat' dir='ltr'><strong>alienum</strong></span> <span class='ocrx_word' id='word_1_501' title='bbox 998 5088 1120 5128; x_wconf 85' lang='lat' dir='ltr'><strong>esse</strong></span> <span class='ocrx_word' id='word_1_502' title='bbox 1138 5089 1167 5124; x_wconf 83' lang='lat' dir='ltr'><strong>a</strong></span> <span class='ocrx_word' id='word_1_503' title='bbox 1199 5070 1503 5125; x_wconf 73' lang='lat' dir='ltr'><strong>subsmntia</strong></span> <span class='ocrx_word' id='word_1_504' title='bbox 1524 5070 1720 5134; x_wconf 85' lang='lat' dir='ltr'><strong>Patris,</strong></span> <span class='ocrx_word' id='word_1_505' title='bbox 1752 5087 1817 5124; x_wconf 73' lang='lat' dir='ltr'><strong>ex</strong></span> <span class='ocrx_word' id='word_1_506' title='bbox 1839 5084 1946 5139; x_wconf 89' lang='lat' dir='ltr'><strong>qua</strong></span> 
     </span>
    </p>
   </div>
   <div class='ocr_carea' id='block_1_69' title="bbox 375 5162 1944 5237">
    <p class='ocr_par' dir='ltr' id='par_1_69' title="bbox 375 5162 1944 5237">
     <span class='ocr_line' id='line_1_69' title="bbox 375 5162 1944 5237; baseline -0.003 -17"><span class='ocrx_word' id='word_1_507' title='bbox 375 5165 718 5237; x_wconf 76' lang='lat' dir='ltr'><strong>pmgreditur</strong></span> <span class='ocrx_word' id='word_1_508' title='bbox 777 5166 1037 5233; x_wconf 85' lang='lat' dir='ltr'><strong>Spiritus,</strong></span> <span class='ocrx_word' id='word_1_509' title='bbox 1084 5162 1178 5231; x_wconf 88' lang='lat' dir='ltr'><strong>qtti</strong></span> <span class='ocrx_word' id='word_1_510' title='bbox 1228 5163 1297 5215; x_wconf 87' lang='lat' dir='ltr'><strong>ab</strong></span> <span class='ocrx_word' id='word_1_511' title='bbox 1363 5162 1483 5231; x_wconf 87' lang='lat' dir='ltr'><strong>ipso</strong></span> <span class='ocrx_word' id='word_1_512' title='bbox 1543 5162 1944 5229; x_wconf 79' lang='lat' dir='ltr'><strong>suppeditatur.</strong></span> 
     </span>
    </p>
   </div>
   <div class='ocr_carea' id='block_1_70' title="bbox 376 5251 1951 5328">
    <p class='ocr_par' dir='ltr' id='par_1_70' title="bbox 376 5251 1951 5328">
     <span class='ocr_line' id='line_1_70' title="bbox 376 5251 1951 5328; baseline -0.006 -14"><span class='ocrx_word' id='word_1_513' title='bbox 376 5260 647 5316; x_wconf 79' lang='lat' dir='ltr'><strong>l’ossibile</strong></span> <span class='ocrx_word' id='word_1_514' title='bbox 705 5258 870 5328; x_wconf 80' lang='lat' dir='ltr'><strong>igitur</strong></span> <span class='ocrx_word' id='word_1_515' title='bbox 925 5257 1077 5319; x_wconf 85' lang='lat' dir='ltr'><strong>erit,</strong></span> <span class='ocrx_word' id='word_1_516' title='bbox 1139 5255 1185 5309; x_wconf 90' lang='lat' dir='ltr'><strong>si</strong></span> <span class='ocrx_word' id='word_1_517' title='bbox 1244 5259 1496 5322; x_wconf 83' lang='lat' dir='ltr'><strong>proprius</strong></span> <span class='ocrx_word' id='word_1_518' title='bbox 1557 5251 1677 5306; x_wconf 76' lang='lat' dir='ltr'><strong>Filii</strong></span> <span class='ocrx_word' id='word_1_519' title='bbox 1712 5253 1951 5321; x_wconf 85' lang='lat' dir='ltr'><strong>Spiritus</strong></span> 
     </span>
    </p>
   </div>
   <div class='ocr_carea' id='block_1_71' title="bbox 380 5345 1947 5416">
    <p class='ocr_par' dir='ltr' id='par_1_71' title="bbox 380 5345 1947 5416">
     <span class='ocr_line' id='line_1_71' title="bbox 380 5345 1947 5416; baseline -0.006 -10"><span class='ocrx_word' id='word_1_520' title='bbox 380 5370 485 5406; x_wconf 85' lang='lat' dir='ltr'><strong>non</strong></span> <span class='ocrx_word' id='word_1_521' title='bbox 519 5362 624 5413; x_wconf 70' lang='lat' dir='ltr'><strong>est,</strong></span> <span class='ocrx_word' id='word_1_522' title='bbox 656 5351 749 5404; x_wconf 80' lang='lat' dir='ltr'><strong>sed</strong></span> <span class='ocrx_word' id='word_1_523' title='bbox 797 5348 1107 5402; x_wconf 73' lang='lat' dir='ltr'><strong>forinsecus</strong></span> <span class='ocrx_word' id='word_1_524' title='bbox 1143 5346 1308 5399; x_wconf 86' lang='lat' dir='ltr'><strong>etiam</strong></span> <span class='ocrx_word' id='word_1_525' title='bbox 1337 5347 1455 5416; x_wconf 88' lang='lat' dir='ltr'><strong>ipse</strong></span> <span class='ocrx_word' id='word_1_526' title='bbox 1495 5345 1639 5400; x_wconf 88' lang='lat' dir='ltr'><strong>sicut</strong></span> <span class='ocrx_word' id='word_1_527' title='bbox 1696 5353 1947 5399; x_wconf 86' lang='lat' dir='ltr'><strong>creatura</strong></span> 
     </span>
    </p>
   </div>
   <div class='ocr_carea' id='block_1_72' title="bbox 382 5432 1950 5507">
    <p class='ocr_par' dir='ltr' id='par_1_72' title="bbox 382 5432 1950 5507">
     <span class='ocr_line' id='line_1_72' title="bbox 382 5432 1950 5507; baseline -0.007 -8"><span class='ocrx_word' id='word_1_528' title='bbox 382 5446 788 5506; x_wconf 82' lang='lat' dir='ltr'><strong>sancttlicatur,</strong></span> <span class='ocrx_word' id='word_1_529' title='bbox 822 5440 964 5494; x_wconf 84' lang='lat' dir='ltr'><strong>hanc</strong></span> <span class='ocrx_word' id='word_1_530' title='bbox 1014 5452 1139 5491; x_wconf 82' lang='lat' dir='ltr'><strong>eum</strong></span> <span class='ocrx_word' id='word_1_531' title='bbox 1172 5437 1470 5505; x_wconf 86' lang='lat' dir='ltr'><strong>aliquando</strong></span> <span class='ocrx_word' id='word_1_532' title='bbox 1491 5454 1612 5507; x_wconf 76' lang='lat' dir='ltr'><strong>qua:</strong></span> <span class='ocrx_word' id='word_1_533' title='bbox 1668 5452 1720 5488; x_wconf 83' lang='lat' dir='ltr'><strong>tn</strong></span> <span class='ocrx_word' id='word_1_534' title='bbox 1768 5432 1950 5489; x_wconf 62' lang='lat' dir='ltr'><strong>eo&#39;est</strong></span> 
     </span>
    </p>
   </div>
   <div class='ocr_carea' id='block_1_73' title="bbox 384 5526 1947 5608">
    <p class='ocr_par' dir='ltr' id='par_1_73' title="bbox 384 5526 1947 5608">
     <span class='ocr_line' id='line_1_73' title="bbox 384 5526 1947 5608; baseline -0.006 -21"><span class='ocrx_word' id='word_1_535' title='bbox 384 5534 868 5588; x_wconf 81' lang='lat' dir='ltr'><strong>sanetiticationem</strong></span> <span class='ocrx_word' id='word_1_536' title='bbox 905 5531 1175 5583; x_wconf 87' lang='lat' dir='ltr'><strong>amittere.</strong></span> <span class='ocrx_word' id='word_1_537' title='bbox 1209 5529 1366 5595; x_wconf 81' lang='lat' dir='ltr'><strong>Quod</strong></span> <span class='ocrx_word' id='word_1_538' title='bbox 1400 5529 1548 5608; x_wconf 69' lang='lat' dir='ltr'><strong>enim</strong></span> <span class='ocrx_word' id='word_1_539' title='bbox 1581 5530 1824 5582; x_wconf 80' lang='lat' dir='ltr'><strong>exterius</strong></span> <span class='ocrx_word' id='word_1_540' title='bbox 1869 5526 1947 5579; x_wconf 87' lang='lat' dir='ltr'><strong>uti</strong></span> 
     </span>
    </p>
   </div>
   <div class='ocr_carea' id='block_1_74' title="bbox 387 5618 1951 5693">
    <p class='ocr_par' dir='ltr' id='par_1_74' title="bbox 387 5618 1951 5693">
     <span class='ocr_line' id='line_1_74' title="bbox 387 5618 1951 5693; baseline -0.004 -16"><span class='ocrx_word' id='word_1_541' title='bbox 387 5629 631 5678; x_wconf 72' lang='lat' dir='ltr'><strong>additum</strong></span> <span class='ocrx_word' id='word_1_542' title='bbox 688 5625 1016 5693; x_wconf 80' lang='lat' dir='ltr'><strong>acquiritur,</strong></span> <span class='ocrx_word' id='word_1_543' title='bbox 1060 5620 1335 5692; x_wconf 84' lang='lat' dir='ltr'><strong>quomodo</strong></span> <span class='ocrx_word' id='word_1_544' title='bbox 1387 5620 1541 5674; x_wconf 85' lang='lat' dir='ltr'><strong>abire</strong></span> <span class='ocrx_word' id='word_1_545' title='bbox 1590 5635 1697 5672; x_wconf 92' lang='lat' dir='ltr'><strong>non</strong></span> <span class='ocrx_word' id='word_1_546' title='bbox 1748 5618 1951 5687; x_wconf 82' lang='lat' dir='ltr'><strong>poterit</strong></span> 
     </span>
    </p>
   </div>
   <div class='ocr_carea' id='block_1_75' title="bbox 463 5784 1507 5847">
    <p class='ocr_par' dir='ltr' id='par_1_75' title="bbox 463 5784 1507 5847">
     <span class='ocr_line' id='line_1_75' title="bbox 463 5784 1507 5847; baseline 0.001 -9"><span class='ocrx_word' id='word_1_547' title='bbox 463 5790 505 5817; x_wconf 61' lang='grc'><strong>²⁵</strong></span> <span class='ocrx_word' id='word_1_548' title='bbox 530 5788 662 5842; x_wconf 67' lang='lat' dir='ltr'><strong>Jontt</strong></span> <span class='ocrx_word' id='word_1_549' title='bbox 719 5805 804 5847; x_wconf 73' lang='lat' dir='ltr'><strong>xv.</strong></span> <span class='ocrx_word' id='word_1_550' title='bbox 831 5790 921 5844; x_wconf 71' lang='lat'><strong>‘26.</strong></span> <span class='ocrx_word' id='word_1_551' title='bbox 1007 5788 1051 5821; x_wconf 78' lang='grc'><strong>³⁸</strong></span> <span class='ocrx_word' id='word_1_552' title='bbox 1078 5784 1235 5844; x_wconf 81' lang='lat' dir='ltr'><strong>Joan.</strong></span> <span class='ocrx_word' id='word_1_553' title='bbox 1272 5802 1383 5841; x_wconf 75' lang='lat' dir='ltr'><strong>XVI.</strong></span> <span class='ocrx_word' id='word_1_554' title='bbox 1420 5786 1507 5839; x_wconf 72' lang='grc' dir='ltr'><strong>Ην.</strong></span> 
     </span>
    </p>
   </div>
   <div class='ocr_carea' id='block_1_76' title="bbox 2028 1963 3596 2036">
    <p class='ocr_par' dir='ltr' id='par_1_76' title="bbox 2028 1963 3596 2036">
     <span class='ocr_line' id='line_1_76' title="bbox 2028 1963 3596 2036; baseline 0.001 -19"><span class='ocrx_word' id='word_1_555' title='bbox 2028 1965 2155 2018; x_wconf 77' lang='grc' dir='ltr'>σθαι</span> <span class='ocrx_word' id='word_1_556' title='bbox 2190 1981 2373 2033; x_wconf 78' lang='grc' dir='ltr'>φησιν.</span> <span class='ocrx_word' id='word_1_557' title='bbox 2420 1964 2635 2036; x_wconf 77' lang='grc' dir='ltr'>’Ὥσπερ</span> <span class='ocrx_word' id='word_1_558' title='bbox 2689 1963 2799 2033; x_wconf 90' lang='grc' dir='ltr'><strong>γάρ</strong></span> <span class='ocrx_word' id='word_1_559' title='bbox 2843 1964 2990 2016; x_wconf 78' lang='grc' dir='ltr'>ἐστιν</span> <span class='ocrx_word' id='word_1_560' title='bbox 3050 1964 3183 2017; x_wconf 75' lang='grc' dir='ltr'>ἴδιον</span> <span class='ocrx_word' id='word_1_561' title='bbox 3223 1965 3456 2035; x_wconf 80' lang='grc' dir='ltr'>Πνεῦμα</span> <span class='ocrx_word' id='word_1_562' title='bbox 3502 1966 3596 2018; x_wconf 89' lang='grc' dir='ltr'><strong>τοῦ</strong></span> 
     </span>
    </p>
   </div>
   <div class='ocr_carea' id='block_1_77' title="bbox 2027 2053 3598 2124">
    <p class='ocr_par' dir='ltr' id='par_1_77' title="bbox 2027 2053 3598 2124">
     <span class='ocr_line' id='line_1_77' title="bbox 2027 2053 3598 2124; baseline 0.001 -17"><span class='ocrx_word' id='word_1_563' title='bbox 2027 2053 2161 2107; x_wconf 83' lang='grc' dir='ltr'>Υἰοῦ</span> <span class='ocrx_word' id='word_1_564' title='bbox 2219 2054 2467 2124; x_wconf 81' lang='grc' dir='ltr'><strong>φυσικῶς</strong></span> <span class='ocrx_word' id='word_1_565' title='bbox 2505 2056 2563 2107; x_wconf 84' lang='grc' dir='ltr'>ὲν</span> <span class='ocrx_word' id='word_1_566' title='bbox 2616 2055 2768 2123; x_wconf 78' lang='grc' dir='ltr'><strong>αὐτῴ</strong></span> <span class='ocrx_word' id='word_1_567' title='bbox 2800 2068 2857 2104; x_wconf 86' lang='grc' dir='ltr'><strong>τε</strong></span> <span class='ocrx_word' id='word_1_568' title='bbox 2895 2053 3160 2124; x_wconf 77' lang='grc' dir='ltr'>ὑπάρχον,</span> <span class='ocrx_word' id='word_1_569' title='bbox 3212 2058 3307 2109; x_wconf 74' lang='grc' dir='ltr'>καὶ</span> <span class='ocrx_word' id='word_1_570' title='bbox 3334 2054 3402 2109; x_wconf 79' lang='grc' dir='ltr'>δι’</span> <span class='ocrx_word' id='word_1_571' title='bbox 3431 2055 3598 2109; x_wconf 85' lang='grc' dir='ltr'>αὐτοῦ</span> 
     </span>
    </p>
   </div>
   <div class='ocr_carea' id='block_1_78' title="bbox 2028 2143 3599 2218">
    <p class='ocr_par' dir='ltr' id='par_1_78' title="bbox 2028 2143 3599 2218">
     <span class='ocr_line' id='line_1_78' title="bbox 2028 2143 3599 2218; baseline 0.001 -21"><span class='ocrx_word' id='word_1_572' title='bbox 2028 2147 2237 2212; x_wconf 82' lang='grc' dir='ltr'>προϊὸν,</span> <span class='ocrx_word' id='word_1_573' title='bbox 2276 2144 2420 2199; x_wconf 77' lang='grc' dir='ltr'>οὕτω</span> <span class='ocrx_word' id='word_1_574' title='bbox 2449 2146 2667 2199; x_wconf 75' lang='grc' dir='ltr'>καὶτοῦ</span> <span class='ocrx_word' id='word_1_575' title='bbox 2721 2148 2955 2218; x_wconf 82' lang='grc' dir='ltr'>Πατρός.</span> <span class='ocrx_word' id='word_1_576' title='bbox 3007 2143 3104 2210; x_wconf 74' lang='grc' dir='ltr'><strong>Οἷς</strong></span> <span class='ocrx_word' id='word_1_577' title='bbox 3152 2146 3211 2200; x_wconf 76' lang='grc' dir='ltr'>δὲ</span> <span class='ocrx_word' id='word_1_578' title='bbox 3260 2148 3322 2200; x_wconf 88' lang='grc' dir='ltr'><strong>τὸ</strong></span> <span class='ocrx_word' id='word_1_579' title='bbox 3370 2147 3599 2217; x_wconf 82' lang='grc' dir='ltr'>Πνεῦμα</span> 
     </span>
    </p>
   </div>
   <div class='ocr_carea' id='block_1_79' title="bbox 2028 2238 3601 2310">
    <p class='ocr_par' dir='ltr' id='par_1_79' title="bbox 2028 2238 3601 2310">
     <span class='ocr_line' id='line_1_79' title="bbox 2028 2238 3601 2310; baseline 0.001 -19"><span class='ocrx_word' id='word_1_580' title='bbox 2028 2239 2228 2303; x_wconf 83' lang='grc' dir='ltr'>κοινὸν,</span> <span class='ocrx_word' id='word_1_581' title='bbox 2280 2239 2494 2300; x_wconf 82' lang='grc' dir='ltr'>τούτοις</span> <span class='ocrx_word' id='word_1_582' title='bbox 2525 2239 2611 2309; x_wconf 79' lang='grc' dir='ltr'>εἴη</span> <span class='ocrx_word' id='word_1_583' title='bbox 2650 2238 2823 2310; x_wconf 82' lang='grc' dir='ltr'>δήπου</span> <span class='ocrx_word' id='word_1_584' title='bbox 2883 2240 3103 2304; x_wconf 85' lang='grc' dir='ltr'>πάντως</span> <span class='ocrx_word' id='word_1_585' title='bbox 3150 2241 3218 2293; x_wconf 82' lang='grc' dir='ltr'>ἂν</span> <span class='ocrx_word' id='word_1_586' title='bbox 3248 2240 3345 2295; x_wconf 75' lang='grc' dir='ltr'>καὶ</span> <span class='ocrx_word' id='word_1_587' title='bbox 3372 2241 3442 2293; x_wconf 81' lang='grc' dir='ltr'>τὰ</span> <span class='ocrx_word' id='word_1_588' title='bbox 3501 2241 3601 2308; x_wconf 75' lang='grc' dir='ltr'>τῆς</span> 
     </span>
    </p>
   </div>
   <div class='ocr_carea' id='block_1_80' title="bbox 2027 2330 3602 2401">
    <p class='ocr_par' dir='ltr' id='par_1_80' title="bbox 2027 2330 3602 2401">
     <span class='ocr_line' id='line_1_80' title="bbox 2027 2330 3602 2401; baseline -0.001 -19"><span class='ocrx_word' id='word_1_589' title='bbox 2027 2331 2216 2393; x_wconf 80' lang='grc' dir='ltr'>οὐσίας</span> <span class='ocrx_word' id='word_1_590' title='bbox 2249 2330 2308 2383; x_wconf 88' lang='grc' dir='ltr'><strong>οὐ</strong></span> <span class='ocrx_word' id='word_1_591' title='bbox 2338 2330 2695 2401; x_wconf 79' lang='grc' dir='ltr'>διωρισμένα.</span> <span class='ocrx_word' id='word_1_592' title='bbox 2748 2330 2842 2401; x_wconf 81' lang='grc' dir='ltr'><strong>Μὴ</strong></span> <span class='ocrx_word' id='word_1_593' title='bbox 2876 2331 2986 2401; x_wconf 78' lang='grc' dir='ltr'>γὰρ</span> <span class='ocrx_word' id='word_1_594' title='bbox 3007 2332 3072 2398; x_wconf 86' lang='grc' dir='ltr'>δή</span> <span class='ocrx_word' id='word_1_595' title='bbox 3097 2347 3241 2395; x_wconf 87' lang='grc' dir='ltr'>τινες</span> <span class='ocrx_word' id='word_1_596' title='bbox 3292 2332 3442 2399; x_wconf 77' lang='grc' dir='ltr'>ἡμᾶς</span> <span class='ocrx_word' id='word_1_597' title='bbox 3491 2330 3602 2382; x_wconf 87' lang='grc' dir='ltr'><strong>τῶν</strong></span> 
     </span>
    </p>
   </div>
   <div class='ocr_carea' id='block_1_81' title="bbox 2029 2421 3603 2493">
    <p class='ocr_par' dir='ltr' id='par_1_81' title="bbox 2029 2421 3603 2493">
     <span class='ocr_line' id='line_1_81' title="bbox 2029 2421 3603 2493; baseline -0.003 -15"><span class='ocrx_word' id='word_1_598' title='bbox 2029 2423 2313 2478; x_wconf 78' lang='grc' dir='ltr'>δυσσεϐεἰν</span> <span class='ocrx_word' id='word_1_599' title='bbox 2346 2423 2617 2477; x_wconf 84' lang='grc' dir='ltr'>εἰωθότων</span> <span class='ocrx_word' id='word_1_600' title='bbox 2642 2425 2755 2486; x_wconf 88' lang='grc' dir='ltr'>τοῖς</span> <span class='ocrx_word' id='word_1_601' title='bbox 2814 2421 2874 2488; x_wconf 74' lang='grc' dir='ltr'><strong>ἐξ</strong></span> <span class='ocrx_word' id='word_1_602' title='bbox 2904 2422 3179 2493; x_wconf 85' lang='grc' dir='ltr'>ἀμαθείας</span> <span class='ocrx_word' id='word_1_603' title='bbox 3232 2422 3603 2491; x_wconf 76' lang='grc' dir='ltr'>ἀποκομιζόν-</span> 
     </span>
    </p>
   </div>
   <div class='ocr_carea' id='block_1_82' title="bbox 2028 2516 3604 2588">
    <p class='ocr_par' dir='ltr' id='par_1_82' title="bbox 2028 2516 3604 2588">
     <span class='ocr_line' id='line_1_82' title="bbox 2028 2516 3604 2588; baseline -0.002 -19"><span class='ocrx_word' id='word_1_604' title='bbox 2028 2534 2139 2571; x_wconf 90' lang='grc' dir='ltr'><strong>των</strong></span> <span class='ocrx_word' id='word_1_605' title='bbox 2182 2517 2364 2586; x_wconf 77' lang='grc' dir='ltr'>λόγοις</span> <span class='ocrx_word' id='word_1_606' title='bbox 2416 2520 2498 2581; x_wconf 83' lang='grc' dir='ltr'><strong>εἰς</strong></span> <span class='ocrx_word' id='word_1_607' title='bbox 2534 2516 2580 2571; x_wconf 52' lang='grc' dir='ltr'>νᾶ.</span> <span class='ocrx_word' id='word_1_608' title='bbox 2610 2516 2686 2588; x_wconf 80' lang='grc' dir='ltr'>μὴ</span> <span class='ocrx_word' id='word_1_609' title='bbox 2711 2516 2867 2587; x_wconf 82' lang='grc' dir='ltr'>θέμις</span> <span class='ocrx_word' id='word_1_610' title='bbox 2892 2517 3111 2579; x_wconf 77' lang='grc' dir='ltr'>ἐννοεῖν,</span> <span class='ocrx_word' id='word_1_611' title='bbox 3141 2517 3218 2580; x_wconf 78' lang='grc' dir='ltr'>ὡς</span> <span class='ocrx_word' id='word_1_612' title='bbox 3258 2516 3604 2587; x_wconf 80' lang='grc' dir='ltr'>ὑπουργικήν</span> 
     </span>
    </p>
   </div>
   <div class='ocr_carea' id='block_1_83' title="bbox 2029 2606 3604 2678">
    <p class='ocr_par' dir='ltr' id='par_1_83' title="bbox 2029 2606 3604 2678">
     <span class='ocr_line' id='line_1_83' title="bbox 2029 2606 3604 2678; baseline -0.003 -17"><span class='ocrx_word' id='word_1_613' title='bbox 2029 2625 2153 2662; x_wconf 89' lang='grc' dir='ltr'>τινα</span> <span class='ocrx_word' id='word_1_614' title='bbox 2190 2608 2380 2678; x_wconf 84' lang='grc' dir='ltr'>χρείαν</span> <span class='ocrx_word' id='word_1_615' title='bbox 2410 2606 2747 2678; x_wconf 80' lang='grc' dir='ltr'>ἀποπληρῶν</span> <span class='ocrx_word' id='word_1_616' title='bbox 2773 2609 2800 2660; x_wconf 92' lang='lat'><strong>6</strong></span> <span class='ocrx_word' id='word_1_617' title='bbox 2832 2607 2978 2671; x_wconf 76' lang='grc' dir='ltr'>Υἱὸς.</span> <span class='ocrx_word' id='word_1_618' title='bbox 3003 2608 3064 2660; x_wconf 83' lang='grc' dir='ltr'><strong>τὸ</strong></span> <span class='ocrx_word' id='word_1_619' title='bbox 3092 2608 3242 2677; x_wconf 81' lang='grc' dir='ltr'>παρὰ</span> <span class='ocrx_word' id='word_1_620' title='bbox 3265 2606 3359 2659; x_wconf 82' lang='grc' dir='ltr'><strong>τοῦ</strong></span> <span class='ocrx_word' id='word_1_621' title='bbox 3390 2606 3604 2675; x_wconf 71' lang='grc' dir='ltr'>Πατρός</span> 
     </span>
    </p>
   </div>
   <div class='ocr_carea' id='block_1_84' title="bbox 2032 2698 3605 2771">
    <p class='ocr_par' dir='ltr' id='par_1_84' title="bbox 2032 2698 3605 2771">
     <span class='ocr_line' id='line_1_84' title="bbox 2032 2698 3605 2771; baseline -0.003 -18"><span class='ocrx_word' id='word_1_622' title='bbox 2032 2700 2259 2769; x_wconf 84' lang='grc' dir='ltr'>Πνεῦμα</span> <span class='ocrx_word' id='word_1_623' title='bbox 2281 2702 2349 2771; x_wconf 80' lang='grc' dir='ltr'>τῇ</span> <span class='ocrx_word' id='word_1_624' title='bbox 2377 2700 2554 2755; x_wconf 81' lang='grc' dir='ltr'>κτίσει</span> <span class='ocrx_word' id='word_1_625' title='bbox 2583 2700 2841 2753; x_wconf 74' lang='grc' dir='ltr'>διακονεῖ.</span> <span class='ocrx_word' id='word_1_626' title='bbox 2879 2700 2990 2753; x_wconf 77' lang='grc' dir='ltr'>Καὶ</span> <span class='ocrx_word' id='word_1_627' title='bbox 3006 2698 3166 2752; x_wconf 89' lang='grc' dir='ltr'>τοῦτο</span> <span class='ocrx_word' id='word_1_628' title='bbox 3192 2700 3301 2767; x_wconf 71' lang='grc' dir='ltr'><strong>γάρ</strong></span> <span class='ocrx_word' id='word_1_629' title='bbox 3325 2698 3605 2757; x_wconf 78' lang='grc' dir='ltr'>ἀσυνέτως</span> 
     </span>
    </p>
   </div>
   <div class='ocr_carea' id='block_1_85' title="bbox 2031 2788 3606 2858">
    <p class='ocr_par' dir='ltr' id='par_1_85' title="bbox 2031 2788 3606 2858">
     <span class='ocr_line' id='line_1_85' title="bbox 2031 2788 3606 2858; baseline -0.004 -14"><span class='ocrx_word' id='word_1_630' title='bbox 2031 2792 2175 2853; x_wconf 84' lang='grc' dir='ltr'>τινὲς</span> <span class='ocrx_word' id='word_1_631' title='bbox 2205 2793 2268 2844; x_wconf 89' lang='grc' dir='ltr'><strong>οὐ</strong></span> <span class='ocrx_word' id='word_1_632' title='bbox 2317 2790 2644 2845; x_wconf 82' lang='grc' dir='ltr'>κατέδεισαν</span> <span class='ocrx_word' id='word_1_633' title='bbox 2696 2794 2897 2845; x_wconf 84' lang='grc' dir='ltr'>εἰπεῖν.</span> <span class='ocrx_word' id='word_1_634' title='bbox 2954 2791 3242 2843; x_wconf 86' lang='grc' dir='ltr'>Πιστεύειν</span> <span class='ocrx_word' id='word_1_635' title='bbox 3288 2789 3347 2842; x_wconf 72' lang='grc' dir='ltr'>δὲ</span> <span class='ocrx_word' id='word_1_636' title='bbox 3402 2788 3606 2858; x_wconf 82' lang='grc' dir='ltr'>μᾶλλον</span> 
     </span>
    </p>
   </div>
   <div class='ocr_carea' id='block_1_86' title="bbox 2035 2877 3606 2950">
    <p class='ocr_par' dir='ltr' id='par_1_86' title="bbox 2035 2877 3606 2950">
     <span class='ocr_line' id='line_1_86' title="bbox 2035 2877 3606 2950; baseline -0.006 -16"><span class='ocrx_word' id='word_1_637' title='bbox 2035 2881 2327 2934; x_wconf 80' lang='grc' dir='ltr'>ἀκόλουθον</span> <span class='ocrx_word' id='word_1_638' title='bbox 2357 2880 2454 2943; x_wconf 81' lang='grc' dir='ltr'>ὡς,</span> <span class='ocrx_word' id='word_1_639' title='bbox 2482 2881 2716 2950; x_wconf 70' lang='grc' dir='ltr'>ἐπείπερ</span> <span class='ocrx_word' id='word_1_640' title='bbox 2748 2880 2878 2933; x_wconf 85' lang='grc' dir='ltr'>ίδιόν</span> <span class='ocrx_word' id='word_1_641' title='bbox 2916 2882 3067 2933; x_wconf 76' lang='grc' dir='ltr'>ἐστιν</span> <span class='ocrx_word' id='word_1_642' title='bbox 3097 2877 3289 2941; x_wconf 83' lang='grc' dir='ltr'>αὐτοῦ,</span> <span class='ocrx_word' id='word_1_643' title='bbox 3350 2877 3606 2944; x_wconf 75' lang='grc' dir='ltr'>καθάπερ</span> 
     </span>
    </p>
   </div>
   <div class='ocr_carea' id='block_1_87' title="bbox 2034 2956 3641 3041">
    <p class='ocr_par' dir='ltr' id='par_1_87' title="bbox 2034 2956 3641 3041">
     <span class='ocr_line' id='line_1_87' title="bbox 2034 2956 3641 3041; baseline -0.004 -18"><span class='ocrx_word' id='word_1_644' title='bbox 2034 2971 2227 3041; x_wconf 82' lang='grc' dir='ltr'>ἀμέλει</span> <span class='ocrx_word' id='word_1_645' title='bbox 2255 2972 2350 3024; x_wconf 78' lang='grc' dir='ltr'>καὶ</span> <span class='ocrx_word' id='word_1_646' title='bbox 2398 2970 2493 3024; x_wconf 87' lang='grc' dir='ltr'><strong>τοῦ</strong></span> <span class='ocrx_word' id='word_1_647' title='bbox 2538 2971 2673 3024; x_wconf 78' lang='grc' dir='ltr'>Θεοῦ</span> <span class='ocrx_word' id='word_1_648' title='bbox 2732 2973 2825 3024; x_wconf 82' lang='grc' dir='ltr'>καὶ</span> <span class='ocrx_word' id='word_1_649' title='bbox 2864 2971 3094 3038; x_wconf 75' lang='grc' dir='ltr'>ιΙατρὸς,</span> <span class='ocrx_word' id='word_1_650' title='bbox 3124 2968 3444 3021; x_wconf 79' lang='grc' dir='ltr'>ἀποστέλλει</span> <span class='ocrx_word' id='word_1_651' title='bbox 3492 2956 3641 3027; x_wconf 81' lang='grc' dir='ltr'>τοῖς.</span> 
     </span>
    </p>
   </div>
   <div class='ocr_carea' id='block_1_88' title="bbox 2036 3058 3608 3133">
    <p class='ocr_par' dir='ltr' id='par_1_88' title="bbox 2036 3058 3608 3133">
     <span class='ocr_line' id='line_1_88' title="bbox 2036 3058 3608 3133; baseline -0.003 -19"><span class='ocrx_word' id='word_1_652' title='bbox 2036 3062 2216 3130; x_wconf 81' lang='grc' dir='ltr'>ἁγίοις</span> <span class='ocrx_word' id='word_1_653' title='bbox 2256 3061 2422 3115; x_wconf 85' lang='grc' dir='ltr'>αὐτοῦ</span> <span class='ocrx_word' id='word_1_654' title='bbox 2486 3063 2756 3133; x_wconf 78' lang='grc' dir='ltr'>μαθηταῖς</span> <span class='ocrx_word' id='word_1_655' title='bbox 2806 3064 2943 3131; x_wconf 88' lang='grc' dir='ltr'>πρὸς</span> <span class='ocrx_word' id='word_1_656' title='bbox 2992 3061 3282 3130; x_wconf 81' lang='grc' dir='ltr'>ἁγιασμόν.</span> <span class='ocrx_word' id='word_1_657' title='bbox 3344 3061 3405 3112; x_wconf 82' lang='grc' dir='ltr'>Εἰ</span> <span class='ocrx_word' id='word_1_658' title='bbox 3459 3058 3608 3128; x_wconf 72' lang='grc' dir='ltr'>δὲδὴ</span> 
     </span>
    </p>
   </div>
   <div class='ocr_carea' id='block_1_89' title="bbox 2036 3150 3606 3225">
    <p class='ocr_par' dir='ltr' id='par_1_89' title="bbox 2036 3150 3606 3225">
     <span class='ocr_line' id='line_1_89' title="bbox 2036 3150 3606 3225; baseline -0.003 -20"><span class='ocrx_word' id='word_1_659' title='bbox 2036 3153 2321 3223; x_wconf 77' lang='grc' dir='ltr'>νομίζουσι</span> <span class='ocrx_word' id='word_1_660' title='bbox 2354 3153 2559 3225; x_wconf 78' lang='grc' dir='ltr'>τρόπον</span> <span class='ocrx_word' id='word_1_661' title='bbox 2607 3154 2754 3219; x_wconf 81' lang='grc' dir='ltr'>τινὰ,</span> <span class='ocrx_word' id='word_1_662' title='bbox 2789 3158 2883 3206; x_wconf 80' lang='grc' dir='ltr'>καὶ</span> <span class='ocrx_word' id='word_1_663' title='bbox 2908 3153 3076 3222; x_wconf 77' lang='grc' dir='ltr'>δριμὺ</span> <span class='ocrx_word' id='word_1_664' title='bbox 3105 3154 3245 3205; x_wconf 84' lang='grc' dir='ltr'>νοεῖν</span> <span class='ocrx_word' id='word_1_665' title='bbox 3279 3167 3338 3203; x_wconf 87' lang='grc' dir='ltr'><strong>τε</strong></span> <span class='ocrx_word' id='word_1_666' title='bbox 3372 3150 3471 3202; x_wconf 79' lang='grc' dir='ltr'>καὶ</span> <span class='ocrx_word' id='word_1_667' title='bbox 3509 3150 3606 3201; x_wconf 73' lang='grc' dir='ltr'><strong>λέ-</strong></span> 
     </span>
    </p>
   </div>
   <div class='ocr_carea' id='block_1_90' title="bbox 2033 3240 3609 3316">
    <p class='ocr_par' dir='ltr' id='par_1_90' title="bbox 2033 3240 3609 3316">
     <span class='ocr_line' id='line_1_90' title="bbox 2033 3240 3609 3316; baseline -0.001 -18"><span class='ocrx_word' id='word_1_668' title='bbox 2033 3264 2172 3316; x_wconf 84' lang='grc' dir='ltr'>γειν,</span> <span class='ocrx_word' id='word_1_669' title='bbox 2200 3247 2447 3302; x_wconf 82' lang='grc' dir='ltr'>διάκονον</span> <span class='ocrx_word' id='word_1_670' title='bbox 2497 3247 2634 3316; x_wconf 82' lang='grc' dir='ltr'>ἡμῖν</span> <span class='ocrx_word' id='word_1_671' title='bbox 2682 3244 2778 3297; x_wconf 76' lang='grc' dir='ltr'>καὶ</span> <span class='ocrx_word' id='word_1_672' title='bbox 2839 3243 3118 3311; x_wconf 78' lang='grc' dir='ltr'>ὑπουργὸν</span> <span class='ocrx_word' id='word_1_673' title='bbox 3173 3244 3276 3295; x_wconf 81' lang='grc' dir='ltr'><strong>κάν</strong></span> <span class='ocrx_word' id='word_1_674' title='bbox 3316 3240 3495 3315; x_wconf 81' lang='grc' dir='ltr'>τούτῳ</span> <span class='ocrx_word' id='word_1_675' title='bbox 3540 3240 3609 3314; x_wconf 71' lang='grc' dir='ltr'>δὴ</span> 
     </span>
    </p>
   </div>
   <div class='ocr_carea' id='block_1_91' title="bbox 2034 3332 3607 3408">
    <p class='ocr_par' dir='ltr' id='par_1_91' title="bbox 2034 3332 3607 3408">
     <span class='ocr_line' id='line_1_91' title="bbox 2034 3332 3607 3408; baseline -0.003 -19"><span class='ocrx_word' id='word_1_676' title='bbox 2034 3338 2199 3405; x_wconf 69' lang='grc' dir='ltr'>πάλιν</span> <span class='ocrx_word' id='word_1_677' title='bbox 2229 3337 2322 3394; x_wconf 85' lang='grc' dir='ltr'><strong>τὸν</strong></span> <span class='ocrx_word' id='word_1_678' title='bbox 2347 3337 2477 3397; x_wconf 75' lang='grc' dir='ltr'>Υἰὸν</span> <span class='ocrx_word' id='word_1_679' title='bbox 2527 3335 2966 3408; x_wconf 63' lang='grc' dir='ltr'>εἰσκομίζοντες,</span> <span class='ocrx_word' id='word_1_680' title='bbox 2985 3333 3108 3398; x_wconf 71' lang='grc' dir='ltr'><strong>πῶς</strong></span> <span class='ocrx_word' id='word_1_681' title='bbox 3158 3332 3261 3388; x_wconf 80' lang='grc' dir='ltr'><strong>οὐκ</strong></span> <span class='ocrx_word' id='word_1_682' title='bbox 3315 3333 3607 3387; x_wconf 70' lang='grc' dir='ltr'>ἀκόλουθον</span> 
     </span>
    </p>
   </div>
   <div class='ocr_carea' id='block_1_92' title="bbox 2034 3427 3611 3500">
    <p class='ocr_par' dir='ltr' id='par_1_92' title="bbox 2034 3427 3611 3500">
     <span class='ocr_line' id='line_1_92' title="bbox 2034 3427 3611 3500; baseline -0.006 -15"><span class='ocrx_word' id='word_1_683' title='bbox 2034 3434 2231 3486; x_wconf 82' lang='grc' dir='ltr'>εἰπεῖν·</span> <span class='ocrx_word' id='word_1_684' title='bbox 2264 3432 2454 3500; x_wconf 74' lang='grc' dir='ltr'>Μωροὶ</span> <span class='ocrx_word' id='word_1_685' title='bbox 2483 3431 2580 3485; x_wconf 73' lang='grc' dir='ltr'><strong>καὶ</strong></span> <span class='ocrx_word' id='word_1_686' title='bbox 2608 3430 2823 3498; x_wconf 83' lang='grc' dir='ltr'>τυφλοι,</span> <span class='ocrx_word' id='word_1_687' title='bbox 2859 3429 2938 3499; x_wconf 79' lang='grc' dir='ltr'>πῆ</span> <span class='ocrx_word' id='word_1_688' title='bbox 2973 3429 3039 3496; x_wconf 84' lang='grc' dir='ltr'>δὴ</span> <span class='ocrx_word' id='word_1_689' title='bbox 3065 3428 3226 3481; x_wconf 87' lang='grc' dir='ltr'>πάλιν</span> <span class='ocrx_word' id='word_1_690' title='bbox 3257 3427 3429 3489; x_wconf 81' lang='grc' dir='ltr'>ἰόντες</span> <span class='ocrx_word' id='word_1_691' title='bbox 3450 3428 3611 3491; x_wconf 79' lang='grc' dir='ltr'>ὑμεῖς</span> 
     </span>
    </p>
   </div>
   <div class='ocr_carea' id='block_1_93' title="bbox 2035 3516 3611 3587">
    <p class='ocr_par' dir='ltr' id='par_1_93' title="bbox 2035 3516 3611 3587">
     <span class='ocr_line' id='line_1_93' title="bbox 2035 3516 3611 3587; baseline -0.006 -11"><span class='ocrx_word' id='word_1_692' title='bbox 2035 3524 2138 3577; x_wconf 85' lang='grc' dir='ltr'><strong>οὐκ</strong></span> <span class='ocrx_word' id='word_1_693' title='bbox 2166 3521 2509 3585; x_wconf 83' lang='grc' dir='ltr'>αἰσθάνεσθε,</span> <span class='ocrx_word' id='word_1_694' title='bbox 2539 3521 2637 3573; x_wconf 79' lang='grc' dir='ltr'>καὶ</span> <span class='ocrx_word' id='word_1_695' title='bbox 2667 3519 2768 3587; x_wconf 84' lang='grc' dir='ltr'>τῆς</span> <span class='ocrx_word' id='word_1_696' title='bbox 2814 3518 2912 3570; x_wconf 88' lang='grc' dir='ltr'><strong>τοῦ</strong></span> <span class='ocrx_word' id='word_1_697' title='bbox 2961 3517 3305 3585; x_wconf 83' lang='grc' dir='ltr'>Μονογενοῦς</span> <span class='ocrx_word' id='word_1_698' title='bbox 3335 3516 3611 3569; x_wconf 72' lang='grc' dir='ltr'>κατεπαί-</span> 
     </span>
    </p>
   </div>
   <div class='ocr_carea' id='block_1_94' title="bbox 2040 3607 3612 3685">
    <p class='ocr_par' dir='ltr' id='par_1_94' title="bbox 2040 3607 3612 3685">
     <span class='ocr_line' id='line_1_94' title="bbox 2040 3607 3612 3685; baseline -0.006 -18"><span class='ocrx_word' id='word_1_699' title='bbox 2040 3613 2203 3685; x_wconf 80' lang='grc' dir='ltr'>ρεσθε</span> <span class='ocrx_word' id='word_1_700' title='bbox 2236 3613 2420 3681; x_wconf 80' lang='grc' dir='ltr'>δόξης,</span> <span class='ocrx_word' id='word_1_701' title='bbox 2444 3614 2513 3665; x_wconf 70' lang='grc' dir='ltr'>ἐκ</span> <span class='ocrx_word' id='word_1_702' title='bbox 2539 3611 2641 3679; x_wconf 80' lang='grc' dir='ltr'>τῆς</span> <span class='ocrx_word' id='word_1_703' title='bbox 2674 3609 2901 3681; x_wconf 78' lang='grc' dir='ltr'>ἐνούσης</span> <span class='ocrx_word' id='word_1_704' title='bbox 2936 3610 3068 3679; x_wconf 85' lang='grc' dir='ltr'>ὑμῖν</span> <span class='ocrx_word' id='word_1_705' title='bbox 3110 3609 3355 3679; x_wconf 76' lang='grc' dir='ltr'>ἀμαθίας</span> <span class='ocrx_word' id='word_1_706' title='bbox 3389 3607 3612 3669; x_wconf 80' lang='grc' dir='ltr'>ἀθλίους</span> 
     </span>
    </p>
   </div>
   <div class='ocr_carea' id='block_1_95' title="bbox 2040 3701 3614 3776">
    <p class='ocr_par' dir='ltr' id='par_1_95' title="bbox 2040 3701 3614 3776">
     <span class='ocr_line' id='line_1_95' title="bbox 2040 3701 3614 3776; baseline -0.007 -16"><span class='ocrx_word' id='word_1_707' title='bbox 2040 3707 2380 3776; x_wconf 79' lang='grc' dir='ltr'>συνείροντες</span> <span class='ocrx_word' id='word_1_708' title='bbox 2426 3703 2763 3773; x_wconf 86' lang='grc' dir='ltr'>λογισμούς;</span> <span class='ocrx_word' id='word_1_709' title='bbox 2809 3704 2873 3755; x_wconf 87' lang='grc' dir='ltr'>Εἰ</span> <span class='ocrx_word' id='word_1_710' title='bbox 2926 3703 3039 3772; x_wconf 79' lang='grc' dir='ltr'><strong>γάρ</strong></span> <span class='ocrx_word' id='word_1_711' title='bbox 3088 3702 3225 3760; x_wconf 81' lang='grc' dir='ltr'>ὅλως</span> <span class='ocrx_word' id='word_1_712' title='bbox 3268 3702 3500 3771; x_wconf 81' lang='grc' dir='ltr'>χορηγεῖ</span> <span class='ocrx_word' id='word_1_713' title='bbox 3552 3701 3614 3750; x_wconf 85' lang='grc' dir='ltr'><strong>τὸ</strong></span> 
     </span>
    </p>
   </div>
   <div class='ocr_carea' id='block_1_96' title="bbox 2040 3791 3611 3867">
    <p class='ocr_par' dir='ltr' id='par_1_96' title="bbox 2040 3791 3611 3867">
     <span class='ocr_line' id='line_1_96' title="bbox 2040 3791 3611 3867; baseline -0.006 -16"><span class='ocrx_word' id='word_1_714' title='bbox 2040 3800 2268 3867; x_wconf 84' lang='grc' dir='ltr'>Πνεῦμα</span> <span class='ocrx_word' id='word_1_715' title='bbox 2294 3796 2450 3864; x_wconf 85' lang='grc' dir='ltr'>παρὰ</span> <span class='ocrx_word' id='word_1_716' title='bbox 2474 3794 2569 3848; x_wconf 88' lang='grc' dir='ltr'><strong>τοῦ</strong></span> <span class='ocrx_word' id='word_1_717' title='bbox 2603 3796 2814 3864; x_wconf 76' lang='grc' dir='ltr'>[ἰατρὸς</span> <span class='ocrx_word' id='word_1_718' title='bbox 2860 3794 2889 3845; x_wconf 92' lang='lat'><strong>6</strong></span> <span class='ocrx_word' id='word_1_719' title='bbox 2914 3795 3042 3856; x_wconf 62' lang='grc' dir='ltr'>Υἱὸς</span> <span class='ocrx_word' id='word_1_720' title='bbox 3071 3795 3129 3846; x_wconf 76' lang='grc' dir='ltr'>ὲν</span> <span class='ocrx_word' id='word_1_721' title='bbox 3156 3793 3432 3862; x_wconf 81' lang='grc' dir='ltr'>ὑπηρέτου</span> <span class='ocrx_word' id='word_1_722' title='bbox 3464 3791 3611 3852; x_wconf 80' lang='grc' dir='ltr'>τινὸς</span> 
     </span>
    </p>
   </div>
   <div class='ocr_carea' id='block_1_97' title="bbox 2039 3882 3615 3956">
    <p class='ocr_par' dir='ltr' id='par_1_97' title="bbox 2039 3882 3615 3956">
     <span class='ocr_line' id='line_1_97' title="bbox 2039 3882 3615 3956; baseline -0.007 -13"><span class='ocrx_word' id='word_1_723' title='bbox 2039 3890 2190 3954; x_wconf 77' lang='grc' dir='ltr'>τάξει</span> <span class='ocrx_word' id='word_1_724' title='bbox 2215 3887 2622 3956; x_wconf 82' lang='grc' dir='ltr'>λελογισμένος,</span> <span class='ocrx_word' id='word_1_725' title='bbox 2657 3888 2775 3949; x_wconf 88' lang='grc' dir='ltr'><strong>πῶς</strong></span> <span class='ocrx_word' id='word_1_726' title='bbox 2823 3885 2924 3938; x_wconf 83' lang='grc' dir='ltr'><strong>οὐκ</strong></span> <span class='ocrx_word' id='word_1_727' title='bbox 2952 3886 3266 3952; x_wconf 72' lang='grc' dir='ltr'>ἀναγκαῖον</span> <span class='ocrx_word' id='word_1_728' title='bbox 3323 3882 3615 3951; x_wconf 82' lang='grc' dir='ltr'>ὁμολογεῖν</span> 
     </span>
    </p>
   </div>
   <div class='ocr_carea' id='block_1_98' title="bbox 2039 3972 3614 4050">
    <p class='ocr_par' dir='ltr' id='par_1_98' title="bbox 2039 3972 3614 4050">
     <span class='ocr_line' id='line_1_98' title="bbox 2039 3972 3614 4050; baseline -0.005 -17"><span class='ocrx_word' id='word_1_729' title='bbox 2039 3980 2116 4043; x_wconf 83' lang='grc' dir='ltr'><strong>ὡς</strong></span> <span class='ocrx_word' id='word_1_730' title='bbox 2142 3979 2428 4050; x_wconf 86' lang='grc' dir='ltr'>ἀλλότριον</span> <span class='ocrx_word' id='word_1_731' title='bbox 2457 3983 2557 4049; x_wconf 76' lang='grc' dir='ltr'>μέν</span> <span class='ocrx_word' id='word_1_732' title='bbox 2585 3981 2702 4031; x_wconf 74' lang='grc' dir='ltr'>ἐστι</span> <span class='ocrx_word' id='word_1_733' title='bbox 2732 3976 3016 4039; x_wconf 79' lang='grc' dir='ltr'>παντελῶς</span> <span class='ocrx_word' id='word_1_734' title='bbox 3038 3976 3139 4045; x_wconf 88' lang='grc' dir='ltr'>τῆς</span> <span class='ocrx_word' id='word_1_735' title='bbox 3185 3975 3378 4033; x_wconf 78' lang='grc' dir='ltr'>οὐσίας</span> <span class='ocrx_word' id='word_1_736' title='bbox 3422 3972 3614 4036; x_wconf 86' lang='grc' dir='ltr'>αὐτοῦ,</span> 
     </span>
    </p>
   </div>
   <div class='ocr_carea' id='block_1_99' title="bbox 2042 4066 3612 4143">
    <p class='ocr_par' dir='ltr' id='par_1_99' title="bbox 2042 4066 3612 4143">
     <span class='ocr_line' id='line_1_99' title="bbox 2042 4066 3612 4143; baseline -0.007 -17"><span class='ocrx_word' id='word_1_737' title='bbox 2042 4073 2185 4143; x_wconf 83' lang='grc' dir='ltr'>τάχα</span> <span class='ocrx_word' id='word_1_738' title='bbox 2204 4071 2262 4125; x_wconf 77' lang='grc' dir='ltr'>δὲ</span> <span class='ocrx_word' id='word_1_739' title='bbox 2297 4071 2523 4141; x_wconf 78' lang='grc' dir='ltr'>ἄμεινον</span> <span class='ocrx_word' id='word_1_740' title='bbox 2549 4068 2742 4134; x_wconf 81' lang='grc' dir='ltr'>αὐτοῦ,</span> <span class='ocrx_word' id='word_1_741' title='bbox 2778 4070 2873 4121; x_wconf 78' lang='grc' dir='ltr'>καὶ</span> <span class='ocrx_word' id='word_1_742' title='bbox 2896 4068 3039 4121; x_wconf 80' lang='grc' dir='ltr'>κατὰ</span> <span class='ocrx_word' id='word_1_743' title='bbox 3068 4066 3206 4120; x_wconf 78' lang='grc' dir='ltr'>πολὺ</span> <span class='ocrx_word' id='word_1_744' title='bbox 3232 4068 3510 4136; x_wconf 78' lang='grc' dir='ltr'>κρεῖττον,</span> <span class='ocrx_word' id='word_1_745' title='bbox 3546 4067 3612 4118; x_wconf 81' lang='grc' dir='ltr'>ἄν</span> 
     </span>
    </p>
   </div>
   <div class='ocr_carea' id='block_1_100' title="bbox 2041 4158 3616 4241">
    <p class='ocr_par' dir='ltr' id='par_1_100' title="bbox 2041 4158 3616 4241">
     <span class='ocr_line' id='line_1_100' title="bbox 2041 4158 3616 4241; baseline -0.005 -24"><span class='ocrx_word' id='word_1_746' title='bbox 2041 4181 2151 4241; x_wconf 81' lang='grc' dir='ltr'><strong>περ</strong></span> <span class='ocrx_word' id='word_1_747' title='bbox 2179 4162 2354 4226; x_wconf 76' lang='grc' dir='ltr'>οὕτως</span> <span class='ocrx_word' id='word_1_748' title='bbox 2402 4163 2501 4235; x_wconf 75' lang='grc' dir='ltr'><strong>ἔχῃ</strong></span> <span class='ocrx_word' id='word_1_749' title='bbox 2560 4163 2708 4216; x_wconf 84' lang='grc' dir='ltr'>κατά</span> <span class='ocrx_word' id='word_1_750' title='bbox 2738 4179 2804 4231; x_wconf 87' lang='grc' dir='ltr'><strong>γε</strong></span> <span class='ocrx_word' id='word_1_751' title='bbox 2860 4161 2963 4233; x_wconf 77' lang='grc' dir='ltr'>τὴν</span> <span class='ocrx_word' id='word_1_752' title='bbox 3001 4161 3134 4230; x_wconf 80' lang='grc' dir='ltr'>παρ’</span> <span class='ocrx_word' id='word_1_753' title='bbox 3164 4161 3294 4230; x_wconf 82' lang='grc' dir='ltr'>ὑμῖν</span> <span class='ocrx_word' id='word_1_754' title='bbox 3329 4158 3616 4229; x_wconf 85' lang='grc' dir='ltr'>ἀμαθίαν;</span> 
     </span>
    </p>
   </div>
   <div class='ocr_carea' id='block_1_101' title="bbox 2044 4250 3617 4325">
    <p class='ocr_par' dir='ltr' id='par_1_101' title="bbox 2044 4250 3617 4325">
     <span class='ocr_line' id='line_1_101' title="bbox 2044 4250 3617 4325; baseline -0.004 -18"><span class='ocrx_word' id='word_1_755' title='bbox 2044 4256 2106 4308; x_wconf 80' lang='lat' dir='ltr'><strong>Et</strong></span> <span class='ocrx_word' id='word_1_756' title='bbox 2138 4255 2245 4325; x_wconf 86' lang='grc' dir='ltr'><strong>γάρ</strong></span> <span class='ocrx_word' id='word_1_757' title='bbox 2272 4255 2373 4308; x_wconf 78' lang='grc' dir='ltr'><strong>οὐκ</strong></span> <span class='ocrx_word' id='word_1_758' title='bbox 2401 4257 2465 4306; x_wconf 75' lang='grc' dir='ltr'>ἐκ</span> <span class='ocrx_word' id='word_1_759' title='bbox 2501 4252 2596 4306; x_wconf 86' lang='grc' dir='ltr'><strong>τοῦ</strong></span> <span class='ocrx_word' id='word_1_760' title='bbox 2646 4254 2861 4323; x_wconf 86' lang='grc' dir='ltr'>Πατρὸς</span> <span class='ocrx_word' id='word_1_761' title='bbox 2911 4251 3297 4323; x_wconf 74' lang='grc' dir='ltr'>ἐκπορεύεται,</span> <span class='ocrx_word' id='word_1_762' title='bbox 3333 4250 3617 4302; x_wconf 80' lang='grc' dir='ltr'>τουτέστιν</span> 
     </span>
    </p>
   </div>
   <div class='ocr_carea' id='block_1_102' title="bbox 2047 4340 3619 4416">
    <p class='ocr_par' dir='ltr' id='par_1_102' title="bbox 2047 4340 3619 4416">
     <span class='ocr_line' id='line_1_102' title="bbox 2047 4340 3619 4416; baseline -0.006 -17"><span class='ocrx_word' id='word_1_763' title='bbox 2047 4347 2112 4400; x_wconf 78' lang='grc' dir='ltr'>ὲκ</span> <span class='ocrx_word' id='word_1_764' title='bbox 2140 4348 2240 4416; x_wconf 79' lang='grc' dir='ltr'>τῆς</span> <span class='ocrx_word' id='word_1_765' title='bbox 2275 4344 2466 4408; x_wconf 79' lang='grc' dir='ltr'>οὐσίας</span> <span class='ocrx_word' id='word_1_766' title='bbox 2493 4343 2659 4397; x_wconf 84' lang='grc' dir='ltr'>αὑτοῦ</span> <span class='ocrx_word' id='word_1_767' title='bbox 2686 4347 2714 4396; x_wconf 91' lang='lat'><strong>6</strong></span> <span class='ocrx_word' id='word_1_768' title='bbox 2746 4343 2874 4406; x_wconf 77' lang='grc' dir='ltr'>Υἱὸς</span> <span class='ocrx_word' id='word_1_769' title='bbox 2899 4344 3022 4396; x_wconf 87' lang='grc' dir='ltr'>καθ’</span> <span class='ocrx_word' id='word_1_770' title='bbox 3054 4343 3223 4412; x_wconf 80' lang='grc' dir='ltr'>ἡμᾶς,</span> <span class='ocrx_word' id='word_1_771' title='bbox 3264 4341 3380 4403; x_wconf 87' lang='grc' dir='ltr'><strong>πῶς</strong></span> <span class='ocrx_word' id='word_1_772' title='bbox 3417 4340 3520 4392; x_wconf 86' lang='grc' dir='ltr'><strong>οὐκ</strong></span> <span class='ocrx_word' id='word_1_773' title='bbox 3563 4341 3619 4391; x_wconf 79' lang='grc' dir='ltr'>ἐν</span> 
     </span>
    </p>
   </div>
   <div class='ocr_carea' id='block_1_103' title="bbox 2050 4425 3621 4507">
    <p class='ocr_par' dir='ltr' id='par_1_103' title="bbox 2050 4425 3621 4507">
     <span class='ocr_line' id='line_1_103' title="bbox 2050 4425 3621 4507; baseline -0.005 -17"><span class='ocrx_word' id='word_1_774' title='bbox 2050 4436 2303 4507; x_wconf 84' lang='grc' dir='ltr'>ἀμείνοσι</span> <span class='ocrx_word' id='word_1_775' title='bbox 2333 4436 2492 4492; x_wconf 84' lang='grc' dir='ltr'>νοοῖτ’</span> <span class='ocrx_word' id='word_1_776' title='bbox 2522 4435 2589 4491; x_wconf 80' lang='grc' dir='ltr'>ἂν</span> <span class='ocrx_word' id='word_1_777' title='bbox 2621 4438 2684 4490; x_wconf 86' lang='grc' dir='ltr'><strong>τὸ</strong></span> <span class='ocrx_word' id='word_1_778' title='bbox 2714 4435 2944 4506; x_wconf 84' lang='grc' dir='ltr'>Πνεῦμα</span> <span class='ocrx_word' id='word_1_779' title='bbox 2983 4436 3134 4504; x_wconf 82' lang='grc' dir='ltr'><strong>παρά</strong></span> <span class='ocrx_word' id='word_1_780' title='bbox 3162 4434 3258 4486; x_wconf 88' lang='grc' dir='ltr'><strong>τὸν</strong></span> <span class='ocrx_word' id='word_1_781' title='bbox 3289 4432 3449 4496; x_wconf 84' lang='grc' dir='ltr'>Υἰόν;</span> <span class='ocrx_word' id='word_1_782' title='bbox 3485 4425 3621 4483; x_wconf 75' lang='grc' dir='ltr'>Εἶτα</span> 
     </span>
    </p>
   </div>
   <div class='ocr_carea' id='block_1_104' title="bbox 2047 4519 3619 4593">
    <p class='ocr_par' dir='ltr' id='par_1_104' title="bbox 2047 4519 3619 4593">
     <span class='ocr_line' id='line_1_104' title="bbox 2047 4519 3619 4593; baseline -0.004 -16"><span class='ocrx_word' id='word_1_783' title='bbox 2047 4526 2100 4577; x_wconf 82' lang='grc' dir='ltr'><strong>τί</strong></span> <span class='ocrx_word' id='word_1_784' title='bbox 2138 4539 2344 4592; x_wconf 80' lang='grc' dir='ltr'>φαμεν,</span> <span class='ocrx_word' id='word_1_785' title='bbox 2373 4525 2502 4579; x_wconf 81' lang='grc' dir='ltr'>ὅταν</span> <span class='ocrx_word' id='word_1_786' title='bbox 2530 4524 2859 4593; x_wconf 82' lang='grc' dir='ltr'>ἀκούσωμεν</span> <span class='ocrx_word' id='word_1_787' title='bbox 2887 4523 3141 4592; x_wconf 78' lang='grc' dir='ltr'>λέγοντος</span> <span class='ocrx_word' id='word_1_788' title='bbox 3172 4521 3306 4591; x_wconf 78' lang='grc' dir='ltr'>περὶ</span> <span class='ocrx_word' id='word_1_789' title='bbox 3331 4519 3503 4574; x_wconf 85' lang='grc' dir='ltr'>αὐτοῦ</span> <span class='ocrx_word' id='word_1_790' title='bbox 3535 4520 3619 4572; x_wconf 86' lang='grc' dir='ltr'>ὅτι</span> 
     </span>
    </p>
   </div>
   <div class='ocr_carea' id='block_1_105' title="bbox 2059 4613 3623 4688">
    <p class='ocr_par' dir='ltr' id='par_1_105' title="bbox 2059 4613 3623 4688">
     <span class='ocr_line' id='line_1_105' title="bbox 2059 4613 3623 4688; baseline -0.004 -19"><span class='ocrx_word' id='word_1_791' title='bbox 2059 4636 2079 4669; x_wconf 76' lang='grc' dir='ltr'><strong>ι</strong></span> <span class='ocrx_word' id='word_1_792' title='bbox 2102 4618 2344 4680; x_wconf 84' lang='grc' dir='ltr'>Ἐκεῖνος</span> <span class='ocrx_word' id='word_1_793' title='bbox 2367 4617 2469 4688; x_wconf 73' lang='grc' dir='ltr'><strong>ἐμὲ</strong></span> <span class='ocrx_word' id='word_1_794' title='bbox 2492 4617 2731 4684; x_wconf 80' lang='grc' dir='ltr'>δοξάσει,</span> <span class='ocrx_word' id='word_1_795' title='bbox 2765 4617 2848 4670; x_wconf 84' lang='grc' dir='ltr'>ὅτι</span> <span class='ocrx_word' id='word_1_796' title='bbox 2869 4618 2935 4669; x_wconf 84' lang='grc' dir='ltr'>ὲκ</span> <span class='ocrx_word' id='word_1_797' title='bbox 2963 4615 3059 4668; x_wconf 88' lang='grc' dir='ltr'><strong>τοῦ</strong></span> <span class='ocrx_word' id='word_1_798' title='bbox 3080 4613 3215 4684; x_wconf 80' lang='grc' dir='ltr'>ἐμοῦ</span> <span class='ocrx_word' id='word_1_799' title='bbox 3246 4613 3500 4682; x_wconf 73' lang='grc' dir='ltr'>λήψεται,</span> <span class='ocrx_word' id='word_1_800' title='bbox 3527 4613 3623 4663; x_wconf 76' lang='grc' dir='ltr'>καὶ</span> 
     </span>
    </p>
   </div>
   <div class='ocr_carea' id='block_1_106' title="bbox 2046 4705 3625 4780">
    <p class='ocr_par' dir='ltr' id='par_1_106' title="bbox 2046 4705 3625 4780">
     <span class='ocr_line' id='line_1_106' title="bbox 2046 4705 3625 4780; baseline -0.004 -19"><span class='ocrx_word' id='word_1_801' title='bbox 2046 4708 2340 4777; x_wconf 82' lang='grc' dir='ltr'>ἀναγγελεῖ</span> <span class='ocrx_word' id='word_1_802' title='bbox 2383 4711 2512 4779; x_wconf 84' lang='grc' dir='ltr'>ὑμῖν</span> <span class='ocrx_word' id='word_1_803' title='bbox 2536 4726 2582 4776; x_wconf 76' lang='grc' dir='ltr'><strong>ςι</strong></span> <span class='ocrx_word' id='word_1_804' title='bbox 2621 4709 2762 4780; x_wconf 86' lang='grc' dir='ltr'>Πρὸς</span> <span class='ocrx_word' id='word_1_805' title='bbox 2789 4708 2845 4760; x_wconf 83' lang='grc' dir='ltr'>δὲ</span> <span class='ocrx_word' id='word_1_806' title='bbox 2890 4711 3004 4770; x_wconf 85' lang='grc' dir='ltr'>τοῖς</span> <span class='ocrx_word' id='word_1_807' title='bbox 3033 4708 3347 4778; x_wconf 74' lang='grc' dir='ltr'>εἰρημένοις</span> <span class='ocrx_word' id='word_1_808' title='bbox 3395 4705 3625 4757; x_wconf 79' lang='grc' dir='ltr'>κάκεῖνο</span> 
     </span>
    </p>
   </div>
   <div class='ocr_carea' id='block_1_107' title="bbox 2044 4790 3623 4867">
    <p class='ocr_par' dir='ltr' id='par_1_107' title="bbox 2044 4790 3623 4867">
     <span class='ocr_line' id='line_1_107' title="bbox 2044 4790 3623 4867; baseline -0.005 -18"><span class='ocrx_word' id='word_1_809' title='bbox 2044 4798 2233 4850; x_wconf 85' lang='grc' dir='ltr'>λοιπὸν</span> <span class='ocrx_word' id='word_1_810' title='bbox 2261 4798 2336 4861; x_wconf 82' lang='grc' dir='ltr'>ὡς</span> <span class='ocrx_word' id='word_1_811' title='bbox 2363 4797 2422 4863; x_wconf 70' lang='grc' dir='ltr'><strong>ἐξ</strong></span> <span class='ocrx_word' id='word_1_812' title='bbox 2448 4800 2696 4866; x_wconf 82' lang='grc' dir='ltr'>ἀνάγκης</span> <span class='ocrx_word' id='word_1_813' title='bbox 2723 4797 3151 4867; x_wconf 75' lang='grc' dir='ltr'>είσϐήσεται.-Εί</span> <span class='ocrx_word' id='word_1_814' title='bbox 3179 4798 3286 4863; x_wconf 85' lang='grc' dir='ltr'><strong>γάρ</strong></span> <span class='ocrx_word' id='word_1_815' title='bbox 3309 4790 3623 4860; x_wconf 81' lang='grc' dir='ltr'>ὑπουργίαν</span> 
     </span>
    </p>
   </div>
   <div class='ocr_carea' id='block_1_108' title="bbox 2042 4883 3624 4957">
    <p class='ocr_par' dir='ltr' id='par_1_108' title="bbox 2042 4883 3624 4957">
     <span class='ocr_line' id='line_1_108' title="bbox 2042 4883 3624 4957; baseline -0.004 -18"><span class='ocrx_word' id='word_1_816' title='bbox 2042 4887 2362 4957; x_wconf 83' lang='grc' dir='ltr'>διακονικὴν</span> <span class='ocrx_word' id='word_1_817' title='bbox 2395 4886 2753 4957; x_wconf 81' lang='grc' dir='ltr'>ἀποπληροῦν</span> <span class='ocrx_word' id='word_1_818' title='bbox 2782 4888 2961 4940; x_wconf 76' lang='grc' dir='ltr'>οἴεσθε</span> <span class='ocrx_word' id='word_1_819' title='bbox 2987 4887 3076 4939; x_wconf 90' lang='grc' dir='ltr'><strong>τὸν</strong></span> <span class='ocrx_word' id='word_1_820' title='bbox 3103 4886 3229 4937; x_wconf 84' lang='grc' dir='ltr'>Υἰὸν</span> <span class='ocrx_word' id='word_1_821' title='bbox 3256 4886 3317 4937; x_wconf 90' lang='grc' dir='ltr'><strong>τὸ</strong></span> <span class='ocrx_word' id='word_1_822' title='bbox 3339 4883 3624 4951; x_wconf 83' lang='grc' dir='ltr'>ἀλλότριον</span> 
     </span>
    </p>
   </div>
   <div class='ocr_carea' id='block_1_109' title="bbox 2018 4976 3619 5048">
    <p class='ocr_par' dir='ltr' id='par_1_109' title="bbox 2018 4976 3619 5048">
     <span class='ocr_line' id='line_1_109' title="bbox 2018 4976 3619 5048; baseline 0.001 -18"><span class='ocrx_word' id='word_1_823' title='bbox 2018 4980 2206 5048; x_wconf 86' lang='grc' dir='ltr'>.ἡμῖν,</span> <span class='ocrx_word' id='word_1_824' title='bbox 2238 4979 2492 5033; x_wconf 76' lang='grc' dir='ltr'>τουτέστι</span> <span class='ocrx_word' id='word_1_825' title='bbox 2524 4980 2583 5031; x_wconf 83' lang='grc' dir='ltr'><strong>τὸ</strong></span> <span class='ocrx_word' id='word_1_826' title='bbox 2617 4981 2769 5048; x_wconf 76' lang='grc' dir='ltr'>παρὰ</span> <span class='ocrx_word' id='word_1_827' title='bbox 2797 4981 2891 5032; x_wconf 89' lang='grc' dir='ltr'><strong>τοῦ</strong></span> <span class='ocrx_word' id='word_1_828' title='bbox 2916 4977 3054 5032; x_wconf 84' lang='grc' dir='ltr'>Θεοῦ</span> <span class='ocrx_word' id='word_1_829' title='bbox 3080 4980 3177 5031; x_wconf 77' lang='grc' dir='ltr'>καὶ</span> <span class='ocrx_word' id='word_1_830' title='bbox 3201 4976 3434 5046; x_wconf 80' lang='grc' dir='ltr'>Πατρδς,</span> <span class='ocrx_word' id='word_1_831' title='bbox 3456 4989 3619 5041; x_wconf 72' lang='grc' dir='ltr'>κεχο-</span> 
     </span>
    </p>
   </div>
   <div class='ocr_carea' id='block_1_110' title="bbox 2050 5064 3628 5139">
    <p class='ocr_par' dir='ltr' id='par_1_110' title="bbox 2050 5064 3628 5139">
     <span class='ocr_line' id='line_1_110' title="bbox 2050 5064 3628 5139; baseline -0.008 -13"><span class='ocrx_word' id='word_1_832' title='bbox 2050 5070 2344 5139; x_wconf 83' lang='grc' dir='ltr'>ρηγηκότσ.</span> <span class='ocrx_word' id='word_1_833' title='bbox 2381 5070 2536 5137; x_wconf 76' lang='grc' dir='ltr'>ἅγιον</span> <span class='ocrx_word' id='word_1_834' title='bbox 2579 5069 2638 5122; x_wconf 79' lang='grc' dir='ltr'>ὃν</span> <span class='ocrx_word' id='word_1_835' title='bbox 2674 5072 2829 5123; x_wconf 75' lang='grc' dir='ltr'><strong>¹κατὰ</strong></span> <span class='ocrx_word' id='word_1_836' title='bbox 2873 5070 3037 5137; x_wconf 84' lang='grc' dir='ltr'>φύσιν</span> <span class='ocrx_word' id='word_1_837' title='bbox 3090 5068 3337 5138; x_wconf 85' lang='grc' dir='ltr'>Πνεῦμα,</span> <span class='ocrx_word' id='word_1_838' title='bbox 3386 5067 3449 5118; x_wconf 85' lang='grc' dir='ltr'><strong>οὐ</strong></span> <span class='ocrx_word' id='word_1_839' title='bbox 3485 5064 3628 5117; x_wconf 79' lang='grc' dir='ltr'>κατὰ</span> 
     </span>
    </p>
   </div>
   <div class='ocr_carea' id='block_1_111' title="bbox 2056 5156 3628 5231">
    <p class='ocr_par' dir='ltr' id='par_1_111' title="bbox 2056 5156 3628 5231">
     <span class='ocr_line' id='line_1_111' title="bbox 2056 5156 3628 5231; baseline -0.001 -20"><span class='ocrx_word' id='word_1_840' title='bbox 2056 5160 2218 5227; x_wconf 80' lang='grc' dir='ltr'>φύσιν</span> <span class='ocrx_word' id='word_1_841' title='bbox 2254 5162 2406 5227; x_wconf 78' lang='grc' dir='ltr'>ἅγιος</span> <span class='ocrx_word' id='word_1_842' title='bbox 2430 5164 2458 5213; x_wconf 89' lang='lat'><strong>6</strong></span> <span class='ocrx_word' id='word_1_843' title='bbox 2488 5162 2629 5224; x_wconf 80' lang='grc' dir='ltr'>ι’ίὸς,</span> <span class='ocrx_word' id='word_1_844' title='bbox 2659 5163 2802 5215; x_wconf 73' lang='grc' dir='ltr'>κατὰ</span> <span class='ocrx_word' id='word_1_845' title='bbox 2844 5162 3063 5231; x_wconf 77' lang='grc' dir='ltr'>μέθεξιν</span> <span class='ocrx_word' id='word_1_846' title='bbox 3102 5161 3181 5222; x_wconf 79' lang='grc' dir='ltr'>δὲ,</span> <span class='ocrx_word' id='word_1_847' title='bbox 3228 5159 3419 5228; x_wconf 82' lang='grc' dir='ltr'>ὥσπερ</span> <span class='ocrx_word' id='word_1_848' title='bbox 3442 5156 3628 5227; x_wconf 76' lang='grc' dir='ltr'>ἡμεῖς.</span> 
     </span>
    </p>
   </div>
   <div class='ocr_carea' id='block_1_112' title="bbox 2060 5247 3631 5323">
    <p class='ocr_par' dir='ltr' id='par_1_112' title="bbox 2060 5247 3631 5323">
     <span class='ocr_line' id='line_1_112' title="bbox 2060 5247 3631 5323; baseline -0.006 -17"><span class='ocrx_word' id='word_1_849' title='bbox 2060 5254 2301 5321; x_wconf 77' lang='grc' dir='ltr'>Λέγεται</span> <span class='ocrx_word' id='word_1_850' title='bbox 2378 5254 2488 5323; x_wconf 76' lang='grc' dir='ltr'>γὰρ</span> <span class='ocrx_word' id='word_1_851' title='bbox 2540 5256 2681 5306; x_wconf 84' lang='grc' dir='ltr'><strong>κατά</strong></span> <span class='ocrx_word' id='word_1_852' title='bbox 2730 5253 2831 5323; x_wconf 70' lang='grc' dir='ltr'>τὴν</span> <span class='ocrx_word' id='word_1_853' title='bbox 2878 5256 2989 5304; x_wconf 81' lang='grc' dir='ltr'><strong>τῶν</strong></span> <span class='ocrx_word' id='word_1_854' title='bbox 3039 5251 3317 5304; x_wconf 76' lang='grc' dir='ltr'>δυσσεὸῶν</span> <span class='ocrx_word' id='word_1_855' title='bbox 3384 5247 3631 5318; x_wconf 83' lang='grc' dir='ltr'>ἀμαθίαν</span> 
     </span>
    </p>
   </div>
   <div class='ocr_carea' id='block_1_113' title="bbox 2049 5338 3634 5416">
    <p class='ocr_par' dir='ltr' id='par_1_113' title="bbox 2049 5338 3634 5416">
     <span class='ocr_line' id='line_1_113' title="bbox 2049 5338 3634 5416; baseline -0.005 -16"><span class='ocrx_word' id='word_1_856' title='bbox 2049 5347 2331 5416; x_wconf 78' lang='grc' dir='ltr'>ἀλλότριος</span> <span class='ocrx_word' id='word_1_857' title='bbox 2384 5343 2523 5399; x_wconf 77' lang='grc' dir='ltr'>εἶναι</span> <span class='ocrx_word' id='word_1_858' title='bbox 2576 5347 2677 5416; x_wconf 80' lang='grc' dir='ltr'>τῆς</span> <span class='ocrx_word' id='word_1_859' title='bbox 2730 5347 2920 5408; x_wconf 69' lang='grc' dir='ltr'>οὐσίας</span> <span class='ocrx_word' id='word_1_860' title='bbox 2970 5345 3065 5398; x_wconf 87' lang='grc' dir='ltr'><strong>τοῦ</strong></span> <span class='ocrx_word' id='word_1_861' title='bbox 3098 5345 3313 5415; x_wconf 84' lang='grc' dir='ltr'>Πατρὸς</span> <span class='ocrx_word' id='word_1_862' title='bbox 3342 5343 3403 5408; x_wconf 76' lang='grc' dir='ltr'>ἐξ</span> <span class='ocrx_word' id='word_1_863' title='bbox 3439 5338 3507 5412; x_wconf 76' lang='grc' dir='ltr'>ἧς</span> <span class='ocrx_word' id='word_1_864' title='bbox 3535 5341 3634 5394; x_wconf 81' lang='grc' dir='ltr'>καὶ</span> 
     </span>
    </p>
   </div>
   <div class='ocr_carea' id='block_1_114' title="bbox 2052 5433 3633 5508">
    <p class='ocr_par' dir='ltr' id='par_1_114' title="bbox 2052 5433 3633 5508">
     <span class='ocr_line' id='line_1_114' title="bbox 2052 5433 3633 5508; baseline -0.004 -17"><span class='ocrx_word' id='word_1_865' title='bbox 2052 5439 2265 5507; x_wconf 83' lang='grc' dir='ltr'>πρόεισι</span> <span class='ocrx_word' id='word_1_866' title='bbox 2286 5439 2348 5490; x_wconf 85' lang='grc' dir='ltr'><strong>τὸ</strong></span> <span class='ocrx_word' id='word_1_867' title='bbox 2372 5438 2598 5508; x_wconf 81' lang='grc' dir='ltr'>Πνεῦμα</span> <span class='ocrx_word' id='word_1_868' title='bbox 2615 5440 2673 5490; x_wconf 87' lang='grc' dir='ltr'><strong>τὸ</strong></span> <span class='ocrx_word' id='word_1_869' title='bbox 2694 5438 2760 5490; x_wconf 82' lang='grc' dir='ltr'><strong>δι’</strong></span> <span class='ocrx_word' id='word_1_870' title='bbox 2785 5433 2948 5491; x_wconf 78' lang='grc' dir='ltr'>αὐτοῦ</span> <span class='ocrx_word' id='word_1_871' title='bbox 2972 5439 3399 5508; x_wconf 80' lang='grc' dir='ltr'>χορηγούμενον.</span> <span class='ocrx_word' id='word_1_872' title='bbox 3430 5435 3633 5488; x_wconf 77' lang='grc' dir='ltr'>Ἔσται</span> 
     </span>
    </p>
   </div>
   <div class='ocr_carea' id='block_1_115' title="bbox 2050 5522 3632 5598">
    <p class='ocr_par' dir='ltr' id='par_1_115' title="bbox 2050 5522 3632 5598">
     <span class='ocr_line' id='line_1_115' title="bbox 2050 5522 3632 5598; baseline -0.001 -20"><span class='ocrx_word' id='word_1_873' title='bbox 2050 5532 2227 5581; x_wconf 78' lang='grc' dir='ltr'>τοίνυν</span> <span class='ocrx_word' id='word_1_874' title='bbox 2285 5530 2391 5582; x_wconf 86' lang='grc' dir='ltr'><strong>τῶν</strong></span> <span class='ocrx_word' id='word_1_875' title='bbox 2445 5530 2834 5598; x_wconf 72' lang='grc' dir='ltr'>ἐνδεχομένων,</span> <span class='ocrx_word' id='word_1_876' title='bbox 2864 5531 3025 5598; x_wconf 80' lang='grc' dir='ltr'>εἰπερ</span> <span class='ocrx_word' id='word_1_877' title='bbox 3054 5530 3152 5580; x_wconf 87' lang='grc' dir='ltr'><strong>οὐκ</strong></span> <span class='ocrx_word' id='word_1_878' title='bbox 3193 5529 3322 5580; x_wconf 80' lang='grc' dir='ltr'>ίδιον</span> <span class='ocrx_word' id='word_1_879' title='bbox 3351 5525 3448 5578; x_wconf 87' lang='grc' dir='ltr'><strong>τοῦ</strong></span> <span class='ocrx_word' id='word_1_880' title='bbox 3500 5522 3632 5578; x_wconf 88' lang='grc' dir='ltr'><strong>Υίοῦ</strong></span> 
     </span>
    </p>
   </div>
   <div class='ocr_carea' id='block_1_116' title="bbox 2050 5615 3632 5690">
    <p class='ocr_par' dir='ltr' id='par_1_116' title="bbox 2050 5615 3632 5690">
     <span class='ocr_line' id='line_1_116' title="bbox 2050 5615 3632 5690; baseline -0.003 -19"><span class='ocrx_word' id='word_1_881' title='bbox 2050 5619 2110 5671; x_wconf 81' lang='grc' dir='ltr'><strong>τὸ</strong></span> <span class='ocrx_word' id='word_1_882' title='bbox 2148 5620 2372 5689; x_wconf 74' lang='grc' dir='ltr'>Πνεῦμα</span> <span class='ocrx_word' id='word_1_883' title='bbox 2402 5624 2572 5686; x_wconf 75' lang='grc' dir='ltr'>ἐστιν,</span> <span class='ocrx_word' id='word_1_884' title='bbox 2609 5621 2723 5673; x_wconf 79' lang='grc' dir='ltr'>ἀλλ’</span> <span class='ocrx_word' id='word_1_885' title='bbox 2759 5619 3071 5690; x_wconf 82' lang='grc' dir='ltr'>εἰσποιητὸν</span> <span class='ocrx_word' id='word_1_886' title='bbox 3106 5621 3214 5689; x_wconf 67' lang='grc' dir='ltr'>ἔχει</span> <span class='ocrx_word' id='word_1_887' title='bbox 3241 5620 3337 5672; x_wconf 69' lang='grc' dir='ltr'>καὶ</span> <span class='ocrx_word' id='word_1_888' title='bbox 3360 5618 3523 5680; x_wconf 77' lang='grc' dir='ltr'>αὐτὸς</span> <span class='ocrx_word' id='word_1_889' title='bbox 3539 5615 3632 5668; x_wconf 87' lang='grc' dir='ltr'><strong>τὸν</strong></span> 
     </span>
    </p>
   </div>
  </div>
