  <div class='ocr_page' id='page_1' title='image "/cluster/home/n/w/nwhite01/storage/ocr_20150623/141/coo.31924054870468/332.png"; bbox 0 0 3958 6422; ppageno 0'>
   <div class='ocr_carea' id='block_1_1' title="bbox 351 463 459 528">
    <p class='ocr_par' dir='ltr' id='par_1_1' title="bbox 351 463 459 528">
     <span class='ocr_line' id='line_1_1' title="bbox 351 463 459 528; baseline -0.028 0"><span class='ocrx_word' id='word_1_1' title='bbox 351 463 459 528; x_wconf 79' lang='grc'><strong>657</strong></span> 
     </span>
    </p>
   </div>
   <div class='ocr_carea' id='block_1_2' title="bbox 1763 460 2249 523">
    <p class='ocr_par' dir='ltr' id='par_1_2' title="bbox 1763 460 2249 523">
     <span class='ocr_line' id='line_1_2' title="bbox 1763 460 2249 523; baseline -0.002 -2"><span class='ocrx_word' id='word_1_2' title='bbox 1763 460 2249 523; x_wconf 70' lang='grc' dir='ltr'><strong>ΕΡΙῧΠΑΡΗίΕ.</strong></span> 
     </span>
    </p>
   </div>
   <div class='ocr_carea' id='block_1_3' title="bbox 3489 461 3595 523">
    <p class='ocr_par' dir='ltr' id='par_1_3' title="bbox 3489 461 3595 523">
     <span class='ocr_line' id='line_1_3' title="bbox 3489 461 3595 523; baseline 0 0"><span class='ocrx_word' id='word_1_3' title='bbox 3489 461 3595 523; x_wconf 79' lang='grc'>658</span> 
     </span>
    </p>
   </div>
   <div class='ocr_carea' id='block_1_4' title="bbox 355 573 1932 647">
    <p class='ocr_par' dir='ltr' id='par_1_4' title="bbox 355 573 1930 647">
     <span class='ocr_line' id='line_1_4' title="bbox 355 573 1930 647; baseline -0.005 -15"><span class='ocrx_word' id='word_1_4' title='bbox 355 576 653 647; x_wconf 71' lang='grc' dir='ltr'><strong>ἁγιασμδν,</strong></span> <span class='ocrx_word' id='word_1_5' title='bbox 690 576 940 645; x_wconf 77' lang='grc' dir='ltr'><strong>καθάπερ</strong></span> <span class='ocrx_word' id='word_1_6' title='bbox 973 578 1005 645; x_wconf 89' lang='grc' dir='ltr'><strong>ή</strong></span> <span class='ocrx_word' id='word_1_7' title='bbox 1055 574 1253 639; x_wconf 78' lang='grc' dir='ltr'><strong>κτίσις,</strong></span> <span class='ocrx_word' id='word_1_8' title='bbox 1293 573 1388 628; x_wconf 81' lang='grc' dir='ltr'><strong>καὶ</strong></span> <span class='ocrx_word' id='word_1_9' title='bbox 1422 574 1723 628; x_wconf 78' lang='grc' dir='ltr'><strong>ἀποπεσεῖν</strong></span> <span class='ocrx_word' id='word_1_10' title='bbox 1770 573 1930 627; x_wconf 79' lang='grc' dir='ltr'><strong>δύνα-</strong></span> 
     </span>
    </p>
   </div>
   <div class='ocr_carea' id='block_1_5' title="bbox 2037 573 3604 647">
    <p class='ocr_par' dir='ltr' id='par_1_5' title="bbox 2037 574 3604 644">
     <span class='ocr_line' id='line_1_5' title="bbox 2037 574 3604 644; baseline 0 -16"><span class='ocrx_word' id='word_1_11' title='bbox 2037 575 2336 629; x_wconf 89' lang='lat' dir='ltr'><strong>secundum</strong></span> <span class='ocrx_word' id='word_1_12' title='bbox 2374 574 2485 643; x_wconf 88' lang='lat' dir='ltr'><strong>jam</strong></span> <span class='ocrx_word' id='word_1_13' title='bbox 2523 576 2811 631; x_wconf 87' lang='lat' dir='ltr'><strong>adductam</strong></span> <span class='ocrx_word' id='word_1_14' title='bbox 2842 574 3146 630; x_wconf 76' lang='lat' dir='ltr'><strong>rationem?</strong></span> <span class='ocrx_word' id='word_1_15' title='bbox 3172 575 3278 629; x_wconf 88' lang='lat' dir='ltr'><strong>Sed</strong></span> <span class='ocrx_word' id='word_1_16' title='bbox 3307 575 3430 644; x_wconf 83' lang='lat' dir='ltr'><strong>quis</strong></span> <span class='ocrx_word' id='word_1_17' title='bbox 3464 576 3604 630; x_wconf 88' lang='lat' dir='ltr'><strong>hanc</strong></span> 
     </span>
    </p>
   </div>
   <div class='ocr_carea' id='block_1_6' title="bbox 356 664 1928 737">
    <p class='ocr_par' dir='ltr' id='par_1_6' title="bbox 356 664 1928 737">
     <span class='ocr_line' id='line_1_6' title="bbox 356 664 1928 737; baseline -0.004 -12"><span class='ocrx_word' id='word_1_18' title='bbox 356 672 480 726; x_wconf 86' lang='grc' dir='ltr'><strong>σθαι</strong></span> <span class='ocrx_word' id='word_1_19' title='bbox 515 685 644 722; x_wconf 87' lang='grc' dir='ltr'><strong>ποτε</strong></span> <span class='ocrx_word' id='word_1_20' title='bbox 676 669 775 737; x_wconf 80' lang='grc' dir='ltr'><strong>τῆς</strong></span> <span class='ocrx_word' id='word_1_21' title='bbox 803 669 1029 735; x_wconf 84' lang='grc' dir='ltr'><strong>ἐνούσης</strong></span> <span class='ocrx_word' id='word_1_22' title='bbox 1056 666 1346 734; x_wconf 83' lang='grc' dir='ltr'><strong>ἁγιότητος</strong></span> <span class='ocrx_word' id='word_1_23' title='bbox 1381 664 1551 737; x_wconf 76' lang='grc' dir='ltr'><strong>αὐτῷ.</strong></span> <span class='ocrx_word' id='word_1_24' title='bbox 1585 665 1660 719; x_wconf 80' lang='grc' dir='ltr'>Τὸ</span> <span class='ocrx_word' id='word_1_25' title='bbox 1701 665 1809 736; x_wconf 74' lang='grc' dir='ltr'><strong>γὰρ</strong></span> <span class='ocrx_word' id='word_1_26' title='bbox 1852 666 1928 729; x_wconf 87' lang='grc' dir='ltr'><strong>ὡς</strong></span> 
     </span>
    </p>
   </div>
   <div class='ocr_carea' id='block_1_7' title="bbox 355 755 1928 829">
    <p class='ocr_par' dir='ltr' id='par_1_7' title="bbox 355 755 1928 829">
     <span class='ocr_line' id='line_1_7' title="bbox 355 755 1928 829; baseline -0.004 -15"><span class='ocrx_word' id='word_1_27' title='bbox 355 764 414 814; x_wconf 71' lang='grc' dir='ltr'><strong>ἐν</strong></span> <span class='ocrx_word' id='word_1_28' title='bbox 441 761 594 825; x_wconf 78' lang='grc' dir='ltr'><strong>τάξει</strong></span> <span class='ocrx_word' id='word_1_29' title='bbox 629 759 948 829; x_wconf 80' lang='grc' dir='ltr'><strong>προσθήκης</strong></span> <span class='ocrx_word' id='word_1_30' title='bbox 1002 756 1318 827; x_wconf 77' lang='grc' dir='ltr'><strong>ἐπικτηθὲν,</strong></span> <span class='ocrx_word' id='word_1_31' title='bbox 1351 755 1469 819; x_wconf 86' lang='grc' dir='ltr'><strong>πῶς</strong></span> <span class='ocrx_word' id='word_1_32' title='bbox 1525 756 1626 810; x_wconf 77' lang='grc' dir='ltr'><strong>οὐκ</strong></span> <span class='ocrx_word' id='word_1_33' title='bbox 1675 755 1743 809; x_wconf 85' lang='grc' dir='ltr'><strong>ἃν</strong></span> <span class='ocrx_word' id='word_1_34' title='bbox 1788 756 1928 809; x_wconf 84' lang='grc' dir='ltr'><strong>ἀπο-</strong></span> 
     </span>
    </p>
   </div>
   <div class='ocr_carea' id='block_1_8' title="bbox 356 842 1932 920">
    <p class='ocr_par' dir='ltr' id='par_1_8' title="bbox 356 842 1932 920">
     <span class='ocr_line' id='line_1_8' title="bbox 356 842 1932 920; baseline -0.003 -17"><span class='ocrx_word' id='word_1_35' title='bbox 356 851 567 920; x_wconf 85' lang='grc' dir='ltr'><strong>γένοιτο</strong></span> <span class='ocrx_word' id='word_1_36' title='bbox 596 849 739 902; x_wconf 82' lang='grc' dir='ltr'><strong>κατά</strong></span> <span class='ocrx_word' id='word_1_37' title='bbox 755 863 818 914; x_wconf 82' lang='grc' dir='ltr'><strong>γε</strong></span> <span class='ocrx_word' id='word_1_38' title='bbox 845 848 936 900; x_wconf 84' lang='grc' dir='ltr'><strong>τὸν</strong></span> <span class='ocrx_word' id='word_1_39' title='bbox 955 847 1048 899; x_wconf 87' lang='grc' dir='ltr'><strong>τοῦ</strong></span> <span class='ocrx_word' id='word_1_40' title='bbox 1068 846 1440 917; x_wconf 82' lang='grc' dir='ltr'><strong>ἐγχωροῦντος</strong></span> <span class='ocrx_word' id='word_1_41' title='bbox 1468 845 1660 915; x_wconf 83' lang='grc' dir='ltr'><strong>λόγον;</strong></span> <span class='ocrx_word' id='word_1_42' title='bbox 1684 842 1818 898; x_wconf 85' lang='grc' dir='ltr'><strong>Εἶτα</strong></span> <span class='ocrx_word' id='word_1_43' title='bbox 1849 845 1932 909; x_wconf 83' lang='grc' dir='ltr'><strong>τίς</strong></span> 
     </span>
    </p>
   </div>
   <div class='ocr_carea' id='block_1_9' title="bbox 353 939 1930 1010">
    <p class='ocr_par' dir='ltr' id='par_1_9' title="bbox 353 939 1930 1010">
     <span class='ocr_line' id='line_1_9' title="bbox 353 939 1930 1010; baseline -0.005 -13"><span class='ocrx_word' id='word_1_44' title='bbox 353 944 463 997; x_wconf 85' lang='grc' dir='ltr'><strong>τῶν</strong></span> <span class='ocrx_word' id='word_1_45' title='bbox 493 941 748 995; x_wconf 79' lang='grc' dir='ltr'><strong>τοιούτων</strong></span> <span class='ocrx_word' id='word_1_46' title='bbox 777 942 878 993; x_wconf 78' lang='grc' dir='ltr'><strong>οὐκ</strong></span> <span class='ocrx_word' id='word_1_47' title='bbox 907 940 1306 1009; x_wconf 77' lang='grc' dir='ltr'><strong>ἁποδραμεῖται</strong></span> <span class='ocrx_word' id='word_1_48' title='bbox 1328 939 1619 1010; x_wconf 78' lang='grc' dir='ltr'><strong>δογμάτων</strong></span> <span class='ocrx_word' id='word_1_49' title='bbox 1643 955 1658 1005; x_wconf 88' lang='lat'><strong>;</strong></span> <span class='ocrx_word' id='word_1_50' title='bbox 1691 939 1930 1008; x_wconf 88' lang='grc' dir='ltr'><strong>Πρεπω-</strong></span> 
     </span>
    </p>
   </div>
   <div class='ocr_carea' id='block_1_10' title="bbox 352 1026 1930 1102">
    <p class='ocr_par' dir='ltr' id='par_1_10' title="bbox 352 1026 1930 1102">
     <span class='ocr_line' id='line_1_10' title="bbox 352 1026 1930 1102; baseline -0.004 -16"><span class='ocrx_word' id='word_1_51' title='bbox 352 1034 607 1102; x_wconf 81' lang='grc' dir='ltr'><strong>δέστερον</strong></span> <span class='ocrx_word' id='word_1_52' title='bbox 642 1031 700 1084; x_wconf 81' lang='grc' dir='ltr'><strong>δὲ</strong></span> <span class='ocrx_word' id='word_1_53' title='bbox 742 1026 895 1100; x_wconf 73' lang='grc' dir='ltr'><strong>οἴμαι</strong></span> <span class='ocrx_word' id='word_1_54' title='bbox 926 1031 986 1084; x_wconf 87' lang='grc' dir='ltr'><strong>τὸ</strong></span> <span class='ocrx_word' id='word_1_55' title='bbox 1024 1030 1199 1093; x_wconf 78' lang='grc' dir='ltr'><strong>οὕτως</strong></span> <span class='ocrx_word' id='word_1_56' title='bbox 1228 1032 1405 1084; x_wconf 80' lang='grc' dir='ltr'><strong>εἰπεῖν</strong></span> <span class='ocrx_word' id='word_1_57' title='bbox 1428 1046 1443 1062; x_wconf 78' lang='grc' dir='ltr'><strong><em>ο</em></strong></span> <span class='ocrx_word' id='word_1_58' title='bbox 1476 1029 1605 1100; x_wconf 84' lang='grc' dir='ltr'><strong>φίλη</strong></span> <span class='ocrx_word' id='word_1_59' title='bbox 1635 1026 1930 1098; x_wconf 83' lang='grc' dir='ltr'><strong>τοιγαροῦν</strong></span> 
     </span>
    </p>
   </div>
   <div class='ocr_carea' id='block_1_11' title="bbox 355 1121 1932 1194">
    <p class='ocr_par' dir='ltr' id='par_1_11' title="bbox 355 1121 1932 1194">
     <span class='ocr_line' id='line_1_11' title="bbox 355 1121 1932 1194; baseline -0.003 -19"><span class='ocrx_word' id='word_1_60' title='bbox 355 1127 489 1194; x_wconf 86' lang='grc' dir='ltr'><strong>ήμῖν</strong></span> <span class='ocrx_word' id='word_1_61' title='bbox 521 1126 553 1192; x_wconf 85' lang='grc' dir='ltr'>ἡ</span> <span class='ocrx_word' id='word_1_62' title='bbox 596 1121 843 1194; x_wconf 82' lang='grc' dir='ltr'><strong>ἀλήθεια,</strong></span> <span class='ocrx_word' id='word_1_63' title='bbox 875 1122 972 1176; x_wconf 77' lang='grc' dir='ltr'><strong>καὶ</strong></span> <span class='ocrx_word' id='word_1_64' title='bbox 1003 1124 1073 1176; x_wconf 89' lang='grc' dir='ltr'><strong>τά</strong></span> <span class='ocrx_word' id='word_1_65' title='bbox 1117 1124 1180 1175; x_wconf 87' lang='grc' dir='ltr'><strong>ἐκ</strong></span> <span class='ocrx_word' id='word_1_66' title='bbox 1229 1124 1330 1191; x_wconf 81' lang='grc' dir='ltr'><strong>τῆς</strong></span> <span class='ocrx_word' id='word_1_67' title='bbox 1370 1121 1633 1192; x_wconf 84' lang='grc' dir='ltr'><strong>ἀληθείας</strong></span> <span class='ocrx_word' id='word_1_68' title='bbox 1661 1121 1932 1188; x_wconf 80' lang='grc' dir='ltr'><strong>δόγματα,</strong></span> 
     </span>
    </p>
   </div>
   <div class='ocr_carea' id='block_1_12' title="bbox 351 1210 1929 1284">
    <p class='ocr_par' dir='ltr' id='par_1_12' title="bbox 351 1210 1929 1284">
     <span class='ocr_line' id='line_1_12' title="bbox 351 1210 1929 1284; baseline -0.004 -16"><span class='ocrx_word' id='word_1_69' title='bbox 351 1216 451 1268; x_wconf 76' lang='grc' dir='ltr'><strong>καὶ</strong></span> <span class='ocrx_word' id='word_1_70' title='bbox 483 1216 670 1275; x_wconf 83' lang='grc' dir='ltr'><strong>αὐτοῖς</strong></span> <span class='ocrx_word' id='word_1_71' title='bbox 721 1214 949 1277; x_wconf 84' lang='grc' dir='ltr'><strong>ἐκείνοις</strong></span> <span class='ocrx_word' id='word_1_72' title='bbox 977 1215 1139 1284; x_wconf 81' lang='grc' dir='ltr'><strong>ἡμεῖς</strong></span> <span class='ocrx_word' id='word_1_73' title='bbox 1173 1214 1274 1283; x_wconf 85' lang='grc' dir='ltr'><strong>οὐχ</strong></span> <span class='ocrx_word' id='word_1_74' title='bbox 1305 1212 1573 1282; x_wconf 78' lang='grc' dir='ltr'><strong>ἑψόμεθα,</strong></span> <span class='ocrx_word' id='word_1_75' title='bbox 1603 1211 1703 1281; x_wconf 81' lang='grc' dir='ltr'><strong>τὴν</strong></span> <span class='ocrx_word' id='word_1_76' title='bbox 1733 1210 1790 1264; x_wconf 86' lang='grc' dir='ltr'><strong>δὲ</strong></span> <span class='ocrx_word' id='word_1_77' title='bbox 1820 1211 1929 1262; x_wconf 81' lang='grc' dir='ltr'><strong>τῶν</strong></span> 
     </span>
    </p>
   </div>
   <div class='ocr_carea' id='block_1_13' title="bbox 350 1298 1934 1377">
    <p class='ocr_par' dir='ltr' id='par_1_13' title="bbox 350 1298 1934 1377">
     <span class='ocr_line' id='line_1_13' title="bbox 350 1298 1934 1377; baseline -0.003 -16"><span class='ocrx_word' id='word_1_78' title='bbox 350 1305 526 1374; x_wconf 77' lang='grc' dir='ltr'><strong>ἁγίων</strong></span> <span class='ocrx_word' id='word_1_79' title='bbox 590 1304 852 1372; x_wconf 80' lang='grc' dir='ltr'><strong>Πατέρων</strong></span> <span class='ocrx_word' id='word_1_80' title='bbox 919 1305 1333 1377; x_wconf 84' lang='grc' dir='ltr'><strong>ἰχνηλατοῦντες</strong></span> <span class='ocrx_word' id='word_1_81' title='bbox 1390 1303 1599 1367; x_wconf 85' lang='grc' dir='ltr'><strong>πίστιν,</strong></span> <span class='ocrx_word' id='word_1_82' title='bbox 1638 1302 1767 1355; x_wconf 84' lang='grc' dir='ltr'><strong>ῐδιον</strong></span> <span class='ocrx_word' id='word_1_83' title='bbox 1794 1298 1934 1356; x_wconf 78' lang='grc' dir='ltr'><strong>εἶναι</strong></span> 
     </span>
    </p>
   </div>
   <div class='ocr_carea' id='block_1_14' title="bbox 352 1393 1932 1468">
    <p class='ocr_par' dir='ltr' id='par_1_14' title="bbox 352 1393 1932 1468">
     <span class='ocr_line' id='line_1_14' title="bbox 352 1393 1932 1468; baseline -0.001 -18"><span class='ocrx_word' id='word_1_84' title='bbox 352 1396 536 1467; x_wconf 78' lang='grc' dir='ltr'><strong>φαμὲν</strong></span> <span class='ocrx_word' id='word_1_85' title='bbox 555 1395 650 1449; x_wconf 88' lang='grc' dir='ltr'><strong>τοῦ</strong></span> <span class='ocrx_word' id='word_1_86' title='bbox 670 1396 802 1449; x_wconf 78' lang='grc' dir='ltr'><strong>Υἱοῦ</strong></span> <span class='ocrx_word' id='word_1_87' title='bbox 831 1398 921 1449; x_wconf 81' lang='grc' dir='ltr'><strong>τὸν</strong></span> <span class='ocrx_word' id='word_1_88' title='bbox 945 1395 1322 1468; x_wconf 80' lang='grc' dir='ltr'><strong>Παράκλητον,</strong></span> <span class='ocrx_word' id='word_1_89' title='bbox 1339 1395 1585 1448; x_wconf 85' lang='grc' dir='ltr'><strong>τουτέστι</strong></span> <span class='ocrx_word' id='word_1_90' title='bbox 1616 1394 1676 1446; x_wconf 83' lang='grc' dir='ltr'><strong>τὸ</strong></span> <span class='ocrx_word' id='word_1_91' title='bbox 1712 1393 1932 1464; x_wconf 82' lang='grc' dir='ltr'><strong>Πνεῦμα</strong></span> 
     </span>
    </p>
   </div>
   <div class='ocr_carea' id='block_1_15' title="bbox 350 1484 1938 1557">
    <p class='ocr_par' dir='ltr' id='par_1_15' title="bbox 350 1484 1938 1557">
     <span class='ocr_line' id='line_1_15' title="bbox 350 1484 1938 1557; baseline -0.003 -16"><span class='ocrx_word' id='word_1_92' title='bbox 350 1489 414 1542; x_wconf 74' lang='grc' dir='ltr'><strong>τὸ</strong></span> <span class='ocrx_word' id='word_1_93' title='bbox 445 1490 620 1556; x_wconf 73' lang='grc' dir='ltr'><strong>ἅγιον,</strong></span> <span class='ocrx_word' id='word_1_94' title='bbox 651 1489 745 1541; x_wconf 63' lang='grc' dir='ltr'><strong>καὶ</strong></span> <span class='ocrx_word' id='word_1_95' title='bbox 777 1488 877 1540; x_wconf 81' lang='grc' dir='ltr'><strong>οὐκ</strong></span> <span class='ocrx_word' id='word_1_96' title='bbox 908 1487 1388 1557; x_wconf 82' lang='grc' dir='ltr'><strong>ἐπεισκρινόμενον</strong></span> <span class='ocrx_word' id='word_1_97' title='bbox 1415 1485 1634 1551; x_wconf 75' lang='grc' dir='ltr'><strong>ἔξωθεν,</strong></span> <span class='ocrx_word' id='word_1_98' title='bbox 1666 1485 1785 1537; x_wconf 76' lang='grc' dir='ltr'><strong>οὐδὲ</strong></span> <span class='ocrx_word' id='word_1_99' title='bbox 1815 1484 1938 1537; x_wconf 84' lang='grc' dir='ltr'><strong>ἐπί-</strong></span> 
     </span>
    </p>
   </div>
   <div class='ocr_carea' id='block_1_16' title="bbox 353 1575 1933 1649">
    <p class='ocr_par' dir='ltr' id='par_1_16' title="bbox 353 1575 1933 1649">
     <span class='ocr_line' id='line_1_16' title="bbox 353 1575 1933 1649; baseline -0.004 -17"><span class='ocrx_word' id='word_1_100' title='bbox 353 1597 553 1649; x_wconf 85' lang='grc' dir='ltr'><strong>κτητον</strong></span> <span class='ocrx_word' id='word_1_101' title='bbox 594 1581 652 1632; x_wconf 78' lang='grc' dir='ltr'><strong>ἐν</strong></span> <span class='ocrx_word' id='word_1_102' title='bbox 698 1578 867 1649; x_wconf 79' lang='grc' dir='ltr'><strong>αὐτῷ.</strong></span> <span class='ocrx_word' id='word_1_103' title='bbox 910 1577 1162 1649; x_wconf 88' lang='grc' dir='ltr'><strong>καθάπερ</strong></span> <span class='ocrx_word' id='word_1_104' title='bbox 1202 1581 1349 1632; x_wconf 77' lang='grc' dir='ltr'><strong>ἐστὶν</strong></span> <span class='ocrx_word' id='word_1_105' title='bbox 1395 1580 1452 1631; x_wconf 90' lang='grc' dir='ltr'><strong>ἐν</strong></span> <span class='ocrx_word' id='word_1_106' title='bbox 1492 1579 1604 1640; x_wconf 87' lang='grc' dir='ltr'><strong>τοῖς</strong></span> <span class='ocrx_word' id='word_1_107' title='bbox 1645 1575 1933 1644; x_wconf 73' lang='grc' dir='ltr'><strong>ἁγιότητος</strong></span> 
     </span>
    </p>
   </div>
   <div class='ocr_carea' id='block_1_17' title="bbox 350 1665 1933 1741">
    <p class='ocr_par' dir='ltr' id='par_1_17' title="bbox 350 1665 1933 1741">
     <span class='ocr_line' id='line_1_17' title="bbox 350 1665 1933 1741; baseline -0.002 -19"><span class='ocrx_word' id='word_1_108' title='bbox 350 1673 641 1732; x_wconf 79' lang='grc' dir='ltr'><strong>δεκτικοῖς,</strong></span> <span class='ocrx_word' id='word_1_109' title='bbox 670 1665 748 1731; x_wconf 70' lang='grc' dir='ltr'><strong>οἷς</strong></span> <span class='ocrx_word' id='word_1_110' title='bbox 784 1671 876 1722; x_wconf 75' lang='grc' dir='ltr'><strong>καὶ</strong></span> <span class='ocrx_word' id='word_1_111' title='bbox 913 1671 977 1724; x_wconf 81' lang='grc' dir='ltr'><strong>ἐκ</strong></span> <span class='ocrx_word' id='word_1_112' title='bbox 1009 1670 1082 1741; x_wconf 79' lang='grc' dir='ltr'><strong>μή</strong></span> <span class='ocrx_word' id='word_1_113' title='bbox 1112 1670 1281 1723; x_wconf 79' lang='grc' dir='ltr'><strong>όντων</strong></span> <span class='ocrx_word' id='word_1_114' title='bbox 1315 1672 1347 1740; x_wconf 91' lang='grc' dir='ltr'><strong>ή</strong></span> <span class='ocrx_word' id='word_1_115' title='bbox 1390 1669 1622 1736; x_wconf 76' lang='grc' dir='ltr'><strong>γένεσις,</strong></span> <span class='ocrx_word' id='word_1_116' title='bbox 1653 1667 1769 1721; x_wconf 83' lang='grc' dir='ltr'><strong>ἀλλ’</strong></span> <span class='ocrx_word' id='word_1_117' title='bbox 1802 1668 1933 1736; x_wconf 86' lang='grc' dir='ltr'><strong>ὁμο-</strong></span> 
     </span>
    </p>
   </div>
   <div class='ocr_carea' id='block_1_18' title="bbox 348 1758 1931 1834">
    <p class='ocr_par' dir='ltr' id='par_1_18' title="bbox 348 1758 1931 1834">
     <span class='ocr_line' id='line_1_18' title="bbox 348 1758 1931 1834; baseline -0.001 -21"><span class='ocrx_word' id='word_1_118' title='bbox 348 1762 531 1814; x_wconf 77' lang='grc' dir='ltr'><strong>ούσιον</strong></span> <span class='ocrx_word' id='word_1_119' title='bbox 554 1763 743 1822; x_wconf 74' lang='grc' dir='ltr'><strong>αὐτοῦ,</strong></span> <span class='ocrx_word' id='word_1_120' title='bbox 773 1761 1021 1834; x_wconf 64' lang='grc' dir='ltr'><strong>καθάπερ</strong></span> <span class='ocrx_word' id='word_1_121' title='bbox 1048 1763 1238 1831; x_wconf 80' lang='grc' dir='ltr'><strong>ἀμέλει</strong></span> <span class='ocrx_word' id='word_1_122' title='bbox 1266 1761 1360 1815; x_wconf 79' lang='grc' dir='ltr'><strong>καὶ</strong></span> <span class='ocrx_word' id='word_1_123' title='bbox 1387 1760 1483 1815; x_wconf 89' lang='grc' dir='ltr'><strong>τοῦ</strong></span> <span class='ocrx_word' id='word_1_124' title='bbox 1513 1759 1745 1828; x_wconf 83' lang='grc' dir='ltr'><strong>Πατρός.</strong></span> <span class='ocrx_word' id='word_1_125' title='bbox 1774 1758 1931 1811; x_wconf 85' lang='grc' dir='ltr'><strong>Οῦτω</strong></span> 
     </span>
    </p>
   </div>
   <div class='ocr_carea' id='block_1_19' title="bbox 352 1849 1932 1922">
    <p class='ocr_par' dir='ltr' id='par_1_19' title="bbox 352 1849 1932 1922">
     <span class='ocr_line' id='line_1_19' title="bbox 352 1849 1932 1922; baseline -0.003 -17"><span class='ocrx_word' id='word_1_126' title='bbox 352 1854 460 1920; x_wconf 80' lang='grc' dir='ltr'><strong>γὰρ</strong></span> <span class='ocrx_word' id='word_1_127' title='bbox 509 1854 575 1905; x_wconf 80' lang='grc' dir='ltr'><strong>ἂν</strong></span> <span class='ocrx_word' id='word_1_128' title='bbox 627 1855 726 1906; x_wconf 73' lang='grc' dir='ltr'><strong>οὐκ</strong></span> <span class='ocrx_word' id='word_1_129' title='bbox 777 1856 857 1916; x_wconf 78' lang='grc' dir='ltr'><strong>εἰς</strong></span> <span class='ocrx_word' id='word_1_130' title='bbox 907 1853 1166 1906; x_wconf 81' lang='grc' dir='ltr'><strong>πολύθεον</strong></span> <span class='ocrx_word' id='word_1_131' title='bbox 1214 1854 1348 1922; x_wconf 85' lang='grc' dir='ltr'><strong>ἡμῖν</strong></span> <span class='ocrx_word' id='word_1_132' title='bbox 1395 1851 1719 1917; x_wconf 76' lang='grc' dir='ltr'><strong>μυθολογίαν</strong></span> <span class='ocrx_word' id='word_1_133' title='bbox 1760 1851 1793 1919; x_wconf 86' lang='grc' dir='ltr'><strong>ή</strong></span> <span class='ocrx_word' id='word_1_134' title='bbox 1823 1849 1932 1901; x_wconf 82' lang='grc' dir='ltr'><strong>τῶν</strong></span> 
     </span>
    </p>
   </div>
   <div class='ocr_carea' id='block_1_20' title="bbox 2034 665 3605 745">
    <p class='ocr_par' dir='ltr' id='par_1_20' title="bbox 2034 665 3605 745">
     <span class='ocr_line' id='line_1_20' title="bbox 2034 665 3605 745; baseline 0 -27"><span class='ocrx_word' id='word_1_135' title='bbox 2034 666 2444 733; x_wconf 77' lang='lat' dir='ltr'><strong>perversitatem</strong></span> <span class='ocrx_word' id='word_1_136' title='bbox 2478 667 2790 733; x_wconf 80' lang='lat' dir='ltr'><strong>dogmatum</strong></span> <span class='ocrx_word' id='word_1_137' title='bbox 2820 683 2929 721; x_wconf 92' lang='lat' dir='ltr'><strong>non</strong></span> <span class='ocrx_word' id='word_1_138' title='bbox 2956 667 3175 738; x_wconf 77' lang='lat' dir='ltr'><strong>etl‘ugiet</strong></span> <span class='ocrx_word' id='word_1_139' title='bbox 3201 668 3223 720; x_wconf 77' lang='grc' dir='ltr'><em>Ἰ</em></span> <span class='ocrx_word' id='word_1_140' title='bbox 3254 665 3358 721; x_wconf 85' lang='lat' dir='ltr'><strong>Sed</strong></span> <span class='ocrx_word' id='word_1_141' title='bbox 3385 682 3605 745; x_wconf 38' lang='lat' dir='ltr'><strong>accomf</strong></span> 
     </span>
    </p>
   </div>
   <div class='ocr_carea' id='block_1_21' title="bbox 2039 758 3610 826">
    <p class='ocr_par' dir='ltr' id='par_1_21' title="bbox 2039 758 3610 826">
     <span class='ocr_line' id='line_1_21' title="bbox 2039 758 3610 826; baseline -0.001 -14"><span class='ocrx_word' id='word_1_142' title='bbox 2039 758 2330 823; x_wconf 82' lang='lat' dir='ltr'><strong>modatius,</strong></span> <span class='ocrx_word' id='word_1_143' title='bbox 2363 767 2420 812; x_wconf 91' lang='lat' dir='ltr'><strong>ut</strong></span> <span class='ocrx_word' id='word_1_144' title='bbox 2464 774 2608 824; x_wconf 83' lang='lat' dir='ltr'><strong>reor,</strong></span> <span class='ocrx_word' id='word_1_145' title='bbox 2660 760 2945 814; x_wconf 89' lang='lat' dir='ltr'><strong>dicendum</strong></span> <span class='ocrx_word' id='word_1_146' title='bbox 2999 759 3182 826; x_wconf 75' lang='lat' dir='ltr'><strong>fuerit,</strong></span> <span class='ocrx_word' id='word_1_147' title='bbox 3237 760 3411 813; x_wconf 89' lang='lat' dir='ltr'><strong>amica</strong></span> <span class='ocrx_word' id='word_1_148' title='bbox 3453 759 3610 813; x_wconf 87' lang='lat' dir='ltr'><strong>nobis</strong></span> 
     </span>
    </p>
   </div>
   <div class='ocr_carea' id='block_1_22' title="bbox 2040 845 3610 920">
    <p class='ocr_par' dir='ltr' id='par_1_22' title="bbox 2040 845 3610 920">
     <span class='ocr_line' id='line_1_22' title="bbox 2040 845 3610 920; baseline 0 -19"><span class='ocrx_word' id='word_1_149' title='bbox 2040 845 2242 904; x_wconf 75' lang='lat' dir='ltr'><strong>veritas</strong></span> <span class='ocrx_word' id='word_1_150' title='bbox 2276 858 2380 911; x_wconf 89' lang='lat' dir='ltr'><strong>est,</strong></span> <span class='ocrx_word' id='word_1_151' title='bbox 2414 860 2467 904; x_wconf 87' lang='lat' dir='ltr'><strong>et</strong></span> <span class='ocrx_word' id='word_1_152' title='bbox 2501 867 2623 920; x_wconf 73' lang='lat' dir='ltr'><strong>qua:</strong></span> <span class='ocrx_word' id='word_1_153' title='bbox 2650 866 2715 905; x_wconf 79' lang='lat' dir='ltr'><strong>ex</strong></span> <span class='ocrx_word' id='word_1_154' title='bbox 2760 867 2824 905; x_wconf 89' lang='lat' dir='ltr'><strong>ea</strong></span> <span class='ocrx_word' id='word_1_155' title='bbox 2880 860 3185 905; x_wconf 89' lang='lat' dir='ltr'><strong>nascuntur</strong></span> <span class='ocrx_word' id='word_1_156' title='bbox 3226 851 3503 919; x_wconf 87' lang='lat' dir='ltr'><strong>dogmata,</strong></span> <span class='ocrx_word' id='word_1_157' title='bbox 3556 858 3610 902; x_wconf 91' lang='lat' dir='ltr'><strong>et</strong></span> 
     </span>
    </p>
   </div>
   <div class='ocr_carea' id='block_1_23' title="bbox 2043 938 3611 1011">
    <p class='ocr_par' dir='ltr' id='par_1_23' title="bbox 2043 938 3611 1011">
     <span class='ocr_line' id='line_1_23' title="bbox 2043 938 3611 1011; baseline -0.003 -16"><span class='ocrx_word' id='word_1_158' title='bbox 2043 955 2138 995; x_wconf 90' lang='lat' dir='ltr'><strong>eos</strong></span> <span class='ocrx_word' id='word_1_159' title='bbox 2168 955 2265 994; x_wconf 88' lang='lat' dir='ltr'><strong>nos</strong></span> <span class='ocrx_word' id='word_1_160' title='bbox 2297 941 2445 995; x_wconf 87' lang='lat' dir='ltr'><strong>nullo</strong></span> <span class='ocrx_word' id='word_1_161' title='bbox 2473 940 2633 994; x_wconf 91' lang='lat' dir='ltr'><strong>modo</strong></span> <span class='ocrx_word' id='word_1_162' title='bbox 2664 957 2981 1011; x_wconf 90' lang='lat' dir='ltr'><strong>sequemur,</strong></span> <span class='ocrx_word' id='word_1_163' title='bbox 3013 940 3106 996; x_wconf 88' lang='lat' dir='ltr'><strong>sed</strong></span> <span class='ocrx_word' id='word_1_164' title='bbox 3156 951 3475 995; x_wconf 83' lang='lat' dir='ltr'><strong>sanctorum</strong></span> <span class='ocrx_word' id='word_1_165' title='bbox 3506 938 3611 991; x_wconf 82' lang='lat' dir='ltr'><strong>Pa-</strong></span> 
     </span>
    </p>
   </div>
   <div class='ocr_carea' id='block_1_24' title="bbox 2042 1029 3613 1103">
    <p class='ocr_par' dir='ltr' id='par_1_24' title="bbox 2042 1029 3613 1103">
     <span class='ocr_line' id='line_1_24' title="bbox 2042 1029 3613 1103; baseline -0.003 -17"><span class='ocrx_word' id='word_1_166' title='bbox 2042 1039 2183 1086; x_wconf 83' lang='lat' dir='ltr'><strong>trum</strong></span> <span class='ocrx_word' id='word_1_167' title='bbox 2245 1031 2403 1087; x_wconf 73' lang='lat' dir='ltr'><strong>tiilem</strong></span> <span class='ocrx_word' id='word_1_168' title='bbox 2470 1033 2907 1103; x_wconf 82' lang='lat' dir='ltr'><strong>investigantes,</strong></span> <span class='ocrx_word' id='word_1_169' title='bbox 2967 1029 3261 1102; x_wconf 70' lang='lat' dir='ltr'><strong>proprium&#39;</strong></span> <span class='ocrx_word' id='word_1_170' title='bbox 3301 1046 3424 1085; x_wconf 84' lang='lat' dir='ltr'><strong>esse</strong></span> <span class='ocrx_word' id='word_1_171' title='bbox 3491 1029 3613 1082; x_wconf 80' lang='lat' dir='ltr'><strong>Filii</strong></span> 
     </span>
    </p>
   </div>
   <div class='ocr_carea' id='block_1_25' title="bbox 2044 1116 3612 1192">
    <p class='ocr_par' dir='ltr' id='par_1_25' title="bbox 2044 1116 3612 1192">
     <span class='ocr_line' id='line_1_25' title="bbox 2044 1116 3612 1192; baseline 0 -19"><span class='ocrx_word' id='word_1_172' title='bbox 2044 1120 2312 1190; x_wconf 86' lang='lat' dir='ltr'><strong>Spiritum</strong></span> <span class='ocrx_word' id='word_1_173' title='bbox 2366 1121 2735 1186; x_wconf 84' lang='lat' dir='ltr'><strong>Paracletum,</strong></span> <span class='ocrx_word' id='word_1_174' title='bbox 2795 1122 3058 1192; x_wconf 88' lang='lat' dir='ltr'><strong>Spiritum</strong></span> <span class='ocrx_word' id='word_1_175' title='bbox 3084 1134 3332 1178; x_wconf 89' lang='lat' dir='ltr'><strong>sanctum</strong></span> <span class='ocrx_word' id='word_1_176' title='bbox 3395 1116 3612 1188; x_wconf 81' lang='lat' dir='ltr'><strong>nempe,</strong></span> 
     </span>
    </p>
   </div>
   <div class='ocr_carea' id='block_1_26' title="bbox 2042 1215 3611 1286">
    <p class='ocr_par' dir='ltr' id='par_1_26' title="bbox 2042 1215 3611 1286">
     <span class='ocr_line' id='line_1_26' title="bbox 2042 1215 3611 1286; baseline -0.004 -15"><span class='ocrx_word' id='word_1_177' title='bbox 2042 1231 2148 1271; x_wconf 89' lang='lat' dir='ltr'><strong>non</strong></span> <span class='ocrx_word' id='word_1_178' title='bbox 2185 1217 2530 1273; x_wconf 81' lang='lat' dir='ltr'><strong>extrinsecus</strong></span> <span class='ocrx_word' id='word_1_179' title='bbox 2563 1218 2964 1281; x_wconf 89' lang='lat' dir='ltr'><strong>introvectum,</strong></span> <span class='ocrx_word' id='word_1_180' title='bbox 2992 1222 2995 1225; x_wconf 44' lang='grc' dir='ltr'><strong>λ</strong></span> <span class='ocrx_word' id='word_1_181' title='bbox 3022 1232 3200 1286; x_wconf 90' lang='lat' dir='ltr'><strong>neque</strong></span> <span class='ocrx_word' id='word_1_182' title='bbox 3235 1215 3611 1270; x_wconf 84' lang='lat' dir='ltr'><strong>’advcntitium</strong></span> 
     </span>
    </p>
   </div>
   <div class='ocr_carea' id='block_1_27' title="bbox 2040 1308 3617 1379">
    <p class='ocr_par' dir='ltr' id='par_1_27' title="bbox 2040 1308 3617 1379">
     <span class='ocr_line' id='line_1_27' title="bbox 2040 1308 3617 1379; baseline -0.001 -18"><span class='ocrx_word' id='word_1_183' title='bbox 2040 1308 2098 1361; x_wconf 89' lang='lat' dir='ltr'><strong>in</strong></span> <span class='ocrx_word' id='word_1_184' title='bbox 2154 1309 2291 1378; x_wconf 84' lang='lat' dir='ltr'><strong>ipso,</strong></span> <span class='ocrx_word' id='word_1_185' title='bbox 2321 1309 2467 1364; x_wconf 87' lang='lat' dir='ltr'><strong>sicut</strong></span> <span class='ocrx_word' id='word_1_186' title='bbox 2517 1309 2571 1363; x_wconf 90' lang='lat' dir='ltr'><strong>in</strong></span> <span class='ocrx_word' id='word_1_187' title='bbox 2648 1309 2777 1374; x_wconf 84' lang='lat' dir='ltr'><strong>illis,</strong></span> <span class='ocrx_word' id='word_1_188' title='bbox 2810 1309 2905 1379; x_wconf 93' lang='lat' dir='ltr'><strong>qui</strong></span> <span class='ocrx_word' id='word_1_189' title='bbox 2970 1308 3317 1363; x_wconf 78' lang='lat' dir='ltr'><strong>sanctitatem</strong></span> <span class='ocrx_word' id='word_1_190' title='bbox 3385 1315 3617 1374; x_wconf 89' lang='lat' dir='ltr'><strong>possunt</strong></span> 
     </span>
    </p>
   </div>
   <div class='ocr_carea' id='block_1_28' title="bbox 2037 1397 3616 1473">
    <p class='ocr_par' dir='ltr' id='par_1_28' title="bbox 2037 1397 3616 1473">
     <span class='ocr_line' id='line_1_28' title="bbox 2037 1397 3616 1473; baseline -0.003 -20"><span class='ocrx_word' id='word_1_191' title='bbox 2037 1399 2340 1467; x_wconf 80' lang='lat' dir='ltr'><strong>suscipere,</strong></span> <span class='ocrx_word' id='word_1_192' title='bbox 2369 1409 2423 1453; x_wconf 92' lang='lat' dir='ltr'><strong>et</strong></span> <span class='ocrx_word' id='word_1_193' title='bbox 2442 1415 2509 1473; x_wconf 71' lang='lat' dir='ltr'><strong>ex</strong></span> <span class='ocrx_word' id='word_1_194' title='bbox 2543 1401 2713 1454; x_wconf 85' lang='lat' dir='ltr'><strong>nihilo</strong></span> <span class='ocrx_word' id='word_1_195' title='bbox 2736 1398 3132 1469; x_wconf 88' lang='lat' dir='ltr'><strong>producuntur,</strong></span> <span class='ocrx_word' id='word_1_196' title='bbox 3171 1398 3265 1452; x_wconf 90' lang='lat' dir='ltr'><strong>sed</strong></span> <span class='ocrx_word' id='word_1_197' title='bbox 3301 1397 3347 1450; x_wconf 92' lang='lat' dir='ltr'><strong>ei</strong></span> <span class='ocrx_word' id='word_1_198' title='bbox 3383 1397 3616 1451; x_wconf 86' lang='lat' dir='ltr'><strong>consub-</strong></span> 
     </span>
    </p>
   </div>
   <div class='ocr_carea' id='block_1_29' title="bbox 2036 1487 3613 1558">
    <p class='ocr_par' dir='ltr' id='par_1_29' title="bbox 2036 1487 3613 1558">
     <span class='ocr_line' id='line_1_29' title="bbox 2036 1487 3613 1558; baseline -0.001 -14"><span class='ocrx_word' id='word_1_199' title='bbox 2036 1491 2367 1558; x_wconf 87' lang='lat' dir='ltr'><strong>stantialem,</strong></span> <span class='ocrx_word' id='word_1_200' title='bbox 2392 1490 2853 1558; x_wconf 81' lang='lat' dir='ltr'><strong>quemadmodum</strong></span> <span class='ocrx_word' id='word_1_201' title='bbox 2876 1500 2961 1545; x_wconf 90' lang='lat' dir='ltr'><strong>est</strong></span> <span class='ocrx_word' id='word_1_202' title='bbox 2990 1501 3043 1544; x_wconf 90' lang='lat' dir='ltr'><strong>et</strong></span> <span class='ocrx_word' id='word_1_203' title='bbox 3065 1487 3239 1552; x_wconf 80' lang='lat' dir='ltr'><strong>Patri,</strong></span> <span class='ocrx_word' id='word_1_204' title='bbox 3267 1488 3613 1543; x_wconf 82' lang='lat' dir='ltr'><strong>conﬁtemur.</strong></span> 
     </span>
    </p>
   </div>
   <div class='ocr_carea' id='block_1_30' title="bbox 2039 1576 3696 1636">
    <p class='ocr_par' dir='ltr' id='par_1_30' title="bbox 2039 1576 3696 1636">
     <span class='ocr_line' id='line_1_30' title="bbox 2039 1576 3696 1636; baseline -0.002 -3"><span class='ocrx_word' id='word_1_205' title='bbox 2039 1579 2152 1636; x_wconf 86' lang='lat' dir='ltr'><strong>Hoc</strong></span> <span class='ocrx_word' id='word_1_206' title='bbox 2178 1582 2321 1635; x_wconf 90' lang='lat' dir='ltr'><strong>enim</strong></span> <span class='ocrx_word' id='word_1_207' title='bbox 2355 1583 2517 1636; x_wconf 88' lang='lat' dir='ltr'><strong>modo</strong></span> <span class='ocrx_word' id='word_1_208' title='bbox 2543 1596 2649 1635; x_wconf 87' lang='lat' dir='ltr'><strong>non</strong></span> <span class='ocrx_word' id='word_1_209' title='bbox 2685 1582 2738 1636; x_wconf 93' lang='lat' dir='ltr'><strong>in</strong></span> <span class='ocrx_word' id='word_1_210' title='bbox 2788 1582 3088 1636; x_wconf 89' lang='lat' dir='ltr'><strong>multorum</strong></span> <span class='ocrx_word' id='word_1_211' title='bbox 3135 1576 3346 1634; x_wconf 79' lang='lat' dir='ltr'><strong>fabulas</strong></span> <span class='ocrx_word' id='word_1_212' title='bbox 3389 1579 3615 1633; x_wconf 88' lang='lat' dir='ltr'><strong>deorum</strong></span> <span class='ocrx_word' id='word_1_213' title='bbox 3688 1579 3696 1586; x_wconf 86' lang='grc'><em>’</em></span> 
     </span>
    </p>
   </div>
   <div class='ocr_carea' id='block_1_31' title="bbox 2038 1666 3618 1740">
    <p class='ocr_par' dir='ltr' id='par_1_31' title="bbox 2038 1666 3618 1740">
     <span class='ocr_line' id='line_1_31' title="bbox 2038 1666 3618 1740; baseline -0.004 -15"><span class='ocrx_word' id='word_1_214' title='bbox 2038 1671 2539 1725; x_wconf 80' lang='lat' dir='ltr'><strong>ecclesiasticarum</strong></span> <span class='ocrx_word' id='word_1_215' title='bbox 2568 1670 2886 1740; x_wconf 84' lang='lat' dir='ltr'><strong>dogmatum</strong></span> <span class='ocrx_word' id='word_1_216' title='bbox 2923 1671 3088 1724; x_wconf 88' lang='lat' dir='ltr'><strong>robur</strong></span> <span class='ocrx_word' id='word_1_217' title='bbox 3131 1668 3365 1731; x_wconf 85' lang='lat' dir='ltr'><strong>decidet,</strong></span> <span class='ocrx_word' id='word_1_218' title='bbox 3421 1667 3515 1721; x_wconf 87' lang='lat' dir='ltr'><strong>sed</strong></span> <span class='ocrx_word' id='word_1_219' title='bbox 3562 1666 3618 1720; x_wconf 88' lang='lat' dir='ltr'><strong>in</strong></span> 
     </span>
    </p>
   </div>
   <div class='ocr_carea' id='block_1_32' title="bbox 2039 1759 3615 1827">
    <p class='ocr_par' dir='ltr' id='par_1_32' title="bbox 2039 1759 3615 1827">
     <span class='ocr_line' id='line_1_32' title="bbox 2039 1759 3615 1827; baseline -0.004 -11"><span class='ocrx_word' id='word_1_220' title='bbox 2039 1777 2206 1816; x_wconf 90' lang='lat' dir='ltr'><strong>unam</strong></span> <span class='ocrx_word' id='word_1_221' title='bbox 2268 1764 2535 1817; x_wconf 76' lang='lat' dir='ltr'><strong>rationem</strong></span> <span class='ocrx_word' id='word_1_222' title='bbox 2605 1763 2824 1817; x_wconf 84' lang='lat' dir='ltr'><strong>deitatis</strong></span> <span class='ocrx_word' id='word_1_223' title='bbox 2887 1762 3129 1816; x_wconf 81' lang='lat' dir='ltr'><strong>Trinitas</strong></span> <span class='ocrx_word' id='word_1_224' title='bbox 3187 1759 3615 1827; x_wconf 81' lang='lat' dir='ltr'><strong>constringetur.</strong></span> 
     </span>
    </p>
   </div>
   <div class='ocr_carea' id='block_1_33' title="bbox 2038 1848 3616 1923">
    <p class='ocr_par' dir='ltr' id='par_1_33' title="bbox 2038 1848 3616 1923">
     <span class='ocr_line' id='line_1_33' title="bbox 2038 1848 3616 1923; baseline -0.003 -16"><span class='ocrx_word' id='word_1_225' title='bbox 2038 1853 2243 1907; x_wconf 81' lang='lat' dir='ltr'><strong>Eodem</strong></span> <span class='ocrx_word' id='word_1_226' title='bbox 2279 1868 2407 1923; x_wconf 80' lang='lat' dir='ltr'><strong>ergo</strong></span> <span class='ocrx_word' id='word_1_227' title='bbox 2441 1860 2683 1922; x_wconf 84' lang='lat' dir='ltr'><strong>tempore</strong></span> <span class='ocrx_word' id='word_1_228' title='bbox 2713 1866 2764 1907; x_wconf 88' lang='lat' dir='ltr'><strong>et</strong></span> <span class='ocrx_word' id='word_1_229' title='bbox 2808 1853 2893 1907; x_wconf 89' lang='lat' dir='ltr'><strong>sui</strong></span> <span class='ocrx_word' id='word_1_230' title='bbox 2916 1853 3089 1923; x_wconf 82' lang='lat' dir='ltr'><strong>ipsius</strong></span> <span class='ocrx_word' id='word_1_231' title='bbox 3127 1852 3376 1906; x_wconf 62' lang='lat' dir='ltr'><strong>essentne</strong></span> <span class='ocrx_word' id='word_1_232' title='bbox 3424 1848 3616 1903; x_wconf 88' lang='lat' dir='ltr'><strong>identi-</strong></span> 
     </span>
    </p>
   </div>
   <div class='ocr_carea' id='block_1_34' title="bbox 352 1935 1932 2013">
    <p class='ocr_par' dir='ltr' id='par_1_34' title="bbox 352 1937 1926 2013">
     <span class='ocr_line' id='line_1_34' title="bbox 352 1937 1926 2013; baseline -0.001 -20"><span class='ocrx_word' id='word_1_233' title='bbox 352 1943 824 2010; x_wconf 80' lang='grc' dir='ltr'><strong>ὲκκλησιαστικῶν</strong></span> <span class='ocrx_word' id='word_1_234' title='bbox 871 1943 1158 2013; x_wconf 81' lang='grc' dir='ltr'><strong>δογμάτων</strong></span> <span class='ocrx_word' id='word_1_235' title='bbox 1209 1942 1486 2013; x_wconf 79' lang='grc' dir='ltr'><strong>οἰχήσεται</strong></span> <span class='ocrx_word' id='word_1_236' title='bbox 1533 1942 1780 2008; x_wconf 77' lang='grc' dir='ltr'><strong>δύναμις,</strong></span> <span class='ocrx_word' id='word_1_237' title='bbox 1812 1937 1926 1991; x_wconf 80' lang='grc' dir='ltr'><strong>ἀλλ’</strong></span> 
     </span>
    </p>
   </div>
   <div class='ocr_carea' id='block_1_35' title="bbox 2037 1935 3617 2013">
    <p class='ocr_par' dir='ltr' id='par_1_35' title="bbox 2037 1941 3617 2011">
     <span class='ocr_line' id='line_1_35' title="bbox 2037 1941 3617 2011; baseline -0.003 -13"><span class='ocrx_word' id='word_1_238' title='bbox 2037 1955 2196 1998; x_wconf 85' lang='lat' dir='ltr'><strong>tatem</strong></span> <span class='ocrx_word' id='word_1_239' title='bbox 2226 1951 2281 1997; x_wconf 89' lang='lat' dir='ltr'><strong>et</strong></span> <span class='ocrx_word' id='word_1_240' title='bbox 2322 1942 2415 1996; x_wconf 86' lang='lat' dir='ltr'><strong>Dei</strong></span> <span class='ocrx_word' id='word_1_241' title='bbox 2460 1941 2638 1998; x_wconf 87' lang='lat' dir='ltr'><strong>Patris</strong></span> <span class='ocrx_word' id='word_1_242' title='bbox 2677 1945 2998 2007; x_wconf 89' lang='lat' dir='ltr'><strong>ostendens,</strong></span> <span class='ocrx_word' id='word_1_243' title='bbox 3051 1942 3313 2011; x_wconf 82' lang='lat' dir='ltr'><strong>Spiritum</strong></span> <span class='ocrx_word' id='word_1_244' title='bbox 3369 1941 3617 1995; x_wconf 85' lang='lat' dir='ltr'><strong>veritatis</strong></span> 
     </span>
    </p>
   </div>
   <div class='ocr_carea' id='block_1_36' title="bbox 352 2020 1932 2103">
    <p class='ocr_par' dir='ltr' id='par_1_36' title="bbox 352 2020 1930 2103">
     <span class='ocr_line' id='line_1_36' title="bbox 352 2020 1930 2103; baseline -0.001 -18"><span class='ocrx_word' id='word_1_245' title='bbox 352 2034 433 2096; x_wconf 82' lang='grc' dir='ltr'><strong>είς</strong></span> <span class='ocrx_word' id='word_1_246' title='bbox 457 2020 553 2086; x_wconf 70' lang='grc' dir='ltr'><strong>ἕνα</strong></span> <span class='ocrx_word' id='word_1_247' title='bbox 581 2034 831 2100; x_wconf 73' lang='grc' dir='ltr'><strong>θεότητος</strong></span> <span class='ocrx_word' id='word_1_248' title='bbox 873 2034 1029 2102; x_wconf 78' lang='grc' dir='ltr'><strong>λόγον</strong></span> <span class='ocrx_word' id='word_1_249' title='bbox 1060 2036 1092 2103; x_wconf 85' lang='grc' dir='ltr'>ἡ</span> <span class='ocrx_word' id='word_1_250' title='bbox 1128 2033 1257 2102; x_wconf 85' lang='grc' dir='ltr'><strong>ἀγία</strong></span> <span class='ocrx_word' id='word_1_251' title='bbox 1305 2034 1477 2103; x_wconf 88' lang='grc' dir='ltr'><strong>Τριάς</strong></span> <span class='ocrx_word' id='word_1_252' title='bbox 1511 2031 1930 2100; x_wconf 74' lang='grc' dir='ltr'><strong>ἀνασφίγγεται.</strong></span> 
     </span>
    </p>
   </div>
   <div class='ocr_carea' id='block_1_37' title="bbox 2037 2020 3619 2103">
    <p class='ocr_par' dir='ltr' id='par_1_37' title="bbox 2038 2032 3619 2101">
     <span class='ocr_line' id='line_1_37' title="bbox 2038 2032 3619 2101; baseline -0.001 -13"><span class='ocrx_word' id='word_1_253' title='bbox 2038 2033 2382 2088; x_wconf 88' lang='lat' dir='ltr'><strong>Paracletnm</strong></span> <span class='ocrx_word' id='word_1_254' title='bbox 2441 2048 2788 2101; x_wconf 69' lang='lat' dir='ltr'><strong>nuncupatis,</strong></span> <span class='ocrx_word' id='word_1_255' title='bbox 2851 2047 2882 2087; x_wconf 70' lang='grc' dir='ltr'><strong>ο</strong></span> <span class='ocrx_word' id='word_1_256' title='bbox 2937 2032 3100 2087; x_wconf 82' lang='lat' dir='ltr'><strong>Patre</strong></span> <span class='ocrx_word' id='word_1_257' title='bbox 3148 2048 3271 2086; x_wconf 85' lang='lat' dir='ltr'><strong>eum</strong></span> <span class='ocrx_word' id='word_1_258' title='bbox 3321 2032 3619 2100; x_wconf 85' lang='lat' dir='ltr'><strong>procedere</strong></span> 
     </span>
    </p>
   </div>
   <div class='ocr_carea' id='block_1_38' title="bbox 362 2122 1932 2195">
    <p class='ocr_par' dir='ltr' id='par_1_38' title="bbox 362 2122 1932 2195">
     <span class='ocr_line' id='line_1_38' title="bbox 362 2122 1932 2195; baseline -0.002 -18"><span class='ocrx_word' id='word_1_259' title='bbox 362 2125 453 2177; x_wconf 86' lang='grc' dir='ltr'><strong>Ἐν</strong></span> <span class='ocrx_word' id='word_1_260' title='bbox 500 2126 686 2195; x_wconf 86' lang='grc' dir='ltr'><strong>ταυτῷ</strong></span> <span class='ocrx_word' id='word_1_261' title='bbox 709 2126 999 2194; x_wconf 70' lang='grc' dir='ltr'><strong>τοιγαροῦν</strong></span> <span class='ocrx_word' id='word_1_262' title='bbox 1052 2127 1147 2178; x_wconf 77' lang='grc' dir='ltr'><strong>καὶ</strong></span> <span class='ocrx_word' id='word_1_263' title='bbox 1196 2124 1297 2193; x_wconf 87' lang='grc' dir='ltr'><strong>τῆς</strong></span> <span class='ocrx_word' id='word_1_264' title='bbox 1344 2124 1530 2187; x_wconf 78' lang='grc' dir='ltr'><strong>οὐσίας</strong></span> <span class='ocrx_word' id='word_1_265' title='bbox 1564 2122 1664 2193; x_wconf 76' lang='grc' dir='ltr'><strong>τὴν</strong></span> <span class='ocrx_word' id='word_1_266' title='bbox 1706 2122 1932 2189; x_wconf 78' lang='grc' dir='ltr'><strong>ἑνότητα</strong></span> 
     </span>
    </p>
   </div>
   <div class='ocr_carea' id='block_1_39' title="bbox 2037 2122 3618 2195">
    <p class='ocr_par' dir='ltr' id='par_1_39' title="bbox 2037 2122 3618 2194">
     <span class='ocr_line' id='line_1_39' title="bbox 2037 2122 3618 2194; baseline -0.001 -15"><span class='ocrx_word' id='word_1_267' title='bbox 2037 2124 2189 2190; x_wconf 82' lang='lat' dir='ltr'><strong>dicit,</strong></span> <span class='ocrx_word' id='word_1_268' title='bbox 2248 2124 2436 2192; x_wconf 85' lang='lat' dir='ltr'><strong>sicque</strong></span> <span class='ocrx_word' id='word_1_269' title='bbox 2476 2123 2572 2194; x_wconf 88' lang='lat' dir='ltr'><strong>qui</strong></span> <span class='ocrx_word' id='word_1_270' title='bbox 2617 2123 2895 2179; x_wconf 83' lang='lat' dir='ltr'><strong>Christum</strong></span> <span class='ocrx_word' id='word_1_271' title='bbox 2928 2131 3233 2194; x_wconf 80' lang='lat' dir='ltr'><strong>oppugnat,</strong></span> <span class='ocrx_word' id='word_1_272' title='bbox 3278 2122 3373 2178; x_wconf 85' lang='lat' dir='ltr'><strong>Dei</strong></span> <span class='ocrx_word' id='word_1_273' title='bbox 3402 2123 3618 2177; x_wconf 85' lang='lat' dir='ltr'><strong>hostem</strong></span> 
     </span>
    </p>
   </div>
   <div class='ocr_carea' id='block_1_40' title="bbox 348 2212 1932 2287">
    <p class='ocr_par' dir='ltr' id='par_1_40' title="bbox 348 2212 1932 2287">
     <span class='ocr_line' id='line_1_40' title="bbox 348 2212 1932 2287; baseline -0.001 -21"><span class='ocrx_word' id='word_1_274' title='bbox 348 2215 715 2287; x_wconf 72' lang='grc' dir='ltr'><strong>παραδεικνὺς</strong></span> <span class='ocrx_word' id='word_1_275' title='bbox 756 2216 949 2268; x_wconf 75' lang='grc' dir='ltr'><strong>ἐαυτοῦ</strong></span> <span class='ocrx_word' id='word_1_276' title='bbox 983 2218 1041 2268; x_wconf 85' lang='grc' dir='ltr'><strong>τέ</strong></span> <span class='ocrx_word' id='word_1_277' title='bbox 1070 2232 1215 2285; x_wconf 81' lang='grc' dir='ltr'><strong>φημι</strong></span> <span class='ocrx_word' id='word_1_278' title='bbox 1247 2216 1341 2268; x_wconf 76' lang='grc' dir='ltr'><strong>καὶ</strong></span> <span class='ocrx_word' id='word_1_279' title='bbox 1367 2215 1470 2283; x_wconf 80' lang='grc' dir='ltr'><strong>τῆς</strong></span> <span class='ocrx_word' id='word_1_280' title='bbox 1511 2212 1604 2267; x_wconf 90' lang='grc' dir='ltr'><strong>τοῦ</strong></span> <span class='ocrx_word' id='word_1_281' title='bbox 1648 2212 1783 2266; x_wconf 85' lang='grc' dir='ltr'><strong>Θεοῦ</strong></span> <span class='ocrx_word' id='word_1_282' title='bbox 1837 2212 1932 2265; x_wconf 68' lang='grc' dir='ltr'><strong>κοιλ⁵</strong></span> 
     </span>
    </p>
   </div>
   <div class='ocr_carea' id='block_1_41' title="bbox 2037 2212 3616 2287">
    <p class='ocr_par' dir='ltr' id='par_1_41' title="bbox 2037 2215 3616 2287">
     <span class='ocr_line' id='line_1_41' title="bbox 2037 2215 3616 2287; baseline -0.001 -19"><span class='ocrx_word' id='word_1_283' title='bbox 2037 2216 2212 2287; x_wconf 81' lang='lat' dir='ltr'><strong>palam</strong></span> <span class='ocrx_word' id='word_1_284' title='bbox 2236 2225 2289 2270; x_wconf 89' lang='lat' dir='ltr'><strong>et</strong></span> <span class='ocrx_word' id='word_1_285' title='bbox 2320 2217 2527 2285; x_wconf 85' lang='lat' dir='ltr'><strong>absque</strong></span> <span class='ocrx_word' id='word_1_286' title='bbox 2564 2216 2672 2270; x_wconf 89' lang='lat' dir='ltr'><strong>ulla</strong></span> <span class='ocrx_word' id='word_1_287' title='bbox 2716 2215 3062 2271; x_wconf 76' lang='lat' dir='ltr'><strong>Inesitatione</strong></span> <span class='ocrx_word' id='word_1_288' title='bbox 3103 2229 3226 2271; x_wconf 87' lang='lat' dir='ltr'><strong>esse</strong></span> <span class='ocrx_word' id='word_1_289' title='bbox 3270 2215 3616 2284; x_wconf 87' lang='lat' dir='ltr'><strong>comprobat.</strong></span> 
     </span>
    </p>
   </div>
   <div class='ocr_carea' id='block_1_42' title="bbox 349 2299 1933 2378">
    <p class='ocr_par' dir='ltr' id='par_1_42' title="bbox 349 2299 1933 2378">
     <span class='ocr_line' id='line_1_42' title="bbox 349 2299 1933 2378; baseline -0.003 -17"><span class='ocrx_word' id='word_1_290' title='bbox 349 2307 588 2375; x_wconf 80' lang='grc' dir='ltr'><strong>Πατρδς,</strong></span> <span class='ocrx_word' id='word_1_291' title='bbox 616 2308 839 2377; x_wconf 81' lang='grc' dir='ltr'><strong>Πνεῦμα</strong></span> <span class='ocrx_word' id='word_1_292' title='bbox 874 2308 971 2376; x_wconf 79' lang='grc' dir='ltr'><strong>τῆς</strong></span> <span class='ocrx_word' id='word_1_293' title='bbox 999 2308 1256 2378; x_wconf 78' lang='grc' dir='ltr'><strong>ἀληθείας</strong></span> <span class='ocrx_word' id='word_1_294' title='bbox 1291 2309 1380 2360; x_wconf 73' lang='grc' dir='ltr'><strong>τὸν</strong></span> <span class='ocrx_word' id='word_1_295' title='bbox 1415 2306 1773 2377; x_wconf 74' lang='grc' dir='ltr'><strong>Παράκλητον</strong></span> <span class='ocrx_word' id='word_1_296' title='bbox 1793 2299 1933 2357; x_wconf 86' lang='grc' dir='ltr'><strong>εἶναι</strong></span> 
     </span>
    </p>
   </div>
   <div class='ocr_carea' id='block_1_43' title="bbox 348 2395 1933 2468">
    <p class='ocr_par' dir='ltr' id='par_1_43' title="bbox 348 2395 1933 2468">
     <span class='ocr_line' id='line_1_43' title="bbox 348 2395 1933 2468; baseline -0.003 -17"><span class='ocrx_word' id='word_1_297' title='bbox 348 2398 546 2466; x_wconf 83' lang='grc' dir='ltr'><strong>λέγων,</strong></span> <span class='ocrx_word' id='word_1_298' title='bbox 579 2398 729 2466; x_wconf 72' lang='grc' dir='ltr'><strong>παρὰ</strong></span> <span class='ocrx_word' id='word_1_299' title='bbox 757 2396 850 2450; x_wconf 89' lang='grc' dir='ltr'><strong>τοῦ</strong></span> <span class='ocrx_word' id='word_1_300' title='bbox 898 2398 1107 2468; x_wconf 83' lang='grc' dir='ltr'><strong>Πατρδς</strong></span> <span class='ocrx_word' id='word_1_301' title='bbox 1134 2396 1529 2468; x_wconf 83' lang='grc' dir='ltr'><strong>ἐκπορεύεσθαί</strong></span> <span class='ocrx_word' id='word_1_302' title='bbox 1577 2412 1762 2464; x_wconf 84' lang='grc' dir='ltr'><strong>φησιν.</strong></span> <span class='ocrx_word' id='word_1_303' title='bbox 1828 2395 1933 2446; x_wconf 86' lang='grc' dir='ltr'><strong>ἀπ-</strong></span> 
     </span>
    </p>
   </div>
   <div class='ocr_carea' id='block_1_44' title="bbox 350 2486 1938 2559">
    <p class='ocr_par' dir='ltr' id='par_1_44' title="bbox 350 2486 1938 2559">
     <span class='ocr_line' id='line_1_44' title="bbox 350 2486 1938 2559; baseline -0.003 -17"><span class='ocrx_word' id='word_1_304' title='bbox 350 2490 563 2559; x_wconf 86' lang='grc' dir='ltr'><strong>ελέγχει</strong></span> <span class='ocrx_word' id='word_1_305' title='bbox 592 2506 653 2542; x_wconf 86' lang='grc' dir='ltr'><strong>τε</strong></span> <span class='ocrx_word' id='word_1_306' title='bbox 675 2490 861 2556; x_wconf 80' lang='grc' dir='ltr'><strong>σαφῶς</strong></span> <span class='ocrx_word' id='word_1_307' title='bbox 885 2492 978 2543; x_wconf 76' lang='grc' dir='ltr'><strong>καὶ</strong></span> <span class='ocrx_word' id='word_1_308' title='bbox 999 2490 1388 2559; x_wconf 80' lang='grc' dir='ltr'><strong>ἀναμφιλόγως</strong></span> <span class='ocrx_word' id='word_1_309' title='bbox 1427 2487 1694 2556; x_wconf 81' lang='grc' dir='ltr'><strong>θεομάχον</strong></span> <span class='ocrx_word' id='word_1_310' title='bbox 1719 2486 1938 2556; x_wconf 78' lang='grc' dir='ltr'><strong>ὁλοκλή-</strong></span> 
     </span>
    </p>
   </div>
   <div class='ocr_carea' id='block_1_45' title="bbox 352 2578 1936 2652">
    <p class='ocr_par' dir='ltr' id='par_1_45' title="bbox 352 2578 1936 2652">
     <span class='ocr_line' id='line_1_45' title="bbox 352 2578 1936 2652; baseline -0.001 -20"><span class='ocrx_word' id='word_1_311' title='bbox 352 2597 464 2649; x_wconf 88' lang='grc' dir='ltr'><strong>ρως</strong></span> <span class='ocrx_word' id='word_1_312' title='bbox 493 2582 585 2634; x_wconf 82' lang='grc' dir='ltr'><strong>τὸν</strong></span> <span class='ocrx_word' id='word_1_313' title='bbox 610 2582 1000 2652; x_wconf 82' lang='grc' dir='ltr'><strong>χριστομάχον.</strong></span> <span class='ocrx_word' id='word_1_314' title='bbox 1039 2583 1099 2635; x_wconf 80' lang='grc'><strong>⁸0</strong></span> <span class='ocrx_word' id='word_1_315' title='bbox 1130 2582 1241 2652; x_wconf 80' lang='grc' dir='ltr'><strong>γὰρ</strong></span> <span class='ocrx_word' id='word_1_316' title='bbox 1268 2583 1402 2643; x_wconf 77' lang='grc' dir='ltr'><strong>ὅλως</strong></span> <span class='ocrx_word' id='word_1_317' title='bbox 1435 2580 1790 2650; x_wconf 80' lang='grc' dir='ltr'><strong>ἐμπαροινεῖν</strong></span> <span class='ocrx_word' id='word_1_318' title='bbox 1814 2578 1936 2631; x_wconf 85' lang='grc' dir='ltr'><strong>ἐθε-</strong></span> 
     </span>
    </p>
   </div>
   <div class='ocr_carea' id='block_1_46' title="bbox 349 2672 1933 2745">
    <p class='ocr_par' dir='ltr' id='par_1_46' title="bbox 349 2672 1933 2745">
     <span class='ocr_line' id='line_1_46' title="bbox 349 2672 1933 2745; baseline 0.002 -22"><span class='ocrx_word' id='word_1_319' title='bbox 349 2672 521 2741; x_wconf 89' lang='grc' dir='ltr'><strong>λήσας</strong></span> <span class='ocrx_word' id='word_1_320' title='bbox 557 2674 634 2742; x_wconf 83' lang='grc' dir='ltr'><strong>τῷ</strong></span> <span class='ocrx_word' id='word_1_321' title='bbox 666 2674 780 2742; x_wconf 83' lang='grc' dir='ltr'><strong>Υίῷ</strong></span> <span class='ocrx_word' id='word_1_322' title='bbox 827 2674 1314 2745; x_wconf 81' lang='grc' dir='ltr'><strong>πεπλημμεληκὼς</strong></span> <span class='ocrx_word' id='word_1_323' title='bbox 1362 2673 1430 2727; x_wconf 81' lang='grc' dir='ltr'><strong>ἂν</strong></span> <span class='ocrx_word' id='word_1_324' title='bbox 1459 2674 1687 2735; x_wconf 81' lang='grc' dir='ltr'><strong>εἰκότως</strong></span> <span class='ocrx_word' id='word_1_325' title='bbox 1726 2672 1821 2724; x_wconf 74' lang='grc' dir='ltr'><strong>καὶ</strong></span> <span class='ocrx_word' id='word_1_326' title='bbox 1855 2673 1933 2727; x_wconf 77' lang='grc' dir='ltr'><strong>είς</strong></span> 
     </span>
    </p>
   </div>
   <div class='ocr_carea' id='block_1_47' title="bbox 350 2756 1935 2833">
    <p class='ocr_par' dir='ltr' id='par_1_47' title="bbox 350 2756 1935 2833">
     <span class='ocr_line' id='line_1_47' title="bbox 350 2756 1935 2833; baseline -0.004 -17"><span class='ocrx_word' id='word_1_327' title='bbox 350 2763 514 2816; x_wconf 73' lang='grc' dir='ltr'><strong>αὐτὸν</strong></span> <span class='ocrx_word' id='word_1_328' title='bbox 538 2765 709 2817; x_wconf 84' lang='grc' dir='ltr'><strong>νοοῖτο</strong></span> <span class='ocrx_word' id='word_1_329' title='bbox 733 2764 824 2816; x_wconf 81' lang='grc' dir='ltr'><strong>τὸν</strong></span> <span class='ocrx_word' id='word_1_330' title='bbox 857 2764 914 2830; x_wconf 80' lang='grc' dir='ltr'><strong>ἐξ</strong></span> <span class='ocrx_word' id='word_1_331' title='bbox 965 2760 1134 2833; x_wconf 73' lang='grc' dir='ltr'><strong>οὗπέρ</strong></span> <span class='ocrx_word' id='word_1_332' title='bbox 1166 2767 1338 2816; x_wconf 76' lang='grc' dir='ltr'><strong>ἐστιν.</strong></span> <span class='ocrx_word' id='word_1_333' title='bbox 1381 2763 1554 2816; x_wconf 87' lang='grc' dir='ltr'><strong>Ὅταν</strong></span> <span class='ocrx_word' id='word_1_334' title='bbox 1593 2761 1772 2813; x_wconf 77' lang='grc' dir='ltr'><strong>τοίνυν</strong></span> <span class='ocrx_word' id='word_1_335' title='bbox 1804 2756 1935 2829; x_wconf 76' lang='grc' dir='ltr'><strong>ἔλθῃ</strong></span> 
     </span>
    </p>
   </div>
   <div class='ocr_carea' id='block_1_48' title="bbox 346 2850 1931 2923">
    <p class='ocr_par' dir='ltr' id='par_1_48' title="bbox 346 2850 1931 2923">
     <span class='ocr_line' id='line_1_48' title="bbox 346 2850 1931 2923; baseline -0.004 -17"><span class='ocrx_word' id='word_1_336' title='bbox 346 2855 379 2906; x_wconf 85' lang='grc' dir='ltr'>ὁ</span> <span class='ocrx_word' id='word_1_337' title='bbox 403 2853 778 2923; x_wconf 80' lang='grc' dir='ltr'><strong>Παρᾱικλητος,</strong></span> <span class='ocrx_word' id='word_1_338' title='bbox 809 2855 963 2923; x_wconf 70' lang='grc' dir='ltr'><strong>ιριησὶ,</strong></span> <span class='ocrx_word' id='word_1_339' title='bbox 1001 2855 1061 2906; x_wconf 75' lang='grc' dir='ltr'><strong>τὸ</strong></span> <span class='ocrx_word' id='word_1_340' title='bbox 1092 2852 1311 2923; x_wconf 72' lang='grc' dir='ltr'><strong>Πνεῦμα</strong></span> <span class='ocrx_word' id='word_1_341' title='bbox 1339 2854 1439 2922; x_wconf 84' lang='grc' dir='ltr'><strong>τῆς</strong></span> <span class='ocrx_word' id='word_1_342' title='bbox 1459 2850 1737 2922; x_wconf 82' lang='grc' dir='ltr'><strong>ἀληθείας,</strong></span> <span class='ocrx_word' id='word_1_343' title='bbox 1768 2866 1897 2901; x_wconf 90' lang='grc' dir='ltr'><strong>τουτ</strong></span> <span class='ocrx_word' id='word_1_344' title='bbox 1918 2877 1931 2885; x_wconf 92' lang='grc'><strong>-</strong></span> 
     </span>
    </p>
   </div>
   <div class='ocr_carea' id='block_1_49' title="bbox 349 2941 1935 3015">
    <p class='ocr_par' dir='ltr' id='par_1_49' title="bbox 349 2941 1935 3015">
     <span class='ocr_line' id='line_1_49' title="bbox 349 2941 1935 3015; baseline -0.001 -22"><span class='ocrx_word' id='word_1_345' title='bbox 349 2942 468 2994; x_wconf 85' lang='grc' dir='ltr'><strong>ἐστι</strong></span> <span class='ocrx_word' id='word_1_346' title='bbox 530 2945 592 2996; x_wconf 85' lang='grc' dir='ltr'><strong>τὸ</strong></span> <span class='ocrx_word' id='word_1_347' title='bbox 640 2944 806 3013; x_wconf 80' lang='grc' dir='ltr'><strong>ἐμὸν,</strong></span> <span class='ocrx_word' id='word_1_348' title='bbox 874 2945 903 2998; x_wconf 82' lang='grc' dir='ltr'><strong>δ</strong></span> <span class='ocrx_word' id='word_1_349' title='bbox 951 2945 1105 3015; x_wconf 73' lang='grc' dir='ltr'><strong>παρὰ</strong></span> <span class='ocrx_word' id='word_1_350' title='bbox 1144 2944 1241 2997; x_wconf 86' lang='grc' dir='ltr'><strong>τοῦ</strong></span> <span class='ocrx_word' id='word_1_351' title='bbox 1290 2944 1503 3014; x_wconf 84' lang='grc' dir='ltr'><strong>Πατρὸς</strong></span> <span class='ocrx_word' id='word_1_352' title='bbox 1555 2941 1935 3011; x_wconf 77' lang='grc' dir='ltr'><strong>ἐκπορεύεται,</strong></span> 
     </span>
    </p>
   </div>
   <div class='ocr_carea' id='block_1_50' title="bbox 350 3031 1935 3108">
    <p class='ocr_par' dir='ltr' id='par_1_50' title="bbox 350 3031 1935 3108">
     <span class='ocr_line' id='line_1_50' title="bbox 350 3031 1935 3108; baseline 0.004 -23"><span class='ocrx_word' id='word_1_353' title='bbox 350 3034 561 3098; x_wconf 82' lang='grc' dir='ltr'><strong>ἐκεῖνος</strong></span> <span class='ocrx_word' id='word_1_354' title='bbox 590 3039 934 3107; x_wconf 78' lang='grc' dir='ltr'><strong>μαρτυρήσει</strong></span> <span class='ocrx_word' id='word_1_355' title='bbox 973 3038 1100 3107; x_wconf 71' lang='grc' dir='ltr'><strong>περὶ</strong></span> <span class='ocrx_word' id='word_1_356' title='bbox 1128 3037 1284 3108; x_wconf 88' lang='grc' dir='ltr'><strong>ἐμοῦ.</strong></span> <span class='ocrx_word' id='word_1_357' title='bbox 1316 3035 1672 3107; x_wconf 77' lang='grc' dir='ltr'><strong>Μαρτυρήσει</strong></span> <span class='ocrx_word' id='word_1_358' title='bbox 1701 3033 1755 3086; x_wconf 80' lang='grc' dir='ltr'><strong>δὲ</strong></span> <span class='ocrx_word' id='word_1_359' title='bbox 1786 3031 1935 3095; x_wconf 51' lang='lat' dir='ltr'><strong>«die;</strong></span> 
     </span>
    </p>
   </div>
   <div class='ocr_carea' id='block_1_51' title="bbox 2037 2305 3643 2374">
    <p class='ocr_par' dir='ltr' id='par_1_51' title="bbox 2037 2305 3643 2374">
     <span class='ocr_line' id='line_1_51' title="bbox 2037 2305 3643 2374; baseline -0.002 -13"><span class='ocrx_word' id='word_1_360' title='bbox 2037 2305 2142 2372; x_wconf 89' lang='lat' dir='ltr'><strong>Qui</strong></span> <span class='ocrx_word' id='word_1_361' title='bbox 2176 2307 2320 2360; x_wconf 88' lang='lat' dir='ltr'><strong>enim</strong></span> <span class='ocrx_word' id='word_1_362' title='bbox 2353 2305 2493 2362; x_wconf 90' lang='lat' dir='ltr'><strong>Filio</strong></span> <span class='ocrx_word' id='word_1_363' title='bbox 2515 2308 2761 2369; x_wconf 89' lang='lat' dir='ltr'><strong>insultat,</strong></span> <span class='ocrx_word' id='word_1_364' title='bbox 2798 2305 3031 2374; x_wconf 86' lang='lat' dir='ltr'><strong>injurius</strong></span> <span class='ocrx_word' id='word_1_365' title='bbox 3055 2307 3251 2361; x_wconf 89' lang='lat' dir='ltr'><strong>merito</strong></span> <span class='ocrx_word' id='word_1_366' title='bbox 3280 2306 3339 2359; x_wconf 86' lang='lat' dir='ltr'><strong>in</strong></span> <span class='ocrx_word' id='word_1_367' title='bbox 3373 2320 3522 2374; x_wconf 87' lang='lat' dir='ltr'><strong>eum,</strong></span> <span class='ocrx_word' id='word_1_368' title='bbox 3546 2319 3643 2366; x_wconf 54' lang='lat' dir='ltr'><strong>cx,</strong></span> 
     </span>
    </p>
   </div>
   <div class='ocr_carea' id='block_1_52' title="bbox 2035 2395 3616 2467">
    <p class='ocr_par' dir='ltr' id='par_1_52' title="bbox 2035 2395 3616 2467">
     <span class='ocr_line' id='line_1_52' title="bbox 2035 2395 3616 2467; baseline 0 -18"><span class='ocrx_word' id='word_1_369' title='bbox 2035 2412 2145 2467; x_wconf 90' lang='lat' dir='ltr'><strong>quo</strong></span> <span class='ocrx_word' id='word_1_370' title='bbox 2173 2395 2342 2452; x_wconf 90' lang='lat' dir='ltr'><strong>Filius</strong></span> <span class='ocrx_word' id='word_1_371' title='bbox 2380 2405 2484 2462; x_wconf 92' lang='lat' dir='ltr'><strong>est,</strong></span> <span class='ocrx_word' id='word_1_372' title='bbox 2518 2397 2824 2452; x_wconf 88' lang='lat' dir='ltr'><strong>censendus</strong></span> <span class='ocrx_word' id='word_1_373' title='bbox 2865 2405 2972 2451; x_wconf 92' lang='lat' dir='ltr'><strong>est.</strong></span> <span class='ocrx_word' id='word_1_374' title='bbox 3003 2395 3139 2450; x_wconf 86' lang='lat' dir='ltr'><strong>Cum</strong></span> <span class='ocrx_word' id='word_1_375' title='bbox 3173 2397 3357 2466; x_wconf 84' lang='lat' dir='ltr'><strong>itaque</strong></span> <span class='ocrx_word' id='word_1_376' title='bbox 3400 2396 3616 2450; x_wconf 84' lang='lat' dir='ltr'><strong>venerit</strong></span> 
     </span>
    </p>
   </div>
   <div class='ocr_carea' id='block_1_53' title="bbox 2044 2468 3627 2556">
    <p class='ocr_par' dir='ltr' id='par_1_53' title="bbox 2044 2468 3627 2556">
     <span class='ocr_line' id='line_1_53' title="bbox 2044 2468 3627 2556; baseline -0.002 -14"><span class='ocrx_word' id='word_1_377' title='bbox 2044 2487 2382 2553; x_wconf 88' lang='lat' dir='ltr'><strong>Paraeletus,</strong></span> <span class='ocrx_word' id='word_1_378' title='bbox 2431 2487 2530 2552; x_wconf 89' lang='lat' dir='ltr'><strong>ait,</strong></span> <span class='ocrx_word' id='word_1_379' title='bbox 2570 2486 2805 2556; x_wconf 87' lang='lat' dir='ltr'><strong>Spiritus</strong></span> <span class='ocrx_word' id='word_1_380' title='bbox 2854 2486 3132 2553; x_wconf 81' lang='lat' dir='ltr'><strong>veritatis,</strong></span> <span class='ocrx_word' id='word_1_381' title='bbox 3182 2502 3340 2541; x_wconf 88' lang='lat' dir='ltr'><strong>meus</strong></span> <span class='ocrx_word' id='word_1_382' title='bbox 3380 2468 3627 2554; x_wconf 48' lang='lat' dir='ltr'><strong>scilicet;</strong></span> 
     </span>
    </p>
   </div>
   <div class='ocr_carea' id='block_1_54' title="bbox 2043 2575 3617 2649">
    <p class='ocr_par' dir='ltr' id='par_1_54' title="bbox 2043 2575 3617 2649">
     <span class='ocr_line' id='line_1_54' title="bbox 2043 2575 3617 2649; baseline -0.001 -16"><span class='ocrx_word' id='word_1_383' title='bbox 2043 2580 2137 2649; x_wconf 92' lang='lat' dir='ltr'><strong>qui</strong></span> <span class='ocrx_word' id='word_1_384' title='bbox 2183 2594 2211 2633; x_wconf 89' lang='lat' dir='ltr'><strong>a</strong></span> <span class='ocrx_word' id='word_1_385' title='bbox 2246 2576 2404 2632; x_wconf 82' lang='lat' dir='ltr'><strong>Patre</strong></span> <span class='ocrx_word' id='word_1_386' title='bbox 2435 2578 2699 2647; x_wconf 87' lang='lat' dir='ltr'><strong>procedit,</strong></span> <span class='ocrx_word' id='word_1_387' title='bbox 2748 2577 2837 2631; x_wconf 89' lang='lat' dir='ltr'><strong>ille</strong></span> <span class='ocrx_word' id='word_1_388' title='bbox 2875 2578 3248 2632; x_wconf 88' lang='lat' dir='ltr'><strong>testimonium</strong></span> <span class='ocrx_word' id='word_1_389' title='bbox 3308 2575 3617 2646; x_wconf 88' lang='lat' dir='ltr'><strong>perhibebit</strong></span> 
     </span>
    </p>
   </div>
   <div class='ocr_carea' id='block_1_55' title="bbox 2041 2667 3615 2744">
    <p class='ocr_par' dir='ltr' id='par_1_55' title="bbox 2041 2667 3615 2744">
     <span class='ocr_line' id='line_1_55' title="bbox 2041 2667 3615 2744; baseline -0.002 -18"><span class='ocrx_word' id='word_1_390' title='bbox 2041 2673 2106 2726; x_wconf 89' lang='lat' dir='ltr'><strong>de</strong></span> <span class='ocrx_word' id='word_1_391' title='bbox 2161 2687 2267 2725; x_wconf 90' lang='lat' dir='ltr'><strong>me.</strong></span> <span class='ocrx_word' id='word_1_392' title='bbox 2307 2668 2591 2735; x_wconf 87' lang='lat' dir='ltr'><strong>Quomodo</strong></span> <span class='ocrx_word' id='word_1_393' title='bbox 2614 2684 2746 2723; x_wconf 88' lang='lat' dir='ltr'><strong>vero</strong></span> <span class='ocrx_word' id='word_1_394' title='bbox 2804 2667 3150 2744; x_wconf 80' lang='lat' dir='ltr'><strong>perbibebit?</strong></span> <span class='ocrx_word' id='word_1_395' title='bbox 3187 2668 3376 2737; x_wconf 80' lang='lat' dir='ltr'><strong>Magna</strong></span> <span class='ocrx_word' id='word_1_396' title='bbox 3419 2668 3473 2723; x_wconf 91' lang='lat' dir='ltr'><strong>in</strong></span> <span class='ocrx_word' id='word_1_397' title='bbox 3516 2683 3615 2723; x_wconf 92' lang='lat' dir='ltr'><strong>vo-</strong></span> 
     </span>
    </p>
   </div>
   <div class='ocr_carea' id='block_1_56' title="bbox 2043 2757 3616 2828">
    <p class='ocr_par' dir='ltr' id='par_1_56' title="bbox 2043 2757 3616 2828">
     <span class='ocr_line' id='line_1_56' title="bbox 2043 2757 3616 2828; baseline -0.002 -13"><span class='ocrx_word' id='word_1_398' title='bbox 2043 2760 2128 2815; x_wconf 85' lang='lat' dir='ltr'><strong>bis</strong></span> <span class='ocrx_word' id='word_1_399' title='bbox 2171 2769 2226 2814; x_wconf 89' lang='lat' dir='ltr'><strong>et</strong></span> <span class='ocrx_word' id='word_1_400' title='bbox 2283 2774 2376 2828; x_wconf 89' lang='lat' dir='ltr'><strong>per</strong></span> <span class='ocrx_word' id='word_1_401' title='bbox 2406 2775 2503 2814; x_wconf 88' lang='lat' dir='ltr'><strong>vos</strong></span> <span class='ocrx_word' id='word_1_402' title='bbox 2535 2757 2803 2813; x_wconf 88' lang='lat' dir='ltr'><strong>miracula</strong></span> <span class='ocrx_word' id='word_1_403' title='bbox 2843 2757 3071 2824; x_wconf 80' lang='lat' dir='ltr'><strong>faciens,</strong></span> <span class='ocrx_word' id='word_1_404' title='bbox 3127 2759 3311 2828; x_wconf 81' lang='lat' dir='ltr'><strong>justus</strong></span> <span class='ocrx_word' id='word_1_405' title='bbox 3343 2774 3616 2828; x_wconf 83' lang='lat' dir='ltr'><strong>verosque</strong></span> 
     </span>
    </p>
   </div>
   <div class='ocr_carea' id='block_1_57' title="bbox 2042 2848 3616 2918">
    <p class='ocr_par' dir='ltr' id='par_1_57' title="bbox 2042 2848 3616 2918">
     <span class='ocr_line' id='line_1_57' title="bbox 2042 2848 3616 2918; baseline -0.001 -13"><span class='ocrx_word' id='word_1_406' title='bbox 2042 2852 2241 2905; x_wconf 75' lang='lat' dir='ltr'><strong>divina:</strong></span> <span class='ocrx_word' id='word_1_407' title='bbox 2270 2864 2405 2903; x_wconf 71' lang='lat' dir='ltr'><strong>mete</strong></span> <span class='ocrx_word' id='word_1_408' title='bbox 2430 2848 2734 2917; x_wconf 85' lang='lat' dir='ltr'><strong>potestatis,</strong></span> <span class='ocrx_word' id='word_1_409' title='bbox 2788 2856 2843 2902; x_wconf 92' lang='lat' dir='ltr'><strong>et</strong></span> <span class='ocrx_word' id='word_1_410' title='bbox 2887 2848 2939 2903; x_wconf 86' lang='lat' dir='ltr'><strong>in</strong></span> <span class='ocrx_word' id='word_1_411' title='bbox 2996 2848 3195 2902; x_wconf 88' lang='lat' dir='ltr'><strong>virtute</strong></span> <span class='ocrx_word' id='word_1_412' title='bbox 3226 2849 3616 2918; x_wconf 79' lang='lat' dir='ltr'><strong>magnitudinis</strong></span> 
     </span>
    </p>
   </div>
   <div class='ocr_carea' id='block_1_58' title="bbox 2044 2935 3616 3008">
    <p class='ocr_par' dir='ltr' id='par_1_58' title="bbox 2044 2935 3616 3008">
     <span class='ocr_line' id='line_1_58' title="bbox 2044 2935 3616 3008; baseline 0.001 -16"><span class='ocrx_word' id='word_1_413' title='bbox 2044 2937 2219 2992; x_wconf 84' lang='lat' dir='ltr'><strong>testis.</strong></span> <span class='ocrx_word' id='word_1_414' title='bbox 2255 2935 2493 3005; x_wconf 88' lang='lat' dir='ltr'><strong>Spiritus</strong></span> <span class='ocrx_word' id='word_1_415' title='bbox 2527 2937 2669 2990; x_wconf 90' lang='lat' dir='ltr'><strong>enim</strong></span> <span class='ocrx_word' id='word_1_416' title='bbox 2699 2952 2851 2992; x_wconf 85' lang='lat' dir='ltr'><strong>meus</strong></span> <span class='ocrx_word' id='word_1_417' title='bbox 2891 2947 3000 3003; x_wconf 87' lang='lat' dir='ltr'><strong>est,</strong></span> <span class='ocrx_word' id='word_1_418' title='bbox 3030 2938 3122 3006; x_wconf 90' lang='lat' dir='ltr'><strong>qui</strong></span> <span class='ocrx_word' id='word_1_419' title='bbox 3151 2948 3407 3008; x_wconf 87' lang='lat' dir='ltr'><strong>operatur</strong></span> <span class='ocrx_word' id='word_1_420' title='bbox 3434 2939 3487 2992; x_wconf 90' lang='lat' dir='ltr'><strong>in</strong></span> <span class='ocrx_word' id='word_1_421' title='bbox 3520 2954 3616 2993; x_wconf 86' lang='lat' dir='ltr'><strong>vo-</strong></span> 
     </span>
    </p>
   </div>
   <div class='ocr_carea' id='block_1_59' title="bbox 2043 3026 3440 3091">
    <p class='ocr_par' dir='ltr' id='par_1_59' title="bbox 2043 3026 3440 3091">
     <span class='ocr_line' id='line_1_59' title="bbox 2043 3026 3440 3091; baseline -0.001 -8"><span class='ocrx_word' id='word_1_422' title='bbox 2043 3029 2150 3091; x_wconf 89' lang='lat' dir='ltr'><strong>bis,</strong></span> <span class='ocrx_word' id='word_1_423' title='bbox 2181 3027 2275 3082; x_wconf 89' lang='lat' dir='ltr'><strong>sed</strong></span> <span class='ocrx_word' id='word_1_424' title='bbox 2300 3027 2444 3083; x_wconf 87' lang='lat' dir='ltr'><strong>sicut</strong></span> <span class='ocrx_word' id='word_1_425' title='bbox 2464 3043 2636 3082; x_wconf 76' lang='lat' dir='ltr'><strong>meus</strong></span> <span class='ocrx_word' id='word_1_426' title='bbox 2659 3035 2765 3089; x_wconf 88' lang='lat' dir='ltr'><strong>est,</strong></span> <span class='ocrx_word' id='word_1_427' title='bbox 2797 3027 2878 3082; x_wconf 90' lang='lat' dir='ltr'><strong>sic</strong></span> <span class='ocrx_word' id='word_1_428' title='bbox 2907 3036 2963 3082; x_wconf 90' lang='lat' dir='ltr'><strong>et</strong></span> <span class='ocrx_word' id='word_1_429' title='bbox 2988 3026 3082 3082; x_wconf 90' lang='lat' dir='ltr'><strong>Dei</strong></span> <span class='ocrx_word' id='word_1_430' title='bbox 3106 3037 3160 3082; x_wconf 91' lang='lat' dir='ltr'><strong>et</strong></span> <span class='ocrx_word' id='word_1_431' title='bbox 3181 3029 3382 3085; x_wconf 81' lang='lat' dir='ltr'><strong>Patris.</strong></span> <span class='ocrx_word' id='word_1_432' title='bbox 3423 3047 3440 3081; x_wconf 74' lang='grc' dir='ltr'><strong>ι</strong></span> 
     </span>
    </p>
   </div>
   <div class='ocr_carea' id='block_1_60' title="bbox 361 3119 3617 3200">
    <p class='ocr_par' dir='ltr' id='par_1_60' title="bbox 361 3119 3617 3200">
     <span class='ocr_line' id='line_1_60' title="bbox 361 3119 3617 3200; baseline -0.003 -19"><span class='ocrx_word' id='word_1_433' title='bbox 361 3129 694 3200; x_wconf 80' lang='grc' dir='ltr'><strong>Ἐνεργῆσαν</strong></span> <span class='ocrx_word' id='word_1_434' title='bbox 720 3133 831 3200; x_wconf 78' lang='grc' dir='ltr'><strong>γὰρ</strong></span> <span class='ocrx_word' id='word_1_435' title='bbox 868 3132 925 3183; x_wconf 83' lang='grc' dir='ltr'><strong>ἐν</strong></span> <span class='ocrx_word' id='word_1_436' title='bbox 951 3131 1079 3200; x_wconf 80' lang='grc' dir='ltr'><strong>ὑμῖν</strong></span> <span class='ocrx_word' id='word_1_437' title='bbox 1113 3148 1172 3183; x_wconf 88' lang='grc' dir='ltr'><strong>τε</strong></span> <span class='ocrx_word' id='word_1_438' title='bbox 1207 3130 1304 3183; x_wconf 73' lang='grc' dir='ltr'><strong>καὶ</strong></span> <span class='ocrx_word' id='word_1_439' title='bbox 1338 3129 1406 3182; x_wconf 85' lang='grc' dir='ltr'><strong>δι’</strong></span> <span class='ocrx_word' id='word_1_440' title='bbox 1437 3126 1593 3197; x_wconf 83' lang='grc' dir='ltr'><strong>ὑμῶν</strong></span> <span class='ocrx_word' id='word_1_441' title='bbox 1658 3125 1726 3179; x_wconf 70' lang='grc' dir='ltr'><strong>τὰ</strong></span> <span class='ocrx_word' id='word_1_442' title='bbox 1781 3119 2080 3192; x_wconf 78' lang='grc' dir='ltr'><strong>παράδοξα,</strong></span> <span class='ocrx_word' id='word_1_443' title='bbox 2119 3122 2327 3189; x_wconf 79' lang='grc' dir='ltr'><strong>μάρτυς</strong></span> <span class='ocrx_word' id='word_1_444' title='bbox 2393 3119 2575 3172; x_wconf 76' lang='grc' dir='ltr'><strong>ἔσεται</strong></span> <span class='ocrx_word' id='word_1_445' title='bbox 2604 3119 2813 3183; x_wconf 77' lang='grc' dir='ltr'><strong>δίκαιός</strong></span> <span class='ocrx_word' id='word_1_446' title='bbox 2841 3135 2901 3172; x_wconf 89' lang='grc' dir='ltr'><strong>τε</strong></span> <span class='ocrx_word' id='word_1_447' title='bbox 2929 3120 3025 3173; x_wconf 74' lang='grc' dir='ltr'><strong>καὶ</strong></span> <span class='ocrx_word' id='word_1_448' title='bbox 3087 3120 3294 3192; x_wconf 77' lang='grc' dir='ltr'><strong>ἀληθὴς</strong></span> <span class='ocrx_word' id='word_1_449' title='bbox 3350 3123 3449 3190; x_wconf 82' lang='grc' dir='ltr'><strong>τῆς</strong></span> <span class='ocrx_word' id='word_1_450' title='bbox 3477 3120 3617 3191; x_wconf 81' lang='grc' dir='ltr'><strong>ἐμῆς</strong></span> 
     </span>
    </p>
   </div>
   <div class='ocr_carea' id='block_1_61' title="bbox 349 3213 3617 3294">
    <p class='ocr_par' dir='ltr' id='par_1_61' title="bbox 349 3213 3617 3294">
     <span class='ocr_line' id='line_1_61' title="bbox 349 3213 3617 3294; baseline -0.001 -22"><span class='ocrx_word' id='word_1_451' title='bbox 349 3223 689 3292; x_wconf 78' lang='grc' dir='ltr'><strong>θεοπρεποῦς</strong></span> <span class='ocrx_word' id='word_1_452' title='bbox 722 3225 992 3292; x_wconf 80' lang='grc' dir='ltr'><strong>ἐξουσίας,</strong></span> <span class='ocrx_word' id='word_1_453' title='bbox 1027 3225 1122 3278; x_wconf 69' lang='grc' dir='ltr'><strong>καῖ.</strong></span> <span class='ocrx_word' id='word_1_454' title='bbox 1153 3224 1255 3294; x_wconf 82' lang='grc' dir='ltr'><strong>τῆς</strong></span> <span class='ocrx_word' id='word_1_455' title='bbox 1294 3225 1351 3277; x_wconf 86' lang='grc' dir='ltr'><strong>ἐν</strong></span> <span class='ocrx_word' id='word_1_456' title='bbox 1373 3222 1602 3291; x_wconf 76' lang='grc' dir='ltr'><strong>δυνάμει</strong></span> <span class='ocrx_word' id='word_1_457' title='bbox 1634 3218 2076 3292; x_wconf 87' lang='grc' dir='ltr'><strong>μεγαλειότητος.</strong></span> <span class='ocrx_word' id='word_1_458' title='bbox 2119 3216 2282 3286; x_wconf 81' lang='grc' dir='ltr'><strong>Ἐμὸν</strong></span> <span class='ocrx_word' id='word_1_459' title='bbox 2309 3215 2418 3287; x_wconf 77' lang='grc' dir='ltr'><strong>γὰρ</strong></span> <span class='ocrx_word' id='word_1_460' title='bbox 2475 3214 2701 3284; x_wconf 87' lang='grc' dir='ltr'><strong>Πνεῦμα</strong></span> <span class='ocrx_word' id='word_1_461' title='bbox 2752 3215 2811 3267; x_wconf 82' lang='grc' dir='ltr'><strong>τὸ</strong></span> <span class='ocrx_word' id='word_1_462' title='bbox 2832 3215 3090 3286; x_wconf 80' lang='grc' dir='ltr'><strong>ἐνεργοῦν</strong></span> <span class='ocrx_word' id='word_1_463' title='bbox 3140 3216 3198 3269; x_wconf 83' lang='grc' dir='ltr'><strong>ἐν</strong></span> <span class='ocrx_word' id='word_1_464' title='bbox 3259 3213 3617 3294; x_wconf 81' lang='grc' dir='ltr'><strong>ὐμῖν,ὥσπερ</strong></span> 
     </span>
    </p>
   </div>
   <div class='ocr_carea' id='block_1_62' title="bbox 348 3308 1581 3383">
    <p class='ocr_par' dir='ltr' id='par_1_62' title="bbox 348 3308 1581 3383">
     <span class='ocr_line' id='line_1_62' title="bbox 348 3308 1581 3383; baseline 0.004 -22"><span class='ocrx_word' id='word_1_465' title='bbox 348 3308 405 3362; x_wconf 85' lang='grc' dir='ltr'><strong>δὲ</strong></span> <span class='ocrx_word' id='word_1_466' title='bbox 439 3313 590 3379; x_wconf 79' lang='grc' dir='ltr'><strong>ἐμὸν,</strong></span> <span class='ocrx_word' id='word_1_467' title='bbox 623 3313 765 3367; x_wconf 72' lang='grc' dir='ltr'><strong>οὕτω</strong></span> <span class='ocrx_word' id='word_1_468' title='bbox 796 3316 886 3367; x_wconf 73' lang='grc' dir='ltr'><strong>καὶ</strong></span> <span class='ocrx_word' id='word_1_469' title='bbox 921 3313 1016 3367; x_wconf 80' lang='grc' dir='ltr'><strong>τοῦ</strong></span> <span class='ocrx_word' id='word_1_470' title='bbox 1042 3313 1178 3367; x_wconf 88' lang='grc' dir='ltr'><strong>Θεοῦ</strong></span> <span class='ocrx_word' id='word_1_471' title='bbox 1217 3314 1314 3366; x_wconf 66' lang='grc' dir='ltr'><strong>καὶ</strong></span> <span class='ocrx_word' id='word_1_472' title='bbox 1345 3313 1581 3383; x_wconf 77' lang='grc' dir='ltr'><strong>Πατρός.</strong></span> 
     </span>
    </p>
   </div>
   <div class='ocr_carea' id='block_1_63' title="bbox 430 3404 2007 3479">
    <p class='ocr_par' dir='ltr' id='par_1_63' title="bbox 430 3404 2007 3479">
     <span class='ocr_line' id='line_1_63' title="bbox 430 3404 2007 3479; baseline 0.003 -19"><span class='ocrx_word' id='word_1_473' title='bbox 430 3407 489 3460; x_wconf 86' lang='grc' dir='ltr'>Ὀ</span> <span class='ocrx_word' id='word_1_474' title='bbox 529 3409 688 3471; x_wconf 79' lang='grc' dir='ltr'><strong>αὐτὸς</strong></span> <span class='ocrx_word' id='word_1_475' title='bbox 728 3411 807 3472; x_wconf 79' lang='grc' dir='ltr'><strong>εἰς</strong></span> <span class='ocrx_word' id='word_1_476' title='bbox 839 3410 922 3475; x_wconf 78' lang='grc' dir='ltr'><strong>τὸ,</strong></span> <span class='ocrx_word' id='word_1_477' title='bbox 961 3428 982 3460; x_wconf 73' lang='grc' dir='ltr'>ί</span> <span class='ocrx_word' id='word_1_478' title='bbox 1022 3410 1097 3462; x_wconf 83' lang='grc' dir='ltr'><strong>Οὐ</strong></span> <span class='ocrx_word' id='word_1_479' title='bbox 1126 3412 1233 3479; x_wconf 79' lang='grc' dir='ltr'><strong>γὰρ</strong></span> <span class='ocrx_word' id='word_1_480' title='bbox 1281 3409 1510 3479; x_wconf 82' lang='grc' dir='ltr'><strong>λαλήσει</strong></span> <span class='ocrx_word' id='word_1_481' title='bbox 1555 3408 1646 3476; x_wconf 76' lang='grc' dir='ltr'><strong>ἀφ’</strong></span> <span class='ocrx_word' id='word_1_482' title='bbox 1669 3404 1884 3470; x_wconf 78' lang='grc' dir='ltr'><strong>ἐαυτοῦ,</strong></span> <span class='ocrx_word' id='word_1_483' title='bbox 1913 3425 1933 3459; x_wconf 72' lang='grc' dir='ltr'><strong>ι</strong></span> <span class='ocrx_word' id='word_1_484' title='bbox 1966 3406 2007 3464; x_wconf 88' lang='lat' dir='ltr'><strong>C</strong></span> 
     </span>
    </p>
   </div>
   <div class='ocr_carea' id='block_1_64' title="bbox 349 3496 1928 3573">
    <p class='ocr_par' dir='ltr' id='par_1_64' title="bbox 349 3496 1928 3573">
     <span class='ocr_line' id='line_1_64' title="bbox 349 3496 1928 3573; baseline 0.001 -23"><span class='ocrx_word' id='word_1_485' title='bbox 349 3499 546 3569; x_wconf 81' lang='grc' dir='ltr'><strong>φησίν·</strong></span> <span class='ocrx_word' id='word_1_486' title='bbox 585 3518 602 3550; x_wconf 78' lang='grc' dir='ltr'><strong>ι</strong></span> <span class='ocrx_word' id='word_1_487' title='bbox 636 3500 806 3553; x_wconf 78' lang='grc' dir='ltr'><strong>Ὅταν</strong></span> <span class='ocrx_word' id='word_1_488' title='bbox 828 3496 920 3553; x_wconf 87' lang='grc' dir='ltr'><strong>οῦν</strong></span> <span class='ocrx_word' id='word_1_489' title='bbox 950 3500 1076 3573; x_wconf 79' lang='grc' dir='ltr'><strong>ἔλθῃ</strong></span> <span class='ocrx_word' id='word_1_490' title='bbox 1110 3503 1339 3563; x_wconf 80' lang='grc' dir='ltr'><strong>ἐκεῖνος,</strong></span> <span class='ocrx_word' id='word_1_491' title='bbox 1378 3502 1656 3554; x_wconf 79' lang='grc' dir='ltr'><strong>τουτέστιν</strong></span> <span class='ocrx_word' id='word_1_492' title='bbox 1685 3501 1712 3552; x_wconf 88' lang='grc' dir='ltr'>ὁ</span> <span class='ocrx_word' id='word_1_493' title='bbox 1743 3497 1928 3569; x_wconf 85' lang='grc' dir='ltr'><strong>Παρά-</strong></span> 
     </span>
    </p>
   </div>
   <div class='ocr_carea' id='block_1_65' title="bbox 349 3585 1928 3660">
    <p class='ocr_par' dir='ltr' id='par_1_65' title="bbox 349 3585 1928 3660">
     <span class='ocr_line' id='line_1_65' title="bbox 349 3585 1928 3660; baseline 0.002 -23"><span class='ocrx_word' id='word_1_494' title='bbox 349 3585 569 3653; x_wconf 86' lang='grc' dir='ltr'><strong>κλητος,</strong></span> <span class='ocrx_word' id='word_1_495' title='bbox 605 3587 666 3638; x_wconf 80' lang='grc' dir='ltr'><strong>τὸ</strong></span> <span class='ocrx_word' id='word_1_496' title='bbox 706 3587 932 3658; x_wconf 88' lang='grc' dir='ltr'><strong>Πνεῦμα</strong></span> <span class='ocrx_word' id='word_1_497' title='bbox 961 3590 1060 3658; x_wconf 81' lang='grc' dir='ltr'><strong>τῆς</strong></span> <span class='ocrx_word' id='word_1_498' title='bbox 1086 3588 1365 3658; x_wconf 85' lang='grc' dir='ltr'><strong>ἀληθείας,</strong></span> <span class='ocrx_word' id='word_1_499' title='bbox 1396 3589 1652 3660; x_wconf 81' lang='grc' dir='ltr'><strong>ὁδηγήσει</strong></span> <span class='ocrx_word' id='word_1_500' title='bbox 1676 3588 1818 3657; x_wconf 80' lang='grc' dir='ltr'><strong>ὑμᾶς</strong></span> <span class='ocrx_word' id='word_1_501' title='bbox 1849 3590 1928 3651; x_wconf 87' lang='grc' dir='ltr'><strong>είς</strong></span> 
     </span>
    </p>
   </div>
   <div class='ocr_carea' id='block_1_66' title="bbox 349 3677 1928 3752">
    <p class='ocr_par' dir='ltr' id='par_1_66' title="bbox 349 3677 1928 3752">
     <span class='ocr_line' id='line_1_66' title="bbox 349 3677 1928 3752; baseline 0.002 -23"><span class='ocrx_word' id='word_1_502' title='bbox 349 3678 534 3731; x_wconf 82' lang='grc' dir='ltr'><strong>πᾶσαν</strong></span> <span class='ocrx_word' id='word_1_503' title='bbox 563 3677 663 3749; x_wconf 82' lang='grc' dir='ltr'><strong>τήν</strong></span> <span class='ocrx_word' id='word_1_504' title='bbox 685 3679 963 3750; x_wconf 83' lang='grc' dir='ltr'><strong>ἀλήθειαν.</strong></span> <span class='ocrx_word' id='word_1_505' title='bbox 988 3680 1162 3733; x_wconf 84' lang='grc' dir='ltr'><strong>Βλέπε</strong></span> <span class='ocrx_word' id='word_1_506' title='bbox 1184 3680 1238 3733; x_wconf 88' lang='grc' dir='ltr'><strong>δέ</strong></span> <span class='ocrx_word' id='word_1_507' title='bbox 1265 3680 1340 3743; x_wconf 83' lang='grc' dir='ltr'><strong>ὡς</strong></span> <span class='ocrx_word' id='word_1_508' title='bbox 1369 3681 1670 3752; x_wconf 79' lang='grc' dir='ltr'><strong>ἐγρήγορεν</strong></span> <span class='ocrx_word' id='word_1_509' title='bbox 1694 3681 1725 3747; x_wconf 90' lang='grc' dir='ltr'><strong>ή</strong></span> <span class='ocrx_word' id='word_1_510' title='bbox 1750 3679 1928 3750; x_wconf 76' lang='grc' dir='ltr'><strong>φωνὴ,</strong></span> 
     </span>
    </p>
   </div>
   <div class='ocr_carea' id='block_1_67' title="bbox 347 3767 1957 3841">
    <p class='ocr_par' dir='ltr' id='par_1_67' title="bbox 347 3767 1957 3841">
     <span class='ocr_line' id='line_1_67' title="bbox 347 3767 1957 3841; baseline 0.001 -22"><span class='ocrx_word' id='word_1_511' title='bbox 347 3768 452 3834; x_wconf 77' lang='grc' dir='ltr'><strong>ὅρα</strong></span> <span class='ocrx_word' id='word_1_512' title='bbox 472 3767 564 3820; x_wconf 86' lang='grc' dir='ltr'><strong>τοῦ</strong></span> <span class='ocrx_word' id='word_1_513' title='bbox 592 3768 751 3837; x_wconf 92' lang='grc' dir='ltr'><strong>λόγου</strong></span> <span class='ocrx_word' id='word_1_514' title='bbox 780 3771 878 3839; x_wconf 83' lang='grc' dir='ltr'><strong>τὴν</strong></span> <span class='ocrx_word' id='word_1_515' title='bbox 903 3768 1087 3838; x_wconf 65' lang='grc' dir='ltr'><strong>νῆψιν.</strong></span> <span class='ocrx_word' id='word_1_516' title='bbox 1116 3769 1473 3841; x_wconf 77' lang='grc' dir='ltr'><strong>Προειρηκὼς</strong></span> <span class='ocrx_word' id='word_1_517' title='bbox 1513 3769 1623 3840; x_wconf 83' lang='grc' dir='ltr'><strong>γὰρ</strong></span> <span class='ocrx_word' id='word_1_518' title='bbox 1652 3769 1806 3840; x_wconf 73' lang='grc' dir='ltr'><strong>ἥξειν</strong></span> <span class='ocrx_word' id='word_1_519' title='bbox 1838 3767 1957 3820; x_wconf 69' lang='grc' dir='ltr'><strong>ἐπ”</strong></span> 
     </span>
    </p>
   </div>
   <div class='ocr_carea' id='block_1_68' title="bbox 347 3857 1929 3929">
    <p class='ocr_par' dir='ltr' id='par_1_68' title="bbox 347 3857 1929 3929">
     <span class='ocr_line' id='line_1_68' title="bbox 347 3857 1929 3929; baseline 0 -18"><span class='ocrx_word' id='word_1_520' title='bbox 347 3857 547 3919; x_wconf 79' lang='grc' dir='ltr'><strong>αὐτοὺς</strong></span> <span class='ocrx_word' id='word_1_521' title='bbox 605 3857 696 3910; x_wconf 80' lang='grc' dir='ltr'><strong>τὸν</strong></span> <span class='ocrx_word' id='word_1_522' title='bbox 748 3858 1123 3929; x_wconf 81' lang='grc' dir='ltr'><strong>Παράκλητον,</strong></span> <span class='ocrx_word' id='word_1_523' title='bbox 1155 3858 1216 3911; x_wconf 77' lang='grc' dir='ltr'><strong>τὸ</strong></span> <span class='ocrx_word' id='word_1_524' title='bbox 1263 3857 1486 3928; x_wconf 81' lang='grc' dir='ltr'><strong>Πνεῦμα</strong></span> <span class='ocrx_word' id='word_1_525' title='bbox 1526 3859 1628 3929; x_wconf 79' lang='grc' dir='ltr'><strong>τῆς</strong></span> <span class='ocrx_word' id='word_1_526' title='bbox 1670 3857 1929 3928; x_wconf 78' lang='grc' dir='ltr'><strong>ἀληθείας</strong></span> 
     </span>
    </p>
   </div>
   <div class='ocr_carea' id='block_1_69' title="bbox 347 3947 1928 4015">
    <p class='ocr_par' dir='ltr' id='par_1_69' title="bbox 347 3947 1928 4015">
     <span class='ocr_line' id='line_1_69' title="bbox 347 3947 1928 4015; baseline 0.001 -16"><span class='ocrx_word' id='word_1_527' title='bbox 347 3947 636 4015; x_wconf 83' lang='grc' dir='ltr'><strong>ὠνόμασεν</strong></span> <span class='ocrx_word' id='word_1_528' title='bbox 657 3949 840 4012; x_wconf 80' lang='grc' dir='ltr'><strong>αὐτὸν,</strong></span> <span class='ocrx_word' id='word_1_529' title='bbox 868 3950 1147 4003; x_wconf 78' lang='grc' dir='ltr'><strong>τουτέστιν</strong></span> <span class='ocrx_word' id='word_1_530' title='bbox 1169 3947 1387 4009; x_wconf 88' lang='grc' dir='ltr'><strong>ἐαυτοῦ.</strong></span> <span class='ocrx_word' id='word_1_531' title='bbox 1414 3949 1588 4013; x_wconf 77' lang='grc' dir='ltr'><strong>Αὐτὸς</strong></span> <span class='ocrx_word' id='word_1_532' title='bbox 1619 3947 1728 4015; x_wconf 87' lang='grc' dir='ltr'><strong>γάρ</strong></span> <span class='ocrx_word' id='word_1_533' title='bbox 1777 3949 1928 4000; x_wconf 88' lang='grc' dir='ltr'><strong>ἐστιν</strong></span> 
     </span>
    </p>
   </div>
   <div class='ocr_carea' id='block_1_70' title="bbox 347 4040 1926 4112">
    <p class='ocr_par' dir='ltr' id='par_1_70' title="bbox 347 4040 1926 4112">
     <span class='ocr_line' id='line_1_70' title="bbox 347 4040 1926 4112; baseline 0 -19"><span class='ocrx_word' id='word_1_534' title='bbox 347 4041 381 4107; x_wconf 76' lang='grc' dir='ltr'><strong>ἡ</strong></span> <span class='ocrx_word' id='word_1_535' title='bbox 419 4040 668 4112; x_wconf 84' lang='grc' dir='ltr'><strong>ἀλήθεια.</strong></span> <span class='ocrx_word' id='word_1_536' title='bbox 693 4042 809 4094; x_wconf 80' lang='grc' dir='ltr'><strong>Ἵνα</strong></span> <span class='ocrx_word' id='word_1_537' title='bbox 837 4044 943 4111; x_wconf 80' lang='grc' dir='ltr'><strong>γὰρ</strong></span> <span class='ocrx_word' id='word_1_538' title='bbox 972 4042 1160 4094; x_wconf 84' lang='grc' dir='ltr'><strong>είδοῖεν</strong></span> <span class='ocrx_word' id='word_1_539' title='bbox 1189 4043 1239 4094; x_wconf 82' lang='grc' dir='ltr'><strong>οἱ</strong></span> <span class='ocrx_word' id='word_1_540' title='bbox 1288 4041 1528 4112; x_wconf 78' lang='grc' dir='ltr'><strong>μαθηταὶ</strong></span> <span class='ocrx_word' id='word_1_541' title='bbox 1585 4041 1661 4105; x_wconf 81' lang='grc' dir='ltr'><strong>ὡς</strong></span> <span class='ocrx_word' id='word_1_542' title='bbox 1696 4042 1797 4096; x_wconf 83' lang='grc' dir='ltr'><strong>οὐκ</strong></span> <span class='ocrx_word' id='word_1_543' title='bbox 1827 4042 1926 4094; x_wconf 86' lang='grc' dir='ltr'><strong>ἀλ-</strong></span> 
     </span>
    </p>
   </div>
   <div class='ocr_carea' id='block_1_71' title="bbox 345 4131 1925 4204">
    <p class='ocr_par' dir='ltr' id='par_1_71' title="bbox 345 4131 1925 4204">
     <span class='ocr_line' id='line_1_71' title="bbox 345 4131 1925 4204; baseline 0.002 -21"><span class='ocrx_word' id='word_1_544' title='bbox 345 4131 569 4202; x_wconf 76' lang='grc' dir='ltr'><strong>λοτρίας</strong></span> <span class='ocrx_word' id='word_1_545' title='bbox 619 4133 713 4185; x_wconf 81' lang='grc' dir='ltr'><strong>καὶ</strong></span> <span class='ocrx_word' id='word_1_546' title='bbox 762 4134 921 4201; x_wconf 82' lang='grc' dir='ltr'><strong>ξένης</strong></span> <span class='ocrx_word' id='word_1_547' title='bbox 969 4133 1152 4194; x_wconf 86' lang='grc' dir='ltr'><strong>αὐτοῖς</strong></span> <span class='ocrx_word' id='word_1_548' title='bbox 1213 4133 1497 4201; x_wconf 84' lang='grc' dir='ltr'><strong>δυνάμεως</strong></span> <span class='ocrx_word' id='word_1_549' title='bbox 1556 4133 1925 4204; x_wconf 81' lang='grc' dir='ltr'><strong>ἐπιφοίτησιν,</strong></span> 
     </span>
    </p>
   </div>
   <div class='ocr_carea' id='block_1_72' title="bbox 347 4223 1929 4298">
    <p class='ocr_par' dir='ltr' id='par_1_72' title="bbox 347 4223 1929 4298">
     <span class='ocr_line' id='line_1_72' title="bbox 347 4223 1929 4298; baseline 0.003 -23"><span class='ocrx_word' id='word_1_550' title='bbox 347 4223 466 4277; x_wconf 81' lang='grc' dir='ltr'><strong>ἀλλ’</strong></span> <span class='ocrx_word' id='word_1_551' title='bbox 502 4224 696 4276; x_wconf 78' lang='grc' dir='ltr'><strong>ἐαυτὸν</strong></span> <span class='ocrx_word' id='word_1_552' title='bbox 729 4225 930 4295; x_wconf 80' lang='grc' dir='ltr'><strong>ἑτέρως</strong></span> <span class='ocrx_word' id='word_1_553' title='bbox 964 4224 1219 4278; x_wconf 80' lang='grc' dir='ltr'><strong>ἐπιδώσει</strong></span> <span class='ocrx_word' id='word_1_554' title='bbox 1254 4225 1671 4294; x_wconf 86' lang='grc' dir='ltr'><strong>ἐπαγγέλλεται,</strong></span> <span class='ocrx_word' id='word_1_555' title='bbox 1709 4226 1929 4298; x_wconf 85' lang='grc' dir='ltr'><strong>πνεῦμα</strong></span> 
     </span>
    </p>
   </div>
   <div class='ocr_carea' id='block_1_73' title="bbox 343 4314 1928 4388">
    <p class='ocr_par' dir='ltr' id='par_1_73' title="bbox 343 4314 1928 4388">
     <span class='ocr_line' id='line_1_73' title="bbox 343 4314 1928 4388; baseline 0.002 -21"><span class='ocrx_word' id='word_1_556' title='bbox 343 4314 446 4379; x_wconf 82' lang='grc' dir='ltr'><strong>τῆς</strong></span> <span class='ocrx_word' id='word_1_557' title='bbox 490 4314 785 4384; x_wconf 79' lang='grc' dir='ltr'><strong>ἀληθείας,</strong></span> <span class='ocrx_word' id='word_1_558' title='bbox 819 4318 1097 4369; x_wconf 80' lang='grc' dir='ltr'><strong>τουτέστιν</strong></span> <span class='ocrx_word' id='word_1_559' title='bbox 1154 4316 1373 4383; x_wconf 88' lang='grc' dir='ltr'><strong>ἐαυτοῦ,</strong></span> <span class='ocrx_word' id='word_1_560' title='bbox 1430 4316 1520 4370; x_wconf 82' lang='grc' dir='ltr'><strong>τὸν</strong></span> <span class='ocrx_word' id='word_1_561' title='bbox 1568 4316 1928 4388; x_wconf 83' lang='grc' dir='ltr'><strong>Παράκλητον</strong></span> 
     </span>
    </p>
   </div>
   <div class='ocr_carea' id='block_1_74' title="bbox 345 4405 1928 4478">
    <p class='ocr_par' dir='ltr' id='par_1_74' title="bbox 345 4405 1928 4478">
     <span class='ocr_line' id='line_1_74' title="bbox 345 4405 1928 4478; baseline 0.003 -22"><span class='ocrx_word' id='word_1_562' title='bbox 345 4405 637 4461; x_wconf 78' lang='grc' dir='ltr'><strong>ἀποκαλεῖ.</strong></span> <span class='ocrx_word' id='word_1_563' title='bbox 671 4407 745 4460; x_wconf 83' lang='grc' dir='ltr'><strong>Οὐ</strong></span> <span class='ocrx_word' id='word_1_564' title='bbox 799 4408 908 4474; x_wconf 86' lang='grc' dir='ltr'><strong>γάρ</strong></span> <span class='ocrx_word' id='word_1_565' title='bbox 958 4407 1240 4478; x_wconf 86' lang='grc' dir='ltr'><strong>ἀλλότριον</strong></span> <span class='ocrx_word' id='word_1_566' title='bbox 1285 4409 1385 4477; x_wconf 76' lang='grc' dir='ltr'><strong>τῆς</strong></span> <span class='ocrx_word' id='word_1_567' title='bbox 1437 4407 1533 4460; x_wconf 85' lang='grc' dir='ltr'><strong>τοῦ</strong></span> <span class='ocrx_word' id='word_1_568' title='bbox 1587 4408 1928 4477; x_wconf 86' lang='grc' dir='ltr'><strong>Μονογενοῦς</strong></span> 
     </span>
    </p>
   </div>
   <div class='ocr_carea' id='block_1_75' title="bbox 343 4495 1925 4568">
    <p class='ocr_par' dir='ltr' id='par_1_75' title="bbox 343 4495 1925 4568">
     <span class='ocr_line' id='line_1_75' title="bbox 343 4495 1925 4568; baseline 0.006 -24"><span class='ocrx_word' id='word_1_569' title='bbox 343 4495 537 4556; x_wconf 78' lang='grc' dir='ltr'><strong>οὐσίας</strong></span> <span class='ocrx_word' id='word_1_570' title='bbox 562 4497 622 4549; x_wconf 72' lang='grc' dir='ltr'><strong>τὸ</strong></span> <span class='ocrx_word' id='word_1_571' title='bbox 646 4496 799 4563; x_wconf 70' lang='grc' dir='ltr'><strong>ἅγιον</strong></span> <span class='ocrx_word' id='word_1_572' title='bbox 824 4499 1025 4551; x_wconf 82' lang='grc' dir='ltr'><strong>νοεῖται</strong></span> <span class='ocrx_word' id='word_1_573' title='bbox 1067 4499 1311 4567; x_wconf 68' lang='grc' dir='ltr'><strong>Πρεῦμα,</strong></span> <span class='ocrx_word' id='word_1_574' title='bbox 1338 4499 1557 4568; x_wconf 80' lang='grc' dir='ltr'><strong>πρόεισι</strong></span> <span class='ocrx_word' id='word_1_575' title='bbox 1593 4499 1651 4553; x_wconf 83' lang='grc' dir='ltr'><strong>δέ</strong></span> <span class='ocrx_word' id='word_1_576' title='bbox 1678 4499 1925 4567; x_wconf 80' lang='grc' dir='ltr'><strong>φυσικῶς</strong></span> 
     </span>
    </p>
   </div>
   <div class='ocr_carea' id='block_1_76' title="bbox 345 4582 1923 4657">
    <p class='ocr_par' dir='ltr' id='par_1_76' title="bbox 345 4582 1923 4657">
     <span class='ocr_line' id='line_1_76' title="bbox 345 4582 1923 4657; baseline 0.005 -24"><span class='ocrx_word' id='word_1_577' title='bbox 345 4582 405 4644; x_wconf 73' lang='grc' dir='ltr'><strong>ἐξ</strong></span> <span class='ocrx_word' id='word_1_578' title='bbox 459 4582 651 4650; x_wconf 73' lang='grc' dir='ltr'><strong>αὐτῆς,</strong></span> <span class='ocrx_word' id='word_1_579' title='bbox 683 4585 835 4637; x_wconf 81' lang='grc' dir='ltr'><strong>οὐδὲν</strong></span> <span class='ocrx_word' id='word_1_580' title='bbox 887 4584 1075 4655; x_wconf 78' lang='grc' dir='ltr'><strong>ἕτερον</strong></span> <span class='ocrx_word' id='word_1_581' title='bbox 1133 4588 1267 4657; x_wconf 82' lang='grc' dir='ltr'><strong>παρ’</strong></span> <span class='ocrx_word' id='word_1_582' title='bbox 1295 4589 1457 4639; x_wconf 79' lang='grc' dir='ltr'><strong>αὐτὸν</strong></span> <span class='ocrx_word' id='word_1_583' title='bbox 1503 4588 1769 4657; x_wconf 84' lang='grc' dir='ltr'><strong>ὑπάρχον,</strong></span> <span class='ocrx_word' id='word_1_584' title='bbox 1798 4588 1923 4641; x_wconf 82' lang='grc' dir='ltr'><strong>ὅσον</strong></span> 
     </span>
    </p>
   </div>
   <div class='ocr_carea' id='block_1_77' title="bbox 343 4676 1924 4748">
    <p class='ocr_par' dir='ltr' id='par_1_77' title="bbox 343 4676 1924 4748">
     <span class='ocr_line' id='line_1_77' title="bbox 343 4676 1924 4748; baseline 0.004 -24"><span class='ocrx_word' id='word_1_585' title='bbox 343 4676 425 4727; x_wconf 73' lang='grc' dir='ltr'><strong>εἰς</strong></span> <span class='ocrx_word' id='word_1_586' title='bbox 463 4676 768 4746; x_wconf 76' lang='grc' dir='ltr'><strong>ταυτότητα</strong></span> <span class='ocrx_word' id='word_1_587' title='bbox 801 4676 1052 4744; x_wconf 75' lang='grc' dir='ltr'><strong>φύσεως,</strong></span> <span class='ocrx_word' id='word_1_588' title='bbox 1076 4679 1144 4742; x_wconf 25' lang='grc' dir='ltr'><strong>,εί</strong></span> <span class='ocrx_word' id='word_1_589' title='bbox 1193 4679 1283 4731; x_wconf 77' lang='grc' dir='ltr'><strong>καὶ</strong></span> <span class='ocrx_word' id='word_1_590' title='bbox 1318 4682 1488 4732; x_wconf 85' lang='grc' dir='ltr'><strong>νοοῖτο</strong></span> <span class='ocrx_word' id='word_1_591' title='bbox 1535 4679 1697 4748; x_wconf 78' lang='grc' dir='ltr'><strong>τυχὸν</strong></span> <span class='ocrx_word' id='word_1_592' title='bbox 1729 4679 1924 4732; x_wconf 81' lang='grc' dir='ltr'><strong>ἰδιοσυ-</strong></span> 
     </span>
    </p>
   </div>
   <div class='ocr_carea' id='block_1_78' title="bbox 270 4855 861 4926">
    <p class='ocr_par' dir='ltr' id='par_1_78' title="bbox 270 4855 861 4926">
     <span class='ocr_line' id='line_1_78' title="bbox 270 4855 861 4926; baseline 0.005 -20"><span class='ocrx_word' id='word_1_593' title='bbox 270 4880 279 4888; x_wconf 56' lang='grc'><em>’</em></span> <span class='ocrx_word' id='word_1_594' title='bbox 343 4857 479 4924; x_wconf 50' lang='grc' dir='ltr'><strong>πρίῃ</strong></span> <span class='ocrx_word' id='word_1_595' title='bbox 536 4855 665 4925; x_wconf 79' lang='grc' dir='ltr'><strong>ὅλην</strong></span> <span class='ocrx_word' id='word_1_596' title='bbox 717 4858 861 4926; x_wconf 77' lang='grc' dir='ltr'><strong>ὑμᾶς</strong></span> 
     </span>
    </p>
   </div>
   <div class='ocr_carea' id='block_1_79' title="bbox 345 5038 1933 5111">
    <p class='ocr_par' dir='ltr' id='par_1_79' title="bbox 345 5038 1933 5111">
     <span class='ocr_line' id='line_1_79' title="bbox 345 5038 1933 5111; baseline 0.002 -20"><span class='ocrx_word' id='word_1_597' title='bbox 345 5038 442 5092; x_wconf 70' lang='grc' dir='ltr'><strong>καὶ</strong></span> <span class='ocrx_word' id='word_1_598' title='bbox 456 5039 517 5091; x_wconf 81' lang='grc' dir='ltr'><strong>τὸ</strong></span> <span class='ocrx_word' id='word_1_599' title='bbox 533 5041 759 5111; x_wconf 68' lang='grc' dir='ltr'><strong>Πνεῦμα</strong></span> <span class='ocrx_word' id='word_1_600' title='bbox 791 5044 957 5106; x_wconf 87' lang='grc' dir='ltr'><strong>ἐστιν,</strong></span> <span class='ocrx_word' id='word_1_601' title='bbox 989 5042 1089 5095; x_wconf 72' lang='grc' dir='ltr'><strong>οὐκ</strong></span> <span class='ocrx_word' id='word_1_602' title='bbox 1117 5043 1181 5094; x_wconf 88' lang='grc' dir='ltr'><strong>ἐκ</strong></span> <span class='ocrx_word' id='word_1_603' title='bbox 1221 5042 1421 5111; x_wconf 88' lang='grc' dir='ltr'><strong>μέρους</strong></span> <span class='ocrx_word' id='word_1_604' title='bbox 1451 5042 1621 5111; x_wconf 82' lang='grc' dir='ltr'><strong>αὐτὴν</strong></span> <span class='ocrx_word' id='word_1_605' title='bbox 1653 5042 1933 5095; x_wconf 80' lang='grc' dir='ltr'><strong>ἀποκαλύ-</strong></span> 
     </span>
    </p>
   </div>
   <div class='ocr_carea' id='block_1_80' title="bbox 343 5130 1932 5202">
    <p class='ocr_par' dir='ltr' id='par_1_80' title="bbox 343 5130 1932 5202">
     <span class='ocr_line' id='line_1_80' title="bbox 343 5130 1932 5202; baseline 0.003 -20"><span class='ocrx_word' id='word_1_606' title='bbox 343 5132 435 5196; x_wconf 71' lang='grc' dir='ltr'><strong>ψει</strong></span> <span class='ocrx_word' id='word_1_607' title='bbox 482 5132 595 5195; x_wconf 85' lang='grc' dir='ltr'><strong>τοῖς</strong></span> <span class='ocrx_word' id='word_1_608' title='bbox 647 5131 962 5202; x_wconf 77' lang='grc' dir='ltr'><strong>σεϐομένοις</strong></span> <span class='ocrx_word' id='word_1_609' title='bbox 998 5132 1192 5197; x_wconf 71' lang='grc' dir='ltr'><strong>αὑτὸν,</strong></span> <span class='ocrx_word' id='word_1_610' title='bbox 1230 5130 1456 5202; x_wconf 85' lang='grc' dir='ltr'><strong>ἀνθήσει</strong></span> <span class='ocrx_word' id='word_1_611' title='bbox 1486 5131 1543 5184; x_wconf 82' lang='grc' dir='ltr'><strong>δὲ</strong></span> <span class='ocrx_word' id='word_1_612' title='bbox 1580 5132 1783 5201; x_wconf 79' lang='grc' dir='ltr'><strong>μᾶλλον</strong></span> <span class='ocrx_word' id='word_1_613' title='bbox 1813 5132 1932 5186; x_wconf 83' lang='grc' dir='ltr'><strong>ὁλο-</strong></span> 
     </span>
    </p>
   </div>
   <div class='ocr_carea' id='block_1_81' title="bbox 344 5222 1929 5292">
    <p class='ocr_par' dir='ltr' id='par_1_81' title="bbox 344 5222 1929 5292">
     <span class='ocr_line' id='line_1_81' title="bbox 344 5222 1929 5292; baseline 0.003 -19"><span class='ocrx_word' id='word_1_614' title='bbox 344 5222 565 5290; x_wconf 79' lang='grc' dir='ltr'><strong>κλήρως</strong></span> <span class='ocrx_word' id='word_1_615' title='bbox 596 5222 658 5273; x_wconf 75' lang='grc' dir='ltr'><strong>τὸ</strong></span> <span class='ocrx_word' id='word_1_616' title='bbox 691 5224 818 5292; x_wconf 64' lang='grc' dir='ltr'><strong>περ).</strong></span> <span class='ocrx_word' id='word_1_617' title='bbox 866 5223 1039 5291; x_wconf 71' lang='grc' dir='ltr'><strong>αὐτῆς</strong></span> <span class='ocrx_word' id='word_1_618' title='bbox 1076 5225 1393 5292; x_wconf 85' lang='grc' dir='ltr'><strong>μυστήριον.</strong></span> <span class='ocrx_word' id='word_1_619' title='bbox 1427 5223 1493 5275; x_wconf 71' lang='lat' dir='ltr'><strong>Et</strong></span> <span class='ocrx_word' id='word_1_620' title='bbox 1526 5222 1634 5292; x_wconf 84' lang='grc' dir='ltr'><strong>γὰρ</strong></span> <span class='ocrx_word' id='word_1_621' title='bbox 1674 5226 1769 5277; x_wconf 77' lang='grc' dir='ltr'><strong>καὶ</strong></span> <span class='ocrx_word' id='word_1_622' title='bbox 1811 5225 1929 5290; x_wconf 87' lang='grc' dir='ltr'><strong>νῦν,</strong></span> 
     </span>
    </p>
   </div>
   <div class='ocr_carea' id='block_1_82' title="bbox 342 5313 1927 5386">
    <p class='ocr_par' dir='ltr' id='par_1_82' title="bbox 342 5313 1927 5386">
     <span class='ocr_line' id='line_1_82' title="bbox 342 5313 1927 5386; baseline 0.004 -23"><span class='ocrx_word' id='word_1_623' title='bbox 342 5313 408 5364; x_wconf 83' lang='grc' dir='ltr'><strong>ἐκ</strong></span> <span class='ocrx_word' id='word_1_624' title='bbox 444 5313 647 5383; x_wconf 81' lang='grc' dir='ltr'><strong>μέρους</strong></span> <span class='ocrx_word' id='word_1_625' title='bbox 689 5314 1036 5386; x_wconf 84' lang='grc' dir='ltr'><strong>γινώσκομεν</strong></span> <span class='ocrx_word' id='word_1_626' title='bbox 1069 5315 1142 5379; x_wconf 88' lang='grc' dir='ltr'><strong>ὼς</strong></span> <span class='ocrx_word' id='word_1_627' title='bbox 1181 5317 1209 5368; x_wconf 87' lang='grc' dir='ltr'><strong>ὁ</strong></span> <span class='ocrx_word' id='word_1_628' title='bbox 1237 5315 1449 5379; x_wconf 83' lang='grc' dir='ltr'><strong>Παῦλός</strong></span> <span class='ocrx_word' id='word_1_629' title='bbox 1483 5332 1670 5384; x_wconf 82' lang='grc' dir='ltr'><strong>φησιν,</strong></span> <span class='ocrx_word' id='word_1_630' title='bbox 1706 5317 1824 5370; x_wconf 87' lang='grc' dir='ltr'><strong>ἀλλ’</strong></span> <span class='ocrx_word' id='word_1_631' title='bbox 1850 5317 1927 5381; x_wconf 83' lang='grc' dir='ltr'><strong>ὼς</strong></span> 
     </span>
    </p>
   </div>
   <div class='ocr_carea' id='block_1_83' title="bbox 343 5402 1926 5479">
    <p class='ocr_par' dir='ltr' id='par_1_83' title="bbox 343 5402 1926 5479">
     <span class='ocr_line' id='line_1_83' title="bbox 343 5402 1926 5479; baseline 0.005 -24"><span class='ocrx_word' id='word_1_632' title='bbox 343 5404 401 5455; x_wconf 82' lang='grc' dir='ltr'><strong>ἐν</strong></span> <span class='ocrx_word' id='word_1_633' title='bbox 430 5402 632 5471; x_wconf 83' lang='grc' dir='ltr'><strong>γνώσει</strong></span> <span class='ocrx_word' id='word_1_634' title='bbox 669 5407 864 5477; x_wconf 84' lang='grc' dir='ltr'><strong>μικρᾷ,</strong></span> <span class='ocrx_word' id='word_1_635' title='bbox 901 5405 1040 5459; x_wconf 85' lang='grc' dir='ltr'><strong>σῶόν</strong></span> <span class='ocrx_word' id='word_1_636' title='bbox 1084 5424 1144 5459; x_wconf 88' lang='grc' dir='ltr'><strong>τε</strong></span> <span class='ocrx_word' id='word_1_637' title='bbox 1193 5409 1290 5460; x_wconf 71' lang='grc' dir='ltr'><strong>καὶ</strong></span> <span class='ocrx_word' id='word_1_638' title='bbox 1340 5408 1522 5471; x_wconf 84' lang='grc' dir='ltr'><strong>ἀσινὲς</strong></span> <span class='ocrx_word' id='word_1_639' title='bbox 1566 5410 1699 5479; x_wconf 77' lang='grc' dir='ltr'><strong>ἡμῖν</strong></span> <span class='ocrx_word' id='word_1_640' title='bbox 1734 5409 1796 5460; x_wconf 81' lang='grc' dir='ltr'><strong>τὺ</strong></span> <span class='ocrx_word' id='word_1_641' title='bbox 1823 5408 1926 5479; x_wconf 85' lang='grc' dir='ltr'><strong>τῆς</strong></span> 
     </span>
    </p>
   </div>
   <div class='ocr_carea' id='block_1_84' title="bbox 343 5495 1925 5570">
    <p class='ocr_par' dir='ltr' id='par_1_84' title="bbox 343 5495 1925 5570">
     <span class='ocr_line' id='line_1_84' title="bbox 343 5495 1925 5570; baseline 0.002 -21"><span class='ocrx_word' id='word_1_642' title='bbox 343 5495 602 5566; x_wconf 79' lang='grc' dir='ltr'><strong>ἀληθείας</strong></span> <span class='ocrx_word' id='word_1_643' title='bbox 663 5497 974 5568; x_wconf 75' lang='grc' dir='ltr'><strong>ἐνήστραψε</strong></span> <span class='ocrx_word' id='word_1_644' title='bbox 1036 5499 1247 5562; x_wconf 85' lang='grc' dir='ltr'><strong>κάλλος.</strong></span> <span class='ocrx_word' id='word_1_645' title='bbox 1306 5500 1523 5570; x_wconf 75' lang='grc' dir='ltr'><strong>Ὥσπερ,</strong></span> <span class='ocrx_word' id='word_1_646' title='bbox 1575 5496 1671 5553; x_wconf 85' lang='grc' dir='ltr'><strong>οῦν</strong></span> <span class='ocrx_word' id='word_1_647' title='bbox 1747 5500 1925 5564; x_wconf 74' lang='grc' dir='ltr'><strong>οὐδεὶς</strong></span> 
     </span>
    </p>
   </div>
   <div class='ocr_carea' id='block_1_85' title="bbox 343 5583 1926 5663">
    <p class='ocr_par' dir='ltr' id='par_1_85' title="bbox 343 5583 1926 5663">
     <span class='ocr_line' id='line_1_85' title="bbox 343 5583 1926 5663; baseline 0.006 -28"><span class='ocrx_word' id='word_1_648' title='bbox 343 5583 451 5638; x_wconf 72' lang='grc' dir='ltr'><strong>οἶδε</strong></span> <span class='ocrx_word' id='word_1_649' title='bbox 492 5589 561 5641; x_wconf 89' lang='grc' dir='ltr'><strong>τά</strong></span> <span class='ocrx_word' id='word_1_650' title='bbox 589 5587 684 5640; x_wconf 91' lang='grc' dir='ltr'><strong>τοῦ</strong></span> <span class='ocrx_word' id='word_1_651' title='bbox 721 5589 1036 5661; x_wconf 85' lang='grc' dir='ltr'><strong>ἀνθρώπου,</strong></span> <span class='ocrx_word' id='word_1_652' title='bbox 1069 5590 1212 5644; x_wconf 86' lang='grc' dir='ltr'><strong>κατὰ</strong></span> <span class='ocrx_word' id='word_1_653' title='bbox 1242 5592 1304 5644; x_wconf 82' lang='grc' dir='ltr'><strong>τὸ</strong></span> <span class='ocrx_word' id='word_1_654' title='bbox 1335 5593 1736 5661; x_wconf 74' lang='grc' dir='ltr'><strong>γεγραμμένον,</strong></span> <span class='ocrx_word' id='word_1_655' title='bbox 1768 5592 1815 5644; x_wconf 84' lang='grc' dir='ltr'><strong>εί</strong></span> <span class='ocrx_word' id='word_1_656' title='bbox 1851 5595 1926 5663; x_wconf 80' lang='grc' dir='ltr'><strong>μὴ</strong></span> 
     </span>
    </p>
   </div>
   <div class='ocr_carea' id='block_1_86' title="bbox 342 5680 1926 5753">
    <p class='ocr_par' dir='ltr' id='par_1_86' title="bbox 342 5680 1926 5753">
     <span class='ocr_line' id='line_1_86' title="bbox 342 5680 1926 5753; baseline 0.005 -22"><span class='ocrx_word' id='word_1_657' title='bbox 342 5680 403 5731; x_wconf 74' lang='grc' dir='ltr'><strong>τὸ</strong></span> <span class='ocrx_word' id='word_1_658' title='bbox 445 5682 662 5751; x_wconf 84' lang='grc' dir='ltr'><strong>πνεῦμα</strong></span> <span class='ocrx_word' id='word_1_659' title='bbox 712 5682 807 5734; x_wconf 85' lang='grc' dir='ltr'><strong>τοῦ</strong></span> <span class='ocrx_word' id='word_1_660' title='bbox 851 5682 1142 5753; x_wconf 72' lang='grc' dir='ltr'><strong>ἀνθρώπου</strong></span> <span class='ocrx_word' id='word_1_661' title='bbox 1196 5686 1254 5736; x_wconf 75' lang='grc' dir='ltr'><strong>τὸ</strong></span> <span class='ocrx_word' id='word_1_662' title='bbox 1305 5686 1362 5736; x_wconf 80' lang='grc' dir='ltr'><strong>ἐν</strong></span> <span class='ocrx_word' id='word_1_663' title='bbox 1417 5685 1596 5753; x_wconf 79' lang='grc' dir='ltr'><strong>αὐτῷ,</strong></span> <span class='ocrx_word' id='word_1_664' title='bbox 1639 5685 1779 5739; x_wconf 73' lang='grc' dir='ltr'><strong>κατὰ</strong></span> <span class='ocrx_word' id='word_1_665' title='bbox 1835 5685 1926 5739; x_wconf 70' lang='grc' dir='ltr'><strong>τὸν</strong></span> 
     </span>
    </p>
   </div>
   <div class='ocr_carea' id='block_1_87' title="bbox 419 5831 1442 5904">
    <p class='ocr_par' dir='ltr' id='par_1_87' title="bbox 419 5831 1442 5904">
     <span class='ocr_line' id='line_1_87' title="bbox 419 5831 1442 5904; baseline 0.011 -21"><span class='ocrx_word' id='word_1_666' title='bbox 419 5831 465 5861; x_wconf 78' lang='grc'><strong>²⁶</strong></span> <span class='ocrx_word' id='word_1_667' title='bbox 487 5832 643 5890; x_wconf 75' lang='lat' dir='ltr'><strong>Joau.</strong></span> <span class='ocrx_word' id='word_1_668' title='bbox 684 5853 791 5901; x_wconf 81' lang='lat' dir='ltr'><strong>xvt,</strong></span> <span class='ocrx_word' id='word_1_669' title='bbox 832 5840 920 5892; x_wconf 78' lang='lat' dir='ltr'><strong>l5:</strong></span> <span class='ocrx_word' id='word_1_670' title='bbox 992 5839 1074 5889; x_wconf 83' lang='lat' dir='ltr'><strong>&quot;I</strong></span> <span class='ocrx_word' id='word_1_671' title='bbox 1111 5841 1231 5892; x_wconf 74' lang='lat' dir='ltr'><strong>(lor.</strong></span> <span class='ocrx_word' id='word_1_672' title='bbox 1267 5855 1325 5904; x_wconf 86' lang='lat' dir='ltr'><strong>tt,</strong></span> <span class='ocrx_word' id='word_1_673' title='bbox 1362 5840 1442 5894; x_wconf 85' lang='lat' dir='ltr'><strong>ll.</strong></span> 
     </span>
    </p>
   </div>
   <div class='ocr_carea' id='block_1_88' title="bbox 2112 3400 3612 3472">
    <p class='ocr_par' dir='ltr' id='par_1_88' title="bbox 2112 3400 3612 3472">
     <span class='ocr_line' id='line_1_88' title="bbox 2112 3400 3612 3472; baseline 0.002 -17"><span class='ocrx_word' id='word_1_674' title='bbox 2112 3401 2259 3455; x_wconf 79' lang='lat' dir='ltr'><strong>Idem</strong></span> <span class='ocrx_word' id='word_1_675' title='bbox 2288 3400 2343 3454; x_wconf 90' lang='lat' dir='ltr'><strong>in</strong></span> <span class='ocrx_word' id='word_1_676' title='bbox 2382 3400 2537 3465; x_wconf 79' lang='lat' dir='ltr'><strong>illud,</strong></span> <span class='ocrx_word' id='word_1_677' title='bbox 2582 3418 2600 3450; x_wconf 78' lang='grc' dir='ltr'><strong>ι</strong></span> <span class='ocrx_word' id='word_1_678' title='bbox 2641 3400 2761 3455; x_wconf 87' lang='lat' dir='ltr'><strong>Non</strong></span> <span class='ocrx_word' id='word_1_679' title='bbox 2782 3401 2928 3456; x_wconf 87' lang='lat' dir='ltr'><strong>enim</strong></span> <span class='ocrx_word' id='word_1_680' title='bbox 2957 3400 3212 3471; x_wconf 86' lang='lat' dir='ltr'><strong>loquetur</strong></span> <span class='ocrx_word' id='word_1_681' title='bbox 3239 3418 3267 3456; x_wconf 89' lang='lat' dir='ltr'><strong>a</strong></span> <span class='ocrx_word' id='word_1_682' title='bbox 3294 3404 3612 3472; x_wconf 80' lang='lat' dir='ltr'><strong>semetipso.</strong></span> 
     </span>
    </p>
   </div>
   <div class='ocr_carea' id='block_1_89' title="bbox 2033 3491 3619 3565">
    <p class='ocr_par' dir='ltr' id='par_1_89' title="bbox 2033 3491 3619 3565">
     <span class='ocr_line' id='line_1_89' title="bbox 2033 3491 3619 3565; baseline 0 -17"><span class='ocrx_word' id='word_1_683' title='bbox 2033 3491 2170 3548; x_wconf 87' lang='lat' dir='ltr'><strong>Cum</strong></span> <span class='ocrx_word' id='word_1_684' title='bbox 2229 3502 2409 3547; x_wconf 88' lang='lat' dir='ltr'><strong>autem</strong></span> <span class='ocrx_word' id='word_1_685' title='bbox 2443 3493 2655 3547; x_wconf 80' lang='lat' dir='ltr'><strong>venerit</strong></span> <span class='ocrx_word' id='word_1_686' title='bbox 2702 3492 2812 3557; x_wconf 89' lang='lat' dir='ltr'><strong>ille,</strong></span> <span class='ocrx_word' id='word_1_687' title='bbox 2861 3491 3176 3548; x_wconf 85' lang='lat' dir='ltr'><strong>Paracletus</strong></span> <span class='ocrx_word' id='word_1_688' title='bbox 3226 3508 3438 3564; x_wconf 85' lang='lat' dir='ltr'><strong>nempe,</strong></span> <span class='ocrx_word' id='word_1_689' title='bbox 3496 3494 3619 3565; x_wconf 85' lang='lat' dir='ltr'><strong>Spi-</strong></span> 
     </span>
    </p>
   </div>
   <div class='ocr_carea' id='block_1_90' title="bbox 2030 3582 3608 3650">
    <p class='ocr_par' dir='ltr' id='par_1_90' title="bbox 2030 3582 3608 3650">
     <span class='ocr_line' id='line_1_90' title="bbox 2030 3582 3608 3650; baseline -0.001 -13"><span class='ocrx_word' id='word_1_690' title='bbox 2030 3584 2171 3641; x_wconf 88' lang='lat' dir='ltr'><strong>ritus</strong></span> <span class='ocrx_word' id='word_1_691' title='bbox 2225 3583 2470 3638; x_wconf 82' lang='lat' dir='ltr'><strong>veritatis</strong></span> <span class='ocrx_word' id='word_1_692' title='bbox 2516 3582 2736 3637; x_wconf 89' lang='lat' dir='ltr'><strong>docebit</strong></span> <span class='ocrx_word' id='word_1_693' title='bbox 2771 3597 2871 3636; x_wconf 88' lang='lat' dir='ltr'><strong>vos</strong></span> <span class='ocrx_word' id='word_1_694' title='bbox 2926 3597 3148 3638; x_wconf 87' lang='lat' dir='ltr'><strong>omnem</strong></span> <span class='ocrx_word' id='word_1_695' title='bbox 3184 3585 3546 3650; x_wconf 80' lang='lat' dir='ltr'><strong>veritatem&quot;,</strong></span> <span class='ocrx_word' id='word_1_696' title='bbox 3589 3603 3608 3635; x_wconf 73' lang='grc' dir='ltr'><strong>ι</strong></span> 
     </span>
    </p>
   </div>
   <div class='ocr_carea' id='block_1_91' title="bbox 2030 3671 3617 3742">
    <p class='ocr_par' dir='ltr' id='par_1_91' title="bbox 2030 3671 3617 3742">
     <span class='ocr_line' id='line_1_91' title="bbox 2030 3671 3617 3742; baseline 0.001 -16"><span class='ocrx_word' id='word_1_697' title='bbox 2030 3672 2257 3742; x_wconf 84' lang='lat' dir='ltr'><strong>inquit:</strong></span> <span class='ocrx_word' id='word_1_698' title='bbox 2312 3671 2447 3726; x_wconf 84' lang='lat' dir='ltr'><strong>Vide</strong></span> <span class='ocrx_word' id='word_1_699' title='bbox 2479 3686 2665 3725; x_wconf 78' lang='lat' dir='ltr'><strong>vocem</strong></span> <span class='ocrx_word' id='word_1_700' title='bbox 2706 3672 2945 3741; x_wconf 84' lang='lat' dir='ltr'><strong>vigilem,</strong></span> <span class='ocrx_word' id='word_1_701' title='bbox 2982 3673 3107 3727; x_wconf 83' lang='lat' dir='ltr'><strong>v&#39;itle</strong></span> <span class='ocrx_word' id='word_1_702' title='bbox 3153 3674 3303 3728; x_wconf 84' lang='lat' dir='ltr'><strong>verbi</strong></span> <span class='ocrx_word' id='word_1_703' title='bbox 3342 3675 3617 3729; x_wconf 82' lang='lat' dir='ltr'><strong>sobrieta-</strong></span> 
     </span>
    </p>
   </div>
   <div class='ocr_carea' id='block_1_92' title="bbox 2030 3762 3615 3833">
    <p class='ocr_par' dir='ltr' id='par_1_92' title="bbox 2030 3762 3615 3833">
     <span class='ocr_line' id='line_1_92' title="bbox 2030 3762 3615 3833; baseline 0.002 -15"><span class='ocrx_word' id='word_1_704' title='bbox 2030 3773 2163 3818; x_wconf 86' lang='lat' dir='ltr'><strong>tem.</strong></span> <span class='ocrx_word' id='word_1_705' title='bbox 2214 3762 2353 3818; x_wconf 89' lang='lat' dir='ltr'><strong>Cum</strong></span> <span class='ocrx_word' id='word_1_706' title='bbox 2406 3763 2553 3818; x_wconf 85' lang='lat' dir='ltr'><strong>enim</strong></span> <span class='ocrx_word' id='word_1_707' title='bbox 2606 3763 2949 3833; x_wconf 67' lang='lat' dir='ltr'><strong>praedixisset</strong></span> <span class='ocrx_word' id='word_1_708' title='bbox 3004 3764 3348 3827; x_wconf 86' lang='lat' dir='ltr'><strong>Paracletum</strong></span> <span class='ocrx_word' id='word_1_709' title='bbox 3390 3766 3457 3821; x_wconf 86' lang='lat' dir='ltr'><strong>ad</strong></span> <span class='ocrx_word' id='word_1_710' title='bbox 3517 3782 3615 3820; x_wconf 84' lang='lat' dir='ltr'><strong>eos</strong></span> 
     </span>
    </p>
   </div>
   <div class='ocr_carea' id='block_1_93' title="bbox 2030 3855 3616 3924">
    <p class='ocr_par' dir='ltr' id='par_1_93' title="bbox 2030 3855 3616 3924">
     <span class='ocr_line' id='line_1_93' title="bbox 2030 3855 3616 3924; baseline 0.001 -15"><span class='ocrx_word' id='word_1_711' title='bbox 2030 3864 2347 3918; x_wconf 84' lang='lat' dir='ltr'><strong>venturum,</strong></span> <span class='ocrx_word' id='word_1_712' title='bbox 2382 3855 2647 3924; x_wconf 86' lang='lat' dir='ltr'><strong>Spiritum</strong></span> <span class='ocrx_word' id='word_1_713' title='bbox 2683 3855 2931 3910; x_wconf 83' lang='lat' dir='ltr'><strong>veritatis</strong></span> <span class='ocrx_word' id='word_1_714' title='bbox 2971 3870 3096 3910; x_wconf 90' lang='lat' dir='ltr'><strong>eum</strong></span> <span class='ocrx_word' id='word_1_715' title='bbox 3148 3856 3472 3917; x_wconf 88' lang='lat' dir='ltr'><strong>nominavit,</strong></span> <span class='ocrx_word' id='word_1_716' title='bbox 3511 3856 3616 3910; x_wconf 86' lang='lat' dir='ltr'><strong>hoc</strong></span> 
     </span>
    </p>
   </div>
   <div class='ocr_carea' id='block_1_94' title="bbox 2031 3946 3619 4018">
    <p class='ocr_par' dir='ltr' id='par_1_94' title="bbox 2031 3946 3619 4018">
     <span class='ocr_line' id='line_1_94' title="bbox 2031 3946 3619 4018; baseline 0.001 -17"><span class='ocrx_word' id='word_1_717' title='bbox 2031 3955 2118 4002; x_wconf 90' lang='lat' dir='ltr'><strong>est</strong></span> <span class='ocrx_word' id='word_1_718' title='bbox 2172 3947 2570 4016; x_wconf 84' lang='lat' dir='ltr'><strong>suimetipsius.</strong></span> <span class='ocrx_word' id='word_1_719' title='bbox 2635 3946 2754 4014; x_wconf 84' lang='lat' dir='ltr'><strong>Ipse</strong></span> <span class='ocrx_word' id='word_1_720' title='bbox 2802 3947 2947 4002; x_wconf 91' lang='lat' dir='ltr'><strong>enim</strong></span> <span class='ocrx_word' id='word_1_721' title='bbox 2982 3957 3067 4002; x_wconf 87' lang='lat' dir='ltr'><strong>est</strong></span> <span class='ocrx_word' id='word_1_722' title='bbox 3111 3946 3333 4002; x_wconf 78' lang='lat' dir='ltr'><strong>veritas.</strong></span> <span class='ocrx_word' id='word_1_723' title='bbox 3371 3946 3619 4018; x_wconf 81' lang='lat' dir='ltr'><strong>Namque</strong></span> 
     </span>
    </p>
   </div>
   <div class='ocr_carea' id='block_1_95' title="bbox 2033 4036 3613 4109">
    <p class='ocr_par' dir='ltr' id='par_1_95' title="bbox 2033 4036 3613 4109">
     <span class='ocr_line' id='line_1_95' title="bbox 2033 4036 3613 4109; baseline 0.001 -16"><span class='ocrx_word' id='word_1_724' title='bbox 2033 4047 2092 4093; x_wconf 90' lang='lat' dir='ltr'><strong>ut</strong></span> <span class='ocrx_word' id='word_1_725' title='bbox 2132 4038 2484 4093; x_wconf 88' lang='lat' dir='ltr'><strong>addiscerent</strong></span> <span class='ocrx_word' id='word_1_726' title='bbox 2511 4036 2794 4106; x_wconf 80' lang='lat' dir='ltr'><strong>discipuli,</strong></span> <span class='ocrx_word' id='word_1_727' title='bbox 2839 4052 2949 4090; x_wconf 91' lang='lat' dir='ltr'><strong>non</strong></span> <span class='ocrx_word' id='word_1_728' title='bbox 2991 4037 3248 4101; x_wconf 82' lang='lat' dir='ltr'><strong>alienant,</strong></span> <span class='ocrx_word' id='word_1_729' title='bbox 3301 4052 3478 4108; x_wconf 88' lang='lat' dir='ltr'><strong>neque</strong></span> <span class='ocrx_word' id='word_1_730' title='bbox 3516 4053 3613 4109; x_wconf 55' lang='lat' dir='ltr'><strong>pe»</strong></span> 
     </span>
    </p>
   </div>
   <div class='ocr_carea' id='block_1_96' title="bbox 2034 4126 3611 4199">
    <p class='ocr_par' dir='ltr' id='par_1_96' title="bbox 2034 4126 3611 4199">
     <span class='ocr_line' id='line_1_96' title="bbox 2034 4126 3611 4199; baseline -0.001 -15"><span class='ocrx_word' id='word_1_731' title='bbox 2034 4129 2308 4196; x_wconf 82' lang='lat' dir='ltr'><strong>regri&#39;nam</strong></span> <span class='ocrx_word' id='word_1_732' title='bbox 2357 4144 2386 4182; x_wconf 90' lang='lat' dir='ltr'><strong>a</strong></span> <span class='ocrx_word' id='word_1_733' title='bbox 2421 4142 2481 4183; x_wconf 91' lang='lat' dir='ltr'><strong>se</strong></span> <span class='ocrx_word' id='word_1_734' title='bbox 2532 4128 2831 4183; x_wconf 88' lang='lat' dir='ltr'><strong>missurum</strong></span> <span class='ocrx_word' id='word_1_735' title='bbox 2886 4126 3167 4188; x_wconf 85' lang='lat' dir='ltr'><strong>virtutem.</strong></span> <span class='ocrx_word' id='word_1_736' title='bbox 3205 4127 3303 4182; x_wconf 87' lang='lat' dir='ltr'><strong>sed</strong></span> <span class='ocrx_word' id='word_1_737' title='bbox 3347 4128 3611 4199; x_wconf 88' lang='lat' dir='ltr'><strong>seipsum,</strong></span> 
     </span>
    </p>
   </div>
   <div class='ocr_carea' id='block_1_97' title="bbox 2032 4212 3612 4290">
    <p class='ocr_par' dir='ltr' id='par_1_97' title="bbox 2032 4212 3612 4290">
     <span class='ocr_line' id='line_1_97' title="bbox 2032 4212 3612 4290; baseline 0.001 -17"><span class='ocrx_word' id='word_1_738' title='bbox 2032 4220 2141 4274; x_wconf 91' lang='lat' dir='ltr'><strong>alio</strong></span> <span class='ocrx_word' id='word_1_739' title='bbox 2167 4218 2402 4288; x_wconf 87' lang='lat' dir='ltr'><strong>quodam</strong></span> <span class='ocrx_word' id='word_1_740' title='bbox 2428 4218 2590 4272; x_wconf 90' lang='lat' dir='ltr'><strong>modo</strong></span> <span class='ocrx_word' id='word_1_741' title='bbox 2614 4218 2692 4272; x_wconf 89' lang='lat' dir='ltr'><strong>eis</strong></span> <span class='ocrx_word' id='word_1_742' title='bbox 2711 4218 3021 4287; x_wconf 85' lang='lat' dir='ltr'><strong>pollicetur,</strong></span> <span class='ocrx_word' id='word_1_743' title='bbox 3044 4220 3297 4275; x_wconf 76' lang='lat' dir='ltr'><strong>veritatis</strong></span> <span class='ocrx_word' id='word_1_744' title='bbox 3319 4212 3612 4290; x_wconf 88' lang='lat' dir='ltr'><strong>Spiritum,</strong></span> 
     </span>
    </p>
   </div>
   <div class='ocr_carea' id='block_1_98' title="bbox 2032 4310 3615 4372">
    <p class='ocr_par' dir='ltr' id='par_1_98' title="bbox 2032 4310 3615 4372">
     <span class='ocr_line' id='line_1_98' title="bbox 2032 4310 3615 4372; baseline 0.003 -3"><span class='ocrx_word' id='word_1_745' title='bbox 2032 4314 2085 4369; x_wconf 88' lang='lat' dir='ltr'><strong>id</strong></span> <span class='ocrx_word' id='word_1_746' title='bbox 2140 4324 2224 4369; x_wconf 89' lang='lat' dir='ltr'><strong>est</strong></span> <span class='ocrx_word' id='word_1_747' title='bbox 2275 4328 2437 4368; x_wconf 86' lang='lat' dir='ltr'><strong>suum</strong></span> <span class='ocrx_word' id='word_1_748' title='bbox 2471 4314 2792 4368; x_wconf 86' lang='lat' dir='ltr'><strong>missurum.</strong></span> <span class='ocrx_word' id='word_1_749' title='bbox 2824 4310 2944 4367; x_wconf 80' lang='lat' dir='ltr'><strong>Non</strong></span> <span class='ocrx_word' id='word_1_750' title='bbox 2980 4313 3126 4368; x_wconf 87' lang='lat' dir='ltr'><strong>enim</strong></span> <span class='ocrx_word' id='word_1_751' title='bbox 3156 4315 3367 4369; x_wconf 89' lang='lat' dir='ltr'><strong>alienus</strong></span> <span class='ocrx_word' id='word_1_752' title='bbox 3403 4333 3430 4370; x_wconf 86' lang='lat' dir='ltr'><strong>a</strong></span> <span class='ocrx_word' id='word_1_753' title='bbox 3479 4318 3615 4372; x_wconf 80' lang='lat' dir='ltr'><strong>sub-</strong></span> 
     </span>
    </p>
   </div>
   <div class='ocr_carea' id='block_1_99' title="bbox 2030 4403 3612 4477">
    <p class='ocr_par' dir='ltr' id='par_1_99' title="bbox 2030 4403 3612 4477">
     <span class='ocr_line' id='line_1_99' title="bbox 2030 4403 3612 4477; baseline 0.003 -17"><span class='ocrx_word' id='word_1_754' title='bbox 2030 4406 2233 4461; x_wconf 82' lang='lat' dir='ltr'><strong>stantia</strong></span> <span class='ocrx_word' id='word_1_755' title='bbox 2261 4403 2538 4474; x_wconf 82' lang='lat' dir='ltr'><strong>Unigeuiti</strong></span> <span class='ocrx_word' id='word_1_756' title='bbox 2571 4404 2809 4475; x_wconf 87' lang='lat' dir='ltr'><strong>Spiritus</strong></span> <span class='ocrx_word' id='word_1_757' title='bbox 2841 4417 3062 4460; x_wconf 87' lang='lat' dir='ltr'><strong>sanctus</strong></span> <span class='ocrx_word' id='word_1_758' title='bbox 3104 4405 3460 4477; x_wconf 67' lang='lat' dir='ltr'><strong>intelligitur,</strong></span> <span class='ocrx_word' id='word_1_759' title='bbox 3518 4412 3612 4465; x_wconf 88' lang='lat' dir='ltr'><strong>sed</strong></span> 
     </span>
    </p>
   </div>
   <div class='ocr_carea' id='block_1_100' title="bbox 2030 4497 3615 4569">
    <p class='ocr_par' dir='ltr' id='par_1_100' title="bbox 2030 4497 3615 4569">
     <span class='ocr_line' id='line_1_100' title="bbox 2030 4497 3615 4569; baseline 0.003 -18"><span class='ocrx_word' id='word_1_760' title='bbox 2030 4512 2099 4551; x_wconf 82' lang='lat' dir='ltr'><strong>ex</strong></span> <span class='ocrx_word' id='word_1_761' title='bbox 2123 4512 2187 4552; x_wconf 90' lang='lat' dir='ltr'><strong>ea</strong></span> <span class='ocrx_word' id='word_1_762' title='bbox 2220 4499 2541 4552; x_wconf 87' lang='lat' dir='ltr'><strong>naturaliter</strong></span> <span class='ocrx_word' id='word_1_763' title='bbox 2572 4497 2941 4567; x_wconf 84' lang='lat' dir='ltr'><strong>progreditur,</strong></span> <span class='ocrx_word' id='word_1_764' title='bbox 2973 4512 3080 4551; x_wconf 91' lang='lat' dir='ltr'><strong>non</strong></span> <span class='ocrx_word' id='word_1_765' title='bbox 3102 4497 3246 4552; x_wconf 90' lang='lat' dir='ltr'><strong>aliud</strong></span> <span class='ocrx_word' id='word_1_766' title='bbox 3280 4500 3349 4556; x_wconf 90' lang='lat' dir='ltr'><strong>ab</strong></span> <span class='ocrx_word' id='word_1_767' title='bbox 3369 4502 3485 4569; x_wconf 85' lang='lat' dir='ltr'><strong>ipso</strong></span> <span class='ocrx_word' id='word_1_768' title='bbox 3515 4517 3615 4556; x_wconf 79' lang='lat' dir='ltr'><strong>ex-</strong></span> 
     </span>
    </p>
   </div>
   <div class='ocr_carea' id='block_1_101' title="bbox 2029 4587 3615 4661">
    <p class='ocr_par' dir='ltr' id='par_1_101' title="bbox 2029 4587 3615 4661">
     <span class='ocr_line' id='line_1_101' title="bbox 2029 4587 3615 4661; baseline 0.002 -18"><span class='ocrx_word' id='word_1_769' title='bbox 2029 4591 2250 4654; x_wconf 83' lang='lat' dir='ltr'><strong>sistens,</strong></span> <span class='ocrx_word' id='word_1_770' title='bbox 2275 4590 2323 4644; x_wconf 91' lang='lat' dir='ltr'><strong>si</strong></span> <span class='ocrx_word' id='word_1_771' title='bbox 2343 4599 2552 4644; x_wconf 72' lang='lat' dir='ltr'><strong>naturae</strong></span> <span class='ocrx_word' id='word_1_772' title='bbox 2568 4587 2822 4643; x_wconf 90' lang='lat' dir='ltr'><strong>identitas</strong></span> <span class='ocrx_word' id='word_1_773' title='bbox 2839 4589 3241 4652; x_wconf 80' lang='lat' dir='ltr'><strong>consideretur,</strong></span> <span class='ocrx_word' id='word_1_774' title='bbox 3266 4590 3470 4646; x_wconf 88' lang='lat' dir='ltr'><strong>licetiu</strong></span> <span class='ocrx_word' id='word_1_775' title='bbox 3489 4610 3615 4661; x_wconf 81' lang='lat' dir='ltr'><strong>per-</strong></span> 
     </span>
    </p>
   </div>
   <div class='ocr_carea' id='block_1_102' title="bbox 2028 4680 3616 4755">
    <p class='ocr_par' dir='ltr' id='par_1_102' title="bbox 2028 4680 3616 4755">
     <span class='ocr_line' id='line_1_102' title="bbox 2028 4680 3616 4755; baseline 0.003 -19"><span class='ocrx_word' id='word_1_776' title='bbox 2028 4696 2163 4736; x_wconf 84' lang='lat' dir='ltr'><strong>sona</strong></span> <span class='ocrx_word' id='word_1_777' title='bbox 2182 4681 2400 4751; x_wconf 87' lang='lat' dir='ltr'><strong>propria</strong></span> <span class='ocrx_word' id='word_1_778' title='bbox 2415 4681 2774 4750; x_wconf 86' lang='lat' dir='ltr'><strong>concipiatur.</strong></span> <span class='ocrx_word' id='word_1_779' title='bbox 2796 4680 2895 4736; x_wconf 88' lang='lat' dir='ltr'><strong>Hic</strong></span> <span class='ocrx_word' id='word_1_780' title='bbox 2915 4696 3066 4751; x_wconf 85' lang='lat' dir='ltr'><strong>ergo,</strong></span> <span class='ocrx_word' id='word_1_781' title='bbox 3091 4683 3186 4749; x_wconf 87' lang='lat' dir='ltr'><strong>ait,</strong></span> <span class='ocrx_word' id='word_1_782' title='bbox 3211 4685 3460 4739; x_wconf 88' lang='lat' dir='ltr'><strong>veritatis</strong></span> <span class='ocrx_word' id='word_1_783' title='bbox 3492 4686 3616 4755; x_wconf 84' lang='lat' dir='ltr'><strong>Spi-</strong></span> 
     </span>
    </p>
   </div>
   <div class='ocr_carea' id='block_1_103' title="bbox 240 4748 1932 4846">
    <p class='ocr_par' dir='ltr' id='par_1_103' title="bbox 240 4762 1924 4837">
     <span class='ocr_line' id='line_1_103' title="bbox 240 4762 1924 4837; baseline 0.005 -27"><span class='ocrx_word' id='word_1_784' title='bbox 240 4784 251 4789; x_wconf 54' lang='grc' dir='ltr'><strong>τ</strong></span> <span class='ocrx_word' id='word_1_785' title='bbox 345 4762 575 4823; x_wconf 78' lang='grc' dir='ltr'><strong>στάτως.</strong></span> <span class='ocrx_word' id='word_1_786' title='bbox 633 4765 707 4816; x_wconf 87' lang='grc' dir='ltr'>Τὸ</span> <span class='ocrx_word' id='word_1_787' title='bbox 759 4765 958 4829; x_wconf 77' lang='grc' dir='ltr'><strong>τοίνυν,</strong></span> <span class='ocrx_word' id='word_1_788' title='bbox 1017 4767 1175 4835; x_wconf 74' lang='grc' dir='ltr'><strong>φησὶ,</strong></span> <span class='ocrx_word' id='word_1_789' title='bbox 1226 4767 1327 4835; x_wconf 84' lang='grc' dir='ltr'><strong>τῆς</strong></span> <span class='ocrx_word' id='word_1_790' title='bbox 1383 4768 1642 4837; x_wconf 84' lang='grc' dir='ltr'><strong>ἀληθείας</strong></span> <span class='ocrx_word' id='word_1_791' title='bbox 1699 4766 1924 4836; x_wconf 84' lang='grc' dir='ltr'><strong>Πνεῦμα</strong></span> 
     </span>
    </p>
   </div>
   <div class='ocr_carea' id='block_1_104' title="bbox 2037 4748 3613 4846">
    <p class='ocr_par' dir='ltr' id='par_1_104' title="bbox 2037 4772 3613 4846">
     <span class='ocr_line' id='line_1_104' title="bbox 2037 4772 3613 4846; baseline 0.001 -19"><span class='ocrx_word' id='word_1_792' title='bbox 2037 4773 2175 4828; x_wconf 82' lang='lat' dir='ltr'><strong>ritus</strong></span> <span class='ocrx_word' id='word_1_793' title='bbox 2214 4772 2282 4826; x_wconf 90' lang='lat' dir='ltr'><strong>ad</strong></span> <span class='ocrx_word' id='word_1_794' title='bbox 2311 4788 2526 4826; x_wconf 88' lang='lat' dir='ltr'><strong>omnem</strong></span> <span class='ocrx_word' id='word_1_795' title='bbox 2555 4787 2652 4826; x_wconf 90' lang='lat' dir='ltr'><strong>vos</strong></span> <span class='ocrx_word' id='word_1_796' title='bbox 2681 4773 2925 4829; x_wconf 88' lang='lat' dir='ltr'><strong>veritatis</strong></span> <span class='ocrx_word' id='word_1_797' title='bbox 2957 4776 3326 4846; x_wconf 83' lang='lat' dir='ltr'><strong>cognitionem</strong></span> <span class='ocrx_word' id='word_1_798' title='bbox 3350 4776 3613 4831; x_wconf 71' lang='grc' dir='ltr'><strong>(Ιριιυοιςις</strong></span> 
     </span>
    </p>
   </div>
   <div class='ocr_carea' id='block_1_105' title="bbox 933 4858 1935 4929">
    <p class='ocr_par' dir='ltr' id='par_1_105' title="bbox 933 4858 1935 4929">
     <span class='ocr_line' id='line_1_105' title="bbox 933 4858 1935 4929; baseline -0.002 -17"><span class='ocrx_word' id='word_1_799' title='bbox 933 4859 1312 4928; x_wconf 79' lang='grc' dir='ltr'><strong>καθηγήσεται</strong></span> <span class='ocrx_word' id='word_1_800' title='bbox 1372 4860 1472 4928; x_wconf 80' lang='grc' dir='ltr'><strong>τῆς</strong></span> <span class='ocrx_word' id='word_1_801' title='bbox 1527 4858 1787 4929; x_wconf 85' lang='grc' dir='ltr'><strong>ἀληθείας</strong></span> <span class='ocrx_word' id='word_1_802' title='bbox 1834 4858 1935 4926; x_wconf 83' lang='grc' dir='ltr'><strong>τὴν</strong></span> 
     </span>
    </p>
   </div>
   <div class='ocr_carea' id='block_1_106' title="bbox 343 4947 1936 5023">
    <p class='ocr_par' dir='ltr' id='par_1_106' title="bbox 343 4947 1936 5023">
     <span class='ocr_line' id='line_1_106' title="bbox 343 4947 1936 5023; baseline 0.005 -26"><span class='ocrx_word' id='word_1_803' title='bbox 343 4950 570 5016; x_wconf 63' lang='grc' dir='ltr'><strong>γνῶσιν.</strong></span> <span class='ocrx_word' id='word_1_804' title='bbox 616 4948 702 5012; x_wconf 81' lang='grc' dir='ltr'><strong>Ὠς</strong></span> <span class='ocrx_word' id='word_1_805' title='bbox 748 4950 856 5020; x_wconf 65' lang='grc' dir='ltr'><strong>γὰρ</strong></span> <span class='ocrx_word' id='word_1_806' title='bbox 902 4950 1058 5013; x_wconf 78' lang='grc' dir='ltr'><strong>εἰδὼς</strong></span> <span class='ocrx_word' id='word_1_807' title='bbox 1107 4949 1350 5020; x_wconf 71' lang='grc' dir='ltr'><strong>ἀκριϐῶς</strong></span> <span class='ocrx_word' id='word_1_808' title='bbox 1403 4951 1501 5021; x_wconf 76' lang='grc' dir='ltr'><strong>τὴν</strong></span> <span class='ocrx_word' id='word_1_809' title='bbox 1547 4951 1826 5021; x_wconf 87' lang='grc' dir='ltr'><strong>ἀλήθειαν,</strong></span> <span class='ocrx_word' id='word_1_810' title='bbox 1866 4947 1936 5023; x_wconf 85' lang='grc' dir='ltr'><strong>ἦς</strong></span> 
     </span>
    </p>
   </div>
   <div class='ocr_carea' id='block_1_107' title="bbox 2040 4866 3615 4938">
    <p class='ocr_par' dir='ltr' id='par_1_107' title="bbox 2040 4866 3615 4938">
     <span class='ocr_line' id='line_1_107' title="bbox 2040 4866 3615 4938; baseline 0.003 -18"><span class='ocrx_word' id='word_1_811' title='bbox 2040 4880 2164 4920; x_wconf 91' lang='lat' dir='ltr'><strong>nam</strong></span> <span class='ocrx_word' id='word_1_812' title='bbox 2198 4866 2273 4920; x_wconf 90' lang='lat' dir='ltr'><strong>uti</strong></span> <span class='ocrx_word' id='word_1_813' title='bbox 2305 4875 2593 4920; x_wconf 89' lang='lat' dir='ltr'><strong>accuratus</strong></span> <span class='ocrx_word' id='word_1_814' title='bbox 2616 4867 2864 4923; x_wconf 86' lang='lat' dir='ltr'><strong>veritatis</strong></span> <span class='ocrx_word' id='word_1_815' title='bbox 2893 4869 3163 4938; x_wconf 85' lang='lat' dir='ltr'><strong>cognitor,</strong></span> <span class='ocrx_word' id='word_1_816' title='bbox 3194 4867 3352 4937; x_wconf 83' lang='lat' dir='ltr'><strong>cujus</strong></span> <span class='ocrx_word' id='word_1_817' title='bbox 3382 4868 3615 4938; x_wconf 85' lang='lat' dir='ltr'><strong>Spiritus</strong></span> 
     </span>
    </p>
   </div>
   <div class='ocr_carea' id='block_1_108' title="bbox 2037 4958 3616 5029">
    <p class='ocr_par' dir='ltr' id='par_1_108' title="bbox 2037 4958 3616 5029">
     <span class='ocr_line' id='line_1_108' title="bbox 2037 4958 3616 5029; baseline 0.003 -19"><span class='ocrx_word' id='word_1_818' title='bbox 2037 4967 2141 5017; x_wconf 74' lang='lat' dir='ltr'><strong>est,</strong></span> <span class='ocrx_word' id='word_1_819' title='bbox 2171 4971 2277 5010; x_wconf 92' lang='lat' dir='ltr'><strong>non</strong></span> <span class='ocrx_word' id='word_1_820' title='bbox 2318 4971 2436 5010; x_wconf 88' lang='lat' dir='ltr'><strong>eam</strong></span> <span class='ocrx_word' id='word_1_821' title='bbox 2460 4972 2526 5011; x_wconf 75' lang='lat' dir='ltr'><strong>ex</strong></span> <span class='ocrx_word' id='word_1_822' title='bbox 2557 4966 2707 5027; x_wconf 87' lang='lat' dir='ltr'><strong>parte</strong></span> <span class='ocrx_word' id='word_1_823' title='bbox 2732 4958 2825 5011; x_wconf 88' lang='lat' dir='ltr'><strong>sed</strong></span> <span class='ocrx_word' id='word_1_824' title='bbox 2875 4960 3182 5017; x_wconf 85' lang='lat' dir='ltr'><strong>colentibus</strong></span> <span class='ocrx_word' id='word_1_825' title='bbox 3233 4976 3356 5014; x_wconf 91' lang='lat' dir='ltr'><strong>eum</strong></span> <span class='ocrx_word' id='word_1_826' title='bbox 3412 4961 3616 5029; x_wconf 78' lang='lat' dir='ltr'><strong>integre</strong></span> 
     </span>
    </p>
   </div>
   <div class='ocr_carea' id='block_1_109' title="bbox 2039 5045 3620 5122">
    <p class='ocr_par' dir='ltr' id='par_1_109' title="bbox 2039 5045 3620 5122">
     <span class='ocr_line' id='line_1_109' title="bbox 2039 5045 3620 5122; baseline 0.003 -24"><span class='ocrx_word' id='word_1_827' title='bbox 2039 5045 2325 5107; x_wconf 82' lang='lat' dir='ltr'><strong>rerelabit,</strong></span> <span class='ocrx_word' id='word_1_828' title='bbox 2354 5055 2407 5100; x_wconf 91' lang='lat' dir='ltr'><strong>et</strong></span> <span class='ocrx_word' id='word_1_829' title='bbox 2437 5046 2616 5113; x_wconf 90' lang='lat' dir='ltr'><strong>potius</strong></span> <span class='ocrx_word' id='word_1_830' title='bbox 2643 5048 2886 5115; x_wconf 80' lang='lat' dir='ltr'><strong>ejusdem</strong></span> <span class='ocrx_word' id='word_1_831' title='bbox 2912 5048 3161 5104; x_wconf 89' lang='lat' dir='ltr'><strong>absolute</strong></span> <span class='ocrx_word' id='word_1_832' title='bbox 3182 5051 3498 5122; x_wconf 83' lang='lat' dir='ltr'><strong>mysterium</strong></span> <span class='ocrx_word' id='word_1_833' title='bbox 3521 5052 3620 5103; x_wconf 82' lang='lat' dir='ltr'><strong>ﬂo-</strong></span> 
     </span>
    </p>
   </div>
   <div class='ocr_carea' id='block_1_110' title="bbox 2036 5136 3611 5211">
    <p class='ocr_par' dir='ltr' id='par_1_110' title="bbox 2036 5136 3611 5211">
     <span class='ocr_line' id='line_1_110' title="bbox 2036 5136 3611 5211; baseline 0.003 -22"><span class='ocrx_word' id='word_1_834' title='bbox 2036 5143 2238 5191; x_wconf 87' lang='lat' dir='ltr'><strong>rescet.</strong></span> <span class='ocrx_word' id='word_1_835' title='bbox 2279 5136 2417 5188; x_wconf 90' lang='lat' dir='ltr'><strong>Nam</strong></span> <span class='ocrx_word' id='word_1_836' title='bbox 2447 5138 2550 5191; x_wconf 89' lang='lat' dir='ltr'><strong>etsi</strong></span> <span class='ocrx_word' id='word_1_837' title='bbox 2577 5153 2640 5191; x_wconf 84' lang='lat' dir='ltr'><strong>ex</strong></span> <span class='ocrx_word' id='word_1_838' title='bbox 2667 5147 2820 5209; x_wconf 74' lang='lat' dir='ltr'><strong>parte</strong></span> <span class='ocrx_word' id='word_1_839' title='bbox 2848 5140 2901 5192; x_wconf 92' lang='lat' dir='ltr'><strong>in</strong></span> <span class='ocrx_word' id='word_1_840' title='bbox 2932 5141 3034 5194; x_wconf 90' lang='lat' dir='ltr'><strong>hac</strong></span> <span class='ocrx_word' id='word_1_841' title='bbox 3068 5143 3174 5194; x_wconf 89' lang='lat' dir='ltr'><strong>vita</strong></span> <span class='ocrx_word' id='word_1_842' title='bbox 3211 5142 3611 5211; x_wconf 72' lang='lat' dir='ltr'><strong>cognoscimus,</strong></span> 
     </span>
    </p>
   </div>
   <div class='ocr_carea' id='block_1_111' title="bbox 2039 5228 3616 5301">
    <p class='ocr_par' dir='ltr' id='par_1_111' title="bbox 2039 5228 3616 5301">
     <span class='ocr_line' id='line_1_111' title="bbox 2039 5228 3616 5301; baseline 0.001 -18"><span class='ocrx_word' id='word_1_843' title='bbox 2039 5239 2098 5283; x_wconf 90' lang='lat' dir='ltr'><strong>ut</strong></span> <span class='ocrx_word' id='word_1_844' title='bbox 2121 5229 2194 5283; x_wconf 88' lang='lat' dir='ltr'><strong>ait</strong></span> <span class='ocrx_word' id='word_1_845' title='bbox 2221 5228 2447 5292; x_wconf 87' lang='lat' dir='ltr'><strong>Paulus,</strong></span> <span class='ocrx_word' id='word_1_846' title='bbox 2487 5245 2594 5283; x_wconf 91' lang='lat' dir='ltr'><strong>non</strong></span> <span class='ocrx_word' id='word_1_847' title='bbox 2619 5246 2809 5285; x_wconf 86' lang='lat' dir='ltr'><strong>manca</strong></span> <span class='ocrx_word' id='word_1_848' title='bbox 2841 5238 3047 5294; x_wconf 78' lang='lat' dir='ltr'><strong>tamen,</strong></span> <span class='ocrx_word' id='word_1_849' title='bbox 3076 5232 3168 5286; x_wconf 82' lang='lat' dir='ltr'><strong>sed</strong></span> <span class='ocrx_word' id='word_1_850' title='bbox 3200 5234 3432 5301; x_wconf 75' lang='lat' dir='ltr'><strong>integra,</strong></span> <span class='ocrx_word' id='word_1_851' title='bbox 3458 5242 3509 5285; x_wconf 79' lang='lat' dir='ltr'><strong>et</strong></span> <span class='ocrx_word' id='word_1_852' title='bbox 3551 5235 3616 5286; x_wconf 85' lang='lat' dir='ltr'><strong>il-</strong></span> 
     </span>
    </p>
   </div>
   <div class='ocr_carea' id='block_1_112' title="bbox 2037 5319 3616 5393">
    <p class='ocr_par' dir='ltr' id='par_1_112' title="bbox 2037 5319 3616 5393">
     <span class='ocr_line' id='line_1_112' title="bbox 2037 5319 3616 5393; baseline 0.003 -20"><span class='ocrx_word' id='word_1_853' title='bbox 2037 5319 2163 5373; x_wconf 67' lang='lat' dir='ltr'><strong>laesa</strong></span> <span class='ocrx_word' id='word_1_854' title='bbox 2193 5320 2436 5375; x_wconf 81' lang='lat' dir='ltr'><strong>veritatis</strong></span> <span class='ocrx_word' id='word_1_855' title='bbox 2485 5321 2645 5375; x_wconf 82' lang='lat' dir='ltr'><strong>nobis</strong></span> <span class='ocrx_word' id='word_1_856' title='bbox 2700 5322 3047 5391; x_wconf 89' lang='lat' dir='ltr'><strong>pulchritudo</strong></span> <span class='ocrx_word' id='word_1_857' title='bbox 3092 5322 3321 5376; x_wconf 82' lang='lat' dir='ltr'><strong>refulsit.</strong></span> <span class='ocrx_word' id='word_1_858' title='bbox 3358 5322 3426 5376; x_wconf 85' lang='lat' dir='ltr'><strong>Ut</strong></span> <span class='ocrx_word' id='word_1_859' title='bbox 3455 5325 3616 5393; x_wconf 81' lang='lat' dir='ltr'><strong>igitur</strong></span> 
     </span>
    </p>
   </div>
   <div class='ocr_carea' id='block_1_113' title="bbox 2040 5409 3617 5483">
    <p class='ocr_par' dir='ltr' id='par_1_113' title="bbox 2040 5409 3617 5483">
     <span class='ocr_line' id='line_1_113' title="bbox 2040 5409 3617 5483; baseline 0.002 -21"><span class='ocrx_word' id='word_1_860' title='bbox 2040 5428 2058 5462; x_wconf 74' lang='grc' dir='ltr'><strong>ι</strong></span> <span class='ocrx_word' id='word_1_861' title='bbox 2097 5409 2266 5465; x_wconf 87' lang='lat' dir='ltr'><strong>Nemo</strong></span> <span class='ocrx_word' id='word_1_862' title='bbox 2314 5412 2436 5479; x_wconf 90' lang='lat' dir='ltr'><strong>scit,</strong></span> <span class='ocrx_word' id='word_1_863' title='bbox 2470 5428 2592 5482; x_wconf 74' lang='lat' dir='ltr'><strong>qua:</strong></span> <span class='ocrx_word' id='word_1_864' title='bbox 2625 5414 2863 5469; x_wconf 79' lang='lat' dir='ltr'><strong>hominis</strong></span> <span class='ocrx_word' id='word_1_865' title='bbox 2898 5422 3043 5477; x_wconf 84' lang='lat' dir='ltr'><strong>sunt,</strong></span> <span class='ocrx_word' id='word_1_866' title='bbox 3079 5425 3136 5468; x_wconf 93' lang='lat' dir='ltr'><strong>ut</strong></span> <span class='ocrx_word' id='word_1_867' title='bbox 3194 5416 3453 5483; x_wconf 89' lang='lat' dir='ltr'><strong>scriptum</strong></span> <span class='ocrx_word' id='word_1_868' title='bbox 3511 5426 3617 5479; x_wconf 75' lang='lat' dir='ltr'><strong>est,</strong></span> 
     </span>
    </p>
   </div>
   <div class='ocr_carea' id='block_1_114' title="bbox 2031 5501 3615 5574">
    <p class='ocr_par' dir='ltr' id='par_1_114' title="bbox 2031 5501 3615 5574">
     <span class='ocr_line' id='line_1_114' title="bbox 2031 5501 3615 5574; baseline 0.003 -19"><span class='ocrx_word' id='word_1_869' title='bbox 2031 5502 2136 5555; x_wconf 90' lang='lat' dir='ltr'><strong>nisi</strong></span> <span class='ocrx_word' id='word_1_870' title='bbox 2171 5501 2396 5570; x_wconf 82' lang='lat' dir='ltr'><strong>Spiritus</strong></span> <span class='ocrx_word' id='word_1_871' title='bbox 2427 5503 2664 5558; x_wconf 86' lang='lat' dir='ltr'><strong>hominis</strong></span> <span class='ocrx_word' id='word_1_872' title='bbox 2718 5504 2810 5574; x_wconf 85' lang='lat' dir='ltr'><strong>qui</strong></span> <span class='ocrx_word' id='word_1_873' title='bbox 2846 5503 2896 5557; x_wconf 91' lang='lat' dir='ltr'><strong>in</strong></span> <span class='ocrx_word' id='word_1_874' title='bbox 2959 5518 3025 5558; x_wconf 85' lang='lat' dir='ltr'><strong>co</strong></span> <span class='ocrx_word' id='word_1_875' title='bbox 3060 5513 3138 5559; x_wconf 84' lang='lat' dir='ltr'><strong>est</strong></span> <span class='ocrx_word' id='word_1_876' title='bbox 3166 5506 3232 5565; x_wconf 80' lang='lat'><strong>&quot;,</strong></span> <span class='ocrx_word' id='word_1_877' title='bbox 3267 5523 3283 5554; x_wconf 74' lang='grc' dir='ltr'><strong>ι</strong></span> <span class='ocrx_word' id='word_1_878' title='bbox 3323 5505 3398 5560; x_wconf 87' lang='lat' dir='ltr'><strong>sic</strong></span> <span class='ocrx_word' id='word_1_879' title='bbox 3442 5521 3615 5574; x_wconf 82' lang='lat' dir='ltr'><strong>neque</strong></span> 
     </span>
    </p>
   </div>
   <div class='ocr_carea' id='block_1_115' title="bbox 2033 5592 3617 5663">
    <p class='ocr_par' dir='ltr' id='par_1_115' title="bbox 2033 5592 3617 5663">
     <span class='ocr_line' id='line_1_115' title="bbox 2033 5592 3617 5663; baseline 0.003 -17"><span class='ocrx_word' id='word_1_880' title='bbox 2033 5602 2091 5646; x_wconf 93' lang='lat' dir='ltr'><strong>ut</strong></span> <span class='ocrx_word' id='word_1_881' title='bbox 2118 5592 2393 5655; x_wconf 79' lang='lat' dir='ltr'><strong>existimo,</strong></span> <span class='ocrx_word' id='word_1_882' title='bbox 2424 5595 2554 5663; x_wconf 85' lang='lat' dir='ltr'><strong>quin</strong></span> <span class='ocrx_word' id='word_1_883' title='bbox 2614 5596 2722 5648; x_wconf 78' lang='lat' dir='ltr'><strong>imo</strong></span> <span class='ocrx_word' id='word_1_884' title='bbox 2751 5603 2809 5649; x_wconf 92' lang='lat' dir='ltr'><strong>ut</strong></span> <span class='ocrx_word' id='word_1_885' title='bbox 2860 5595 3057 5648; x_wconf 85' lang='lat' dir='ltr'><strong>Paulus</strong></span> <span class='ocrx_word' id='word_1_886' title='bbox 3101 5595 3253 5657; x_wconf 88' lang='lat' dir='ltr'><strong>dicit,</strong></span> <span class='ocrx_word' id='word_1_887' title='bbox 3292 5611 3450 5649; x_wconf 76' lang='lat' dir='ltr'><strong>nemo</strong></span> <span class='ocrx_word' id='word_1_888' title='bbox 3513 5600 3617 5651; x_wconf 83' lang='lat' dir='ltr'><strong>srit</strong></span> 
     </span>
    </p>
   </div>
   <div class='ocr_carea' id='block_1_116' title="bbox 2030 5684 3611 5761">
    <p class='ocr_par' dir='ltr' id='par_1_116' title="bbox 2030 5684 3611 5761">
     <span class='ocr_line' id='line_1_116' title="bbox 2030 5684 3611 5761; baseline 0.002 -23"><span class='ocrx_word' id='word_1_889' title='bbox 2030 5702 2151 5756; x_wconf 74' lang='lat' dir='ltr'><strong>qutc</strong></span> <span class='ocrx_word' id='word_1_890' title='bbox 2192 5684 2282 5740; x_wconf 86' lang='lat' dir='ltr'><strong>Dei</strong></span> <span class='ocrx_word' id='word_1_891' title='bbox 2316 5697 2461 5752; x_wconf 85' lang='lat' dir='ltr'><strong>sunt,</strong></span> <span class='ocrx_word' id='word_1_892' title='bbox 2493 5688 2595 5744; x_wconf 80' lang='lat' dir='ltr'><strong>nisi</strong></span> <span class='ocrx_word' id='word_1_893' title='bbox 2619 5686 2854 5761; x_wconf 85' lang='lat' dir='ltr'><strong>Spiritus</strong></span> <span class='ocrx_word' id='word_1_894' title='bbox 2880 5688 2971 5756; x_wconf 80' lang='grc' dir='ltr'><strong>(ιιιί</strong></span> <span class='ocrx_word' id='word_1_895' title='bbox 3007 5687 3057 5739; x_wconf 89' lang='lat' dir='ltr'><strong>in</strong></span> <span class='ocrx_word' id='word_1_896' title='bbox 3096 5698 3289 5743; x_wconf 81' lang='lat' dir='ltr'><strong>cocst.</strong></span> <span class='ocrx_word' id='word_1_897' title='bbox 3349 5689 3485 5741; x_wconf 65' lang='lat' dir='ltr'><strong>(ium</strong></span> <span class='ocrx_word' id='word_1_898' title='bbox 3518 5705 3611 5741; x_wconf 84' lang='lat' dir='ltr'><strong>au-</strong></span> 
     </span>
    </p>
   </div>
  </div>
