3958 6400
311 393 414 454 659

1337 380 1547 442 JOAN.
1588 379 1803 439 VECCI
1845 378 1950 438 ΟΡ.
1995 379 2502 440 PATRIARCILE

3323 348 3340 386 1

3453 385 3556 448 660

311 517 417 561 tem
454 504 682 565 venerit,
711 505 810 566 ait,
842 518 947 557 non
981 503 1230 570 loquetur
1254 511 1285 550 a
1323 498 1507 564 seipso
1559 492 1880 563 quidquam,

1992 493 2145 546 αὐτὸν
2172 491 2326 564 οἶμαι
2360 496 2579 566 τρόπον,
2613 495 2812 566 μᾶλλον
2839 496 2894 547 δὲ
2926 499 3066 551 κατὰ
3095 501 3191 570 τὴν
3217 499 3310 554 τοῦ
3348 502 3556 556 Παύλου

311 611 410 665 pro
443 610 508 649 eo
536 595 678 664 quod
704 603 805 658 est,
843 593 1135 662 prudentes
1173 603 1270 644 vos
1319 587 1527 650 reddet,
1581 593 1637 640 et
1685 599 1883 639 arcana

307 685 552 739 veritatis
588 683 867 746 revelabit,
892 697 996 735 non
1025 681 1275 750 loquetur
1317 692 1538 747 prorsus
1588 676 1884 746 quidquam

309 777 454 845 quod
485 775 618 829 mihi
648 790 754 828 non
780 774 1008 843 placeat,
1061 787 1234 841 neque
1263 769 1562 840 peregrinis
1590 783 1687 823 vos
1718 767 1887 822 disci-

307 866 473 935 plinis
506 866 759 919 instruet.
790 862 987 932 .Neque
1017 863 1159 916 enim
1197 861 1444 931 proprias
1472 858 1705 914 fortasse
1739 858 1883 926 leges

308 957 470 1013 feret.
497 957 630 1011 Cum
666 971 792 1009 vero
832 954 1094 1024 Spiritus,
1150 963 1204 1008 et
1235 953 1392 1023 quasi
1430 965 1584 1005 mens
1629 963 1750 1003 mea
1791 949 1885 1009 sit,

307 1051 562 1118 loquetur
585 1046 809 1102 omnino
839 1060 960 1114 qua:
985 1045 1038 1099 in
1071 1059 1155 1099 me
1173 1054 1318 1099 sunt.
1367 1043 1434 1097 Et
1465 1042 1576 1096 haec
1624 1039 1887 1097 Dominus

309 1141 405 1205 ait,
439 1145 547 1195 neu
580 1150 638 1193 ut
669 1138 904 1193 ministri
937 1139 1116 1191 locum
1159 1136 1358 1190 habere
1379 1133 1616 1204 Spiritus
1665 1142 1887 1187 sanctus

305 1235 574 1296 videatur,
608 1241 670 1286 ut
706 1231 956 1300 imperite
990 1245 1020 1283 a
1049 1227 1326 1282 nonnullis
1385 1224 1733 1295 praedicatur,
1793 1223 1885 1276 sed

308 1338 368 1382 ut
392 1327 637 1396 ejusdem
655 1341 775 1382 esse
796 1339 919 1380 cum
952 1319 1425 1389 Filiojsubstantiae
1448 1318 1885 1372 conlirmaretur.

310 1420 414 1474 Sed
450 1429 509 1473 ut
533 1418 714 1486 potius
746 1415 1007 1472 certiores
1036 1412 1286 1468 redderet
1333 1409 1653 1478 discipulos,
1690 1422 1889 1462 secun-

307 1510 436 1562 dum
468 1507 718 1562 essentiae
741 1506 1007 1559 rationem
1036 1504 1140 1558 a'se
1165 1502 1282 1572 ipso
1310 1516 1420 1556 non
1443 1514 1563 1554 esse
1586 1498 1886 1552 diversum.

312 1598 446 1653 llrrc'
470 1613 693 1667 prorsus
729 1597 1002 1664 loquetur,
1056 1603 1110 1648 et
1156 1591 1490 1662 operabitur,
1531 1600 1584 1644 et
1633 1589 1891 1657 concupi-

305 1697 440 1743 scet.
495 1685 900 1755 Pr0ptereaque
943 1684 1226 1752 praemisit,
1278 1681 1427 1752 quod
1462 1679 1625 1735 etiam
1661 1686 1886 1733 ventura

304 1775 646 1830 annuntiabit
676 1776 851 1839 vobis,
888 1790 952 1830 ac
999 1775 1045 1829 si
1101 1773 1326 1837 diceret,
1383 1770 1436 1825 id
1467 1771 1681 1840 signum
1735 1767 1885 1821 vobis

1991 586 2196 654 φωνὴν,
2234 586 2409 650 οὐδεὶς
2444 585 2554 639 οἶδε
2611 589 2679 642 τὰ
2725 590 2816 642 τοῦ
2851 591 3006 653 Θεοῦ.
3036 595 3085 645 εί
3123 592 3196 662 μὴ
3238 593 3299 645 τὸ
3335 595 3558 663 Πνεῦμα

1987 678 2082 730 τοῦ
2113 678 2249 730 Θεοῦ
2299 679 2449 732 τὸέν
2498 681 2668 751 αὐτῷ.
2700 683 2872 736 Ὅταν
2929 680 3022 738 οῦν
3069 685 3221 756 ἐλθῃ,
3283 686 3559 755 φησὶν,οῦ

1989 769 2215 840 λαλήσει
2263 773 2358 840 ἀφ’
2392 773 2588 827 ἐαυτοῦ
2642 777 2816 842 οὐδὲν,
2858 779 2980 832 ἀντὶ
3017 777 3138 841 τοῦ,
3171 782 3411 833 συνετιεῖ
3461 781 3560 849 μὲν

1988 862 2156 930 ἡμᾶς.
2187 863 2282 916 καὶ
2316 864 2377 916 τὸ
2407 867 2532 936 περὶ
2556 867 2655 936 τῆς
2683 868 2938 938 ἀληθείας
2974 865 3318 938 ἀποκαλύψει
3355 873 3561 942 μυστή-

1991 970 2126 1022 ριον,
2152 955 2378 1027 λαλήσει
2405 975 2468 1025 γε
2498 960 2604 1030 μὴν
2659 962 2811 1015 οὐδὲν
2857 963 3138 1025 παντελῶς
3181 964 3290 1015 τῶν
3326 963 3562 1032 ἀπαδόν-

1987 1063 2099 1098 των
2122 1047 2266 1115 ἐμοὶ,
2289 1048 2404 1101 ἀλλ’
2433 1050 2554 1103 οὐδὲ
2585 1051 2735 1118 ξένον
2760 1053 2890 1122 ὑμῖν
2912 1055 3270 1125 είσηγήσεται
3307 1055 3561 1125 μάθημα.

1988 1138 2063 1190 Οὐ
2112 1140 2220 1208 γὰρ
2272 1141 2435 1204 ίδίους
2481 1145 2645 1212 τυχὸν
2702 1144 2928 1198 εἰσοίσει
2978 1147 3200 1214 νόμους.
3239 1147 3461 1216 Ἐπειδὴ
3506 1149 3564 1201 δὲ

1988 1226 2208 1296 πνεῦμα
2264 1231 2361 1283 καὶ
2421 1232 2590 1285 οἱονεὶ
2644 1233 2769 1297 νοῦς
2825 1237 2974 1289 ἐστιν
3019 1235 3171 1304 ἐμὸς,
3225 1236 3451 1307 λαλήσει
3498 1238 3562 1308 δὴ

1989 1319 2205 1383 πάντως
2237 1321 2306 1374 τὰ
2328 1325 2386 1376 ἐν
2416 1325 2560 1392 ἐμοί.
2605 1327 2716 1380 Καὶ
2742 1327 2903 1380 τοῦτό
2950 1346 3118 1399 φησιν
3160 1331 3188 1382 ὁ
3218 1329 3442 1399 Σωτὴρ,
3464 1329 3562 1400 οὐχ

1989 1408 2077 1460 ἵνα
2125 1411 2335 1480 νοῶμεν
2381 1414 2718 1484 ὕπουργικὸν
2776 1418 2838 1470 τὸ
2871 1420 3100 1488 Πνεῦμα
3125 1419 3188 1472 τὸ
3223 1419 3380 1486 ἅγιον
3420 1421 3562 1473 κατὰ

1989 1499 2085 1568 τήν
2109 1518 2269 1552 τινων
2300 1503 2564 1571 ἀμαθίαν,
2599 1505 3014 1576 πληροφορῆσαι
3053 1509 3110 1562 δὲ
3138 1508 3338 1578 μᾶλλον
3369 1509 3561 1580 ἐθελή-

1990 1609 2090 1656 σας
2133 1594 2262 1657 τοὺς
2301 1596 2548 1667 μαθητὰς
2585 1599 2660 1661 ὡς
2691 1601 2788 1670 οὐχ
2822 1601 3009 1671 ἕτερον
3059 1601 3118 1656 ὃν
3150 1603 3279 1672 παρ’
3309 1603 3472 1656 αὐτὸν
3501 1605 3562 1656 τὸ

1991 1684 2214 1754 Πνεῦμα
2245 1687 2414 1740 αὐτοῦ
2460 1689 2602 1742 κατά
2626 1707 2688 1757 γε
2717 1691 2806 1744 τὸν
2853 1693 2912 1743 ἐν
2961 1694 3344 1763 ὁμοουσιότητι
3379 1694 3559 1760 λόγον.

1989 1776 2173 1831 Ταῦτα
2200 1779 2264 1849 δὴ
2294 1780 2512 1845 πάντως
2541 1780 2768 1851 λαλήσει
2800 1783 2896 1836 καὶ
2923 1785 3214 1853 ἐνεργήσει
3241 1785 3337 1838 καὶ
3363 1783 3564 1854 βουλή-

302 1866 429 1928 erit,
476 1881 542 1920 ex
577 1881 695 1919 mea
721 1862 1031 1919 substantia
1065 1862 1327 1930 Spiritum
1356 1873 1502 1922 esse,
1553 1867 1607 1911 et
1648 1865 1880 1910 mentem

1992 1885 2158 1921 σεται.
2216 1870 2314 1923 Διὰ
2361 1873 2466 1942 γάρ
2501 1891 2584 1926 τοι
2615 1875 2773 1927 τοῦτο
2823 1879 3210 1946 προστέθεικεν
3248 1877 3329 1930 ὅτι
3371 1877 3562 1929 καὶτὰ

301 1971 425 2012 esse
454 1958 610 2026 quasi
656 1971 855 2022 meam,
899 1955 1027 2008 dum
1055 1953 1144 2011 ille
1190 1949 1647 2021 quemadmodum
1687 1955 1739 2002 et
1784 1961 1883 2014 ego

303 2048 486 2102 futura
518 2047 814 2118 praedicet;
847 2046 1070 2114 praedixi
1115 2043 1260 2097 enim
1315 2043 1415 2096 etsi
1465 2054 1571 2094 non
1631 2037 1885 2106 potuistis

304 2140 488 2193 omnia
515 2139 834 2209 intelligere.
863 2136 1050 2206 Itaque
1090 2150 1203 2189 non
1243 2141 1426 2204 posset
1456 2133 1545 2186 ille
1594 2131 1671 2184 uti
1701 2138 1751 2184 et
1782 2143 1882 2199 ego

305 2232 490 2286 futura
524 2229 838 2301 przedicere,
874 2229 979 2284 nisi
1004 2227 1230 2283 omnino
1283 2227 1336 2280 in
1369 2240 1454 2279 me
1483 2235 1647 2288 esset,
1684 2233 1739 2279 et
1789 2239 1882 2292 per

306 2338 395 2377 me
425 2321 866 2393 progrederetur.
913 2340 930 2372 ι

376 2607 520 2662 ldem
564 2607 862 2670 indictum,
909 2622 927 2656 ι
971 2604 1123 2660 Sicut
1155 2619 1240 2657 me
1289 2603 1435 2658 misit
1467 2603 1650 2655 vivens
1681 2599 1839 2654 Pater
1862 2640 1878 2663 ,

305 2707 361 2752 et
388 2712 486 2768 ego
531 2696 652 2750 vivo
684 2703 901 2766 propter
940 2693 1160 2748 Patrem
1187 2693 1253 2758 ’⁸,
1284 2711 1302 2743 ι
1359 2692 1452 2746 lib.
1503 2705 1575 2754 ιν,
1627 2704 1747 2758 cap.
1791 2689 1878 2740 18.

307 2787 780 2856 Quemadmodum
817 2787 960 2840 enim
983 2785 1168 2839 lumen
1184 2785 1251 2838 de
1279 2783 1484 2836 lumine
1509 2796 1630 2836 esse
1660 2780 1875 2842 dicitur,

305 2884 386 2940 sic
415 2889 470 2935 et
501 2881 610 2935 vita
646 2894 711 2934 es
735 2880 865 2933 vita.
902 2877 966 2931 Et
996 2875 1450 2945 quemadmodum
1492 2888 1614 2942 quae
1644 2872 1766 2926 luce
1797 2874 1879 2925 in-

301 2973 510 3043 digent,
528 2985 626 3040 per
645 2969 841 3023 Filium
874 2968 1017 3022 Deus
1034 2975 1088 3021 et
1117 2967 1272 3021 Pater
1296 2965 1564 3018 illuminat
1581 2979 1675 3033 per
1697 2964 1878 3017 lumen

302 3064 582 3133 proprium
611 3059 806 3114 Filium
844 3077 859 3115 :
896 3067 949 3114 et
977 3057 1069 3128 qui
1103 3058 1420 3127 sapientiam
1447 3055 1732 3109 admittere
1750 3068 1880 3120 pos-

305 3166 454 3220 sunt,
521 3169 616 3223 per
641 3153 916 3223 propriam
953 3150 1273 3221 sapientiam
1315 3149 1590 3218 sapientes
1643 3146 1790 3210 facit,
1825 3157 1880 3201 et

305 3261 424 3315 quae
452 3245 654 3300 robore
695 3244 939 3314 indigent
992 3257 1088 3312 per
1138 3241 1304 3294 robur
1355 3253 1548 3292 rursus
1602 3237 1878 3307 proprium

307 3339 655 3403 corroborat,
687 3338 766 3392 sic
797 3351 916 3406 qua:
942 3337 1051 3389 vita
1088 3343 1266 3404 egent,
1293 3348 1387 3402 per
1417 3333 1583 3385 vitam
1605 3329 1878 3401 propriam

302 3439 357 3484 et
385 3443 507 3499 qua:
521 3443 616 3498 per
647 3428 828 3498 ipsqu
851 3425 1168 3490 eﬂ‘undilur,
1199 3423 1321 3479 Filii
1349 3438 1541 3493 nempe
1568 3422 1823 3476 viviﬁcat.
1856 3441 1873 3472 ι

377 3618 523 3671 Idem
552 3615 606 3670 in
645 3615 772 3670 illud
801 3633 812 3670 :
843 3631 863 3666 ι
904 3614 994 3668 Ille
1025 3629 1112 3668 me
1137 3613 1457 3668 clarilicabit
1483 3630 1499 3667 :
1523 3614 1650 3682 quia
1669 3613 1736 3666 de
1764 3625 1883 3666 meo

307 3709 627 3778 accipiet",
659 3727 676 3759 ι
741 3708 919 3777 inquit
969 3725 983 3761 :
1030 3726 1048 3757 ι
1093 3707 1372 3762 Glorilieat
1417 3707 1632 3776 quidem
1684 3705 1883 3760 Filium

308 3801 645 3868 Paracletus,
677 3801 779 3854 hoc
804 3811 883 3855 est
906 3801 1155 3868 proprius
1191 3800 1334 3854 illius
1363 3799 1617 3864 Spiritus,
1646 3800 1739 3869 qui
1766 3814 1884 3853 om-

307 3893 399 3948 nia
437 3901 635 3962 potest,
668 3893 762 3961 qui
796 3892 982 3945 omnia
1017 3891 1188 3945 novit.
1246 3891 1522 3946 Clariﬁcat
1557 3907 1685 3946 vero
1742 3907 1886 3960 quo-

307 3981 674 4046 modo?Qure
721 3982 865 4033 enim
914 3980 1019 4034 scit
1073 3988 1360 4049 potestque
1422 3979 1656 4050 Spiritus
1716 3980 1886 4042 illius,

306 4073 584 4152 quomodo
638 4072 755 4140 ipse
806 4086 912 4126 non
958 4071 1171 4125 noverit
1205 4081 1301 4126 aut
1347 4072 1584 4142 poterit?
1637 4071 1773 4135 Etsi,
1829 4083 1888 4126 ut

306 4169 423 4233 ipse
447 4165 544 4221 ait.
577 4164 813 4233 Spiritus
839 4163 907 4216 ab
940 4164 1057 4232 ipso
1086 4163 1301 4232 accipit,
1336 4165 1462 4219 licet
1490 4165 1670 4219 omnia
1715 4165 1888 4234 possit

308 4273 373 4311 ac
389 4255 939 4326 perﬁciat,quom0do
965 4255 1077 4324 ipse
1103 4269 1210 4309 non
1243 4257 1546 4325 possederit
1571 4257 1724 4322 illud,
1743 4256 1887 4326 quod

308 4349 552 4405 rebusin
585 4349 843 4402 omnibus
895 4346 1290 4402 validissimum
1323 4349 1438 4403 est?
1490 4347 1596 4402 Sed
1645 4349 1790 4402 enim
1823 4348 1889 4401 il-

307 4442 401 4496 lud
433 4450 583 4497 certo
615 4441 908 4495 tenendum
956 4449 1060 4505 est,
1092 4441 1239 4494 nullo
1279 4439 1463 4510 jmodo
1516 4438 1882 4499 Paracletum,

1985 1961 2255 2030 ἐρχόμενα
2285 1963 2590 2030 -ἀναγγελεῖ
2619 1966 2770 2033 ὑμῖν,
2782 1969 3067 2038 μονονουχὶ
3101 1969 3296 2036 λέγων,
3331 1969 3562 2036 σημεῖον

1983 2051 2142 2103 τοῦτο
2171 2052 2324 2106 ἕσται
2359 2055 2504 2124 ὑμῖν,
2539 2056 2622 2108 ὅτι
2647 2058 2710 2126 δὴ
2739 2059 2957 2124 πάντως
2985 2062 3049 2114 ἐκ
3082 2063 3179 2128 τῆς
3205 2061 3342 2129 ἐμῆς
3371 2060 3562 2120 οὐσίας

1982 2143 2043 2196 τὸ
2076 2144 2300 2214 Πνεῦμά
2329 2146 2464 2213 ἐστι,
2518 2152 2612 2200 καὶ
2654 2144 2763 2202 οἷον
2800 2152 2930 2221 ἐμός
2974 2153 3090 2204 ἐστι
3115 2151 3260 2214 νοῦς,
3305 2150 3365 2203 τὸ
3409 2151 3560 2220 ἐρεῖν

1983 2237 2147 2289 αὐτὴν
2179 2239 2248 2291 τὰ
2294 2237 2566 2305 ἐσόμενα,
2602 2240 2854 2313 καθάπερ
2903 2243 3378 2312 ἐγώ.1]ροείρηκα
3426 2242 3560 2309 γὰρ,

1983 2329 2032 2380 εί
2059 2329 2152 2380 καὶ
2183 2327 2258 2400 μὴ
2290 2329 2579 2399 δεδύνησθε
2614 2334 2790 2387 πάντα
2830 2334 3043 2404 μαθεῖν.
3074 2336 3190 2388 Οὐκ
3210 2333 3276 2387 ἂν
3310 2327 3402 2386 οῦν
3427 2333 3558 2402 ἄρα,

1983 2420 2237 2491 καθάπερ
2271 2421 2401 2489 ἐγὼ,
2442 2427 2668 2494 προερεῖ
2697 2425 2764 2478 τὰ
2787 2427 3041 2495 ἐσόμενα,
3074 2427 3150 2496 μὴ
3183 2426 3304 2495 οὐχὶ
3339 2426 3562 2486 πάντως

1983 2515 2042 2564 ἐν
2071 2512 2195 2580 ἐμοί
2226 2529 2286 2565 τε
2321 2513 2586 2583 ὑπάρχον,
2617 2517 2712 2569 καὶ
2734 2517 2802 2568 δι’
2831 2517 2967 2587 ἐμοῦ
3015 2517 3224 2586 προῖόν.
3267 2535 3286 2567 ι

2067 2605 2125 2656 Ὀ
2157 2605 2319 2669 αὐτὸς
2341 2610 2421 2670 είς
2443 2607 2505 2660 τὺ
2530 2607 2669 2661 κατὰ
2715 2609 2967 2678 Ἰωάννην
2999 2611 3074 2662 ἐνι
3095 2608 3174 2679 τῷ
3204 2609 3246 2661 δ’
3280 2587 3471 2679 βιῦλίῳ
3501 2611 3561 2663 ἐν

1982 2694 2261 2766 κεφαλαίῳ
2292 2695 2383 2766 ιη’,
2403 2698 2482 2760 είς
2503 2698 2562 2750 τὸ
2593 2699 2756 2768 ῥητὸν
2791 2700 2870 2764 τὸ,
2908 2718 2926 2751 ι
2960 2700 3156 2763 Καθὼς
3190 2702 3472 2755 ἀπέστειλέ
3493 2720 3562 2771 με

1981 2788 2008 2838 ό
2040 2786 2147 2850 ζῶν
2178 2787 2386 2858 Πατὴρ,
2416 2789 2571 2855 κάγὼ
2618 2789 2696 2854 ζῶ
2718 2791 2806 2844 διὰ
2836 2792 2926 2844 τὸν
2974 2793 3214 2862 Πατέρα.
3251 2812 3269 2844 ι
3319 2795 3407 2856 Ὠς
3449 2796 3561 2866 γὰρ

1982 2879 2097 2946 φῶς
2121 2880 2184 2931 ἐκ
2212 2881 2388 2947 φωτὸς
2417 2879 2556 2934 εἶναι
2591 2882 2832 2949 λέγεται,
2863 2883 3004 2937 οὕτω
3030 2886 3124 2937 καὶ
3146 2885 3259 2954 ζωὴ
3292 2887 3356 2938 ὲκ
3379 2885 3524 2955 ζωῆς
3543 2902 3560 2916 ⁶

1982 2971 2076 3022 καὶ
2109 2969 2298 3040 ὥσπερ
2327 2972 2396 3025 τὰ
2427 2975 2607 3042 φωτὸς
2647 2975 2878 3043 δεόμενα
2931 2975 3160 3043 φωτίζει
3201 2977 3230 3028 ό
3274 2977 3406 3038 Θεὸς
3465 2979 3562 3030 καὶ

1984 3062 2170 3132 Πατὴρ
2198 3064 2286 3118 διὰ
2308 3064 2484 3132 φωτὸς
2514 3065 2643 3118 ἰδίου
2662 3065 2756 3119 τοῦ
2781 3066 2936 3129 Υίοῦ,
2964 3069 3058 3122 καὶ
3083 3070 3237 3136 σοφοῖ
3261 3069 3330 3122 τὰ
3364 3071 3562 3138 σοφίας

1981 3152 2224 3217 δεκτικὰ,
2242 3154 2318 3218 ὡς
2358 3155 2444 3209 διὰ
2491 3157 2681 3224 σοφίας
2724 3157 2880 3221 ἰδίας,
2910 3161 3004 3212 καὶ
3027 3161 3262 3229 δυναμοῖ
3303 3158 3371 3212 τὰ
3400 3160 3564 3212 δυνά-

1992 3264 2136 3314 μεως
2162 3247 2432 3318 χρῄζοντα
2472 3248 2545 3311 ὡς
2575 3249 2660 3301 διὰ
2699 3249 2987 3320 δυνάμεως
3029 3252 3193 3305 πάλιν
3227 3250 3385 3315 ιδίας,
3415 3249 3562 3302 οὕτω

1986 3337 2244 3401 ζωοποιεῖ
2290 3338 2360 3391 τὰ
2399 3340 2499 3392 ὅσα
2533 3340 2638 3404 πέρ
2670 3343 2788 3393 ἐστι
2823 3342 2922 3411 τῆς
2951 3342 3083 3412 παρ’
3110 3341 3278 3394 αὑτοῦ
3325 3342 3562 3411 δεόμενα

1986 3429 2130 3496 ζωῆς
2167 3429 2256 3481 διὰ
2312 3429 2456 3497 ζωῆς
2505 3429 2660 3494 ιδίας,
2691 3431 2784 3484 καὶ
2841 3430 2903 3495 ἐξ
2945 3430 3110 3485 αὐτοῦ
3158 3432 3562 3502 προχεομένης,

1984 3519 2234 3572 τουτέστι
2264 3521 2358 3573 τοῦ
2390 3521 2542 3574 Υἱοῦ.
2584 3541 2602 3573 ι

2070 3611 2131 3663 '0
2167 3611 2329 3674 αὐτὸς
2373 3613 2454 3675 είς
2499 3613 2582 3678 τὺ,
2620 3633 2638 3664 ι
2683 3615 2920 3676 Ἐκεῖνος
2967 3613 3065 3682 ἐμὲ
3108 3614 3342 3680 δοξάσει,
3372 3614 3457 3668 ὅτι
3497 3615 3563 3666 ἐκ

1986 3700 2082 3752 τοῦ
2104 3700 2237 3769 ἐμοῦ
2271 3701 2520 3770 λήψεται,
2557 3721 2575 3753 ι
2605 3703 2802 3772 φησίν
2844 3721 2862 3753 ι
2902 3701 3125 3766 Δοξάζει
3151 3701 3442 3772 τοιγαροῦν
3472 3702 3564 3753 τὸν

1988 3793 2117 3845 Υἱὸν
2147 3794 2174 3844 ὁ
2195 3794 2570 3864 Παράκλητος,
2588 3795 2836 3847 τουτέστι
2866 3795 2927 3847 τὸ
2951 3794 3080 3846 ἴδιον
3111 3792 3278 3846 αὐτοῦ
3314 3793 3564 3859 Πνεῦμα,

1989 3886 2164 3939 πάντα
2223 3885 2429 3956 ἰσχύον,
2466 3886 2563 3939 καὶ
2598 3887 2776 3939 πάντα
2833 3887 2992 3947 είδός.
3045 3885 3270 3949 Δοξάζει
3309 3884 3366 3937 δὲ
3407 3885 3564 3947 πῶς;

1996 3980 2062 4030 Ἀ
2103 3977 2209 4048 γὰρ
2238 3976 2348 4031 οἶδε
2378 3979 2472 4030 καὶ
2500 3977 2727 4031 δύναται
2773 3978 2835 4030 τὺ
2900 3977 3125 4047 Πνεῦμα
3156 3977 3322 4030 αὑτοῦ
3351 3977 3468 4038 πῶς
3503 3976 3568 4028 ἂν

1990 4070 2153 4133 αὐτὸς
2185 4070 2285 4122 οὐκ
2317 4069 2483 4138 είδοίη
2519 4069 2717 4138 τυχόν;
2751 4069 2784 4138 ἢ
2819 4072 2935 4130 πῶς
2962 4070 3062 4121 οὐκ
3098 4069 3164 4122 ἂν
3196 4068 3414 4122 δύναιτο
3439 4085 3451 4133 ;
3475 4069 3570 4120 καὶ

1989 4164 2060 4225 εί,
2096 4161 2348 4232 καθάπερ
2395 4161 2558 4224 αὑτός
2620 4179 2788 4229 φησιν
2815 4202 2830 4226 ,
2871 4161 2932 4224 ἐξ
2989 4161 3153 4214 αὑτοῦ
3206 4160 3479 4229 λαμϐάνει
3509 4162 3572 4212 τ’)

1992 4253 2240 4322 Πνεῦμα,
2279 4254 2458 4306 καίτοι
2491 4253 2897 4328 πάνταίίσχύον
2955 4255 3048 4305 καὶ
3097 4253 3426 4322 κατορθοῦν,
3451 4252 3572 4314 πῶς

1991 4345 2058 4398 ἂν
2089 4344 2250 4408 αὐτὸς
2277 4347 2377 4399 οὐκ
2408 4346 2520 4416 ἐχοι
2541 4347 2602 4399 τὸ
2631 4346 2716 4416 ἐφ’
2739 4347 2942 4400 ἅπασιν
2978 4347 3236 4416 ίσχυρόνς
3264 4346 3574 4412 ’Υποτοπη-

1991 4437 2110 4491 τέον
2139 4437 2194 4490 δὲ
2214 4438 2462 4509 οὐδαμῶς
2482 4439 2661 4509 ίσχύος
2695 4441 2882 4494 ἐπιδεᾶ
2897 4442 2993 4510 τῆς
3020 4440 3261 4510 ἐμφύτου
3291 4439 3385 4491 καὶ
3413 4456 3574 4508 φυσιο

309 4534 417 4587 hoc
443 4541 528 4587 est
557 4532 844 4601 Spiritum,
884 4531 1113 4600 preprize
1146 4531 1410 4585 naturalis
1452 4530 1757 4598 innatacqus
1789 4544 1885 4598 po-

1993 4531 2096 4598 κῆς
2117 4530 2448 4585 καθεστάναι
2467 4532 2560 4584 τὸν
2577 4533 2952 4603 Παράκλητον,
2974 4534 3218 4586 τουτέστι
3243 4533 3303 4585 τὺ
3323 4531 3570 4599 Πνεῦμα,

316 4626 499 4678 tentia}
532 4623 776 4691 indigum
815 4636 936 4675 esse
966 4639 979 4674 :
1015 4623 1149 4675 adeo
1192 4629 1270 4684 ut,
1297 4622 1342 4675 si
1371 4635 1476 4674 non
1523 4621 1752 4688 accipiat
1779 4634 1885 4672 non

310 4715 487 4782 possit
512 4713 628 4781 ipse
651 4729 715 4766 ex
751 4728 809 4766 se
857 4713 972 4779 ipso
1001 4713 1068 4767 ad
1106 4729 1286 4768 rerum
1333 4713 1662 4776 divinarum,
1692 4727 1885 4779 opera-

311 4808 513 4859 tionem
542 4803 888 4872 perl‘ectivam
935 4805 1140 4874 aliquid
1191 4803 1461 4859 conferre.
1514 4802 1627 4857 Sed
1655 4804 1890 4870 quicun-

313 4912 420 4964 que
452 4897 568 4951 hzec
603 4896 684 4949 vel
737 4905 917 4950 mente
959 4907 1117 4951 tenus
1157 4897 1398 4966 cogitare
1435 4911 1560 4947 vera
1611 4909 1751 4948 esse.
1784 4896 1890 4947 im-

314 4987 531 5058 pietatis
564 5002 728 5056 quam
761 4988 1009 5041 maximae
1041 4989 1250 5042 crimen
1299 4985 1549 5040 subierit.
1599 4988 1734 5038 Cum
1763 5000 1890 5040 vero

313 5079 800 5134 consubstantialis
834 5079 903 5133 sit
926 5077 1086 5139 Filio,
1120 5088 1172 5132 et
1202 5085 1418 5131 emanat
1447 5076 1628 5132 divina
1657 5076 1890 5146 quadam

314 5171 526 5225 ratione
559 5185 654 5239 per
687 5170 888 5239 ipsum,
921 5183 1138 5223 omnem
1187 5168 1307 5237 cjus
1362 5169 1566 5224 habens
1613 5169 1890 5231 virtutem,

317 5272 371 5318 et
422 5263 878 5333 perfectissimam
932 5261 1329 5330 operationem,
1397 5273 1679 5332 propterea
1737 5261 1892 5325 dicit,

324 5372 342 5402 ‹
378 5352 452 5406 De
501 5368 623 5407 meo
680 5351 931 5419 accipiet.
974 5369 990 5399 ι
1055 5350 1353 5406 Persislerc
1419 5366 1653 5419 namque
1683 5353 1786 5419 per
1835 5365 1894 5404 se

319 5444 580 5511 Spiritum
634 5443 930 5507 credimus,
969 5457 1198 5512 esseque
1261 5458 1318 5497 re
1360 5458 1504 5505 vera,
1554 5443 1696 5511 quod
1727 5453 1812 5496 est
1844 5451 1896 5494 et

321 5527 517 5589 dicitur
547 5555 560 5589 :
593 5547 796 5589 etcum
827 5533 958 5588 insit
1016 5534 1069 5588 in
1119 5535 1422 5590 substantia
1473 5534 1586 5596 Dei,
1649 5545 1892 5595 emanat,

322 5640 483 5696 atque
514 5628 858 5697 progreditur
886 5646 952 5685 ex
989 5632 1100 5694 illa,
1126 5631 1309 5685 omnia
1342 5629 1488 5683 illius
1515 5629 1565 5682 in
1600 5627 1892 5695 semetipso

388 5788 430 5820 '°'
465 5791 622 5842 qun.
656 5788 712 5854 ϐ,
745 5787 832 5841 58.
914 5791 953 5816 ²¹¹
978 5787 1133 5842 Juau.
1170 5805 1276 5844 xu.
1314 5788 1399 5840 li.

1991 4622 2066 4685 ὡς
2095 4623 2143 4674 εί
2179 4623 2253 4692 μὴ
2283 4622 2445 4676 λαϐὸν
2476 4623 2626 4692 τύχοι
2654 4622 2777 4693 μηδ’
2814 4623 2880 4677 ἂν
2909 4625 3224 4694 ἐξαρκέσειν
3251 4623 3413 4676 αὐτὸν
3440 4623 3576 4674 ἐαυ-

1991 4714 2068 4782 τῷ
2101 4713 2363 4766 δύνασθαι
2416 4715 2553 4782 πρὸς
2608 4715 2707 4783 τὴν
2753 4716 2862 4768 τῶν
2918 4715 3078 4768 θείων
3128 4713 3575 4784 κατορθωμάτων

1993 4804 2270 4872 ἐνέργειαν
2291 4805 2731 4874 ἁποτελεστικήν.
2755 4806 3079 4870 Δυσσεϐείας
3095 4807 3201 4878 γὰρ
3219 4808 3400 4875 eme;
3426 4807 3575 4860 ἁπα-

1998 4895 2104 4947 σῶν
2143 4896 2379 4966 ἐσχάτης
2429 4897 2722 4966 ὑπομεῖναι
2756 4902 3010 4968 γραφὴν,
3053 4900 3148 4952 καὶ
3176 4899 3382 4967 σφόδρα
3425 4898 3576 4949 εἰκό-

1995 5003 2126 5050 τως,
2167 4989 2194 5040 ό
2232 4990 2323 5040 καὶ
2362 4988 2524 5056 μόνον
2560 4988 2766 5054 οἰηθεὶς
2823 4989 3023 5058 ἀληθές
3073 5007 3123 5041 τι
3165 4989 3272 5041 τῶν
3313 4989 3576 5040 τοιούτων

1999 5074 2137 5130 εἶναι
2175 5079 2301 5147 περὶ
2354 5079 2538 5143 αὑτοῦ,
2594 5080 2811 5149 Ἐπειδὴ
2851 5080 2905 5132 δέ
2936 5081 3221 5148 ὀμοούσιόν
3245 5095 3305 5134 τε
3349 5081 3466 5131 ἐστὶ
3494 5079 3576 5148 τῷ

2004 5169 2136 5237 Υἱῲ,
2170 5169 2265 5220 καὶ
2292 5170 2503 5235 πρόεισι
2536 5171 2856 5241 θεοπρεπῶς
2875 5172 2942 5224 δι’
2973 5167 3160 5234 αὐτοῦ,
3197 5172 3374 5223 πᾶσαν
3406 5169 3574 5222 αὑτοῦ

1995 5261 2095 5330 τὴν
2149 5264 2233 5329 ἐφ’
2284 5261 2457 5314 ἅπασι
2509 5263 2849 5334 τελεωτάτην
2905 5264 3026 5331 ἕχον
3076 5263 3357 5333 ἐνέργειαν
3390 5280 3447 5315 τε
3479 5264 3576 5314 καὶ

1996 5351 2341 5420 δύναμιν,διὰ
2359 5353 2515 5408 τοῦτό
2537 5373 2699 5424 φησιν
2724 5357 2826 5420 ὅτι,
2855 5374 2874 5407 ι
2899 5357 2994 5408 Ἐκ
3019 5355 3112 5408 τοῦ
3128 5356 3261 5425 ἐμοῦ
3284 5355 3570 5424 λήψεται.»

2010 5444 2336 5513 Ὺφεστόιναι
2367 5447 2476 5518 γὰρ
2507 5449 2635 5500 αὐτὸ
2674 5449 2795 5501 καθ’
2821 5449 2982 5502 ἐαυτδ
3010 5450 3068 5502 τὸ
3096 5449 3323 5519 Πνεῦμα
3349 5447 3575 5500 πιστεύ-

1997 5554 2150 5603 ομεν,
2185 5533 2324 5590 εἷναί
2369 5556 2428 5590 τε
2485 5539 2624 5592 κατὰ
2672 5539 2932 5610 ἀλήθειαν
2975 5540 3120 5594 τοῦθ’
3145 5542 3285 5610 ὅπερ
3329 5541 3447 5592 ἐστὶ
3477 5538 3575 5592 καὶ

2002 5627 2237 5698 λέγεται,
2269 5630 2570 5699 ἐνυπάρχον
2613 5648 2672 5700 γε
2704 5633 2810 5702 μὴν
2840 5635 2902 5700 τῇ
2937 5632 3094 5703 οὐσίᾳ
3118 5631 3208 5684 τοῦ
3241 5632 3398 5692 Θεοῦ,
3438 5647 3575 5698 7:90—
