3958 6418
158 502 163 507 ,
237 428 331 494 661

1644 418 2130 482 EPIGRAPHE.

3372 412 3499 476 662'

236 547 434 603 κόπτει
486 561 545 598 τε
602 543 695 597 καὶ
737 542 985 612 πρόεισιν
1013 537 1075 604 ἐξ
1096 537 1267 608 αὑτῆς
1302 535 1482 590 πάντα
1508 535 1577 588 τά
1631 533 1802 601 αὐτῆς

1916 530 2223 586 naturaliter
2263 530 2485 584 habens.
2529 527 2647 583 Non
2708 532 2853 583 enim
2904 521 3336 596 participatione,
3382 537 3478 579 aut

234 638 356 710 ἔχον
385 638 443 689 ἐν
469 635 647 701 ἐαυτῷ
678 634 945 710 φυσικῶς.
993 632 1068 686 Οὐ
1099 632 1209 700 γὰρ
1245 627 1390 683 κατά
1422 626 1660 698 μέθεξιν,
1688 625 1803 680 ἀλλ’

232 706 353 786 οῦδὲ
384 727 525 781 κατά
570 726 771 797 τρόπον
787 706 1073 796 ᾍχετικδν,
1109 721 1225 776 ἀλλ’
1267 723 1367 791 οὐχ
1412 720 1488 783 ὡς
1527 721 1716 792 ἕτερον
1746 720 1807 773 ὂν

235 819 369 888 παρ’
396 817 591 886 αὐτὴν,
624 817 858 885 ἐπείπερ
889 816 1037 868 ἐστὶν
1066 814 1198 869 ἴδιον
1241 812 1434 883 αὐτῆς.
1462 810 1668 882 ’Ὀνπερ
1695 811 1807 882 γὰρ

232 910 434 983 τρόπον
495 911 528 979 ἡ
602 911 668 963 ἐκ
734 909 846 962 τῶν
907 907 1291 976 εύοσμοτάτων
1342 904 1551 960 ἀνθέων
1608 904 1809 959 εὐωδία

230 999 476 1055 λαϐοῦσα
518 999 724 1069 τρόπον
747 998 867 1052 τινά
895 998 1003 1051 τῶν
1034 997 1345 1068 προσόντων
1375 996 1558 1059 αὐτοῖς
1594 996 1696 1064 τὴν
1718 996 1807 1049 οὐ-

235 1090 401 1160 σιώδη
432 1090 525 1144 καὶ
554 1089 790 1159 φυσικήν
818 1089 1125 1157 ἐνέργειαν,
1156 1089 1276 1159 ἤτοι
1307 1089 1590 1157 ποιότητα.
1619 1088 1804 1141 διακο-

236 1180 381 1251 μίζει
411 1184 524 1244 τοῖς
552 1181 656 1244 ἐξω
701 1180 798 1248 τὴν
841 1181 1229 1248 γνῶσιν,⁷τοῖς
1279 1180 1666 1252 δσφραντικοῖς
1712 1178 1807 1233 τοῦ

234 1274 486 1340 σώματος
526 1260 740 1342 μορίοις
775 1270 1144 1340 ἐμπίπτουσα,
1170 1273 1268 1325 καὶ
1324 1271 1477 1325 δοκεῖ
1506 1271 1609 1340 μέν
1650 1286 1803 1333 πως,

230 1365 357 1417 δτον
379 1357 515 1435 ἧκεν
549 1365 630 1427 είς
658 1365 907 1426 ἐπινοίας
958 1363 1139 1431 λόγον,
1179 1364 1341 1434 ἑτέρα
1370 1355 1453 1426 τις
1483 1359 1623 1417 εἶναι
1659 1365 1809 1432 παρά

231 1455 332 1525 τὴν
359 1455 692 1522 πέμπουσαν
734 1453 903 1524 αὐτὴν
934 1454 1097 1522 φύσιν
1116 1492 1133 1517 ,
1163 1454 1428 1522 νοουμένη
1482 1469 1548 1521 γε
1587 1453 1693 1523 μὴν
1715 1453 1803 1506 ού-

230 1548 350 1600 κέτι
395 1545 521 1600 καθ’
548 1545 749 1618 ἑαυτὴν
790 1546 988 1614 ὲτέραν
1033 1544 1146 1616 ἔχει
1183 1545 1369 1612 φύσιν,
1403 1544 1437 1615 ἢ
1484 1544 1593 1597 τῶν
1635 1543 1704 1608 ἐξ
1729 1536 1809 1597 ὧν

229 1638 329 1691 καὶ
362 1638 420 1691 ἐν
446 1633 527 1702 οἷς
556 1638 735 1691 ἐστιν’
758 1637 903 1693 οὕτω
927 1640 1140 1709 νοήσεις
1159 1639 1251 1691 ἐπί
1276 1653 1335 1691 τε
1366 1635 1500 1689 Θεοῦ
1531 1635 1623 1690 καὶ
1653 1635 1808 1703 ἁγίου

231 1728 575 1796 Πνεύματος,
597 1730 689 1782 τὸν
709 1729 803 1783 τοῦ
829 1729 1272 1799 παραδείγματος
1291 1728 1599 1782 ἀναϐαίνων
1627 1726 1806 1794 λόγον.

239 1819 685 1890 Ἀκατηγόρητον
741 1821 834 1874 οῦν
876 1821 986 1889 ἀρα
1029 1820 1342 1883 παντελῶς,
1392 1820 1488 1872 καλ¹
1540 1819 1808 1889 λοιδορῇις

228 1911 452 1975 ἀπάσης
483 1910 601 1976 ἐξω·
645 1911 929 1974 κείσεται,
958 1911 1019 1964 τδ
1050 1910 1231 1964 λαϐεῖν
1273 1910 1528 1979 λέγεσθαί
1571 1928 1624 1964 τι
1658 1911 1810 1979 παρά

230 1999 326 2054 τοῦ
370 1999 708 2067 Μονογενοῦς
750 2001 812 2054 τὸ
848 2001 1071 2070 Πνεῦμα
1115 2001 1302 2057 αύτοῦ.
1355 2002 1553 2072 Προῖδν
1598 2002 1708 2072 γὰρ
1742 2001 1813 2054 δι’

229 2092 399 2146 αὐτοῦ
448 2093 696 2159 φυσικῶς
742 2094 819 2155 ὡς
875 2093 1008 2146 ἴδιον
1061 2093 1228 2148 αὐτοῦ
1283 2094 1421 2163 μετὰ
1476 2094 1697 2149 πάντων
1735 2086 1814 2148 ὧν

232 2182 344 2252 ἔχει
375 2181 619 2245 τελείως,
654 2183 956 2253 λαμϐάνειν
985 2182 1207 2252 λέγεται
1237 2185 1308 2239 τὰ
1340 2184 1530 2241 αὐτοῦ.
1572 2203 1592 2237 ι

316 2274 378 2328 Ὀ
405 2276 570 2340 αὐτὸς
597 2277 676 2339 εις
705 2277 788 2339 τὸ,
847 2295 867 2329 ι
913 2277 1098 2332 Πάντα
1122 2277 1223 2331 ὅσα
1251 2276 1366 2348 ἔχει
1422 2280 1451 2332 6
1485 2278 1675 2349 Πατὴρ
1704 2278 1813 2348 ἐμά

232 2366 388 2429 ἐστὶ,
420 2365 518 2420 καὶ
557 2367 646 2420 διά
698 2366 856 2420 τοῦτο
906 2363 1062 2422 εἷπον
1113 2367 1244 2438 ὑμῖν
1287 2369 1371 2422 ὅτι
1409 2371 1476 2423 ἐκ
1532 2367 1628 2422 τοῦ
1675 2369 1811 2439 ἐμοῦ

232 2456 527 2526 λαμϐάνει,
548 2458 646 2512 καὶ
660 2459 952 2528 ἀναγγελεῖ
980 2459 1130 2530 ύμῖν,
1159 2478 1179 2512 ι
1207 2459 1343 2531 φησί
1359 2499 1373 2515 .
1418 2478 1438 2512 ι
1472 2461 1813 2532 Χαρακτῆρα

234 2548 403 2602 πάλιν
454 2549 721 2621 εἰλικρινῆ
767 2567 829 2604 τε
898 2552 993 2605 καὶ
1045 2550 1437 2621 ἀκριϐέστατον
1456 2552 1554 2622 τῆς
1572 2552 1813 2606 ὑποστά-

234 2653 377 2703 σεως
406 2639 503 2693 τοῦ
544 2641 761 2710 Πατρδς
794 2640 990 2696 ἑαυτὸν
1035 2641 1167 2710 ύμῖν
1196 2641 1299 2695 κάν
1329 2641 1543 2704 τούτοις
1571 2636 1631 2696 εὖ
1668 2642 1813 2712 μάλα

232 2731 470 2803 δέδειχεν
490 2732 520 2786 6
562 2734 711 2797 Υῐδς,
742 2735 931 2789 διδωσί
963 2752 1022 2788 τε
1046 2734 1115 2788 δι’
1146 2731 1223 2789 ὧν
1265 2734 1371 2806 ἔφη
1397 2737 1541 2789 νοεῖν
1563 2735 1646 2789 ὅτι
1675 2752 1813 2805 καρ-

236 2822 340 2886 πὸς
374 2825 620 2895 ὕπάρχον
663 2826 765 2894 τῆς
809 2826 1001 2890 οὐσίας
1051 2825 1248 2890 αὑτοῦ,
1284 2827 1464 2880 πάντα
1512 2826 1584 2880 τά
1641 2827 1814 2895 αὐτῆς

234 2914 381 2968 κατά
407 2914 569 2983 φύσιν
603 2916 894 2984 ἐπάγεται,
926 2917 1039 2972 ἴδιά
1078 2935 1143 2971 τε
1187 2914 1329 2971 εἶναι
1358 2935 1516 2989 φησι,
1547 2918 1643 2972 καὶ
1667 2918 1813 2987 μάλα

233 3004 487 3067 εἰκότως.
519 3007 916 3077 Διατέμνοντος
946 3007 1057 3080 γὰρ
1078 3048 1092 3072 ,
1124 3009 1244 3079 ἦτοι
1273 3009 1578 3071 διιστάντας
1598 3008 1812 3072 οὐδενὸς

232 3097 317 3157 εἰς
344 3095 738 3167 ἀλλοτριότητα
765 3098 860 3152 τοῦ
891 3101 1106 3169 Πατρος
1135 3101 1229 3154 τὸν
1261 3100 1390 3154 Υίὸν
1420 3101 1542 3155 ὅσον
1568 3096 1705 3173 ἧκεν
1734 3100 1815 3164 εἰς

234 3185 296 3238 τὸ
348 3189 495 3241 κατὰ
529 3189 638 3242 πᾶν
669 3189 850 3243 ὁτιοῦν
893 3190 1079 3257 ὅμοιόν
1111 3208 1173 3244 τε
1211 3190 1308 3246 καὶ
1336 3191 1451 3245 ἴσον
1484 3192 1606 3263 δίχα
1648 3192 1809 3262 μόνου

234 3276 332 3332 τοῦ
387 3274 530 3332 εἶναι
573 3280 820 3353 Πατέρα,
851 3282 1270 3352 διαλαμπούσης
1312 3301 1371 3336 τε
1399 3285 1498 3355 τῆς
1539 3284 1731 3349 οὐσίας
1751 3285 1809 3338 ἐν

232 3371 444 3438 ἀμφοῖν
465 3371 564 3443 οὐχ
591 3374 979 3443 ὲτεροτρόπως,
998 3374 1117 3439 πῶς
1140 3376 1240 3429 οὐκ
1269 3373 1337 3429 ἂν
1358 3371 1470 3429 εἶεν
1494 3376 1595 3447 ἤδη
1630 3379 1808 3444 κοινά,

236 3462 442 3531 μᾶλλον
474 3463 530 3517 δέ
568 3466 739 3518 ταυτά
771 3467 829 3520 ἐν
858 3468 1081 3536 ἀμφοῖν,
1112 3466 1188 3529 ὥς
1219 3463 1357 3523 εἶναι
1383 3468 1480 3538 μὲν
1510 3469 1568 3523 ἐν
1595 3469 1711 3540 Υἱῷ
1739 3470 1810 3524 τά

234 3553 333 3607 τοῦ
373 3555 619 3627 Πατρδς,
646 3556 706 3610 ἐν
733 3557 789 3611 δέ
816 3557 896 3628 τῷ
923 3557 1136 3613 τεκόντι
1179 3558 1248 3613 τὰ
1297 3559 1391 3612 τοῦ
1431 3561 1807 3632 γεννήματος;

235 3646 337 3699 Διά
353 3648 466 3717 γὰρ
484 3646 666 3711 τοῦτο,
697 3648 947 3721 καθάπερ
971 3650 1210 3721 ἐγῷμαι,
1231 3652 1369 3720 μετά
1396 3652 1646 3723 δριμείας
1664 3652 1810 3715 τινὸς

231 3738 334 3801 τῆς
369 3737 773 3808 ἐπιτηρήσεως,
802 3741 929 3802 τοῦς
952 3741 1080 3810 περὶ
1106 3742 1310 3796 τούτων
1337 3745 1470 3813 ἡμῖν
1519 3745 1811 3816 ἐποιήσατο

232 3826 449 3894 λόγους,
464 3829 608 3899 Ἔφη
642 3829 772 3901 γὰρ,
809 3833 904 3901 οὐχ
943 3833 1025 3886 ὅτι
1060 3833 1238 3888 πάντα
1271 3835 1371 3887 ὅσα
1398 3834 1513 3905 ἔχει
1540 3836 1568 3886 6
1596 3834 1806 3905 Πατὴρ.

233 3921 342 3991 ἔχω
367 3920 526 3988 κάγὼ
570 3935 585 3950 '
624 3920 712 3975 ἵνα
763 3921 838 3992 μὴ
871 3921 1002 3994 ψιλή
1046 3937 1133 3987 τις
1182 3920 1347 3976 εἶκὼν
1376 3925 1410 3994 ἡ
1433 3925 1576 3979 κατὰ
1642 3923 1811 3996 μόνην

233 4028 354 4065 νοου
365 4011 503 4081 μένη
531 4011 630 4082 τὴν
657 4014 964 4078 ἰσοτυπίαν,
999 4016 1095 4068 καὶ
1123 4015 1239 4079 τοῖς
1271 4014 1470 4080 ἔξωθεν
1503 4014 1808 4086 ὡραῖσμοῖς

237 4104 650 4175 μεμορφωμὲνη
714 4106 903 4176 νοῆται
938 4106 1077 4177 πρὸς
1096 4106 1159 4160 τδ
1190 4106 1523 4176 ἀρχέτυπον,
1553 4106 1809 4178 καθάπερ

234 4190 326 4249 οῦν
376 4197 476 4250 καὶ
527 4198 691 4266 ἡμεῖς
735 4199 915 4261 αὐτοὶ,
977 4198 1279 4268 γενόναμεν
1327 4199 1439 4268 γὰρ
1469 4198 1596 4252 κατ’
1625 4198 1811 4253 εἰκόνα

236 4285 371 4340 Θεοῦ
400 4307 412 4318 ·
447 4287 566 4340 ἀλλ’
606 4287 738 4358 ἐμὰ,
771 4289 957 4359 φησὶν,
986 4289 1127 4353 ἐστὶ,
1160 4290 1264 4357 τὴν
1289 4291 1368 4353 εἰς
1395 4289 1567 4359 ἀκρον
1612 4288 1809 4343 ἕνωσιν

234 4379 296 4450 ἢν
327 4380 446 4455 ἔχει
469 4379 602 4448 πρὸς
627 4381 717 4435 τὸν
755 4381 1118 4451 γεννήταντα,
1151 4381 1248 4434 καὶ
1273 4381 1373 4450 τὴν
1393 4381 1492 4450 τῆς
1517 4381 1809 4452 ὁμοουσιό-

236 4486 397 4569 Ἔτος
436 4470 688 4540 δύναμιν,
717 4474 777 4525 ἐν
825 4472 1271 4543 ἀπαραλλάκτως
1307 4467 1475 4526 οὖσαν
1526 4475 1638 4533 τοῖς
1662 4471 1811 4527 1&6)-

236 4651 298 4705 ἂν
326 4653 459 4717 ἴδοις
491 4654 586 4707 καὶ
624 4655 772 4725 μάλα
805 4654 994 4723 σαφῶς
1022 4657 1083 4709 ἐν
1106 4655 1347 4725 ἑτέροις·
1376 4656 1623 4724 λέγοντα,
1664 4657 1805 4723 πρὸς

124 4765 133 4775 ·
158 4781 173 4793 .
234 4746 321 4799 τὸν
355 4746 598 4808 Πατέρα·
635 4764 655 4799 ι
691 4747 877 4801 Πάντα
900 4749 1007 4819 γὰρ
1039 4750 1108 4801 τὰ
1134 4748 1242 4817 ἐμὰ
1275 4749 1344 4802 σά
1371 4750 1488 4802 ἐστι
1519 4749 1616 4804 καὶ
1639 4747 1707 4801 τά
1733 4747 1822 4802 ca-

236 4832 363 4904 ἐμά.
389 4829 488 4898 Οἷς
520 4837 630 4906 γὰρ
651 4834 788 4899 ὅλως
814 4835 994 4889 ἔνεστι
1016 4836 1077 4888 τὸ
1097 4835 1417 4892 διαλλάττον
1448 4836 1621 4901 οὐδὲν,
1644 4837 1739 4890 καὶ
1771 4837 1806 4906 ἡ

237 4927 377 4979 κατά
405 4927 516 4979 πᾶν
555 4924 735 4979 ὁτιοῦν
761 4924 1248 4997 ούσιὼδηςίσότης
1275 4943 1335 4978 τε
1366 4926 1464 4978 καὶ
1511 4927 1815 4998 ἐμφέρεια,

238 5015 350 5079 πῶς
406 5014 508 5068 οὐκ
552 5015 619 5069 ἃν
657 5012 771 5069 εἷεν
793 5016 1310 5087 ταυτάτῄφύσεις
1352 5015 1510 5086 Ἔχει
1542 5017 1727 5071 τοίνυν
1778 5018 1816 5070 6

235 5104 361 5168 Θεὸς
387 5106 494 5161 καὶ,
516 5105 706 5178 Πατὴρ
737 5106 796 5174 ἐξ
825 5106 1020 5165 ἑαυτοῦ
1050 5125 1110 5167 τε
1144 5109 1241 5160 καὶ
1275 5107 1544 5177 ἐνέαμτῷ
1564 5108 1625 5166 τὸ
1665 5109 1819 5165 ἴδιον,

236 5195 482 5268 Πνεῦμα,
501 5200 752 5253 τουτέστι
774 5200 835 5252 τὸ
861 5199 1039 5268 ἅγιον,
1065 5199 1147 5254 δι’
1183 5193 1244 5254 οὗ
1276 5202 1391 5264 τοῖς
1423 5199 1602 5269 ἁγίοις
1640 5202 1808 5255 ἐναυτ

237 5283 440 5351 λίζεταί
462 5305 523 5342 τε
545 5288 642 5343 καὶ
664 5289 1038 5367 ἀποκαλύπτει
1062 5291 1343 5362 μυστήρια
1361 5329 1377 5355 ,
1415 5291 1518 5345 οὐκ
1579 5292 1640 5344 ἐν
1657 5291 1812 5357 τάξει

235 5382 296 5451 τῇ
321 5382 635 5453 ὑπουργικῇ
661 5382 879 5454 παραλα
889 5382 1096 5452 μὸανομ
1108 5381 1228 5436 ἐνου
1244 5382 1379 5451 πρὸς
1395 5381 1574 5448 τοῦτο,
1596 5381 1673 5453 μὴ
1699 5382 1767 5449 γὰ
1776 5399 1807 5454 ρ

239 5471 427 5542 οἰηθῇς
448 5488 502 5525 τι
533 5471 797 5535 τοιοῦτον.
823 5473 941 5528 ἀλλ’
974 5475 1031 5525 ἐν
1060 5474 1208 5543 αὑτῴ
1238 5490 1297 5525 τε
1319 5473 1470 5529 ὄντος
1501 5473 1803 5537 ούσιωδῶς,

238 5564 324 5614 καὶ
340 5563 401 5628 ἐξ
414 5563 582 5617 αὐτοῦ
599 5567 880 5634 προῖᾶντος
897 5564 1208 5634 ἀμερίστως
1224 5556 1281 5616 τε
1300 5566 1393 5617 καὶ
1408 5565 1803 5628 ἀδιαστάστως,

238 5649 302 5716 ὡς
324 5654 435 5708 iisti.
463 5672 523 5708 τε
543 5654 990 5728 διερμηνεύοντος
1008 5655 1076 5709 τὰ
1097 5659 1156 5708 ἐν
1170 5648 1217 5723 ᾧ
1245 5661 1335 5709 καὶ
1356 5655 1416 5721 ἐξ
1437 5649 1497 5708 οῦ
1511 5672 1607 5727 περ
1636 5658 1804 5710 ἐστιν.

314 5819 357 5845 ³ο
386 5814 539 5874 Ιυαιι.
577 5836 686 5885 xvu,
722 5820 806 5875 15.
888 5820 929 5852 ³⁸
961 5819 1116 5874 Joan.
1150 5836 1282 5888 xvn,
1328 5823 1406 5876 l0.

1909 623 2246 686 habitudine,
2296 636 2396 676 nec
2424 627 2485 675 ut
2505 618 2645 675 alius
2667 618 2736 673 ah
2778 617 2912 681 illa,‘
2961 616 3055 672 sed
3088 616 3165 670 uti
3220 617 3477 686 proprius

1908 714 2077 769 illius.
2104 711 2572 780 Quemadmodum
2619 709 2763 765 enim
2809 708 3001 763 ﬂorum
3059 706 3479 762 odoratissimo-

1905 820 2029 860 rum
2060 804 2242 861 suavis
2263 803 2420 865 odor,
2454 801 2615 855 modo
2636 800 2870 871 quodam
2901 786 3203 863 essentiali,
3231 812 3295 851 ac
3315 807 3479 852 natu-

1908 896 2031 957 rali.
2065 909 2189 964 quae
2220 893 2328 950 illis
2351 892 2610 953 adhmret.
2640 891 3030 962 operationem,
3084 900 3180 945 aut
3216 889 3478 959 qualitate

1907 995 2151 1055 accepta,
2202 984 2480 1041 extraneis
2524 982 2684 1039 oﬂ‘ert
2729 982 3094 1052 cognitionem
3146 981 3199 1036 in
3231 980 3478 1050 corporis

1908 1075 2176 1138 membra,
2207 1090 2329 1145 quae
2358 1073 2937 1137 olfactuideserviunt,
2965 1072 3235 1138 incidens,
3257 1078 3311 1127 et
3325 1068 3479 1126 vide-

1909 1176 2000 1222 tur
2027 1167 2268 1236 quidem,
2298 1173 2564 1236 quantum
2603 1164 2873 1220 humanus
2917 1163 3223 1219 intellectus
3282 1175 3479 1231 capere

1907 1264 2108 1328 potest,
2135 1257 2275 1311 alius
2299 1270 2421 1311 esse
2449 1255 2519 1311 ab
2539 1270 2626 1319 ea,
2665 1269 2786 1323 quae
2823 1255 2999 1326 ipsum
3034 1253 3233 1307 emittit
3276 1259 3477 1307 natura

1909 1347 2233 1413 introspecta
2272 1364 2287 1401 :
2321 1360 2453 1402 vero
2508 1347 2730 1409 mentis,
2781 1345 2900 1400 acie
2950 1344 3157 1399 nullam
3199 1341 3360 1397 aliam
3422 1342 3478 1395 in

1910 1438 2195 1505 semetipsa
2244 1445 2496 1491 naturam
2541 1435 2804 1500 continet,
2829 1447 2995 1504 quam
3039 1446 3230 1489 eorum
3263 1447 3328 1485 ex
3361 1432 3483 1501 qni—

1907 1528 2014 1582 hus
2042 1537 2126 1583 est
2151 1545 2166 1583 :
2195 1526 2309 1595 pari
2341 1526 2500 1580 modo
2527 1524 2596 1580 de
2621 1523 2733 1580 Deo
2761 1530 3066 1594 sanctoque
3092 1521 3296 1591 Spiritu
3318 1520 3493 1575 ratio-

1909 1621 2113 1683 cinare,
2146 1633 2312 1687 supra
2364 1618 2597 1687 exempli
2656 1615 2921 1671 rationem
2988 1624 3170 1669 mente
3207 1606 3478 1671 siihlatus.

1910 1709 2056 1765 Nihil
2089 1710 2255 1780 igitur
2304 1724 2531 1779 prorsus
2564 1706 2871 1763 detrahitur
2927 1705 3188 1775 Spiritus,
3226 1712 3282 1759 et
3314 1718 3483 1757 aCCII-c

1911 1802 2178 1857 sationem
2224 1815 2388 1871 supra
2432 1815 2648 1855 omnem
2679 1807 2782 1864 est,
2816 1797 2861 1853 si
2889 1793 3505 1873 concipiaturSpirit‘us-

1915 1895 2117 1964 aliquid
2152 1894 2221 1949 ab
2241 1891 2533 1962 Unigenito
2559 1892 2817 1961 accipere
2845 1907 2859 1945 :
2891 1903 3017 1943 nam
3047 1901 3172 1943 cum
3203 1900 3303 1955 per
3327 1884 3476 1937 illum

1913 1983 2660 2055 naturaliter-progrediatur,
2696 1996 2818 2038 cum
2844 1979 3120 2039 omnibus,
3168 1990 3290 2045 quae
3318 1974 3481 2029 abso-

1912 2077 2024 2132 lute
2054 2076 2238 2142 habet,
2265 2076 2504 2147 perfecte
2543 2074 2610 2130 ab
2632 2087 2698 2130 eo
2720 2086 2821 2130 sua
2841 2071 3039 2126 habere
3070 2066 3292 2124 dicitur.
3337 2083 3355 2116 ι

1982 2266 2127 2323 Idem
2164 2265 2218 2321 in
2248 2263 2381 2321 illud
2412 2279 2426 2318 :
2465 2281 2485 2316 ι
2531 2261 2725 2319 Omnia
2755 2272 3094 2331 quaecunque
3136 2254 3301 2311 habet
3327 2254 3489 2310 Pater

1916 2373 2032 2414 mea
2059 2366 2189 2413 sunt
2220 2375 2235 2413 :
2271 2362 2556 2432 propterea
2595 2353 2708 2408 dixi
2741 2351 2919 2417 vobis,
2971 2349 3101 2420 quia
3142 2347 3211 2403 de
3236 2361 3359 2401 meo
3390 2360 3488 2401 ae-
3556 2407 3569 2419 ι

1916 2450 2080 2520 cipiet
2127 2456 2183 2504 et
2239 2444 2588 2502 annuntiahit
2617 2438 3105 2511 vobis'°,sinquit:
3144 2456 3165 2491 ι
3196 2436 3489 2494 Characte-

1915 2557 2027 2598 rem
2056 2555 2253 2596 rursus
2285 2547 2535 2595 exactum
2567 2544 2732 2605 atque
2790 2534 3069 2590 sincerum
3127 2530 3489 2601 hypostaseos

1915 2645 2153 2706 paternae
2206 2633 2292 2687 his
2324 2645 2383 2687 se
2410 2628 2593 2686 verbis
2625 2623 3077 2682 Filius'ostendit
3105 2640 3121 2677 :
3158 2621 3492 2692 intelligem-

1913 2741 2022 2796 que
2047 2724 2175 2780 facit
2202 2738 2298 2794 per
2317 2734 2438 2793 qua:
2469 2718 2630 2782 dixit,
2668 2732 2793 2772 eum
2826 2715 2900 2772 sit
2931 2713 3144 2769 fructus
3167 2712 3490 2768 substantiae

1913 2815 2114 2879 Patris.
2147 2812 2331 2869 omnia
2387 2826 2510 2882 qua:
2545 2809 2667 2877 eius
2712 2815 2844 2864 sunt
2884 2805 3188 2862 secundum
3232 2809 3488 2857 naturam

1914 2907 2208 2971 attrahere,
2241 2907 2316 2960 ita
2338 2914 2399 2960 ut
2438 2902 2656 2973 proprie
2695 2913 2797 2956 sua
2841 2898 3034 2955 merito
3062 2898 3193 2958 sint,
3222 2902 3277 2950 et
3302 2892 3492 2966 appel-

1915 2999 2118 3056 lentur.
2150 2997 2288 3053 Cum
2318 2996 2467 3054 enim
2499 2994 2635 3050 nihil
2655 3009 2686 3049 a
2718 2994 2878 3049 Patre
2892 2990 3065 3046 Filius
3098 2988 3319 3060 penitus
3337 2984 3494 3040 dili'e-
3602 3013 3613 3023 -

1916 3102 2020 3157 rat,
2048 3105 2228 3162 neque
2251 3088 2320 3143 ab
2345 3102 2408 3144 ea
2435 3093 2628 3140 natura
2679 3085 2735 3139 in
2789 3083 2952 3138 aliam
3009 3080 3351 3143 traducatur,
3409 3084 3501 3139 est

1837 3181 1879 3240 C
1911 3182 1988 3237 illi
2022 3196 2118 3250 per
2145 3179 2328 3236 omnia
2355 3175 2549 3231 similis
2609 3182 2666 3230 et
2712 3172 2962 3243 aequalis,
3020 3169 3228 3240 absque
3264 3182 3331 3223 eo
3376 3165 3495 3225 solo

1919 3272 2066 3344 quod
2104 3271 2263 3327 Pater
2287 3270 2380 3326 sit.
2406 3269 2655 3337 Cumque
2678 3264 2734 3320 in
2761 3272 2999 3334 utroque
3023 3262 3211 3318 eadem
3234 3260 3499 3321 substan:

1918 3367 1991 3421 tia
2024 3364 2216 3421 eodem
2273 3362 2438 3418 modo
2460 3359 2801 3431 praefulgeat,
2851 3355 3275 3427 quomodonon
3332 3358 3532 3408 erunt,

1918 3453 2383 3521 communia,imo
2418 3466 2548 3507 vero
2575 3450 2763 3507 eadem
2809 3462 2947 3520 quae,
2968 3446 3024 3503 in
3058 3451 3496 3514 utroque-sunt;

1919 3554 1979 3600 ut
2004 3552 2342 3613 quaecunque
2381 3541 2437 3596 in
2467 3538 2628 3595 Patre
2661 3545 2811 3602 sunt,
2858 3535 3048 3593 eadem
3080 3534 3245 3591 etiam
3275 3533 3328 3587 in
3359 3529 3503 3589 Filio

1919 3638 2069 3694 sint?
2102 3635 2169 3692 Et
2192 3648 2533 3706 quaecunque
2558 3633 2614 3687 in
2638 3629 2777 3692 Fjlio
2811 3629 3019 3686 eadem.
3047 3626 3299 3682 similiter
3325 3624 3382 3680 in
3410 3639 3504 3693 gr-

1921 3740 2167 3788 nerante.
2210 3728 2358 3794 ideo,
2388 3737 2450 3784 ut
2484 3734 2768 3796 egorputo,
2793 3723 3222 3794 exquisitissime
3249 3730 3342 3776 .est
3366 3733 3557 3803 usus.

1918 3825 2189 3890 oratione,
2235 3823 2304 3878 de
2341 3821 2429 3880 his
2453 3832 2763 3878 sermonem
2784 3815 3025 3882 habens;
3055 3827 3294 3882 namque
3338 3810 3498 3873 dixit,

1917 3915 2039 3970 Non
2073 3924 2412 3983 quaecunque
2440 3908 2601 3964 habet
2636 3905 2796 3962 Pater
2809 3919 2920 3975 ego
2954 3903 3135 3959 habeo.
3166 3919 3181 3955 :
3221 3916 3290 3956 ne
3315 3899 3500 3968 imagq

1919 4006 2177 4079 quaedam,
2200 4004 2346 4066 nuda
2375 4011 2539 4073 atque
2577 3999 2786 4071 abiecta
2819 3995 3093 4057 intellectu
3118 4050 3123 4054 ,
3146 3992 3402 4052 formata,
3444 3997 3529 4042 et-

1918 4095 2285 4157 exterioribus
2309 4091 2644 4150 ornamentis
2668 4089 2924 4157 ﬁgurata,
2946 4085 3022 4156 ad
3061 4083 3391 4155 primitivum
3416 4091 3501 4151 ty:

1921 4204 2048 4259 pum
2079 4185 2478 4256 {concipiatur,
2516 4180 2971 4253 quemadmodum
3008 4192 3109 4231 nos
3149 4175 3273 4246 ipsi,
3306 4172 3397 4244 qui
3429 4171 3497 4225 ad

1921 4279 2210 4349 imaginem
2260 4275 2352 4330 Dei
2385 4273 2617 4329 formati,
2647 4285 2861 4335 sumus.
2901 4284 3026 4326 esse
3072 4267 3340 4322 videatur.
3393 4262 3498 4316 Sed

1922 4385 2039 4427 mea
2067 4377 2216 4435 sunt,
2248 4367 2358 4433 ait,
2391 4366 2728 4421 identitatem
2775 4359 3099 4418 substantiae
3150 4355 3502 4413 absolutissi-

1921 4477 2089 4525 mam,
2122 4474 2282 4528 quam
2315 4456 2477 4515 habet
2495 4470 2622 4525 erga
2650 4453 2893 4517 Patrem,
2916 4459 2971 4508 et
3018 4445 3503 4506 consubstantialis

239 4529 426 4628 ἴασιν,
482 4562 544 4613 ἐν
568 4529 771 4633 ἀμφοῖν
791 4563 879 4617 διά
910 4529 1104 4616 τούτου
1135 4529 1526 4633 παραδεικνύς.
1573 4529 1745 4618 Τοῦτο
1764 4564 1809 4618 δ’

1917 4553 2197 4616 virtutem,
2219 4550 2271 4603 in
2292 4546 2717 4621 proprietatibus
2738 4540 3284 4600 incommutabilibus
3315 4546 3502 4592 osten-

1921 4646 2077 4708 dens,
2105 4642 2249 4714 quod
2269 4642 2398 4696 alibi
2426 4639 2591 4695 etiam
2607 4640 2676 4694 ad
2700 4636 2918 4692 Patrem
2932 4648 3240 4691 sermonem
3258 4630 3503 4698 dirigens

1919 4738 2026 4799 ait;
2062 4734 2309 4789 «.Omnia
2342 4746 2460 4787 mea
2492 4742 2583 4786 tua
2616 4738 2764 4796 sunt,
2787 4736 2843 4784 et
2863 4738 2955 4784 tua
2988 4742 3108 4781 mea
3138 4725 3206 4780 “.
3244 4743 3262 4775 ι
3294 4723 3352 4778 ln
3383 4724 3504 4790 qui:

1920 4827 2025 4883 bus
2059 4827 2207 4885 enim
2242 4824 2388 4879 nulla
2422 4823 2732 4880 dill'erentia
2752 4828 2857 4887 est,
2887 4820 2981 4877 sed
3005 4816 3325 4876 substantiae
3347 4816 3504 4871 iden-

1923 4918 2053 4973 titas
2090 4918 2350 4980 maxima,
2390 4924 2445 4970 et
2497 4913 2783 4984 aequalitas
2814 4913 3092 4984 quomodo
3148 4911 3257 4966 illis
3312 4906 3505 4964 eadem

1919 5009 2106 5064 omnia
2135 5016 2331 5064 natura
2364 4999 2686 5063 nouerunt?
2724 5004 2896 5061 Habet
2919 5004 3065 5064 enim
3090 5002 3233 5061 Deus
3266 5010 3319 5056 et
3342 5001 3508 5054 Pater

1920 5117 1993 5157 ex
2043 5116 2166 5157 sese
2215 5110 2270 5155 et
2322 5100 2376 5154 in
2410 5114 2534 5155 sese
2575 5098 2837 5169 Spiritum
2877 5097 3181 5171 proprium,
3236 5094 3502 5163 Spiritum

1923 5208 2117 5263 nempe
2142 5199 2417 5259 sanctum,
2462 5205 2560 5261 per
2587 5206 2748 5262 quem
2777 5190 2833 5246 in
2879 5188 3087 5247 sanctis
3136 5185 3423 5244 inhabitat,
3453 5192 3510 5237 et

1925 5285 2184 5358 mysteria
2207 5284 2435 5348 revelat.
2504 5297 2611 5338 non
2645 5298 2709 5339 eo
2740 5289 2998 5351 tanquam
3031 5277 3284 5334 ministro
3349 5275 3415 5328 ad
3448 5273 3504 5328 id

1924 5387 2108 5441 utens,
2140 5375 2278 5432 nihil
2303 5375 2450 5431 enim
2480 5374 2588 5432 tale
2617 5372 2957 5442 conceperis,
3007 5369 3103 5424 sed
3138 5376 3196 5423 ut
3227 5382 3324 5437 per
3376 5379 3502 5418 cum

1917 5471 2009 5541 qui
2040 5470 2092 5524 in
2119 5469 2238 5538 ipso
2267 5475 2371 5532 est,
2395 5464 2846 5529 substantialiter,
2868 5472 2923 5518 et
2950 5479 3013 5516 ex
3041 5477 3107 5516 eo
3135 5455 3509 5528 inseparabili.

1918 5577 2001 5621 ter
2023 5572 2076 5619 et
2103 5561 2509 5618 iudivisibiliter
2537 5568 2775 5623 emanat,
2798 5564 2856 5612 et
2887 5555 2963 5610 uti
2992 5555 3207 5622 pmpria
3231 5552 3500 5620 interpre—

1918 5666 2061 5713 tatur
2109 5670 2197 5724 ea,
2234 5669 2353 5726 qum
2381 5662 2508 5710 sunt
2533 5649 2649 5723 ejus
2688 5648 2743 5705 in
2773 5663 2882 5719 quo
2913 5655 2994 5703 cst
3032 5662 3047 5701 :
3081 5660 3186 5700 nou
3230 5645 3374 5700 enim
3403 5641 3507 5697 alia
