3958 6414
363 397 567 459 667‘

1392 404 1605 465 JtlAN.
1646 403 1863 464 VECCI
1905 401 2016 461 CP.
2061 401 2577 464 PATRIARCIIIE

3513 401 3619 465 668

362 529 636 585 vernsque
668 517 866 573 divina:
895 533 1030 573 meae
1070 519 1377 586 potestatis,
1415 531 1470 576 et
1498 522 1552 574 in
1590 521 1789 574 virtute
1823 534 1931 573 ma-

2043 517 2245 582 ὲκεῖνος
2277 520 2623 589 μαρτυρήσει
2644 518 2771 588 περὶ
2800 517 2959 587 ὲμοῦυ
2990 515 3354 588 Μαρτορήσει
3380 514 3437 569 δὲ
3464 516 3617 581 πῶς;

362 606 667 672 gnitudinis
694 611 871 666 testis.
903 609 1137 679 Spiritus
1165 611 1312 666 enim
1352 627 1506 667 meus
1536 621 1641 676 est,
1684 614 1778 682 qui
1804 627 1937 682 ope-

364 706 519 751 ratur
575 699 633 753 in
687 702 865 768 vobis,
907 702 1003 757 sed
1049 702 1196 758 sicut
1247 717 1403 759 meus
1448 713 1556 771 est,
1604 704 1679 759 ita
1733 713 1789 759 et
1842 703 1935 761 Dei

364 783 566 843 Patris.
599 805 621 839 ι

432 1062 578 1121 Idem
621 1069 962 1138 expositione
1011 1071 1066 1127 in
1106 1070 1375 1129 Joannem
1427 1076 1482 1131 in
1533 1076 1711 1134 illud:
1745 1098 1765 1131 ι
1797 1079 1935 1135 Cum

357 1156 547 1228 itaque
569 1159 891 1219 Paracletus
920 1165 1154 1232 venerit,
1190 1184 1208 1218 ι
1243 1168 1319 1222 ait
1352 1186 1366 1222 :
1403 1187 1422 1221 ι
1454 1168 1595 1224 Ecce
1627 1170 1773 1225 enim
1808 1186 1938 1226 ecce

357 1251 625 1321 Spiritum
655 1257 925 1323 veritatis,
977 1259 1082 1316 hoc
1134 1270 1221 1317 est
1272 1262 1644 1334 suimctipsius
1683 1258 1936 1322 Paracle-

356 1354 474 1398 tutn
525 1344 837 1417 insinuans,
890 1364 959 1405 ex
1013 1350 1174 1407 Patre
1224 1369 1350 1407 cum
1389 1356 1688 1425 procedere
1748 1356 1935 1412 tradit.

355 1436 822 1499 Quemadmodum
851 1441 996 1496 enim
1025 1450 1109 1499 est
1129 1442 1367 1512 Spiritus
1394 1446 1647 1514 proprius
1677 1445 1801 1501 Filii
1831 1462 1933 1502 na-

355 1527 605 1581 turaliter
631 1529 685 1583 in
722 1529 817 1587 illo
847 1533 1139 1601 exsistens,
1171 1543 1226 1589 et
1255 1551 1352 1605 per
1375 1537 1529 1591 illum
1559 1538 1934 1609 progrediens,

354 1616 430 1670 ita
454 1626 509 1674 et
541 1619 739 1677 Patris.
787 1622 1000 1690 Quibus
1030 1640 1161 1682 vero
1195 1626 1435 1696 Spiritus
1485 1630 1799 1685 communis
1828 1640 1936 1693 est,

354 1708 467 1766 illis
499 1721 662 1767 erunt
694 1730 941 1788 quoque,
967 1726 1023 1774 et
1051 1733 1175 1789 quae
1200 1721 1477 1786 essentia,
1507 1736 1615 1777 non
1655 1732 1927 1793 separata,

352 1810 450 1855 aut
491 1804 759 1874 sejuncta.
798 1826 818 1859 ι

429 1891 667 1951 Sanctus
698 1894 1034 1967 Epiphanius
1070 1902 1126 1955 in
1173 1905 1451 1974 Ancyroto
1490 1904 1666 1960 dicit:
1702 1923 1721 1957 ι
1756 1905 1934 1973 Spiri-

353 1994 446 2037 tus
469 1986 859 2054 comprehendi
892 2004 1000 2044 non
1031 2000 1233 2061 potest,
1274 2007 1383 2046 non
1427 1995 1638 2050 alienus
1668 1993 1851 2050 Patris
1877 2004 1934 2050 et

352 2073 498 2130 Filii.
556 2074 809 2146 Namque
867 2079 984 2147 ipse
1034 2080 1362 2151 Unigeuitus
1406 2094 1567 2138 vocat
1611 2102 1631 2136 ι
1666 2084 1935 2155 Spiritum

291 2180 299 2187 ·
352 2166 561 2234 Patris,
603 2187 622 2221 ι
668 2179 724 2224 et
762 2189 781 2222 ι
810 2169 916 2237 Qui
956 2187 1024 2226 ex
1068 2170 1228 2227 Patre
1277 2175 1544 2244 procedit,
1596 2185 1674 2242 et,
1711 2192 1779 2231 ex
1811 2192 1936 2231 meo

352 2256 608 2326 accipiet,
669 2278 689 2312 ι
724 2275 794 2315 ne
824 2261 1040 2317 alienus
1068 2279 1098 2316 a
1141 2263 1302 2319 Patre
1330 2275 1385 2319 et
1421 2264 1561 2321 Filio
1590 2267 1936 2322 existimare-

353 2359 463 2403 tur.
499 2368 520 2403 ι
563 2349 629 2405 Ει
656 2361 783 2421 post
810 2353 1048 2422 plurima
1075 2370 1290 2412 annexa
1322 2374 1339 2412 :
1372 2376 1391 2409 ι
1425 2356 1675 2428 Utraque
1717 2359 1935 2414 inhabi-

350 2445 474 2494 tant
503 2441 557 2496 in
586 2444 977 2513 hominejusto
1002 2446 1256 2503 Christus
1287 2457 1340 2502 et
1373 2448 1612 2520 Spiritus
1640 2451 1832 2521 ipsius.
1874 2451 1930 2507 Si

350 2543 487 2584 vero
529 2530 789 2588 Christus
824 2550 891 2588 ex
936 2533 1098 2591 Patre
1146 2537 1392 2592 creditur
1424 2539 1583 2594 'Deus
1617 2555 1683 2594 ex
1718 2539 1851 2600 Deo.
1881 2550 1936 2595 et

351 2616 593 2688 Spiritus
640 2637 707 2676 ex
756 2622 996 2687 Christo,
1031 2635 1125 2680 aut
1166 2642 1233 2681 ex
1266 2629 1540 2697 utrisque,
1585 2639 1644 2683 ut
1682 2628 1935 2686 Christus

352 2711 620 2781 insinuat,
662 2715 757 2786 qui
814 2731 882 2772 ex
929 2717 1088 2774 Patre
1130 2721 1396 2788 procedit,
1445 2721 1533 2777 hic
1572 2722 1639 2777 de
1684 2737 1808 2779 meo
1841 2738 1934 2779 ac-

351 2804 538 2874 cipiet.
574 2824 594 2858 r
1948 2813 1953 2820 ’

424 2988 749 3047 Theodorus
775 2991 1097 3065 Raythenus
1123 2996 1370 3054 oratione
1390 2998 1729 3067 dogmatica,
1765 3002 1929 3072 cujus

346 3079 482 3136 illud
511 3082 842 3152 principium
871 3092 957 3139 est
988 3103 1002 3139 :
1038 3105 1056 3138 ι
1093 3087 1409 3143 Absurdum
1444 3090 1723 3158 existimo,
1756 3102 1933 3149 recte-

2040 608 2372 678 Ἐνεργῆσαν
2423 610 2531 677 γὰρ
2584 609 2640 661 ἑν
2674 608 2802 679 ὑμῖν
2842 625 2902 661 τε
2963 608 3059 662 καὶ
3095 607 3175 661 δι’
3202 606 3358 676 ὑμῶν
3414 607 3485 659 τὰ
3508 623 3620 659 πα-

2040 697 2259 766 ράδοξα,
2309 699 2520 768 μάρτυς
2559 698 2742 752 ἔσεται
2796 696 3007 762 δίκαιός
3058 715 3120 751 τε
3170 697 3266 751 καὶ
3291 696 3497 766 ἀληθὴς
3519 696 3620 764 τῆς

2038 790 2181 858 ὲμῆς
2240 789 2577 860 θεοπρεποῦς
2634 789 2907 855 ἐξουσίας,
2936 792 3032 843 καὶ
3062 790 3163 858 τῆς
3191 790 3248 842 ὲν
3268 788 3496 856 δυνάμει
3524 804 3620 854 με·

2037 880 2409 950 γαλειότητος.
2447 880 2615 951 Ἐμὸν
2634 882 2741 950 γὰρ
2765 881 2991 952 Πνεῦμα
3015 879 3077 933 τὸ
3097 879 3357 951 ἐνεργοῦν
3378 882 3435 933 ἐν
3459 880 3620 949 ὑμῖν,

2042 973 2230 1042 ὥσπερ
2255 972 2313 1025 δὲ
2359 973 2517 1040 ἐμὸν,
2576 971 2720 1026 οὕτω
2771 971 2982 1028 καὶτοῦ
3015 973 3248 1043 Πατρός.
3289 991 3310 1024 ι

2120 1067 2181 1119 '0
2230 1065 2396 1129 αὐτὸς
2454 1067 2523 1118 ὲνο
2561 1067 2628 1135 τῇ
2664 1066 2935 1137 ἑρμηνείᾳ
2985 1065 3079 1120 τοῦ
3137 1063 3284 1117 κατά
3362 1063 3620 1130 Ἰωάννην

2038 1158 2119 1211 si:
2151 1156 2213 1210 τὸ
2247 1157 2411 1228 ῥητὸν
2451 1157 2513 1211 τὸ
2562 1173 2583 1208 ι
2616 1157 2789 1211 Ὅταν
2818 1154 2912 1211 οὖν
2952 1158 3085 1228 ἔλθῃ
3119 1159 3147 1210 ὁ
3173 1154 3573 1224 Παράκλητος,
3594 1172 3616 1206 ι

2040 1249 2237 1318 φησιν’
2305 1269 2324 1302 ι
2391 1247 2522 1304 Ἰδοὺ
2566 1248 2677 1319 γὰρ
2729 1249 2842 1303 ίδοὺ
2896 1249 3125 1318 Πνεῦμα
3176 1248 3278 1319 τῆς
3335 1245 3623 1315 ἀληθείας,

2039 1342 2316 1394 τουτέστιν
2345 1339 2563 1406 ἑαυτοῦ,
2591 1342 2683 1394 τὸν
2713 1339 3074 1411 Παράκλητον
3107 1339 3302 1402 εἰπὼν,
3335 1338 3494 1408 παρά
3520 1337 3619 1389 τοῦ

2041 1433 2257 1504 Πατρδς
2284 1434 2448 1487 αὑτὸν
2475 1433 2872 1503 ἐκπορεύεσθαι
2898 1450 3085 1503 φησιν.
3117 1433 3334 1502 Ὠσπερ
3366 1430 3481 1498 γάρ
3500 1430 3621 1483 ἔστι

2039 1524 2268 1594 Πνεῦμα
2298 1525 2430 1577 ίδιον
2456 1526 2550 1578 τοῦ
2582 1524 2714 1578 Υἱοῦ
2733 1524 2981 1593 φυσικῶς
3011 1525 3070 1576 sv
3090 1522 3240 1592 αὐτῷ
3256 1540 3316 1575 τε
3349 1522 3623 1590 ὑπάρχον,

2040 1620 2132 1672 καὶ
2153 1619 2220 1672 δι’
2245 1618 2409 1672 αὑτοῦ
2466 1619 2678 1689 προϊὸν,
2708 1617 2967 1672 οὕτωκαὶ
2998 1617 3097 1671 τοῦ
3129 1617 3370 1688 Πατρός.
3402 1611 3501 1678 Οἷς
3567 1614 3622 1666 δὲ

2038 1711 2100 1765 τδ
2132 1708 2361 1780 Πνεῦμα
2394 1711 2592 1774 κοινὸν,
2624 1709 2837 1772 τούτοις
2883 1708 2971 1779 είη
3025 1710 3204 1777 δήπου
3268 1707 3489 1770 πάντως
3558 1705 3633 1759 ἂν

2037 1805 2134 1857 καὶ⁵
2161 1803 2233 1856 τὰ
2258 1806 2358 1874 τῆς
2380 1802 2566 1865 οὐσίας
2587 1801 2649 1855 ού
2681 1801 3046 1873 διωρισμένα.
3084 1818 3105 1853 ι

2122 1895 2180 1947 '0
2223 1892 2377 1962 ἅγιος
2417 1893 2760 1960 Ἐπιφάνιος,
2814 1894 2874 1946 ὲν
2911 1891 2989 1961 τῷ
3022 1889 3359 1962 Ἀγκυρωτῷ
3416 1904 3584 1956 φησιν
3609 1900 3627 1919 ο

2043 2003 2063 2037 ι
2099 1985 2174 2038 Τὸ
2222 1982 2445 2054 Πνεῦμα
2511 1982 2924 2053 ἀκατάληπτον,
2952 1981 3053 2036 οὐκ
3081 1976 3359 2051 ἀλλότριον
3417 1978 3627 2046 Πατρὸς

2034 2079 2130 2132 καὶ
2168 2077 2321 2129 Υἱοῦ.
2349 2077 2460 2130 Καὶ
2484 2075 2647 2138 αὐτὸς
2675 2076 2785 2145 γὰρ
2815 2076 2845 2127 ὁ
2898 2073 3212 2143 Μονογενής
3264 2071 3439 2138 λέγει,
3501 2084 3524 2119 ι
3564 2067 3628 2120 τὸ

2037 2168 2266 2236 Πνεῦμα
2320 2165 2417 2219 τοῦ
2450 2154 2688 2236 Πατρδςζ
2728 2183 2747 2216 ι
2788 2166 2887 2219 καὶ
2930 2162 2994 2217 τὸ
3027 2164 3095 2216 ὲκ
3130 2160 3225 2215 τοῦ
3258 2159 3475 2229 Πατρὺς
3532 2156 3626 2209 ἐκ·

2037 2258 2427 2329 πορευόμενον.
2458 2277 2478 2311 ι
2514 2258 2623 2312 Καὶ
2656 2276 2677 2309 ‹
2712 2258 2778 2310 ἐκ
2802 2256 2897 2309 τοῦ
2920 2255 3055 2326 ἐμοῦ
3072 2254 3306 2324 λὴψεται
3325 2268 3341 2284 ο
3374 2270 3394 2304 ι
3426 2251 3518 2304 ἵνα
3547 2249 3625 2320 μὴ

2037 2350 2322 2420 ἀλλότριον
2348 2346 2631 2420 νομισθείη
2669 2346 2884 2418 Πατρδς
2918 2345 3057 2414 μηδὲ
3090 2342 3246 2397 Υίοῦ.
3284 2360 3304 2393 ι
3335 2341 3450 2395 Καὶ
3485 2338 3627 2410 μετά

2049 2439 2220 2495 πολλά
2255 2440 2397 2495 πάνυ
2430 2458 2445 2474 ο
2495 2459 2514 2492 ι
2539 2441 2592 2493 Ἀ
2604 2439 2848 2509 μφότερα
2884 2437 3131 2491 κατοικεῖ
3155 2437 3215 2489 ὲν
3241 2434 3322 2505 τῷ
3348 2431 3626 2502 ἀνθρώπῳ

2036 2531 2115 2602 τῷ
2148 2531 2344 2602 δικαίῳ
2371 2533 2399 2585 ὁ
2428 2532 2666 2602 Χριστὸς
2698 2529 2794 2584 καὶ
2827 2528 2890 2583 τὸ
2928 2527 3156 2597 Πνεῦμα
3200 2525 3390 2581 αὐτοῦ.
3440 2524 3505 2577 Ei
3564 2523 3625 2577 δὲ

2036 2624 2270 2694 Χριστὸς
2302 2625 2369 2676 ὲκ
2399 2622 2615 2690 Πατρὺς
2646 2622 2970 2676 πιστεύεται
3019 2621 3154 2684 Θεὸς
3184 2624 3249 2673 ὲκ
3309 2616 3473 2682 Θεοῦ,
3523 2617 3624 2670 καὶ

2035 2715 2098 2768 τὸ
2147 2713 2374 2782 Πνεῦμα
2398 2714 2465 2766 ἐκ
2500 2712 2592 2766 τοῦ
2629 2711 2867 2783 Χριστοῦ
2891 2728 2910 2747 ⁸
2940 2712 2973 2782 ἢ
2999 2710 3134 2781 παρ’
3186 2709 3518 2780 ἀμφοτέρων
3545 2706 3624 2769 ὥς

2037 2805 2251 2871 φησινὸ
2275 2794 2510 2874 Χριστὸς
2547 2803 2576 2856 ὃ
2629 2802 2783 2873 παρά
2816 2802 2911 2856 τοῦ
2943 2801 3159 2874 Πατρδς
3213 2799 3615 2872 ἐκπορεύεται.

2036 2893 2133 2948 καὶ
2155 2887 2311 2959 οὗτος
2347 2895 2414 2948 ἐκ
2468 2895 2563 2949 τοῦ
2586 2895 2721 2964 ἐμοῦ
2770 2895 3023 2964 λήψεται.
3079 2911 3096 2946 ι

2104 2984 2382 3056 Θεόδωρος
2438 2988 2467 3039 ὁ
2518 2986 2619 3055 τῆς
2690 2985 2904 3040 Ῥαῖθοῦ
2970 2983 3351 3057 πρεσϐύτερος
3414 2985 3478 3035 ἔν
3532 2982 3615 3052 τῷ

2034 3076 2351 3147 δογματικῷ
2389 3077 2537 3147 λόγῳ
2591 3076 2782 3142 αὑτοῦ,
2841 3070 2903 3132 οῦ
2961 3078 2994 3147 ὴ
3049 3076 3233 3148 ἀρχὴ·
3301 3095 3321 3128 ι
3372 3076 3617 3128 ’Ἄτοπον

345 3183 455 3237 que
487 3169 618 3223 illud
667 3182 884 3240 reputo,
922 3191 941 3224 ι
990 3189 1156 3242 quam
1199 3176 1521 3246 longissime
1578 3194 1610 3234 a
1654 3182 1931 3251 principio

2043 3164 2212 3238 οἶμαι,
2246 3169 2342 3222 καὶ
2370 3169 2554 3232 καλῶς
2585 3186 2649 3237 γε
2680 3167 2841 3223 τοῦτο
2867 3170 3154 3239 νενόμικα,
3198 3188 3217 3220 ι
3266 3168 3407 3237 μετά
3438 3167 3616 3221 πολλὰ

351 3260 488 3315 dicit
519 3279 533 3316 :
570 3282 588 3314 ι
632 3263 873 3333 Spiritus
901 3278 1126 3321 sanctus
1149 3266 1399 3324 veritatis
1430 3269 1671 3341 Spiritus
1699 3280 1804 3340 est,
1835 3274 1928 3343 qui

2043 3261 2179 3315 πάνυ
2205 3262 2398 3330 φησιν’
2432 3280 2451 3313 t
2488 3261 2561 3314 Τὸ
2588 3261 2814 3331 Πνεῦμα
2834 3260 2895 3315 τὸ
2925 3261 3082 3329 ἅγιον
3109 3259 3365 3331 ἀληθείας
3392 3258 3624 3327 Πνεῦμα

344 3352 570 3419 quidem
606 3369 637 3408 a
674 3355 836 3410 Patre
874 3356 1141 3425 procedit,
1177 3373 1205 3411 a
1233 3356 1373 3412 Filio
1405 3374 1538 3414 vero
1578 3362 1799 3432 accipit,
1835 3361 1929 3432 qui

342 3444 532 3497 omnia
583 3443 766 3500 Patris
805 3447 1089 3516 possidet,
1140 3450 1208 3504 ad
1284 3449 1771 3506 demonstrandum
1836 3454 1931 3508 de-

344 3535 782 3607 clarandumque
835 3555 1000 3594 unam
1042 3555 1168 3597 esse
1204 3543 1502 3597 essentiam
1552 3553 1609 3599 et
1644 3545 1790 3602 illius
1833 3547 1928 3615 qui

343 3628 563 3697 accipit,
611 3639 665 3682 et
700 3631 850 3685 illius
887 3645 917 3684 a
961 3646 1074 3702 quo
1126 3634 1353 3705 accipit,
1388 3636 1811 3693 necnon'illius
1858 3653 1927 3695 ex

345 3732 458 3786 quo
504 3720 831 3777 naturaliter
855 3724 1105 3793 procedit
1137 3742 1152 3779 :
1185 3741 1366 3795 neque
1408 3727 1555 3782 enim
1595 3743 1928 3800 progressus

345 3810 545 3867 fuisset
573 3827 640 3867 ex
677 3812 772 3869 illo
802 3814 896 3884 qui
927 3814 1158 3873 alterius
1190 3825 1339 3873 esset
1372 3819 1648 3885 essentia,
1696 3829 1794 3875 aut
1830 3836 1929 3877 ac-

341 3903 580 3972 cepisset
607 3905 676 3960 ab
705 3920 797 3971 eo,
828 3906 923 3975 qui
957 3923 1067 3963 non
1095 3908 1342 3979 ejusdem
1373 3925 1499 3965 cum
1522 3926 1587 3967 eo
1607 3911 1931 3968 substantiae

2036 3357 2150 3409 ἐστι
2174 3371 2190 3386 ο
2232 3354 2392 3409 τοῦτο
2417 3353 2475 3407 δὲ
2500 3353 2651 3424 παρὰ
2681 3354 2779 3426 μὲν
2803 3353 2900 3408 τοῦ
2953 3354 3170 3426 Πατρὸς
3225 3351 3620 3423 ἐκπορεύεται,

2033 3440 2298 3511 λαμϐάνει
2317 3441 2375 3495 δὲ
2403 3442 2555 3511 παρά
2580 3441 2675 3495 τοῦ
2706 3442 2863 3508 Υἱοῦ,
2916 3442 3095 3496 πάντα
3135 3441 3206 3494 τά
3243 3439 3338 3495 τοῦ
3399 3441 3622 3512 Πατρὶς

2033 3531 2269 3603 ἔχοντος,
2298 3532 2435 3602 πρὸς
2466 3532 2740 3601 ἀπόδειξιν
2786 3533 2880 3588 καὶ
2903 3534 3213 3603 φανίρωσιν
3245 3533 3369 3598 τοῦ,
3399 3534 3486 3586 ὅτι
3522 3532 3623 3603 μία

2030 3622 2195 3677 οὐσία
2253 3625 2373 3677 ἐστὶ
2422 3624 2518 3677 τοῦ
2575 3640 2636 3677 τε
2702 3623 3080 3695 λαμϐάνοντος
3101 3625 3200 3678 καὶ
3222 3621 3319 3676 τοῦ
3382 3622 3516 3693 παρ’
3551 3614 3617 3676 οῦ

2031 3716 2322 3787 λαμϐάνει,
2356 3716 2571 3771 καὶτοῦ
2606 3717 2666 3784 ὲξ
2694 3710 2757 3771 οῦ
2788 3717 3038 3787 φυσικῶς
3065 3714 3451 3787 ἐκπορεύεται.
3475 3714 3617 3769 Οῦδὶ

2042 3810 2154 3882 γὰρ
2173 3810 2240 3865 ἂν
2258 3810 2526 3881 προῆλθον
2549 3812 2606 3877 ἐξ
2627 3811 2991 3881 ἑτεροουσίου,
3012 3811 3045 3883 ἢ
3070 3810 3235 3865 ἔλαϐέ
3262 3828 3318 3865 τι
3347 3811 3501 3882 παρά
3522 3810 3617 3863 τοῦ

2020 3896 2110 3976 ¹μὴ
2140 3907 2459 3978 ὁμοουσίου.
2496 3907 2561 3960 Εἰ
2590 3907 2648 3961 δὲ
2668 3905 2935 3977 ὁμοούσιά
2961 3907 3112 3961 ἐστιν
3139 3906 3295 3977 αὐτῷ
3337 3906 3425 3972 τὸ,
3483 3907 3612 3962 ὅθεν

341 4004 511 4050 esset.
543 3989 752 4062 Quodsi
792 3997 1040 4067 ejusdem
1073 4008 1285 4055 naturae
1312 4011 1439 4058 sunt
1487 4017 1614 4060 cum
1657 4018 1749 4069 eo,
1782 4003 1927 4058 unde

2043 3999 2307 4071 προῆλθες
2340 3999 2437 4079 καὶ
2469 3999 2528 4052 τὸ
2561 3996 2621 4062 ἐξ
2647 3991 2708 4051 οῦ
2753 3997 3048 4068 λαμϐάνει,
3090 3998 3324 4052 κάκεῖνα
3385 3998 3611 4064 πάντως

339 4086 549 4148 exiere,
578 4096 637 4141 et
665 4101 732 4141 ex
764 4102 876 4157 quo
915 4092 1136 4160 accipit,
1174 4092 1266 4146 illa
1298 4091 1465 4147 etiam
1516 4092 1765 4163 ejusdem
1797 4103 1927 4150 sunt

2043 4092 2248 4154 ἑαυτοῖς
2263 4091 2411 4144 ἐστιν
2440 4091 2704 4160 ὁμοούσια
2733 4103 2748 4118 ⁶
2783 4091 2853 4144 τά
2888 4091 3000 4161 γὰρ
3029 4088 3285 4160 τῷαύτῷ
3314 4090 3619 4160 ὁμοούσια,

340 4184 575 4230 naturae.
627 4174 761 4240 Quae
815 4178 962 4233 enim
1009 4180 1261 4250 ejusdem
1316 4192 1549 4249 naturas,
1604 4183 1662 4238 in
1726 4184 1922 4240 eodem

2043 4181 2268 4254 Βηλονότι
2285 4180 2381 4237 καὶ
2398 4181 2649 4250 ἀλλήλοις
2664 4180 2913 4234 ἔσταεκαὶ
2928 4181 3074 4235 ἔστιν
3104 4181 3318 4251 ἀληθῶς
3332 4181 3621 4253 όμοούσια.

341 4281 537 4336 nempe
569 4279 697 4323 sunt
733 4283 882 4335 vere,
914 4280 1182 4343 eruntque
1222 4273 1369 4330 inter
1407 4290 1470 4331 se
1514 4289 1647 4331 vero
1675 4276 1923 4346 ejusdem

342 4368 573 4418 naturae.
608 4380 630 4414 ι

2612 4456 2953 4512 ΕΠΙΓΡΑΦΗ
2983 4454 3061 4512 Z'.

2113 4544 2333 4615 Ἐπειδὴ
2375 4545 2483 4598 eis!
2534 4562 2682 4607 τινες
2713 4546 2976 4631 ,λέγοντες
3025 4545 3309 4618 διαφέρειν
3362 4547 3619 4618 ἀλλήλων

846 4454 1251 4513 EPiGRAPHE
1289 4458 1408 4527 νη,

407 4541 545 4598 Cum
576 4544 802 4615 quidam
836 4550 1174 4605 contendant
1202 4551 1347 4607 inter
1371 4566 1493 4610 sese
1517 4554 1759 4619 differre,
1793 4570 1925 4626 pro-
1956 4552 1995 4588 υ

338 4636 512 4706 gredi,
547 4647 602 4692 et
631 4637 860 4705 eﬂ‘undi,
899 4650 953 4694 et
982 4645 1277 4711 procedere
1327 4644 1531 4701 selecta
1566 4656 1697 4704 sunt
1727 4649 1796 4704 ad
1844 4649 1922 4703 ir-

338 4724 726 4797 rel’ragahilem
782 4743 977 4784 eorum
1028 4732 1472 4801 aequivalentiam
1527 4736 1922 4793 demonstran-

338 4816 469 4869 dum
507 4817 909 4887 subsequentes
942 4823 1117 4877 sancti
1144 4819 1334 4893 Cyrilli
1369 4825 1680 4893 sententiae,
1717 4827 1923 4894 quibus

338 4906 549 4961 adnexa
581 4917 711 4964 sunt
757 4908 864 4963 alia
900 4910 1137 4966 aliorum
1182 4913 1408 4968 Patrum
1443 4915 1780 4981 testimonia,
1827 4917 1921 4988 qui

337 4996 642 5051 decernunt
670 5013 736 5053 ex
765 4997 931 5054 Patre
966 5000 1246 5070 progredi,
1283 5001 1563 5072 profundi,
1595 5006 1768 5061 emitti
1802 5005 1927 5078 Spi-

337 5088 504 5142 ritum
552 5100 807 5146 sanctum
862 5091 916 5145 in
955 5090 1064 5145 illis
1099 5091 1395 5162 pericopis,
1431 5096 1483 5149 in
1532 5097 1733 5166 quibus
1767 5098 1919 5156 illum

336 5196 402 5236 ex
432 5181 601 5236 Patre
630 5182 935 5253 procedere
960 5183 1321 5239 asserendnm
1350 5196 1492 5243 erat.

409 5366 647 5422 Sanctus
672 5365 914 5436 Cyrillns
942 5365 1085 5421 libro
1110 5378 1267 5424 sexto
1297 5371 1362 5426 ad
1399 5371 1675 5429 liermiam
1712 5377 1876 5433 habet
1904 5397 1919 5433 :

345 5477 368 5512 ι
406 5459 576 5528 Igitur
608 5457 883 5527 siquidem
914 5468 999 5514 est
1027 5460 1251 5529 spiritus
1281 5462 1459 5520 Patris
1486 5469 1743 5537 praprius
1766 5469 1917 5533 Filii,

339 5551 616 5618 quomodo
674 5549 955 5620 ignorabit
1001 5551 1210 5622 aliquid
1250 5555 1306 5609 in
1361 5556 1471 5612 Deo
1533 5560 1919 5628 reconditum,

343 5644 626 5713 preprium
674 5644 882 5699 habens
931 5643 1049 5714 ipse
1088 5647 1377 5716 Spiritum,
1425 5651 1690 5706 scientem
1738 5656 1922 5709 omnia

342 5750 464 5805 quae
516 5735 568 5789 in
600 5736 798 5801 Patre;
851 5745 904 5792 et
939 5737 1212 5795 dicentem
1256 5743 1419 5798 audio
1456 5744 1745 5803 manifcs'e

344 5827 449 5882 t-tis
478 5826 738 5897 apostolis
790 5846 803 5882 :

1791 5764 1918 5801 sau-

856 5829 1046 5886 Adhttc
1083 5832 1251 5888 multa
1318 5833 1492 5891 hath
1530 5837 1683 5893 vobis
1718 5839 1921 5908 dicere,

2030 4635 2092 4689 τὸ
2118 4636 2331 4708 πρόεισι
2356 4635 2450 4690 καὶ
2476 4637 2788 4705 προχεῖται,
2819 4638 2916 4690 καὶ
2971 4637 3365 4707 ἐκπορεύεται,
3427 4640 3613 4706 ἐξελέ-

2030 4744 2209 4799 γησαν
2233 4728 2313 4789 εἰς
2342 4727 2739 4799 ἀναντίρρητον
2793 4728 3072 4793 ἀπόδειξιν
3127 4728 3223 4783 τοῦ
3284 4730 3620 4801 ἱσοδυνάμου

2030 4816 2213 4870 αὐτῶν
2243 4818 2299 4871 αἱ
2328 4817 2691 4887 προκείμεναι
2743 4818 2971 4889 χρήσεις
2995 4818 3087 4872 τοῦ
3111 4819 3270 4889 ἀγίου
3308 4822 3616 4893 Κυρίλλου,

2030 4911 2125 4964 καὶ
2150 4913 2271 4980 μετ’
2329 4912 2497 4974 αὐτὰς
2550 4912 2611 4966 αἱ
2669 4912 3114 4982 ὑποτεταγμέναι
3165 4914 3363 4978 αὐταῖς
3427 4915 3622 4984 ἕτεραι

2030 5003 2257 5074 χρήσεις
2289 5002 2401 5057 τῶν
2429 5002 2609 5057 ἄλλων
2636 5002 2925 5073 Πατέρων,
2955 5004 3065 5057 τῶν
3108 5005 3508 5074 θεολογούντων
3552 5010 3622 5061 ὲκ

2032 5093 2248 5165 Πατρὸς
2279 5094 2536 5165 προϊέναι
2566 5112 2625 5148 τε
2663 5096 2760 5149 καὶ
2792 5097 3205 5164 ἐκπέμπεσθαι,
3240 5098 3337 5151 καὶ
3385 5100 3615 5169 προχεῐο

2031 5186 2157 5240 σθαι
2190 5186 2259 5239 τὸ
2312 5185 2542 5257 Πνεῦμα
2571 5188 2628 5240 ὲν
2660 5187 2903 5251 ἐκείναις
2952 5190 3077 5251 ταῖς
3140 5193 3503 5260 περικοπαίς,
3555 5193 3618 5244 ἐν

2029 5272 2119 5343 αῖς
2159 5278 2388 5349 ἔμελλον
2434 5278 2621 5347 λέγειν
2647 5279 2714 5332 ἐκ
2744 5280 2957 5350 Πατρὸς
2993 5280 3130 5333 αὐτὸ
3179 5282 3613 5352 ἐκπορεύεσθαι.

2109 5372 2170 5424 Ὀ
2202 5372 2357 5439 ἅγιος
2384 5370 2653 5441 Κύριλλος
2703 5373 2764 5425 ὲν
2800 5372 2878 5442 τῷ
2913 5372 3061 5444 ἕκτῳ
3112 5375 3223 5427 τῶν
3286 5377 3427 5445 πρὸς
3488 5375 3619 5443 Ἑρ-

2034 5465 2191 5536 μείαν
2217 5467 2383 5535 φησίν
2407 5482 2421 5496 ·
2464 5485 2483 5518 ‹
2518 5465 2695 5537 Εἴπερ
2719 5461 2814 5519 οὖν
2838 5465 3045 5520 ἐστι’τδ
3072 5466 3301 5538 Πνεῦμα
3350 5465 3449 5521 τοῦ
3499 5469 3616 5523 Πα-

2029 5561 2156 5631 τρὸς
2191 5559 2324 5613 ἴδιον
2356 5558 2450 5611 τοῦ
2475 5557 2628 5622 Υἱοῦ,
2658 5557 2776 5622 πῶς
2811 5560 3077 5628 ἀγνοῆσαί
3120 5576 3176 5612 τι
3213 5561 3324 5612 τῶν
3390 5561 3451 5612 ἐν
3491 5560 3611 5632 Θεῷ

2029 5650 2452 5723 κεκρυμμένων,
2479 5650 2609 5703 ἴδιον
2643 5648 2784 5719 ἔχων
2802 5650 2968 5711 αὐτὸς
3001 5651 3063 5703 τὸ
3093 5651 3321 5721 Πνεῦμα
3341 5651 3402 5704 τὺ
3432 5652 3612 5705 πάντα

2032 5744 2169 5808 etab;
2224 5743 2292 5797 τὰ
2335 5745 2394 5796 ἐν
2471 5741 2549 5812 τῷ
2594 5743 2769 5813 Πατρί
2800 5758 2816 5773 ’
2854 5743 3030 5797 καίτοι
3109 5744 3367 5812 λέγοντος
3429 5745 3611 5825 ἀκούω

2034 5836 2220 5902 σαφῶς
2255 5838 2364 5899 τοῖς
2403 5836 2575 5905 ἁγίοις
2614 5835 2933 5897 ἀποστόλοις
2968 5851 2980 5866 ·
3032 5837 3152 5892 Ἔτι
3180 5838 3353 5890 πολλά
3385 5842 3492 5908 ἔχω
3516 5838 3607 5890 λέ-
