3958 6460
132 401 270 463 669
1600 418 1775 478 EPIG
1786 421 2085 481 ΠΑΡΠίΕ.
3325 433 3429 496 670

134 516 487 613 15219935
534 518 652 613 ἀλλ’
706 522 769 576 οὐ
792 522 1027 581 δύνασθε
1059 528 1351 600 βαστάζειν
1380 533 1508 605 ἄρτι
1547 554 1567 601 Ἀ
1620 537 1735 590 arm

1855 541 1948 594 sed
2004 554 2112 593 non
2159 538 2389 608 potestis
2433 549 2655 608 portare
2711 540 2874 597 modo
2923 542 3194 613 :quando
3247 554 3428 598 autem

134 608 211 701 δὲ
252 604 405 678 ἔλθῃ
455 607 682 677 ἐκεῖνος,
715 614 779 667 τὸ
814 616 1037 688 Πνεῦμα
1057 618 1159 686 τῆς
1190 620 1471 692 ἀληθείας,
1497 625 1734 693 όδηγήσε

1863 632 2041 686 veniet
2066 632 2156 686 ille
2186 631 2422 701 Spiritus
2448 634 2717 699 veritatis,
2745 635 2964 689 inducet
2997 650 3095 690 vos
3130 636 3183 690 in
3207 650 3425 691 omnem

140 700 323 800 ὑμέἱς
338 701 445 800 Δτίς
469 703 662 800 πᾶσαν
689 704 971 777 ἀλήθειαν.
1002 711 1079 763 Οὐ
1106 711 1216 780 γὰρ
1246 712 1470 785 λαλήσει
1502 717 1598 783 ἀφ’
1628 717 1727 769 ἐαυ

1859 723 2168 777 veritatem.
2226 700 2345 776 Non
2392 725 2537 778 enim
2594 726 2851 793 loquetur
2896 740 2926 779 a
2986 727 3326 796 semetipso,
3372 738 3427 781 et

140 790 258 842 τοῦ
294 790 437 886 ἀλλ’
465 790 565 844 ὅσα
594 793 844 860 ἀκούσει,
911 816 1006 852 και
1061 800 1127 854 τά
1158 804 1429 874 ἐρχόμενα
1470 806 1733 872 ἀναγγελε

1859 824 2085 868 ventura
2120 814 2462 869 annuntiabit
2487 815 2641 870 vobis
2668 790 2733 871 5“.
2790 816 2929 872 Num
2987 817 3085 871 tibi
3134 790 3278 886 patet
3312 790 3426 874 Vad-

142 882 329 951 ὐμῖν.
382 877 534 953 Ἀρά
582 902 666 939 σοι
725 888 895 958 σαφὲς
931 892 992 944 τὸ
1052 895 1350 964 παροισθέν
1409 898 1528 952 ἐστι
1556 896 1733 963 λόγιον

1859 907 2081 959 ductum
2144 906 2446 975 eloquium,
2498 915 2554 961 et
2608 908 2891 976 aspexisti,
2952 908 3098 979 quod
3134 877 3416 978 -Spiritum

144 976 262 1064 καὶ
287 976 710 1064 Ϋπροσδέδορκας
732 980 815 1034 ὅτι
842 982 1067 1052 Πνεῦμα
1109 986 1208 1053 μὲν
1228 987 1485 1055 ἀληθείας
1506 989 1735 1058 ὠνόμασε

1856 996 2079 1064 quidem
2145 997 2394 1052 veritatis
2458 998 2760 1052 nominavit
2830 976 3215 1053 Paracletum‘i
3276 997 3425 1052 Dixit

153 1063 258 1115 τὸν
282 1063 689 1144 Παρὰκλητον;
720 1066 863 1138 Ἔφη
915 1087 978 1138 γε
1008 1072 1115 1141 μὴν
1139 1073 1217 1136 ὡς
1264 1075 1512 1144 πρόεισιν
1552 1077 1614 1127 ἐκ
1644 1077 1754 1128 Πα-

153 1146 325 1217 τρὸς,
352 1142 367 1155 “
394 1149 501 1202 ῐδια
536 1153 715 1205 πάντα
743 1153 959 1220 δεικνὺς
1008 1157 1204 1212 ἐαυτοῦ
1238 1142 1421 1214 τάήτοῦ
1454 1164 1686 1233 Πατρός.
1728 1183 1748 1216 ι

218 1236 291 1291 Ὁ
324 1240 497 1302 αὐτὸς
527 1243 584 1295 ἐν
612 1242 691 1311 τῷ
722 1241 774 1309 ς’
810 1246 919 1300 τῶν
953 1250 1090 1320 πρὸς
1129 1250 1391 1323 Ἑρμείαν
1413 1271 1428 1285 ·
1468 1273 1486 1304 ι
1518 1255 1641 1309 Ὅτι
1695 1255 1751 1308 δὲ

150 1330 220 1380 τὸ
254 1329 359 1383 τοῦ
388 1332 600 1401 Πατρὸς
630 1335 875 1408 Πνεῦμα
925 1340 1147 1412 Πνεῦμα
1195 1345 1310 1397 ἐστι
1345 1345 1440 1399 τοῦ
1472 1345 1627 1407 Υίοῦ,
1656 1347 1753 1398 αὐ-

149 1421 259 1481 τός
307 1437 374 1473 σε
423 1422 493 1474 δι’
540 1425 742 1480 ἑαυτοῦ
800 1434 1225 1503 μυσταγωγήσει
1282 1435 1455 1503 λέγων
1515 1453 1528 1470 ο
1580 1436 1750 1490 Ὅταν

150 1508 300 1579 ἐλθῃ
351 1512 382 1563 ὁ
420 1513 792 1584 Παράκλητος,
814 1519 876 1570 ὃν
904 1520 1015 1589 ἐγὼ
1063 1524 1268 1594 πέμψω
1299 1525 1427 1593 ὑμῖν
1453 1527 1606 1595 παρὰ
1655 1527 1747 1580 τοῦ

152 1601 393 1671 Πατρὸς
438 1600 496 1655 τιὸ
526 1605 751 1676 Πνεῦμα
782 1611 881 1679 τῆς
912 1613 1188 1683 ἀληθείας,
1241 1617 1270 1671 ὃ
1314 1619 1465 1689 παρᾶ
1508 1619 1601 1672 τοῦ
1637 1621 1749 1672 Πα-

152 1691 300 1759 τρὸς
382 1695 780 1765 ἐκπορεύεται,
860 1705 1088 1768 ἐκεῖνος,
1142 1707 1328 1778 φησὶν,
1401 1713 1746 1781 μαρτυρήσει

153 1783 301 1851 περὶ
331 1785 494 1851 ἐμοῦ.
521 1789 718 1860 Συνίης
755 1791 851 1846 οῦν
872 1795 1020 1860 ὅπως
1049 1797 1124 1861 ὡς
1150 1799 1284 1853 ῐδιον
1342 1802 1741 1871 ἐπαγγέλλεται

152 1872 572 1963 καταπέμψειν
599 1878 731 1946 ἡμῖν
761 1881 822 1933 τὸ
876 1882 941 1936 ἐκ
973 1884 1068 1937 τοῦ
1120 1887 1358 1959 Πατρὸς,
1387 1892 1480 1943 καὶ
1517 1892 1742 1963 Πνεῦμα

160 1959 268 2050 μὲν
300 1961 566 2030 ἀληθείας
593 1967 879 2034 ἀποκαλεῖ,
909 1976 1231 2043 προχεῖσθαί
1260 1995 1323 2046 γε
1356 1980 1463 2050 μὴν
1489 1980 1551 2045 ἐξ
1576 1959 1743 2035 αὐτοῦ

157 2048 467 2120 διωρίσατο
486 2054 579 2108 τοῦ
603 2058 849 2129 Πατρὸς,
885 2063 982 2116 καὶ
1019 2064 1128 2136 μὴν
1157 2067 1239 2121 ὅτι
1277 2048 1370 2123 καί
1399 2048 1743 2143 μαρτυρήσει

158 2143 299 2211 περὶ
334 2143 504 2198 αὐτοῦ
536 2152 998 2223 προμεμήνυκεν;

250 2335 319 2429 ’ρ
348 2337 514 2429 αὐτὸς
539 2340 599 2392 ἐν
631 2340 704 2412 τῷ
728 2344 863 2412 πρὸς
916 2350 1362 2424 μοναστὰγλόγῳ
1394 2356 1580 2421 αὐτοῦ,
1611 2352 1673 2413 οῦ
1707 2361 1740 2429 ἡ

160 2424 338 2495 ἀρχὴ,
407 2445 427 2478 ι
463 2428 536 2482 Τὸ
564 2431 867 2503 φιλομαθὲς
890 2438 985 2491 καὶ
1016 2440 1301 2506 φιλόπονον
1342 2444 1439 2514 τῆς
1469 2424 1742 2515 ὑμετέρας

162 2518 391 2608 ἀγάπης
417 2519 566 2585 ἀξιον
596 2519 740 2576 εἶναι
777 2543 920 2597 φημι
963 2529 1059 2583 τοῦ
1086 2534 1285 2597 παντὸς
1319 2535 1500 2604 λόγου,
1537 2556 1557 2590 ι
1606 2540 1744 2608 μετά

163 2607 344 2661 πολλὰ
380 2610 548 2682 ἕτερά
572 2630 738 2682 φησιν
763 2630 779 2644 ·
816 2635 835 2668 ι
887 2619 960 2671 Τὸ
1012 2622 1238 2693 Πνεῦμα
1274 2630 1558 2695 προχεῖται
1610 2607 1735 2698 μὲν,

161 2700 339 2770 ἦγουν
365 2703 724 2774 ἐκπορεύεται
742 2707 992 2780 καθάπερ
1017 2712 1125 2765 ἀπὸ
1155 2716 1337 2784 πηγῆς
1357 2717 1449 2769 τοῦ
1480 2718 1617 2772 Θεοῦ
1638 2721 1732 2773 καὶ

72 2848 85 2853 ,
160 2791 409 2862 Πατρὸς,
450 2799 770 2864 χορηγείται
793 2799 849 2852 δὲ
875 2805 941 2873 τῇ
970 2803 1152 2857 κτίσει
1187 2806 1276 2859 διὰ
1301 2807 1397 2861 τοῦ
1424 2810 1578 2865 Υίοῦ.
1627 2832 1645 2863 ι

250 2882 319 2977 ’ρ
350 2884 524 2954 μέγας
566 2887 907 2959 Ἀθανάσιος,
934 2895 992 2949 ἐν
1025 2889 1309 2968 ᾖποιεῖται
1342 2900 1576 2968 διαλέξει
1618 2904 1741 2977 Ὀρ-

164 2973 386 3067 θοδόξου
417 2979 511 3030 καὶ
535 2980 968 3051 Μακεδονιανοῦ,
996 2988 1130 3057 φησί
1172 3006 1190 3022 ο
1232 3009 1252 3042 ι
1287 2993 1380 3056 Μὴ
1410 2997 1621 3061 γένοιτό
1648 2973 1738 3067 μοι

164 3066 350 3157 εἰπεῖν
378 3068 671 3138 ἐπίκτητόν
698 3090 748 3124 τι
778 3074 871 3127 ἐπὶ
887 3076 981 3129 τοῦ
1013 3078 1351 3149 Πνεῦματος.
1379 3081 1518 3138 Οῦτε
1542 3066 1657 3157 γὰρ
1674 3091 1736 3142 τὸ

1854 1090 2015 1138 etiam
2042 1100 2164 1140 eum
2194 1086 2489 1156 procedere
2527 1102 2596 1142 ex
2622 1087 2804 1153 Patre,
2837 1089 3052 1158 propria
3094 1104 3193 1144 sua
3237 1090 3423 1144 omnia

1855 1181 2174 1241 ostendens,
2210 1192 2332 1248 quae
2358 1179 2541 1233 Patris
2574 1189 2722 1236 sunt.
2762 1198 2781 1231 ι

1926 1265 2070 1320 Idem
2114 1267 2260 1322 libro
2310 1283 2364 1321 vr
2395 1268 2460 1323 ad
2498 1268 2800 1337 Hermiam,
2833 1271 3011 1341 inquit
3043 1286 3058 1322 :
3099 1289 3119 1323 ‹
3155 1270 3418 1339 Spiritum

1851 1367 2031 1412 autem
2093 1358 2272 1414 Patris
2335 1360 2599 1428 Spiritum
2655 1376 2870 1433 quoque
2926 1361 3048 1416 Filii
3106 1376 3253 1435 esse,
3307 1362 3423 1430 ipse

1852 1460 1905 1505 te
1961 1467 2057 1521 per
2107 1453 2456 1524 semetipsum
2509 1454 2763 1510 docebit:
2821 1454 2956 1511 Cum
3011 1454 3197 1524 itaque
3261 1468 3424 1508 vene-

1850 1545 1923 1599 rit
1975 1543 2288 1600 Paracletus
2356 1560 2517 1617 quem
2590 1561 2692 1618 ego
2750 1546 2960 1601 mittam
3022 1547 3179 1601 vobis
3237 1560 3267 1600 a
3323 1543 3424 1598 Pa-

1852 1645 1967 1702 tre,
2022 1635 2289 1706 Spiritum
2335 1637 2639 1702 .veritatis,
2698 1638 2789 1708 qui
2845 1653 2873 1691 a
2927 1638 3092 1692 Patre
3134 1635 3423 1704 procedit,

1850 1726 1958 1792 ille,
2017 1728 2113 1789 ait,
2176 1726 2552 1793 testimonium
2599 1729 2908 1798 pcrhibebit
2953 1729 3020 1783 de
3076 1743 3185 1781 me.
3249 1725 3424 1780 Audis

1848 1816 2030 1886 itaque
2072 1833 2308 1886 quanam
2356 1818 2568 1873 ratione
2619 1820 2695 1872 uti
2736 1819 3021 1888 proprium
3065 1818 3280 1873 mittere
3318 1830 3422 1868 no-

1845 1904 1974 1969 bis,
2033 1906 2123 1974 qui
2171 1920 2237 1961 ex
2281 1907 2440 1960 Patre
2493 1916 2616 1972 est,
2674 1906 2937 1977 Spiritum
2987 1905 3292 1978 promittit?
3355 1902 3422 1957 Et

1849 1995 2114 2064 Spiritum
2147 1995 2365 2063 quidem
2417 1995 2687 2066 veritatis,
2717 1997 2984 2058 nominat,
3038 1993 3244 2049 effundi
3290 2007 3422 2045 vero

1843 2101 1969 2142 eum
2017 2101 2083 2139 ex
2123 2086 2244 2154 ipso
2290 2087 2446 2141 Patre
2492 2087 2844 2148 determinat,
2891 2094 2944 2138 et
2996 2092 3250 2154 praeterea
3295 2095 3418 2135 eum

1845 2181 1913 2236 de
1960 2180 2252 2248 semetipso
2297 2178 2676 2233 testimonium
2718 2176 3119 2246 perliibiturum
3156 2187 3417 2243 praenun-

1848 2273 2019 2326 tiavit.
2063 2291 2084 2323 ι

1915 2363 2059 2418 Idem
2091 2363 2337 2418 oratione
2367 2364 2432 2417 ad
2472 2363 2792 2427 monachos,
2825 2376 2946 2429 qua:
2976 2358 3210 2429 in’cipit:
3249 2376 3268 2408 ι
3306 2354 3413 2410 Ve-

1844 2463 1972 2509 strm
2002 2454 2312 2509 dilectionis
2339 2453 2585 2508 discendi
2623 2451 2914 2521 cupiditas,
2956 2459 3012 2505 et
3061 2448 3267 2503 laboris
3301 2454 3418 2502 stu-

1842 2544 1990 2597 dium
2031 2544 2256 2614 dignum
2298 2559 2422 2598 esse
2460 2543 2609 2596 omni
2645 2541 3086 2598 consideratione
3129 2547 3351 2606 reputo,
3391 2553 3410 2585 ι

1843 2645 1969 2705 post
2027 2637 2196 2689 multa
2254 2635 2361 2689 alia
2415 2633 2654 2688 adnectit
2700 2651 2715 2687 :
2769 2650 2789 2681 ι
2828 2631 3067 2699 Spiritus
3119 2628 3419 2683 clIunditur

1840 2725 2085 2793 quidem,
2127 2725 2374 2796 procedit
2426 2724 2659 2787 scilicet,
2715 2724 2791 2777 uti
2859 2738 2925 2777 ex
2986 2720 3137 2775 fonte
3201 2719 3309 2773 Deo
3361 2725 3416 2772 et

1840 2819 2026 2879 Patre,
2077 2818 2456 2887 suppeditatur
2495 2830 2626 2870 vero
2673 2813 2941 2871 creaturis
2987 2828 3082 2883 per
3131 2811 3353 2865 Filium.
3390 2829 3409 2860 ι

1914 2910 2137 2981 Magnus
2170 2910 2506 2964 Athanasius
2556 2908 2612 2961 in
2643 2907 2920 2977 colloquio
2955 2903 3257 2961 Orthodoxi
3289 2916 3414 2958 cum

1841 3001 2254 3065 Macedoniam,
2293 2999 2426 3055 dicit
2458 3017 2473 3054 :
2511 3018 2531 3050 ‹
2568 2998 2725 3053 Absit
2764 3008 2826 3052 ut
2857 2997 3035 3052 dicam
3058 2995 3263 3066 aliquid
3296 3006 3418 3048 esse

1842 3095 2176 3149 adst-ititium
2231 3099 2284 3149 in
2334 3094 2540 3164 Spiritu
2588 3103 2803 3149 sancto.
2851 3091 3041 3162 Neque
3089 3092 3233 3147 enim
3290 3106 3417 3147 san-

167 3156 347 3224 ἀγιον,
374 3157 498 3212 οὐτε
528 3159 591 3212 τὸ
620 3162 917 3235 ἄφθαρτον,
943 3168 1071 3223 οὔτε
1096 3172 1157 3225 τὸ
1195 3174 1487 3242 ἀθάνατον,
1525 3156 1650 3234 οὔτε
1678 3181 1735 3235 τὸ

1855 3193 2018 3250 etum,
2085 3199 2263 3254 neque
2327 3182 2764 3253 incorruptmile,
2842 3198 3019 3249 neque
3081 3181 3413 3245 immortale,

168 3252 400 3321 ἀγαθὸν,
431 3256 555 3309 οὐτε
581 3255 709 3311 ἄλλο
748 3277 801 3312 τι
824 3258 931 3314 τῶν
959 3263 1089 3333 περὶ
1114 3263 1207 3318 τὸν
1246 3266 1379 3322 Θεὸν
1426 3270 1740 3342 θεωρουμέ-

165 3362 277 3397 νων
332 3346 478 3414 λέγω
513 3345 654 3405 εἶναι
694 3353 994 3422 ἐπίκτητον
1048 3356 1145 3410 τοῦ
1184 3358 1340 3426 ἁγίου
1394 3361 1733 3432 Πνεύματος,

168 3436 304 3489 ἀλλά
328 3439 491 3507 φύσει
516 3441 695 3509 ἅγιον,
732 3443 894 3512 φύσει
916 3446 1213 3518 ἄφθαρτον,
1247 3450 1322 3514 ὡς
1350 3451 1578 3523 Πνεῦμα
1603 3454 1738 3507 Θεοῦ

168 3530 265 3582 καὶ
302 3530 362 3595 ἐξ
397 3531 563 3585 αὐτοῦ
603 3535 875 3606 πηγάζον,
912 3538 1089 3593 εῐτουν
1112 3543 1566 3615 ἐκπορευόμενον.
1605 3563 1627 3600 3

250 3620 308 3675 '0
332 3623 489 3687 ἅγιος
513 3624 780 3694 Κύριλλος
795 3630 853 3682 ἐν
880 3630 962 3686 ἐν).
980 3631 1089 3684 τῶν
1120 3634 1431 3701 κεφαλαίων
1452 3637 1543 3690 τοῦ
1566 3637 1611 3708 β’
1630 3638 1737 3693 τῶν

173 3711 475 3784 Θησαυρῶν
522 3734 725 3786 φησιν·
765 3737 784 3770 ι
841 3721 954 3790 Οὐχ
983 3721 1176 3788 οὕτως,
1231 3720 1276 3779 ὧ
1321 3726 1613 3797 βέλτιστοι,
1668 3733 1738 3784 τὰ

173 3804 350 3859 πάντα
379 3808 562 3877 φαμὲν
588 3810 653 3862 ἐκ
682 3811 776 3863 τοῦ
801 3811 960 3878 Θεοῦ,
990 3815 1244 3888 καθάπερ
1270 3820 1365 3873 καὶ
1394 3821 1456 3873 τὸ
1489 3823 1734 3891 Πνεῦμα.

170 3895 245 3948 Τὸ
272 3895 371 3965 μὲν
393 3897 503 3967 γάρ
531 3902 647 3951 ἐστι
674 3902 916 3968 φυσικῶς
961 3904 1269 3979 ἐνυπάρχον
1324 3912 1419 3964 καὶ⁵
1462 3913 1736 3977 οὐσιωδῶς

171 3988 516 4059 ἐμπεπηγὸς,
550 3989 618 4044 ἵν’
652 3989 827 4057 οὕτως
876 3995 1141 4066 εἴπωμεν,
1192 3999 1287 4052 καὶ
1337 4001 1649 4071 ἀμερίστως
1678 4005 1736 4070 ἐξ

170 4078 334 4131 αὐτοῦ
386 4081 596 4148 προϊὸν,
640 4083 710 4138 τὰ
757 4084 815 4138 δὲ
860 4086 963 4156 τῆς
1008 4088 1288 4159 ἐνεργείας
1332 4092 1471 4162 ἔργα
1493 4093 1591 4148 καὶ
1620 4112 1738 4148 ποι-

175 4170 207 4238 ή
217 4187 386 4237 ματα.

242 4263 349 4318 Καὶ
399 4265 561 4318 πάλιν
592 4268 651 4320 ὲν
683 4267 827 4339 ἂλλῳ
852 4283 868 4297 ⁸
905 4289 926 4323 ε
984 4272 1060 4325 Οὐ
1101 4272 1383 4343 διώρισται
1420 4277 1520 4346 τῆς
1550 4278 1739 4342 οὐσίας

174 4355 269 4421 τῆς
296 4353 469 4420 θείας,
508 4355 624 4409 ἀλλ’
675 4356 734 4421 ἐξ
766 4360 937 4429 αὐτῆς
988 4362 1236 4429 φυσικῶς
1290 4365 1735 4435 ἐκπεμπόμενον,

174 4443 294 4514 ὅλην
335 4443 449 4514 ἔχει
497 4446 591 4499 τοῦ
627 4449 840 4519 Πατρὸς
880 4453 975 4504 καὶ
1020 4452 1150 4505 Υἱοῦ
1178 4452 1276 4525 τὴν
1307 4455 1605 4523 ἐνέργειαν.

1845 3288 2022 3343 neque
2057 3273 2284 3337 bonum,
2322 3288 2500 3342 neque
2540 3271 2742 3342 aliquid
2792 3271 2937 3326 aliud
2971 3287 3039 3327 ex
3071 3272 3212 3326 circa
3249 3271 3415 3323 Deum

1840 3360 2166 3418 examinatis
2213 3361 2334 3415 dico
2383 3374 2507 3415 esse
2551 3358 2887 3415 adscititium
2947 3357 3119 3413 sancti
3157 3355 3416 3426 Spiritus,

1844 3455 1937 3509 sed
1986 3462 2180 3508 natura
2211 3461 2489 3515 sanctum,
2526 3460 2724 3507 natura
2773 3450 3192 3520 iueorruptibile
3226 3457 3310 3504 est
3338 3448 3416 3501 uti

1842 3545 2070 3614 spiritus
2102 3542 2318 3599 Domini
2348 3558 2412 3598 ex
2444 3543 2559 3613 ipso
2577 3543 2858 3608 exsiliens,
2894 3543 3010 3597 sive
3040 3541 3360 3610 procedens.
3390 3559 3408 3590 ι

1916 3635 2150 3690 Sanctus
2192 3633 2429 3704 Cyrillus
2476 3635 2533 3688 in
2586 3650 2696 3689 uno
2735 3649 2802 3689 ex
2845 3633 3119 3703 capitibus
3154 3630 3282 3686 libri
3331 3645 3419 3686 se;

1841 3726 2003 3781 eundi
2060 3723 2510 3788 Thesaurorum,
2576 3723 2653 3776 ait
2705 3739 2780 3777 τι
2819 3720 2937 3776 Νοη
2998 3720 3101 3775 hac
3159 3720 3413 3782 ratione,

1840 3831 1873 3871 ο
1905 3815 2119 3882 optimi,
2154 3814 2338 3868 omnia
2379 3813 2612 3868 dicimus
2663 3829 2728 3867 ex
2785 3812 2918 3879 Deo,
2954 3809 3412 3877 quemadmodum

1841 3918 1896 3963 et
1946 3905 2233 3977 Spiritum.
2288 3903 2533 3974 Spiritus
2580 3918 2727 3959 entm
2774 3901 3102 3956 naturaliter
3148 3900 3313 3964 inest,
3363 3909 3412 3954 et

1840 3996 2211 4052 essentialiter
2244 3994 2448 4049 inﬁxus
2480 4001 2584 4056 est,
2615 4002 2677 4046 ut
2709 3993 2786 4047 ita
2819 3991 3087 4056 dicamus,
3119 3998 3175 4045 et
3213 3988 3404 4044 indivi-

1841 4087 2072 4142 sibiliter
2101 4100 2168 4140 ex
2198 4085 2290 4140 illo
2321 4091 2649 4154 promanat;
2687 4083 2804 4138 haec
2839 4090 3021 4136 autem
3073 4088 3202 4136 sunt
3243 4078 3409 4135 actio-

1840 4181 1929 4234 nis
1955 4188 2123 4246 Opera
2153 4184 2209 4231 et
2236 4187 2526 4230 creaturae.
2565 4191 2584 4224 ι

1912 4270 1980 4324 Et
2012 4283 2207 4325 rursus
2238 4266 2293 4321 in
2322 4266 2431 4322 alio
2458 4283 2472 4320 :
2508 4284 2527 4316 ι
2561 4262 2680 4318 Non
2727 4271 3016 4334 separatur
3056 4278 3085 4318 a
3112 4262 3295 4319 divina
3324 4276 3410 4318 es-

1839 4360 2037 4424 sentia,
2072 4367 2126 4414 et
2171 4373 2237 4412 ex
2273 4357 2364 4412 illa
2412 4355 2738 4412 naturaliter
2770 4353 3055 4424 egrediens
3097 4353 3409 4408 universam

1842 4453 1897 4506 in
1935 4468 1994 4506 se
2026 4449 2208 4506 Patris
2240 4460 2294 4503 et
2322 4449 2485 4502 etiam
2516 4446 2639 4501 Filii
2669 4447 2941 4500 actionem
2977 4444 3241 4499 continet.
3278 4462 3297 4496 ι

241 4538 342 4590 Καὶ
357 4538 519 4592 πάλιν
546 4541 604 4592 ἐν
625 4540 768 4610 ἄλλῳ
787 4556 801 4571 ⁸
824 4560 844 4593 ι
866 4542 1026 4597 Ἀλλά
1049 4547 1199 4614 μενεῖ
1223 4546 1321 4614 μὲν
1349 4546 1500 4617 αὐτῷ
1521 4545 1730 4617 κυρίως

1907 4545 2051 4600 Idem
2107 4543 2163 4595 in
2198 4540 2305 4595 alio
2343 4557 2358 4595 :
2396 4558 2414 4591 ι
2449 4538 2556 4593 Sed
2614 4538 2854 4593 manebit
2908 4537 2963 4590 in
2998 4537 3118 4607 ipso
3154 4534 3289 4590 illud
3336 4550 3404 4591 ex

176 4629 233 4679 τὸ
266 4628 322 4692 ἐξ
349 4621 433 4691 οὐ,
457 4629 548 4683 διὰ
580 4631 643 4683 τὸ
676 4633 738 4685 ἐκ
766 4634 864 4703 τῆς
899 4634 1089 4697 οὐσίας
1121 4630 1265 4690 εἶναι
1292 4637 1387 4690 τοῦ
1419 4637 1655 4706 Πατρός.
1694 4657 1713 4690 ι

248 4719 350 4772 Καὶ
374 4720 537 4774 πάλιν
554 4724 613 4774 ἐν
629 4721 772 4792 ἄλλῳ
798 4739 813 4753 ·
843 4722 1145 4795 «Πρόδηλον
1168 4727 1250 4780 ὅτι
1274 4728 1372 4797 τῆς
1394 4727 1545 4791 θείας
1572 4728 1720 4782 ἐστὶν

177 4810 371 4879 οὐσίας,
410 4813 688 4878 οὐσιωδῶς
716 4815 775 4870 ἐν
814 4816 972 4887 αὐτῆ,
1018 4817 1112 4871 καὶ
1158 4818 1219 4884 ἐξ
1248 4820 1421 4893 αὐτῆς
1446 4821 1660 4892 προῖόν.
1708 4839 1727 4872 ο

243 4999 347 5053 Καὶ
372 5000 534 5056 πάλιν
559 5002 619 5056 ἐν
645 5001 790 5074 ἄλλῳ
812 5019 827 5035 ·
861 5021 881 5056 ι
932 5002 1063 5057 Ὅτε
1086 5002 1268 5059 τοίνυν
1305 5005 1369 5059 τὸ
1397 5005 1621 5074 Πνεῦμα
1665 5010 1727 5061 τὸ

181 5088 340 5157 ἅγιον,
362 5091 422 5144 ἐν
443 5092 579 5161 ἡμῖν
607 5091 922 5163 γενόμενον,
942 5093 1304 5165 συμμόρφους
1327 5095 1476 5165 ἡμᾶς
1502 5096 1729 5150 ἀποδει-

183 5181 320 5235 κνύει
349 5182 508 5247 Θεοῦ,
534 5183 753 5253 πρόεισι
780 5183 838 5238 δὲ
858 5185 953 5238 καὶ
978 5187 1043 5239 ἐκ
1061 5186 1274 5258 Πατρὸς
1293 5187 1386 5240 καὶ
1411 5186 1568 5251 Υίοῦ,
1594 5188 1733 5258 πρό-

182 5273 322 5339 δηλον
348 5274 430 5328 ὅτι
466 5274 571 5344 τῆς
602 5274 754 5339 θείας
787 5276 938 5331 ἐστὶν
965 5277 1157 5343 οὐσίας
1183 5276 1462 5342 οὐσιωδῶς
1494 5279 1556 5333 ὲν
1588 5280 1726 5351 αὐτῇ

186 5364 267 5419 καὶ
288 5365 343 5430 ἐξ
364 5366 540 5437 αὐτῆς
571 5367 782 5436 προῖόν.
821 5385 843 5420 ι

250 5456 304 5511 '0
327 5456 491 5520 αὐτὸς
520 5458 580 5510 ἐν
607 5456 686 5528 τῷ
714 5458 851 5527 πρὸς
878 5459 1174 5529 Νεστόριον
1194 5459 1340 5531 λόγῳ
1362 5464 1536 5531 φησίν
1561 5477 1575 5492 ·
1610 5479 1629 5511 ι
1666 5460 1728 5514 Εἰ

190 5547 283 5617 γὰρ
307 5548 396 5602 καὶ
419 5548 571 5604 ἐστιν
594 5553 655 5604 ἐν
681 5550 979 5607 ὑποστάσει
1008 5550 1072 5604 τὸ
1106 5551 1331 5622 Πνεῦμα
1373 5553 1539 5624 ίδικῇ,
1591 5552 1726 5606 καθὸ

190 5635 387 5708 Πνεῦμά
411 5640 552 5707 ἐστι,
578 5640 674 5695 καὶ
694 5641 795 5713 οὐχ
824 5644 950 5707 rw;
972 5660 988 5678 ο
1030 5643 1144 5699 ἀλλ’
1175 5643 1268 5700 οῦν
1321 5643 1492 5717 ἐστινξ
1505 5645 1606 5700 οὐκ
1634 5645 1728 5698 ἀλ·-

250 5794 283 5827 ³⁸
306 5796 457 5854 Joan.
492 5815 605 5867 1m,
638 5797 726 5867 I2,
761 5798 843 5853 15.

1840 4651 1970 4705 quo.
1999 4633 2145 4703 quod
2177 4648 2243 4688 ex
2269 4630 2448 4686 Patris
2477 4630 2715 4685 essentia
2744 4640 2848 4683 est.
2893 4647 2913 4680 ι

1876 4726 2152 4795 -Itentque
2174 4724 2250 4777 in
2285 4722 2390 4778 alio
2420 4739 2437 4778 :
2476 4739 2495 4772 ι
2526 4719 2877 4776 Manifestum
2929 4729 3014 4774 est
3039 4718 3239 4773 divinae
3288 4732 3406 4773 esse

1837 4817 2088 4874 essentia:
2139 4814 2509 4871 essentialiter
2544 4813 2599 4867 in
2651 4812 2793 4883 ipsa,
2830 4822 2887 4867 et
2933 4828 3000 4867 ex
3032 4812 3152 4884 ipsa
3187 4825 3403 4882 progre-

1837 4907 2014 4963 diens.
2057 4925 2075 4958 ι

1908 4999 2237 5068 Rursusque
2269 4996 2324 5051 in
2359 4995 2467 5052 alio
2500 5013 2515 5051 :
2552 5014 2571 5046 ι
2609 4993 2746 5049 Cum
2782 4993 2965 5063 itaque
2991 4991 3229 5062 Spiritus
3273 5007 3406 5047 san-

1837 5104 1959 5147 etus
1994 5088 2064 5142 ad
2097 5103 2199 5142 nos
2229 5086 2497 5144 accedens
2531 5087 2844 5141 coniormes
2866 5099 2970 5141 nos
3001 5083 3113 5139 Deo
3146 5084 3406 5139 ostende-

1837 5183 1928 5247 rit,
1959 5178 2302 5251 progreditur
2332 5192 2461 5232 vero
2492 5191 2559 5230 ex
2592 5176 2751 5231 Patre
2783 5184 2837 5232 et
2863 5174 3020 5238 Filio,
3052 5173 3404 5229 manifestum

1835 5286 1919 5328 est
1965 5270 2118 5326 illum
2170 5268 2370 5323 divinae
2416 5268 2673 5323 essentia:
2720 5283 2867 5333 esse,
2921 5264 3288 5323 esseutialiter
3346 5265 3439 5320 in’

1836 5365 1953 5433 ipsa
1979 5369 2033 5416 et
2061 5376 2124 5415 cx
2157 5360 2271 5429 ipsa
2305 5366 2744 5429 promanantem.
2781 5377 2802 5409 ι

1906 5455 2054 5509 Idem
2101 5453 2350 5509 oratione
2399 5451 2470 5507 ad
2505 5450 2816 5506 Nestorium
2850 5452 2927 5505 ait
2958 5467 2973 5505 :
3012 5468 3031 5502 ι
3061 5449 3216 5506 Licet
3255 5449 3401 5505 enim

1840 5545 2074 5617 Spiritus
2126 5546 2178 5599 in
2232 5544 2448 5614 propria
2499 5542 2776 5615 hypostasi
2813 5542 2884 5597 sit
2926 5557 2988 5596 ea
3022 5543 3258 5608 ratione,
3293 5558 3400 5615 qua

1836 5643 2070 5715 Spiritus
2095 5653 2199 5712 est,
2234 5652 2421 5700 etnon
2456 5642 2646 5707 Filius,
2678 5655 2782 5697 non
2815 5640 2937 5698 ideo
2971 5650 3153 5696 tamen
3189 5642 3401 5698 alienus
