3958 6402
218 341 324 403 673

770 451 1115 504 ΕΠΙΓΡΑΦΠ
1161 449 1241 505 Il'.

303 540 521 608 Ἐπειδὴ
544 555 711 602 τινες,
748 540 1039 601 ἀκούοντες
1062 539 1122 591 τὸ
1170 536 1391 606 Πνεῦμα
1443 537 1504 589 τὸ
1536 535 1691 603 ἅγιον
1722 536 1787 587 ὲκ

215 632 313 685 τοῦ
348 630 475 682 Υἰοῦ
504 632 753 700 ὑπάρχον
787 633 881 683 καὶ
907 630 1209 692 ἁναϐλύξον
1261 632 1359 682 καὶ
1395 628 1609 698 προϊὸν,
1665 630 1787 698 οὐχὶ

216 725 315 789 τὴν
344 722 496 774 θείαν
514 723 684 789 φύσιν
715 724 808 776 τοῦ
840 724 1156 792 Πνεύματος
1188 723 1250 774 ἐκ
1278 724 1375 790 τῆς
1407 721 1556 782 θείας
1601 721 1788 785 οὐσίας

216 815 315 866 καὶ
346 813 563 880 φύσεως
589 812 685 866 τοῦ
722 813 854 867 Υίοῦ
903 813 1173 882 πηγάζειν
1204 814 1296 865 καὶ
1349 810 1674 876 ἀναϐλύζειν
1702 829 1790 865 τε-

216 903 627 974 ρατολογοῦσιν,
653 903 790 958 ἀλλὰ
823 902 884 955 τὸ
920 906 1290 973 πνευματικὸν
1316 903 1563 973 χάρισμα
1597 903 1657 955 τὸ
1676 905 1790 966 τοῖς

217 993 393 1057 ἀξίοις
417 994 818 1063 ὲπιγινόμενον,
852 995 939 1047 διὰ
967 999 1027 1047 τὸ
1060 996 1159 1065 τὴν
1200 994 1559 1065 ὲγγινομὲνην
1604 996 1790 1058 αὐτοῖς

223 1083 498 1152 ἐνοίκησιν
539 1084 639 1152 τῆς
693 1083 970 1155 πανταχοῦ
1015 1085 1301 1154 παρούσης
1366 1085 1621 1155 θεότητος
1693 1085 1789 1138 τοῦ

218 1171 377 1239 ἁγίου
411 1172 732 1241 Πνεῦματος
760 1174 1027 1244 σχετικῶς
1050 1175 1322 1242 γίνεσθαι,
1355 1174 1497 1227 οὕτω
1525 1176 1585 1227 τὸ
1614 1173 1793 1227 τοιοῦ-

218 1279 312 1315 τον
350 1263 786 1333 ἐκλαμϐάνοντες
813 1265 1082 1334 χάρισμα,
1110 1264 1299 1336 ὥσπερ
1326 1266 1392 1320 ἂν
1423 1268 1470 1319 εί
1493 1267 1794 1336 ἁποδιῃρη-

221 1355 388 1423 μένον
416 1356 509 1409 καὶ
536 1356 1042 1427 ἀποδιεσπασμένον
1072 1359 1171 1429 τῆς
1203 1359 1354 1422 θείας
1385 1359 1571 1421 οὐσίας
1619 1363 1792 1413 νοοῖτο

220 1444 316 1497 τοῦ
348 1446 664 1515 Πνεύματος
685 1464 701 1480 ο
737 1444 1104 1519 συνελέγησαν
1128 1453 1187 1503 αἱ
1216 1450 1791 1521 παροῦσαι-γραφικαὶ

220 1535 476 1605 χρήσεις,
541 1537 599 1603 ἐξ
636 1530 715 1591 ὧν
742 1539 863 1608 Δἔχει
890 1557 974 1603 τις
1024 1542 1318 1609 διαγνῶναι
1345 1543 1444 1608 ὡς,
1500 1543 1601 1595 κᾶν
1632 1545 1726 1596 καὶ
1758 1544 1790 1613 ὴ

219 1627 553 1698 ἐγγινομένη
575 1631 686 1693 τοῖς
715 1630 884 1695 ἀξίοις
905 1633 1179 1703 ὲνοίκησις
1198 1634 1293 1686 τοῦ
1326 1635 1593 1702 παναιτίου
1619 1634 1790 1687 Πνεῦ-

224 1734 404 1786 ματος
440 1722 665 1790 σχετική
699 1723 847 1774 ἐστιν
875 1723 1131 1794 ἀρρήτως
1166 1725 1263 1776 καὶ
1293 1725 1431 1794 ὑπὲρ
1470 1725 1647 1792 λόγον,
1671 1726 1786 1778 ἀλλ’

220 1808 348 1860 ἐπεὶ
383 1811 497 1861 ἐκεῖ
519 1811 587 1864 τὰ
616 1811 931 1880 χαρίσματα
955 1814 1048 1865 τοῦ
1088 1815 1406 1884 Πνεύμοιτος
1439 1818 1789 1886 προχέονται,
1815 1799 1818 1802 ’

219 1898 360 1951 ὅπου
395 1900 427 1969 ἡ
472 1901 592 1953 θεία
626 1903 787 1971 φύσις
808 1904 981 1958 αὑτοῦ
1015 1908 1279 1975 σχετικῶς
1322 1910 1616 1975 ἐνοικήσει,
1662 1909 1795 1962 αὐτὸ

225 1990 291 2044 τὸ
328 1990 554 2062 Πνεῦμα
582 1994 644 2046 τὸ
679 1996 834 2063 ἆγιον
867 1998 930 2050 τὸ
971 1998 1033 2050 ἓν
1078 2000 1177 2066 τῆς
1237 2001 1484 2070 Τριάδοε,
1528 2003 1621 2053 καὶ
1658 2018 1794 2071 συμ-

222 2081 575 2154 πληρωτικὸν
603 2085 706 2156 τῆς
742 2088 995 2158 Τριάδος,
1046 2089 1184 2158 ὅπερ
1211 2091 1361 2143 ἐστὶν
1387 2093 1420 2160 ἡ
1467 2091 1587 2144 θεία
1635 2092 1796 2159 φύσις

225 2175 320 2228 καὶ
344 2176 547 2240 τέλειος
578 2177 715 2242 Θεὸς
741 2177 818 2243 ὡς
850 2181 880 2232 ὁ
918 2180 1106 2251 Πατὴρ
1137 2183 1229 2235 καὶ
1278 2185 1306 2235 ὁ
1351 2182 1477 2245 Υίδς
1516 2183 1794 2253 δηλοῦται,

222 2265 355 2318 ὅταν
385 2283 468 2330 τις
501 2267 631 2339 λέγῃ
653 2270 714 2322 τὸ
750 2269 976 2340 Πνεῦμα
999 2271 1061 2324 τὸ
1100 2273 1256 2341 ἅγιον
1283 2275 1496 2345 προϊὸν,
1531 2277 1628 2330 καὶ
1660 2278 1800 2331 ἁνα-

226 2355 445 2423 6λύζον,
484 2359 581 2411 καὶ
609 2359 853 2431 ὑπάρχον
879 2363 946 2415 ὲκ
967 2361 1063 2415 τοῦ
1092 2363 1244 2417 Υίοῦ.

310 2448 369 2502 ’0
402 2448 558 2517 ἅγιος
607 2451 874 2522 Κύριλλος
913 2455 973 2508 ὲν
1018 2452 1095 2525 τῷ
1135 2456 1180 2519 ζ’
1203 2456 1312 2510 τῶν
1365 2458 1504 2528 πρὸς
1538 2459 1799 2530 Ἑρμείαν

229 2538 433 2606 φησιν*
469 2558 489 2591 ι
522 2540 638 2594 Καὶ
662 2541 793 2610 γοῦν
822 2536 850 2597 δ
885 2544 1088 2615 Κύριος
1121 2546 1280 2616 ἡμῶν
1320 2549 1528 2617 Ἰησοῦς
1564 2551 1799 2620 Χριστὸς

226 2628 360 2698 περὶ
389 2630 610 2698 παντὸς,
636 2632 811 2702 οἶμαι,
850 2637 1041 2688 πιστοῦ
1072 2654 1130 2690 τε
1166 2639 1259 2692 καὶ
1282 2639 1507 2707 ἀγαθοῦ,
1545 2660 1566 2693 ‹
1616 2642 1799 2696 Ἐλευ-

232 2717 463 2788 σόμεθα,
501 2738 518 2771 t
564 2722 748 2792 φησὶν,
795 2742 814 2776 ι
851 2724 963 2792 ἐγὼ
1025 2729 1120 2781 καὶ
1164 2730 1192 2780 ὁ
1249 2730 1460 2801 Πατὴρ,
1493 2732 1587 2786 καὶ
1632 2735 1800 2806 μονὴν

227 2808 364 2878 παρ’
391 2807 540 2880 αὐτῷ
571 2812 934 2882 ποιησόμεθα.
973 2833 994 2868 ι
1044 2818 1156 2870 Καὶ
1189 2817 1248 2872 ἐν
1307 2835 1371 2888 γε
1419 2820 1594 2893 τούτῳ
1619 2822 1801 2891 φγινώ-

233 2913 441 2967 σκομεν
471 2901 553 2952 ὅτι
584 2902 640 2954 ὲν
662 2904 796 2973 ἡμῖν
830 2905 977 2958 ἐστιν
1014 2907 1078 2959 ἐκ
1109 2907 1200 2961 τοῦ
1215 2910 1550 2980 Πνεύματος,
1586 2907 1646 2964 οὗ
1679 2912 1803 2965 ἐδω-

243 3004 347 3039 κεν
379 2990 530 3058 ἡμῖν.
568 2992 816 3047 Ἐνοικον
876 2995 985 3067 γὰρ
1047 3000 1142 3051 καὶ
1193 3000 1580 3070 ὲνηυλισμένον
1632 3021 1802 3057 κατα-

1621 333 1932 392 ΕΡΙὸΙὶΑΙ
1963 329 2111 389 ἱΙίΕ.

1815 448 1867 505 Α

2388 438 2776 497 ΕΡῘΕΒᾹΡΙΙΕ
2817 441 2955 495 VIII.

1960 532 2100 587 Cum
2157 531 2382 600 quidam
2427 532 2708 588 audientes
2761 531 3025 598 Spiritum
3084 543 3334 589 sanctum
3398 551 3459 588 ex

1889 622 2055 677 Patre
2091 636 2235 686 esse,
2266 636 2541 684 emanare,
2578 629 2634 676 et
2666 622 2878 691 egredi,
2913 637 3020 677 non
3053 624 3293 676 divinam
3331 624 3460 688 Spi-

1888 715 2033 768 ritus
2064 722 2340 774 naturam,
2381 727 2448 766 ex
2483 714 2667 767 divina
2715 714 2953 769 essentia
3001 723 3055 767 ('I.
3106 724 3294 768 natura
3341 713 3461 766 Filii

1887 820 2171 867 etttanare.
2219 817 2273 859 et
2306 804 2525 859 etﬂuere
2572 805 2882 875 prodigiosa
2916 805 3244 873 loquacitate
3283 820 3461 858 enun-

1890 897 2052 959 tiant,
2087 896 2182 950 sed
2228 896 2476 964 spiritale
2510 896 2712 950 donum
2760 895 2936 963 dignis
2984 895 3303 957 adveniens,
3339 909 3460 961 pro-

1890 1000 2012 1058 pter
2066 987 2373 1041 immissam
2416 987 2469 1040 in
2518 988 2665 1055 ipsos
2720 987 3172 1041 inhabitationem
3224 987 3356 1039 locis
3407 987 3461 1038 in

1891 1080 2153 1134 omnibus
2187 1079 2469 1147 praesentis
2503 1079 2723 1133 deitatis
2764 1078 2939 1131 sancti
2976 1077 3211 1145 Spiritus
3250 1079 3463 1129 habitu-

1893 1171 2018 1225 dine
2052 1169 2288 1239 quadam
2330 1170 2466 1235 ﬁeri,
2500 1170 2600 1223 hac
2649 1170 2856 1223 ratione
2900 1168 3100 1222 donum
3145 1169 3464 1236 concipien-

1892 1275 1999 1327 tes,
2048 1262 2206 1331 quasi
2258 1262 2389 1315 illud
2459 1261 2770 1330 seiunctum
2831 1274 2895 1314 ac
2919 1259 3155 1314 divisum
3204 1274 3235 1311 a
3277 1259 3463 1311 divina

1897 1363 2095 1408 natura
2146 1351 2385 1422 Spiritus
2434 1353 2847 1422 intelligeretur,
2899 1359 3199 1419 praesentes
3251 1351 3461 1419 scripto

1894 1447 2167 1500 mandata:
2200 1445 2560 1498 auctoritates
2593 1444 2834 1497 collecta:
2884 1450 3035 1504 sunt,
3072 1440 3272 1511 quibus
3305 1440 3465 1506 quili-

1894 1539 1984 1593 bet
2028 1537 2351 1606 dignoscere
2402 1537 2625 1605 poterit,
2660 1536 2786 1589 licet
2833 1534 3136 1589 adveniens
3183 1533 3236 1585 in
3269 1531 3465 1601 dignos

1893 1629 2227 1685 sanctissimi
2275 1627 2510 1697 Spiritus
2563 1627 2890 1682 inhabitatio
2927 1623 3321 1680 habitudinalis
3370 1623 3465 1687 sit,

1893 1730 1946 1775 et
1987 1735 2151 1788 supra
2197 1734 2416 1773 onmem
2462 1719 2754 1779 rationem,
2787 1716 2883 1772 sed
2923 1732 3045 1772 cum
3102 1716 3171 1767 ihi
3226 1714 3466 1783 Spiritus

1894 1827 2122 1864 munera
2186 1809 2610 1878 profunduntur,
2663 1807 2754 1862 ubi
2807 1808 2992 1860 divina
3044 1805 3219 1875 ipsius
3267 1814 3467 1858 natura

1896 1901 2241 1956 hahitualiter
2270 1899 2673 1961 inhabitaverit,
2707 1899 2882 1966 ipsum
2914 1895 3175 1964 Spiritum
3209 1905 3462 1949 sanctum

1900 2009 2069 2046 unmn
2111 1991 2418 2053 Trinitatis,
2452 1990 2708 2059 illiusque
2735 1989 3140 2057 completivum,
3173 1987 3263 2055 qui
3284 1985 3469 2039 divina

1897 2095 2090 2138 natura
2135 2095 2240 2149 est,
2284 2097 2337 2137 et
2376 2084 2650 2151 perfectus
2686 2080 2829 2136 Deus
2860 2082 2937 2134 uti
2976 2079 3135 2133 Pater
3185 2088 3241 2132 et
3286 2076 3461 2131 Filius

1895 2176 2214 2245 signiﬁcari,
2259 2190 2384 2230 cum
2425 2174 2701 2243 quispiam
2745 2171 2946 2227 dixerit
2996 2168 3271 2240 progredi,
3317 2167 3470 2221 exsi-

1898 2268 2019 2335 lire,
2051 2276 2107 2324 et
2133 2282 2257 2322 esse
2284 2282 2351 2319 ex
2388 2264 2548 2321 Filio.

1969 2449 2205 2522 Cyrinus
2231 2449 2369 2504 libro
2403 2463 2475 2502 νη
2502 2447 2572 2502 ad
2601 2446 2899 2512 IIermiam,
2942 2447 3022 2501 ait
3054 2463 3070 2501 :
3112 2465 3131 2498 ι
3172 2444 3332 2502 Unde
3362 2445 3469 2501 Do-

1899 2543 2079 2598 minus
2116 2550 2301 2596 noster
2325 2539 2486 2595 Jesus
2509 2540 2762 2595 Christus
2790 2540 2858 2594 de
2881 2538 3031 2593 omni
3060 2538 3204 2593 fideli
3233 2549 3288 2592 et
3320 2540 3468 2620 bopo

1900 2633 2152 2694 arbitror,
2189 2632 2370 2700 inquit
2396 2647 2411 2683 :
2438 2647 2457 2681 ι
2493 2629 2784 2685 Veniemus
2812 2644 2915 2698 ego
2940 2639 2993 2683 et
3026 2629 3212 2693 Pater,
3239 2638 3293 2684 et
3317 2643 3473 2682 man-

1902 2725 2111 2780 sionem
2139 2722 2405 2778 faciemus
2433 2723 2575 2791 apud
2616 2735 2742 2776 eum
2762 2720 2836 2776 ⁸ο.
2871 2740 2889 2772 ο
2938 2719 3002 2773 Ει
3048 2720 3103 2774 in
3143 2721 3246 2775 hoc
3267 2734 3474 2788 cogno-

1904 2813 2134 2879 scimus,
2188 2810 2336 2882 quod
2392 2811 2445 2864 in
2490 2810 2649 2865 nobis
2685 2819 2791 2872 est,
2842 2811 2976 2879 quia
3023 2809 3090 2863 de
3131 2808 3339 2878 Spiritu
3370 2824 3473 2863 suo

1901 2905 2048 2959 dedit
2078 2904 2254 2958 nobis.
2278 2901 2501 2957 Videtur
2527 2901 2673 2957 enim
2701 2902 2795 2971 qui
2838 2900 3098 2971 Spiritum
3122 2900 3212 2955 Dei
3243 2903 3473 2970 accepit,

1901 2997 2047 3066 quod
2074 2996 2350 3065 acceperit
2388 3010 2602 3061 verum,
2634 3003 2689 3047 et
2725 3001 2915 3046 natura
2957 2991 3123 3047 Deum
3167 2992 3478 3045 inhabitan—

231 3078 493 3150 πλουτοίη
523 3099 607 3144 τις
640 3082 706 3136 ἂν
731 3085 823 3139 τὸν
846 3087 1006 3154 φύσει
1025 3104 1084 3141 τε
1108 3091 1200 3142 καὶ
1230 3091 1444 3162 ἀληθῶς
1476 3093 1608 3146 ὄντα
1640 3096 1795 3161 Θεὸν,

1906 3098 2009 3143 tem
2037 3128 2052 3152 ,
2101 3101 2213 3141 non
2257 3087 2494 3140 alienum
2541 3096 2594 3139 et
2641 3095 2950 3155 separatum
2993 3085 3432 3139 substantialiter
3458 3121 3474 3145 ,

226 3168 332 3221 οὐκ
358 3171 638 3250 ἀλλότριόν
660 3191 712 3227 τι
745 3178 839 3229 καὶ
866 3178 1286 3250 διεσπασμένον,
1329 3186 1601 3250 οὐσιωδώς
1631 3189 1796 3244 αὐτοῦ

227 3259 293 3313 τὸ
330 3261 555 3333 Πνεῦμα
578 3265 776 3332 λαϐὼν,
809 3269 944 3322 ἀλλὰ
978 3271 1039 3323 τὸ
1067 3274 1123 3338 ἐξ
1153 3273 1319 3327 αὐτοῦ
1352 3293 1412 3328 τε
1444 3278 1539 3330 καὶ
1570 3283 1626 3331 ὲν
1649 3282 1798 3354 αὐτῷ

230 3361 330 3404 καὶ
359 3355 489 3406 ίδιον
522 3355 709 3421 αὑτοῦ,
758 3360 853 3410 καὶ
881 3359 978 3430 τὴν
1010 3363 1132 3431 ῑσην
1180 3363 1254 3426 ὠς
1285 3367 1419 3436 πρὸς
1451 3369 1580 3422 αὐτὸ
1606 3375 1794 3443 κυριό-

227 3459 370 3534 τητα
402 3445 619 3513 φοροῦν.
657 3465 678 3497 ι
711 3449 818 3501 Καὶ
851 3451 969 3519 μετ’
997 3451 1153 3521 ὀλίγα
1175 3470 1188 3484 ο
1222 3472 1242 3506 ι
1275 3457 1531 3528 Ἔπεμψε
1575 3460 1631 3514 δὲ
1667 3465 1799 3534 ἡμῖν

231 3533 293 3596 ἐξ
325 3535 560 3604 οὐρανοῦ
597 3537 689 3589 τὸν
720 3539 1100 3608 Παράκλητον,
1150 3543 1218 3595 δι’
1247 3537 1308 3595 οὗ
1368 3549 1461 3599 καὶ
1514 3552 1572 3602 ὲν
1598 3544 1643 3618 ᾧ
1677 3533 1798 3622 μεθ’

232 3623 394 3693 ἡμῶν
420 3627 537 3679 ἐστι
572 3631 664 3681 καὶ
697 3630 755 3683 ὲν
779 3631 912 3698 ἡμῖν
947 3632 1251 3702 αὐλίζεται,
1279 3637 1381 3689 οὐκ
1417 3640 1624 3697 ὀθνεῖον
1670 3646 1802 3714 ἡμῖν

232 3719 445 3789 ἔγχεον,
477 3721 613 3776 ἀλλὰ
642 3723 704 3776 τὸ
736 3724 836 3792 τῆς
861 3725 1048 3787 οὐσίας
1083 3728 1276 3792 αὐτοῦ,
1303 3731 1399 3785 καὶ
1426 3737 1527 3802 τῆς
1558 3735 1654 3788 τοῦ
1690 3739 1804 3791 Πα-

232 3814 364 3879 τρδς
392 3811 560 3866 αὑτοῦ
594 3814 724 3869 ἴδιον
747 3817 994 3889 Πνεῦμα.
1040 3838 1059 3871 t

318 3903 378 3953 ὐ
410 3904 571 3968 αὐτὸς
606 3907 663 3958 ὲν
714 3907 793 3977 τῷ
845 3910 983 3979 πρὸς
1035 3910 1295 3981 Ἑρμείαν
1324 3912 1370 3976 ζ’
1398 3915 1493 3968 τοῦ
1550 3916 1801 3989 διαλόγου

232 3994 402 4063 φησίν
427 4009 441 4025 ο
483 4013 500 4046 ι
545 3996 727 4065 Ἀγίου
766 4001 875 4071 γὰρ
904 4000 1056 4065 ὄντος
1081 4002 1176 4054 τοῦ
1231 4003 1367 4057 Θεοῦ
1418 4007 1560 4062 κατὰ
1617 4008 1801 4077 φύσιν,

236 4084 395 4153 ἅγιον
416 4087 687 4151 οὺσιωδῶς
712 4090 774 4142 τὸ
801 4090 1028 4159 Πνεῦμα
1074 4093 1195 4157 εστι
1242 4094 1311 4147 δι’
1335 4096 1502 4150 αὑτοῦ
1524 4115 1584 4153 τε
1620 4103 1713 4156 καὶ
1746 4103 1804 4158 ὲν

237 4177 388 4248 αὑτῷ
420 4177 515 4231 τοῦ
555 4180 712 4248 ἁγίου
753 4182 1046 4253 μεταλάχοι
1103 4202 1186 4249 τις
1227 4186 1313 4244 ἄν.
1360 4205 1380 4239 ι
1432 4189 1491 4243 '0
1547 4190 1805 4264 Ἑρμείας

238 4269 381 4340 πρὸς
413 4268 587 4324 ταῦτα
615 4286 629 4301 ·
664 4288 683 4322 ι
718 4273 832 4344 Οὐχ
852 4273 925 4337 ὡς
952 4275 1083 4328 ἴδιόν
1106 4293 1290 4345 φασιν,
1323 4278 1442 4333 ἀλλ’
1467 4281 1544 4346 ὡς
1569 4284 1806 4339 ἐπακτὸν

237 4361 457 4433 ἔχοντος
483 4365 575 4415 τὶν
605 4363 900 4433 ἀγιασμὸν,
928 4366 1347 4436 διακομίζοντός
1400 4387 1459 4424 τε
1504 4375 1569 4443 τῇ
1626 4376 1805 4428 κτίσει

1899 3182 1994 3235 sed
2026 3195 2149 3234 eum
2181 3180 2278 3249 qui
2311 3193 2376 3234 ex
2411 3181 2526 3242 illo,
2556 3186 2611 3233 et
2660 3181 2717 3231 in
2748 3179 2861 3239 illo,
2909 3187 2963 3232 et
3006 3178 3256 3246 proprius
3291 3178 3465 3237 illius,

1900 3280 1956 3327 et
1995 3270 2262 3341 aequalem
2313 3269 2471 3339 quasi
2516 3283 2639 3324 cum
2677 3269 2796 3339 ipso
2841 3271 3229 3338 proprietatem
3272 3269 3477 3324 ferens.

1905 3383 1924 3416 ι
1959 3365 2021 3418 Ει
2053 3364 2242 3433 paucis
2277 3363 2516 3418 additis:
2569 3380 2588 3414 ι
2633 3364 2778 3418 Misit
2811 3376 2990 3418 autem
3022 3361 3179 3418 nobis
3231 3363 3297 3417 de
3338 3362 3479 3416 coelo

1900 3457 2279 3519 Paracletum,
2343 3469 2442 3523 per
2508 3468 2670 3523 quem
2744 3456 3028 3508 nobiscum
3094 3462 3244 3518 est,
3303 3460 3360 3506 et
3422 3455 3479 3506 iu

1902 3547 2060 3601 nobis
2102 3544 2393 3601 inhabitat
2423 3583 2440 3609 ,
2494 3560 2604 3600 non
2671 3546 2908 3600 alienum
2961 3545 3121 3599 nobis
3167 3544 3477 3608 eﬁ‘undens,

1901 3638 1996 3693 sed
2038 3653 2152 3692 suae
2202 3635 2522 3693 substantiae
2559 3644 2616 3692 et
2657 3635 2837 3691 Patris
2878 3635 2964 3691 sui
3021 3634 3305 3705 proprium
3352 3635 3480 3704 Spi-

1901 3730 2081 3784 ritum.
2121 3746 2140 3779 ι

1975 3916 2122 3971 Idem
2156 3915 2223 3971 ad
2261 3914 2534 3970 IIermiam
2567 3915 2709 3969 libro
2738 3929 2815 3967 νιι
2844 3913 3066 3984 diaIOgi,
3124 3917 3242 3969 ait:
3283 3933 3301 3966 ι
3342 3913 3482 3969 Nam

1908 4022 2029 4063 cum
2061 4015 2288 4062 sanctus
2320 4006 2390 4060 sit
2417 4005 2561 4061 Deus
2597 4006 2899 4061 secundum
2940 4015 3217 4072 naturam,
3259 4016 3485 4061 sanctus

1906 4099 2337 4154 substantialiter
2365 4098 2604 4168 Spiritus
2631 4106 2737 4164 est,
2766 4112 2972 4169 perque
2997 4099 3176 4162 illum,
3214 4108 3270 4154 et
3300 4098 3353 4152 in
3386 4100 3480 4154 illo

1906 4188 2077 4244 sancti
2126 4188 2250 4257 quis
2312 4187 2583 4258 particeps
2644 4188 2724 4243 Iit.
2762 4208 2783 4240 ι
2851 4188 2933 4242 Ad
2998 4203 3121 4259 qua:
3169 4188 3420 4245 lIermias
3463 4206 3480 4242 :

1912 4278 2074 4335 «Non
2105 4287 2165 4333 ut
2202 4279 2482 4348 proprium
2514 4280 2728 4346 dicunt,
2776 4279 2875 4335 sed
2921 4288 2981 4333 ut
3028 4280 3395 4335 adventitium
3448 4296 3481 4334 a

1907 4368 2022 4425 Deo
2044 4369 2111 4424 ad
2135 4380 2419 4427 creaturas
2442 4372 2809 4427 transvehere.
2839 4388 2859 4422 ι
2891 4372 3129 4426 Sanctus
3151 4374 3481 4441 respondet:

239 4451 394 4521 παρὰ
415 4450 575 4505 Θεοῦ.
613 4471 631 4503 ι
683 4452 741 4506 '0
771 4454 961 4522 Ἀγιος
996 4457 1131 4525 πρὸς
1195 4458 1372 4513 ταῦτα
1397 4475 1413 4491 ο
1450 4478 1470 4512 ι
1531 4440 1799 4535 Προηγια-

1918 4479 1938 4513 ι
1971 4460 2159 4529 Itaque
2205 4462 2575 4517 sanctificatus
2595 4470 2754 4517 antea
2785 4461 3023 4531 Spiritus
3047 4440 3317 4517 creaturis
3348 4479 3481 4518 san-

247 4543 450 4611 σμένον
483 4537 577 4594 οὖν
608 4542 717 4612 ἄρα
745 4542 804 4596 τὸ
830 4543 1055 4614 Πνεῦμα
1080 4546 1170 4600 τὸν
1197 4548 1293 4619 οὐχ
1327 4549 1524 4605 ἑαυτοῦ
1554 4557 1664 4616 τοῖς
1696 4555 1811 4606 κτί-

241 4647 445 4701 σμασιν
481 4632 690 4705 ἐνίησιν
726 4634 1021 4703 άγιασμὸν,
1049 4635 1206 4706 εἴπερ
1246 4634 1387 4691 εἷναί
1413 4658 1591 4712 φαμεν
1611 4643 1809 4714 ἀληθὲς

239 4723 313 4787 ὡς
340 4724 400 4777 ἐν
428 4742 493 4794 γε
523 4730 695 4781 ’τιαντλ⁸
722 4731 797 4800 τῷ
818 4730 1158 4801 διακομίζειν
1202 4734 1621 4806 ὑπειλημμένῳ,
1654 4737 1715 4789 τὸ
1741 4737 1810 4789 δι’

239 4814 403 4867 αὐτοῦ
426 4818 608 4885 τυχὸν,
643 4819 724 4881 είς
751 4821 973 4890 ἐτέρους
997 4820 1329 4888 διαλλάττον,
1357 4826 1443 4894 εἴη
1471 4825 1645 4897 δήπου
1673 4828 1811 4880 πᾶν·

240 4923 347 4969 τως
382 4908 450 4960 ἂν
481 4908 575 4960 καὶ
602 4910 791 4985 ἕτερον
840 4913 975 4982 παρ’
1030 4912 1179 4966 αὑτό.
1214 4916 1542 4984 Διακομίσαι
1603 4922 1712 4990 γὰρ
1742 4919 1811 4973 ἂν

240 4997 357 5052 οὔτι
392 5015 495 5052 που
524 4999 634 5052 τῶν
671 5000 838 5055 ὄντων
881 5004 1035 5056 οὐδὲν
1068 5006 1229 5057 ἑαυτὸ
1293 5006 1429 5078 πρὸς
1460 5008 1679 5077 ἐτέρους
1712 5011 1812 5079 οὐχ

242 5090 314 5151 ὠς
338 5090 521 5144 ἑαυτό.
563 5110 583 5143 ι
633 5091 692 5145 '0
735 5093 993 5164 Ἑρμείας
1020 5095 1155 5165 πρὸς
1183 5089 1357 5150 ταῦτα
1392 5112 1407 5128 ο
1443 5117 1461 5149 ι
1513 5100 1753 5171 Ἀληθές.
1787 5120 1807 5153 ι

254 5182 312 5236 '0
334 5183 548 5251 Ἀγιοςο
572 5200 592 5235 ι
618 5184 827 5239 Οὐκοῦν
844 5188 891 5239 εί
912 5188 985 5258 μή
1003 5188 1149 5241 ἐστιν
1169 5188 1324 5258 ἅγιον
1340 5189 1501 5256 φύσει
1515 5191 1814 5260 τὸλΠνεῦμα

243 5273 299 5325 ὲν
330 5275 487 5344 ἡμῖν,
511 5274 827 5345 φραζόντων
845 5278 1060 5344 ἐκεῖνοι,
1092 5279 1216 5332 τίνα
1242 5278 1308 5350 δὴ
1335 5280 1441 5350 ἄρα
1470 5281 1653 5334 λοιπὸν
1674 5282 1812 5334 ἁπε-

227 5366 565 5435 ,κληρώσατο
600 5366 786 5434 φύσιν.
834 5369 944 5420 Καὶ
983 5371 1032 5421 εί
1081 5371 1157 5440 μὴ
1201 5370 1475 5439 βούλοιντο
1498 5373 1598 5442 τὴν
1650 5373 1812 5440 ἁγίαν

241 5456 538 5526 ἀπονέμειν
565 5455 736 5527 αὐτῷ,
769 5454 859 5529 ἆρ’
887 5460 1008 5531 οὐχὶ
1031 5462 1208 5532 πάντη
1238 5478 1296 5514 τε
1316 5465 1408 5515 καὶ
1433 5466 1649 5527 πάντως
1677 5467 1812 5518 ἀπο·

244 5549 645 5601 κινδυνεύσειεν
675 5547 740 5601 ἂν
773 5550 956 5614 αὐτοῖς
985 5552 1064 5615 είς
1106 5552 1442 5622 ἀδιάφυκτον
1493 5554 1807 5627 δυσφημίαν

318 5699 366 5731 ’⁸
389 5702 546 5760 Joan.
581 5719 689 5770 xw,
720 5702 812 5759 25.

1911 4554 2297 4609 ctiﬁcationem
2354 4569 2464 4608 non
2521 4568 2677 4608 suam
2714 4553 2937 4608 immitit
2972 4580 2988 4621 ,
3031 4555 3079 4610 si
3122 4570 3312 4610 verum
3359 4571 3489 4613 esse

1912 4642 2189 4698 fatendum
2217 4654 2322 4709 est,
2370 4644 2425 4698 in
2460 4645 2611 4699 omni
2652 4644 2718 4699 ad
2750 4644 3186 4700 transferendum
3205 4656 3487 4717 assumpto

1914 4738 1968 4792 id
2016 4736 2165 4807 quod
2212 4751 2307 4806 per
2343 4736 2473 4791 illud
2510 4737 2649 4792 alios
2688 4736 2981 4808 pertingat,
3013 4752 3137 4792 esse
3171 4739 3397 4794 omnino
3433 4747 3490 4795 et

1917 4830 2144 4886 alterius
2184 4841 2391 4884 naturae
2431 4828 2502 4883 ab
2531 4828 2646 4883 illo.
2676 4826 2826 4882 Nihil
2864 4827 3010 4882 enim
3065 4828 3389 4883 transferret
3430 4844 3494 4885 se

1919 4920 2098 4989 ipsum
2120 4921 2188 4975 ad
2211 4920 2348 4974 alios
2381 4934 2493 4974 non
2523 4927 2583 4972 ut
2604 4919 2866 4989 seipsum.
2904 4937 2924 4970 ι
2958 4917 3094 4972 Tum
3118 4919 3188 4974 ad
3213 4918 3490 4974 haecIIer-

1918 5013 2056 5066 mias
2099 5030 2112 5065 :
2154 5030 2173 5063 ι
2216 5009 2292 5065 Ita
2336 5018 2439 5065 est.
2477 5027 2497 5062 ι
2557 5008 2828 5063 Sanetus:
2888 5027 2908 5061 ι
2956 5008 3145 5079 Itaque
3180 5010 3228 5065 si
3264 5025 3374 5065 non
3408 5020 3492 5065 est

1919 5113 2139 5155 sanctus
2184 5110 2381 5155 natura
2412 5098 2673 5167 Spiritus,
2721 5099 2814 5169 qui
2850 5100 2906 5154 in
2949 5101 3133 5162 nobis,
3167 5101 3356 5157 dicant
3384 5102 3489 5164 illi,

1921 5205 2159 5258 quonam
2210 5191 2375 5244 modo
2412 5190 2632 5244 tandem
2667 5191 2897 5245 sortitus
2930 5201 3014 5244 est
3036 5199 3311 5244 naturam.
3345 5190 3413 5245 Et
3442 5192 3490 5246 si

1920 5282 2215 5344 noluerint,
2276 5289 2521 5335 sanctam
2570 5281 2649 5335 illi
2702 5272 2967 5344 tribuere.
3017 5296 3197 5336 nonne
3260 5281 3490 5336 omnino

1919 5387 2102 5427 sermo
2156 5371 2246 5426 ille
2282 5371 2337 5426 in
2391 5372 2786 5443 blasphemiam
2833 5371 3205 5427 inevitabilem
3265 5371 3491 5427 tendere

1918 5462 2168 5518 videtur?
2201 5480 2221 5514 ι
2253 5460 2543 5518 Hermias:
2586 5481 2607 5515 ι
2640 5463 2892 5520 Videtur.
2947 5460 3333 5518 Verumtamen
3358 5460 3493 5517 illud
3545 5522 3551 5541 ι

1916 5554 2006 5612 die
2034 5556 2178 5625 quod
2205 5554 2465 5612 Christus
2489 5556 2557 5612 de
2589 5569 2649 5612 se
2691 5553 2834 5610 dixit
2879 5570 2894 5608 :
2931 5571 2951 5605 ι
2989 5552 3066 5611 De
3088 5567 3212 5609 meo
3233 5552 3486 5625 accipiet,
3582 5542 3588 5547 ’
