3958 6422
560 335 666 398 675

1595 334 1807 395 JOAN.
1852 334 2065 396 VECCl
2106 336 2214 396 ΟΡ.
2260 333 2771 398 ΡΑΤΗΙΑῘΙΕΗῈ

3707 342 3797 407 ϐἴδ

563 455 618 497 et
663 443 1014 498 annuntiabit
1067 445 1224 497 vobis
1265 445 1332 500 δι.
1366 462 1383 494 ι
1445 443 1509 497 Et
1560 442 1766 498 idcirco
1822 443 2140 512 participem

2248 442 2451 510 ὀλόγος
2482 461 2496 510 ;
2543 447 2602 497 '0
2643 446 2903 516 Ἐρμεῖας
2927 457 2941 473 ⁸
2978 465 2995 495 ι
3028 446 3403 518 Ἔοικε.Πλὴν
3436 449 3607 503 ἐκεῖνό
3626 468 3783 520 φασιν,

564 538 754 592 dicunt
812 534 1078 605 Spiritum
1118 534 1256 588 Filii.
1291 552 1311 586 ι
1357 536 1633 589 Sanctus:
1678 554 1696 586 ι
1728 532 1947 588 Minime
1975 533 2136 587 absit.

564 629 698 684 Nam
760 627 904 697 quod
954 641 1020 679 ex
1081 626 1197 689 illo,
1247 637 1303 680 et
1339 626 1395 680 in
1440 626 1556 688 illo,
1599 635 1654 679 et
1687 625 1969 695 proprium
1998 625 2137 693 ejus,

563 720 837 789 quomodo
876 715 1148 785 particeps
1174 726 1322 771 esset
1347 730 1612 785 unquam,
1647 724 1702 768 et
1743 713 1943 783 mquali
1986 710 2141 765 babi—

563 811 754 865 tudine
800 821 926 862 cum
967 809 1245 862 extraneis
1293 806 1753 870 sanctiﬁcaretur,
1802 814 1859 860 et
1899 806 2138 861 alienum

561 909 705 956 esset
728 897 1029 953 secundum
1071 904 1345 964 naturam,
1394 897 1549 965 cujus
1593 905 1648 952 et
1701 897 1978 967 proprium
2019 908 2142 951 esse

561 991 760 1047 dicitur
783 989 807 1042 ἲ
828 1007 849 1040 ι

633 1265 782 1321 idem
829 1263 973 1319 libro
1006 1276 1067 1316 ιιι
1114 1259 1182 1314 ad
1221 1257 1524 1327 Hermian),
1559 1261 1692 1317 dicit
1732 1279 1747 1317 :
1803 1281 1822 1314 ι
1853 1262 2139 1328 Quomono

563 1371 673 1412 non
720 1371 953 1426 prorsus
993 1357 1134 1411 citra
1167 1356 1413 1410 laborem
1471 1364 1556 1411 εει
1579 1370 1938 1426 cognoscere,
1966 1354 2136 1409 Deum

564 1462 715 1514 vere,
744 1457 801 1502 et
823 1462 888 1502 ex
937 1446 1029 1502 Dei
1063 1456 1118 1502 et
1167 1446 1347 1502 Patris
1378 1448 1614 1503 essentia
1657 1457 1838 1501 ortum
1868 1448 1954 1501 sui
1984 1461 2138 1501 reco-

564 1555 829 1610 gnoscere
859 1536 1084 1604 Filium,
1123 1538 1392 1608 siquidem
1423 1548 1508 1594 est
1536 1548 1594 1593 ut
1636 1539 1802 1605 Deus,
1840 1548 1895 1594 et
1924 1553 2034 1593 non
2059 1538 2136 1592 uti

562 1641 885 1685 extraneum
936 1615 1212 1700 quidpiam
1245 1630 1550 1686 inhabitare
1580 1631 1632 1685 in
1677 1632 1833 1686 nobis
1876 1631 2136 1699 Spiritum

563 1720 729 1775 illius.
772 1736 791 1770 ι

629 1813 777 1867 Idem
820 1812 877 1866 in
931 1812 1120 1868 eodem
1170 1812 1247 1867 ait
1298 1830 1313 1867 :
1367 1830 1385 1863 ι
1424 1810 1529 1878 Qui
1573 1811 1743 1883 igitur
1775 1826 1897 1875 nos,
1945 1810 2040 1881 qui
2085 1811 2140 1865 in

565 1915 710 1958 terra
737 1905 989 1974 degimus
1030 1903 1313 1958 ﬁliationis
1347 1903 1519 1973 gloria
1561 1903 1848 1967 inauraus,
1899 1900 2141 1971 Spiritus

562 1994 775 2049 scilicet
813 2004 1063 2060 sanctus,
1109 1994 1558 2064 quandoquidem
1594 1990 1715 2046 Filii
1746 2001 1850 2057 est,
1883 1992 2142 2061 operabi-

564 2099 654 2143 tur
687 2088 744 2142 in
786 2086 924 2142 alios
960 2086 1303 2149 liliationem,
1336 2084 1470 2138 nihil
1515 2098 1643 2137 vero
1673 2083 1817 2138 circa
1862 2097 1985 2138 eum
2014 2097 2143 2151 pro-

564 2180 731 2245 liciet,
771 2179 932 2248 cujus
970 2188 1076 2243 est,
1115 2192 1224 2231 non
1276 2175 1514 2239 infusus,
1576 2190 1755 2244 neque
1793 2175 1999 2230 deforis
2038 2175 2133 2229 ad-

564 2268 808 2331 veniens,
842 2267 939 2323 sed
984 2267 1350 2322 essentialiter
1402 2265 1578 2336 ipsius
1627 2266 1920 2330 exsisteus,
1954 2277 2007 2320 et
2049 2281 2143 2333 per

566 2360 724 2414 illum
756 2356 1015 2430 profusus
1065 2357 1197 2423 illis,
1243 2358 1337 2427 qui
1362 2357 1510 2427 digni
1552 2366 1683 2411 sunt
1715 2355 1865 2410 illum
1896 2356 2144 2427 accipere

563 2454 623 2506 in
661 2449 1005 2521 beneplacito
1030 2450 1231 2505 Patris.
1283 2469 1303 2502 ι

636 2544 781 2599 Idem
806 2542 1005 2598 ibidem
1033 2543 1111 2597 ait
1136 2560 1148 2596 :
1184 2560 1203 2594 ι
1234 2542 1537 2597 Confessus
1567 2551 1651 2596 est
1674 2551 1854 2596 autem
1882 2555 2140 2611 perquam

564 2614 856 2691 manifeste
911 2634 1133 2688 divinus
1186 2631 1424 2688 Joannes
1480 2634 1644 2688 nobis
1706 2632 1950 2687 dicens:
2010 2650 2028 2681 ι
2071 2632 2143 2685 lle

564 2726 906 2797 plenitudine
936 2725 1054 2794 ejus
1086 2738 1281 2779 omnes
1313 2740 1412 2778 nos
1440 2724 1752 2792 accepimus
1780 2724 1847 2774 δ’.
1876 2742 1894 2773 ι
1931 2722 2140 2775 Donum

565 2826 746 2873 autem
771 2826 826 2873 et
848 2816 1071 2873 donatio
1099 2815 1362 2886 perfecta.
1381 2814 1548 2870 Estne
1578 2815 1726 2869 aliud
1752 2816 1957 2870 bonum
1987 2816 2145 2883 quid-

566 2910 693 2965 dam
726 2909 1028 2965 secundum
1061 2909 1206 2979 quod
1237 2908 1333 2962 tibi
1364 2907 1599 2970 videtur,
1632 2922 1797 2976 quam
1825 2908 2141 2975 participem

564 3004 682 3057 tieri
707 3002 944 3073 Spiritus
996 3001 1212 3057 sancti?
1270 3020 1288 3052 ι
1326 2999 1623 3055 liermias:
1666 3019 1685 3050 ι
1744 2997 1905 3053 Nullo
1957 3002 2142 3052 modo.

571 3113 593 3146 σ
630 3095 905 3148 Sanctus:
946 3110 967 3144 ι
1004 3091 1235 3147 Proinde
1283 3092 1425 3155 vide,
1476 3091 1728 3155 obsecro,
1756 3092 1919 3143 etiam
1958 3104 2025 3143 ex
2059 3088 2139 3142 his
2168 3122 2216 3184 Ο

566 3187 766 3242 Filium
798 3186 1083 3257 proprium
1115 3200 1275 3239 suum
1310 3184 1537 3239 insitum
1568 3184 1643 3237 ita
1678 3192 1738 3237 ut
1767 3198 1876 3237 nun
1913 3181 2141 3251 abjicia-

572 3291 684 3345 tur,
747 3278 1012 3348 Spiritum
1051 3286 1328 3342 sanctum,
1375 3291 1473 3347 per
1521 3290 1683 3345 quem
1727 3289 1891 3329 omne
1938 3272 2142 3328 donum

567 3369 798 3434 bonum,
838 3369 907 3424 de
935 3383 1035 3423 sua
1069 3367 1409 3438 plenitudine
1447 3367 1755 3422 demisisse.
1797 3385 1816 3417 ι

639 3460 789 3516 ldem
840 3461 983 3514 libro
1017 3475 1091 3514 vn
1146 3460 1213 3514 ad
1267 3458 1567 3526 liermiam,
1603 3458 1720 3524 ait;
1759 3476 1778 3509 ι
1819 3457 2143 3528 De‘Spiritu

566 3560 749 3605 autem
793 3552 1001 3605 sanctis
1021 3550 1307 3620 discipulis
1350 3549 1481 3604 dicit
1532 3563 1548 3603 :
1604 3567 1623 3601 ι
1682 3548 1914 3614 Quando
1964 3559 2145 3604 autem

567 3643 781 3698 venerit
837 3640 1176 3706 Paracletus,
1235 3642 1476 3713 Spiritus
1525 3644 1794 3710 veritatis,
1838 3657 2002 3712 quem
2047 3657 2147 3712 ego

569 3737 783 3790 mittam
809 3737 985 3800 vuhis,
1018 3743 1073 3789 et
1100 3736 1193 3805 qui
1227 3750 1258 3789 a
1292 3735 1451 3790 Patre
1483 3737 1750 3805 procedit,
1779 3736 1870 3791 ille
1897 3736 2144 3792 testimo-

567 3829 721 3883 nium
771 3827 1078 3897 perhihebit
1128 3827 1195 3883 de
1255 3842 1344 3882 me
1386 3827 1454 3882 ".
1522 3844 1541 3879 ι
1602 3828 1797 3882 Annon
1856 3827 2147 3882 manifeste

566 3921 735 3987 Deus,
762 3920 855 3988 qui
903 3928 962 3972 ιιι
988 3917 1132 3973 Deus
1159 3917 1412 3988 cognitus
1454 3927 1509 3972 et
1553 3917 1810 3971 habitans
1859 3919 1916 3972 in
1966 3917 2145 3981 nobis,

568 4025 679 4065 non
723 4018 783 4063 ut
825 4022 1079 4063 creatura
1137 4017 1192 4063 et
1237 4008 1446 4063 factura
1476 4046 1492 4073 ,
1553 4018 1608 4063 et
1651 4008 1904 4063 servituti
1946 4017 2147 4062 nostrae

570 4098 850 4163 astrictus,
882 4097 976 4153 sed
1001 4097 1213 4152 utliher
1241 4096 1542 4152 secundum
1574 4106 1853 4163 naturam,
1885 4107 1940 4150 et
1974 4097 2146 4166 ipsius

567 4190 817 4245 veritatis
856 4182 1140 4243 hexsistens
1199 4186 1461 4257 Spiritus,
1515 4189 1625 4242 imo
1675 4188 1793 4257 ipsa
1846 4189 2145 4242 secundum

575 4281 837 4335 unionem
871 4294 994 4335 cum
1028 4276 1166 4333 Filio
1211 4277 1438 4335 veritas.
1470 4277 1706 4348 Spiritus
1736 4284 1919 4332 autem
1948 4278 2149 4333 veritas

570 4372 878 4428 secundum
956 4371 1290 4440 Scripturas.
1359 4368 1533 4425 Porro
1592 4369 1790 4426 veritas
1846 4378 1931 4424 est
1976 4367 2148 4424 Chri-

567 4475 708 4521 stus.
745 4483 763 4516 ι
1214 4511 1221 4516 .

644 4558 787 4613 ldem
821 4558 961 4612 libro
996 4573 1056 4612 ιιι
1089 4557 1157 4613 ad
1202 4556 1483 4613 llermiam
1519 4556 1665 4623 idicit
1713 4571 1727 4609 :
1785 4574 1804 4608 ι
1839 4555 1942 4611 Sed
1981 4558 2025 4611 si
2061 4566 2146 4610 cst

570 4650 810 4719 desuper
841 4658 896 4704 et
931 4664 963 4702 a
997 4649 1155 4703 Patre
1214 4664 1380 4704 omne
1413 4648 1618 4703 donum
1659 4644 1984 4715 perfectum,
2017 4661 2145 4715 ope-

568 4750 726 4797 ratur
758 4756 887 4796 vero
920 4756 1108 4797 eorum
1133 4740 1460 4796 divisionem
1487 4737 1660 4793 Filius
1693 4753 1799 4791 non
1833 4738 1993 4791 modo
2031 4752 2146 4791 ser-

566 4834 685 4897 vili,
737 4833 833 4888 sed
882 4834 1064 4903 potius
1111 4833 1467 4893 auctoritate,
1508 4844 1631 4899 qua:
1675 4827 1846 4881 Deum
1898 4828 2144 4890 addecet,

566 4937 678 4995 quo
714 4924 876 4994 igitur
922 4922 1085 4977 modo
1117 4923 1274 4995 longe
1298 4920 1423 4985 erit,
1461 4933 1529 4973 ne
1574 4918 1647 4973 sit
1698 4917 2001 4972 secundum
2048 4933 2148 4970 na—

570 5025 746 5069 turam
797 5014 849 5070 id
890 5014 1092 5085 ipsum,
1151 5011 1297 5082 quod
1345 5021 1430 5066 est
1477 5010 1630 5065 illum
1685 5025 1949 5080 generalis
1981 5008 2146 5078 .‘Deus

565 5121 729 5163 verus
752 5108 775 5161 Ἰ
811 5124 830 5158 ι

636 5197 785 5253 Idem
816 5197 1068 5252 oratione
1097 5196 1164 5251 ad
1195 5193 1568 5250 Theodosium
1599 5194 1983 5264 imperatorem
2017 5197 2093 5249 ait
2129 5216 2140 5249 :

570 5308 590 5342 ι
632 5288 1030 5360 Baptizantem,
1060 5289 1258 5358 inquit,
1286 5286 1474 5342 Jesum
1512 5289 1566 5343 in
1595 5288 1741 5359 igne,
1768 5303 1875 5343 non
1901 5288 2139 5343 alicnum

565 5384 672 5439 illis
714 5382 809 5453 qui
853 5382 1221 5450 baptizantur,
1257 5379 1521 5452 Spiritum
1566 5382 1981 5446 immittentem,
2020 5396 2137 5436 ser-

565 5472 659 5526 vili
682 5472 738 5527 e‘t
768 5470 1233 5526 administratorio
1255 5471 1439 5539 modo,
1473 5473 1568 5527 sed
1603 5472 1769 5528 veluti
1812 5474 1983 5527 Deum
2012 5488 2139 5526 cum

564 5577 818 5632 suprema
846 5561 1188 5629 auctoritate,
1223 5565 1367 5633 quod
1401 5555 1464 5618 ei
1498 5564 1614 5633 ipso
1646 5572 1751 5632 est,
1774 5573 1828 5619 et
1862 5566 2136 5632 proprium

567 5655 761 5722 ipsius.
799 5676 818 5709 ι

636 5749 861 5806 “Joan.
895 5768 1004 5819 va,
1040 5754 1127 5809 15.
1205 5754 1405 5808 “ibid.
1439 5769 1476 5820 ι,
1502 5751 1587 5808 l6.
1667 5754 1712 5784 "
1735 5754 1869 5810 ibid.
1904 5772 2014 5823 xw,
2047 5755 2138 5809 26.

2242 535 2325 587 ὅτι
2358 534 2591 605 Χριστὸς
2617 533 2719 604 ἔφη
2750 536 2878 604 περὶ
2909 536 3098 601 αὐτοῦ,
3150 556 3170 589 ι
3222 538 3318 591 Ἐκ
3348 538 3448 593 τοῦ
3482 541 3612 608 ἐμοῦ
3644 543 3789 613 λήψε.

2242 638 2355 689 ται,
2390 625 2487 675 καὶ
2521 624 2816 690 ἀναγγελεῖ
2847 625 2995 694 ὑμῖν.
3037 644 3056 677 ι
3109 627 3358 696 Μέτόχον
3405 623 3503 681 οῦν
3532 628 3638 698 ἄρα
3672 633 3787 698 φασὶ

2241 715 2303 766 τὸ
2332 713 2561 783 Πνεῦμα
2591 713 2687 767 τοῦ
2719 714 2871 768 Υίοῦ.
2917 734 2936 768 ι
3016 717 3077 768 '0
3120 717 3331 785 Ἄγιος.
3390 736 3412 770 ι
3452 717 3687 774 Ἥκιστά
3715 739 3788 791 γε.

2243 804 2444 861 Πολλοῦ
2479 822 2564 874 γε,
2600 800 2777 876 οἶμαι,
2819 805 2918 861 δεῖ.
2956 807 3030 861 Τὸ
3069 808 3178 878 γὰρ
3225 808 3284 872 ἐξ
3326 808 3495 862 αὐτοῦ
3528 826 3586 862 τε
3629 813 3715 864 καὶ
3744 815 3790 865 tv

2240 895 2391 967 αὐτῷ
2418 899 2512 951 καὶ
2543 896 2673 951 ίδιον
2700 897 2867 951 αὐτοῦ
2896 898 3011 962 πῶς
3049 900 3118 953 ἂν
3158 900 3327 953 αὑτοῦ
3362 899 3656 970 μεταλάχοι
3696 902 3794 956 πώ-

2242 1005 2394 1052 ποτε,
2430 989 2527 1042 καὶ
2554 990 2612 1043 ἐν
2644 990 2744 1060 ι’σῳ
2776 992 2891 1054 τοῖς
2916 990 3152 1060 θύραθεν
3182 991 3455 1060 σχετικῶς
3515 993 3792 1059 ἀγιάζοιτο,

2242 1081 2339 1132 καὶ
2364 1078 2647 1148 ἀλλότριον
2676 1079 2833 1134 ἐσται
2857 1081 3003 1135 κατὰ
3026 1080 3213 1149 φύσιν,
3247 1075 3312 1134 οῦ
3359 1081 3457 1134 καὶ
3510 1081 3641 1134 ἴδιον
3674 1077 3793 1135 εἶναι

2240 1172 2457 1239 λέγεται
2483 1189 2500 1239 ;
2538 1190 2558 1224 ι

2323 1260 2385 1317 ’0
2431 1264 2597 1327 αὐτὸς
2624 1264 2683 1316 ἐν
2716 1263 2795 1335 τῷ
2841 1269 2891 1333 γ’
2956 1264 3067 1319 τῶν
3112 1268 3251 1337 πρὸς
3305 1265 3575 1335 Ἑρμείαν
3614 1267 3793 1339 φησίν

2245 1369 2265 1402 ι
2310 1352 2436 1417 Πῶς
2479 1354 2545 1407 οὐ
2594 1352 2878 1418 παντελῶς
2914 1352 3307 1424 ἀταλαίπωρον
3350 1355 3509 1419 ἰδεῖν,
3564 1354 3645 1407 δτι
3687 1355 3795 1419 Θεὸς

2240 1443 2458 1513 ἀληθῶς
2496 1443 2594 1497 καὶ
2623 1444 2727 1513 τῆς
2756 1444 2854 1497 τοῦ
2881 1444 3018 1498 Θεοῦ
3052 1449 3147 1499 καὶ
3178 1445 3400 1515 Πατρδς
3429 1447 3621 1509 οὐσίας
3660 1446 3795 1499 ἐκπέ.

2241 1550 2412 1603 φυκεν
2436 1537 2464 1586 ὁ
2487 1533 2637 1597 Υίδς,
2669 1535 2828 1606 εῐπερ
2855 1535 3005 1590 ἐστὶν
3033 1536 3110 1598 ὡς
3152 1533 3315 1603 Θεὸς,
3349 1536 3448 1587 καὶ
3476 1535 3576 1604 οὐχ
3603 1533 3672 1597 ὡς
3696 1534 3786 1587 ἐτε-

2244 1627 2336 1698 ρόν
2361 1644 2415 1680 τι
2444 1625 2741 1681 κατοικοῦν
2767 1630 2826 1681 ἐν
2856 1628 2986 1698 ὑμῖν
3011 1629 3075 1680 τὸ
3107 1626 3340 1698 Πνεῦμα
3370 1626 3565 1679 αὐτοῦ.
3615 1645 3633 1678 ι

2334 1820 2393 1872 '0
2429 1818 2593 1881 αὐτὸς
2615 1820 2673 1873 ἐν
2706 1817 2786 1889 τῷ
2816 1817 2968 1888 αὒτῷ
2996 1833 3198 1889 φησιν’
3257 1834 3281 1869 ι
3336 1815 3413 1870 Τδ
3448 1816 3628 1870 τοίνυν
3671 1816 3796 1884 ἡμᾶς

2249 1913 2377 1973 τοὺς
2411 1911 2505 1963 ἐπὶ
2548 1911 2652 1978 γῆς
2688 1913 2762 1980 τῇ
2786 1910 2884 1979 τῆς
2938 1911 3185 1979 υίὸτητος
3249 1907 3381 1980 δόξῃ
3427 1905 3796 1977 καταχρυσοῦν,

2251 1999 2397 2069 φημὶ
2427 1999 2494 2068 δὴ
2511 1997 2571 2050 τὸ
2596 1996 2823 2066 Πνεῦμα
2851 1997 2914 2050 τδ
2933 1997 3112 2065 ἅγιον,
3140 1997 3384 2067 ἐπείπερ
3406 1997 3527 2049 ἐστὶ
3547 1995 3641 2050 τοῦ
3665 1993 3795 2055 Υίοῦ,

2251 2092 2536 2163 ἐνεργήσει
2572 2090 2672 2160 μὲν
2695 2091 2773 2154 είς
2796 2091 3022 2160 ἐτέρους
3047 2089 3146 2159 τὴν
3174 2088 3514 2160 υἱοποίησιν,
3543 2087 3795 2159 ἀπρακτή-

2250 2198 2333 2236 σει
2362 2181 2422 2234 δέ
2445 2180 2573 2251 περὶ
2603 2180 2694 2233 τὸν
2724 2176 2898 2250 οῦπέρ
2926 2181 3075 2233 ἐστιν
3095 2180 3196 2233 οὐκ
3225 2178 3669 2251 εἰσκεκριμένον,
3695 2176 3797 2230 οὕτε

2253 2274 2359 2343 μὴν
2389 2272 2589 2336 ἔξωθεν
2623 2271 3002 2339 ἐκπεφοιτηκδ
3021 2288 3070 2335 ς,
3098 2269 3214 2324 ἀλλ’
3262 2271 3544 2333 οὐσιωδῶς
3589 2268 3797 2339 ὑπάρχον

2250 2364 2417 2418 αὑτοῦ
2456 2364 2549 2419 καὶ
2582 2365 2649 2418 δι’
2699 2362 2864 2417 αὑτοῦ
2902 2363 3282 2434 προχεόμενον
3316 2365 3433 2425 τοῖς
3477 2360 3613 2415 ἐλεῖν
3654 2359 3796 2425 ἀξίοις

2251 2459 2309 2509 ἐν
2346 2456 2570 2527 εὐδοκία
2600 2456 2838 2524 Πατρός.
2871 2473 2891 2513 ι

2331 2547 2392 2600 '0
2419 2545 2580 2608 αὐτὸς
2608 2546 2666 2597 ἐν
2685 2546 2764 2615 τῷ
2795 2545 2944 2616 αὐτῷ
2972 2561 3139 2614 φησιν
3160 2559 3175 2577 θ
3208 2564 3228 2598 ι
3303 2545 3363 2599 Ὀ
3397 2545 3673 2608 θεσπέσιος
3707 2543 3797 2595 Ἰω-

2249 2640 2413 2708 άννης
2446 2638 2592 2706 λέγει
2676 2657 2695 2688 ι
2739 2638 2834 2689 Ἐκ
2882 2636 2975 2690 τοῦ
3040 2636 3426 2708 πληρώματος
3474 2634 3634 2692 αὑτοῦ
3666 2634 3792 2704 ἡμεῖς

2250 2731 2456 2791 πάντες
2490 2729 2778 2799 ἐλάὅομεν.
2852 2748 2871 2781 ι
2908 2729 3067 2792 Δόσις
3118 2729 3175 2783 δὲ
3222 2730 3441 2802 ὁιγαθὴ,
3475 2730 3569 2783 καὶ
3600 2726 3794 2797 δώρημα

2249 2824 2475 2889 τέλειον,
2523 2824 2607 2891 εἴη
2649 2822 2717 2875 ἂν
2759 2821 2946 2890 ἕτερον
2973 2823 3114 2877 κατὰ
3149 2837 3213 2890 γε
3239 2822 3319 2875 ’τὸ
3348 2822 3495 2893 αὐτῷ
3510 2838 3586 2875 σοι
3615 2816 3790 2878 δοκοῦν,

2249 2916 2390 2984 πλὴν
2411 2914 2494 2967 ὅτι
2521 2930 2606 2966 τοι
2654 2914 2715 2966 τὸ
2774 2913 3104 2983 μεταλαχεϊν
3167 2914 3338 2981 ἁγίου
3390 2914 3723 2983 Πνεύματος;
3764 2926 3780 2958 ι

2262 3006 2321 3059 Ὀ
2360 3005 2643 3076 Ἑρμείας*
2708 3023 2726 3055 ι
2779 3004 3066 3074 Οὐδαμῶς.
3124 3023 3144 3056 ι
3195 3004 3262 3058 '0
3308 3007 3515 3076 "Arta:
3551 3024 3570 3058 ι
3626 3001 3781 3070 ’Δθρει

2249 3099 2313 3168 δὴ
2342 3095 2436 3151 οῦν
2461 3099 2558 3153 καὶ
2592 3097 2682 3151 διὰ
2708 3097 2941 3163 τούτων,
2985 3097 3047 3163 ἐξ
3080 3098 3216 3151 ίδίου
3257 3099 3616 3170 πληρώματος
3657 3095 3781 3162 «poi:

2247 3193 2374 3244 ἐντα
2400 3190 2491 3243 τὸν
2526 3190 2654 3243 Υίὸν
2698 3188 2761 3242 τὸ
2799 3190 2929 3243 ίδιον
2953 3190 3117 3242 αὑτοῦ
3141 3193 3244 3244 καὶ
3286 3190 3664 3260 ἀναποδλήτως
3696 3186 3779 3255 ἐμε

2248 3282 2491 3352 πεφυκὸς
2523 3281 2678 3352 ἅγιον
2710 3282 2956 3353 Πνεῦμα,
2991 3283 3059 3335 δι’
3095 3278 3158 3337 οὗ
3205 3287 3365 3339 πᾶσα
3389 3285 3532 3347 δόσις
3555 3278 3727 3349 ἀγαθή.
3755 3294 3771 3328 ι

2334 3463 2393 3516 '0
2455 3463 2621 3524 αὐτὸς
2662 3464 2720 3514 ἐν
2750 3464 2827 3532 τῷ
2874 3461 2918 3526 ζ’
2970 3463 3077 3514 τῶν
3136 3463 3279 3531 πρὸς
3314 3462 3569 3535 Ἑρμείαν
3598 3456 3766 3528 φησιν·

2255 3574 2273 3606 ι
2315 3558 2449 3626 Περὶ
2479 3555 2536 3609 δέ
2570 3572 2634 3624 γε
2654 3555 2748 3607 τοῦ
2772 3554 3095 3622 Πνεύμοιτος
3150 3558 3270 3618 τοῖς
3308 3556 3481 3623 ἁγίοις
3524 3549 3773 3622 μαθηταῖςο

2247 3649 2412 3717 φησιν
2442 3662 2456 3677 ο
2519 3666 2538 3699 ι
2601 3647 2769 3699 Ὀταν
2809 3646 2866 3699 δὲ
2920 3645 3047 3714 ἔλθῃ
3094 3647 3122 3698 ό
3173 3646 3532 3719 Παράκλητος
3601 3642 3652 3695 δν
3686 3633 3775 3705 ἐγὼ

2248 3738 2452 3807 πέμψω
2475 3738 2605 3807 ὑμῖν
2638 3736 2789 3807 παρὰ
2815 3733 2911 3788 τοῦ
2942 3736 3175 3805 Πατρός,
3214 3738 3281 3789 τὸ
3302 3736 3523 3805 Πνεῦμα
3549 3731 3640 3799 τῆς
3661 3727 3771 3792 ἀλη⁸

2248 3833 2421 3895 (ιεὶας,
2475 3829 2504 3881 ὃ
2548 3828 2700 3897 παρὰ
2758 3826 2853 3880 τοῦ
2888 3828 3103 3896 Πατρὸς
3169 3828 3552 3899 ἐκπορεύεται,
3604 3820 3773 3875 ἐκεῖνος

2252 3922 2596 3992 μαρτυρήσει
2631 3920 2761 3990 περὶ
2818 3917 2976 3987 ἐμοῦ.
3020 3938 3039 3970 ι
3078 3916 3208 3985 'Ap‘
3250 3921 3372 3988 οὐχὶ
3416 3919 3542 3980 Θεὸς
3572 3907 3774 3981 ἐναργῶς

2247 4015 2308 4068 τὸ
2338 4015 2415 4077 ὡς
2460 4014 2595 4076 Θεὸς
2622 4014 2990 4082 ἐγνωσμένον,
3018 4013 3111 4066 καὶ
3135 4012 3385 4067 ἐνοικοῦν
3427 4011 3569 4079 ἡμῖν,
3598 4006 3684 4072 οὐχ
3716 3998 3775 4057 ὡς

2248 4105 2460 4174 κτίσμα
2519 4105 2615 4157 καὶ
2666 4105 2948 4174 γεννητὸν,
2997 4107 3094 4158 καὶ
3151 4104 3370 4174 δουλείᾳ
3417 4105 3479 4172 τῇ
3523 4096 3634 4152 καθ’
3662 4091 3775 4160 ὑμᾶς

2249 4198 2592 4266 ἐνεχόμενον,
2631 4195 2748 4248 ἀλλ’
2771 4195 2847 4259 ώς
2877 4195 3163 4265 ἐλεύθερον
3192 4197 3340 4248 κατὰ
3387 4192 3562 4262 φύσιν,
3590 4187 3671 4240 καὶ
3696 4179 3776 4231 αὺ-

2249 4289 2351 4357 τῆς
2381 4289 2628 4359 ὑπάρχον
2656 4290 2757 4358 τῆς
2812 4288 3072 4357 ἀληθείας
3108 4290 3359 4360 Πνεῦμα,
3392 4286 3581 4359 μᾶλλον
3627 4268 3776 4330 δὲκαὶ

2251 4381 2389 4434 αὐτὴ
2422 4380 2546 4434 καθ’
2583 4380 2778 4434 ἐνωσιν
2808 4382 2910 4450 τὴν
2951 4382 3088 4448 πρὸς
3127 4380 3219 4434 τὸν
3261 4381 3386 4435 Υιδν
3419 4376 3631 4445 ἀλήθεια
3661 4360 3776 4419 κατᾶ

2183 4459 2224 4511 ί)
2250 4475 2347 4535 τὰς
2372 4472 2618 4542 Γραφὰς,
2647 4472 2874 4543 ἀλήθεια
2907 4472 2964 4525 δὲ
2995 4474 3022 4525 ό
3054 4473 3310 4542 Χριστός.
3352 4490 3371 4523 ι

2334 4560 2395 4613 '0
2422 4540 2588 4621 αὐτὸς
2628 4561 2687 4613 ἐν
2846 4567 2894 4629 γ’
2950 4563 3058 4613 τῶν
3106 4540 3246 4631 πρὸς
3305 4555 3561 4629 Ἑρμείαν
3607 4540 3771 4631 φησῖγ’

2253 4669 2278 4718 ⁸ι
2323 4650 2465 4704 Ἀλλ’
2489 4652 2649 4720 εῐπερ
2686 4628 2835 4705 ἐστιν
2867 4650 3077 4706 ἄνωθέν
3105 4628 3163 4705 τε
3195 4652 3291 4705 καὶ
3320 4628 3466 4718 παρά
3493 4641 3578 4696 τοῦ
3600 4628 3772 4702 ﬂat?“

2254 4745 2365 4795 πᾶν
2392 4742 2624 4812 δώρημα
2645 4742 2873 4806 τέλειον,
2904 4743 3120 4812 ἐνεργεῖ
3171 4741 3228 4794 δὲ
3256 4741 3368 4810 τὴν
3387 4733 3580 4789 τούτων
3621 4726 3770 4812 διανος

2258 4834 2364 4903 μὴν
2397 4834 2458 4885 οὐ
2474 4808 2809 4897 διακονικῶς
2840 4836 2868 4886 ὁ
2903 4808 3054 4896 rte},
3080 4834 3141 4887 tv
3182 4808 3399 4899 ἐξουσίᾳ
3429 4826 3483 4878 δὲ
3522 4808 3770 4903 μᾶλλονςεῇ

2250 4900 2567 4993 (itan-pensi,
2629 4924 2773 4975 κατὰ
2834 4925 2960 4976 τίνα
3025 4923 3091 4992 δὴ
3136 4921 3246 4991 ἄρα
3298 4918 3481 4972 λοιπὸν
3516 4900 3769 4993 ἀφεσττιξῗί

2245 4988 2448 5083 τρόπον
2477 5014 2570 5067 τοῦ
2606 5014 2683 5084 μὴ
2714 5010 2852 5068 εἷναι
2889 5016 3033 5067 κατὰ
3072 4988 3259 5082 ἐοῦσιν,
3306 5007 3448 5063 τοῦθ’
3483 5004 3606 5067 ὅπερ
3648 4988 3771 5045 ἐστὶν

2245 5108 2273 5156 ὁ
2303 5107 2573 5174 γεννήσας
2599 5106 2785 5172 αὐτὸν,
2821 5105 3073 5175 ἀληθινὸς
3107 5103 3349 5175 δηλονότι
3371 5097 3514 5158 Θεός.
3551 5109 3569 5142 ι
3688 5172 3697 5175 _
3795 5139 3798 5142 ,

2326 5199 2384 5254 '0
2420 5172 2583 5264 αὐτὸς
2628 5203 2685 5252 ἐν
2721 5201 2799 5270 τῷ
2852 5172 2988 5269 πρὸς
3046 5172 3271 5270 βασιλέα
3336 5180 3598 5248 Θεοδόσιον
3648 5172 3765 5270 λόγίιξ

2249 5294 2417 5363 φησίν
2443 5308 2457 5323 ο
2494 5312 2512 5345 ι
2557 5259 2908 5358 Παπτίζοντα.
3113 5295 3204 5347 τὸν
3240 5286 3443 5361 Ἰησοῦν
3471 5283 3526 5333 ἐν
3551 5268 3693 5367 πυρὶί
3711 5259 3760 5311 οὐ

2248 5384 2310 5436 τὸ
2359 5384 2642 5455 ἀλλότριον
2693 5388 2806 5449 τοῖς
2844 5385 3267 5456 βαπτιζομένοις
3317 5378 3523 5435 ἐνιέντα
3573 5366 3762 5459 ῌνευμξξ

2248 5474 2656 5545 δουλοπρεπῶς,
2689 5475 2786 5528 καὶ
2841 5455 3214 5546 ὑπηρετιιιῶς,
3253 5471 3367 5527 ἀλλ’
3410 5466 3482 5529 ὡς
3516 5455 3633 5515 θεὸς
3661 5457 3745 5546 εξετ

2250 5565 2497 5629 εξουσίας
2532 5566 2633 5635 τῆς
2660 5566 2919 5621 ἀνωτάτω
2935 5570 2996 5621 τὸ
3025 5568 3084 5631 ἐξ
3106 5566 3268 5623 αὐτοῦ
3292 5562 3382 5618 καὶ
3402 5560 3524 5612 ἴδιον
3552 5546 3711 5601 αὐτου.
3736 5547 3755 5581 ι
