3958 6400
309 346 413 409 ὃῖἸ

415 461 458 510 0
504 459 666 522 αὐτὸς
693 461 750 512 ὲν
770 462 836 530 τῇ
873 444 1142 532 ἑρμηνεία
1171 461 1264 513 τοῦ
1309 460 1448 513 κατά
1493 460 1882 528 Ίωάννην,,είς
1915 479 1961 526 Α

308 551 371 603 τὸ
394 550 556 620 ῥητὸν
584 551 664 614 τὸ,
698 567 716 602 ι
754 551 816 603 Οἱ
841 551 941 604 οὐκ
972 552 1030 618 ἐξ
1065 552 1334 622 αἱμάτων,
1365 569 1383 602 ι
1414 552 1576 621 φησίν
1599 567 1613 582 ·
1659 569 1677 602 ι
1713 551 1884 620 Εἴπερ

309 642 443 704 Θεός
470 645 586 696 ἐστι
612 643 706 696 καὶ
758 647 822 696 ὲκ
843 643 977 696 Θεοῦ
1009 645 1151 696 κατὰ
1191 644 1352 712 φύσιν
1374 643 1434 695 τὸ
1464 642 1706 712 Πνεῦμα,
1733 639 1792 696 οὗ
1820 643 1885 712 δὴ

311 735 406 787 καὶ
437 734 716 803 μετίσχειν
773 735 861 788 διὰ
887 735 1124 798 πίστεως
1179 735 1279 801 τῆς
1305 736 1385 796 είς
1412 735 1646 804 Χριστὸν
1703 735 1886 799 ἀξιούο

275 823 475 891 ’μεοα,
509 822 626 875 Οεοὶ
653 823 1090 894 χρηματίζομεν,
1121 825 1196 888 ὡς
1230 825 1332 896 ήδη
1383 828 1475 878 καὶ
1506 825 1639 878 Θεὸν
1668 825 1885 894 ἔχοντες

309 919 368 967 ὲν
389 915 602 977 ἑαυτοῖς
633 915 776 967 κατά
797 916 880 980 τὸ,
931 933 948 966 ι
999 916 1300 986 Ἐνοικήσω
1326 919 1383 970 ἐν
1426 918 1613 980 αὐτοῖς
1642 920 1737 970 καὶ
1786 920 1884 988 ἐμ-

307 1006 711 1074 οτιτεριπατήσω⁹
752 1025 772 1058 ι
818 1007 945 1058 ἐπεὶ
996 1009 1138 1060 κατά
1162 1010 1284 1061 τίνα
1329 1010 1532 1078 τρόπον
1585 1011 1702 1062 ναοὶ
1746 1009 1882 1062 Θεοῦ

306 1102 498 1167 ἐσμεν,
533 1099 582 1150 εί
623 1099 696 1168 μὴ
728 1100 855 1162 Θεὸς
889 1102 1030 1153 κατά
1060 1099 1220 1168 φύσιν
1247 1100 1309 1152 τὸ
1339 1101 1568 1172 Πνεῦμα
1620 1105 1770 1154 ἐστιν
1801 1119 1816 1166 ;
1859 1121 1878 1154 ι

400 1191 460 1243 ’0
489 1191 650 1252 αὐτὸς
693 1193 771 1254 εἰς
803 1193 862 1244 τὸ
889 1194 1054 1262 ῥητὸν
1085 1195 1165 1260 τὸ,
1207 1213 1226 1247 ι
1285 1197 1520 1258 Ἐκεῖνος
1575 1195 1882 1264 ὑπομνήσει

309 1285 358 1350 ὑ,
391 1285 453 1345 ἃς
487 1282 666 1336 πάντα
709 1282 746 1336 ἃ
811 1280 966 1336 εἷπον
1026 1285 1160 1352 ἐγὼ,
1201 1305 1218 1337 ι
1252 1287 1416 1357 φησίν
1442 1304 1455 1318 ·
1497 1306 1516 1339 ι
1555 1287 1763 1357 Οὐκοῦν
1807 1288 1883 1349 ὡς

307 1371 446 1434 εἶδος
493 1373 562 1424 τὰ
605 1373 664 1424 ὲν
706 1375 775 1443 τῇ
844 1372 1097 1442 βουλήσει
1149 1376 1242 1428 τοῦ
1305 1375 1646 1443 Μονογενοῦς
1705 1377 1882 1428 πάντα

307 1467 438 1534 ἡμῖν
479 1465 771 1532 ἀναγγελεῖ
797 1467 858 1517 τὸ
889 1465 1137 1536 Πνεῦμα,
1176 1468 1275 1520 οὐκ
1309 1469 1374 1520 ὲκ
1418 1469 1708 1538 μαθήσεως
1759 1469 1882 1538 ἕχον

308 1558 408 1625 τὴν
436 1557 663 1626 εἴδησιν,
727 1556 814 1610 ἵνα
864 1557 941 1628 μὴ
983 1559 1248 1628 φαίνηται
1285 1560 1534 1612 διακόνου
1557 1560 1710 1622 τάξιν
1747 1562 1882 1612 ἀπο-

303 1648 570 1717 πληροῦν,
597 1649 711 1700 ἀλλ’
732 1649 807 1711 ὡς
832 1648 1058 1719 Πνεῦμα
1087 1649 1276 1713 αὐτοῦ,
1305 1651 1399 1703 καὶ
1420 1651 1557 1710 είδὸς
1581 1652 1879 1712 ἀδιδάκτως

303 1743 481 1791 πάντα
537 1739 604 1790 τὰ
641 1739 699 1802 ἐξ
720 1735 781 1791 οὗ
807 1739 900 1792 καὶ
929 1740 986 1791 ἐν
1018 1733 1170 1806 ᾧπέρ
1220 1741 1356 1804 ἐστι,
1389 1741 1642 1810 καθάπερ
1685 1741 1878 1810 ἀμέλει

299 1829 397 1880 καὶ
413 1829 440 1879 6
459 1827 798 1898 ἀνθρώπινος
822 1827 1028 1891 νοῦςτά
1049 1829 1328 1900 θελήματα
1353 1832 1450 1900 τῆς
1468 1830 1646 1900 ψυχῆς
1674 1826 1739 1901 ἦς
1759 1833 1876 1883 ἐστι
1913 1821 1953 1873 Β

302 1923 394 1974 καὶ
423 1920 548 1982 νοῦς
574 1921 671 1990 οὺχ
705 1921 889 1990 ἕτερος
918 1921 993 1974 ὢν
1017 1922 1159 1974 κατὰ
1191 1923 1288 1992 τὴν
1319 1922 1503 1991 φύσιν,
1528 1923 1642 1976 ἀλλ’
1674 1923 1748 1985 ὡς
1782 1923 1879 1992 μό-

303 2029 418 2082 ριον
440 2013 533 2065 τοῦ
562 2011 760 2075 παντὸς
788 2014 1264 2084 συμπληρωτικὸν,
1293 2017 1350 2068 ἐν
1375 2015 1512 2086 αὐτῇ
1543 2032 1601 2067 τε
1629 2014 1874 2086 ὑπάρχον

300 2101 394 2154 καὶ
423 2101 484 2166 ἐξ
517 2101 687 2170 αὐτῆς
730 2101 1070 2178 ἀναφύεσθαι
1102 2103 1515 2172 πιστευόμενον.
1555 2121 1574 2155 ι

378 2293 441 2344 '0
473 2292 638 2354 αὐτὸς
663 2293 720 2344 ὲν
751 2290 826 2360 τῷ
853 2290 898 2356 ζ’
931 2292 1040 2345 τῶν
1063 2291 1198 2362 πρὸς
1237 2292 1498 2362 Ἑρμείαν
1525 2292 1600 2351 ὡς
1632 2295 1690 2345 ὲν
1721 2293 1878 2363 μέρει

297 2381 393 2435 τοῦ
411 2381 660 2451 διαλόγου
699 2381 891 2447 ταῦτά,
921 2399 1084 2451 φησιν
1123 2381 1180 2434 '0
1225 2383 1378 2451 ἅγιος
1398 2398 1410 2412 ’
1461 2402 1479 2434 ι
1503 2383 1576 2435 Τὸ
1607 2383 1662 2436 δὲ
1687 2384 1750 2452 δὴ
1779 2386 1879 2454 τὴν

298 2477 450 2530 θείαν
478 2477 607 2545 ἡμῖν
638 2477 977 2545 ἐγχαράττον
1009 2475 1194 2538 εἰκόνα
1243 2476 1339 2529 καὶ
1374 2477 1691 2546 σημάντρου
1721 2475 1877 2546 δίκην

296 2564 561 2632 ἐμποιοῦν
591 2565 652 2617 τὸ
711 2565 1082 2637 ὑπερκόσμιον
1137 2564 1333 2628 κάλλος
1361 2567 1482 2636 οὐχ).
1533 2567 1594 2618 τὸ
1652 2567 1878 2635 Πνεῦμά

295 2659 483 2720 ἑστιν;
516 2673 535 2706 ›
576 2655 636 2707 '0
672 2653 931 2724 Ἑρμείας
964 2671 978 2684 ο
1025 2673 1044 2706 ε
1099 2654 1238 2708 Ἀλλ’
1269 2657 1367 2724 οὐχ
1395 2655 1469 2718 ὼς
1501 2655 1633 2719 Θεός
1675 2673 1876 2726 φαμεν,

294 2747 410 2800 ἀλλ’
439 2746 512 2808 ὡς
545 2747 695 2809 θείας
719 2749 945 2817 χάριτος
973 2747 1265 2815 ῦπουργόν.
1320 2765 1339 2797 ι
1385 2747 1444 2799 ὐ
1489 2747 1670 2814 ἅγιος.
1714 2766 1731 2798 ι
1763 2750 1876 2801 Οὐκ

294 2841 430 2892 αὐτὸ
461 2839 749 2910 τοιγαροῦν
784 2840 936 2908 ἡμῖν,
979 2837 1095 2890 ἀλλ’
1131 2839 1258 2909 ήδι’
1289 2839 1456 2891 αὑτοῦ
1491 2840 1652 2910 χάρις
1711 2841 1874 2910 ἐνση-

295 2934 570 3002 μαίνεται.
615 2949 634 2982 ι
679 2933 738 2984 ’0
777 2929 1035 3000 Ἑρμείας
1070 2946 1084 2960 ·
1123 2947 1142 2980 ι
1187 2929 1424 2982 Ἔοικεν.
1464 2949 1483 2981 ι
1532 2930 1590 2982 'U
1633 2932 1822 2998 Ἀγιος
1857 2946 1872 2960 ·

291 3022 403 3078 Ἦν
429 3021 522 3078 οὖν
553 3026 852 3091 ἀναγκαῖον
875 3023 1063 3076 εἰκόνα
1093 3025 1189 3093 τῆς
1210 3024 1432 3094 χάριτος
1463 3025 1558 3076 καὶ
1583 3024 1704 3094 οὐχ).
1736 3025 1874 3092 μᾶλ-

1730 347 1902 406 ΕΡΙΟ
1917 347 2209 408 ΠΑΡΙΙίΕ.

3455 335 3560 398 678

2064 460 2204 512 Idem
2250 458 2590 528 expositione
2630 458 2683 512 in
2729 455 3018 518 Joannem,
3070 454 3123 506 in
3165 451 3295 505 illud
3331 469 3345 504 :
3385 468 3403 500 ι
3441 449 3561 506 Non

1984 568 2052 606 ex
2097 552 2486 620 sanguinihus,
2549 570 2566 603 ι
2608 551 2681 603 ait
2716 565 2728 603 :
2787 568 2804 599 ι
2838 547 2892 603 Si
2931 546 3073 601 Deus
3103 557 3206 610 est,
3244 554 3298 599 et
3338 559 3402 598 ex
3451 545 3562 598 Di-o

1986 647 2284 700 secundum
2369 657 2616 699 naturam
2697 643 2976 712 Spiritus,
3036 642 3193 710 cujus
3272 638 3564 708 participes

1985 737 2100 790 fieri
2153 751 2247 804 per
2301 736 2459 789 fidem
2506 736 2558 788 in
2605 735 2884 789 Christum
2947 730 3095 799 digiti
3149 728 3436 790 ellicimur,
3483 726 3561 780 dii

1983 843 2198 886 sumus,
2249 839 2508 894 tanquam
2555 826 2644 891 qui
2679 824 2845 877 Deum
2894 823 2946 876 in
2984 820 3398 886 nobismetipsis
3459 817 3562 868 ha-

1985 900 2198 980 bemus,
2227 928 2285 970 ut
2315 918 2512 971 dicitur
2543 933 2557 968 :
2593 934 2610 966 ι
2647 915 2965 968 lnhabitaho
2997 914 3048 966 in
3077 913 3112 964 il
3141 915 3207 972 is,
3231 921 3285 965 et
3310 909 3564 964 inambu-

1983 1010 2106 1062 labo
2138 1009 2204 1073 “,
2249 1028 2267 1059 ι
2304 1025 2428 1061 eum
2480 1023 2718 1076 quonam
2765 1007 2928 1058 modo
2971 1003 3172 1071 templa
3218 1000 3308 1054 Dei
3339 1014 3560 1060 sumus,

1983 1102 2027 1156 si
2055 1118 2160 1154 non
2187 1101 2486 1154 secundum
2526 1108 2775 1150 naturam
2803 1094 3038 1164 Spiritus
3073 1094 3213 1145 Deus
3245 1090 3366 1144 est?
3406 1109 3424 1141 ι

2057 1193 2200 1246 ldem
2258 1193 2310 1244 in
2361 1192 2492 1244 illud
2544 1191 2748 1243 dictum
2807 1205 2820 1240 :
2883 1207 2901 1238 ι
2962 1187 3055 1239 llle
3103 1192 3353 1251 suggeret
3407 1181 3561 1233 vobis

1982 1283 2166 1334 omnia
2213 1295 2550 1350 quaecunque
2591 1279 2704 1331 dixi
2753 1277 2906 1330 vobis
2961 1275 3028 1338 ιδ,
3073 1292 3090 1324 ι
3146 1274 3222 1325 ait
3263 1276 3351 1337 εξ(
3393 1269 3560 1338 Igitur

1983 1381 2241 1440 tanquam
2275 1373 2454 1426 sciens
2480 1370 2686 1434 omnia,
2715 1385 2839 1438 quae
2878 1367 2931 1419 in
2971 1364 3252 1431 voluntate
3286 1359 3556 1428 Unigeniti

1982 1473 2130 1528 sunt,
2182 1463 2338 1516 vobis
2399 1461 2752 1515 annuntiahit
2803 1459 3068 1528 Spiritus,
3113 1469 3220 1508 non
3266 1451 3558 1520 disciplina

1983 1556 2215 1621 quadam
2252 1554 2541 1607 scientiam
2573 1551 2882 1620 possidens,
2915 1564 2980 1602 ne
3024 1547 3268 1600 videatur
3293 1543 3347 1596 in
3382 1539 3560 1594 admi-

1982 1649 2139 1703 nistri
2159 1649 2277 1701 loco
2303 1647 2588 1709 collocari,
2613 1647 2707 1701 sed
2737 1656 2795 1699 ut
2826 1643 3068 1712 Spiritus
3096 1641 3241 1693 illius
3266 1647 3321 1692 et
3352 1636 3559 1704 absque

1980 1739 2269 1808 disciplina
2299 1738 2478 1791 omnia
2507 1737 2689 1790 sciens
2723 1736 2890 1797 illius,
2922 1749 2986 1786 ex
3014 1748 3124 1800 quo
3156 1740 3208 1783 et
3240 1731 3293 1782 in
3320 1741 3429 1796 quo
3451 1734 3554 1786 est,

1983 1829 2442 1900 quemadmodum
2479 1840 2530 1883 et
2571 1844 2724 1882 mens
2745 1828 3002 1896 ,humana
3031 1824 3338 1878 voluntates
3367 1817 3558 1878 animi,

1981 1923 2140 1990 cujus
2169 1936 2325 1974 mens
2356 1929 2460 1984 est,
2511 1917 2813 1986 cognoscit,
2845 1930 2950 1969 non
2984 1913 3088 1966 alia
3126 1908 3426 1965 secundum
3462 1917 3560 1956 na-

1982 2024 2159 2068 turam
2193 2012 2489 2074 exsistens,
2527 2010 2621 2064 sed
2673 2011 2750 2062 uti
2783 2007 3087 2061 membrum
3127 1999 3371 2057 universi
3405 2009 3560 2051 com—

1982 2107 2237 2176 pletivum
2287 2104 2342 2157 in
2389 2104 2482 2158 illo
2515 2102 2813 2164 exsistcns,
2843 2108 2896 2153 et
2926 2113 2992 2152 ex
3034 2096 3124 2149 illo
3152 2091 3422 2161 originem
3458 2087 3560 2141 ha-

1981 2201 2109 2254 bere
2141 2199 2370 2254 credita.
2410 2215 2428 2248 ι

2053 2295 2198 2348 ldem
2234 2293 2374 2346 libro
2403 2307 2477 2346 vn
2511 2290 2577 2343 ad
2619 2287 2892 2341 llermiam
2925 2301 2976 2336 ιιι
3017 2290 3172 2351 parte
3207 2273 3408 2345 dialogi
3445 2272 3560 2326 haec

1984 2389 2170 2442 b'abet.
2215 2385 2475 2440 Sanctus.
2518 2400 2536 2432 ι
2579 2381 2692 2434 lloc
2724 2389 2902 2432 autem
2939 2373 3086 2443 quod
3120 2369 3361 2424 divinam
3399 2364 3560 2419 nobis

1982 2481 2242 2549 insculpit
2275 2476 2593 2546 imaginem,
2645 2481 2699 2527 et
2739 2471 3080 2540 signaculum
3110 2462 3266 2533 quasi
3298 2468 3559 2528 operatur

1981 2569 2398 2642 pulchritudinis
2428 2566 2690 2623 caelestis.
2715 2577 2894 2618 nonne
2920 2561 3154 2628 Spiritus
3200 2556 3324 2610 est?
3364 2571 3382 2604 ι
3422 2549 3560 2604 [ler-

1983 2666 2137 2718 mias.
2189 2680 2206 2713 ι
2244 2659 2442 2714 Verum
2503 2672 2611 2713 non
2649 2665 2708 2710 ut
2751 2657 2910 2718 [)eus,
2972 2652 3065 2706 sed
3102 2659 3160 2702 ut
3196 2646 3395 2700 divinae
3434 2656 3556 2712 gra-

1983 2759 2068 2809 tite
2099 2754 2368 2808 miniSter.
2405 2770 2423 2802 ι
2452 2748 2712 2806 Sanctus.
2751 2766 2769 2798 ι
2804 2744 2920 2800 Νοιι
2945 2745 3108 2814 igitur
3129 2742 3239 2803 ille,
3265 2738 3357 2792 sed
3382 2734 3557 2806 gratia

1981 2865 2076 2920 per
2105 2848 2254 2902 illum
2287 2845 2447 2900 nobis
2479 2845 2845 2914 signiﬁcatur.
2888 2858 2906 2890 ι
2937 2838 3209 2892 Hermias.
3248 2852 3266 2885 ι
3303 2831 3555 2886 Videtur.

1984 2958 2003 2990 ι
2054 2938 2308 2992 Sanctus.
2365 2953 2384 2986 ι
2449 2933 2578 2988 Erat
2633 2932 2796 3002 igitur
2856 2928 3224 2984 necessarium
3275 2921 3550 2977 hominem

1980 3030 2162 3085 vocari
2193 3027 2485 3099 imaginem
2531 3026 2719 3096 gratiae
2750 3032 2803 3078 et
2845 3038 2955 3076 non
2991 3019 3102 3073 Dei.
3155 3015 3454 3072 Considera
3491 3021 3547 3065 et

289 3116 384 3168 λον
413 3115 547 3167 Θεοῦ
584 3113 976 3183 διακεκλῆσθαι
1028 3113 1121 3166 τὸν
1152 3113 1459 3182 ἄνθρωπον.
1523 3115 1635 3167 Καὶ
1668 3115 1784 3168 τόδε
1816 3116 1872 3167 δὲ

1984 3123 2104 3178 hoc.
2141 3120 2527 3190 Planus|enim,
2563 3131 2620 3172 ut
2646 3117 2861 3188 opinor,
2885 3123 2938 3168 et
2966 3109 3199 3179 simplex
3223 3116 3308 3163 est
3339 3119 3550 3161 sermo.

293 3208 491 3260 σκόπει
512 3224 526 3238 °
566 3207 743 3277 σαφὴς
776 3208 908 3276 γὰρ,
945 3207 1021 3270 ὠς
1054 3203 1235 3276 οἶμαι,
1266 3206 1360 3259 καὶ
1389 3207 1596 3270 ἁπλοῦς
1639 3209 1666 3260 ὀ
1694 3208 1868 3276 λόγος.

289 3299 763 3369 Δεδημιούργηται
794 3299 892 3366 μὲν
921 3299 1029 3369 γὰρ
1051 3301 1107 3350 ὲν
1132 3300 1272 3368 ἀρχῇ
1305 3299 1364 3350 τὸ
1387 3299 1546 3362 ζῶον,
1568 3299 1875 3371 ’πλαστουρ-

289 3391 516 3457 γοῦντος
545 3391 676 3441 αὐτὸ
709 3389 804 3442 τοῦ
833 3390 991 3454 Θεοῦ,
1028 3392 1121 3442 καὶ
1163 3391 1522 3460 τετιμηκότος
1581 3391 1748 3444 οἱονεὶ
1780 3393 1874 3444 καὶ

292 3481 617 3552 αὐτοχειρίᾳ
644 3482 788 3534 κατά
809 3481 908 3544 τὰς
935 3481 1182 3553 Γραφάς.
1219 3480 1437 3553 Ἐπειδὴ
1458 3481 1515 3534 δὲ
1543 3481 1622 3542 είς
1645 3481 1706 3534 τὸ
1733 3477 1872 3535 εἶναι

289 3575 565 3643 παρῆκτο,
623 3572 986 3644 διεμορφοῦτο
1047 3575 1185 3644 πρὸς
1238 3573 1396 3638 Θεὸν,
1463 3575 1872 3646 ἐμφυσηθείσης

286 3666 441 3737 αὑτῷ
494 3665 665 3736 πνοῆς
698 3665 870 3736 ζωῆς·
910 3666 1316 3737 ἀπημποληκὸς
1363 3667 1422 3720 δὲ
1457 3669 1548 3720 τὸν
1595 3668 1870 3736 ἀγιασμὸν

283 3759 376 3811 διὰ
398 3759 498 3826 τῆς
525 3759 608 3820 είς
639 3757 951 3826 φαυλότητα
981 3761 1368 3830 παρατροπῆς,
1396 3762 1476 3822 εἰς
1503 3762 1562 3813 τὸ
1587 3763 1646 3813 ὲν
1676 3763 1870 3832 ἀρχαῖς

285 3852 384 3902 καὶ
415 3848 788 3920 πρεσϐύτατον
813 3848 970 3913 αὖθις
991 3851 1348 3922 ἀνεκομίζετο
1369 3853 1588 3918 κάλλος,
1614 3871 1872 3925 καινουρ-

288 3942 516 4010 γοῦντας
539 3945 600 3995 τὸ
629 3944 940 3995 παλαιωθὲν
978 3945 1056 4007 είς
1086 3939 1228 4007 εἶδος
1256 3945 1320 3998 τὸ
1351 3945 1495 3998 οεῖόν
1525 3963 1582 3998 τε
1615 3949 1710 3998 καὶ
1741 3964 1868 4018 νοη-

281 4035 376 4086 τὸν
405 4033 500 4086 τοῦ
528 4033 788 4105 Χρισττῦ,
825 4034 884 4086 οὐ
939 4035 1064 4088 καθ’
1097 4036 1288 4104 ἕτερόν
1326 4054 1448 4090 τινα
1476 4037 1698 4107 τρόπον,
1729 4041 1868 4110 πλὴν

281 4129 365 4178 ὅτι
395 4127 488 4180 τὸν
519 4129 576 4180 ὲν
611 4129 831 4198 ἀρχαῖς.
883 4129 1218 4199 Ἑνεφύσησε
1242 4130 1351 4200 γὰρ
1379 4134 1492 4194 τοῖς
1521 4133 1698 4200 ἁγίοις
1730 4134 1866 4186 ἀπο-

282 4217 492 4280 στόλοις
513 4217 706 4284 λέγων’
744 4238 761 4270 ι
787 4220 995 4272 Λάύετε
1023 4220 1247 4289 Πνεῦμα
1275 4223 1429 4290 ἅγιον
1447 4239 1498 4275 ἰ
1528 4223 1561 4293 ἢ
1585 4225 1684 4276 οὐκ
1713 4225 1766 4276 εἴ
1785 4242 1868 4289 τις

279 4311 340 4360 ὲν
373 4307 598 4378 Χριστῷ
656 4309 818 4380 καινὴ
850 4311 1075 4376 κτίσις;
1117 4327 1135 4360 ι
1185 4309 1244 4363 '0
1291 4313 1571 4380 Ἑρμείας.
1607 4330 1625 4364 ι
1667 4313 1796 4367 Ναί.
1838 4332 1859 4366 ι

293 4401 354 4453 Ὀ
384 4401 562 4469 ἅγιος.
635 4420 653 4453 ι
692 4402 901 4456 Οὐκοῦν
947 4403 1144 4473 ἀληθὲς
1200 4405 1399 4470 εἰπεῖν,
1438 4404 1637 4476 μᾶλλον
1681 4407 1737 4459 δὲ
1771 4407 1864 4460 καὶ

1981 3213 2114 3268 Nam
2159 3213 2456 3268 formatum
2497 3211 2715 3281 quidem
2764 3219 2848 3262 est
2895 3207 2950 3260 in
3002 3201 3273 3274 principio
3322 3197 3550 3260 animal,

1976 3307 2250 3362 formante
2301 3306 2433 3360 illud
2487 3303 2630 3367 Deo,
2682 3309 2736 3356 et
2784 3302 3090 3354 honorante
3146 3290 3553 3363 quodammodo

1973 3399 2276 3454 secundum
2311 3397 2623 3464 Scripturas
2653 3408 2767 3448 sua:
2803 3406 2997 3444 manus
3018 3388 3361 3442 formatione.
3394 3384 3556 3439 Post-

1973 3503 2138 3557 quam
2170 3496 2354 3540 autem
2387 3487 2713 3556 productqu
2737 3491 2843 3546 est.
2875 3492 2934 3536 ut
2963 3489 3128 3542 esset,
3173 3479 3554 3549 configuraba'

1976 3587 2064 3631 tur
2093 3577 2162 3630 ad
2210 3576 2402 3640 Deum,
2431 3591 2556 3629 cum
2589 3575 2895 3642 inspiratus
2922 3581 3004 3626 est
3033 3572 3083 3626 ei
3117 3569 3353 3639 Spiritus
3381 3569 3547 3622 vitae:

1973 3669 2067 3723 ubi
2100 3683 2228 3722 vero
2254 3669 2443 3722 amisit
2473 3666 2962 3721 sanctificationcm
2997 3678 3090 3732 per
3117 3677 3308 3716 casum
3336 3661 3388 3714 in
3417 3675 3548 3730 per-

1971 3770 2152 3814 catum
2183 3758 2252 3812 ad
2295 3758 2612 3827 pnimasvam
2647 3764 2702 3810 et
2741 3755 3023 3824 antiquam
3052 3753 3270 3806 reduxit
3298 3751 3545 3821 pulchri-

1971 3851 2242 3914 tudinem,
2274 3851 2576 3905 innovante
2610 3847 2972 3902 inveteratam
3016 3846 3082 3899 ad
3121 3844 3359 3914 speciem
3409 3843 3550 3897 divi-

1971 3958 2120 4006 nam,
2178 3957 2243 3997 ac
2272 3941 2614 4010 spiritualem
2659 3939 2902 4004 Christo,
2951 3949 3005 3993 et
3037 3948 3155 3990 ‘non
3201 3937 3365 3990 aliam
3409 3951 3551 4006 quo-

1967 4036 2284 4098 dammodo,
2319 4050 2482 4104 quam
2514 4034 2644 4089 olim
2669 4035 2723 4087 in
2757 4033 3045 4104 principio.
3081 4031 3374 4100 lnspiravit
3399 4033 3545 4086 enim

1967 4125 2171 4181 sanctis
2217 4125 2478 4191 apostolis
2511 4125 2700 4179 dicens
2733 4140 2746 4176 :
2793 4133 2812 4174 ‹
2843 4123 3090 4191 Accipite
3122 4119 3388 4191 Spiritum
3417 4137 3548 4176 san-

1968 4225 2118 4269 ctum
2149 4214 2217 4268 “.
2261 4231 2280 4263 ι
2338 4211 2435 4268 Vel
2475 4212 2723 4282 nunquid
2755 4221 2873 4268 erat
2899 4213 2951 4264 in
2977 4211 3195 4266 Christo
3223 4227 3362 4266 nova
3391 4227 3550 4266 crea-

1969 4306 2130 4360 tura?
2164 4325 2183 4357 ι
2214 4304 2481 4360 llermias.
2513 4323 2532 4357 ι
2584 4304 2783 4360 Etiam.
2823 4323 2841 4356 ι
2878 4304 3136 4360 Sanctus.
3172 4323 3190 4356 ›
3226 4305 3395 4374 Igitur
3422 4320 3548 4359 vere

1971 4400 2190 4464 dicitur,
2224 4401 2333 4454 imo
2361 4408 2415 4453 et
2449 4397 2762 4453 necessario
2793 4397 3136 4467 intelligitur,
3179 4398 3326 4468 quod
3362 4413 3542 4466 quan-

277 4489 580 4556 ἀναγκαῖον
609 4488 713 4559 ήδη
752 4507 869 4554 πως
907 4490 1111 4546 ἐννοεῖν
1143 4493 1241 4560 ὡς,
1281 4496 1441 4565 εἰπερ
1470 4497 1503 4564 ὴ
1555 4494 1859 4560 παλαίωσις

1979 4492 2258 4560 loquidem
2319 4499 2595 4556 vetustas,
2648 4499 2721 4556 |et
2765 4490 3196 4559 corruptibilitas
3242 4489 3546 4544 debilitavit

282 4580 376 4634 οιαὶ
406 4581 434 4632 6
461 4581 661 4652 τρόπος
691 4582 788 4649 τῆς
823 4581 1171 4652 καταφθορᾶς
1228 4585 1486 4654 νενόσηκε
1517 4586 1616 4656 τῆς
1651 4587 1858 4649 εἰκόνος

277 4673 379 4742 τῆς
451 4673 510 4724 ἐν
587 4672 850 4742 ἁγιασμῷ
914 4673 1011 4744 τὴν
1069 4675 1420 4745 ἀπεμπολὴν,
1471 4672 1560 4747 ἆρ’
1618 4677 1738 4747 οὐχὶ
1787 4681 1855 4748 τῇ

235 4752 416 4838 ivnge;
475 4761 539 4814 τὸ
592 4762 819 4834 ἀρχαῖον
881 4763 1159 4837 ἀναδρομῇ
1229 4765 1324 4818 καὶ
1409 4769 1735 4839 καινουργίᾳ
1789 4771 1854 4838 τῇ

237 4844 362 4908 ’διὰ
409 4854 651 4924 Χριστοῦ
710 4855 811 4925 τῆς
841 4856 979 4926 πρὸς
1008 4855 1141 4908 Θεὸν
1190 4859 1488 4927 ἐμφερείας
1539 4858 1635 4930 τὴν
1683 4861 1856 4928 πρόσ-

274 4947 439 5018 ληψιν
497 4945 702 5001 ἐνεῖναι.
784 4949 1302 5017 παραχωρήσομεν;
1366 4967 1384 4998 ι
1438 4947 1497 5000 '0
1568 4949 1853 5019 Ἑρμείας*

280 5058 301 5092 ι
347 5041 498 5096 Πάνυ
531 5039 633 5110 μὲν
661 5033 779 5097 οἷον.
815 5058 836 5094 ι
876 5039 936 5093 '0
989 5039 1143 5108 ἅγιος
1171 5053 1186 5068 ⁸
1220 5057 1239 5092 ι
1293 5039 1434 5093 Ἀλλ’
1467 5043 1516 5093 εί
1547 5042 1646 5110 τῆς
1668 5041 1856 5105 οὐσίας

270 5133 366 5187 τοῦ
428 5135 746 5204 Πνεύματος
779 5133 1216 5204 διεσχοινισμένη
1259 5149 1342 5196 τις
1396 5129 1466 5203 ἦν
1494 5133 1529 5203 ὴ
1562 5133 1630 5186 δι’
1687 5133 1856 5185 αὑτοῦ

271 5226 456 5297 χάρις,
482 5225 536 5279 τί
574 5225 652 5296 μὴ
685 5225 789 5296 ἔφη
825 5226 1014 5295 σαφῶς
1058 5227 1087 5278 6
1133 5225 1231 5296 μὲν
1268 5227 1540 5296 μακάριος
1599 5229 1841 5299 Μωῦσῆς

271 5316 354 5368 ὅτι
379 5318 849 5388 παρενηνεγμένῳ
871 5319 946 5387 τῷ
976 5317 1100 5389 ζὼῳ
1135 5319 1270 5388 πρὸς
1291 5317 1351 5370 τὸ
1381 5315 1518 5370 εἶναι
1547 5319 1732 5375 λοιπὸν
1769 5323 1853 5374 ὲν-

271 5408 513 5478 εφύσησε
571 5411 729 5480 χάριν
759 5412 787 5463 6
840 5411 1055 5464 πάντων
1087 5413 1413 5482 δημιουργὸς
1443 5413 1540 5484 τὴν
1568 5415 1655 5468 διὰ
1688 5418 1856 5486 πνοῆς·

270 5499 368 5568 τῆς
397 5501 565 5571 ζωῆς,
603 5501 839 5567 Χριστὸς
871 5501 928 5553 δὲ
966 5504 1112 5571 ἡμῖν·
1160 5502 1369 5556 Λάϐετε
1419 5505 1583 5576 χάριν
1629 5506 1732 5576 τὴν
1785 5506 1854 5559 δι’

272 5591 570 5661 ὑπουργίας
621 5592 717 5645 τοῦ
780 5593 936 5661 ἁγίου
986 5593 1318 5664 Πνεύματος,
1375 5597 1488 5649 ἀλλ’
1543 5598 1858 5670 ὠνόμασται

345 5753 390 5784 “
416 5753 460 5807 ll
490 5755 617 5811 Cor.
651 5772 726 5824 vt,
762 5757 852 5810 16.

1968 4583 2259 4650 imaginem
2291 4581 2346 4634 in
2391 4580 2852 4643 sanctificatione,
2888 4579 3134 4649 nunquid
3179 4580 3544 4634 concedemns

1966 4676 2394 4744 assumptionem
2442 4672 2635 4743 elligiei
2679 4673 2877 4727 divinae
2927 4671 2982 4725 in
3019 4687 3238 4727 reverso
3287 4683 3342 4726 et
3389 4675 3544 4726 novi-

1965 4777 2072 4822 tate
2114 4769 2180 4820 ad
2226 4765 2504 4834 pristinam
2545 4765 2919 4820 recursionem
2951 4773 3005 4818 et
3056 4766 3377 4829 novitatem,
3421 4779 3542 4834 qua:

1966 4874 2059 4927 per
2088 4857 2411 4912 Christum?
2460 4876 2479 4909 ι
2514 4856 2785 4912 llermias.
2835 4875 2855 4908 ι
2896 4856 2991 4911 Vel
3017 4859 3278 4912 maxime.
3334 4874 3354 4908 ε
3397 4857 3540 4911 San-

1967 4959 2112 5004 ctus.
2174 4968 2192 5001 ι
2245 4950 2361 5004 Etsi
2414 4965 2446 5004 a
2504 4950 2820 5005 substantia
2870 4949 3109 5018 Spiritus
3163 4961 3310 5004 esset
3362 4951 3537 5020 gratia

1963 5050 2214 5110 separata
2253 5040 2395 5110 ejus,
2432 5057 2531 5096 cur
2553 5056 2661 5096 non
2696 5043 2834 5096 dixit
2867 5043 3156 5096 manifeste
3184 5043 3376 5096 beatus
3398 5042 3540 5110 .qui-

1965 5131 2086 5185 dem
2113 5131 2350 5208 Moyses,
2382 5133 2528 5201 quod
2551 5130 2785 5186 adducto
2807 5132 3027 5186 animali
3062 5143 3120 5186 ut
3138 5132 3225 5198 sit,
3252 5132 3538 5200 inspiravit

1953 5225 2185 5296 gratiam
2239 5225 2486 5279 omnium
2522 5224 2702 5294 opifex
2739 5239 2836 5295 per
2887 5224 3241 5293 Spirationem
3287 5224 3432 5290 vitae,
3483 5234 3538 5277 i-t

1953 5319 2208 5375 Christus
2238 5319 2417 5373 nobis.
2469 5317 2711 5387 Accipite
2747 5317 2979 5388 gratiam
3025 5329 3121 5384 per
3168 5315 3533 5370 ministerium

1955 5413 2133 5468 sancti
2179 5409 2438 5480 Spiritus,
2478 5409 2576 5465 sed
2621 5417 2938 5477 nuncupata
2967 5415 3052 5462 est
3101 5405 3155 5459 in
3183 5405 3276 5460 il-lo
3308 5407 3536 5475 spiritus

1959 5506 2120 5562 vitaz?
2167 5503 2285 5561 Vita
2334 5505 2480 5559 enim
2528 5518 2656 5558 vera
2710 5503 2931 5557 deitatis
2990 5509 3211 5564 natura,
3261 5499 3532 5568 siquidem
3597 5497 3610 5566 ζ

1959 5613 2149 5653 verum
2180 5606 2284 5665 est,
2330 5597 2384 5652 in
2431 5597 2551 5667 ipsa
2591 5609 2694 5653 nos
2733 5595 2919 5652 vivere
2949 5602 3002 5651 et
3033 5593 3266 5662 moveri,
3303 5601 3357 5649 et
3387 5605 3532 5648 esse.

949 5756 993 5788 ⁸⁵
1017 5755 1174 5813 Joan.
1209 5774 1317 5824 xiv,
1353 5758 1442 5812 9.6.
1522 5756 1566 5789 ⁵⁸
1590 5755 1746 5812 Joan.
1777 5775 1869 5822 xx,
1906 5758 2001 5815 Q2.
