  <div class='ocr_page' id='page_1' title='image "/cluster/home/n/w/nwhite01/storage/ocr_20150623/141/coo.31924054870468/343.png"; bbox 0 0 3958 6406; ppageno 0'>
   <div class='ocr_carea' id='block_1_1' title="bbox 426 299 534 362">
    <p class='ocr_par' dir='ltr' id='par_1_1' title="bbox 426 299 534 362">
     <span class='ocr_line' id='line_1_1' title="bbox 426 299 534 362; baseline -0.009 0"><span class='ocrx_word' id='word_1_1' title='bbox 426 299 534 362; x_wconf 81' lang='grc'><strong>679</strong></span> 
     </span>
    </p>
   </div>
   <div class='ocr_carea' id='block_1_2' title="bbox 1396 276 2634 361">
    <p class='ocr_par' dir='ltr' id='par_1_2' title="bbox 1396 276 2634 361">
     <span class='ocr_line' id='line_1_2' title="bbox 1396 276 2634 361; baseline 0.002 -3"><span class='ocrx_word' id='word_1_2' title='bbox 1396 276 1403 283; x_wconf 86' lang='grc'><em>’</em></span> <span class='ocrx_word' id='word_1_3' title='bbox 1454 296 1670 358; x_wconf 86' lang='lat' dir='ltr'><strong>JOAN.</strong></span> <span class='ocrx_word' id='word_1_4' title='bbox 1712 299 1929 359; x_wconf 68' lang='grc' dir='ltr'>νεοίη</span> <span class='ocrx_word' id='word_1_5' title='bbox 1973 300 2082 361; x_wconf 80' lang='lat' dir='ltr'><strong>cp.</strong></span> <span class='ocrx_word' id='word_1_6' title='bbox 2126 300 2634 360; x_wconf 64' lang='lat' dir='ltr'><strong>PATRIARCHIE</strong></span> 
     </span>
    </p>
   </div>
   <div class='ocr_carea' id='block_1_3' title="bbox 3568 302 3673 365">
    <p class='ocr_par' dir='ltr' id='par_1_3' title="bbox 3568 302 3673 365">
     <span class='ocr_line' id='line_1_3' title="bbox 3568 302 3673 365; baseline 0 0"><span class='ocrx_word' id='word_1_7' title='bbox 3568 302 3673 365; x_wconf 86' lang='lat'><strong>680</strong></span> 
     </span>
    </p>
   </div>
   <div class='ocr_carea' id='block_1_4' title="bbox 428 404 2013 479">
    <p class='ocr_par' dir='ltr' id='par_1_4' title="bbox 428 404 1992 473">
     <span class='ocr_line' id='line_1_4' title="bbox 428 404 1992 473; baseline 0 -13"><span class='ocrx_word' id='word_1_8' title='bbox 428 406 533 461; x_wconf 82' lang='lat' dir='ltr'><strong>l’er</strong></span> <span class='ocrx_word' id='word_1_9' title='bbox 579 405 881 462; x_wconf 82' lang='lat' dir='ltr'><strong>Salvatoris</strong></span> <span class='ocrx_word' id='word_1_10' title='bbox 921 422 1052 461; x_wconf 80' lang='lat' dir='ltr'><strong>vero</strong></span> <span class='ocrx_word' id='word_1_11' title='bbox 1094 407 1267 461; x_wconf 80' lang='lat' dir='ltr'><strong>lucem</strong></span> <span class='ocrx_word' id='word_1_12' title='bbox 1320 404 1559 473; x_wconf 74' lang='lat' dir='ltr'><strong>Spiritus</strong></span> <span class='ocrx_word' id='word_1_13' title='bbox 1594 413 1842 468; x_wconf 85' lang='lat' dir='ltr'><strong>sanctus,</strong></span> <span class='ocrx_word' id='word_1_14' title='bbox 1904 407 1992 461; x_wconf 87' lang='lat' dir='ltr'><strong>ille</strong></span> 
     </span>
    </p>
   </div>
   <div class='ocr_carea' id='block_1_5' title="bbox 2119 404 3674 479">
    <p class='ocr_par' dir='ltr' id='par_1_5' title="bbox 2119 406 3674 479">
     <span class='ocr_line' id='line_1_5' title="bbox 2119 406 3674 479; baseline 0.002 -20"><span class='ocrx_word' id='word_1_15' title='bbox 2119 407 2201 459; x_wconf 81' lang='grc' dir='ltr'><strong>ιέν</strong></span> <span class='ocrx_word' id='word_1_16' title='bbox 2234 410 2291 459; x_wconf 78' lang='grc' dir='ltr'><strong>ἐν</strong></span> <span class='ocrx_word' id='word_1_17' title='bbox 2315 408 2508 477; x_wconf 82' lang='grc' dir='ltr'>ἐκείνῳ</span> <span class='ocrx_word' id='word_1_18' title='bbox 2536 408 2670 477; x_wconf 84' lang='grc' dir='ltr'>πνοὴ</span> <span class='ocrx_word' id='word_1_19' title='bbox 2699 406 2874 477; x_wconf 81' lang='grc' dir='ltr'>ζωῆς;</span> <span class='ocrx_word' id='word_1_20' title='bbox 2933 407 3058 478; x_wconf 83' lang='grc' dir='ltr'><strong>Ζωὴ</strong></span> <span class='ocrx_word' id='word_1_21' title='bbox 3084 407 3192 479; x_wconf 74' lang='grc' dir='ltr'><strong>γὰρ</strong></span> <span class='ocrx_word' id='word_1_22' title='bbox 3219 410 3252 478; x_wconf 82' lang='grc' dir='ltr'>ἡ</span> <span class='ocrx_word' id='word_1_23' title='bbox 3285 410 3385 479; x_wconf 78' lang='grc' dir='ltr'>τῆς</span> <span class='ocrx_word' id='word_1_24' title='bbox 3419 408 3674 478; x_wconf 77' lang='grc' dir='ltr'><strong>θεότητος</strong></span> 
     </span>
    </p>
   </div>
   <div class='ocr_carea' id='block_1_6' title="bbox 428 496 1993 568">
    <p class='ocr_par' dir='ltr' id='par_1_6' title="bbox 428 496 1993 568">
     <span class='ocr_line' id='line_1_6' title="bbox 428 496 1993 568; baseline 0.001 -16"><span class='ocrx_word' id='word_1_25' title='bbox 428 499 545 568; x_wconf 91' lang='lat' dir='ltr'><strong>ipse</strong></span> <span class='ocrx_word' id='word_1_26' title='bbox 575 515 789 563; x_wconf 87' lang='lat' dir='ltr'><strong>revera,</strong></span> <span class='ocrx_word' id='word_1_27' title='bbox 840 500 932 568; x_wconf 87' lang='lat' dir='ltr'><strong>qui</strong></span> <span class='ocrx_word' id='word_1_28' title='bbox 974 498 1027 552; x_wconf 88' lang='lat' dir='ltr'><strong>itt</strong></span> <span class='ocrx_word' id='word_1_29' title='bbox 1081 497 1371 552; x_wconf 86' lang='lat' dir='ltr'><strong>animabus</strong></span> <span class='ocrx_word' id='word_1_30' title='bbox 1410 496 1745 551; x_wconf 78' lang='lat' dir='ltr'><strong>credentium</strong></span> <span class='ocrx_word' id='word_1_31' title='bbox 1776 497 1993 553; x_wconf 82' lang='lat' dir='ltr'><strong>inhabi-</strong></span> 
     </span>
    </p>
   </div>
   <div class='ocr_carea' id='block_1_7' title="bbox 431 587 1994 657">
    <p class='ocr_par' dir='ltr' id='par_1_7' title="bbox 431 587 1994 657">
     <span class='ocr_line' id='line_1_7' title="bbox 431 587 1994 657; baseline -0.002 -14"><span class='ocrx_word' id='word_1_32' title='bbox 431 598 532 651; x_wconf 86' lang='lat' dir='ltr'><strong>tat,</strong></span> <span class='ocrx_word' id='word_1_33' title='bbox 571 598 626 644; x_wconf 88' lang='lat' dir='ltr'><strong>et</strong></span> <span class='ocrx_word' id='word_1_34' title='bbox 671 590 911 643; x_wconf 91' lang='lat' dir='ltr'><strong>immittit</strong></span> <span class='ocrx_word' id='word_1_35' title='bbox 940 588 1227 657; x_wconf 83' lang='lat' dir='ltr'><strong>Spiritum,</strong></span> <span class='ocrx_word' id='word_1_36' title='bbox 1256 598 1309 641; x_wconf 85' lang='lat' dir='ltr'><strong>et</strong></span> <span class='ocrx_word' id='word_1_37' title='bbox 1347 587 1401 640; x_wconf 93' lang='lat' dir='ltr'><strong>in</strong></span> <span class='ocrx_word' id='word_1_38' title='bbox 1436 588 1555 655; x_wconf 89' lang='lat' dir='ltr'><strong>ipso</strong></span> <span class='ocrx_word' id='word_1_39' title='bbox 1590 596 1643 641; x_wconf 88' lang='lat' dir='ltr'><strong>et</strong></span> <span class='ocrx_word' id='word_1_40' title='bbox 1690 602 1788 656; x_wconf 85' lang='lat' dir='ltr'><strong>per</strong></span> <span class='ocrx_word' id='word_1_41' title='bbox 1817 588 1994 657; x_wconf 90' lang='lat' dir='ltr'><strong>ipsum</strong></span> 
     </span>
    </p>
   </div>
   <div class='ocr_carea' id='block_1_8' title="bbox 429 672 1997 757">
    <p class='ocr_par' dir='ltr' id='par_1_8' title="bbox 429 672 1997 757">
     <span class='ocr_line' id='line_1_8' title="bbox 429 672 1997 757; baseline -0.003 -21"><span class='ocrx_word' id='word_1_42' title='bbox 429 683 498 736; x_wconf 86' lang='lat' dir='ltr'><strong>ad</strong></span> <span class='ocrx_word' id='word_1_43' title='bbox 549 683 784 750; x_wconf 87' lang='lat' dir='ltr'><strong>speciem</strong></span> <span class='ocrx_word' id='word_1_44' title='bbox 831 681 1141 750; x_wconf 58' lang='lat' dir='ltr'><strong>primaevam</strong></span> <span class='ocrx_word' id='word_1_45' title='bbox 1194 678 1598 744; x_wconf 77' lang='lat' dir='ltr'><strong>transformat,</strong></span> <span class='ocrx_word' id='word_1_46' title='bbox 1642 680 1699 757; x_wconf 86' lang='lat' dir='ltr'><strong>in</strong></span> <span class='ocrx_word' id='word_1_47' title='bbox 1756 672 1997 749; x_wconf 64' lang='lat' dir='ltr'><strong>scips&#39;um</strong></span> 
     </span>
    </p>
   </div>
   <div class='ocr_carea' id='block_1_9' title="bbox 432 770 1996 841">
    <p class='ocr_par' dir='ltr' id='par_1_9' title="bbox 432 770 1996 841">
     <span class='ocr_line' id='line_1_9' title="bbox 432 770 1996 841; baseline -0.003 -14"><span class='ocrx_word' id='word_1_48' title='bbox 432 772 679 835; x_wconf 86' lang='lat' dir='ltr'><strong>scilicet,</strong></span> <span class='ocrx_word' id='word_1_49' title='bbox 741 771 854 825; x_wconf 84' lang='lat' dir='ltr'><strong>sive</strong></span> <span class='ocrx_word' id='word_1_50' title='bbox 901 773 967 824; x_wconf 89' lang='lat' dir='ltr'><strong>ad</strong></span> <span class='ocrx_word' id='word_1_51' title='bbox 1008 770 1203 841; x_wconf 77' lang='lat' dir='ltr'><strong>eﬂigici</strong></span> <span class='ocrx_word' id='word_1_52' title='bbox 1249 771 1563 840; x_wconf 81' lang='lat' dir='ltr'><strong>exemplar,</strong></span> <span class='ocrx_word' id='word_1_53' title='bbox 1625 771 1996 825; x_wconf 74' lang='lat' dir='ltr'><strong>characterem</strong></span> 
     </span>
    </p>
   </div>
   <div class='ocr_carea' id='block_1_10' title="bbox 430 861 1999 932">
    <p class='ocr_par' dir='ltr' id='par_1_10' title="bbox 430 861 1999 932">
     <span class='ocr_line' id='line_1_10' title="bbox 430 861 1999 932; baseline 0 -15"><span class='ocrx_word' id='word_1_54' title='bbox 430 878 624 932; x_wconf 89' lang='lat' dir='ltr'><strong>nempe</strong></span> <span class='ocrx_word' id='word_1_55' title='bbox 668 863 860 917; x_wconf 85' lang='lat' dir='ltr'><strong>Patris.</strong></span> <span class='ocrx_word' id='word_1_56' title='bbox 919 861 1053 915; x_wconf 86' lang='lat' dir='ltr'><strong>Nam</strong></span> <span class='ocrx_word' id='word_1_57' title='bbox 1105 864 1392 917; x_wconf 81' lang='lat' dir='ltr'><strong>character</strong></span> <span class='ocrx_word' id='word_1_58' title='bbox 1447 862 1663 930; x_wconf 87' lang='lat' dir='ltr'><strong>quidem</strong></span> <span class='ocrx_word' id='word_1_59' title='bbox 1709 879 1895 927; x_wconf 85' lang='lat' dir='ltr'><strong>verus,</strong></span> <span class='ocrx_word' id='word_1_60' title='bbox 1944 872 1999 917; x_wconf 91' lang='lat' dir='ltr'><strong>et</strong></span> 
     </span>
    </p>
   </div>
   <div class='ocr_carea' id='block_1_11' title="bbox 431 952 1992 1024">
    <p class='ocr_par' dir='ltr' id='par_1_11' title="bbox 431 952 1992 1024">
     <span class='ocr_line' id='line_1_11' title="bbox 431 952 1992 1024; baseline -0.003 -13"><span class='ocrx_word' id='word_1_61' title='bbox 431 968 658 1011; x_wconf 70' lang='lat' dir='ltr'><strong>summae</strong></span> <span class='ocrx_word' id='word_1_62' title='bbox 689 953 1005 1022; x_wconf 66' lang='lat' dir='ltr'><strong>diligentiae,</strong></span> <span class='ocrx_word' id='word_1_63' title='bbox 1054 968 1175 1020; x_wconf 66' lang='lat' dir='ltr'><strong>quae</strong></span> <span class='ocrx_word' id='word_1_64' title='bbox 1222 953 1277 1006; x_wconf 92' lang='lat' dir='ltr'><strong>in</strong></span> <span class='ocrx_word' id='word_1_65' title='bbox 1311 952 1596 1022; x_wconf 80' lang='lat' dir='ltr'><strong>elligiando</strong></span> <span class='ocrx_word' id='word_1_66' title='bbox 1648 954 1992 1024; x_wconf 81' lang='lat' dir='ltr'><strong>intelligitur,</strong></span> 
     </span>
    </p>
   </div>
   <div class='ocr_carea' id='block_1_12' title="bbox 430 1044 1999 1116">
    <p class='ocr_par' dir='ltr' id='par_1_12' title="bbox 430 1044 1999 1116">
     <span class='ocr_line' id='line_1_12' title="bbox 430 1044 1999 1116; baseline -0.002 -16"><span class='ocrx_word' id='word_1_67' title='bbox 430 1048 546 1116; x_wconf 89' lang='lat' dir='ltr'><strong>ipse</strong></span> <span class='ocrx_word' id='word_1_68' title='bbox 576 1044 747 1098; x_wconf 87' lang='lat' dir='ltr'><strong>Filius</strong></span> <span class='ocrx_word' id='word_1_69' title='bbox 777 1054 881 1099; x_wconf 86' lang='lat' dir='ltr'><strong>est.</strong></span> <span class='ocrx_word' id='word_1_70' title='bbox 916 1044 1237 1100; x_wconf 91' lang='lat' dir='ltr'><strong>Similitudo</strong></span> <span class='ocrx_word' id='word_1_71' title='bbox 1268 1061 1399 1100; x_wconf 84' lang='lat' dir='ltr'><strong>vero</strong></span> <span class='ocrx_word' id='word_1_72' title='bbox 1424 1045 1603 1100; x_wconf 90' lang='lat' dir='ltr'><strong>lucida</strong></span> <span class='ocrx_word' id='word_1_73' title='bbox 1645 1055 1695 1099; x_wconf 91' lang='lat' dir='ltr'><strong>et</strong></span> <span class='ocrx_word' id='word_1_74' title='bbox 1731 1046 1999 1100; x_wconf 81' lang='lat' dir='ltr'><strong>naturalis</strong></span> 
     </span>
    </p>
   </div>
   <div class='ocr_carea' id='block_1_13' title="bbox 433 1136 2000 1206">
    <p class='ocr_par' dir='ltr' id='par_1_13' title="bbox 433 1136 2000 1206">
     <span class='ocr_line' id='line_1_13' title="bbox 433 1136 2000 1206; baseline -0.001 -16"><span class='ocrx_word' id='word_1_75' title='bbox 433 1137 555 1191; x_wconf 82' lang='lat' dir='ltr'><strong>Filii</strong></span> <span class='ocrx_word' id='word_1_76' title='bbox 597 1136 837 1204; x_wconf 85' lang='lat' dir='ltr'><strong>Spiritus</strong></span> <span class='ocrx_word' id='word_1_77' title='bbox 883 1145 988 1201; x_wconf 89' lang='lat' dir='ltr'><strong>cst,</strong></span> <span class='ocrx_word' id='word_1_78' title='bbox 1025 1139 1090 1193; x_wconf 87' lang='lat' dir='ltr'><strong>ad</strong></span> <span class='ocrx_word' id='word_1_79' title='bbox 1132 1153 1292 1195; x_wconf 86' lang='lat' dir='ltr'><strong>ouem</strong></span> <span class='ocrx_word' id='word_1_80' title='bbox 1327 1147 1381 1191; x_wconf 93' lang='lat' dir='ltr'><strong>et</strong></span> <span class='ocrx_word' id='word_1_81' title='bbox 1410 1152 1512 1191; x_wconf 92' lang='lat' dir='ltr'><strong>nos</strong></span> <span class='ocrx_word' id='word_1_82' title='bbox 1542 1137 1863 1205; x_wconf 80' lang='lat' dir='ltr'><strong>conligurati</strong></span> <span class='ocrx_word' id='word_1_83' title='bbox 1904 1152 2000 1206; x_wconf 89' lang='lat' dir='ltr'><strong>per</strong></span> 
     </span>
    </p>
   </div>
   <div class='ocr_carea' id='block_1_14' title="bbox 434 1226 2002 1300">
    <p class='ocr_par' dir='ltr' id='par_1_14' title="bbox 434 1226 2002 1300">
     <span class='ocr_line' id='line_1_14' title="bbox 434 1226 2002 1300; baseline -0.001 -18"><span class='ocrx_word' id='word_1_84' title='bbox 434 1229 923 1291; x_wconf 77' lang='lat' dir='ltr'><strong>sattctit‘tcationent</strong></span> <span class='ocrx_word' id='word_1_85' title='bbox 957 1273 972 1296; x_wconf 93' lang='lat'><strong>,</strong></span> <span class='ocrx_word' id='word_1_86' title='bbox 1018 1232 1082 1284; x_wconf 88' lang='lat' dir='ltr'><strong>ad</strong></span> <span class='ocrx_word' id='word_1_87' title='bbox 1125 1231 1298 1300; x_wconf 82' lang='lat' dir='ltr'><strong>ipsam</strong></span> <span class='ocrx_word' id='word_1_88' title='bbox 1354 1227 1451 1283; x_wconf 88' lang='lat' dir='ltr'><strong>Dei</strong></span> <span class='ocrx_word' id='word_1_89' title='bbox 1504 1226 1732 1282; x_wconf 80' lang='lat' dir='ltr'><strong>formam</strong></span> <span class='ocrx_word' id='word_1_90' title='bbox 1782 1227 2002 1281; x_wconf 81' lang='lat' dir='ltr'><strong>confor-</strong></span> 
     </span>
    </p>
   </div>
   <div class='ocr_carea' id='block_1_15' title="bbox 433 1318 1999 1390">
    <p class='ocr_par' dir='ltr' id='par_1_15' title="bbox 433 1318 1999 1390">
     <span class='ocr_line' id='line_1_15' title="bbox 433 1318 1999 1390; baseline 0.001 -20"><span class='ocrx_word' id='word_1_91' title='bbox 433 1333 669 1373; x_wconf 89' lang='lat' dir='ltr'><strong>matnur.</strong></span> <span class='ocrx_word' id='word_1_92' title='bbox 714 1320 882 1387; x_wconf 82' lang='lat' dir='ltr'><strong>quue</strong></span> <span class='ocrx_word' id='word_1_93' title='bbox 933 1322 1092 1375; x_wconf 88' lang='lat' dir='ltr'><strong>nobis</strong></span> <span class='ocrx_word' id='word_1_94' title='bbox 1141 1319 1475 1390; x_wconf 79' lang='lat' dir='ltr'><strong>apostolicus</strong></span> <span class='ocrx_word' id='word_1_95' title='bbox 1507 1334 1688 1373; x_wconf 88' lang='lat' dir='ltr'><strong>sermo</strong></span> <span class='ocrx_word' id='word_1_96' title='bbox 1730 1318 1999 1372; x_wconf 86' lang='lat' dir='ltr'><strong>suadebit.</strong></span> 
     </span>
    </p>
   </div>
   <div class='ocr_carea' id='block_1_16' title="bbox 441 1410 2003 1482">
    <p class='ocr_par' dir='ltr' id='par_1_16' title="bbox 441 1410 2003 1482">
     <span class='ocr_line' id='line_1_16' title="bbox 441 1410 2003 1482; baseline 0.001 -20"><span class='ocrx_word' id='word_1_97' title='bbox 441 1429 460 1462; x_wconf 78' lang='grc' dir='ltr'><strong>ι</strong></span> <span class='ocrx_word' id='word_1_98' title='bbox 486 1410 661 1466; x_wconf 88' lang='lat' dir='ltr'><strong>Filioli</strong></span> <span class='ocrx_word' id='word_1_99' title='bbox 690 1416 857 1475; x_wconf 75' lang='lat' dir='ltr'><strong>enim,</strong></span> <span class='ocrx_word' id='word_1_100' title='bbox 880 1413 1114 1476; x_wconf 89' lang='lat' dir='ltr'><strong>dicebat,</strong></span> <span class='ocrx_word' id='word_1_101' title='bbox 1144 1429 1283 1482; x_wconf 86' lang='lat' dir='ltr'><strong>quos</strong></span> <span class='ocrx_word' id='word_1_102' title='bbox 1308 1412 1503 1466; x_wconf 90' lang='lat' dir='ltr'><strong>iterum</strong></span> <span class='ocrx_word' id='word_1_103' title='bbox 1535 1410 1800 1480; x_wconf 89' lang='lat' dir='ltr'><strong>parturio,</strong></span> <span class='ocrx_word' id='word_1_104' title='bbox 1831 1411 2003 1464; x_wconf 90' lang='lat' dir='ltr'><strong>donec</strong></span> 
     </span>
    </p>
   </div>
   <div class='ocr_carea' id='block_1_17' title="bbox 436 1501 2001 1559">
    <p class='ocr_par' dir='ltr' id='par_1_17' title="bbox 436 1501 2001 1559">
     <span class='ocr_line' id='line_1_17' title="bbox 436 1501 2001 1559; baseline 0 -5"><span class='ocrx_word' id='word_1_105' title='bbox 436 1501 703 1557; x_wconf 79' lang='lat' dir='ltr'><strong>formetur</strong></span> <span class='ocrx_word' id='word_1_106' title='bbox 731 1505 984 1559; x_wconf 84' lang='lat' dir='ltr'><strong>Christus</strong></span> <span class='ocrx_word' id='word_1_107' title='bbox 1013 1505 1067 1558; x_wconf 92' lang='lat' dir='ltr'><strong>in</strong></span> <span class='ocrx_word' id='word_1_108' title='bbox 1114 1505 1275 1559; x_wconf 89' lang='lat' dir='ltr'><strong>nobis</strong></span> <span class='ocrx_word' id='word_1_109' title='bbox 1305 1504 1373 1557; x_wconf 75' lang='lat'><strong>”.</strong></span> <span class='ocrx_word' id='word_1_110' title='bbox 1413 1524 1430 1556; x_wconf 69' lang='grc' dir='ltr'><strong>ι</strong></span> <span class='ocrx_word' id='word_1_111' title='bbox 1480 1502 1775 1558; x_wconf 81' lang='lat' dir='ltr'><strong>Formatnr</strong></span> <span class='ocrx_word' id='word_1_112' title='bbox 1818 1513 2001 1559; x_wconf 88' lang='lat' dir='ltr'><strong>autem</strong></span> 
     </span>
    </p>
   </div>
   <div class='ocr_carea' id='block_1_18' title="bbox 436 1593 2004 1662">
    <p class='ocr_par' dir='ltr' id='par_1_18' title="bbox 436 1593 2004 1662">
     <span class='ocr_line' id='line_1_18' title="bbox 436 1593 2004 1662; baseline 0.001 -17"><span class='ocrx_word' id='word_1_113' title='bbox 436 1609 534 1661; x_wconf 88' lang='lat' dir='ltr'><strong>per</strong></span> <span class='ocrx_word' id='word_1_114' title='bbox 584 1594 870 1662; x_wconf 87' lang='lat' dir='ltr'><strong>Spiritum,</strong></span> <span class='ocrx_word' id='word_1_115' title='bbox 939 1594 1326 1648; x_wconf 77' lang='lat' dir='ltr'><strong>t-eformantem</strong></span> <span class='ocrx_word' id='word_1_116' title='bbox 1392 1609 1490 1648; x_wconf 90' lang='lat' dir='ltr'><strong>nos</strong></span> <span class='ocrx_word' id='word_1_117' title='bbox 1550 1595 1617 1647; x_wconf 86' lang='lat' dir='ltr'><strong>ad</strong></span> <span class='ocrx_word' id='word_1_118' title='bbox 1684 1593 1851 1647; x_wconf 90' lang='lat' dir='ltr'><strong>Deum</strong></span> <span class='ocrx_word' id='word_1_119' title='bbox 1910 1608 2004 1659; x_wconf 85' lang='lat' dir='ltr'><strong>per</strong></span> 
     </span>
    </p>
   </div>
   <div class='ocr_carea' id='block_1_19' title="bbox 439 1679 2003 1751">
    <p class='ocr_par' dir='ltr' id='par_1_19' title="bbox 439 1679 2003 1751">
     <span class='ocr_line' id='line_1_19' title="bbox 439 1679 2003 1751; baseline -0.002 -16"><span class='ocrx_word' id='word_1_120' title='bbox 439 1685 700 1750; x_wconf 83' lang='lat' dir='ltr'><strong>seipsum.</strong></span> <span class='ocrx_word' id='word_1_121' title='bbox 733 1682 961 1747; x_wconf 78' lang='lat' dir='ltr'><strong>Quando</strong></span> <span class='ocrx_word' id='word_1_122' title='bbox 990 1682 1155 1751; x_wconf 78' lang='lat' dir='ltr'><strong>igitur</strong></span> <span class='ocrx_word' id='word_1_123' title='bbox 1177 1681 1244 1735; x_wconf 87' lang='lat' dir='ltr'><strong>ad</strong></span> <span class='ocrx_word' id='word_1_124' title='bbox 1269 1680 1550 1735; x_wconf 86' lang='lat' dir='ltr'><strong>Christum</strong></span> <span class='ocrx_word' id='word_1_125' title='bbox 1589 1679 1914 1745; x_wconf 78' lang='lat' dir='ltr'><strong>formantur,</strong></span> <span class='ocrx_word' id='word_1_126' title='bbox 1951 1688 2003 1733; x_wconf 90' lang='lat' dir='ltr'><strong>ct</strong></span> 
     </span>
    </p>
   </div>
   <div class='ocr_carea' id='block_1_20' title="bbox 439 1772 2006 1843">
    <p class='ocr_par' dir='ltr' id='par_1_20' title="bbox 439 1772 2006 1843">
     <span class='ocr_line' id='line_1_20' title="bbox 439 1772 2006 1843; baseline -0.002 -16"><span class='ocrx_word' id='word_1_127' title='bbox 439 1776 551 1842; x_wconf 84' lang='lat' dir='ltr'><strong>ipse</strong></span> <span class='ocrx_word' id='word_1_128' title='bbox 585 1776 636 1827; x_wconf 91' lang='lat' dir='ltr'><strong>in</strong></span> <span class='ocrx_word' id='word_1_129' title='bbox 686 1774 849 1829; x_wconf 91' lang='lat' dir='ltr'><strong>nobis</strong></span> <span class='ocrx_word' id='word_1_130' title='bbox 890 1775 1157 1843; x_wconf 82' lang='lat' dir='ltr'><strong>signatur,</strong></span> <span class='ocrx_word' id='word_1_131' title='bbox 1189 1783 1242 1826; x_wconf 88' lang='lat' dir='ltr'><strong>et</strong></span> <span class='ocrx_word' id='word_1_132' title='bbox 1293 1772 1561 1840; x_wconf 80' lang='lat' dir='ltr'><strong>eliigiatur</strong></span> <span class='ocrx_word' id='word_1_133' title='bbox 1602 1772 1757 1831; x_wconf 90' lang='lat' dir='ltr'><strong>bene.</strong></span> <span class='ocrx_word' id='word_1_134' title='bbox 1813 1780 1874 1824; x_wconf 90' lang='lat' dir='ltr'><strong>ut</strong></span> <span class='ocrx_word' id='word_1_135' title='bbox 1909 1785 2006 1840; x_wconf 89' lang='lat' dir='ltr'><strong>per</strong></span> 
     </span>
    </p>
   </div>
   <div class='ocr_carea' id='block_1_21' title="bbox 438 1861 2001 1933">
    <p class='ocr_par' dir='ltr' id='par_1_21' title="bbox 438 1861 2001 1933">
     <span class='ocr_line' id='line_1_21' title="bbox 438 1861 2001 1933; baseline -0.003 -13"><span class='ocrx_word' id='word_1_136' title='bbox 438 1865 669 1920; x_wconf 86' lang='lat' dir='ltr'><strong>similem</strong></span> <span class='ocrx_word' id='word_1_137' title='bbox 714 1865 1031 1919; x_wconf 79' lang='lat' dir='ltr'><strong>naturaliter</strong></span> <span class='ocrx_word' id='word_1_138' title='bbox 1062 1863 1350 1933; x_wconf 89' lang='lat' dir='ltr'><strong>Spiritum,</strong></span> <span class='ocrx_word' id='word_1_139' title='bbox 1382 1879 1564 1917; x_wconf 88' lang='lat' dir='ltr'><strong>nonne</strong></span> <span class='ocrx_word' id='word_1_140' title='bbox 1592 1862 1732 1916; x_wconf 89' lang='lat' dir='ltr'><strong>Deus</strong></span> <span class='ocrx_word' id='word_1_141' title='bbox 1765 1861 2001 1928; x_wconf 80' lang='lat' dir='ltr'><strong>Spiritus</strong></span> 
     </span>
    </p>
   </div>
   <div class='ocr_carea' id='block_1_22' title="bbox 435 1954 2003 2024">
    <p class='ocr_par' dir='ltr' id='par_1_22' title="bbox 435 1954 2003 2024">
     <span class='ocr_line' id='line_1_22' title="bbox 435 1954 2003 2024; baseline -0.003 -15"><span class='ocrx_word' id='word_1_142' title='bbox 435 1964 542 2019; x_wconf 65' lang='lat' dir='ltr'><strong>est,</strong></span> <span class='ocrx_word' id='word_1_143' title='bbox 587 1955 678 2024; x_wconf 91' lang='lat' dir='ltr'><strong>qui</strong></span> <span class='ocrx_word' id='word_1_144' title='bbox 710 1962 1057 2024; x_wconf 64' lang='lat' dir='ltr'><strong>,transmutat</strong></span> <span class='ocrx_word' id='word_1_145' title='bbox 1116 1955 1181 2008; x_wconf 89' lang='lat' dir='ltr'><strong>ad</strong></span> <span class='ocrx_word' id='word_1_146' title='bbox 1236 1954 1402 2008; x_wconf 88' lang='lat' dir='ltr'><strong>Deum</strong></span> <span class='ocrx_word' id='word_1_147' title='bbox 1447 1969 1554 2007; x_wconf 90' lang='lat' dir='ltr'><strong>non</strong></span> <span class='ocrx_word' id='word_1_148' title='bbox 1603 1964 1861 2021; x_wconf 83' lang='lat' dir='ltr'><strong>tanquam</strong></span> <span class='ocrx_word' id='word_1_149' title='bbox 1910 1967 2003 2019; x_wconf 87' lang='lat' dir='ltr'><strong>per</strong></span> 
     </span>
    </p>
   </div>
   <div class='ocr_carea' id='block_1_23' title="bbox 436 2043 2006 2115">
    <p class='ocr_par' dir='ltr' id='par_1_23' title="bbox 436 2043 2006 2115">
     <span class='ocr_line' id='line_1_23' title="bbox 436 2043 2006 2115; baseline -0.001 -18"><span class='ocrx_word' id='word_1_150' title='bbox 436 2047 665 2115; x_wconf 75' lang='lat' dir='ltr'><strong>gratiam</strong></span> <span class='ocrx_word' id='word_1_151' title='bbox 711 2044 983 2108; x_wconf 81' lang='lat' dir='ltr'><strong>servilem,</strong></span> <span class='ocrx_word' id='word_1_152' title='bbox 1014 2044 1106 2098; x_wconf 89' lang='lat' dir='ltr'><strong>sed</strong></span> <span class='ocrx_word' id='word_1_153' title='bbox 1158 2045 1323 2097; x_wconf 85' lang='lat' dir='ltr'><strong>veluti</strong></span> <span class='ocrx_word' id='word_1_154' title='bbox 1356 2044 1554 2097; x_wconf 67' lang='lat' dir='ltr'><strong>divinae</strong></span> <span class='ocrx_word' id='word_1_155' title='bbox 1587 2052 1796 2096; x_wconf 76' lang='lat' dir='ltr'><strong>naturae</strong></span> <span class='ocrx_word' id='word_1_156' title='bbox 1840 2043 2006 2111; x_wconf 82' lang='lat' dir='ltr'><strong>parti-</strong></span> 
     </span>
    </p>
   </div>
   <div class='ocr_carea' id='block_1_24' title="bbox 436 2134 2006 2204">
    <p class='ocr_par' dir='ltr' id='par_1_24' title="bbox 436 2134 2006 2204">
     <span class='ocr_line' id='line_1_24' title="bbox 436 2134 2006 2204; baseline -0.002 -15"><span class='ocrx_word' id='word_1_157' title='bbox 436 2136 805 2204; x_wconf 86' lang='lat' dir='ltr'><strong>cipationem,</strong></span> <span class='ocrx_word' id='word_1_158' title='bbox 848 2136 964 2203; x_wconf 91' lang='lat' dir='ltr'><strong>ipse</strong></span> <span class='ocrx_word' id='word_1_159' title='bbox 1011 2134 1191 2204; x_wconf 77' lang='lat' dir='ltr'><strong>dignis</strong></span> <span class='ocrx_word' id='word_1_160' title='bbox 1240 2134 1449 2188; x_wconf 88' lang='lat' dir='ltr'><strong>donans</strong></span> <span class='ocrx_word' id='word_1_161' title='bbox 1478 2175 1492 2198; x_wconf 94' lang='lat'><strong>,</strong></span> <span class='ocrx_word' id='word_1_162' title='bbox 1545 2134 1805 2201; x_wconf 88' lang='lat' dir='ltr'><strong>Spiritum</strong></span> <span class='ocrx_word' id='word_1_163' title='bbox 1877 2148 2006 2187; x_wconf 83' lang='lat' dir='ltr'><strong>vero</strong></span> 
     </span>
    </p>
   </div>
   <div class='ocr_carea' id='block_1_25' title="bbox 438 2206 2005 2280">
    <p class='ocr_par' dir='ltr' id='par_1_25' title="bbox 438 2206 2005 2280">
     <span class='ocr_line' id='line_1_25' title="bbox 438 2206 2005 2280; baseline -0.001 -1"><span class='ocrx_word' id='word_1_164' title='bbox 438 2226 849 2280; x_wconf 88' lang='lat' dir='ltr'><strong>similitudinem</strong></span> <span class='ocrx_word' id='word_1_165' title='bbox 906 2206 1089 2280; x_wconf 85' lang='lat' dir='ltr'><strong>veram</strong></span> <span class='ocrx_word' id='word_1_166' title='bbox 1144 2222 1279 2277; x_wconf 81' lang='lat' dir='ltr'><strong>Filii</strong></span> <span class='ocrx_word' id='word_1_167' title='bbox 1332 2239 1454 2278; x_wconf 85' lang='lat' dir='ltr'><strong>esse</strong></span> <span class='ocrx_word' id='word_1_168' title='bbox 1506 2225 1701 2279; x_wconf 85' lang='lat' dir='ltr'><strong>discito</strong></span> <span class='ocrx_word' id='word_1_169' title='bbox 1757 2239 1789 2278; x_wconf 85' lang='lat' dir='ltr'><strong>a</strong></span> <span class='ocrx_word' id='word_1_170' title='bbox 1846 2224 2005 2278; x_wconf 86' lang='lat' dir='ltr'><strong>beato</strong></span> 
     </span>
    </p>
   </div>
   <div class='ocr_carea' id='block_1_26' title="bbox 441 2315 2004 2386">
    <p class='ocr_par' dir='ltr' id='par_1_26' title="bbox 441 2315 2004 2386">
     <span class='ocr_line' id='line_1_26' title="bbox 441 2315 2004 2386; baseline 0.001 -17"><span class='ocrx_word' id='word_1_171' title='bbox 441 2315 607 2371; x_wconf 89' lang='lat' dir='ltr'><strong>Paulo</strong></span> <span class='ocrx_word' id='word_1_172' title='bbox 637 2319 935 2371; x_wconf 86' lang='lat' dir='ltr'><strong>scribente.</strong></span> <span class='ocrx_word' id='word_1_173' title='bbox 985 2317 1123 2383; x_wconf 85' lang='lat' dir='ltr'><strong>Quia</strong></span> <span class='ocrx_word' id='word_1_174' title='bbox 1161 2331 1298 2386; x_wconf 89' lang='lat' dir='ltr'><strong>quos</strong></span> <span class='ocrx_word' id='word_1_175' title='bbox 1333 2317 1618 2385; x_wconf 69' lang='lat' dir='ltr'><strong>praenovit,</strong></span> <span class='ocrx_word' id='word_1_176' title='bbox 1659 2317 1757 2371; x_wconf 90' lang='lat' dir='ltr'><strong>bos</strong></span> <span class='ocrx_word' id='word_1_177' title='bbox 1798 2317 2004 2386; x_wconf 65' lang='lat' dir='ltr'><strong>prasde-</strong></span> 
     </span>
    </p>
   </div>
   <div class='ocr_carea' id='block_1_27' title="bbox 441 2407 2006 2476">
    <p class='ocr_par' dir='ltr' id='par_1_27' title="bbox 441 2407 2006 2476">
     <span class='ocr_line' id='line_1_27' title="bbox 441 2407 2006 2476; baseline -0.001 -15"><span class='ocrx_word' id='word_1_178' title='bbox 441 2407 946 2463; x_wconf 79' lang='lat' dir='ltr'><strong>linivitcooformes</strong></span> <span class='ocrx_word' id='word_1_179' title='bbox 984 2410 1236 2476; x_wconf 78' lang='lat' dir='ltr'><strong>imaginis</strong></span> <span class='ocrx_word' id='word_1_180' title='bbox 1272 2407 1399 2462; x_wconf 83' lang='lat' dir='ltr'><strong>Filii</strong></span> <span class='ocrx_word' id='word_1_181' title='bbox 1431 2408 1571 2476; x_wconf 87' lang='lat' dir='ltr'><strong>ejus,</strong></span> <span class='ocrx_word' id='word_1_182' title='bbox 1608 2409 1708 2463; x_wconf 92' lang='lat' dir='ltr'><strong>hos</strong></span> <span class='ocrx_word' id='word_1_183' title='bbox 1746 2417 1800 2462; x_wconf 88' lang='lat' dir='ltr'><strong>et</strong></span> <span class='ocrx_word' id='word_1_184' title='bbox 1844 2423 2006 2463; x_wconf 85' lang='lat' dir='ltr'><strong>voca-</strong></span> 
     </span>
    </p>
   </div>
   <div class='ocr_carea' id='block_1_28' title="bbox 438 2492 2004 2569">
    <p class='ocr_par' dir='ltr' id='par_1_28' title="bbox 438 2492 2004 2569">
     <span class='ocr_line' id='line_1_28' title="bbox 438 2492 2004 2569; baseline 0.003 -18"><span class='ocrx_word' id='word_1_185' title='bbox 438 2500 551 2553; x_wconf 91' lang='lat' dir='ltr'><strong>vit:</strong></span> <span class='ocrx_word' id='word_1_186' title='bbox 578 2498 946 2554; x_wconf 79' lang='lat' dir='ltr'><strong>reformantur</strong></span> <span class='ocrx_word' id='word_1_187' title='bbox 976 2500 1122 2552; x_wconf 90' lang='lat' dir='ltr'><strong>enim</strong></span> <span class='ocrx_word' id='word_1_188' title='bbox 1148 2500 1214 2554; x_wconf 91' lang='lat' dir='ltr'><strong>ad</strong></span> <span class='ocrx_word' id='word_1_189' title='bbox 1244 2492 1471 2568; x_wconf 77' lang='lat' dir='ltr'><strong>eﬂigiem</strong></span> <span class='ocrx_word' id='word_1_190' title='bbox 1500 2515 1622 2569; x_wconf 62' lang='lat' dir='ltr'><strong>quae</strong></span> <span class='ocrx_word' id='word_1_191' title='bbox 1645 2500 1712 2553; x_wconf 88' lang='lat' dir='ltr'><strong>ad</strong></span> <span class='ocrx_word' id='word_1_192' title='bbox 1741 2501 2004 2569; x_wconf 91' lang='lat' dir='ltr'><strong>Spiritum</strong></span> 
     </span>
    </p>
   </div>
   <div class='ocr_carea' id='block_1_29' title="bbox 442 2588 2007 2657">
    <p class='ocr_par' dir='ltr' id='par_1_29' title="bbox 442 2588 2007 2657">
     <span class='ocr_line' id='line_1_29' title="bbox 442 2588 2007 2657; baseline -0.001 -12"><span class='ocrx_word' id='word_1_193' title='bbox 442 2601 690 2645; x_wconf 84' lang='lat' dir='ltr'><strong>sanctum</strong></span> <span class='ocrx_word' id='word_1_194' title='bbox 720 2600 822 2653; x_wconf 86' lang='lat' dir='ltr'><strong>est,</strong></span> <span class='ocrx_word' id='word_1_195' title='bbox 862 2592 1114 2657; x_wconf 84' lang='lat' dir='ltr'><strong>quamvis</strong></span> <span class='ocrx_word' id='word_1_196' title='bbox 1149 2589 1217 2643; x_wconf 89' lang='lat' dir='ltr'><strong>ad</strong></span> <span class='ocrx_word' id='word_1_197' title='bbox 1252 2588 1422 2642; x_wconf 86' lang='lat' dir='ltr'><strong>Deum</strong></span> <span class='ocrx_word' id='word_1_198' title='bbox 1459 2605 1557 2657; x_wconf 81' lang='lat' dir='ltr'><strong>per</strong></span> <span class='ocrx_word' id='word_1_199' title='bbox 1587 2592 1768 2654; x_wconf 87' lang='lat' dir='ltr'><strong>Iidem,</strong></span> <span class='ocrx_word' id='word_1_200' title='bbox 1793 2598 1848 2643; x_wconf 88' lang='lat' dir='ltr'><strong>et</strong></span> <span class='ocrx_word' id='word_1_201' title='bbox 1875 2606 2007 2645; x_wconf 86' lang='lat' dir='ltr'><strong>sau-</strong></span> 
     </span>
    </p>
   </div>
   <div class='ocr_carea' id='block_1_30' title="bbox 440 2678 2008 2742">
    <p class='ocr_par' dir='ltr' id='par_1_30' title="bbox 440 2678 2008 2742">
     <span class='ocr_line' id='line_1_30' title="bbox 440 2678 2008 2742; baseline 0.002 -10"><span class='ocrx_word' id='word_1_202' title='bbox 440 2680 846 2742; x_wconf 88' lang='lat' dir='ltr'><strong>ctilicationem,</strong></span> <span class='ocrx_word' id='word_1_203' title='bbox 874 2690 928 2733; x_wconf 87' lang='lat' dir='ltr'><strong>et</strong></span> <span class='ocrx_word' id='word_1_204' title='bbox 975 2679 1347 2734; x_wconf 82' lang='lat' dir='ltr'><strong>habitudinem</strong></span> <span class='ocrx_word' id='word_1_205' title='bbox 1379 2678 1447 2733; x_wconf 91' lang='lat' dir='ltr'><strong>ad</strong></span> <span class='ocrx_word' id='word_1_206' title='bbox 1470 2680 1644 2735; x_wconf 91' lang='lat' dir='ltr'><strong>illum.</strong></span> <span class='ocrx_word' id='word_1_207' title='bbox 1670 2679 2008 2736; x_wconf 80' lang='lat' dir='ltr'><strong>Manifestum</strong></span> 
     </span>
    </p>
   </div>
   <div class='ocr_carea' id='block_1_31' title="bbox 443 2771 2013 2841">
    <p class='ocr_par' dir='ltr' id='par_1_31' title="bbox 443 2771 2013 2841">
     <span class='ocr_line' id='line_1_31' title="bbox 443 2771 2013 2841; baseline 0.003 -17"><span class='ocrx_word' id='word_1_208' title='bbox 443 2778 651 2835; x_wconf 88' lang='lat' dir='ltr'><strong>autem,</strong></span> <span class='ocrx_word' id='word_1_209' title='bbox 695 2771 841 2839; x_wconf 87' lang='lat' dir='ltr'><strong>quod</strong></span> <span class='ocrx_word' id='word_1_210' title='bbox 890 2773 1032 2839; x_wconf 83' lang='lat' dir='ltr'><strong>ejus,</strong></span> <span class='ocrx_word' id='word_1_211' title='bbox 1097 2786 1217 2841; x_wconf 72' lang='lat' dir='ltr'><strong>qua:</strong></span> <span class='ocrx_word' id='word_1_212' title='bbox 1259 2785 1353 2840; x_wconf 91' lang='lat' dir='ltr'><strong>per</strong></span> <span class='ocrx_word' id='word_1_213' title='bbox 1413 2772 1911 2840; x_wconf 82' lang='lat' dir='ltr'><strong>participationem,</strong></span> <span class='ocrx_word' id='word_1_214' title='bbox 1958 2783 2013 2828; x_wconf 87' lang='lat' dir='ltr'><strong>et</strong></span> 
     </span>
    </p>
   </div>
   <div class='ocr_carea' id='block_1_32' title="bbox 443 2862 2011 2941">
    <p class='ocr_par' dir='ltr' id='par_1_32' title="bbox 443 2862 2011 2941">
     <span class='ocr_line' id='line_1_32' title="bbox 443 2862 2011 2941; baseline 0.006 -29"><span class='ocrx_word' id='word_1_215' title='bbox 443 2862 781 2928; x_wconf 68' lang='lat' dir='ltr'><strong>achtttitiae,</strong></span> <span class='ocrx_word' id='word_1_216' title='bbox 832 2862 959 2917; x_wconf 91' lang='lat' dir='ltr'><strong>licet</strong></span> <span class='ocrx_word' id='word_1_217' title='bbox 1017 2864 1216 2918; x_wconf 79' lang='lat' dir='ltr'><strong>divinae</strong></span> <span class='ocrx_word' id='word_1_218' title='bbox 1275 2871 1528 2926; x_wconf 60' lang='lat' dir='ltr'><strong>naturae,</strong></span> <span class='ocrx_word' id='word_1_219' title='bbox 1577 2865 1756 2941; x_wconf 85' lang='lat' dir='ltr'><strong>vocati</strong></span> <span class='ocrx_word' id='word_1_220' title='bbox 1794 2880 2011 2932; x_wconf 61' lang='grc' dir='ltr'>,ευιιιυε</span> 
     </span>
    </p>
   </div>
   <div class='ocr_carea' id='block_1_33' title="bbox 443 2951 653 3004">
    <p class='ocr_par' dir='ltr' id='par_1_33' title="bbox 443 2951 653 3004">
     <span class='ocr_line' id='line_1_33' title="bbox 443 2951 653 3004; baseline -0.005 -2"><span class='ocrx_word' id='word_1_221' title='bbox 443 2951 601 3004; x_wconf 83' lang='lat' dir='ltr'><strong>socii.</strong></span> <span class='ocrx_word' id='word_1_222' title='bbox 634 2968 653 3001; x_wconf 75' lang='grc' dir='ltr'><strong>ι</strong></span> 
     </span>
    </p>
   </div>
   <div class='ocr_carea' id='block_1_34' title="bbox 2033 1744 2081 1801">
    <p class='ocr_par' dir='ltr' id='par_1_34' title="bbox 2033 1744 2081 1801">
     <span class='ocr_line' id='line_1_34' title="bbox 2033 1744 2081 1801; baseline 0 0"><span class='ocrx_word' id='word_1_223' title='bbox 2033 1744 2081 1801; x_wconf 89' lang='grc' dir='ltr'>Β</span> 
     </span>
    </p>
   </div>
   <div class='ocr_carea' id='block_1_35' title="bbox 2100 497 3675 570">
    <p class='ocr_par' dir='ltr' id='par_1_35' title="bbox 2100 497 3675 570">
     <span class='ocr_line' id='line_1_35' title="bbox 2100 497 3675 570; baseline 0.003 -23"><span class='ocrx_word' id='word_1_224' title='bbox 2100 497 2280 564; x_wconf 85' lang='grc' dir='ltr'>φύσις,</span> <span class='ocrx_word' id='word_1_225' title='bbox 2312 498 2465 567; x_wconf 78' lang='grc' dir='ltr'>εἴπερ</span> <span class='ocrx_word' id='word_1_226' title='bbox 2490 500 2637 551; x_wconf 72' lang='grc' dir='ltr'>ἐστὶν</span> <span class='ocrx_word' id='word_1_227' title='bbox 2664 498 2881 568; x_wconf 83' lang='grc' dir='ltr'>ἀληθὲς,</span> <span class='ocrx_word' id='word_1_228' title='bbox 2913 499 2990 561; x_wconf 84' lang='grc' dir='ltr'>ὡς</span> <span class='ocrx_word' id='word_1_229' title='bbox 3013 498 3071 550; x_wconf 89' lang='grc' dir='ltr'><strong>ἐν</strong></span> <span class='ocrx_word' id='word_1_230' title='bbox 3098 500 3233 570; x_wconf 81' lang='grc' dir='ltr'>αὐτῇ</span> <span class='ocrx_word' id='word_1_231' title='bbox 3261 497 3445 568; x_wconf 77' lang='grc' dir='ltr'>ζῶμεν</span> <span class='ocrx_word' id='word_1_232' title='bbox 3466 500 3566 552; x_wconf 74' lang='grc' dir='ltr'><strong>καὶ</strong></span> <span class='ocrx_word' id='word_1_233' title='bbox 3586 517 3675 570; x_wconf 82' lang='grc' dir='ltr'>κι-</span> 
     </span>
    </p>
   </div>
   <div class='ocr_carea' id='block_1_36' title="bbox 2099 566 3673 661">
    <p class='ocr_par' dir='ltr' id='par_1_36' title="bbox 2099 566 3673 661">
     <span class='ocr_line' id='line_1_36' title="bbox 2099 566 3673 661; baseline 0.003 -21"><span class='ocrx_word' id='word_1_234' title='bbox 2099 589 2337 658; x_wconf 83' lang='grc' dir='ltr'>νούμεθα</span> <span class='ocrx_word' id='word_1_235' title='bbox 2372 592 2466 643; x_wconf 81' lang='grc' dir='ltr'>καὶ</span> <span class='ocrx_word' id='word_1_236' title='bbox 2497 590 2662 659; x_wconf 83' lang='grc' dir='ltr'>ἐσμέν</span> <span class='ocrx_word' id='word_1_237' title='bbox 2682 609 2695 621; x_wconf 91' lang='grc'><strong>·</strong></span> <span class='ocrx_word' id='word_1_238' title='bbox 2726 566 2812 644; x_wconf 71' lang='grc' dir='ltr'>διὰ</span> <span class='ocrx_word' id='word_1_239' title='bbox 2842 590 2896 644; x_wconf 77' lang='grc' dir='ltr'>δὲ</span> <span class='ocrx_word' id='word_1_240' title='bbox 2926 591 3025 657; x_wconf 69' lang='grc' dir='ltr'>τῆς</span> <span class='ocrx_word' id='word_1_241' title='bbox 3055 589 3149 642; x_wconf 87' lang='grc' dir='ltr'><strong>τοῦ</strong></span> <span class='ocrx_word' id='word_1_242' title='bbox 3183 566 3436 660; x_wconf 77' lang='grc' dir='ltr'>Σωτῆρος</span> <span class='ocrx_word' id='word_1_243' title='bbox 3465 566 3673 661; x_wconf 58' lang='grc' dir='ltr'>φωνῆς,</span> 
     </span>
    </p>
   </div>
   <div class='ocr_carea' id='block_1_37' title="bbox 2101 680 3676 752">
    <p class='ocr_par' dir='ltr' id='par_1_37' title="bbox 2101 680 3676 752">
     <span class='ocr_line' id='line_1_37' title="bbox 2101 680 3676 752; baseline -0.001 -17"><span class='ocrx_word' id='word_1_244' title='bbox 2101 680 2328 750; x_wconf 82' lang='grc' dir='ltr'><strong>Πνεῦμα</strong></span> <span class='ocrx_word' id='word_1_245' title='bbox 2359 682 2512 748; x_wconf 72' lang='grc' dir='ltr'>ἅγιον</span> <span class='ocrx_word' id='word_1_246' title='bbox 2545 682 2675 734; x_wconf 80' lang='grc' dir='ltr'>αὐτό</span> <span class='ocrx_word' id='word_1_247' title='bbox 2706 698 2807 734; x_wconf 88' lang='grc' dir='ltr'><strong>που</strong></span> <span class='ocrx_word' id='word_1_248' title='bbox 2855 682 2997 733; x_wconf 70' lang='grc' dir='ltr'><strong>κατά</strong></span> <span class='ocrx_word' id='word_1_249' title='bbox 3028 680 3090 734; x_wconf 77' lang='grc' dir='ltr'>τὸ</span> <span class='ocrx_word' id='word_1_250' title='bbox 3146 683 3342 752; x_wconf 72' lang='grc' dir='ltr'>ἀληθὲς</span> <span class='ocrx_word' id='word_1_251' title='bbox 3393 684 3513 741; x_wconf 84' lang='grc' dir='ltr'>ταῖς</span> <span class='ocrx_word' id='word_1_252' title='bbox 3565 685 3676 735; x_wconf 84' lang='grc' dir='ltr'>τῶν</span> 
     </span>
    </p>
   </div>
   <div class='ocr_carea' id='block_1_38' title="bbox 2101 772 3675 841">
    <p class='ocr_par' dir='ltr' id='par_1_38' title="bbox 2101 772 3675 841">
     <span class='ocr_line' id='line_1_38' title="bbox 2101 772 3675 841; baseline -0.001 -16"><span class='ocrx_word' id='word_1_253' title='bbox 2101 774 2465 825; x_wconf 73' lang='grc' dir='ltr'><strong>πιστευόντων</strong></span> <span class='ocrx_word' id='word_1_254' title='bbox 2490 772 2688 841; x_wconf 66' lang='grc' dir='ltr'>ψυχαῖς</span> <span class='ocrx_word' id='word_1_255' title='bbox 2722 772 3190 839; x_wconf 76' lang='grc' dir='ltr'>ἐγκατοικίζοντός</span> <span class='ocrx_word' id='word_1_256' title='bbox 3219 789 3279 825; x_wconf 86' lang='grc' dir='ltr'><strong>τε</strong></span> <span class='ocrx_word' id='word_1_257' title='bbox 3311 772 3407 825; x_wconf 80' lang='grc' dir='ltr'>καὶ</span> <span class='ocrx_word' id='word_1_258' title='bbox 3440 772 3675 832; x_wconf 59' lang='lat' dir='ltr'><strong>enim;</strong></span> 
     </span>
    </p>
   </div>
   <div class='ocr_carea' id='block_1_39' title="bbox 2099 863 3679 933">
    <p class='ocr_par' dir='ltr' id='par_1_39' title="bbox 2099 863 3679 933">
     <span class='ocr_line' id='line_1_39' title="bbox 2099 863 3679 933; baseline -0.001 -16"><span class='ocrx_word' id='word_1_259' title='bbox 2099 865 2160 917; x_wconf 79' lang='grc' dir='ltr'>τὸ</span> <span class='ocrx_word' id='word_1_260' title='bbox 2192 864 2435 933; x_wconf 77' lang='grc' dir='ltr'><strong>Πνεῦμα,</strong></span> <span class='ocrx_word' id='word_1_261' title='bbox 2468 866 2562 917; x_wconf 78' lang='grc' dir='ltr'>καὶ</span> <span class='ocrx_word' id='word_1_262' title='bbox 2591 864 2663 917; x_wconf 74' lang='grc' dir='ltr'>δι’</span> <span class='ocrx_word' id='word_1_263' title='bbox 2688 865 2854 917; x_wconf 85' lang='grc' dir='ltr'>αὐτοῦ</span> <span class='ocrx_word' id='word_1_264' title='bbox 2883 882 2942 917; x_wconf 90' lang='grc' dir='ltr'><strong>τε</strong></span> <span class='ocrx_word' id='word_1_265' title='bbox 2970 867 3066 917; x_wconf 76' lang='grc' dir='ltr'>καὶ</span> <span class='ocrx_word' id='word_1_266' title='bbox 3089 866 3147 916; x_wconf 88' lang='grc' dir='ltr'><strong>ἐν</strong></span> <span class='ocrx_word' id='word_1_267' title='bbox 3179 863 3326 933; x_wconf 84' lang='grc' dir='ltr'><strong>αὐτῷ</strong></span> <span class='ocrx_word' id='word_1_268' title='bbox 3360 863 3679 932; x_wconf 84' lang='grc' dir='ltr'>μεταπλάτ-</span> 
     </span>
    </p>
   </div>
   <div class='ocr_carea' id='block_1_40' title="bbox 2101 952 3681 1025">
    <p class='ocr_par' dir='ltr' id='par_1_40' title="bbox 2101 952 3681 1025">
     <span class='ocr_line' id='line_1_40' title="bbox 2101 952 3681 1025; baseline -0.004 -17"><span class='ocrx_word' id='word_1_269' title='bbox 2101 972 2281 1016; x_wconf 82' lang='grc' dir='ltr'>τοντος</span> <span class='ocrx_word' id='word_1_270' title='bbox 2314 960 2393 1018; x_wconf 81' lang='grc' dir='ltr'><strong>εἰς</strong></span> <span class='ocrx_word' id='word_1_271' title='bbox 2419 952 2556 1016; x_wconf 65' lang='grc' dir='ltr'>εἶδος</span> <span class='ocrx_word' id='word_1_272' title='bbox 2584 954 2644 1008; x_wconf 80' lang='grc' dir='ltr'>τὸ</span> <span class='ocrx_word' id='word_1_273' title='bbox 2672 955 2730 1006; x_wconf 88' lang='grc' dir='ltr'><strong>ἐν</strong></span> <span class='ocrx_word' id='word_1_274' title='bbox 2762 956 2979 1025; x_wconf 88' lang='grc' dir='ltr'>ἀρχαῖς,</span> <span class='ocrx_word' id='word_1_275' title='bbox 3008 954 3285 1005; x_wconf 77' lang='grc' dir='ltr'><strong>τουτέστιν</strong></span> <span class='ocrx_word' id='word_1_276' title='bbox 3344 953 3425 1014; x_wconf 75' lang='grc' dir='ltr'><strong>είς</strong></span> <span class='ocrx_word' id='word_1_277' title='bbox 3463 952 3681 1014; x_wconf 80' lang='grc' dir='ltr'>ἐαυτὸν,</span> 
     </span>
    </p>
   </div>
   <div class='ocr_carea' id='block_1_41' title="bbox 2102 1041 3684 1118">
    <p class='ocr_par' dir='ltr' id='par_1_41' title="bbox 2102 1041 3684 1118">
     <span class='ocr_line' id='line_1_41' title="bbox 2102 1041 3684 1118; baseline -0.003 -20"><span class='ocrx_word' id='word_1_278' title='bbox 2102 1048 2220 1107; x_wconf 73' lang='grc' dir='ltr'>ἦτοι</span> <span class='ocrx_word' id='word_1_279' title='bbox 2253 1048 2388 1118; x_wconf 73' lang='grc' dir='ltr'>πρὸς</span> <span class='ocrx_word' id='word_1_280' title='bbox 2439 1049 2573 1099; x_wconf 83' lang='grc' dir='ltr'>ἰδίαν</span> <span class='ocrx_word' id='word_1_281' title='bbox 2628 1047 2926 1117; x_wconf 72' lang='grc' dir='ltr'><strong>ἐμφέρειαν</strong></span> <span class='ocrx_word' id='word_1_282' title='bbox 2986 1045 3056 1097; x_wconf 86' lang='grc' dir='ltr'><strong>δι’</strong></span> <span class='ocrx_word' id='word_1_283' title='bbox 3101 1042 3397 1113; x_wconf 86' lang='grc' dir='ltr'>ἀγιασμοῦ,</span> <span class='ocrx_word' id='word_1_284' title='bbox 3444 1041 3588 1094; x_wconf 75' lang='grc' dir='ltr'>οὕτω</span> <span class='ocrx_word' id='word_1_285' title='bbox 3625 1058 3684 1094; x_wconf 85' lang='grc' dir='ltr'><strong>τε</strong></span> 
     </span>
    </p>
   </div>
   <div class='ocr_carea' id='block_1_42' title="bbox 2102 1132 3679 1207">
    <p class='ocr_par' dir='ltr' id='par_1_42' title="bbox 2102 1132 3679 1207">
     <span class='ocr_line' id='line_1_42' title="bbox 2102 1132 3679 1207; baseline -0.004 -20"><span class='ocrx_word' id='word_1_286' title='bbox 2102 1136 2198 1187; x_wconf 63' lang='grc' dir='ltr'><strong>καὶ¹</strong></span> <span class='ocrx_word' id='word_1_287' title='bbox 2237 1138 2383 1207; x_wconf 74' lang='grc' dir='ltr'>ἡμᾶς</span> <span class='ocrx_word' id='word_1_288' title='bbox 2411 1136 2840 1207; x_wconf 72' lang='grc' dir='ltr'><strong>ἀνακομίζοντος</strong></span> <span class='ocrx_word' id='word_1_289' title='bbox 2877 1136 2957 1198; x_wconf 89' lang='grc' dir='ltr'><strong>εἰς</strong></span> <span class='ocrx_word' id='word_1_290' title='bbox 2985 1134 3045 1187; x_wconf 82' lang='grc' dir='ltr'>τὸ</span> <span class='ocrx_word' id='word_1_291' title='bbox 3075 1135 3171 1201; x_wconf 85' lang='grc' dir='ltr'>τῆς</span> <span class='ocrx_word' id='word_1_292' title='bbox 3205 1133 3415 1190; x_wconf 77' lang='grc' dir='ltr'><strong>εἰκόνος</strong></span> <span class='ocrx_word' id='word_1_293' title='bbox 3442 1132 3679 1201; x_wconf 81' lang='grc' dir='ltr'>ἀρχέτυ-</span> 
     </span>
    </p>
   </div>
   <div class='ocr_carea' id='block_1_43' title="bbox 2103 1220 3676 1298">
    <p class='ocr_par' dir='ltr' id='par_1_43' title="bbox 2103 1220 3676 1298">
     <span class='ocr_line' id='line_1_43' title="bbox 2103 1220 3676 1298; baseline -0.006 -17"><span class='ocrx_word' id='word_1_294' title='bbox 2103 1244 2224 1294; x_wconf 83' lang='grc' dir='ltr'>πον,</span> <span class='ocrx_word' id='word_1_295' title='bbox 2250 1228 2497 1282; x_wconf 83' lang='grc' dir='ltr'>τουτέστι</span> <span class='ocrx_word' id='word_1_296' title='bbox 2521 1229 2612 1282; x_wconf 86' lang='grc' dir='ltr'>τὸν</span> <span class='ocrx_word' id='word_1_297' title='bbox 2635 1227 2960 1298; x_wconf 77' lang='grc' dir='ltr'>χαρακτῆρα</span> <span class='ocrx_word' id='word_1_298' title='bbox 2983 1225 3077 1279; x_wconf 87' lang='grc' dir='ltr'><strong>τοῦ</strong></span> <span class='ocrx_word' id='word_1_299' title='bbox 3106 1224 3340 1293; x_wconf 69' lang='grc' dir='ltr'>Πατρός.</span> <span class='ocrx_word' id='word_1_300' title='bbox 3370 1220 3676 1293; x_wconf 77' lang='grc' dir='ltr'>Χαρακτὴρ</span> 
     </span>
    </p>
   </div>
   <div class='ocr_carea' id='block_1_44' title="bbox 2107 1317 3664 1391">
    <p class='ocr_par' dir='ltr' id='par_1_44' title="bbox 2107 1317 3664 1391">
     <span class='ocr_line' id='line_1_44' title="bbox 2107 1317 3664 1391; baseline -0.004 -18"><span class='ocrx_word' id='word_1_301' title='bbox 2107 1320 2206 1391; x_wconf 83' lang='grc' dir='ltr'>μὲν</span> <span class='ocrx_word' id='word_1_302' title='bbox 2234 1322 2344 1391; x_wconf 80' lang='grc' dir='ltr'><strong>γὰρ</strong></span> <span class='ocrx_word' id='word_1_303' title='bbox 2371 1320 2621 1391; x_wconf 66' lang='grc' dir='ltr'>ἀληθινὸς</span> <span class='ocrx_word' id='word_1_304' title='bbox 2649 1320 2743 1373; x_wconf 75' lang='grc' dir='ltr'>καὶ</span> <span class='ocrx_word' id='word_1_305' title='bbox 2773 1322 2853 1383; x_wconf 87' lang='grc' dir='ltr'><strong>είς</strong></span> <span class='ocrx_word' id='word_1_306' title='bbox 2885 1318 3038 1389; x_wconf 80' lang='grc' dir='ltr'>λῆξιν</span> <span class='ocrx_word' id='word_1_307' title='bbox 3087 1317 3378 1388; x_wconf 82' lang='grc' dir='ltr'>ἀκριϐείας</span> <span class='ocrx_word' id='word_1_308' title='bbox 3425 1317 3526 1384; x_wconf 82' lang='grc' dir='ltr'>τῆς</span> <span class='ocrx_word' id='word_1_309' title='bbox 3560 1332 3664 1367; x_wconf 89' lang='grc' dir='ltr'><strong>κατ</strong></span> 
     </span>
    </p>
   </div>
   <div class='ocr_carea' id='block_1_45' title="bbox 2106 1406 3683 1481">
    <p class='ocr_par' dir='ltr' id='par_1_45' title="bbox 2106 1406 3683 1481">
     <span class='ocr_line' id='line_1_45' title="bbox 2106 1406 3683 1481; baseline -0.004 -19"><span class='ocrx_word' id='word_1_310' title='bbox 2106 1413 2406 1481; x_wconf 74' lang='grc' dir='ltr'>ἐμφέρειαν</span> <span class='ocrx_word' id='word_1_311' title='bbox 2437 1411 2735 1481; x_wconf 83' lang='grc' dir='ltr'>νοουμένης</span> <span class='ocrx_word' id='word_1_312' title='bbox 2770 1409 2934 1472; x_wconf 85' lang='grc' dir='ltr'>αὐτός</span> <span class='ocrx_word' id='word_1_313' title='bbox 2973 1412 3123 1462; x_wconf 91' lang='grc' dir='ltr'>ἐστιν</span> <span class='ocrx_word' id='word_1_314' title='bbox 3154 1410 3182 1459; x_wconf 83' lang='grc' dir='ltr'>ὁ</span> <span class='ocrx_word' id='word_1_315' title='bbox 3219 1406 3365 1473; x_wconf 76' lang='grc' dir='ltr'>Υἱὸς,</span> <span class='ocrx_word' id='word_1_316' title='bbox 3421 1406 3683 1474; x_wconf 81' lang='grc' dir='ltr'>ὁμοίωσις</span> 
     </span>
    </p>
   </div>
   <div class='ocr_carea' id='block_1_46' title="bbox 2103 1494 3676 1573">
    <p class='ocr_par' dir='ltr' id='par_1_46' title="bbox 2103 1494 3676 1573">
     <span class='ocr_line' id='line_1_46' title="bbox 2103 1494 3676 1573; baseline -0.005 -19"><span class='ocrx_word' id='word_1_317' title='bbox 2103 1502 2160 1554; x_wconf 76' lang='grc' dir='ltr'>δὲ</span> <span class='ocrx_word' id='word_1_318' title='bbox 2193 1503 2501 1573; x_wconf 78' lang='grc' dir='ltr'>ἀκραιφνὴς</span> <span class='ocrx_word' id='word_1_319' title='bbox 2529 1519 2589 1555; x_wconf 86' lang='grc' dir='ltr'><strong>τε</strong></span> <span class='ocrx_word' id='word_1_320' title='bbox 2637 1502 2734 1554; x_wconf 79' lang='grc' dir='ltr'>καὶ</span> <span class='ocrx_word' id='word_1_321' title='bbox 2791 1500 2994 1571; x_wconf 81' lang='grc' dir='ltr'>φυσικὴ</span> <span class='ocrx_word' id='word_1_322' title='bbox 3034 1498 3127 1552; x_wconf 88' lang='grc' dir='ltr'><strong>τοῦ</strong></span> <span class='ocrx_word' id='word_1_323' title='bbox 3174 1498 3305 1550; x_wconf 85' lang='grc' dir='ltr'>Υἱοῦ</span> <span class='ocrx_word' id='word_1_324' title='bbox 3355 1497 3418 1549; x_wconf 73' lang='grc' dir='ltr'>τὸ</span> <span class='ocrx_word' id='word_1_325' title='bbox 3452 1494 3676 1563; x_wconf 83' lang='grc' dir='ltr'>Πνεῦμά</span> 
     </span>
    </p>
   </div>
   <div class='ocr_carea' id='block_1_47' title="bbox 2106 1584 3679 1664">
    <p class='ocr_par' dir='ltr' id='par_1_47' title="bbox 2106 1584 3679 1664">
     <span class='ocr_line' id='line_1_47' title="bbox 2106 1584 3679 1664; baseline -0.006 -18"><span class='ocrx_word' id='word_1_326' title='bbox 2106 1596 2242 1660; x_wconf 86' lang='grc' dir='ltr'>ἐστι,</span> <span class='ocrx_word' id='word_1_327' title='bbox 2301 1593 2439 1664; x_wconf 83' lang='grc' dir='ltr'>πρὸς</span> <span class='ocrx_word' id='word_1_328' title='bbox 2464 1593 2492 1645; x_wconf 85' lang='grc' dir='ltr'><strong>ὃ</strong></span> <span class='ocrx_word' id='word_1_329' title='bbox 2549 1593 2643 1646; x_wconf 74' lang='grc' dir='ltr'>καὶ</span> <span class='ocrx_word' id='word_1_330' title='bbox 2695 1594 2860 1664; x_wconf 79' lang='grc' dir='ltr'>ἡμεῖς</span> <span class='ocrx_word' id='word_1_331' title='bbox 2895 1592 3267 1662; x_wconf 84' lang='grc' dir='ltr'>μορφούμενοι</span> <span class='ocrx_word' id='word_1_332' title='bbox 3300 1586 3370 1640; x_wconf 74' lang='grc' dir='ltr'><strong>δι’</strong></span> <span class='ocrx_word' id='word_1_333' title='bbox 3406 1584 3679 1655; x_wconf 82' lang='grc' dir='ltr'>ἁγιασμοῦ</span> 
     </span>
    </p>
   </div>
   <div class='ocr_carea' id='block_1_48' title="bbox 2109 1676 3678 1757">
    <p class='ocr_par' dir='ltr' id='par_1_48' title="bbox 2109 1676 3678 1757">
     <span class='ocr_line' id='line_1_48' title="bbox 2109 1676 3678 1757; baseline -0.008 -17"><span class='ocrx_word' id='word_1_334' title='bbox 2109 1687 2244 1757; x_wconf 76' lang='grc' dir='ltr'>πρὸς</span> <span class='ocrx_word' id='word_1_335' title='bbox 2277 1686 2446 1754; x_wconf 79' lang='grc' dir='ltr'>αὐτὴν</span> <span class='ocrx_word' id='word_1_336' title='bbox 2475 1684 2887 1755; x_wconf 83' lang='grc' dir='ltr'>εἰδοποιούμεθα</span> <span class='ocrx_word' id='word_1_337' title='bbox 2914 1683 3013 1754; x_wconf 78' lang='grc' dir='ltr'>τὴν</span> <span class='ocrx_word' id='word_1_338' title='bbox 3046 1680 3186 1735; x_wconf 89' lang='grc' dir='ltr'>Θεοῦ</span> <span class='ocrx_word' id='word_1_339' title='bbox 3236 1680 3476 1750; x_wconf 82' lang='grc' dir='ltr'>μορφήν.</span> <span class='ocrx_word' id='word_1_340' title='bbox 3514 1676 3678 1729; x_wconf 82' lang='grc' dir='ltr'>Ἀπο-</span> 
     </span>
    </p>
   </div>
   <div class='ocr_carea' id='block_1_49' title="bbox 2111 1769 3685 1848">
    <p class='ocr_par' dir='ltr' id='par_1_49' title="bbox 2111 1769 3685 1848">
     <span class='ocr_line' id='line_1_49' title="bbox 2111 1769 3685 1848; baseline -0.008 -16"><span class='ocrx_word' id='word_1_341' title='bbox 2111 1780 2354 1838; x_wconf 84' lang='grc' dir='ltr'>στολικὺς</span> <span class='ocrx_word' id='word_1_342' title='bbox 2402 1778 2458 1831; x_wconf 84' lang='grc' dir='ltr'><strong>δέ</strong></span> <span class='ocrx_word' id='word_1_343' title='bbox 2489 1780 2634 1848; x_wconf 79' lang='grc' dir='ltr'>ἡμᾶς</span> <span class='ocrx_word' id='word_1_344' title='bbox 2686 1779 2822 1847; x_wconf 77' lang='grc' dir='ltr'>πρὸς</span> <span class='ocrx_word' id='word_1_345' title='bbox 2854 1776 2999 1829; x_wconf 77' lang='grc' dir='ltr'>τοῦτ’</span> <span class='ocrx_word' id='word_1_346' title='bbox 3041 1774 3326 1828; x_wconf 81' lang='grc' dir='ltr'>ἀναπείσει</span> <span class='ocrx_word' id='word_1_347' title='bbox 3382 1771 3565 1838; x_wconf 78' lang='grc' dir='ltr'>λόγος.</span> <span class='ocrx_word' id='word_1_348' title='bbox 3587 1769 3685 1821; x_wconf 82' lang='grc' dir='ltr'><strong>Τε-</strong></span> 
     </span>
    </p>
   </div>
   <div class='ocr_carea' id='block_1_50' title="bbox 2111 1854 3687 1939">
    <p class='ocr_par' dir='ltr' id='par_1_50' title="bbox 2111 1854 3687 1939">
     <span class='ocr_line' id='line_1_50' title="bbox 2111 1854 3687 1939; baseline -0.008 -16"><span class='ocrx_word' id='word_1_349' title='bbox 2111 1871 2239 1923; x_wconf 88' lang='grc' dir='ltr'>κνία</span> <span class='ocrx_word' id='word_1_350' title='bbox 2268 1873 2399 1939; x_wconf 83' lang='grc' dir='ltr'>γὰρ,</span> <span class='ocrx_word' id='word_1_351' title='bbox 2431 1869 2692 1937; x_wconf 77' lang='grc' dir='ltr'>ἔφασκεν,</span> <span class='ocrx_word' id='word_1_352' title='bbox 2727 1867 2820 1930; x_wconf 85' lang='grc' dir='ltr'>οὒς</span> <span class='ocrx_word' id='word_1_353' title='bbox 2853 1866 3015 1918; x_wconf 78' lang='grc' dir='ltr'>πάλιν</span> <span class='ocrx_word' id='word_1_354' title='bbox 3043 1864 3239 1927; x_wconf 83' lang='grc' dir='ltr'>ὠδίνω,</span> <span class='ocrx_word' id='word_1_355' title='bbox 3271 1863 3430 1933; x_wconf 79' lang='grc' dir='ltr'>ἄχρις</span> <span class='ocrx_word' id='word_1_356' title='bbox 3459 1854 3522 1912; x_wconf 78' lang='grc' dir='ltr'><strong>οὐ</strong></span> <span class='ocrx_word' id='word_1_357' title='bbox 3559 1875 3687 1930; x_wconf 82' lang='grc' dir='ltr'>μορ-</span> 
     </span>
    </p>
   </div>
   <div class='ocr_carea' id='block_1_51' title="bbox 2112 1954 3681 2033">
    <p class='ocr_par' dir='ltr' id='par_1_51' title="bbox 2112 1954 3681 2033">
     <span class='ocr_line' id='line_1_51' title="bbox 2112 1954 3681 2033; baseline -0.008 -18"><span class='ocrx_word' id='word_1_358' title='bbox 2112 1962 2266 2033; x_wconf 78' lang='grc' dir='ltr'><strong>φωθῇ</strong></span> <span class='ocrx_word' id='word_1_359' title='bbox 2302 1961 2537 2032; x_wconf 82' lang='grc' dir='ltr'>Χριστὸς</span> <span class='ocrx_word' id='word_1_360' title='bbox 2566 1962 2624 2012; x_wconf 85' lang='grc' dir='ltr'><strong>ἐν</strong></span> <span class='ocrx_word' id='word_1_361' title='bbox 2656 1962 2809 2029; x_wconf 84' lang='grc' dir='ltr'>ἡμῖν.</span> <span class='ocrx_word' id='word_1_362' title='bbox 2840 1957 3159 2029; x_wconf 80' lang='grc' dir='ltr'>Μορφοῦται</span> <span class='ocrx_word' id='word_1_363' title='bbox 3199 1956 3256 2008; x_wconf 82' lang='grc' dir='ltr'>δὲ</span> <span class='ocrx_word' id='word_1_364' title='bbox 3306 1955 3395 2007; x_wconf 78' lang='grc' dir='ltr'><strong>διὰ</strong></span> <span class='ocrx_word' id='word_1_365' title='bbox 3435 1954 3681 2022; x_wconf 74' lang='grc' dir='ltr'>Πνεύμα-</span> 
     </span>
    </p>
   </div>
   <div class='ocr_carea' id='block_1_52' title="bbox 2112 2041 3681 2119">
    <p class='ocr_par' dir='ltr' id='par_1_52' title="bbox 2112 2041 3681 2119">
     <span class='ocr_line' id='line_1_52' title="bbox 2112 2041 3681 2119; baseline -0.005 -18"><span class='ocrx_word' id='word_1_366' title='bbox 2112 2067 2202 2112; x_wconf 87' lang='grc' dir='ltr'><strong>τος</strong></span> <span class='ocrx_word' id='word_1_367' title='bbox 2256 2049 2755 2119; x_wconf 81' lang='grc' dir='ltr'>ὰναστοιχειοῦντος</span> <span class='ocrx_word' id='word_1_368' title='bbox 2810 2049 2957 2117; x_wconf 76' lang='grc' dir='ltr'>ἡμᾶς</span> <span class='ocrx_word' id='word_1_369' title='bbox 3013 2046 3151 2116; x_wconf 74' lang='grc' dir='ltr'>πρὸς</span> <span class='ocrx_word' id='word_1_370' title='bbox 3204 2045 3336 2097; x_wconf 77' lang='grc' dir='ltr'>Θεδν</span> <span class='ocrx_word' id='word_1_371' title='bbox 3367 2043 3437 2096; x_wconf 85' lang='grc' dir='ltr'><strong>δι’</strong></span> <span class='ocrx_word' id='word_1_372' title='bbox 3465 2041 3681 2095; x_wconf 78' lang='grc' dir='ltr'>ἐαυτοῦ·</span> 
     </span>
    </p>
   </div>
   <div class='ocr_carea' id='block_1_53' title="bbox 2113 2134 3687 2210">
    <p class='ocr_par' dir='ltr' id='par_1_53' title="bbox 2113 2134 3687 2210">
     <span class='ocr_line' id='line_1_53' title="bbox 2113 2134 3687 2210; baseline -0.004 -19"><span class='ocrx_word' id='word_1_373' title='bbox 2113 2141 2197 2192; x_wconf 69' lang='grc' dir='ltr'>ὅτε</span> <span class='ocrx_word' id='word_1_374' title='bbox 2232 2139 2408 2193; x_wconf 84' lang='grc' dir='ltr'>τοίνυν</span> <span class='ocrx_word' id='word_1_375' title='bbox 2459 2141 2595 2210; x_wconf 75' lang='grc' dir='ltr'>πρὸς</span> <span class='ocrx_word' id='word_1_376' title='bbox 2651 2140 2886 2208; x_wconf 82' lang='grc' dir='ltr'>Χριστὸν</span> <span class='ocrx_word' id='word_1_377' title='bbox 2933 2138 3309 2208; x_wconf 76' lang='grc' dir='ltr'>μορφούμεθα,</span> <span class='ocrx_word' id='word_1_378' title='bbox 3371 2135 3469 2189; x_wconf 80' lang='grc' dir='ltr'>καὶ</span> <span class='ocrx_word' id='word_1_379' title='bbox 3523 2134 3687 2195; x_wconf 78' lang='grc' dir='ltr'>αὐτὸς</span> 
     </span>
    </p>
   </div>
   <div class='ocr_carea' id='block_1_54' title="bbox 2115 2223 3692 2300">
    <p class='ocr_par' dir='ltr' id='par_1_54' title="bbox 2115 2223 3692 2300">
     <span class='ocr_line' id='line_1_54' title="bbox 2115 2223 3692 2300; baseline -0.004 -19"><span class='ocrx_word' id='word_1_380' title='bbox 2115 2233 2244 2299; x_wconf 83' lang='grc' dir='ltr'>ἡμῖν</span> <span class='ocrx_word' id='word_1_381' title='bbox 2297 2230 2688 2300; x_wconf 83' lang='grc' dir='ltr'>ἐνσημαίνεται</span> <span class='ocrx_word' id='word_1_382' title='bbox 2727 2229 2822 2282; x_wconf 71' lang='grc' dir='ltr'>καὶ</span> <span class='ocrx_word' id='word_1_383' title='bbox 2874 2230 3218 2282; x_wconf 87' lang='grc' dir='ltr'>εἱδοποιεῖται</span> <span class='ocrx_word' id='word_1_384' title='bbox 3279 2225 3484 2288; x_wconf 72' lang='grc' dir='ltr'>καλῶς,</span> <span class='ocrx_word' id='word_1_385' title='bbox 3518 2223 3593 2286; x_wconf 81' lang='grc' dir='ltr'>ὡς</span> <span class='ocrx_word' id='word_1_386' title='bbox 3624 2224 3692 2275; x_wconf 82' lang='grc' dir='ltr'>δι’</span> 
     </span>
    </p>
   </div>
   <div class='ocr_carea' id='block_1_55' title="bbox 2114 2313 3691 2393">
    <p class='ocr_par' dir='ltr' id='par_1_55' title="bbox 2114 2313 3691 2393">
     <span class='ocr_line' id='line_1_55' title="bbox 2114 2313 3691 2393; baseline -0.006 -19"><span class='ocrx_word' id='word_1_387' title='bbox 2114 2323 2302 2393; x_wconf 85' lang='grc' dir='ltr'>ὁμοίου</span> <span class='ocrx_word' id='word_1_388' title='bbox 2332 2321 2577 2391; x_wconf 80' lang='grc' dir='ltr'>φυσικῶς</span> <span class='ocrx_word' id='word_1_389' title='bbox 2608 2319 2701 2375; x_wconf 86' lang='grc' dir='ltr'><strong>τοῦ</strong></span> <span class='ocrx_word' id='word_1_390' title='bbox 2732 2320 3069 2388; x_wconf 87' lang='grc' dir='ltr'>Πνεύματος.</span> <span class='ocrx_word' id='word_1_391' title='bbox 3094 2318 3223 2381; x_wconf 82' lang='grc' dir='ltr'>Θεὸς</span> <span class='ocrx_word' id='word_1_392' title='bbox 3249 2318 3358 2386; x_wconf 79' lang='grc' dir='ltr'>ἄρα</span> <span class='ocrx_word' id='word_1_393' title='bbox 3378 2314 3438 2367; x_wconf 81' lang='grc' dir='ltr'>τὸ</span> <span class='ocrx_word' id='word_1_394' title='bbox 3462 2313 3691 2383; x_wconf 85' lang='grc' dir='ltr'>Πνεῦμά</span> 
     </span>
    </p>
   </div>
   <div class='ocr_carea' id='block_1_56' title="bbox 2118 2406 3691 2484">
    <p class='ocr_par' dir='ltr' id='par_1_56' title="bbox 2118 2406 3691 2484">
     <span class='ocr_line' id='line_1_56' title="bbox 2118 2406 3691 2484; baseline -0.007 -17"><span class='ocrx_word' id='word_1_395' title='bbox 2118 2416 2257 2478; x_wconf 87' lang='grc' dir='ltr'>ἐστι,</span> <span class='ocrx_word' id='word_1_396' title='bbox 2285 2414 2347 2467; x_wconf 78' lang='grc' dir='ltr'>τὸ</span> <span class='ocrx_word' id='word_1_397' title='bbox 2375 2411 2715 2484; x_wconf 87' lang='grc' dir='ltr'>διαμορφοῦν</span> <span class='ocrx_word' id='word_1_398' title='bbox 2746 2413 2881 2480; x_wconf 82' lang='grc' dir='ltr'>πρὸς</span> <span class='ocrx_word' id='word_1_399' title='bbox 2912 2412 3066 2473; x_wconf 75' lang='grc' dir='ltr'>Θεὸν,</span> <span class='ocrx_word' id='word_1_400' title='bbox 3096 2410 3193 2480; x_wconf 85' lang='grc' dir='ltr'><strong>οὐχ</strong></span> <span class='ocrx_word' id='word_1_401' title='bbox 3220 2410 3292 2471; x_wconf 80' lang='grc' dir='ltr'>ὡς</span> <span class='ocrx_word' id='word_1_402' title='bbox 3328 2407 3416 2461; x_wconf 71' lang='grc' dir='ltr'>διὰ</span> <span class='ocrx_word' id='word_1_403' title='bbox 3467 2406 3691 2476; x_wconf 81' lang='grc' dir='ltr'>χάριτος</span> 
     </span>
    </p>
   </div>
   <div class='ocr_carea' id='block_1_57' title="bbox 2115 2497 3691 2577">
    <p class='ocr_par' dir='ltr' id='par_1_57' title="bbox 2115 2497 3691 2577">
     <span class='ocr_line' id='line_1_57' title="bbox 2115 2497 3691 2577; baseline -0.004 -21"><span class='ocrx_word' id='word_1_404' title='bbox 2115 2505 2475 2574; x_wconf 75' lang='grc' dir='ltr'>ὐπουργικῆς,</span> <span class='ocrx_word' id='word_1_405' title='bbox 2533 2502 2651 2577; x_wconf 77' lang='grc' dir='ltr'>ἀλλ’</span> <span class='ocrx_word' id='word_1_406' title='bbox 2682 2503 2754 2564; x_wconf 85' lang='grc' dir='ltr'>ὡς</span> <span class='ocrx_word' id='word_1_407' title='bbox 2799 2502 2949 2564; x_wconf 67' lang='grc' dir='ltr'>Θείας</span> <span class='ocrx_word' id='word_1_408' title='bbox 3000 2501 3217 2569; x_wconf 84' lang='grc' dir='ltr'>φύσεως</span> <span class='ocrx_word' id='word_1_409' title='bbox 3276 2498 3497 2569; x_wconf 76' lang='grc' dir='ltr'>μέθεξιν</span> <span class='ocrx_word' id='word_1_410' title='bbox 3557 2497 3691 2549; x_wconf 80' lang='grc' dir='ltr'>αὐτὸ</span> 
     </span>
    </p>
   </div>
   <div class='ocr_carea' id='block_1_58' title="bbox 2114 2581 3695 2663">
    <p class='ocr_par' dir='ltr' id='par_1_58' title="bbox 2114 2581 3695 2663">
     <span class='ocr_line' id='line_1_58' title="bbox 2114 2581 3695 2663; baseline -0.006 -16"><span class='ocrx_word' id='word_1_411' title='bbox 2114 2597 2226 2656; x_wconf 84' lang='grc' dir='ltr'>τοῖς</span> <span class='ocrx_word' id='word_1_412' title='bbox 2274 2594 2446 2660; x_wconf 78' lang='grc' dir='ltr'>ἀξίοις</span> <span class='ocrx_word' id='word_1_413' title='bbox 2504 2591 2847 2663; x_wconf 73' lang='grc' dir='ltr'>δωρούμενον</span> <span class='ocrx_word' id='word_1_414' title='bbox 2881 2608 2895 2622; x_wconf 88' lang='grc'><strong>·</strong></span> <span class='ocrx_word' id='word_1_415' title='bbox 2951 2593 3035 2645; x_wconf 81' lang='grc' dir='ltr'>ὅτι</span> <span class='ocrx_word' id='word_1_416' title='bbox 3075 2592 3133 2643; x_wconf 88' lang='grc' dir='ltr'><strong>δέ</strong></span> <span class='ocrx_word' id='word_1_417' title='bbox 3186 2581 3444 2660; x_wconf 76' lang='grc' dir='ltr'>ὁμοίωσῖς</span> <span class='ocrx_word' id='word_1_418' title='bbox 3487 2586 3695 2656; x_wconf 73' lang='grc' dir='ltr'>ἀληθὴς</span> 
     </span>
    </p>
   </div>
   <div class='ocr_carea' id='block_1_59' title="bbox 2114 2679 3694 2755">
    <p class='ocr_par' dir='ltr' id='par_1_59' title="bbox 2114 2679 3694 2755">
     <span class='ocr_line' id='line_1_59' title="bbox 2114 2679 3694 2755; baseline -0.005 -16"><span class='ocrx_word' id='word_1_419' title='bbox 2114 2686 2208 2739; x_wconf 80' lang='grc' dir='ltr'><strong>τοῦ</strong></span> <span class='ocrx_word' id='word_1_420' title='bbox 2240 2685 2370 2738; x_wconf 86' lang='grc' dir='ltr'>Υίοῦ</span> <span class='ocrx_word' id='word_1_421' title='bbox 2396 2686 2456 2739; x_wconf 69' lang='grc' dir='ltr'>τὸ</span> <span class='ocrx_word' id='word_1_422' title='bbox 2513 2684 2740 2755; x_wconf 82' lang='grc' dir='ltr'>Πνεῦμά</span> <span class='ocrx_word' id='word_1_423' title='bbox 2775 2686 2916 2747; x_wconf 87' lang='grc' dir='ltr'>ἐστι,</span> <span class='ocrx_word' id='word_1_424' title='bbox 2959 2682 3302 2752; x_wconf 70' lang='grc' dir='ltr'>γεγραφότος</span> <span class='ocrx_word' id='word_1_425' title='bbox 3356 2680 3568 2751; x_wconf 77' lang='grc' dir='ltr'>ἀκούσῃ</span> <span class='ocrx_word' id='word_1_426' title='bbox 3599 2679 3694 2733; x_wconf 85' lang='grc' dir='ltr'><strong>τοῦ</strong></span> 
     </span>
    </p>
   </div>
   <div class='ocr_carea' id='block_1_60' title="bbox 2121 2771 3696 2849">
    <p class='ocr_par' dir='ltr' id='par_1_60' title="bbox 2121 2771 3696 2849">
     <span class='ocr_line' id='line_1_60' title="bbox 2121 2771 3696 2849; baseline -0.006 -18"><span class='ocrx_word' id='word_1_427' title='bbox 2121 2779 2394 2849; x_wconf 85' lang='grc' dir='ltr'>μακαρίου</span> <span class='ocrx_word' id='word_1_428' title='bbox 2423 2776 2661 2841; x_wconf 81' lang='grc' dir='ltr'>Παύλου,</span> <span class='ocrx_word' id='word_1_429' title='bbox 2693 2779 2773 2830; x_wconf 88' lang='grc' dir='ltr'>ὃτι</span> <span class='ocrx_word' id='word_1_430' title='bbox 2805 2793 2819 2807; x_wconf 86' lang='grc'><strong>·</strong></span> <span class='ocrx_word' id='word_1_431' title='bbox 2858 2774 2964 2838; x_wconf 77' lang='grc' dir='ltr'>Οὓς</span> <span class='ocrx_word' id='word_1_432' title='bbox 3007 2775 3256 2845; x_wconf 82' lang='grc' dir='ltr'>προέγνω</span> <span class='ocrx_word' id='word_1_433' title='bbox 3297 2774 3390 2826; x_wconf 71' lang='grc' dir='ltr'>καὶ</span> <span class='ocrx_word' id='word_1_434' title='bbox 3418 2771 3696 2843; x_wconf 85' lang='grc' dir='ltr'>προώρισε</span> 
     </span>
    </p>
   </div>
   <div class='ocr_carea' id='block_1_61' title="bbox 2121 2862 3695 2942">
    <p class='ocr_par' dir='ltr' id='par_1_61' title="bbox 2121 2862 3695 2942">
     <span class='ocr_line' id='line_1_61' title="bbox 2121 2862 3695 2942; baseline -0.006 -19"><span class='ocrx_word' id='word_1_435' title='bbox 2121 2873 2478 2942; x_wconf 79' lang='grc' dir='ltr'>συμμόρφους</span> <span class='ocrx_word' id='word_1_436' title='bbox 2507 2871 2606 2939; x_wconf 76' lang='grc' dir='ltr'>τῆς</span> <span class='ocrx_word' id='word_1_437' title='bbox 2632 2868 2838 2927; x_wconf 78' lang='grc' dir='ltr'>εἰκόνος</span> <span class='ocrx_word' id='word_1_438' title='bbox 2864 2867 2957 2920; x_wconf 82' lang='grc' dir='ltr'><strong>τοῦ</strong></span> <span class='ocrx_word' id='word_1_439' title='bbox 2980 2867 3113 2919; x_wconf 88' lang='grc' dir='ltr'><strong>Υίοῦ</strong></span> <span class='ocrx_word' id='word_1_440' title='bbox 3137 2864 3323 2927; x_wconf 85' lang='grc' dir='ltr'>αὐτοῦ,</span> <span class='ocrx_word' id='word_1_441' title='bbox 3351 2862 3574 2926; x_wconf 61' lang='grc' dir='ltr'>τούτους</span> <span class='ocrx_word' id='word_1_442' title='bbox 3598 2863 3695 2915; x_wconf 71' lang='grc' dir='ltr'>καὶ</span> 
     </span>
    </p>
   </div>
   <div class='ocr_carea' id='block_1_62' title="bbox 2118 2956 3696 3031">
    <p class='ocr_par' dir='ltr' id='par_1_62' title="bbox 2118 2956 3696 3031">
     <span class='ocr_line' id='line_1_62' title="bbox 2118 2956 3696 3031; baseline -0.005 -18"><span class='ocrx_word' id='word_1_443' title='bbox 2118 2962 2396 3015; x_wconf 76' lang='grc' dir='ltr'>ἐκάλεσεν.</span> <span class='ocrx_word' id='word_1_444' title='bbox 2441 2959 2921 3031; x_wconf 77' lang='grc' dir='ltr'>Ἀναπλαττόμεθα</span> <span class='ocrx_word' id='word_1_445' title='bbox 2950 2958 3060 3029; x_wconf 73' lang='grc' dir='ltr'><strong>γὰρ</strong></span> <span class='ocrx_word' id='word_1_446' title='bbox 3092 2960 3174 3020; x_wconf 84' lang='grc' dir='ltr'><strong>εἰς</strong></span> <span class='ocrx_word' id='word_1_447' title='bbox 3228 2957 3545 3022; x_wconf 71' lang='grc' dir='ltr'>είκονισμδν</span> <span class='ocrx_word' id='word_1_448' title='bbox 3601 2956 3696 3006; x_wconf 73' lang='grc' dir='ltr'>τὸν</span> 
     </span>
    </p>
   </div>
   <div class='ocr_carea' id='block_1_63' title="bbox 446 3045 3695 3124">
    <p class='ocr_par' dir='ltr' id='par_1_63' title="bbox 446 3045 3695 3124">
     <span class='ocr_line' id='line_1_63' title="bbox 446 3045 3695 3124; baseline 0.002 -27"><span class='ocrx_word' id='word_1_449' title='bbox 446 3045 579 3114; x_wconf 83' lang='grc' dir='ltr'>πρὸς</span> <span class='ocrx_word' id='word_1_450' title='bbox 608 3047 666 3098; x_wconf 83' lang='grc' dir='ltr'>τὸ</span> <span class='ocrx_word' id='word_1_451' title='bbox 709 3046 932 3118; x_wconf 78' lang='grc' dir='ltr'>Πνεῦμα</span> <span class='ocrx_word' id='word_1_452' title='bbox 963 3050 1024 3101; x_wconf 79' lang='grc' dir='ltr'>τὸ</span> <span class='ocrx_word' id='word_1_453' title='bbox 1058 3048 1232 3118; x_wconf 72' lang='grc' dir='ltr'>ἅγιον,</span> <span class='ocrx_word' id='word_1_454' title='bbox 1266 3049 1440 3103; x_wconf 83' lang='grc' dir='ltr'>καίτοι</span> <span class='ocrx_word' id='word_1_455' title='bbox 1471 3048 1608 3120; x_wconf 67' lang='grc' dir='ltr'>πρὶς</span> <span class='ocrx_word' id='word_1_456' title='bbox 1640 3050 1774 3105; x_wconf 78' lang='grc' dir='ltr'>Θεὸν</span> <span class='ocrx_word' id='word_1_457' title='bbox 1829 3051 1918 3104; x_wconf 73' lang='grc' dir='ltr'><strong>διὰ</strong></span> <span class='ocrx_word' id='word_1_458' title='bbox 1979 3053 2214 3117; x_wconf 85' lang='grc' dir='ltr'>πίστεως</span> <span class='ocrx_word' id='word_1_459' title='bbox 2281 3057 2376 3109; x_wconf 78' lang='grc' dir='ltr'>καὶ</span> <span class='ocrx_word' id='word_1_460' title='bbox 2431 3053 2706 3124; x_wconf 85' lang='grc' dir='ltr'>ἁγιασμοῦ</span> <span class='ocrx_word' id='word_1_461' title='bbox 2781 3056 2877 3108; x_wconf 75' lang='grc' dir='ltr'>καὶ</span> <span class='ocrx_word' id='word_1_462' title='bbox 2935 3056 3032 3124; x_wconf 75' lang='grc' dir='ltr'>τῆς</span> <span class='ocrx_word' id='word_1_463' title='bbox 3066 3053 3200 3124; x_wconf 76' lang='grc' dir='ltr'>πρὸς</span> <span class='ocrx_word' id='word_1_464' title='bbox 3248 3052 3380 3106; x_wconf 76' lang='grc' dir='ltr'>αὐτὸ</span> <span class='ocrx_word' id='word_1_465' title='bbox 3412 3050 3656 3121; x_wconf 78' lang='grc' dir='ltr'>σχέσεως</span> <span class='ocrx_word' id='word_1_466' title='bbox 3680 3065 3695 3078; x_wconf 91' lang='grc'><strong>·</strong></span> 
     </span>
    </p>
   </div>
   <div class='ocr_carea' id='block_1_64' title="bbox 445 3139 3393 3217">
    <p class='ocr_par' dir='ltr' id='par_1_64' title="bbox 445 3139 3393 3217">
     <span class='ocr_line' id='line_1_64' title="bbox 445 3139 3393 3217; baseline 0.001 -25"><span class='ocrx_word' id='word_1_467' title='bbox 445 3141 609 3209; x_wconf 80' lang='grc' dir='ltr'>Δῆλον</span> <span class='ocrx_word' id='word_1_468' title='bbox 637 3139 692 3192; x_wconf 80' lang='grc' dir='ltr'>δέ.</span> <span class='ocrx_word' id='word_1_469' title='bbox 725 3141 807 3193; x_wconf 86' lang='grc' dir='ltr'>ὅτι</span> <span class='ocrx_word' id='word_1_470' title='bbox 836 3141 936 3208; x_wconf 76' lang='grc' dir='ltr'>τῆς</span> <span class='ocrx_word' id='word_1_471' title='bbox 969 3143 1108 3194; x_wconf 68' lang='grc' dir='ltr'>κατὰ</span> <span class='ocrx_word' id='word_1_472' title='bbox 1149 3141 1365 3209; x_wconf 79' lang='grc' dir='ltr'>μέθεξιν</span> <span class='ocrx_word' id='word_1_473' title='bbox 1416 3142 1510 3195; x_wconf 80' lang='grc' dir='ltr'>καὶ</span> <span class='ocrx_word' id='word_1_474' title='bbox 1543 3144 2002 3214; x_wconf 87' lang='grc' dir='ltr'>είσκεκριμένως,</span> <span class='ocrx_word' id='word_1_475' title='bbox 2042 3148 2090 3199; x_wconf 83' lang='grc' dir='ltr'><strong>εί</strong></span> <span class='ocrx_word' id='word_1_476' title='bbox 2119 3148 2215 3201; x_wconf 83' lang='grc' dir='ltr'>καὶ</span> <span class='ocrx_word' id='word_1_477' title='bbox 2242 3148 2395 3209; x_wconf 86' lang='grc' dir='ltr'>θείας</span> <span class='ocrx_word' id='word_1_478' title='bbox 2427 3148 2643 3217; x_wconf 82' lang='grc' dir='ltr'>φύσεως</span> <span class='ocrx_word' id='word_1_479' title='bbox 2672 3146 3041 3215; x_wconf 79' lang='grc' dir='ltr'>ὡνομάσμεοα</span> <span class='ocrx_word' id='word_1_480' title='bbox 3065 3146 3331 3198; x_wconf 87' lang='grc' dir='ltr'>κοινωνοί.</span> <span class='ocrx_word' id='word_1_481' title='bbox 3373 3163 3393 3195; x_wconf 73' lang='grc' dir='ltr'><strong>ι</strong></span> 
     </span>
    </p>
   </div>
   <div class='ocr_carea' id='block_1_65' title="bbox 516 3234 2013 3320">
    <p class='ocr_par' dir='ltr' id='par_1_65' title="bbox 516 3234 2008 3307">
     <span class='ocr_line' id='line_1_65' title="bbox 516 3234 2008 3307; baseline 0.004 -18"><span class='ocrx_word' id='word_1_482' title='bbox 516 3234 842 3289; x_wconf 85' lang='lat' dir='ltr'><strong>Theodorus</strong></span> <span class='ocrx_word' id='word_1_483' title='bbox 898 3236 1181 3305; x_wconf 81' lang='lat' dir='ltr'><strong>presbyter</strong></span> <span class='ocrx_word' id='word_1_484' title='bbox 1235 3234 1554 3307; x_wconf 78' lang='lat' dir='ltr'><strong>Raythentts</strong></span> <span class='ocrx_word' id='word_1_485' title='bbox 1604 3241 1855 3294; x_wconf 89' lang='lat' dir='ltr'><strong>oratione</strong></span> <span class='ocrx_word' id='word_1_486' title='bbox 1923 3258 2008 3295; x_wconf 87' lang='lat' dir='ltr'><strong>se-</strong></span> 
     </span>
    </p>
   </div>
   <div class='ocr_carea' id='block_1_66' title="bbox 2119 3234 3695 3320">
    <p class='ocr_par' dir='ltr' id='par_1_66' title="bbox 2181 3239 3695 3320">
     <span class='ocr_line' id='line_1_66' title="bbox 2181 3239 3695 3320; baseline -0.001 -25"><span class='ocrx_word' id='word_1_487' title='bbox 2181 3243 2461 3320; x_wconf 82' lang='grc' dir='ltr'>Θεὸδωρος</span> <span class='ocrx_word' id='word_1_488' title='bbox 2492 3245 2519 3296; x_wconf 79' lang='grc' dir='ltr'>ὁ</span> <span class='ocrx_word' id='word_1_489' title='bbox 2558 3245 2659 3313; x_wconf 76' lang='grc' dir='ltr'>τῆς</span> <span class='ocrx_word' id='word_1_490' title='bbox 2711 3242 2927 3296; x_wconf 81' lang='grc' dir='ltr'>Ῥαῖοοῦ</span> <span class='ocrx_word' id='word_1_491' title='bbox 2952 3241 3326 3313; x_wconf 79' lang='grc' dir='ltr'>πρεσϐύτερος</span> <span class='ocrx_word' id='word_1_492' title='bbox 3364 3244 3420 3293; x_wconf 84' lang='grc' dir='ltr'><strong>ἐν</strong></span> <span class='ocrx_word' id='word_1_493' title='bbox 3450 3239 3531 3310; x_wconf 84' lang='grc' dir='ltr'>τῷ</span> <span class='ocrx_word' id='word_1_494' title='bbox 3562 3242 3695 3311; x_wconf 78' lang='grc' dir='ltr'>περὶ</span> 
     </span>
    </p>
   </div>
   <div class='ocr_carea' id='block_1_67' title="bbox 447 3326 2015 3399">
    <p class='ocr_par' dir='ltr' id='par_1_67' title="bbox 447 3326 2015 3399">
     <span class='ocr_line' id='line_1_67' title="bbox 447 3326 2015 3399; baseline 0.003 -19"><span class='ocrx_word' id='word_1_495' title='bbox 447 3328 623 3381; x_wconf 89' lang='lat' dir='ltr'><strong>cuttda</strong></span> <span class='ocrx_word' id='word_1_496' title='bbox 657 3328 724 3381; x_wconf 91' lang='lat' dir='ltr'><strong>dc</strong></span> <span class='ocrx_word' id='word_1_497' title='bbox 748 3326 1251 3397; x_wconf 84' lang='lat' dir='ltr'><strong>lncircttmscripto,</strong></span> <span class='ocrx_word' id='word_1_498' title='bbox 1290 3345 1411 3398; x_wconf 63' lang='lat' dir='ltr'><strong>qua</strong></span> <span class='ocrx_word' id='word_1_499' title='bbox 1452 3330 1643 3399; x_wconf 90' lang='lat' dir='ltr'><strong>incipit</strong></span> <span class='ocrx_word' id='word_1_500' title='bbox 1688 3347 1703 3381; x_wconf 89' lang='lat'><strong>:</strong></span> <span class='ocrx_word' id='word_1_501' title='bbox 1755 3350 1774 3384; x_wconf 80' lang='grc' dir='ltr'><strong>ι</strong></span> <span class='ocrx_word' id='word_1_502' title='bbox 1819 3331 2015 3387; x_wconf 91' lang='lat' dir='ltr'><strong>Omnia</strong></span> 
     </span>
    </p>
   </div>
   <div class='ocr_carea' id='block_1_68' title="bbox 448 3420 2016 3495">
    <p class='ocr_par' dir='ltr' id='par_1_68' title="bbox 448 3420 2016 3495">
     <span class='ocr_line' id='line_1_68' title="bbox 448 3420 2016 3495; baseline 0.004 -22"><span class='ocrx_word' id='word_1_503' title='bbox 448 3421 612 3474; x_wconf 84' lang='lat' dir='ltr'><strong>audet</strong></span> <span class='ocrx_word' id='word_1_504' title='bbox 641 3420 827 3490; x_wconf 81' lang='lat' dir='ltr'><strong>lingua</strong></span> <span class='ocrx_word' id='word_1_505' title='bbox 859 3421 1069 3484; x_wconf 90' lang='lat' dir='ltr'><strong>dolosa,</strong></span> <span class='ocrx_word' id='word_1_506' title='bbox 1110 3439 1128 3472; x_wconf 79' lang='grc' dir='ltr'><strong>ι</strong></span> <span class='ocrx_word' id='word_1_507' title='bbox 1167 3422 1299 3476; x_wconf 86' lang='lat' dir='ltr'><strong>dicit</strong></span> <span class='ocrx_word' id='word_1_508' title='bbox 1332 3438 1347 3476; x_wconf 89' lang='lat'><strong>:</strong></span> <span class='ocrx_word' id='word_1_509' title='bbox 1380 3440 1399 3473; x_wconf 80' lang='grc' dir='ltr'><strong>ι</strong></span> <span class='ocrx_word' id='word_1_510' title='bbox 1437 3424 1864 3480; x_wconf 84' lang='lat' dir='ltr'><strong>Considercmus</strong></span> <span class='ocrx_word' id='word_1_511' title='bbox 1895 3442 2016 3495; x_wconf 69' lang='lat' dir='ltr'><strong>qua:</strong></span> 
     </span>
    </p>
   </div>
   <div class='ocr_carea' id='block_1_69' title="bbox 449 3508 2016 3585">
    <p class='ocr_par' dir='ltr' id='par_1_69' title="bbox 449 3508 2016 3585">
     <span class='ocr_line' id='line_1_69' title="bbox 449 3508 2016 3585; baseline 0.005 -22"><span class='ocrx_word' id='word_1_512' title='bbox 449 3510 515 3564; x_wconf 90' lang='lat' dir='ltr'><strong>de</strong></span> <span class='ocrx_word' id='word_1_513' title='bbox 540 3508 651 3563; x_wconf 77' lang='lat' dir='ltr'><strong>Deo</strong></span> <span class='ocrx_word' id='word_1_514' title='bbox 679 3525 924 3565; x_wconf 83' lang='lat' dir='ltr'><strong>asserere</strong></span> <span class='ocrx_word' id='word_1_515' title='bbox 962 3514 1219 3567; x_wconf 83' lang='lat' dir='ltr'><strong>audeant.</strong></span> <span class='ocrx_word' id='word_1_516' title='bbox 1252 3510 1606 3583; x_wconf 81' lang='lat' dir='ltr'><strong>Operatione,</strong></span> <span class='ocrx_word' id='word_1_517' title='bbox 1649 3515 1927 3585; x_wconf 91' lang='lat' dir='ltr'><strong>inquiunt,</strong></span> <span class='ocrx_word' id='word_1_518' title='bbox 1962 3517 2016 3571; x_wconf 90' lang='lat' dir='ltr'><strong>itt</strong></span> 
     </span>
    </p>
   </div>
   <div class='ocr_carea' id='block_1_70' title="bbox 450 3602 2018 3667">
    <p class='ocr_par' dir='ltr' id='par_1_70' title="bbox 450 3602 2018 3667">
     <span class='ocr_line' id='line_1_70' title="bbox 450 3602 2018 3667; baseline 0.004 -11"><span class='ocrx_word' id='word_1_519' title='bbox 450 3603 705 3656; x_wconf 92' lang='lat' dir='ltr'><strong>omnibus</strong></span> <span class='ocrx_word' id='word_1_520' title='bbox 731 3602 871 3658; x_wconf 86' lang='lat' dir='ltr'><strong>Deus</strong></span> <span class='ocrx_word' id='word_1_521' title='bbox 902 3613 1008 3667; x_wconf 86' lang='lat' dir='ltr'><strong>est,</strong></span> <span class='ocrx_word' id='word_1_522' title='bbox 1031 3605 1182 3658; x_wconf 88' lang='lat' dir='ltr'><strong>ttttllo</strong></span> <span class='ocrx_word' id='word_1_523' title='bbox 1212 3621 1338 3659; x_wconf 85' lang='lat' dir='ltr'><strong>vero</strong></span> <span class='ocrx_word' id='word_1_524' title='bbox 1369 3607 1422 3660; x_wconf 88' lang='lat' dir='ltr'><strong>itt</strong></span> <span class='ocrx_word' id='word_1_525' title='bbox 1454 3607 1572 3661; x_wconf 86' lang='lat' dir='ltr'><strong>loco</strong></span> <span class='ocrx_word' id='word_1_526' title='bbox 1597 3608 1854 3664; x_wconf 85' lang='lat' dir='ltr'><strong>essentia.</strong></span> <span class='ocrx_word' id='word_1_527' title='bbox 1881 3609 2018 3664; x_wconf 89' lang='lat' dir='ltr'><strong>Cum</strong></span> 
     </span>
    </p>
   </div>
   <div class='ocr_carea' id='block_1_71' title="bbox 450 3695 2020 3765">
    <p class='ocr_par' dir='ltr' id='par_1_71' title="bbox 450 3695 2020 3765">
     <span class='ocr_line' id='line_1_71' title="bbox 450 3695 2020 3765; baseline 0.007 -23"><span class='ocrx_word' id='word_1_528' title='bbox 450 3706 582 3746; x_wconf 77' lang='lat' dir='ltr'><strong>vero</strong></span> <span class='ocrx_word' id='word_1_529' title='bbox 627 3697 995 3762; x_wconf 84' lang='lat' dir='ltr'><strong>operationem</strong></span> <span class='ocrx_word' id='word_1_530' title='bbox 1035 3695 1221 3749; x_wconf 88' lang='lat' dir='ltr'><strong>dicant</strong></span> <span class='ocrx_word' id='word_1_531' title='bbox 1247 3695 1500 3749; x_wconf 75' lang='lat' dir='ltr'><strong>eﬂ‘ectum</strong></span> <span class='ocrx_word' id='word_1_532' title='bbox 1549 3704 1603 3751; x_wconf 90' lang='lat' dir='ltr'><strong>et</strong></span> <span class='ocrx_word' id='word_1_533' title='bbox 1644 3699 2020 3765; x_wconf 84' lang='lat' dir='ltr'><strong>operationem</strong></span> 
     </span>
    </p>
   </div>
   <div class='ocr_carea' id='block_1_72' title="bbox 450 3782 2020 3859">
    <p class='ocr_par' dir='ltr' id='par_1_72' title="bbox 450 3782 2020 3859">
     <span class='ocr_line' id='line_1_72' title="bbox 450 3782 2020 3859; baseline 0.006 -24"><span class='ocrx_word' id='word_1_534' title='bbox 450 3782 841 3850; x_wconf 70' lang='lat' dir='ltr'><strong>egredientem,</strong></span> <span class='ocrx_word' id='word_1_535' title='bbox 874 3785 1112 3840; x_wconf 88' lang='lat' dir='ltr'><strong>dicerent</strong></span> <span class='ocrx_word' id='word_1_536' title='bbox 1141 3802 1241 3856; x_wconf 81' lang='lat' dir='ltr'><strong>ego</strong></span> <span class='ocrx_word' id='word_1_537' title='bbox 1280 3804 1310 3840; x_wconf 90' lang='lat' dir='ltr'><strong>a</strong></span> <span class='ocrx_word' id='word_1_538' title='bbox 1357 3797 1549 3841; x_wconf 88' lang='lat' dir='ltr'><strong>natura</strong></span> <span class='ocrx_word' id='word_1_539' title='bbox 1583 3787 1766 3842; x_wconf 77' lang='lat' dir='ltr'><strong>divina</strong></span> <span class='ocrx_word' id='word_1_540' title='bbox 1800 3789 2020 3859; x_wconf 80' lang='lat' dir='ltr'><strong>insepa-</strong></span> 
     </span>
    </p>
   </div>
   <div class='ocr_carea' id='block_1_73' title="bbox 452 3872 2014 3947">
    <p class='ocr_par' dir='ltr' id='par_1_73' title="bbox 452 3872 2014 3947">
     <span class='ocr_line' id='line_1_73' title="bbox 452 3872 2014 3947; baseline 0.006 -21"><span class='ocrx_word' id='word_1_541' title='bbox 452 3872 755 3943; x_wconf 85' lang='lat' dir='ltr'><strong>bilem_esse</strong></span> <span class='ocrx_word' id='word_1_542' title='bbox 784 3876 956 3945; x_wconf 90' lang='lat' dir='ltr'><strong>ipsius</strong></span> <span class='ocrx_word' id='word_1_543' title='bbox 987 3880 1377 3946; x_wconf 82' lang='lat' dir='ltr'><strong>Operationetn,</strong></span> <span class='ocrx_word' id='word_1_544' title='bbox 1417 3897 1436 3928; x_wconf 79' lang='grc' dir='ltr'><strong>ι</strong></span> <span class='ocrx_word' id='word_1_545' title='bbox 1472 3878 1536 3933; x_wconf 84' lang='grc' dir='ltr'><strong>Ει</strong></span> <span class='ocrx_word' id='word_1_546' title='bbox 1561 3889 1683 3947; x_wconf 86' lang='lat' dir='ltr'><strong>post</strong></span> <span class='ocrx_word' id='word_1_547' title='bbox 1713 3883 1973 3935; x_wconf 82' lang='lat' dir='ltr'><strong>nonnulla</strong></span> <span class='ocrx_word' id='word_1_548' title='bbox 2001 3899 2014 3936; x_wconf 91' lang='lat'><strong>:</strong></span> 
     </span>
    </p>
   </div>
   <div class='ocr_carea' id='block_1_74' title="bbox 456 3963 2023 4028">
    <p class='ocr_par' dir='ltr' id='par_1_74' title="bbox 456 3963 2023 4028">
     <span class='ocr_line' id='line_1_74' title="bbox 456 3963 2023 4028; baseline 0.007 -13"><span class='ocrx_word' id='word_1_549' title='bbox 456 3981 477 4015; x_wconf 73' lang='grc' dir='ltr'><strong>ι</strong></span> <span class='ocrx_word' id='word_1_550' title='bbox 521 3963 655 4018; x_wconf 90' lang='lat' dir='ltr'><strong>Cum</strong></span> <span class='ocrx_word' id='word_1_551' title='bbox 682 3982 811 4020; x_wconf 86' lang='lat' dir='ltr'><strong>vero</strong></span> <span class='ocrx_word' id='word_1_552' title='bbox 851 3966 1038 4023; x_wconf 87' lang='lat' dir='ltr'><strong>vivens</strong></span> <span class='ocrx_word' id='word_1_553' title='bbox 1070 3969 1255 4023; x_wconf 88' lang='lat' dir='ltr'><strong>divina</strong></span> <span class='ocrx_word' id='word_1_554' title='bbox 1301 3979 1492 4023; x_wconf 85' lang='lat' dir='ltr'><strong>natura</strong></span> <span class='ocrx_word' id='word_1_555' title='bbox 1526 3971 1740 4025; x_wconf 86' lang='lat' dir='ltr'><strong>divinas</strong></span> <span class='ocrx_word' id='word_1_556' title='bbox 1776 3973 1936 4026; x_wconf 86' lang='lat' dir='ltr'><strong>habet</strong></span> <span class='ocrx_word' id='word_1_557' title='bbox 1966 3982 2023 4028; x_wconf 89' lang='lat' dir='ltr'><strong>et</strong></span> 
     </span>
    </p>
   </div>
   <div class='ocr_carea' id='block_1_75' title="bbox 454 4057 2027 4132">
    <p class='ocr_par' dir='ltr' id='par_1_75' title="bbox 454 4057 2027 4132">
     <span class='ocr_line' id='line_1_75' title="bbox 454 4057 2027 4132; baseline 0.007 -23"><span class='ocrx_word' id='word_1_558' title='bbox 454 4057 700 4112; x_wconf 82' lang='lat' dir='ltr'><strong>actiones</strong></span> <span class='ocrx_word' id='word_1_559' title='bbox 736 4059 941 4128; x_wconf 88' lang='lat' dir='ltr'><strong>absque</strong></span> <span class='ocrx_word' id='word_1_560' title='bbox 993 4074 1122 4115; x_wconf 89' lang='lat' dir='ltr'><strong>vero</strong></span> <span class='ocrx_word' id='word_1_561' title='bbox 1180 4063 1420 4115; x_wconf 87' lang='lat' dir='ltr'><strong>essentia</strong></span> <span class='ocrx_word' id='word_1_562' title='bbox 1480 4063 1740 4132; x_wconf 85' lang='lat' dir='ltr'><strong>possibile</strong></span> <span class='ocrx_word' id='word_1_563' title='bbox 1781 4080 1888 4118; x_wconf 91' lang='lat' dir='ltr'><strong>non</strong></span> <span class='ocrx_word' id='word_1_564' title='bbox 1940 4074 2027 4120; x_wconf 90' lang='lat' dir='ltr'><strong>est</strong></span> 
     </span>
    </p>
   </div>
   <div class='ocr_carea' id='block_1_76' title="bbox 458 4147 2025 4219">
    <p class='ocr_par' dir='ltr' id='par_1_76' title="bbox 458 4147 2025 4219">
     <span class='ocr_line' id='line_1_76' title="bbox 458 4147 2025 4219; baseline 0.006 -23"><span class='ocrx_word' id='word_1_565' title='bbox 458 4147 827 4212; x_wconf 76' lang='lat' dir='ltr'><strong>operationem</strong></span> <span class='ocrx_word' id='word_1_566' title='bbox 884 4149 1156 4216; x_wconf 76' lang='lat' dir='ltr'><strong>progredi,</strong></span> <span class='ocrx_word' id='word_1_567' title='bbox 1194 4149 1287 4202; x_wconf 91' lang='lat' dir='ltr'><strong>ubi</strong></span> <span class='ocrx_word' id='word_1_568' title='bbox 1339 4151 1581 4218; x_wconf 82' lang='lat' dir='ltr'><strong>operatio</strong></span> <span class='ocrx_word' id='word_1_569' title='bbox 1631 4156 1876 4219; x_wconf 78' lang='lat' dir='ltr'><strong>apparet,</strong></span> <span class='ocrx_word' id='word_1_570' title='bbox 1917 4167 2025 4205; x_wconf 83' lang='lat' dir='ltr'><strong>una</strong></span> 
     </span>
    </p>
   </div>
   <div class='ocr_carea' id='block_1_77' title="bbox 463 4236 2028 4313">
    <p class='ocr_par' dir='ltr' id='par_1_77' title="bbox 463 4236 2028 4313">
     <span class='ocr_line' id='line_1_77' title="bbox 463 4236 2028 4313; baseline 0.006 -26"><span class='ocrx_word' id='word_1_571' title='bbox 463 4236 635 4288; x_wconf 88' lang='lat' dir='ltr'><strong>si&#39;ntul</strong></span> <span class='ocrx_word' id='word_1_572' title='bbox 668 4252 792 4290; x_wconf 90' lang='lat' dir='ltr'><strong>cum</strong></span> <span class='ocrx_word' id='word_1_573' title='bbox 826 4252 886 4291; x_wconf 83' lang='lat' dir='ltr'><strong>ea</strong></span> <span class='ocrx_word' id='word_1_574' title='bbox 918 4240 1179 4307; x_wconf 72' lang='lat' dir='ltr'><strong>aspicitur</strong></span> <span class='ocrx_word' id='word_1_575' title='bbox 1216 4242 1473 4304; x_wconf 87' lang='lat' dir='ltr'><strong>essentia,</strong></span> <span class='ocrx_word' id='word_1_576' title='bbox 1503 4258 1566 4296; x_wconf 79' lang='lat' dir='ltr'><strong>ex</strong></span> <span class='ocrx_word' id='word_1_577' title='bbox 1602 4258 1720 4313; x_wconf 38' lang='lat' dir='ltr'><strong>qua.</strong></span> <span class='ocrx_word' id='word_1_578' title='bbox 1746 4245 2028 4312; x_wconf 81' lang='lat' dir='ltr'><strong>progredi-</strong></span> 
     </span>
    </p>
   </div>
   <div class='ocr_carea' id='block_1_78' title="bbox 456 4324 2030 4396">
    <p class='ocr_par' dir='ltr' id='par_1_78' title="bbox 456 4324 2030 4396">
     <span class='ocr_line' id='line_1_78' title="bbox 456 4324 2030 4396; baseline 0.007 -20"><span class='ocrx_word' id='word_1_579' title='bbox 456 4334 568 4380; x_wconf 87' lang='lat' dir='ltr'><strong>tur.</strong></span> <span class='ocrx_word' id='word_1_580' title='bbox 608 4343 628 4376; x_wconf 74' lang='grc' dir='ltr'><strong>ι</strong></span> <span class='ocrx_word' id='word_1_581' title='bbox 675 4324 742 4380; x_wconf 86' lang='grc' dir='ltr'>Ει</span> <span class='ocrx_word' id='word_1_582' title='bbox 789 4329 976 4396; x_wconf 76' lang='lat' dir='ltr'><strong>paucis</strong></span> <span class='ocrx_word' id='word_1_583' title='bbox 1025 4329 1272 4384; x_wconf 89' lang='lat' dir='ltr'><strong>additis:</strong></span> <span class='ocrx_word' id='word_1_584' title='bbox 1331 4347 1350 4381; x_wconf 79' lang='grc' dir='ltr'><strong>ι</strong></span> <span class='ocrx_word' id='word_1_585' title='bbox 1383 4331 1439 4386; x_wconf 79' lang='lat' dir='ltr'><strong>Si</strong></span> <span class='ocrx_word' id='word_1_586' title='bbox 1492 4334 1632 4386; x_wconf 87' lang='lat' dir='ltr'><strong>circa</strong></span> <span class='ocrx_word' id='word_1_587' title='bbox 1668 4344 1839 4386; x_wconf 90' lang='lat' dir='ltr'><strong>totum</strong></span> <span class='ocrx_word' id='word_1_588' title='bbox 1888 4335 2030 4387; x_wconf 91' lang='lat' dir='ltr'><strong>actio</strong></span> 
     </span>
    </p>
   </div>
   <div class='ocr_carea' id='block_1_79' title="bbox 456 4420 2028 4492">
    <p class='ocr_par' dir='ltr' id='par_1_79' title="bbox 456 4420 2028 4492">
     <span class='ocr_line' id='line_1_79' title="bbox 456 4420 2028 4492; baseline 0.007 -24"><span class='ocrx_word' id='word_1_589' title='bbox 456 4424 558 4480; x_wconf 86' lang='lat' dir='ltr'><strong>est,</strong></span> <span class='ocrx_word' id='word_1_590' title='bbox 585 4431 613 4468; x_wconf 77' lang='grc' dir='ltr'><strong>ο</strong></span> <span class='ocrx_word' id='word_1_591' title='bbox 635 4432 742 4487; x_wconf 91' lang='lat' dir='ltr'><strong>qua</strong></span> <span class='ocrx_word' id='word_1_592' title='bbox 769 4420 1006 4473; x_wconf 79' lang='lat' dir='ltr'><strong>essentia</strong></span> <span class='ocrx_word' id='word_1_593' title='bbox 1038 4423 1277 4490; x_wconf 88' lang='lat' dir='ltr'><strong>separari</strong></span> <span class='ocrx_word' id='word_1_594' title='bbox 1308 4424 1515 4492; x_wconf 82' lang='lat' dir='ltr'><strong>nequit,</strong></span> <span class='ocrx_word' id='word_1_595' title='bbox 1535 4425 1678 4477; x_wconf 86' lang='lat' dir='ltr'><strong>circa</strong></span> <span class='ocrx_word' id='word_1_596' title='bbox 1712 4425 2028 4479; x_wconf 84' lang='lat' dir='ltr'><strong>universum</strong></span> 
     </span>
    </p>
   </div>
   <div class='ocr_carea' id='block_1_80' title="bbox 2132 3325 3698 3406">
    <p class='ocr_par' dir='ltr' id='par_1_80' title="bbox 2132 3325 3698 3406">
     <span class='ocr_line' id='line_1_80' title="bbox 2132 3325 3698 3406; baseline -0.001 -19"><span class='ocrx_word' id='word_1_597' title='bbox 2132 3335 2583 3406; x_wconf 72' lang='grc' dir='ltr'>Ἀπεριγράπτου</span> <span class='ocrx_word' id='word_1_598' title='bbox 2638 3336 2875 3406; x_wconf 81' lang='grc' dir='ltr'>δευτέρῳ</span> <span class='ocrx_word' id='word_1_599' title='bbox 2930 3331 3293 3403; x_wconf 78' lang='grc' dir='ltr'>λόγῳαύτοῦ,</span> <span class='ocrx_word' id='word_1_600' title='bbox 3346 3325 3409 3385; x_wconf 79' lang='grc' dir='ltr'><strong>οῦ</strong></span> <span class='ocrx_word' id='word_1_601' title='bbox 3459 3334 3494 3399; x_wconf 83' lang='grc' dir='ltr'>ἡ</span> <span class='ocrx_word' id='word_1_602' title='bbox 3528 3332 3698 3403; x_wconf 77' lang='grc' dir='ltr'>ἀρχὴ,</span> 
     </span>
    </p>
   </div>
   <div class='ocr_carea' id='block_1_81' title="bbox 2127 3422 3706 3498">
    <p class='ocr_par' dir='ltr' id='par_1_81' title="bbox 2127 3422 3706 3498">
     <span class='ocr_line' id='line_1_81' title="bbox 2127 3422 3706 3498; baseline 0 -21"><span class='ocrx_word' id='word_1_603' title='bbox 2127 3446 2144 3477; x_wconf 84' lang='lat' dir='ltr'><strong>t</strong></span> <span class='ocrx_word' id='word_1_604' title='bbox 2193 3427 2377 3479; x_wconf 72' lang='grc' dir='ltr'>Πάντα</span> <span class='ocrx_word' id='word_1_605' title='bbox 2408 3428 2582 3498; x_wconf 76' lang='grc' dir='ltr'>τολμᾷ</span> <span class='ocrx_word' id='word_1_606' title='bbox 2629 3427 2849 3493; x_wconf 83' lang='grc' dir='ltr'>γλῶσσα</span> <span class='ocrx_word' id='word_1_607' title='bbox 2891 3425 3058 3487; x_wconf 82' lang='grc' dir='ltr'>δολία,</span> <span class='ocrx_word' id='word_1_608' title='bbox 3098 3445 3115 3477; x_wconf 77' lang='grc' dir='ltr'><strong>ι</strong></span> <span class='ocrx_word' id='word_1_609' title='bbox 3167 3424 3330 3491; x_wconf 81' lang='grc' dir='ltr'>φησίν</span> <span class='ocrx_word' id='word_1_610' title='bbox 3355 3440 3368 3454; x_wconf 73' lang='grc' dir='ltr'><strong>ο</strong></span> <span class='ocrx_word' id='word_1_611' title='bbox 3410 3442 3429 3473; x_wconf 74' lang='grc' dir='ltr'><strong>ι</strong></span> <span class='ocrx_word' id='word_1_612' title='bbox 3474 3422 3706 3493; x_wconf 81' lang='grc' dir='ltr'>Ἴδωμεν</span> 
     </span>
    </p>
   </div>
   <div class='ocr_carea' id='block_1_82' title="bbox 2119 3513 3705 3588">
    <p class='ocr_par' dir='ltr' id='par_1_82' title="bbox 2119 3513 3705 3588">
     <span class='ocr_line' id='line_1_82' title="bbox 2119 3513 3705 3588; baseline -0.002 -19"><span class='ocrx_word' id='word_1_613' title='bbox 2119 3513 2206 3571; x_wconf 72' lang='grc' dir='ltr'>οἷα</span> <span class='ocrx_word' id='word_1_614' title='bbox 2233 3518 2413 3585; x_wconf 82' lang='grc' dir='ltr'>λέγειν</span> <span class='ocrx_word' id='word_1_615' title='bbox 2445 3521 2572 3588; x_wconf 78' lang='grc' dir='ltr'>περὶ</span> <span class='ocrx_word' id='word_1_616' title='bbox 2602 3517 2736 3570; x_wconf 84' lang='grc' dir='ltr'>Θεοῦ</span> <span class='ocrx_word' id='word_1_617' title='bbox 2770 3517 3076 3585; x_wconf 83' lang='grc' dir='ltr'>ἀνέχονται.</span> <span class='ocrx_word' id='word_1_618' title='bbox 3106 3515 3184 3584; x_wconf 82' lang='grc' dir='ltr'><strong>Τῇ</strong></span> <span class='ocrx_word' id='word_1_619' title='bbox 3217 3513 3487 3583; x_wconf 70' lang='grc' dir='ltr'>ἐνεργείᾳ,</span> <span class='ocrx_word' id='word_1_620' title='bbox 3512 3517 3705 3581; x_wconf 69' lang='grc' dir='ltr'>φασὶν,</span> 
     </span>
    </p>
   </div>
   <div class='ocr_carea' id='block_1_83' title="bbox 2120 3598 3711 3677">
    <p class='ocr_par' dir='ltr' id='par_1_83' title="bbox 2120 3598 3711 3677">
     <span class='ocr_line' id='line_1_83' title="bbox 2120 3598 3711 3677; baseline -0.003 -15"><span class='ocrx_word' id='word_1_621' title='bbox 2120 3611 2178 3662; x_wconf 76' lang='grc' dir='ltr'><strong>ἐν</strong></span> <span class='ocrx_word' id='word_1_622' title='bbox 2205 3608 2372 3661; x_wconf 72' lang='grc' dir='ltr'>πᾶσίν</span> <span class='ocrx_word' id='word_1_623' title='bbox 2406 3610 2553 3660; x_wconf 83' lang='grc' dir='ltr'>ἐστιν</span> <span class='ocrx_word' id='word_1_624' title='bbox 2583 3610 2610 3660; x_wconf 91' lang='grc' dir='ltr'><strong>ὀ</strong></span> <span class='ocrx_word' id='word_1_625' title='bbox 2644 3608 2796 3669; x_wconf 75' lang='grc' dir='ltr'>Θεὸς,</span> <span class='ocrx_word' id='word_1_626' title='bbox 2825 3598 2891 3677; x_wconf 70' lang='grc' dir='ltr'>τῇ</span> <span class='ocrx_word' id='word_1_627' title='bbox 2947 3606 3105 3677; x_wconf 77' lang='grc' dir='ltr'>οὐσίᾳ</span> <span class='ocrx_word' id='word_1_628' title='bbox 3160 3606 3215 3658; x_wconf 84' lang='grc' dir='ltr'>δὲ</span> <span class='ocrx_word' id='word_1_629' title='bbox 3258 3604 3522 3674; x_wconf 81' lang='grc' dir='ltr'>οὐδαμοῦ,</span> <span class='ocrx_word' id='word_1_630' title='bbox 3555 3606 3711 3675; x_wconf 71' lang='grc' dir='ltr'>ἐνέρο-</span> 
     </span>
    </p>
   </div>
   <div class='ocr_carea' id='block_1_84' title="bbox 2120 3697 3705 3769">
    <p class='ocr_par' dir='ltr' id='par_1_84' title="bbox 2120 3697 3705 3769">
     <span class='ocr_line' id='line_1_84' title="bbox 2120 3697 3705 3769; baseline -0.001 -18"><span class='ocrx_word' id='word_1_631' title='bbox 2120 3715 2277 3767; x_wconf 84' lang='grc' dir='ltr'>γειαν</span> <span class='ocrx_word' id='word_1_632' title='bbox 2312 3699 2564 3766; x_wconf 85' lang='grc' dir='ltr'>λέγοντες</span> <span class='ocrx_word' id='word_1_633' title='bbox 2599 3700 2658 3751; x_wconf 74' lang='grc' dir='ltr'>τὸ</span> <span class='ocrx_word' id='word_1_634' title='bbox 2690 3701 2884 3769; x_wconf 78' lang='grc' dir='ltr'>προϊὸν</span> <span class='ocrx_word' id='word_1_635' title='bbox 2934 3701 2998 3750; x_wconf 90' lang='grc' dir='ltr'><strong>ἐκ</strong></span> <span class='ocrx_word' id='word_1_636' title='bbox 3029 3700 3128 3767; x_wconf 80' lang='grc' dir='ltr'>τῆς</span> <span class='ocrx_word' id='word_1_637' title='bbox 3185 3697 3473 3767; x_wconf 77' lang='grc' dir='ltr'>ἐνεργείας</span> <span class='ocrx_word' id='word_1_638' title='bbox 3503 3699 3705 3752; x_wconf 77' lang='grc' dir='ltr'>ἀποτέ-</span> 
     </span>
    </p>
   </div>
   <div class='ocr_carea' id='block_1_85' title="bbox 2121 3786 3711 3861">
    <p class='ocr_par' dir='ltr' id='par_1_85' title="bbox 2121 3786 3711 3861">
     <span class='ocr_line' id='line_1_85' title="bbox 2121 3786 3711 3861; baseline -0.002 -19"><span class='ocrx_word' id='word_1_639' title='bbox 2121 3789 2321 3861; x_wconf 88' lang='grc' dir='ltr'>λεσμα.</span> <span class='ocrx_word' id='word_1_640' title='bbox 2353 3790 2521 3861; x_wconf 80' lang='grc' dir='ltr'>Φαίην</span> <span class='ocrx_word' id='word_1_641' title='bbox 2576 3790 2620 3843; x_wconf 81' lang='grc' dir='ltr'>δ’</span> <span class='ocrx_word' id='word_1_642' title='bbox 2682 3791 2750 3845; x_wconf 85' lang='grc' dir='ltr'>ἂν</span> <span class='ocrx_word' id='word_1_643' title='bbox 2804 3789 2980 3857; x_wconf 78' lang='grc' dir='ltr'>ἔγωγε</span> <span class='ocrx_word' id='word_1_644' title='bbox 3042 3789 3139 3856; x_wconf 82' lang='grc' dir='ltr'>τῆς</span> <span class='ocrx_word' id='word_1_645' title='bbox 3170 3786 3263 3840; x_wconf 88' lang='grc' dir='ltr'><strong>τοῦ</strong></span> <span class='ocrx_word' id='word_1_646' title='bbox 3302 3786 3440 3840; x_wconf 83' lang='grc' dir='ltr'>Θεοῦ</span> <span class='ocrx_word' id='word_1_647' title='bbox 3490 3789 3711 3854; x_wconf 80' lang='grc' dir='ltr'>φύσεως</span> 
     </span>
    </p>
   </div>
   <div class='ocr_carea' id='block_1_86' title="bbox 2124 3878 3701 3953">
    <p class='ocr_par' dir='ltr' id='par_1_86' title="bbox 2124 3878 3701 3953">
     <span class='ocr_line' id='line_1_86' title="bbox 2124 3878 3701 3953; baseline -0.004 -18"><span class='ocrx_word' id='word_1_648' title='bbox 2124 3881 2428 3953; x_wconf 84' lang='grc' dir='ltr'>ἀχώριστον</span> <span class='ocrx_word' id='word_1_649' title='bbox 2463 3878 2603 3934; x_wconf 82' lang='grc' dir='ltr'>εἶναι</span> <span class='ocrx_word' id='word_1_650' title='bbox 2631 3882 2729 3950; x_wconf 75' lang='grc' dir='ltr'>τὴν</span> <span class='ocrx_word' id='word_1_651' title='bbox 2756 3881 3035 3950; x_wconf 71' lang='grc' dir='ltr'>ἐνέργειαν</span> <span class='ocrx_word' id='word_1_652' title='bbox 3079 3878 3268 3932; x_wconf 83' lang='grc' dir='ltr'>αὐτοῦ.</span> <span class='ocrx_word' id='word_1_653' title='bbox 3305 3897 3323 3930; x_wconf 71' lang='grc' dir='ltr'><strong>ι</strong></span> <span class='ocrx_word' id='word_1_654' title='bbox 3393 3879 3501 3930; x_wconf 70' lang='grc' dir='ltr'><strong>Καὶ</strong></span> <span class='ocrx_word' id='word_1_655' title='bbox 3558 3879 3701 3944; x_wconf 74' lang='grc' dir='ltr'>μετὰ</span> 
     </span>
    </p>
   </div>
   <div class='ocr_carea' id='block_1_87' title="bbox 2124 3970 3709 4044">
    <p class='ocr_par' dir='ltr' id='par_1_87' title="bbox 2124 3970 3709 4044">
     <span class='ocr_line' id='line_1_87' title="bbox 2124 3970 3709 4044; baseline -0.003 -18"><span class='ocrx_word' id='word_1_656' title='bbox 2124 3988 2264 4026; x_wconf 86' lang='grc' dir='ltr'>τινα·</span> <span class='ocrx_word' id='word_1_657' title='bbox 2303 3993 2321 4024; x_wconf 80' lang='grc' dir='ltr'><strong>ι</strong></span> <span class='ocrx_word' id='word_1_658' title='bbox 2345 3973 2563 4044; x_wconf 78' lang='grc' dir='ltr'>Ἐπειδὴ</span> <span class='ocrx_word' id='word_1_659' title='bbox 2592 3973 2648 4025; x_wconf 84' lang='grc' dir='ltr'><strong>δέ</strong></span> <span class='ocrx_word' id='word_1_660' title='bbox 2680 3972 2831 4038; x_wconf 71' lang='grc' dir='ltr'>ζῶσα</span> <span class='ocrx_word' id='word_1_661' title='bbox 2861 3974 2893 4041; x_wconf 78' lang='grc' dir='ltr'>ἡ</span> <span class='ocrx_word' id='word_1_662' title='bbox 2927 3972 3046 4024; x_wconf 84' lang='grc' dir='ltr'>θεία</span> <span class='ocrx_word' id='word_1_663' title='bbox 3076 3971 3258 4039; x_wconf 81' lang='grc' dir='ltr'>φύσις,</span> <span class='ocrx_word' id='word_1_664' title='bbox 3293 3970 3475 4034; x_wconf 82' lang='grc' dir='ltr'>ζώσας</span> <span class='ocrx_word' id='word_1_665' title='bbox 3507 3970 3709 4038; x_wconf 82' lang='grc' dir='ltr'>ἔχουσα</span> 
     </span>
    </p>
   </div>
   <div class='ocr_carea' id='block_1_88' title="bbox 2127 4060 3709 4133">
    <p class='ocr_par' dir='ltr' id='par_1_88' title="bbox 2127 4060 3709 4133">
     <span class='ocr_line' id='line_1_88' title="bbox 2127 4060 3709 4133; baseline -0.003 -18"><span class='ocrx_word' id='word_1_666' title='bbox 2127 4063 2223 4115; x_wconf 80' lang='grc' dir='ltr'>καὶ</span> <span class='ocrx_word' id='word_1_667' title='bbox 2251 4063 2350 4125; x_wconf 80' lang='grc' dir='ltr'>τὰς</span> <span class='ocrx_word' id='word_1_668' title='bbox 2381 4063 2688 4133; x_wconf 84' lang='grc' dir='ltr'>ἐνεργείας,</span> <span class='ocrx_word' id='word_1_669' title='bbox 2723 4066 2891 4133; x_wconf 74' lang='grc' dir='ltr'>χωρὶς</span> <span class='ocrx_word' id='word_1_670' title='bbox 2916 4061 2974 4114; x_wconf 86' lang='grc' dir='ltr'><strong>δέ</strong></span> <span class='ocrx_word' id='word_1_671' title='bbox 3001 4062 3189 4122; x_wconf 81' lang='grc' dir='ltr'>οὐσίας</span> <span class='ocrx_word' id='word_1_672' title='bbox 3216 4060 3479 4114; x_wconf 84' lang='grc' dir='ltr'>ἀδύνατον</span> <span class='ocrx_word' id='word_1_673' title='bbox 3506 4062 3709 4129; x_wconf 71' lang='grc' dir='ltr'>ιπροελ-</span> 
     </span>
    </p>
   </div>
   <div class='ocr_carea' id='block_1_89' title="bbox 2127 4152 3713 4224">
    <p class='ocr_par' dir='ltr' id='par_1_89' title="bbox 2127 4152 3713 4224">
     <span class='ocr_line' id='line_1_89' title="bbox 2127 4152 3713 4224; baseline -0.001 -19"><span class='ocrx_word' id='word_1_674' title='bbox 2127 4153 2241 4205; x_wconf 81' lang='grc' dir='ltr'>θεῖν</span> <span class='ocrx_word' id='word_1_675' title='bbox 2276 4155 2577 4224; x_wconf 82' lang='grc' dir='ltr'>ἐνέργειαν,</span> <span class='ocrx_word' id='word_1_676' title='bbox 2623 4154 2749 4205; x_wconf 82' lang='grc' dir='ltr'>ἔνθα</span> <span class='ocrx_word' id='word_1_677' title='bbox 2778 4152 2909 4222; x_wconf 84' lang='grc' dir='ltr'><strong>ἂνή</strong></span> <span class='ocrx_word' id='word_1_678' title='bbox 2963 4153 3212 4222; x_wconf 80' lang='grc' dir='ltr'>ἐνέργεια</span> <span class='ocrx_word' id='word_1_679' title='bbox 3257 4154 3422 4222; x_wconf 80' lang='grc' dir='ltr'>φανῇ,</span> <span class='ocrx_word' id='word_1_680' title='bbox 3475 4153 3713 4204; x_wconf 69' lang='grc' dir='ltr'>συνθεωτ</span> 
     </span>
    </p>
   </div>
   <div class='ocr_carea' id='block_1_90' title="bbox 2131 4236 3714 4314">
    <p class='ocr_par' dir='ltr' id='par_1_90' title="bbox 2131 4236 3714 4314">
     <span class='ocr_line' id='line_1_90' title="bbox 2131 4236 3714 4314; baseline -0.002 -19"><span class='ocrx_word' id='word_1_681' title='bbox 2131 4247 2302 4313; x_wconf 74' lang='grc' dir='ltr'>ρείται</span> <span class='ocrx_word' id='word_1_682' title='bbox 2332 4242 2507 4314; x_wconf 80' lang='grc' dir='ltr'>ταύτῃ</span> <span class='ocrx_word' id='word_1_683' title='bbox 2546 4243 2640 4295; x_wconf 74' lang='grc' dir='ltr'>καὶ</span> <span class='ocrx_word' id='word_1_684' title='bbox 2669 4243 2701 4311; x_wconf 76' lang='grc' dir='ltr'>ἠ</span> <span class='ocrx_word' id='word_1_685' title='bbox 2735 4242 2892 4293; x_wconf 83' lang='grc' dir='ltr'>οὐσία</span> <span class='ocrx_word' id='word_1_686' title='bbox 2928 4241 2984 4306; x_wconf 80' lang='grc' dir='ltr'>ἐξ</span> <span class='ocrx_word' id='word_1_687' title='bbox 3022 4236 3090 4311; x_wconf 80' lang='grc' dir='ltr'>ἧς</span> <span class='ocrx_word' id='word_1_688' title='bbox 3154 4242 3506 4311; x_wconf 83' lang='grc' dir='ltr'>προέρχεται.</span> <span class='ocrx_word' id='word_1_689' title='bbox 3545 4259 3562 4290; x_wconf 77' lang='grc' dir='ltr'><strong>ι</strong></span> <span class='ocrx_word' id='word_1_690' title='bbox 3600 4242 3714 4292; x_wconf 73' lang='lat' dir='ltr'><strong>Kal.</strong></span> 
     </span>
    </p>
   </div>
   <div class='ocr_carea' id='block_1_91' title="bbox 2139 4332 3717 4403">
    <p class='ocr_par' dir='ltr' id='par_1_91' title="bbox 2139 4332 3717 4403">
     <span class='ocr_line' id='line_1_91' title="bbox 2139 4332 3717 4403; baseline -0.002 -19"><span class='ocrx_word' id='word_1_691' title='bbox 2139 4335 2278 4403; x_wconf 85' lang='grc' dir='ltr'>μετὰ</span> <span class='ocrx_word' id='word_1_692' title='bbox 2299 4350 2421 4385; x_wconf 88' lang='grc' dir='ltr'>τινα</span> <span class='ocrx_word' id='word_1_693' title='bbox 2443 4347 2457 4364; x_wconf 72' lang='grc' dir='ltr'><strong><em>ο</em></strong></span> <span class='ocrx_word' id='word_1_694' title='bbox 2499 4353 2516 4384; x_wconf 74' lang='grc' dir='ltr'><strong>ι</strong></span> <span class='ocrx_word' id='word_1_695' title='bbox 2557 4333 2618 4384; x_wconf 88' lang='grc' dir='ltr'><strong>Εί</strong></span> <span class='ocrx_word' id='word_1_696' title='bbox 2655 4334 2787 4400; x_wconf 73' lang='grc' dir='ltr'>περὶ</span> <span class='ocrx_word' id='word_1_697' title='bbox 2818 4332 2879 4383; x_wconf 85' lang='grc' dir='ltr'>τὸ</span> <span class='ocrx_word' id='word_1_698' title='bbox 2905 4333 3010 4384; x_wconf 79' lang='grc' dir='ltr'><strong>πᾶν</strong></span> <span class='ocrx_word' id='word_1_699' title='bbox 3045 4334 3191 4382; x_wconf 86' lang='grc' dir='ltr'>ἐστιν</span> <span class='ocrx_word' id='word_1_700' title='bbox 3223 4332 3255 4400; x_wconf 75' lang='grc' dir='ltr'>ἡ</span> <span class='ocrx_word' id='word_1_701' title='bbox 3285 4333 3561 4400; x_wconf 77' lang='grc' dir='ltr'>ἐνέργεια,</span> <span class='ocrx_word' id='word_1_702' title='bbox 3586 4332 3717 4382; x_wconf 64' lang='grc' dir='ltr'>ταύ-</span> 
     </span>
    </p>
   </div>
   <div class='ocr_carea' id='block_1_92' title="bbox 2131 4419 3713 4492">
    <p class='ocr_par' dir='ltr' id='par_1_92' title="bbox 2131 4419 3713 4492">
     <span class='ocr_line' id='line_1_92' title="bbox 2131 4419 3713 4492; baseline -0.003 -18"><span class='ocrx_word' id='word_1_703' title='bbox 2131 4439 2230 4490; x_wconf 73' lang='grc' dir='ltr'>της</span> <span class='ocrx_word' id='word_1_704' title='bbox 2257 4424 2312 4476; x_wconf 67' lang='grc' dir='ltr'>δὲ</span> <span class='ocrx_word' id='word_1_705' title='bbox 2341 4423 2645 4492; x_wconf 82' lang='grc' dir='ltr'>ἀχώριστος</span> <span class='ocrx_word' id='word_1_706' title='bbox 2670 4423 2703 4491; x_wconf 79' lang='grc' dir='ltr'>ἠ</span> <span class='ocrx_word' id='word_1_707' title='bbox 2749 4422 2907 4473; x_wconf 84' lang='grc' dir='ltr'>οὐσία</span> <span class='ocrx_word' id='word_1_708' title='bbox 2937 4419 3271 4489; x_wconf 82' lang='grc' dir='ltr'>καθέστηκε,</span> <span class='ocrx_word' id='word_1_709' title='bbox 3327 4422 3456 4490; x_wconf 79' lang='grc' dir='ltr'>περὶ</span> <span class='ocrx_word' id='word_1_710' title='bbox 3511 4422 3571 4471; x_wconf 80' lang='grc' dir='ltr'>τὸ</span> <span class='ocrx_word' id='word_1_711' title='bbox 3605 4420 3713 4471; x_wconf 75' lang='grc' dir='ltr'><strong>πᾶν</strong></span> 
     </span>
    </p>
   </div>
   <div class='ocr_carea' id='block_1_93' title="bbox 457 4508 2013 4584">
    <p class='ocr_par' dir='ltr' id='par_1_93' title="bbox 457 4508 2013 4584">
     <span class='ocr_line' id='line_1_93' title="bbox 457 4508 2013 4584; baseline 0.006 -25"><span class='ocrx_word' id='word_1_712' title='bbox 457 4515 512 4561; x_wconf 89' lang='lat' dir='ltr'><strong>et</strong></span> <span class='ocrx_word' id='word_1_713' title='bbox 541 4508 705 4562; x_wconf 87' lang='lat' dir='ltr'><strong>rebus</strong></span> <span class='ocrx_word' id='word_1_714' title='bbox 745 4508 800 4561; x_wconf 90' lang='lat' dir='ltr'><strong>in</strong></span> <span class='ocrx_word' id='word_1_715' title='bbox 850 4511 1107 4565; x_wconf 90' lang='lat' dir='ltr'><strong>omnibus</strong></span> <span class='ocrx_word' id='word_1_716' title='bbox 1150 4521 1234 4567; x_wconf 86' lang='lat' dir='ltr'><strong>est</strong></span> <span class='ocrx_word' id='word_1_717' title='bbox 1270 4513 1361 4566; x_wconf 89' lang='lat' dir='ltr'><strong>Dei</strong></span> <span class='ocrx_word' id='word_1_718' title='bbox 1391 4515 1646 4568; x_wconf 86' lang='lat' dir='ltr'><strong>essentia.</strong></span> <span class='ocrx_word' id='word_1_719' title='bbox 1698 4532 1717 4566; x_wconf 79' lang='grc' dir='ltr'><strong>ι</strong></span> <span class='ocrx_word' id='word_1_720' title='bbox 1757 4514 2013 4584; x_wconf 76' lang='lat' dir='ltr'><strong>Etpaucit</strong></span> 
     </span>
    </p>
   </div>
   <div class='ocr_carea' id='block_1_94' title="bbox 2119 4508 3717 4584">
    <p class='ocr_par' dir='ltr' id='par_1_94' title="bbox 2133 4512 3717 4584">
     <span class='ocr_line' id='line_1_94' title="bbox 2133 4512 3717 4584; baseline -0.004 -16"><span class='ocrx_word' id='word_1_721' title='bbox 2133 4517 2226 4568; x_wconf 80' lang='grc' dir='ltr'>καὶ</span> <span class='ocrx_word' id='word_1_722' title='bbox 2271 4518 2326 4567; x_wconf 87' lang='grc' dir='ltr'><strong>ἐν</strong></span> <span class='ocrx_word' id='word_1_723' title='bbox 2371 4515 2449 4584; x_wconf 84' lang='grc' dir='ltr'>τῷ</span> <span class='ocrx_word' id='word_1_724' title='bbox 2494 4515 2657 4567; x_wconf 89' lang='grc' dir='ltr'>παντί</span> <span class='ocrx_word' id='word_1_725' title='bbox 2708 4515 2855 4565; x_wconf 85' lang='grc' dir='ltr'>ἐστιν</span> <span class='ocrx_word' id='word_1_726' title='bbox 2906 4514 2939 4583; x_wconf 79' lang='grc' dir='ltr'><strong>ἡ</strong></span> <span class='ocrx_word' id='word_1_727' title='bbox 2998 4513 3093 4564; x_wconf 79' lang='grc' dir='ltr'><strong>τοῦ</strong></span> <span class='ocrx_word' id='word_1_728' title='bbox 3148 4513 3284 4563; x_wconf 81' lang='grc' dir='ltr'>Θεοῦ</span> <span class='ocrx_word' id='word_1_729' title='bbox 3325 4513 3502 4563; x_wconf 82' lang='grc' dir='ltr'>οὐσία.</span> <span class='ocrx_word' id='word_1_730' title='bbox 3546 4530 3566 4562; x_wconf 71' lang='grc' dir='ltr'><strong>ι</strong></span> <span class='ocrx_word' id='word_1_731' title='bbox 3607 4512 3717 4563; x_wconf 78' lang='grc' dir='ltr'><strong>Καὶ</strong></span> 
     </span>
    </p>
   </div>
   <div class='ocr_carea' id='block_1_95' title="bbox 459 4590 2013 4674">
    <p class='ocr_par' dir='ltr' id='par_1_95' title="bbox 459 4599 2004 4674">
     <span class='ocr_line' id='line_1_95' title="bbox 459 4599 2004 4674; baseline 0.005 -23"><span class='ocrx_word' id='word_1_732' title='bbox 459 4600 688 4652; x_wconf 84' lang='lat' dir='ltr'><strong>annexis</strong></span> <span class='ocrx_word' id='word_1_733' title='bbox 726 4616 741 4652; x_wconf 94' lang='lat'><strong>:</strong></span> <span class='ocrx_word' id='word_1_734' title='bbox 778 4618 796 4650; x_wconf 83' lang='grc' dir='ltr'><strong>ι</strong></span> <span class='ocrx_word' id='word_1_735' title='bbox 839 4599 1025 4669; x_wconf 82' lang='lat' dir='ltr'><strong>Itaque</strong></span> <span class='ocrx_word' id='word_1_736' title='bbox 1077 4618 1184 4656; x_wconf 92' lang='lat' dir='ltr'><strong>non</strong></span> <span class='ocrx_word' id='word_1_737' title='bbox 1224 4604 1437 4658; x_wconf 89' lang='lat' dir='ltr'><strong>actione</strong></span> <span class='ocrx_word' id='word_1_738' title='bbox 1477 4605 1651 4658; x_wconf 87' lang='lat' dir='ltr'><strong>soluat</strong></span> <span class='ocrx_word' id='word_1_739' title='bbox 1681 4620 1920 4674; x_wconf 69' lang='lat' dir='ltr'><strong>praesens</strong></span> <span class='ocrx_word' id='word_1_740' title='bbox 1948 4623 2004 4659; x_wconf 88' lang='lat' dir='ltr'><strong>es</strong></span> 
     </span>
    </p>
   </div>
   <div class='ocr_carea' id='block_1_96' title="bbox 2119 4590 3718 4674">
    <p class='ocr_par' dir='ltr' id='par_1_96' title="bbox 2140 4602 3718 4674">
     <span class='ocr_line' id='line_1_96' title="bbox 2140 4602 3718 4674; baseline 0 -18"><span class='ocrx_word' id='word_1_741' title='bbox 2140 4606 2281 4674; x_wconf 86' lang='grc' dir='ltr'>μετά</span> <span class='ocrx_word' id='word_1_742' title='bbox 2307 4620 2460 4655; x_wconf 72' lang='grc' dir='ltr'>τιναο</span> <span class='ocrx_word' id='word_1_743' title='bbox 2504 4622 2523 4654; x_wconf 74' lang='grc' dir='ltr'><strong>ι</strong></span> <span class='ocrx_word' id='word_1_744' title='bbox 2558 4602 2769 4656; x_wconf 84' lang='grc' dir='ltr'>Οὐκοῦν</span> <span class='ocrx_word' id='word_1_745' title='bbox 2809 4604 2869 4654; x_wconf 86' lang='grc' dir='ltr'><strong>οὐ</strong></span> <span class='ocrx_word' id='word_1_746' title='bbox 2910 4603 3069 4672; x_wconf 83' lang='grc' dir='ltr'>μόνον</span> <span class='ocrx_word' id='word_1_747' title='bbox 3098 4604 3164 4672; x_wconf 84' lang='grc' dir='ltr'>τῇ</span> <span class='ocrx_word' id='word_1_748' title='bbox 3198 4602 3454 4672; x_wconf 80' lang='grc' dir='ltr'>ἐνεργείᾳ</span> <span class='ocrx_word' id='word_1_749' title='bbox 3481 4605 3718 4673; x_wconf 82' lang='grc' dir='ltr'>πάρεστι</span> 
     </span>
    </p>
   </div>
   <div class='ocr_carea' id='block_1_97' title="bbox 460 4690 2034 4764">
    <p class='ocr_par' dir='ltr' id='par_1_97' title="bbox 460 4690 2034 4764">
     <span class='ocr_line' id='line_1_97' title="bbox 460 4690 2034 4764; baseline 0.005 -21"><span class='ocrx_word' id='word_1_750' title='bbox 460 4690 717 4745; x_wconf 90' lang='lat' dir='ltr'><strong>omnibus</strong></span> <span class='ocrx_word' id='word_1_751' title='bbox 758 4690 903 4747; x_wconf 82' lang='lat' dir='ltr'><strong>Deus</strong></span> <span class='ocrx_word' id='word_1_752' title='bbox 928 4691 1024 4747; x_wconf 87' lang='lat' dir='ltr'><strong>sed</strong></span> <span class='ocrx_word' id='word_1_753' title='bbox 1064 4695 1299 4748; x_wconf 84' lang='lat' dir='ltr'><strong>essentia</strong></span> <span class='ocrx_word' id='word_1_754' title='bbox 1342 4710 1561 4764; x_wconf 89' lang='lat' dir='ltr'><strong>quoque</strong></span> <span class='ocrx_word' id='word_1_755' title='bbox 1595 4713 1607 4748; x_wconf 90' lang='lat'><strong>:</strong></span> <span class='ocrx_word' id='word_1_756' title='bbox 1641 4707 1924 4750; x_wconf 86' lang='lat' dir='ltr'><strong>ostensum</strong></span> <span class='ocrx_word' id='word_1_757' title='bbox 1957 4698 2034 4751; x_wconf 87' lang='lat' dir='ltr'><strong>si-</strong></span> 
     </span>
    </p>
   </div>
   <div class='ocr_carea' id='block_1_98' title="bbox 460 4770 2037 4850">
    <p class='ocr_par' dir='ltr' id='par_1_98' title="bbox 460 4770 2037 4850">
     <span class='ocr_line' id='line_1_98' title="bbox 460 4770 2037 4850; baseline 0.006 -19"><span class='ocrx_word' id='word_1_758' title='bbox 460 4778 679 4847; x_wconf 87' lang='lat' dir='ltr'><strong>quidem</strong></span> <span class='ocrx_word' id='word_1_759' title='bbox 727 4780 935 4850; x_wconf 86' lang='lat' dir='ltr'><strong>absque</strong></span> <span class='ocrx_word' id='word_1_760' title='bbox 985 4784 1221 4838; x_wconf 87' lang='lat' dir='ltr'><strong>essentia</strong></span> <span class='ocrx_word' id='word_1_761' title='bbox 1276 4786 1547 4838; x_wconf 88' lang='lat' dir='ltr'><strong>actionem</strong></span> <span class='ocrx_word' id='word_1_762' title='bbox 1570 4770 1692 4839; x_wconf 87' lang='lat' dir='ltr'><strong>non</strong></span> <span class='ocrx_word' id='word_1_763' title='bbox 1735 4801 1876 4840; x_wconf 88' lang='lat' dir='ltr'><strong>esse.</strong></span> <span class='ocrx_word' id='word_1_764' title='bbox 1918 4805 1936 4837; x_wconf 74' lang='grc' dir='ltr'><strong>ι</strong></span> <span class='ocrx_word' id='word_1_765' title='bbox 1973 4786 2037 4841; x_wconf 86' lang='grc' dir='ltr'><strong>Ει</strong></span> 
     </span>
    </p>
   </div>
   <div class='ocr_carea' id='block_1_99' title="bbox 463 4863 2034 4945">
    <p class='ocr_par' dir='ltr' id='par_1_99' title="bbox 463 4863 2034 4945">
     <span class='ocr_line' id='line_1_99' title="bbox 463 4863 2034 4945; baseline 0.005 -22"><span class='ocrx_word' id='word_1_766' title='bbox 463 4879 585 4939; x_wconf 91' lang='lat' dir='ltr'><strong>post</strong></span> <span class='ocrx_word' id='word_1_767' title='bbox 608 4885 782 4940; x_wconf 89' lang='lat' dir='ltr'><strong>pauca</strong></span> <span class='ocrx_word' id='word_1_768' title='bbox 816 4889 832 4926; x_wconf 89' lang='lat'><strong>:</strong></span> <span class='ocrx_word' id='word_1_769' title='bbox 873 4891 891 4924; x_wconf 82' lang='grc' dir='ltr'><strong>ι</strong></span> <span class='ocrx_word' id='word_1_770' title='bbox 917 4873 1201 4939; x_wconf 83' lang='lat' dir='ltr'><strong>Quomodo</strong></span> <span class='ocrx_word' id='word_1_771' title='bbox 1236 4876 1418 4942; x_wconf 81' lang='lat' dir='ltr'><strong>itaque</strong></span> <span class='ocrx_word' id='word_1_772' title='bbox 1442 4877 1586 4945; x_wconf 88' lang='lat' dir='ltr'><strong>quod</strong></span> <span class='ocrx_word' id='word_1_773' title='bbox 1620 4863 1818 4931; x_wconf 87' lang='lat' dir='ltr'><strong>dicitur</strong></span> <span class='ocrx_word' id='word_1_774' title='bbox 1849 4893 2034 4931; x_wconf 87' lang='lat' dir='ltr'><strong>verunt</strong></span> 
     </span>
    </p>
   </div>
   <div class='ocr_carea' id='block_1_100' title="bbox 465 4961 2037 5036">
    <p class='ocr_par' dir='ltr' id='par_1_100' title="bbox 465 4961 2037 5036">
     <span class='ocr_line' id='line_1_100' title="bbox 465 4961 2037 5036; baseline 0.006 -21"><span class='ocrx_word' id='word_1_775' title='bbox 465 4961 654 5028; x_wconf 73' lang='lat' dir='ltr'><strong>fuerit,</strong></span> <span class='ocrx_word' id='word_1_776' title='bbox 691 4963 955 5033; x_wconf 85' lang='lat' dir='ltr'><strong>Spiritum</strong></span> <span class='ocrx_word' id='word_1_777' title='bbox 1013 4980 1209 5035; x_wconf 87' lang='lat' dir='ltr'><strong>nempe</strong></span> <span class='ocrx_word' id='word_1_778' title='bbox 1257 4967 1471 5021; x_wconf 92' lang='lat' dir='ltr'><strong>Domini</strong></span> <span class='ocrx_word' id='word_1_779' title='bbox 1524 4968 1814 5036; x_wconf 81' lang='lat' dir='ltr'><strong>replevisse</strong></span> <span class='ocrx_word' id='word_1_780' title='bbox 1850 4970 2037 5024; x_wconf 86' lang='lat' dir='ltr'><strong>orbem</strong></span> 
     </span>
    </p>
   </div>
   <div class='ocr_carea' id='block_1_101' title="bbox 468 5053 2043 5130">
    <p class='ocr_par' dir='ltr' id='par_1_101' title="bbox 468 5053 2043 5130">
     <span class='ocr_line' id='line_1_101' title="bbox 468 5053 2043 5130; baseline 0.003 -23"><span class='ocrx_word' id='word_1_781' title='bbox 468 5055 776 5109; x_wconf 85' lang='lat' dir='ltr'><strong>terrarum?</strong></span> <span class='ocrx_word' id='word_1_782' title='bbox 810 5055 1060 5113; x_wconf 88' lang='lat' dir='ltr'><strong>Essentia</strong></span> <span class='ocrx_word' id='word_1_783' title='bbox 1094 5057 1236 5113; x_wconf 86' lang='lat' dir='ltr'><strong>Deus</strong></span> <span class='ocrx_word' id='word_1_784' title='bbox 1266 5073 1391 5113; x_wconf 91' lang='lat' dir='ltr'><strong>cum</strong></span> <span class='ocrx_word' id='word_1_785' title='bbox 1427 5059 1517 5124; x_wconf 85' lang='lat' dir='ltr'><strong>sit,</strong></span> <span class='ocrx_word' id='word_1_786' title='bbox 1539 5060 1722 5113; x_wconf 89' lang='lat' dir='ltr'><strong>omnia</strong></span> <span class='ocrx_word' id='word_1_787' title='bbox 1748 5053 1876 5130; x_wconf 77' lang='lat' dir='ltr'><strong>quae</strong></span> <span class='ocrx_word' id='word_1_788' title='bbox 1899 5074 2043 5123; x_wconf 87' lang='lat' dir='ltr'><strong>sunt,</strong></span> 
     </span>
    </p>
   </div>
   <div class='ocr_carea' id='block_1_102' title="bbox 467 5145 2032 5218">
    <p class='ocr_par' dir='ltr' id='par_1_102' title="bbox 467 5145 2032 5218">
     <span class='ocr_line' id='line_1_102' title="bbox 467 5145 2032 5218; baseline 0.004 -21"><span class='ocrx_word' id='word_1_789' title='bbox 467 5145 649 5200; x_wconf 86' lang='lat' dir='ltr'><strong>divina</strong></span> <span class='ocrx_word' id='word_1_790' title='bbox 679 5149 917 5203; x_wconf 88' lang='lat' dir='ltr'><strong>essentia</strong></span> <span class='ocrx_word' id='word_1_791' title='bbox 947 5148 1194 5218; x_wconf 84' lang='lat' dir='ltr'><strong>replevit,</strong></span> <span class='ocrx_word' id='word_1_792' title='bbox 1228 5156 1281 5202; x_wconf 92' lang='lat' dir='ltr'><strong>et</strong></span> <span class='ocrx_word' id='word_1_793' title='bbox 1310 5148 1475 5203; x_wconf 86' lang='lat' dir='ltr'><strong>rebus</strong></span> <span class='ocrx_word' id='word_1_794' title='bbox 1505 5150 1559 5203; x_wconf 90' lang='lat' dir='ltr'><strong>in</strong></span> <span class='ocrx_word' id='word_1_795' title='bbox 1594 5150 1850 5206; x_wconf 90' lang='lat' dir='ltr'><strong>ontnibus</strong></span> <span class='ocrx_word' id='word_1_796' title='bbox 1879 5164 1982 5206; x_wconf 82' lang='lat' dir='ltr'><strong>est.</strong></span> <span class='ocrx_word' id='word_1_797' title='bbox 2013 5172 2032 5203; x_wconf 72' lang='grc' dir='ltr'><strong>ι</strong></span> 
     </span>
    </p>
   </div>
   <div class='ocr_carea' id='block_1_103' title="bbox 468 5237 2035 5313">
    <p class='ocr_par' dir='ltr' id='par_1_103' title="bbox 468 5237 2035 5313">
     <span class='ocr_line' id='line_1_103' title="bbox 468 5237 2035 5313; baseline 0.003 -21"><span class='ocrx_word' id='word_1_798' title='bbox 468 5237 534 5292; x_wconf 83' lang='grc' dir='ltr'><strong>Ει</strong></span> <span class='ocrx_word' id='word_1_799' title='bbox 565 5239 840 5295; x_wconf 88' lang='lat' dir='ltr'><strong>nonnullis</strong></span> <span class='ocrx_word' id='word_1_800' title='bbox 871 5239 1174 5307; x_wconf 84' lang='lat' dir='ltr'><strong>interjectis</strong></span> <span class='ocrx_word' id='word_1_801' title='bbox 1209 5257 1226 5292; x_wconf 77' lang='grc' dir='ltr'><strong>ι</strong></span> <span class='ocrx_word' id='word_1_802' title='bbox 1265 5259 1283 5292; x_wconf 83' lang='lat' dir='ltr'><strong>t</strong></span> <span class='ocrx_word' id='word_1_803' title='bbox 1318 5240 1473 5294; x_wconf 88' lang='lat' dir='ltr'><strong>Actio</strong></span> <span class='ocrx_word' id='word_1_804' title='bbox 1505 5242 1621 5313; x_wconf 85' lang='lat' dir='ltr'><strong>sine</strong></span> <span class='ocrx_word' id='word_1_805' title='bbox 1655 5245 1895 5298; x_wconf 86' lang='lat' dir='ltr'><strong>essentia</strong></span> <span class='ocrx_word' id='word_1_806' title='bbox 1930 5260 2035 5297; x_wconf 86' lang='lat' dir='ltr'><strong>non</strong></span> 
     </span>
    </p>
   </div>
   <div class='ocr_carea' id='block_1_104' title="bbox 468 5331 2038 5406">
    <p class='ocr_par' dir='ltr' id='par_1_104' title="bbox 468 5331 2038 5406">
     <span class='ocr_line' id='line_1_104' title="bbox 468 5331 2038 5406; baseline 0.003 -21"><span class='ocrx_word' id='word_1_807' title='bbox 468 5333 835 5401; x_wconf 80' lang='lat' dir='ltr'><strong>progreditur,</strong></span> <span class='ocrx_word' id='word_1_808' title='bbox 876 5341 932 5391; x_wconf 86' lang='lat' dir='ltr'><strong>et</strong></span> <span class='ocrx_word' id='word_1_809' title='bbox 981 5332 1035 5386; x_wconf 91' lang='lat' dir='ltr'><strong>in</strong></span> <span class='ocrx_word' id='word_1_810' title='bbox 1066 5331 1320 5386; x_wconf 90' lang='lat' dir='ltr'><strong>omnibus</strong></span> <span class='ocrx_word' id='word_1_811' title='bbox 1352 5342 1435 5386; x_wconf 91' lang='lat' dir='ltr'><strong>est</strong></span> <span class='ocrx_word' id='word_1_812' title='bbox 1467 5351 1478 5385; x_wconf 94' lang='lat'><strong>:</strong></span> <span class='ocrx_word' id='word_1_813' title='bbox 1513 5335 1751 5391; x_wconf 87' lang='lat' dir='ltr'><strong>essentia</strong></span> <span class='ocrx_word' id='word_1_814' title='bbox 1786 5336 1951 5406; x_wconf 78' lang='lat' dir='ltr'><strong>igitur</strong></span> <span class='ocrx_word' id='word_1_815' title='bbox 1984 5337 2038 5389; x_wconf 88' lang='lat' dir='ltr'><strong>in</strong></span> 
     </span>
    </p>
   </div>
   <div class='ocr_carea' id='block_1_105' title="bbox 469 5422 2039 5494">
    <p class='ocr_par' dir='ltr' id='par_1_105' title="bbox 469 5422 2039 5494">
     <span class='ocr_line' id='line_1_105' title="bbox 469 5422 2039 5494; baseline 0.004 -20"><span class='ocrx_word' id='word_1_816' title='bbox 469 5422 724 5478; x_wconf 91' lang='lat' dir='ltr'><strong>omnibus</strong></span> <span class='ocrx_word' id='word_1_817' title='bbox 752 5430 869 5487; x_wconf 89' lang='lat' dir='ltr'><strong>est,</strong></span> <span class='ocrx_word' id='word_1_818' title='bbox 906 5423 987 5478; x_wconf 91' lang='lat' dir='ltr'><strong>uti</strong></span> <span class='ocrx_word' id='word_1_819' title='bbox 1026 5424 1285 5494; x_wconf 91' lang='lat' dir='ltr'><strong>propheta</strong></span> <span class='ocrx_word' id='word_1_820' title='bbox 1319 5425 1455 5480; x_wconf 80' lang='lat' dir='ltr'><strong>dixit</strong></span> <span class='ocrx_word' id='word_1_821' title='bbox 1485 5443 1498 5477; x_wconf 91' lang='lat'><strong>:</strong></span> <span class='ocrx_word' id='word_1_822' title='bbox 1545 5445 1562 5478; x_wconf 79' lang='grc' dir='ltr'><strong>ι</strong></span> <span class='ocrx_word' id='word_1_823' title='bbox 1603 5425 1791 5483; x_wconf 85' lang='lat' dir='ltr'><strong>Nonne</strong></span> <span class='ocrx_word' id='word_1_824' title='bbox 1842 5431 2039 5482; x_wconf 77' lang='lat' dir='ltr'><strong>coelum</strong></span> 
     </span>
    </p>
   </div>
   <div class='ocr_carea' id='block_1_106' title="bbox 470 5514 1723 5586">
    <p class='ocr_par' dir='ltr' id='par_1_106' title="bbox 470 5514 1723 5586">
     <span class='ocr_line' id='line_1_106' title="bbox 470 5514 1723 5586; baseline 0.002 -22"><span class='ocrx_word' id='word_1_825' title='bbox 470 5519 526 5564; x_wconf 86' lang='lat' dir='ltr'><strong>et</strong></span> <span class='ocrx_word' id='word_1_826' title='bbox 554 5519 753 5568; x_wconf 87' lang='lat' dir='ltr'><strong>terram</strong></span> <span class='ocrx_word' id='word_1_827' title='bbox 782 5528 881 5584; x_wconf 75' lang='lat' dir='ltr'><strong>ego</strong></span> <span class='ocrx_word' id='word_1_828' title='bbox 903 5514 1123 5586; x_wconf 88' lang='lat' dir='ltr'><strong>impleo,</strong></span> <span class='ocrx_word' id='word_1_829' title='bbox 1156 5514 1288 5571; x_wconf 88' lang='lat' dir='ltr'><strong>dicit</strong></span> <span class='ocrx_word' id='word_1_830' title='bbox 1319 5516 1579 5571; x_wconf 87' lang='lat' dir='ltr'><strong>Dominus</strong></span> <span class='ocrx_word' id='word_1_831' title='bbox 1603 5515 1671 5571; x_wconf 75' lang='lat'><strong>“.</strong></span> <span class='ocrx_word' id='word_1_832' title='bbox 1706 5536 1723 5567; x_wconf 67' lang='grc' dir='ltr'>δ</span> 
     </span>
    </p>
   </div>
   <div class='ocr_carea' id='block_1_107' title="bbox 549 5672 1651 5740">
    <p class='ocr_par' dir='ltr' id='par_1_107' title="bbox 549 5672 1651 5740">
     <span class='ocr_line' id='line_1_107' title="bbox 549 5672 1651 5740; baseline 0.003 -17"><span class='ocrx_word' id='word_1_833' title='bbox 549 5674 590 5705; x_wconf 69' lang='grc' dir='ltr'>δ’</span> <span class='ocrx_word' id='word_1_834' title='bbox 621 5673 740 5730; x_wconf 70' lang='lat' dir='ltr'><strong>Gal.</strong></span> <span class='ocrx_word' id='word_1_835' title='bbox 775 5690 853 5740; x_wconf 84' lang='lat' dir='ltr'><strong>tv,</strong></span> <span class='ocrx_word' id='word_1_836' title='bbox 885 5674 973 5731; x_wconf 79' lang='lat' dir='ltr'><strong>l9.</strong></span> <span class='ocrx_word' id='word_1_837' title='bbox 1047 5675 1093 5709; x_wconf 60' lang='lat'><strong>‘3</strong></span> <span class='ocrx_word' id='word_1_838' title='bbox 1132 5672 1332 5730; x_wconf 78' lang='lat' dir='ltr'><strong>Jerem.</strong></span> <span class='ocrx_word' id='word_1_839' title='bbox 1376 5688 1534 5736; x_wconf 67' lang='grc' dir='ltr'>χχιιι,</span> <span class='ocrx_word' id='word_1_840' title='bbox 1560 5672 1651 5727; x_wconf 75' lang='grc'><strong>24.</strong></span> 
     </span>
    </p>
   </div>
   <div class='ocr_carea' id='block_1_108' title="bbox 2136 4691 3718 4764">
    <p class='ocr_par' dir='ltr' id='par_1_108' title="bbox 2136 4691 3718 4764">
     <span class='ocr_line' id='line_1_108' title="bbox 2136 4691 3718 4764; baseline 0 -19"><span class='ocrx_word' id='word_1_841' title='bbox 2136 4698 2248 4754; x_wconf 86' lang='grc' dir='ltr'><strong>τοίς</strong></span> <span class='ocrx_word' id='word_1_842' title='bbox 2278 4691 2399 4746; x_wconf 75' lang='grc' dir='ltr'>οὖσι</span> <span class='ocrx_word' id='word_1_843' title='bbox 2428 4694 2590 4757; x_wconf 62' lang='grc' dir='ltr'>Θεὸη</span> <span class='ocrx_word' id='word_1_844' title='bbox 2617 4693 2752 4747; x_wconf 86' lang='grc' dir='ltr'>ἀλλὰ</span> <span class='ocrx_word' id='word_1_845' title='bbox 2788 4697 2883 4746; x_wconf 73' lang='grc' dir='ltr'>καὶ</span> <span class='ocrx_word' id='word_1_846' title='bbox 2928 4695 2996 4764; x_wconf 79' lang='grc' dir='ltr'>τῇ</span> <span class='ocrx_word' id='word_1_847' title='bbox 3051 4691 3211 4762; x_wconf 77' lang='grc' dir='ltr'>οὐσίᾳ</span> <span class='ocrx_word' id='word_1_848' title='bbox 3236 4706 3249 4719; x_wconf 91' lang='grc'><strong>·</strong></span> <span class='ocrx_word' id='word_1_849' title='bbox 3304 4693 3577 4745; x_wconf 78' lang='grc' dir='ltr'>δέδεικται</span> <span class='ocrx_word' id='word_1_850' title='bbox 3608 4698 3718 4762; x_wconf 74' lang='grc' dir='ltr'>γὰρ</span> 
     </span>
    </p>
   </div>
   <div class='ocr_carea' id='block_1_109' title="bbox 2137 4783 3719 4854">
    <p class='ocr_par' dir='ltr' id='par_1_109' title="bbox 2137 4783 3719 4854">
     <span class='ocr_line' id='line_1_109' title="bbox 2137 4783 3719 4854; baseline 0.002 -19"><span class='ocrx_word' id='word_1_851' title='bbox 2137 4784 2218 4835; x_wconf 83' lang='grc' dir='ltr'>ὅτι</span> <span class='ocrx_word' id='word_1_852' title='bbox 2248 4786 2419 4854; x_wconf 74' lang='grc' dir='ltr'>χωρὶς</span> <span class='ocrx_word' id='word_1_853' title='bbox 2454 4784 2651 4847; x_wconf 84' lang='grc' dir='ltr'>οὐσίας’</span> <span class='ocrx_word' id='word_1_854' title='bbox 2672 4785 2774 4838; x_wconf 88' lang='grc' dir='ltr'><strong>οὐκ</strong></span> <span class='ocrx_word' id='word_1_855' title='bbox 2830 4783 2979 4836; x_wconf 77' lang='grc' dir='ltr'>ἐστιν</span> <span class='ocrx_word' id='word_1_856' title='bbox 3028 4783 3307 4854; x_wconf 82' lang='grc' dir='ltr'>ἐνέργεια.</span> <span class='ocrx_word' id='word_1_857' title='bbox 3344 4801 3363 4833; x_wconf 84' lang='grc'><strong>›</strong></span> <span class='ocrx_word' id='word_1_858' title='bbox 3417 4784 3529 4836; x_wconf 73' lang='grc' dir='ltr'><strong>Καὶ</strong></span> <span class='ocrx_word' id='word_1_859' title='bbox 3577 4786 3719 4854; x_wconf 73' lang='grc' dir='ltr'>μετά</span> 
     </span>
    </p>
   </div>
   <div class='ocr_carea' id='block_1_110' title="bbox 2141 4873 3721 4945">
    <p class='ocr_par' dir='ltr' id='par_1_110' title="bbox 2141 4873 3721 4945">
     <span class='ocr_line' id='line_1_110' title="bbox 2141 4873 3721 4945; baseline -0.001 -18"><span class='ocrx_word' id='word_1_860' title='bbox 2141 4892 2297 4927; x_wconf 85' lang='grc' dir='ltr'>τινα·</span> <span class='ocrx_word' id='word_1_861' title='bbox 2339 4895 2357 4927; x_wconf 73' lang='grc' dir='ltr'><strong>ι</strong></span> <span class='ocrx_word' id='word_1_862' title='bbox 2405 4876 2526 4939; x_wconf 88' lang='grc' dir='ltr'>Πῶς</span> <span class='ocrx_word' id='word_1_863' title='bbox 2573 4873 2666 4929; x_wconf 79' lang='grc' dir='ltr'>οὖν</span> <span class='ocrx_word' id='word_1_864' title='bbox 2709 4874 2866 4929; x_wconf 69' lang='grc' dir='ltr'>ἔσται</span> <span class='ocrx_word' id='word_1_865' title='bbox 2911 4875 2972 4928; x_wconf 80' lang='grc' dir='ltr'>τὸ</span> <span class='ocrx_word' id='word_1_866' title='bbox 3018 4875 3314 4945; x_wconf 84' lang='grc' dir='ltr'>λεγόμενον</span> <span class='ocrx_word' id='word_1_867' title='bbox 3362 4874 3587 4944; x_wconf 78' lang='grc' dir='ltr'>ἀληθὲς,</span> <span class='ocrx_word' id='word_1_868' title='bbox 3638 4878 3721 4928; x_wconf 82' lang='grc' dir='ltr'>ὅτι</span> 
     </span>
    </p>
   </div>
   <div class='ocr_carea' id='block_1_111' title="bbox 2147 4965 3722 5037">
    <p class='ocr_par' dir='ltr' id='par_1_111' title="bbox 2147 4965 3722 5037">
     <span class='ocr_line' id='line_1_111' title="bbox 2147 4965 3722 5037; baseline 0.001 -22"><span class='ocrx_word' id='word_1_869' title='bbox 2147 4965 2370 5033; x_wconf 81' lang='grc' dir='ltr'>Πνεῦμα</span> <span class='ocrx_word' id='word_1_870' title='bbox 2402 4968 2605 5033; x_wconf 81' lang='grc' dir='ltr'>Κυρίου</span> <span class='ocrx_word' id='word_1_871' title='bbox 2635 4965 2971 5036; x_wconf 84' lang='grc' dir='ltr'>πεπλήρωκε</span> <span class='ocrx_word' id='word_1_872' title='bbox 3002 4966 3105 5037; x_wconf 78' lang='grc' dir='ltr'>τὴν</span> <span class='ocrx_word' id='word_1_873' title='bbox 3147 4966 3518 5034; x_wconf 85' lang='grc' dir='ltr'>οίκουμένην;</span> <span class='ocrx_word' id='word_1_874' title='bbox 3551 4965 3722 5017; x_wconf 78' lang='grc' dir='ltr'>Οὑτία</span> 
     </span>
    </p>
   </div>
   <div class='ocr_carea' id='block_1_112' title="bbox 2141 5055 3721 5125">
    <p class='ocr_par' dir='ltr' id='par_1_112' title="bbox 2141 5055 3721 5125">
     <span class='ocr_line' id='line_1_112' title="bbox 2141 5055 3721 5125; baseline -0.001 -17"><span class='ocrx_word' id='word_1_875' title='bbox 2141 5060 2167 5109; x_wconf 78' lang='grc' dir='ltr'><strong>ὸ</strong></span> <span class='ocrx_word' id='word_1_876' title='bbox 2196 5058 2326 5119; x_wconf 73' lang='grc' dir='ltr'>Θεὸς</span> <span class='ocrx_word' id='word_1_877' title='bbox 2356 5055 2451 5118; x_wconf 85' lang='grc' dir='ltr'>ὣν,</span> <span class='ocrx_word' id='word_1_878' title='bbox 2488 5058 2667 5110; x_wconf 79' lang='grc' dir='ltr'>πάντα</span> <span class='ocrx_word' id='word_1_879' title='bbox 2699 5057 2768 5109; x_wconf 67' lang='grc' dir='ltr'>τὰ</span> <span class='ocrx_word' id='word_1_880' title='bbox 2789 5058 2918 5109; x_wconf 76' lang='grc' dir='ltr'>ὄντα</span> <span class='ocrx_word' id='word_1_881' title='bbox 2951 5056 3053 5125; x_wconf 83' lang='grc' dir='ltr'>τῆς</span> <span class='ocrx_word' id='word_1_882' title='bbox 3087 5055 3240 5119; x_wconf 86' lang='grc' dir='ltr'>θείας</span> <span class='ocrx_word' id='word_1_883' title='bbox 3281 5056 3476 5119; x_wconf 83' lang='grc' dir='ltr'>οὐσίας</span> <span class='ocrx_word' id='word_1_884' title='bbox 3513 5056 3721 5123; x_wconf 80' lang='grc' dir='ltr'>πεπλή-</span> 
     </span>
    </p>
   </div>
   <div class='ocr_carea' id='block_1_113' title="bbox 2148 5147 3713 5217">
    <p class='ocr_par' dir='ltr' id='par_1_113' title="bbox 2148 5147 3713 5217">
     <span class='ocr_line' id='line_1_113' title="bbox 2148 5147 3713 5217; baseline -0.002 -18"><span class='ocrx_word' id='word_1_885' title='bbox 2148 5164 2315 5217; x_wconf 86' lang='grc' dir='ltr'>ρωκε,</span> <span class='ocrx_word' id='word_1_886' title='bbox 2346 5150 2440 5199; x_wconf 75' lang='grc' dir='ltr'>καὶ</span> <span class='ocrx_word' id='word_1_887' title='bbox 2470 5150 2529 5201; x_wconf 87' lang='grc' dir='ltr'><strong>ἐν</strong></span> <span class='ocrx_word' id='word_1_888' title='bbox 2559 5149 2692 5200; x_wconf 79' lang='grc' dir='ltr'>πᾶσι</span> <span class='ocrx_word' id='word_1_889' title='bbox 2721 5150 2832 5211; x_wconf 88' lang='grc' dir='ltr'>τοῖς</span> <span class='ocrx_word' id='word_1_890' title='bbox 2860 5147 3011 5201; x_wconf 80' lang='grc' dir='ltr'>οὐσίν</span> <span class='ocrx_word' id='word_1_891' title='bbox 3036 5148 3175 5201; x_wconf 79' lang='grc' dir='ltr'>ἐστι.</span> <span class='ocrx_word' id='word_1_892' title='bbox 3212 5164 3229 5197; x_wconf 81' lang='grc' dir='ltr'><strong>ι</strong></span> <span class='ocrx_word' id='word_1_893' title='bbox 3264 5147 3374 5201; x_wconf 79' lang='grc' dir='ltr'><strong>Καὶ</strong></span> <span class='ocrx_word' id='word_1_894' title='bbox 3402 5147 3548 5213; x_wconf 86' lang='grc' dir='ltr'><strong>μετά</strong></span> <span class='ocrx_word' id='word_1_895' title='bbox 3574 5156 3713 5198; x_wconf 83' lang='grc' dir='ltr'>τινα’</span> 
     </span>
    </p>
   </div>
   <div class='ocr_carea' id='block_1_114' title="bbox 2152 5236 3718 5309">
    <p class='ocr_par' dir='ltr' id='par_1_114' title="bbox 2152 5236 3718 5309">
     <span class='ocr_line' id='line_1_114' title="bbox 2152 5236 3718 5309; baseline -0.002 -19"><span class='ocrx_word' id='word_1_896' title='bbox 2152 5258 2167 5290; x_wconf 84' lang='lat' dir='ltr'><strong>t</strong></span> <span class='ocrx_word' id='word_1_897' title='bbox 2221 5239 2281 5291; x_wconf 84' lang='grc' dir='ltr'><strong>Ἦ</strong></span> <span class='ocrx_word' id='word_1_898' title='bbox 2316 5238 2374 5291; x_wconf 81' lang='grc' dir='ltr'>δὲ</span> <span class='ocrx_word' id='word_1_899' title='bbox 2424 5240 2673 5309; x_wconf 77' lang='grc' dir='ltr'>ἐνέργεια</span> <span class='ocrx_word' id='word_1_900' title='bbox 2706 5241 2875 5308; x_wconf 76' lang='grc' dir='ltr'>χωρὶς</span> <span class='ocrx_word' id='word_1_901' title='bbox 2909 5237 3098 5299; x_wconf 85' lang='grc' dir='ltr'>οὐσίας</span> <span class='ocrx_word' id='word_1_902' title='bbox 3146 5237 3206 5289; x_wconf 85' lang='grc' dir='ltr'><strong>οὐ</strong></span> <span class='ocrx_word' id='word_1_903' title='bbox 3243 5236 3483 5307; x_wconf 79' lang='grc' dir='ltr'>πρόεισι,</span> <span class='ocrx_word' id='word_1_904' title='bbox 3540 5239 3638 5288; x_wconf 74' lang='grc' dir='ltr'>καὶ</span> <span class='ocrx_word' id='word_1_905' title='bbox 3664 5236 3718 5287; x_wconf 76' lang='grc' dir='ltr'><strong>ἐν</strong></span> 
     </span>
    </p>
   </div>
   <div class='ocr_carea' id='block_1_115' title="bbox 2148 5326 3718 5399">
    <p class='ocr_par' dir='ltr' id='par_1_115' title="bbox 2148 5326 3718 5399">
     <span class='ocr_line' id='line_1_115' title="bbox 2148 5326 3718 5399; baseline -0.003 -17"><span class='ocrx_word' id='word_1_906' title='bbox 2148 5333 2312 5383; x_wconf 81' lang='grc' dir='ltr'>πᾶσίν</span> <span class='ocrx_word' id='word_1_907' title='bbox 2358 5334 2523 5384; x_wconf 83' lang='grc' dir='ltr'>ἐστιν.</span> <span class='ocrx_word' id='word_1_908' title='bbox 2568 5331 2631 5382; x_wconf 87' lang='grc' dir='ltr'><strong>Ἦ</strong></span> <span class='ocrx_word' id='word_1_909' title='bbox 2683 5330 2840 5383; x_wconf 87' lang='grc' dir='ltr'>οὐσία</span> <span class='ocrx_word' id='word_1_910' title='bbox 2874 5330 2982 5399; x_wconf 75' lang='grc' dir='ltr'>ἄρα</span> <span class='ocrx_word' id='word_1_911' title='bbox 3013 5332 3069 5381; x_wconf 85' lang='grc' dir='ltr'><strong>ἐν</strong></span> <span class='ocrx_word' id='word_1_912' title='bbox 3123 5330 3288 5381; x_wconf 83' lang='grc' dir='ltr'>πᾶσίν</span> <span class='ocrx_word' id='word_1_913' title='bbox 3319 5331 3438 5381; x_wconf 85' lang='grc' dir='ltr'>ἐστι</span> <span class='ocrx_word' id='word_1_914' title='bbox 3469 5329 3615 5381; x_wconf 82' lang='grc' dir='ltr'>κατὰ</span> <span class='ocrx_word' id='word_1_915' title='bbox 3660 5326 3718 5377; x_wconf 80' lang='grc' dir='ltr'>τὸ</span> 
     </span>
    </p>
   </div>
   <div class='ocr_carea' id='block_1_116' title="bbox 2145 5418 3720 5494">
    <p class='ocr_par' dir='ltr' id='par_1_116' title="bbox 2145 5418 3720 5494">
     <span class='ocr_line' id='line_1_116' title="bbox 2145 5418 3720 5494; baseline -0.004 -19"><span class='ocrx_word' id='word_1_916' title='bbox 2145 5425 2234 5476; x_wconf 73' lang='grc' dir='ltr'><strong>δια</strong></span> <span class='ocrx_word' id='word_1_917' title='bbox 2282 5422 2376 5475; x_wconf 83' lang='grc' dir='ltr'><strong>τοῦ</strong></span> <span class='ocrx_word' id='word_1_918' title='bbox 2411 5423 2689 5494; x_wconf 77' lang='grc' dir='ltr'>προφήτου</span> <span class='ocrx_word' id='word_1_919' title='bbox 2723 5422 3016 5490; x_wconf 79' lang='grc' dir='ltr'>λεγόμενον</span> <span class='ocrx_word' id='word_1_920' title='bbox 3042 5433 3055 5448; x_wconf 86' lang='lat'><strong><em>°</em></strong></span> <span class='ocrx_word' id='word_1_921' title='bbox 3098 5439 3116 5472; x_wconf 80' lang='grc' dir='ltr'><strong>ι</strong></span> <span class='ocrx_word' id='word_1_922' title='bbox 3160 5420 3253 5491; x_wconf 81' lang='grc' dir='ltr'><strong>Μὴ</strong></span> <span class='ocrx_word' id='word_1_923' title='bbox 3280 5419 3515 5490; x_wconf 47' lang='grc' dir='ltr'>οὐχὶδτδν</span> <span class='ocrx_word' id='word_1_924' title='bbox 3560 5418 3720 5491; x_wconf 86' lang='grc' dir='ltr'>ούρα-</span> 
     </span>
    </p>
   </div>
   <div class='ocr_carea' id='block_1_117' title="bbox 2168 5510 3506 5587">
    <p class='ocr_par' dir='ltr' id='par_1_117' title="bbox 2168 5510 3506 5587">
     <span class='ocr_line' id='line_1_117' title="bbox 2168 5510 3506 5587; baseline -0.002 -19"><span class='ocrx_word' id='word_1_925' title='bbox 2168 5518 2251 5568; x_wconf 71' lang='grc' dir='ltr'>νὸν</span> <span class='ocrx_word' id='word_1_926' title='bbox 2283 5518 2377 5570; x_wconf 76' lang='grc' dir='ltr'>καὶ</span> <span class='ocrx_word' id='word_1_927' title='bbox 2405 5518 2501 5583; x_wconf 83' lang='grc' dir='ltr'>τῆν</span> <span class='ocrx_word' id='word_1_928' title='bbox 2538 5520 2640 5587; x_wconf 80' lang='grc' dir='ltr'>γῆν</span> <span class='ocrx_word' id='word_1_929' title='bbox 2667 5514 2777 5585; x_wconf 85' lang='grc' dir='ltr'>ἐγὼ</span> <span class='ocrx_word' id='word_1_930' title='bbox 2809 5513 3001 5585; x_wconf 84' lang='grc' dir='ltr'>πληρῶ</span> <span class='ocrx_word' id='word_1_931' title='bbox 3025 5530 3043 5583; x_wconf 84' lang='grc'><strong>;</strong></span> <span class='ocrx_word' id='word_1_932' title='bbox 3068 5513 3219 5586; x_wconf 80' lang='grc' dir='ltr'>λέγει</span> <span class='ocrx_word' id='word_1_933' title='bbox 3248 5510 3506 5582; x_wconf 75' lang='grc' dir='ltr'>Κύριος.»</span> 
     </span>
    </p>
   </div>
  </div>
