3958 6392
1531 236 1569 278 θ

379 366 482 426 6,7
1403 358 1611 418 JiJANo.
1658 354 1871 417 VECCI.
1917 354 2053 441 Cl‘.‘
2070 354 2577 414 PATl’tlAliCllE

375 484 425 527 et
467 472 814 526 meditatione
858 471 911 525 in
945 485 1129 523 eorum
1179 464 1542 538 gratiam,qui
1591 462 1802 515 discere
1859 475 1956 512 cu-

2076 476 2153 526 ρει
2189 460 2667 529 προπαρασκευήν
2696 474 2753 509 τε
2784 457 2879 510 καὶ
2934 458 3239 526 γυμνασίαν
3296 458 3372 528 τῷ
3433 459 3619 527 βουλο-

380 567 531 632 piunt
556 564 772 616 modum
800 562 993 615 (livinte
1012 555 1425 617 incarnationis,
1446 555 1603 622 cujus
1626 551 1951 621 principium

2076 549 2205 616 ιένῳ
2244 550 2457 619 μαθεῖν,
2492 550 2578 612 τίς
2626 549 2654 599 ὁ
2698 548 2899 616 τρόπος
2950 548 3045 613 τῆς
3086 545 3238 608 θείας
3271 547 3623 617 ὲνανθρωπή-

385 664 467 706 t-st
500 669 512 701 :
553 672 570 703 ι
604 650 914 705 Absurdum
971 650 1133 712 duco,
1165 656 1220 701 ct
1272 653 1414 699 recte
1452 657 1583 697 sane
1615 641 1891 702 existimo,
1925 656 1945 690 ι

2076 659 2214 706 ςεως,
2262 634 2378 711 οὗή
2422 641 2587 710 ἀρχὴ,
2625 659 2643 691 ι
2689 641 2924 692 ’Ἄτοπον
2972 633 3125 708 οἶμαι
3174 638 3271 692 καὶ
3327 639 3508 704 καλῶς
3558 658 3623 709 γε

377 760 540 815 quam
579 742 890 822 longissime
920 755 949 793 a
991 737 1255 807 principio
1294 736 1485 789 scribit
1541 748 1554 785 :
1615 751 1633 783 ι
1687 729 1950 801 Spiritum

2076 734 2210 786 τοῦτο
2235 734 2516 822 νενόμικα,
2549 751 2567 782 ι
2601 733 2740 801 μετὰ
2764 731 2936 784 πολλὰ
2964 732 3108 785 πάνυ
3137 732 3323 801 φησίν·
3354 751 3372 783 ι
3398 733 3622 802 Πνεῦμα

380 851 512 889 vero
553 816 797 888 sanctum
832 833 884 884 in
934 830 1247 883 universum
1284 828 1361 881 sic
1395 825 1748 895 appellatum,
1785 822 1950 874 alium

2076 825 2109 877 ἑὲ
2145 825 2299 892 ἆγιον
2334 816 2456 876 ὅλον
2483 821 2626 876 οὕτω
2648 822 2940 892 λεγόμενον
2974 821 3163 892 ἕτερον
3194 823 3292 891 οὐχ
3341 823 3623 893 εὑρήσεις.

3515 352 3616 412 6538
3716 370 3727 383 ·

381 943 485 981 non
520 923 815 987 inveneris,
843 922 1023 989 etiam
1062 909 1219 973 antea
1254 916 1388 970 dixi.
1428 914 1632 970 Dicitur
1656 921 1708 965 et
1731 918 1954 965 sanctus

379 1019 543 1080 Deus,
585 1030 707 1085 qua:
751 1024 984 1084 utraque
1046 1011 1136 1066 ubi
1201 1009 1491 1078 conjuncta
1544 1004 1792 1059 venerint
1839 1001 1951 1067 illi,

374 1108 467 1178 qui
498 1106 711 1177 proprie
751 1103 986 1174 Spiritus
1033 1108 1256 1156 sanctus
1289 1105 1637 1165 nuncupatur
1689 1093 1952 1178 adaptati-

377 1177 467 1253 tur
505 1217 517 1253 :
552 1194 1013 1268 quemadmodum
1040 1190 1218 1245 Patris
1250 1186 1540 1258 appellatio
1567 1191 1837 1248 causae,ct
1866 1177 1957 1234 Fi-

375 1292 431 1344 lii
461 1290 562 1353 illi,
603 1289 749 1359 quod
777 1285 1090 1340 immediate
1116 1298 1179 1336 ex
1204 1294 1368 1335 causa
1399 1287 1504 1332 est.
1535 1294 1552 1328 ι

452 1382 681 1450 Magnus
715 1379 1012 1449 GregOrius
1043 1374 1354 1443 Theologus
1402 1370 1650 1425 oratione
1680 1365 1955 1422 antirrhe-

377 1478 480 1530 tiea
516 1476 583 1528 de
615 1472 819 1542 Spiritu
847 1477 1059 1530 sancto,
1087 1466 1241 1537 quasi
1264 1464 1366 1519 sibi
1396 1475 1703 1532 opponens,
1736 1459 1911 1529 inquit
1938 1474 1952 1509 :

381 1589 397 1619 ι
432 1567 569 1633 Quid
603 1566 765 1635 igitur
810 1569 917 1626 est,
984 1559 1128 1629 quod
1171 1558 1321 1611 deest
1380 1553 1646 1624 Spiritui,
1684 1566 1753 1606 ne
1781 1549 1956 1605 Filius

2055 912 2283 984 Πνεῦμα
2311 915 2389 977 δὲ,
2416 913 2561 967 καθὰ
2593 913 2806 982 φθάσας
2834 912 2992 981 ἔφην,
3025 912 3242 979 λέγεται
3272 913 3300 964 ὁ
3361 912 3495 976 Θεὸς
3528 917 3627 973 καὶ

2056 1006 2214 1073 ἅγιος
2264 1007 2292 1058 ὁ
2344 1006 2500 1069 Θεός.
2550 1004 2918 1073 Συντιθέμενα
2955 1005 3013 1057 δὲ
3054 1003 3222 1074 ἄμφω
3268 1003 3334 1057 τὰ
3385 1005 3413 1055 ό
3445 1005 3625 1074 όματα

2053 1097 2131 1165 τῷ
2170 1097 2313 1158 ἰδίως
2347 1095 2670 1165 καλουμένῳ
2700 1095 2924 1164 Πνεῦμα
2950 1094 3108 1161 ἅγιον
3139 1093 3396 1162 ἁρμόζει,
3447 1095 3619 1147 καθά-

2055 1204 2161 1256 περ
2196 1189 2229 1255 ὴ
2256 1186 2349 1240 τοῦ
2396 1187 2610 1258 Πατρδς
2654 1186 2941 1257 ἐπίκλησις
2998 1182 3075 1254 τῷ
3125 1183 3303 1254 αἰτίῳ,
3341 1185 3435 1237 καὶ
3465 1187 3496 1255 ή
3529 1186 3626 1238 τοῦ

2055 1278 2186 1331 Υίοῦ
2212 1279 2290 1348 τῷ
2315 1279 2539 1348 ἁμέσως
2569 1279 2630 1329 ἐκ
2656 1277 2748 1329 τοῦ
2783 1274 2979 1330 αἰτίου.
3022 1292 3040 1326 ι

2136 1369 2195 1421 ⁸0
2233 1371 2407 1437 μέγας
2438 1367 2739 1437 Γρηγόριος
2764 1357 3163 1431 ὁθεολόγοςὲν
3212 1363 3290 1433 τῷ
3345 1368 3477 1434 περὶ
3531 1361 3626 1414 τοῦ

2055 1460 2213 1529 ἁγίου
2276 1458 2596 1529 Πνεύματος
2655 1455 3056 1527 Ἀντιρῤητικῷ
3114 1450 3226 1509 οἷον
3270 1456 3629 1526 ἀντιθετικῶε

2055 1552 2224 1620 λέγει’
2262 1570 2281 1604 ι
2316 1551 2384 1604 Τί
2442 1547 2537 1604 οὖν
2571 1549 2598 1603 ὃ
2628 1549 2829 1611 λείπει,
2870 1568 2888 1601 ι
2950 1550 3107 1616 φησὶ,
3152 1567 3170 1598 ι
3207 1546 3282 1617 τῷ
3351 1547 3627 1615 Πνεύματι

376 1658 488 1715 sit?
523 1632 788 1711 nisi‘cnim
811 1652 1013 1722 aliquid
1045 1651 1278 1710 deesset,
1310 1646 1495 1716 utique
1525 1645 1696 1699 Filius
1726 1651 1867 1697 esset
1904 1659 1950 1695 ι»

2076 1643 2279 1713 τρδςτδ
2310 1637 2452 1695 εἶναι
2489 1640 2651 1705 Υίόν;
2684 1641 2734 1692 εί
2776 1640 2850 1709 μὴ
2900 1639 3010 1709 γὰρ
3039 1635 3228 1690 λείπόν
3269 1654 3320 1690 τι
3370 1632 3461 1708 ἦν,
3498 1636 3625 1697 Υἱὸς

378 1750 574 1806 Subdit
614 1750 798 1817 itaque
854 1761 867 1797 :
917 1760 936 1794 ι
972 1739 1117 1795 Nihil
1172 1740 1361 1793 deesse
1415 1736 1652 1790 dicimus
1705 1749 1721 1787 :
1781 1746 1956 1801 neque

2076 1735 2125 1787 iv
2158 1730 2256 1805 ἦν..
2288 1752 2306 1786 t
2348 1732 2630 1801 Ἐπιφὲρει
2686 1731 2743 1784 δέ
2773 1747 2788 1762 ο
2824 1749 2841 1781 ι
2900 1731 2976 1783 Οὐ
3038 1729 3247 1781 λείπειν
3296 1729 3478 1797 φαμέν
3507 1742 3523 1758 ·
3566 1729 3624 1779 οὐ

376 1846 522 1895 enim
561 1816 721 1893 Deus
746 1832 1041 1903 aliquando
1075 1828 1344 1884 deﬁcitur.
1368 1824 1755 1879 Verumtamen
1792 1834 1956 1890 appa-

2076 1827 2166 1896 [ὰρ
2196 1824 2450 1894 ὲλλειπὴς
2484 1825 2512 1875 ὁ
2540 1822 2695 1883 Θεός.
2729 1822 2802 1874 Τὸ
2828 1820 2885 1873 δὲ
2917 1821 3022 1890 τῆς
3045 1819 3387 1887 ὲκφάνσεως,
3421 1816 3488 1869 ἶν’
3538 1817 3629 1868 οὓ-

376 1934 611 1997 ritioitis,
639 1945 734 1987 seu
766 1921 1140 1984 revelationis,
1179 1928 1238 1973 ut
1264 1918 1338 1972 ita
1375 1916 1580 1977 dicam,
1616 1922 1711 1967 aut
1751 1923 1953 1965 mutua:

2076 1933 2162 1979 :w;
2190 1916 2352 1979 εἴπω,
2388 1915 2542 1985 ἦτῆς
2595 1914 2734 1982 πρὸς
2788 1911 2993 1980 ἄλληλα
3052 1910 3291 1979 σχέσεως
3340 1907 3626 1979 διάφορον,

378 2021 719 2079 habitudinis
749 2014 1068 2076 diversitas,
1104 2009 1376 2062 diversam
1406 2019 1625 2075 quoque
1641 2017 1832 2057 eorum
1865 2016 1957 2071 ap-

2076 2007 2306 2078 ἰιάφορον
2335 2007 2428 2059 καὶ
2449 2007 2547 2076 τὴν
2570 2005 2763 2074 κλῆσιν
2789 2002 2968 2055 αὐτῶν
2996 2001 3316 2072 πεποίηκεν.
3356 2019 3377 2051 ι
3408 2045 3417 2053 .

282 2178 289 2195 ⁸
377 2113 723 2183 pellationem
747 2108 900 2162 facit.
949 2125 968 2158 ι

2139 2191 2198 2245 ⁸0
2258 2190 2412 2258 ἅγιος
2473 2187 2741 2258 Κύριλλος
2797 2187 2857 2239 ὲν
2909 2188 2975 2255 τῇ
3023 2183 3291 2252 ἑρμηνείᾳ
3347 2177 3441 2232 τοῦ
3490 2180 3633 2233 κατὰ

2071 2281 2325 2351 Ἰωάννην
2350 2281 2430 2342 είς
2458 2278 2520 2332 τὸ
2547 2279 2711 2350 ῥητὸν
2745 2293 2764 2327 ι
2799 2270 2968 2334 Οὗτος
2999 2268 3069 2344 ἦν
3097 2276 3154 2325 ὲν
3187 2271 3330 2341 ἀρχῇ
3373 2268 3510 2338 πρὸς
3539 2269 3632 2319 τὸν

454 2204 688 2259 Sanctus
719 2198 953 2270 Cyrillus
1006 2194 1342 2266 expositione
1374 2191 1427 2245 in
1463 2189 1752 2255 Joannem,
1790 2186 1843 2241 in
1896 2183 1961 2238 il;

380 2298 495 2361 lud,
526 2314 543 2347 ι
577 2294 675 2349 Hie
720 2300 838 2347 erat
870 2290 921 2343 in
946 2288 1213 2360 principio
1247 2284 1386 2355 apud
1431 2284 1597 2337 Deum
1630 2281 1702 2345 ",
1746 2297 1765 2331 ι
1798 2277 1955 2332 dicit:

389 2386 650 2455 «Quando
680 2383 863 2439 divina
931 2380 1218 2449 Scriptura
1279 2374 1596 2431 nominibus
1654 2369 1956 2427 secundum

2076 2376 2214 2441 θεὸν,
2257 2395 2276 2428 ι
2308 2376 2497 2446 φησίνο
2537 2392 2556 2425 ι
2598 2374 2731 2427 Ὅτε
2758 2371 2829 2425 τὰ
2862 2370 3105 2439 ὀνόματα
3177 2364 3633 2436 προταττομένων

382 2482 586 2538 Greca:
622 2479 819 2546 lingua:
857 2489 1015 2528 usum
1046 2469 1310 2524 articulos
1365 2463 1655 2537 praeponit,
1721 2473 1849 2514 tunc
1906 2467 1963 2513 et

2076 2469 2169 2522 τῶν
2189 2467 2407 2540 ἄρθρων
2437 2468 2472 2537 ἡ
2502 2466 2624 2520 θεία
2650 2464 2835 2533 τίθησι
2858 2461 3078 2533 Γραφὴ,
3102 2457 3221 2511 τότε
3255 2459 3348 2510 καὶ
3376 2456 3434 2509 ἒν
3461 2473 3514 2508 τι
3539 2472 3635 2526 σηο

387 2590 577 2637 unum,
606 2580 653 2626 et
687 2571 831 2641 quod
865 2566 1041 2622 solum
1075 2563 1310 2634 proprie,
1358 2569 1520 2630 atque
1544 2571 1668 2611 vere
1693 2556 1799 2609 tale
1830 2551 1963 2623 quid

2076 2561 2273 2631 μαίνει,
2300 2559 2327 2611 ὃ
2367 2559 2529 2628 μόνον
2569 2556 2693 2610 ἔστί
2738 2555 2948 2625 κυρίως
2979 2554 3077 2607 καὶ
3125 2551 3423 2623 ἀληθινῶς,
3447 2552 3632 2604 ὁποῖον

384 2661 901 2733 dicitursiguiﬁcat,
922 2658 1083 2729 quale
1111 2656 1241 2709 illud
1260 2663 1381 2720 est;
1415 2650 1571 2706 multi
1606 2649 1752 2702 enim
1788 2644 1963 2701 vocati

2076 2648 2213 2706 εἶναι
2252 2652 2494 2721 λέγεται.
2556 2648 2751 2702 Πολλοὶ
2803 2647 2913 2716 γὰρ
2967 2643 3264 2697 καλοῦνται
3321 2642 3458 2708 θεοὶ,
3517 2641 3635 2694 ἀλλ’

381 2770 509 2812 sunt
540 2757 636 2821 dii,
668 2763 1042 2808 verumtamen
1085 2749 1214 2803 dum
1262 2747 1389 2800 eum
1439 2743 1673 2796 articulo
1702 2740 1842 2793 Deus
1867 2751 1964 2790 ex-

2076 2746 2192 2798 5ταν
2230 2746 2372 2813 μετὰ
2392 2740 2486 2794 τοῦ
2525 2740 2729 2810 ἄρθρου
2761 2738 2990 2807 λέγηται
3043 2738 3072 2789 ὁ
3123 2734 3276 2797 Θεὸς,
3325 2733 3417 2785 τὸν
3476 2734 3637 2802 μόνον

383 2848 657 2921 primitur,
690 2856 802 2897 tum
839 2843 989 2896 solus
1044 2849 1097 2892 et
1150 2824 1366 2908 proprie
1437 2834 1579 2888 Deus
1626 2831 1966 2899 designatur.
2063 2835 2192 2887 εντα
2219 2835 2312 2887 καὶ
2345 2833 2549 2904 κυρίως
2574 2830 2853 2900 σημαίνει,
2887 2828 3001 2881 Καὶ
3027 2827 3189 2881 πάλιν
3210 2824 3488 2894 ἄνθρωποι
3510 2824 3637 2875 πολ.

388 2944 718 3007 Rursusque
772 2937 1023 2991 homines
1055 2932 1224 2999 multi
1258 2938 1405 2994 sunt,
1436 2928 1530 2982 sed
1559 2927 1685 2980 dum
1728 2938 1851 2977 cum
1877 2937 1964 2975 ar-

2076 2926 2167 2990 λοὶ,
2194 2924 2305 2976 ἀλλ’
2330 2924 2418 2976 ὅτε
2453 2922 2589 2992 μετὰ
2609 2921 2701 2973 τοῦ
2724 2919 2927 2989 ἄρθρου
2958 2918 3124 2987 φησὶν
3154 2919 3179 2968 ὁ
3203 2914 3416 2984 Σωτὴρ,
3450 2916 3477 2964 ὀ
3511 2914 3639 2975 Tit;

389 3034 557 3087 tculo
584 3030 837 3084 SaIVator
872 3025 1027 3081 ell‘ert
1070 3023 1264 3077 Filium
1300 3019 1558 3079 hominis,
1590 3032 1649 3070 se
1676 3015 1853 3069 solum
1898 3013 1964 3065 ab

2076 3017 2160 3069 τοῦ
2207 3014 2519 3087 ἀνθρώπου,
2575 3012 2650 3074 ὡς
2705 3010 3156 3079 ὲκλελοχισμένον
3203 3008 3310 3061 ἀπο
3363 3006 3641 3076 μυριάδων

393 3124 605 3178 inﬁnita
674 3119 956 3175 bomimun
1017 3112 1370 3170 multitudine
1420 3109 1776 3164 discriminat.
1842 3105 1964 3159 Pari

2076 3104 2262 3158 ἑαυτὸν
2312 3103 2735 3172 κατασημαίνει.
2796 3098 2954 3152 Οὕτω
3007 3099 3105 3152 καὶ
3151 3099 3179 3149 ὁ
3228 3096 3641 3163 Εὑαγγελιστὴς

388 3211 552 3264 modo
601 3218 654 3263 et
698 3204 1034 3273 evangelista
1063 3213 1386 3272 praeponens
1435 3199 1724 3252 articulum
1772 3195 1964 3258 inillo,

2076 3192 2345 3264 προτάξας
2366 3194 2425 3244 τὸ
2454 3192 2653 3260 ἄρθρον
2681 3191 2760 3252 εἰς
2790 3189 2870 3253 τὺ,
2899 3206 2919 3237 ι
2948 3187 3037 3240 Ἐν
3073 3189 3214 3259 ἀρχῇ
3247 3182 3314 3257 ἦν
3343 3188 3371 3237 ὁ
3399 3187 3593 3254 Λόγος.
3615 3205 3634 3235 ι

392 3321 410 3350 ι
453 3301 507 3353 ln
547 3298 810 3369 principio
869 3306 988 3349 erat
1038 3291 1275 3346 Verbum
1311 3289 1381 3351 ⁵⁷,
1421 3306 1439 3338 ι
1495 3301 1687 3350 unum,
1733 3297 1788 3340 et
1819 3285 1964 3355 quod

2076 3289 2156 3341 τὸν
2194 3288 2293 3340 ἓνα
2339 3290 2435 3341 καὶ
2485 3284 2691 3354 κυρίως
2746 3282 2877 3336 ὄντα
2907 3281 3001 3336 τοῦ
3054 3280 3268 3352 Πατρδς
3306 3280 3484 3347 Λόγον
3546 3296 3641 3347 ση-

390 3394 609 3463 proprie
648 3392 884 3444 Verbum
925 3395 1009 3440 est
1042 3383 1244 3450 Patris,
1270 3383 1605 3436 connotavit.
1636 3397 1656 3429 ι

463 3482 607 3537 idem
665 3480 731 3533 ad
764 3476 1045 3532 llermiam
1093 3475 1232 3527 libro
1267 3471 1464 3540 dialogi
1517 3469 1747 3539 septimo
1777 3466 1907 3520 dicit
1948 3482 1961 3520 :

395 3591 412 3622 ι
449 3574 556 3626 Cur
608 3586 712 3623 non
746 3550 991 3643 patinis
1042 3572 1294 3617 naturam
1352 3570 1410 3614 et
1456 3558 1864 3629 generationem
1908 3556 1963 3608 in

394 3665 784 3737 perfectionem
841 3662 915 3714 illi
975 3659 1213 3713 ttiaxime
1277 3670 1572 3726 congruam
1624 3653 1708 3707 vix
1746 3654 1963 3707 tandem

389 3761 593 3816 dictam
658 3771 783 3812 esse
820 3755 1077 3818 dicimus,
1106 3765 1229 3806 cum
1273 3764 1365 3816 per
1399 3746 1664 3818 Spiritum
1695 3745 1879 3799 divina
1911 3745 1963 3797 in

399 3850 689 3918 semetipsa
722 3846 895 3916 ciiigie
932 3844 1104 3897 ditata
1144 3841 1265 3897 est?
1295 3840 1359 3893 Et
1399 3841 1502 3894 hoc
1530 3838 1744 3908 quidem
1773 3837 1969 3891 obscu-

403 3960 523 3996 rum
553 3958 657 3994 non
691 3947 793 4005 est,
823 3939 867 3990 si
904 3946 1113 3989 naturae
1143 3934 1379 4001 lapsum,
1433 3938 1487 3985 et
1522 3928 1965 3984 reformationem

392 4036 447 4087 in
483 4035 684 4088 bonum
749 4043 936 4083 secum
999 4041 1105 4080 una
1140 4025 1408 4095 quispiam
1450 4021 1786 4091 expenderit.
1830 4018 1965 4076 Nam

393 4142 519 4178 cum
558 4121 765 4178 animal
799 4130 944 4175 esset
974 4131 1307 4188 propensum
1328 4116 1395 4170 ad
1424 4114 1678 4169 delictum
1704 4121 1759 4167 et
1778 4126 1970 4183 pecca-

396 4227 534 4279 tum,
588 4215 731 4283 quod
797 4223 912 4265 tum
975 4207 1309 4263 adscititium
1348 4215 1488 4269 erat,
1527 4214 1582 4259 et
1639 4218 1751 4275 prae
1801 4204 1970 4257 nimio

394 4325 586 4364 amore
623 4307 810 4362 carnis
838 4306 1121 4376 langueret
1154 4303 1384 4373 spiritus
1421 4300 1489 4354 ad
1511 4300 1750 4355 divinam
1782 4299 1972 4368 imagi-

391 4419 514 4456 nem
548 4401 681 4453 illud
717 4396 1140 4459 trausl'ormans,
1169 4404 1222 4448 et
1261 4395 1419 4463 quasi
1453 4391 1798 4461 signaculum
1822 4389 1968 4445 inef-

392 4492 628 4546 fabiliter
660 4491 854 4543 ittdetts
883 4496 1163 4557 separatus
1194 4492 1300 4550 est,
1331 4493 1386 4538 et
1419 4486 1500 4537 sic
1521 4482 1878 4551 corruptibile
1907 4497 1971 4536 ac
2003 4522 2045 4576 υ

394 4596 575 4652 turpe,
618 4590 672 4635 et
704 4580 836 4634 nihil
887 4595 993 4633 non
1023 4577 1319 4633 absurdum
1378 4590 1564 4630 secum
1618 4576 1841 4629 trahens
1875 4588 1970 4643 ap-

392 4674 592 4743 paruit.
626 4670 804 4723 Atubi
836 4670 1215 4724 universarum
1257 4666 1543 4729 Conditor,
1593 4664 1646 4718 id
1693 4664 1840 4733 quod
1913 4665 1964 4717 in

392 4762 804 4832 corruptionem
837 4761 1047 4830 iapsum
1082 4759 1282 4824 fuerat,
1329 4756 1569 4825 ignobile
1597 4771 1662 4810 ac
1692 4763 1851 4824 turpe
1888 4756 1964 4807 la-

395 4867 545 4914 ctum
579 4860 803 4924 propter
840 4861 1146 4930 peccatum:
1186 4864 1311 4903 eum
1335 4848 1410 4901 illi
1454 4846 1674 4925 insitam
1707 4846 1874 4899 voluit
1901 4847 1965 4898 ad

398 4951 713 5019 primaevam
740 4945 1054 5000 ﬁrmitatem
1080 4959 1147 4998 ac
1175 4944 1430 4997 decorem
1456 4942 1735 5003 reducere,
1766 4940 1968 5008 p--rmi—

396 5044 467 5095 sit
493 5042 689 5094 iterum
717 5039 964 5092 divinum
994 5045 1046 5090 et
1071 5020 1324 5089 sanctum
1353 5031 1620 5102 Spiritum
1648 5032 1903 5086 advenire
1920 5043 1974 5086 et

396 5135 536 5188 bene
566 5130 873 5187 reformare
916 5129 1208 5197 imaginem
1234 5127 1658 5196 pulcherrimam
1718 5136 1975 5193 tanquam

399 5232 612 5289 aptum,
654 5232 711 5276 et
734 5228 1144 5292 praepotentem,
1204 5227 1264 5271 ut
1295 5218 1361 5271 ad
1393 5231 1549 5272 suam
1582 5215 1808 5283 eiligiem
1875 5230 1974 5269 nos

395 5327 629 5386 aptaret.
655 5318 841 5385 Itaque
881 5312 1177 5368 contineret
1221 5320 1552 5376 creaturam,
1601 5320 1657 5363 et
1702 5308 1769 5361 ad
1814 5321 1970 5361 suam

397 5408 775 5463 habitudinem
822 5419 1043 5466 ornare,
1106 5400 1611 5473 trausllgurareque
1663 5396 1971 5453 animated

397 5497 812 5554 similitudinem
878 5496 993 5561 Dei,
1046 5495 1342 5550 Conditore
1379 5493 1643 5557 indigum,
1695 5500 1748 5542 et
1803 5487 1977 5557 perfe-

397 5593 639 5645 cttSsinta
672 5588 801 5642 dare
837 5586 1067 5657 singulis
1101 5585 1368 5639 creaturis
1407 5582 1463 5639 in
1525 5581 1754 5637 aitctaut
1814 5587 1974 5630 natu-

473 5747 519 5780 "
547 5748 703 5804 Juun.
734 5764 773 5814 t,
805 5749 859 5802 2.
934 5750 975 5782 ⁸⁷
1008 5747 1136 5801 ibid.
1181 5746 1229 5800 ι.

2069 3381 2270 3453 μαίνει.
2311 3399 2330 3433 ι

2150 3475 2208 3526 'U
2238 3473 2400 3536 αὐτὸς
2437 3471 2575 3541 πρὸς
2607 3469 2697 3521 τὸν
2744 3466 3008 3539 Ἑρμείαν
3055 3464 3114 3516 ὲν
3141 3462 3220 3533 τῷ
3257 3459 3302 3520 ζ’
3329 3460 3426 3515 τοῦ
3458 3462 3642 3515 διαλί-

2068 3580 2188 3630 γου·
2233 3580 2253 3613 ι
2287 3561 2353 3614 Τί
2383 3561 2440 3613 δὲ
2472 3559 2568 3627 τὴν
2603 3556 2893 3627 ἀνθρώπου
2935 3553 3098 3622 φύσιν
3129 3569 3190 3604 τε
3245 3552 3340 3605 καὶ
3384 3550 3643 3617 γέννησιν

2068 3657 2171 3708 οὐκ
2198 3656 2279 3718 εἰς
2308 3653 2624 3722 τελειότητα
2652 3651 2773 3702 τότε
2796 3648 2861 3707 δὴ
2920 3649 3075 3717 μόλις
3104 3646 3201 3715 τὴν
3231 3645 3368 3713 αὐτῇ
3419 3661 3642 3709 πρεπω-

2067 3744 2328 3817 δεστάτην
2367 3743 2610 3813 ἀνῆχθαι
2647 3757 2825 3811 φαμεν
2851 3782 2866 3805 ,
2898 3738 3062 3808 ἡνίκα
3112 3736 3202 3789 διὰ
3239 3736 3332 3787 τοῦ
3384 3734 3644 3803 Πνεύμα-

2068 3856 2157 3901 τος
2188 3839 2278 3891 τὸν
2309 3837 2452 3890 θεῖον
2482 3836 2567 3903 ἐφ’
2599 3835 2769 3903 ἑαυτῇ
2807 3829 3185 3898 πεπλούτηκεν
3230 3826 3644 3896 ὲξεικονισμόν;

2071 3932 2180 3983 Καὶ
2212 3929 2319 3999 μὴν
2345 3926 2505 3980 τοῦτό
2532 3924 2595 3990 γέ
2617 3927 2764 3977 ἐστιν
2793 3923 2893 3974 οὐκ
2927 3919 3275 3989 ἁσυμφανὲς,
3334 3918 3385 3969 εί
3432 3919 3524 3970 τόν
3582 3934 3646 3983 γε

2069 4023 2167 4088 τῆς
2202 4021 2412 4089 φύσεως
2440 4015 2654 4069 ὄλισθον
2689 4013 2783 4067 καὶ
2816 4013 2905 4065 τὸν
2936 4013 3017 4074 εἰς
3047 4012 3118 4063 τὸ
3165 4005 3307 4062 εἷναι
3363 4008 3646 4077 μεταπλα-

2072 4112 2208 4181 σμὺν
2252 4106 2590 4177 διενθυμοῖτό
2635 4121 2738 4168 τις.
2797 4100 3211 4169 Διανενευκότος
3244 4101 3353 4168 γὰρ
3385 4098 3479 4150 τοῦ
3503 4099 3645 4175 ςὼου

2073 4208 2208 4275 πρὸς
2242 4208 2302 4259 τὸ
2332 4200 2682 4274 πλημμελὲς,
2718 4201 2814 4251 καὶ
2853 4197 2952 4268 τὴν
2986 4194 3301 4262 εἰσποίητον
3362 4192 3645 4263 ἁμαρτίαν

2072 4302 2138 4353 ὲκ
2167 4298 2266 4368 τῆς
2325 4298 2406 4358 εἰς
2469 4293 2617 4347 ἅπαν
2655 4288 3020 4360 φιλοσαρκίας
3072 4285 3520 4356 ὴρῤωστηκότος,
3584 4284 3648 4334 τὸ

2075 4389 2212 4457 πρὸς
2255 4387 2404 4441 θείαν
2439 4385 2624 4437 εἰκόνα
2673 4377 3011 4450 διαμορφοῦν
3062 4377 3248 4440 αὑτὸν,
3281 4374 3373 4427 καὶ
3433 4374 3649 4443 σημάν-

2073 4496 2206 4550 τρου
2230 4479 2385 4548 δίκην
2417 4477 2743 4545 ἀπορρήτως
2790 4469 3189 4538 ὲντεθειμίνον,
3247 4463 3647 4531 ἁπενοσφίζετο

2077 4571 2293 4641 πνεῦμα
2325 4568 2567 4639 φθαρτόν
2598 4581 2656 4617 τε
2691 4562 2834 4615 οὕτω
2878 4562 2973 4613 καὶ
3006 4556 3265 4619 ἀκαλλὲς·
3313 4555 3409 4608 καὶ
3453 4554 3507 4606 τί
3537 4556 3651 4621 γὰρ

2078 4663 2201 4731 οὐχὶ
2233 4660 2339 4713 τῶν
2369 4659 2619 4711 ἐκτόπων
2648 4653 2968 4722 συνειληχὸς
2996 4648 3395 4713 ἀναπέφανται.
3422 4646 3651 4715 Ἐπειδὴ

2074 4755 2130 4806 δὲ
2154 4755 2181 4805 ὁ
2215 4752 2325 4805 τῶν
2360 4749 2495 4802 ὅλων
2526 4744 2913 4814 Γενεσιουργδς
2942 4737 3298 4808 ἀνακομίζειν
3344 4735 3535 4807 ἤθελεν
3570 4740 3652 4798 εἰς

2077 4844 2401 4915 ἑδραιότητα
2457 4849 2515 4892 τε
2572 4839 2667 4890 καὶ
2730 4834 3033 4904 εὐκοσμίαν
3075 4832 3176 4902 τὴν
3225 4833 3284 4884 ὲν
3343 4830 3543 4899 ἀρχαῖς
3589 4833 3652 4879 τὶ

2074 4933 2421 5003 διολισοῆσαν
2472 4933 2550 4992 εἰς
2584 4928 2791 4999 φθορὰν
2834 4923 3169 4994 παράσημόν
3227 4938 3291 4974 τε
3351 4923 3446 4973 καὶ
3483 4921 3652 4971 ἀκαλ-

2075 5028 2165 5087 λὲς
2201 5027 2287 5077 διὰ
2318 5027 2416 5091 τὴν
2450 5021 2765 5091 εἰσποίητον
2823 5017 3045 5087 γεγονὸς
3093 5014 3397 5085 ἁμαρτίαν,
3452 5012 3649 5078 ἐνῆκεν

2073 5119 2226 5181 αὖθις
2283 5114 2429 5186 αὐτῷ
2478 5115 2537 5166 τὸ
2595 5109 2968 5181 ἀποφοιτῆσάν
3026 5122 3157 5159 ποτε
3220 5103 3368 5156 θεῖόν
3434 5118 3496 5154 τε
3555 5101 3649 5153 καὶ

2081 5208 2236 5275 ἄτιον
2265 5204 2513 5272 Πνεῦμα,
2552 5197 2883 5272 μεταποιοῦν
2912 5192 2971 5248 εὖ
3008 5194 3153 5264 μάλα
3183 5192 3318 5262 πρὸς
3350 5192 3451 5257 τὴν
3477 5189 3647 5258 ὑπερ-

2075 5301 2304 5368 κόσμιεν
2330 5297 2516 5349 εἰκόνα
2541 5295 2635 5347 καὶ
2670 5288 2915 5359 πεφυκὸς
2964 5288 3061 5339 καί⁹
3113 5286 3437 5353 δυνάμενον,
3466 5279 3558 5332 διὰ
3592 5279 3665 5330 το

2076 5392 2215 5462 προς
2273 5389 2413 5441 ἰδίαν
2465 5386 2612 5457 ἡμᾶς
2668 5377 3140 5452 μεταρῤυθμίζειν
3193 5375 3522 5444 ἐμφέρειαν.
3578 5370 3650 5421 Τὸ

2077 5484 2262 5536 τοίνυν
2290 5479 2513 5548 συνέχον
2549 5475 2715 5538 είς·τὸ
2754 5469 2813 5525 εὖ
2851 5468 2991 5523 εἶναι
3024 5468 3085 5521 τὸ
3123 5465 3352 5532 ποιηθὲν
3407 5463 3503 5515 καὶ
3551 5478 3651 5513 κα-

2079 5570 2435 5627 τακαλλύνειν
2475 5567 2609 5626 eicio;
2650 5567 2832 5631 σχέσει
2867 5562 2935 5630 τῇ
2968 5557 3107 5626 πρὸς
3169 5555 3322 5618 αὐτὸ,
3380 5552 3473 5604 καὶ
3531 5551 3648 5601 δια·
3738 5552 3757 5565 ‘
