3958 6398
319 376 425 436 705

1718 368 2000 428 ΕΡιῡιιΑ
2014 367 2205 428 ΡΗ.Ε;

3466 365 3571 426 706

322 484 657 539 πιστεύεται.
700 503 719 535 ι
761 485 870 536 Καὶ
934 484 1051 553 μετ’
1100 482 1256 550 ὀλίγα
1282 496 1295 512 ⁸
1362 498 1382 531 ι
1426 479 1501 533 Οὐ
1534 478 1704 545 ξένος,
1755 479 1870 533 ἀλλέ

1993 481 2252 535 creditur.
2285 497 2304 532 ι
2338 478 2403 533 Et
2423 487 2543 549 post
2563 489 2765 546 pauca:
2793 475 2940 531 «Nun
2963 478 3308 540 anenus,sed
3329 491 3565 548 patertue

319 579 417 648 τῆς
439 576 533 629 τοῦ
559 578 770 647 Πατρὸς
795 576 983 637 οὐσίας
1012 577 1161 629 ἐστὶν
1190 575 1341 637 ἴδιος.
1371 591 1392 627 ι
1427 572 1537 627 Καὶ
1562 574 1680 643 μετ’
1708 573 1883 641 ὀλίγα·

324 690 344 723 ι
398 668 648 738 Ὀρῶμεν
683 669 791 738 γὰρ
823 670 915 721 τὸν
964 668 1139 736 Λόγον
1175 667 1261 719 ἀεὶ
1306 666 1447 718 ὄντα
1482 666 1577 717 καὶ
1628 664 1687 729 ἐξ
1724 665 1888 718 αὐτοῦ

315 759 443 814 ὄντα
474 761 568 813 καὶ
622 761 723 828 τῆς
753 759 943 821 οὐσίας
970 759 1122 823 ἴδιον,
1159 751 1222 809 οὗ
1256 757 1351 809 καὶ
1377 756 1529 808 ἔστιν
1559 759 1586 808 ὀ
1622 757 1819 823 Λόγος.
1863 775 1880 807 ι

314 852 424 905 Καὶ
464 851 584 920 μετ’
609 849 769 918 ὀλίγα
798 865 811 878 ·
834 897 838 901 .
862 868 889 901 ι
929 846 1141 919 Ὥσπερ
1178 850 1206 901 6
1232 848 1499 918 ἡμέτερος
1532 846 1688 915 λόγος
1740 847 1889 899 ἐστὶν

316 941 376 1005 ἐξ
406 940 593 1002 αὐτοῦ,
630 941 724 993 καὶ
767 941 868 993 οὐκ
902 939 1018 992 ἐστι
1053 941 1282 1008 ποίημα,
1313 939 1435 991 οὐδὲ
1471 937 1549 1000 ὡς
1578 940 1606 991 ὀ
1652 937 1761 990 τῶν
1790 940 1889 992 ἀνι

313 1031 555 1100 Θρώπων
603 1030 785 1099 λόγος.
832 1050 851 1083 ι
906 1032 1014 1082 Καὶ
1067 1031 1184 1098 μετ’
1212 1029 1400 1094 ὀλίγα·
1441 1049 1459 1080 ι
1508 1029 1567 1082 Ὀ
1615 1029 1889 1083 πιστεύων

310 1124 388 1184 el;
422 1123 513 1175 τὸν
546 1123 697 1186 Υίὸν,
726 1123 806 1184 εις
864 1122 955 1175 τὸν
989 1122 1209 1191 Πατέρα
1241 1120 1508 1176 πιστεύει.
1557 1121 1653 1195 Εἰς
1678 1124 1788 1191 γὰρ
1827 1123 1888 1174 τδ

314 1216 447 1266 ίδιον
474 1214 575 1283 τῆς
614 1213 709 1267 τοῦ
741 1214 953 1281 Πατρός
1003 1213 1192 1275 οὐσίας
1243 1212 1516 1266 πιστεύει.
1568 1232 1585 1264 ι
1621 1213 1730 1266 Καὶ
1767 1212 1887 1282 μετ’

310 1294 504 1372 ὀλίγα·
546 1306 672 1357 (El
721 1304 829 1375 γὰρ
877 1306 951 1375 μὴ
1003 1301 1071 1375 ἦν
1124 1305 1252 1357 [διον
1283 1303 1381 1357 τοῦ
1433 1305 1647 1374 Πατρδς
1700 1305 1889 1366 οὐσίας

310 1394 557 1463 γέννημα
579 1397 604 1447 ὀ
632 1396 826 1461 Λόγος,
846 1394 921 1458 ὡς
948 1395 1008 1446 τὸ
1035 1393 1382 1463 ἀπαύγασμα
1410 1393 1504 1447 τοῦ
1527 1395 1722 1464 φωτδς,
1752 1393 1889 1445 ἀλλὰ

306 1485 606 1555 διειστήκει
630 1488 694 1555 τῇ
750 1485 965 1554 φύσειὸ
996 1486 1126 1549 Υἱὸς
1161 1486 1253 1538 τοῦ
1311 1487 1543 1558 Πατρὸς,
1578 1484 1739 1557 ἤρκει
1793 1487 1885 1539 τὸν

310 1574 527 1644 Πατέρα
555 1573 738 1627 δοῦναι
777 1575 957 1643 μόνον.
1001 1594 1020 1626 ι

388 1667 448 1717 Ὀ
489 1666 663 1735 μέγας
704 1665 981 1729 Βασὲλειος
1056 1668 1114 1718 ἐν
1164 1669 1229 1735 τῇ
1286 1666 1423 1735 πρὸς
1454 1665 1554 1727 τὰς
1596 1665 1887 1730 κανονικὰς

1996 574 2252 628 essentia:
2272 580 2353 626 cst
2371 573 2648 642 preprius.
2679 589 2696 621 ι
2718 570 2782 622 Ει
2802 572 2983 638 paucis
2998 569 3259 625 annexis:
3282 591 3299 619 ι
3318 570 3569 624 Videmus

1989 664 2136 716 enim
2162 661 2393 716 Verbum
2424 676 2638 729 semper
2665 662 2953 726 eas'stens,
2973 670 3023 715 et
3055 676 3119 715 ex
3148 662 3335 714 todem
3361 672 3413 715 et
3443 677 3569 731 pro-

1993 754 2169 822 prium
2200 753 2469 815 essentia,
2500 752 2657 819 cujus
2692 749 3040 806 Venbutnest.
3070 777 3088 804 ι
3127 753 3188 806 lit
3219 763 3335 821 post
3357 768 3565 821 pauca:

1995 861 2013 893 ι
2055 841 2521 907 Quemadmodum
2540 850 2726 895 noster
2749 857 2930 895 sermo
2955 843 3207 910 proprius
3223 850 3306 897 est
3329 858 3392 895 ex
3423 844 3565 912 ipso,

1989 945 2043 987 et
2089 949 2193 987 ncn
2230 941 2311 987 est
2350 942 2623 996 creatura,
2667 948 2845 1002 neque
2902 932 3359 1000 quemadmodum
3390 934 3566 985 homi-

1992 1042 2120 1079 num
2177 1041 2381 1081 sermo.
2422 1043 2441 1076 ι
2488 1024 2554 1079 Et
2589 1025 2778 1093 paucis
2812 1023 3008 1079 additis
3045 1040 3059 1076 :
3100 1042 3117 1075 ι
3156 1024 3256 1089 Qui
3294 1025 3463 1078 credit
3511 1025 3564 1077 in

1989 1114 2213 1193 Filium,
2251 1115 2303 1167 in
2339 1115 2551 1168 Patrem
2588 1113 2781 1176 credit,
2810 1113 2864 1165 in
2898 1113 3045 1165 illum
3080 1114 3354 1181 euitn,qui
3383 1124 3565 1167 essen-

1991 1210 2076 1259 ιῑιε
2102 1216 2339 1275 paternae
2375 1206 2627 1275 proprius
2663 1213 2745 1256 est
2775 1204 2965 1256 credit.
3007 1222 3026 1254 ι
3065 1202 3129 1256 Ει
3153 1206 3343 1272 paucis
3402 1206 3559 1258 inter-

1985 1297 2147 1363 jectis
2183 1316 2197 1353 :
2242 1316 2260 1348 ι
2296 1298 2409 1351 Nisi
2441 1299 2587 1351 enitn
2626 1304 2774 1349 esset
2800 1296 3080 1363 proprium
3116 1309 3353 1362 paternae
3385 1312 3564 1350 esseu-

1992 1394 2078 1445 tia:
2101 1391 2244 1445 fetus
2276 1388 2538 1451 Verbum,
2581 1398 2640 1441 ut
2683 1387 2964 1440 irradiatio
2997 1386 3239 1451 luminis,
3268 1387 3358 1440 sed
3378 1399 3563 1441 natura

1989 1482 2230 1537 dilierret
2253 1480 2424 1537 Filius
2456 1496 2484 1535 a
2519 1481 2702 1544 Patre,
2737 1481 2870 1534 satis
2907 1488 3052 1533 esset
3087 1477 3298 1532 Patrem
3332 1488 3565 1533 tantum-

1990 1576 2110 1627 detn
2145 1574 2469 1628 concedere.
2496 1590 2514 1622 ι

2048 1663 2275 1731 Magnus
2320 1662 2555 1716 Basilius
2598 1661 2831 1730 epistola
2882 1660 2947 1713 ad
2988 1661 3300 1724 canonicas,
3333 1676 3454 1730 qua:
3484 1660 3563 1713 iu-

320 1756 630 1826 Ἐπιστολῇ,
653 1751 719 1826 ἧς
762 1758 977 1826 ἡάρχὴ,
1019 1776 1037 1808 ι
1076 1759 1239 1811 Ὅσον
1261 1759 1481 1826 ἠνίασεν
1513 1759 1660 1826 ἡμᾶς
1696 1759 1870 1827 πρότε·

1989 1758 2120 1825 eipit
2159 1773 2174 1809 :
2217 1754 2536 1820 «Quantum
2593 1770 2691 1808 nos
2724 1753 2894 1807 tristis
2938 1767 3321 1815 rutuor,aures
3352 1764 3563 1807 nostras

309 1864 401 1918 ρον
429 1849 585 1917 φήμη
617 1849 834 1916 λυπηρὰ
863 1850 960 1911 τὰς
1005 1851 1170 1912 ἀκοὰς
1219 1850 1374 1919 ὑμῶν
1404 1851 1810 1918 περιηχήσασα,
1852 1869 1869 1901 ι

1986 1864 2407 1913 ειιειιιιιεοηειις,
2432 1865 2450 1898 ι
2489 1846 2705 1915 inquit:
2753 1864 2772 1896 ι
2800 1844 3248 1914 Quandoquidem
3315 1854 3398 1899 est
3435 1862 3562 1913 ergo

304 1940 471 2009 φησίν
494 1957 506 1969 ·
546 1959 564 1990 ι
588 1941 739 1991 Ἐπεὶ
763 1936 855 1992 οὖν
884 1942 998 1992 ἐστι
1026 1942 1263 2011 ἄνῖρχον
1295 1940 1409 2009 φῶς
1438 1944 1464 1993 ὁ
1513 1940 1723 2010 Πατὴρ,
1756 1957 1875 2007 γεν-

302 2034 461 2102 ντβίν
491 2035 546 2086 δὲ
590 2033 704 2102 φῶς
733 2036 761 2086 6
793 2032 939 2096 Υἱὸς,
998 2034 1112 2102 φῶς
1166 2035 1224 2087 δὲ
1285 2037 1382 2087 καὶ
1436 2035 1549 2103 φῶ,
1589 2037 1871 2105 ἑκάτερον,

300 2122 587 2189 ὀμοούσιον
643 2124 850 2179 εἴποιεν
884 2125 951 2179 ἂν
979 2125 1223 2191 δικαίως,
1276 2130 1362 2182 ἵνα
1410 2127 1473 2180 τὸ
1502 2126 1600 2195 τῆς
1660 2126 1875 2199 φύσεως

299 2213 566 2283 ὁμότιμον
597 2216 1047 2286 παραστήσωσιν.
1081 2219 1159 2270 Οὐ
1209 2219 1318 2286 γὰρ
1362 2220 1432 2272 τὰ
1461 2220 1667 2287 ἀδελφὰ
1713 2220 1871 2290 ἀλλή.

298 2304 412 2367 λοις
437 2309 697 2375 ὀμοούσια
727 2308 968 2388 λέγεται,
992 2310 1127 2379 ὅπερ
1157 2312 1300 2373 τινες
1348 2313 1732 2382 ὑπειλήφασιν,
1759 2313 1873 2365 ἀλλ’

297 2396 426 2449 ὅταν
458 2399 553 2449 καὶ
581 2398 639 2450 τὸ
670 2400 842 2453 αἴτιον
877 2401 970 2452 καὶ
1000 2402 1060 2452 τὸ
1095 2403 1156 2452 ἐκ
1198 2400 1290 2453 τοῦ
1343 2406 1517 2456 αίτὲου
1555 2403 1653 2473 τὴν
1693 2403 1873 2473 ὓπαρ-

298 2488 382 2553 ξιν
420 2490 542 2559 ἕχον
579 2490 681 2560 τῆς
715 2491 906 2562 ίαύτῆς
951 2493 1171 2564 ὑπάρχῃ
1206 2494 1444 2563 φύσεως,
1493 2495 1757 2565 ὀμοούσια
1790 2497 1874 2548 λέ-

299 2597 475 2647 γεται.
526 2601 545 2634 ›

382 2695 443 2747 Ὀ
477 2695 642 2759 αὐτὸς
673 2698 729 2748 ἐν
758 2696 839 2764 τῷ
869 2697 1013 2767 λόγῳ
1055 2692 1115 2752 οὗ
1143 2701 1174 2768 ἠ
1207 2697 1372 2769 ἁρχὴ,
1408 2715 1424 2749 ι
1460 2698 1705 2768 Μάχεται
1745 2701 1874 2751 ’1ου-

297 2786 527 2856 δαῖσμός
567 2787 934 2858 Ἐλληνισμῷ,
989 2808 1008 2839 ι
1053 2790 1255 2857 φησίν·
1319 2809 1338 2840 ι
1406 2789 1480 2841 Οὐ
1517 2797 1627 2856 γαρ
1663 2791 1872 2857 ἀδελφὰ

296 2875 526 2946 λέγομεν
557 2878 650 2930 τὸν
679 2879 897 2948 Πατέρα
920 2879 1018 2931 καὶ
1057 2880 1148 2931 τὸν
1174 2879 1325 2942 Υἱὸν,
1360 2880 1498 2932 ἀλλὰ
1527 2880 1744 2949 Πατέρα
1777 2881 1874 2934 καὶ

302 2966 421 3020 Υἱὸν
440 2966 812 3037 ὁμολογοῦμεν
839 2986 853 3000 ·
883 2969 943 3021 1:6
966 2969 1023 3021 δὲ
1051 2971 1147 3038 τῆς
1185 2970 1374 3031 οὐσίας
1399 2971 1615 3022 ταύτόν.
1650 2971 1871 3043 Ἐπειδὴ

298 3059 363 3109 ὲκ
396 3057 491 3110 τοῦ
544 3060 757 3128 Πατρὺς
787 3062 816 3111 6
846 3059 994 3124 Υἱὸς,
1039 3061 1101 3113 οὐ
1152 3056 1550 3131 προστάγματι
1598 3063 1868 3133 ποιηθεὶς,

296 3148 413 3200 ἀλλ’
440 3149 503 3201 ἐκ
533 3151 631 3218 τῆς
664 3148 879 3218 φύσεως
912 3151 1213 3220 γεννηθείς.
1252 3170 1273 3204 ι
1634 3150 1651 3162 ’

377 3256 437 3314 '0
468 3261 624 3327 ἆγιος
664 3260 930 3333 Κύριλλος
990 3263 1071 3326 εἰς
1104 3262 1162 3314 τὸ
1222 3263 1384 3334 ῥητὸν
1414 3265 1496 3327 τὺ,
1533 3282 1552 3316 ι
1592 3265 1761 3320 Ὅταν
1810 3266 1867 3321 δὲ

291 3350 422 3422 ἔλθῃ
453 3353 481 3404 6
512 3352 870 3422 Παράκλητος
898 3370 912 3384 ·
946 3373 964 3404 ι
1003 3383 1073 3393 -
1108 3372 1127 3405 ι
1164 3354 1375 3407 Οὐκοῦν
1402 3356 1460 3407 τὸ
1492 3357 1668 3409 εἰπεῖν
1697 3358 1780 3410 ὃτι
1806 3359 1868 3412 οὐ

290 3444 351 3496 τὸ
382 3443 596 3513 πνεῦμα
631 3447 725 3497 τοῦ
750 3445 957 3514 κόσμου
984 3445 1269 3515 ἐλάϐομεν,
1303 3446 1437 3499 ἀλλὰ
1463 3448 1523 3499 τὸ
1560 3447 1782 3519 Πνεῦμα
1810 3451 1870 3504 τὸ

291 3537 358 3587 ἐκ
389 3536 483 3588 τοῦ
540 3535 694 3601 Θεοῦ,
731 3536 966 3601 ἐδίδαξεν
993 3538 1091 3608 οὐχ
1124 3540 1151 3592 ὀ
1181 3539 1492 3609 Μονογενὴς
1538 3540 1616 3610 τῷ
1657 3543 1868 3613 κόσμῳ,

289 3627 428 3681 ἀλλὰ
495 3628 597 3698 τῆς
654 3628 805 3692 Θείας
869 3628 1112 3700 ὑπάρχον
1163 3633 1349 3695 οὐσίας
1404 3632 1463 3684 τὸ
1530 3633 1754 3705 Πνεῦμα
1810 3636 1870 3690 τὸ

288 3719 467 3788 ἅγιον.
517 3738 536 3772 ι

370 3812 431 3864 '0
472 3812 633 3875 αὐτὸς
665 3814 743 3875 εἰς
771 3812 831 3865 τὸ
867 3813 1033 3884 ῥητὸν
1064 3814 1146 3876 τὸ,
1178 3831 1196 3864 ι
1243 3815 1367 3867 Ὅτι
1412 3818 1770 3887 καταϐέϐηκα
1801 3820 1865 3874 ὲκ

289 3898 387 3953 τοῦ
439 3900 694 3970 οὐρανοῦ,
741 3904 840 3973 οὐχ
873 3903 959 3956 ἵνα
994 3904 1135 3956 ποιῶ
1186 3904 1248 3956 τὸ
1302 3904 1513 3976 Οέλημα
1564 3911 1623 3960 τὸ
1657 3911 1810 3979 ἐμὸν,
1845 3929 1862 3959 ι

286 3990 490 4058 φησιν’
530 4006 550 4041 ι
589 3991 661 4044 Τὸ
705 3993 816 4062 γὰρ
870 3995 934 4044 ὲκ
968 3992 1180 4063 Πατρὸς
1217 3997 1581 4064 γεγεννῆσθαι
1614 4001 1704 4053 τὸν
1741 4001 1867 4055 Υίόν

282 4082 587 4146 ἀναγκάσει
638 4081 702 4152 δὴ
755 4085 1119 4150 παντως,καὶ
1156 4087 1254 4155 οὐχ
1286 4089 1508 4153 ἑκόντας
1558 4094 1702 4160 ἡμᾶς
1731 4094 1869 4146 ἀπο.

280 4170 464 4224 δοῦναι
502 4172 561 4225 τὸ
586 4173 872 4244 ὀμοούσιον
905 4175 1074 4244 αὐτῷ.
1152 4196 1170 4228 ι

366 4263 428 4316 ’0
463 4266 627 4329 αὐτὸς
679 4268 736 4318 ἐν
783 4263 859 4338 τῷ
906 4264 955 4319 α’
980 4268 1089 4319 τῶν
1146 4268 1284 4338 πρὸς
1344 4268 1605 4341 Ἑρμείαν
1656 4275 1820 4345 φησιν
1851 4289 1864 4304 ’

286 4374 305 4408 ι
362 4357 681 4424 ὀμοούσιος
748 4359 860 4428 γὰρ
912 4359 1078 4432 εἴπερ
1124 4363 1273 4414 ἐστὶν
1321 4363 1590 4433 ἀληθῶςό
1635 4365 1763 4429 Υἱὸς
1789 4368 1867 4437 τῷ

283 4448 481 4518 Πατρὶ,
512 4451 569 4515 ἐξ
606 4450 772 4503 αὐτοῦ
803 4468 862 4504 τε
898 4454 991 4505 καὶ
1018 4454 1074 4505 ὲν
1100 4453 1248 4523 αὐτῷ
1285 4457 1425 4507 κατὰ
1456 4450 1624 4525 φύσιν
1647 4459 1742 4510 καὶ⁵
1770 4460 1861 4511 οὑ·

279 4540 492 4604 σιωδῶς
527 4542 703 4597 ἐστιν.
738 4560 759 4592 ι

359 4654 420 4707 ’0
450 4654 614 4718 αὐτὸς
652 4659 710 4709 ὲν
763 4655 844 4726 τῷ
887 4663 935 4724 γ’
995 4657 1103 4710 τῶν
1147 4658 1286 4726 πρὸς
1343 4652 1602 4729 Ἑρμείαν
1630 4677 1644 4691 ·
1702 4679 1720 4714 ι
1784 4656 1856 4716 T6

278 4745 548 4817 ἀπεῖργον
602 4746 694 4801 οὖν
743 4750 856 4818 ἄρα
908 4747 1192 4812 παντελῶς
1235 4751 1388 4803 οὐδὲν
1421 4752 1630 4805 οἴεσθαί
1674 4771 1725 4806 ιε
1761 4756 1856 4807 καὶ

277 4841 500 4910 φρονεῖν
535 4839 772 4910 ἀληθῶς,
806 4839 880 4902 ὡς
929 4840 1163 4908 ἐπείπερ
1192 4843 1323 4912 ἡμῖν
1357 4842 1416 4908 ἐξ
1464 4845 1636 4915 αὐτῆς
1685 4847 1855 4917 ἀνέφυ

273 4930 372 4999 τῆς
401 4929 500 4982 τοῦ
552 4930 690 4983 Θεοῦ
755 4933 849 4985 καὶ
906 4933 1116 5002 [ἰατρὸς
1168 4934 1196 4985 ὀ
1244 4934 1392 4996 Υἱὸς,
1424 4937 1523 5007 οὐχ
1542 4937 1743 5007 ’ἕτερος
1789 4940 1854 4993 ἂν

274 5024 446 5074 νοοῖτο
479 5020 610 5092 παρ’
637 5022 801 5076 αὐτὸν
830 5022 1124 5093 ὑπάρχειν,
1152 5024 1277 5078 ὅσον
1308 5026 1385 5088 είς
1408 5030 1714 5099 ταύτότητα
1752 5047 1854 5099 φυ-

274 5111 454 5179 σικήν.
498 5128 516 5161 ι
545 5168 553 5175 ⁸

359 5224 420 5276 '0
456 5224 611 5291 ἆγιος
641 5222 895 5295 Μάξιμος
922 5231 980 5282 ἐν
1031 5225 1112 5291 οἷς
1159 5226 1477 5301 ἑρμηνεύει,
1537 5252 1555 5284 ι
1595 5234 1660 5286 Τί
1715 5234 1852 5304 δῆτα

276 5310 531 5379 βούλεται
565 5317 643 5385 τῷ
676 5319 934 5389 προφήτῃ
968 5320 1213 5390 Ζαχαρία
1241 5323 1273 5391 ἡ
1316 5325 1494 5394 χρυσῆ
1522 5324 1712 5394 λυχνία
1758 5327 1852 5380 καὶ

274 5406 334 5455 τὸ
362 5407 451 5456 ἐπ’
501 5407 640 5478 αὐτῇ
693 5409 1027 5479 λαμπάδιον,
1076 5412 1171 5463 xa‘t
1222 5413 1271 5463 οί
1317 5414 1523 5484 λύχνοι,
1573 5436 1593 5468 ι
1636 5418 1801 5485 φησίν
1835 5435 1848 5448 ο

281 5513 298 5547 ι
341 5498 414 5549 T6
444 5498 553 5568 γὰρ
586 5500 811 5571 Πνεῦμα
837 5502 897 5554 τὸ
949 5502 1105 5570 ἅγιον
1154 5502 1342 5570 ὥσπερ
1400 5505 1559 5575 φύσει
1591 5510 1710 5561 κατ’
1764 5510 1853 5562 οὐ-

278 5588 398 5643 σίαν
466 5591 702 5662 ὑπάρχει
758 5593 851 5646 τοῦ
906 5592 1041 5647 Θεοῦ
1112 5594 1206 5647 καὶ
1278 5597 1524 5667 Πατρὸς,
1574 5600 1850 5653 οὐσιωδῶε

350 5755 395 5786 ⁸⁵
422 5753 581 5809 Joan.
616 5773 703 5820 xv,

914 5760 957 5790 ⁸⁸
986 5759 1114 5810 ΗΜ.
1161 5774 1228 5824 ιι,
1266 5758 1354 5819 58.

1977 1939 2137 1993 Pater
2195 1940 2377 1993 lumen
2435 1939 2553 1992 sine
2586 1938 2898 2007 principio:
2939 1937 3122 1990 lumen
3166 1952 3292 1990 vero
3323 1937 3561 2006 genitum

1977 2030 2185 2096 Filius,
2236 2030 2417 2083 lumen
2479 2040 2533 2082 et
2585 2029 2764 2083 lttmen
2833 2028 3185 2093 alterutrum,
3240 2028 3560 2081 homousiun

1948 2122 2228 2176 ‘dixet‘unt
2273 2135 2379 2173 non
2422 2121 2758 2189 incongrue,
2796 2127 2856 2172 ttt
2908 2128 3112 2171 naturae
3166 2119 3426 2187 arqualetn
3480 2120 3557 2171 tli-

1976 2215 2232 2283 gttitatem
2297 2210 2756 2265 demonstrarent.
2809 2207 2929 2263 Non
2985 2210 3129 2264 enim
3164 2224 3282 2279 quae
3345 2212 3410 2264 ad
3472 2213 3559 2263 itt-

1977 2307 2148 2359 vicem
2175 2313 2303 2358 sunt
2327 2313 2577 2373 cognata,
2627 2310 2756 2356 sunt
2798 2302 2863 2356 ad
2892 2301 3122 2356 invicem
3168 2303 3471 2364 homousia,
3511 2305 3560 2357 id

1977 2399 2117 2468 quod
2153 2413 2261 2450 non
2289 2412 2449 2449 nemo
2486 2395 2837 2457 existimavit,
2876 2394 2971 2449 sed
3003 2402 3117 2448 tum
3159 2410 3280 2449 cum
3310 2404 3363 2448 et
3394 2410 3558 2449 catt-a

1975 2497 2028 2541 et
2074 2495 2359 2542 causatum
2421 2486 2661 2555 ejusdem
2725 2500 2819 2554 per
2860 2487 3043 2541 omnia
3101 2493 3308 2538 naturae
3340 2487 3559 2553 partici-

1977 2589 2127 2650 pant,
2147 2579 2404 2633 dicuntur
2433 2592 2554 2632 esse
2584 2577 2892 2632 homousia.
2933 2595 2953 2628 ι

2046 2670 2191 2724 idem
2231 2671 2283 2724 in
2354 2670 2603 2722 oratione
2638 2668 2795 2738 cujus
2870 2667 3003 2722 illud
3054 2681 3138 2724 est
3188 2669 3555 2740 principium:

1982 2762 2682 2818 «Adversaturludaismus
2704 2761 2985 2829 gentilitati
3013 2778 3026 2814 :
3053 2780 3177 2812 ›-ι
3201 2761 3383 2831 Neque
3412 2764 3555 2817 enim

1979 2866 2210 2927 cognata
2245 2855 2480 2910 dicimus
2534 2854 2749 2908 Patrem
2792 2864 2847 2907 et
2878 2852 3098 2909 Filium.
3133 2854 3238 2909 Sed
3272 2855 3482 2909 Patrem
3505 2862 3558 2908 et

1980 2948 2178 3002 Filium
2222 2946 2569 3010 conﬁtemur,
2601 2953 2654 2997 et
2689 2952 2944 2997 naturam
2998 2944 3268 2997 eamdem.
3314 2943 3449 2997 Cum
3490 2943 3558 2997 sit

1977 3057 2043 3097 ex
2075 3039 2235 3094 Patre
2274 3036 2468 3103 Filius,
2532 3052 2640 3090 non
2669 3037 2826 3106 jussu
2862 3034 3063 3101 factus,
3114 3035 3208 3090 sed
3243 3051 3312 3088 ex
3360 3044 3556 3089 natura

1979 3132 2316 3204 progenitus.
2359 3149 2378 3181 ι
3030 3109 3035 3113 ’

2057 3242 2297 3299 Sanctus
2327 3242 2563 3314 Cyrillus
2599 3241 2649 3295 in
2682 3241 2888 3295 dictum
2930 3255 2994 3296 τι
3039 3237 3175 3293 Cum
3209 3237 3418 3292 venerit
3449 3236 3555 3291 Pa-

1974 3336 2211 3393 raeletus
2238 3337 2303 3402 "’,
2341 3355 2360 3388 ι
2394 3336 2586 3391 scribit
2621 3349 2639 3391 :
2679 3353 2698 3385 ι
2739 3334 2906 3402 Igitur
2930 3333 3130 3397 dicere,
3166 3329 3284 3384 Non
3303 3330 3552 3400 spirium

1976 3430 2166 3484 mundi
2201 3431 2538 3501 accepimus,
2598 3428 2692 3484 sed
2743 3427 3031 3498 Spiritum,
3067 3425 3161 3494 qui
3216 3440 3281 3477 ex
3317 3423 3424 3478 Deo
3451 3435 3553 3488 est,

1976 3523 2193 3577 edocuit
2224 3538 2327 3577 non
2378 3521 2701 3593 Unigenitus
2762 3521 3051 3584 mundum,
3117 3516 3212 3572 sed
3252 3531 3319 3572 ex
3368 3517 3554 3571 divina

1975 3616 2218 3669 essentia
2243 3614 2515 3667 exsistt-ns
2550 3610 2785 3682 Spiritus
2806 3622 3051 3667 sanctus.
3092 3628 3111 3661 ι

2040 3798 2188 3853 Idem
2244 3799 2296 3853 in
2347 3799 2595 3853 dictum:
2638 3816 2658 3850 ι
2696 3796 2831 3864 Quia
2864 3794 3119 3850 descendi
3142 3794 3207 3848 de
3243 3793 3402 3858 coelo,
3442 3808 3550 3845 non

1971 3898 2030 3944 ut
2072 3890 2267 3945 faciam
2297 3892 2627 3945 voluntatem
2660 3903 2834 3943 meam
2857 3887 2925 3951 ⁸⁸,
2960 3905 2978 3936 ι
3010 3885 3220 3955 inquit:
3258 3905 3277 3937 ι
3306 3884 3552 3951 Namque

1971 3998 2035 4035 ex
2082 3982 2241 4036 Patre
2288 3984 2529 4051 genitum
2573 3981 2742 4034 fuisse
2784 3977 3006 4041 Filittm,
3065 3976 3242 4031 modis
3293 3977 3549 4028 omnibus

1970 4087 2073 4128 nos
2106 4073 2270 4126 etiam
2311 4072 2508 4125 invitus
2551 4070 2860 4139 compellet,
2894 4077 2953 4124 ut
2992 4068 3067 4123 illi
3098 4068 3548 4125 consubstantia-

1970 4163 2176 4217 litatem
2213 4162 2603 4219 concedamus.
2642 4181 2661 4214 ι

2039 4253 2183 4307 Idem
2235 4254 2374 4307 libro
2409 4269 2421 4306 I
2468 4255 2533 4306 ad
2570 4252 2865 4316 llermiam,
2890 4252 3006 4305 ait:
3040 4269 3058 4303 ι
3091 4249 3547 4305 Consubstautia-

1970 4344 2035 4398 lis
2061 4344 2204 4398 enim
2237 4344 2281 4398 si
2317 4358 2440 4397 rere
2465 4353 2549 4396 cst
2570 4340 2742 4395 Filius
2764 4341 2935 4404 Patri,
2982 4354 3049 4392 ex
3091 4340 3208 4407 ipso
3244 4346 3299 4393 ει
3341 4337 3395 4391 in
3430 4338 3547 4406 ipso

1968 4433 2294 4489 naturaliter
2323 4442 2376 4488 et
2411 4430 2951 4488 consubstantiatiter
2973 4439 3078 4484 est.
3112 4445 3132 4479 ι
3564 4418 3571 4423 ’

2042 4650 2186 4712 Idem
2242 4658 2381 4711 libro
2412 4672 2471 4711 ιιι
2517 4657 2584 4710 ad
2618 4654 2891 4710 llertniam
2922 4671 2936 4709 :
2977 4672 2994 4706 ι
3025 4650 3171 4708 Nihil
3204 4653 3387 4723 itaque
3421 4654 3529 4706 iut-

1969 4751 2289 4820 pedit,quin
2315 4752 2713 4813 existimemus,
2761 4762 2996 4817 vereque
3035 4748 3356 4810 sentiamus.
3420 4763 3544 4801 eum

1968 4845 2129 4899 nobis
2190 4860 2256 4898 ex
2282 4845 2398 4913 ipsa
2459 4843 2552 4897 Dei
2591 4851 2644 4897 et
2675 4839 2855 4895 Patris
2886 4840 3126 4895 essentia
3161 4838 3332 4893 Filius
3361 4849 3542 4893 ortum

1965 4938 2171 5003 habuit,
2204 4952 2310 4990 non
2355 4936 2630 4991 diversum
2659 4942 2821 5004 atque
2856 4934 3098 4988 alienum
3129 4934 3379 4987 eumdem
3414 4948 3543 4986 cou-

1960 5029 2090 5098 cipi,
2135 5037 2396 5098 quantum
2428 5014 2624 5082 attinet
2678 5028 2745 5081 ad
2773 5026 3111 5080 identitatem
3151 5023 3475 5078 naturalem.
3518 5042 3537 5072 ι

2038 5234 2275 5290 Sanctus
2322 5233 2592 5288 Maximus
2618 5233 2670 5286 in
2713 5232 3050 5301 expositione
3098 5246 3113 5283 :
3183 5250 3201 5281 ι
3256 5228 3539 5295 Quomodo

1959 5327 2187 5396 intelligi
2226 5327 2419 5381 debeat
2462 5326 2602 5395 apud
2652 5325 2977 5380 Zachariam
3009 5321 3401 5379 candelabrum
3436 5337 3540 5371 au-

1955 5432 2127 5483 reum,
2145 5426 2373 5486 etparva
2393 5418 2619 5487 lampas,
2639 5417 2965 5475 ctlucerme.
2990 5432 3008 5466 ι
3033 5413 3194 5467 habet
3216 5428 3230 5463 :
3255 5429 3272 5460 ι
3302 5408 3538 5478 Spiritus

1955 5511 2100 5563 enim
2136 5523 2359 5564 sanetus
2382 5512 2544 5565 sicuti
2581 5522 2772 5565 natura
2809 5508 3108 5562 secundum
3135 5504 3427 5559 essentiam
3452 5512 3537 5555 est

1955 5601 2050 5656 Dei
2084 5608 2137 5655 et
2163 5598 2362 5667 Patris,
2398 5600 2472 5655 ita
2499 5612 2552 5655 et
2585 5600 2704 5655 Filii
2734 5599 3041 5652 secundum
3091 5593 3385 5649 essentiam
3425 5602 3530 5659 est,

3060 5746 3099 5763 /
