  <div class='ocr_page' id='page_1' title='image "/cluster/home/n/w/nwhite01/storage/ocr_20150623/141/coo.31924054870468/360.png"; bbox 0 0 3958 6402; ppageno 0'>
   <div class='ocr_carea' id='block_1_1' title="bbox 229 369 331 432">
    <p class='ocr_par' dir='ltr' id='par_1_1' title="bbox 229 369 331 432">
     <span class='ocr_line' id='line_1_1' title="bbox 229 369 331 432; baseline 0 -1"><span class='ocrx_word' id='word_1_1' title='bbox 229 369 331 432; x_wconf 78' lang='lat'><strong>713</strong></span> 
     </span>
    </p>
   </div>
   <div class='ocr_carea' id='block_1_2' title="bbox 1654 364 2134 427">
    <p class='ocr_par' dir='ltr' id='par_1_2' title="bbox 1654 364 2134 427">
     <span class='ocr_line' id='line_1_2' title="bbox 1654 364 2134 427; baseline -0.006 0"><span class='ocrx_word' id='word_1_2' title='bbox 1654 364 2134 427; x_wconf 73' lang='lat' dir='ltr'><strong>EPIGRAPILE.</strong></span> 
     </span>
    </p>
   </div>
   <div class='ocr_carea' id='block_1_3' title="bbox 3374 369 3482 435">
    <p class='ocr_par' dir='ltr' id='par_1_3' title="bbox 3374 369 3482 435">
     <span class='ocr_line' id='line_1_3' title="bbox 3374 369 3482 435; baseline 0 -2"><span class='ocrx_word' id='word_1_3' title='bbox 3374 369 3482 435; x_wconf 63' lang='grc'><strong>714</strong></span> 
     </span>
    </p>
   </div>
   <div class='ocr_carea' id='block_1_4' title="bbox 228 477 1790 552">
    <p class='ocr_par' dir='ltr' id='par_1_4' title="bbox 228 478 1790 552">
     <span class='ocr_line' id='line_1_4' title="bbox 228 478 1790 552; baseline -0.002 -16"><span class='ocrx_word' id='word_1_4' title='bbox 228 483 295 536; x_wconf 77' lang='grc' dir='ltr'><strong>εκ</strong></span> <span class='ocrx_word' id='word_1_5' title='bbox 324 495 385 535; x_wconf 77' lang='grc' dir='ltr'><strong>τι</strong></span> <span class='ocrx_word' id='word_1_6' title='bbox 405 478 507 550; x_wconf 79' lang='grc' dir='ltr'><strong>τῆς</strong></span> <span class='ocrx_word' id='word_1_7' title='bbox 539 479 666 533; x_wconf 81' lang='grc' dir='ltr'><strong>καθ’</strong></span> <span class='ocrx_word' id='word_1_8' title='bbox 697 481 843 550; x_wconf 75' lang='grc' dir='ltr'><strong>ἡμᾶς</strong></span> <span class='ocrx_word' id='word_1_9' title='bbox 879 479 1326 552; x_wconf 82' lang='grc' dir='ltr'><strong>ἀνθρωπότητος,</strong></span> <span class='ocrx_word' id='word_1_10' title='bbox 1383 479 1609 543; x_wconf 75' lang='grc' dir='ltr'><strong>τελείως</strong></span> <span class='ocrx_word' id='word_1_11' title='bbox 1641 480 1790 550; x_wconf 66' lang='grc' dir='ltr'><strong>ἔχου⁴</strong></span> 
     </span>
    </p>
   </div>
   <div class='ocr_carea' id='block_1_5' title="bbox 1901 477 3485 552">
    <p class='ocr_par' dir='ltr' id='par_1_5' title="bbox 1907 477 3485 549">
     <span class='ocr_line' id='line_1_5' title="bbox 1907 477 3485 549; baseline 0.002 -14"><span class='ocrx_word' id='word_1_12' title='bbox 1907 477 2275 546; x_wconf 69' lang='grc' dir='ltr'><strong>Πυιϊιέιιῖιεεε,</strong></span> <span class='ocrx_word' id='word_1_13' title='bbox 2307 479 2545 549; x_wconf 83' lang='lat' dir='ltr'><strong>perfecte</strong></span> <span class='ocrx_word' id='word_1_14' title='bbox 2574 479 2870 534; x_wconf 82' lang='lat' dir='ltr'><strong>admodum</strong></span> <span class='ocrx_word' id='word_1_15' title='bbox 2898 495 2960 536; x_wconf 79' lang='lat' dir='ltr'><strong>se</strong></span> <span class='ocrx_word' id='word_1_16' title='bbox 2990 480 3230 538; x_wconf 84' lang='lat' dir='ltr'><strong>habente</strong></span> <span class='ocrx_word' id='word_1_17' title='bbox 3284 498 3485 538; x_wconf 80' lang='lat' dir='ltr'><strong>secun-</strong></span> 
     </span>
    </p>
   </div>
   <div class='ocr_carea' id='block_1_6' title="bbox 230 569 1801 643">
    <p class='ocr_par' dir='ltr' id='par_1_6' title="bbox 230 569 1801 643">
     <span class='ocr_line' id='line_1_6' title="bbox 230 569 1801 643; baseline 0.001 -19"><span class='ocrx_word' id='word_1_18' title='bbox 230 589 334 643; x_wconf 81' lang='grc' dir='ltr'><strong>οης</strong></span> <span class='ocrx_word' id='word_1_19' title='bbox 370 569 514 625; x_wconf 85' lang='grc' dir='ltr'><strong>κατὰ</strong></span> <span class='ocrx_word' id='word_1_20' title='bbox 542 572 635 625; x_wconf 73' lang='grc' dir='ltr'><strong>τὸν</strong></span> <span class='ocrx_word' id='word_1_21' title='bbox 664 572 797 625; x_wconf 76' lang='grc' dir='ltr'><strong>ἴδιον</strong></span> <span class='ocrx_word' id='word_1_22' title='bbox 830 572 1012 639; x_wconf 83' lang='grc' dir='ltr'><strong>λόγον,</strong></span> <span class='ocrx_word' id='word_1_23' title='bbox 1038 573 1227 625; x_wconf 67' lang='lat' dir='ltr'><strong>iul-Ex</strong></span> <span class='ocrx_word' id='word_1_24' title='bbox 1255 569 1353 625; x_wconf 88' lang='grc' dir='ltr'><strong>τοῦ</strong></span> <span class='ocrx_word' id='word_1_25' title='bbox 1398 572 1703 643; x_wconf 81' lang='grc' dir='ltr'><strong>πεφηνότος</strong></span> <span class='ocrx_word' id='word_1_26' title='bbox 1736 574 1801 625; x_wconf 71' lang='grc' dir='ltr'><strong>ἐκ</strong></span> 
     </span>
    </p>
   </div>
   <div class='ocr_carea' id='block_1_7' title="bbox 227 660 1798 730">
    <p class='ocr_par' dir='ltr' id='par_1_7' title="bbox 227 660 1798 730">
     <span class='ocr_line' id='line_1_7' title="bbox 227 660 1798 730; baseline -0.003 -14"><span class='ocrx_word' id='word_1_27' title='bbox 227 661 325 716; x_wconf 87' lang='grc' dir='ltr'><strong>τοῦ</strong></span> <span class='ocrx_word' id='word_1_28' title='bbox 344 660 478 715; x_wconf 81' lang='grc' dir='ltr'><strong>Θεοῦ</strong></span> <span class='ocrx_word' id='word_1_29' title='bbox 501 662 641 715; x_wconf 86' lang='grc' dir='ltr'><strong>κατὰ</strong></span> <span class='ocrx_word' id='word_1_30' title='bbox 664 661 827 730; x_wconf 82' lang='grc' dir='ltr'><strong>φύσιν</strong></span> <span class='ocrx_word' id='word_1_31' title='bbox 844 660 1001 727; x_wconf 81' lang='grc' dir='ltr'><strong>Υεοῦ,</strong></span> <span class='ocrx_word' id='word_1_32' title='bbox 1024 662 1268 714; x_wconf 79' lang='grc' dir='ltr'><strong>τουτέστι</strong></span> <span class='ocrx_word' id='word_1_33' title='bbox 1285 660 1378 715; x_wconf 84' lang='grc' dir='ltr'><strong>τοῦ</strong></span> <span class='ocrx_word' id='word_1_34' title='bbox 1395 661 1751 729; x_wconf 83' lang='grc' dir='ltr'><strong>Μονογενοῦς.</strong></span> <span class='ocrx_word' id='word_1_35' title='bbox 1778 677 1798 712; x_wconf 72' lang='grc' dir='ltr'><strong><em>ο</em></strong></span> 
     </span>
    </p>
   </div>
   <div class='ocr_carea' id='block_1_8' title="bbox 228 751 1803 826">
    <p class='ocr_par' dir='ltr' id='par_1_8' title="bbox 228 751 1803 826">
     <span class='ocr_line' id='line_1_8' title="bbox 228 751 1803 826; baseline -0.002 -19"><span class='ocrx_word' id='word_1_36' title='bbox 228 755 342 809; x_wconf 80' lang='grc' dir='ltr'><strong>Καὶ</strong></span> <span class='ocrx_word' id='word_1_37' title='bbox 374 752 540 815; x_wconf 75' lang='grc' dir='ltr'><strong>πάλιν</strong></span> <span class='ocrx_word' id='word_1_38' title='bbox 568 771 581 783; x_wconf 94' lang='grc'><strong>·</strong></span> <span class='ocrx_word' id='word_1_39' title='bbox 624 771 644 804; x_wconf 74' lang='grc' dir='ltr'><strong>ι</strong></span> <span class='ocrx_word' id='word_1_40' title='bbox 688 755 845 809; x_wconf 73' lang='grc' dir='ltr'><strong>Ἰδιὸν</strong></span> <span class='ocrx_word' id='word_1_41' title='bbox 873 752 1073 807; x_wconf 74' lang='grc' dir='ltr'><strong>ἔστιτὸ</strong></span> <span class='ocrx_word' id='word_1_42' title='bbox 1099 754 1323 826; x_wconf 79' lang='grc' dir='ltr'><strong>Πνεῦμα</strong></span> <span class='ocrx_word' id='word_1_43' title='bbox 1352 753 1461 822; x_wconf 60' lang='grc' dir='ltr'><strong>τοῦ,</strong></span> <span class='ocrx_word' id='word_1_44' title='bbox 1500 752 1652 818; x_wconf 82' lang='grc' dir='ltr'><strong>Υίοῦ,</strong></span> <span class='ocrx_word' id='word_1_45' title='bbox 1686 751 1803 805; x_wconf 79' lang='grc' dir='ltr'><strong>οὕτι</strong></span> 
     </span>
    </p>
   </div>
   <div class='ocr_carea' id='block_1_9' title="bbox 227 838 1804 916">
    <p class='ocr_par' dir='ltr' id='par_1_9' title="bbox 227 838 1804 916">
     <span class='ocr_line' id='line_1_9' title="bbox 227 838 1804 916; baseline -0.002 -19"><span class='ocrx_word' id='word_1_46' title='bbox 227 861 334 899; x_wconf 84' lang='grc' dir='ltr'><strong>που</strong></span> <span class='ocrx_word' id='word_1_47' title='bbox 366 845 530 914; x_wconf 75' lang='grc' dir='ltr'><strong>μόνον</strong></span> <span class='ocrx_word' id='word_1_48' title='bbox 613 844 784 912; x_wconf 83' lang='grc' dir='ltr'><strong>Λόγος</strong></span> <span class='ocrx_word' id='word_1_49' title='bbox 814 845 933 897; x_wconf 75' lang='grc' dir='ltr'><strong>ἐστὶ</strong></span> <span class='ocrx_word' id='word_1_50' title='bbox 964 845 1220 916; x_wconf 78' lang='grc' dir='ltr'><strong>πεφηνὼς</strong></span> <span class='ocrx_word' id='word_1_51' title='bbox 1252 849 1312 898; x_wconf 82' lang='grc' dir='ltr'><strong>ὲκ</strong></span> <span class='ocrx_word' id='word_1_52' title='bbox 1341 845 1575 914; x_wconf 84' lang='grc' dir='ltr'><strong>Πατρὺς,</strong></span> <span class='ocrx_word' id='word_1_53' title='bbox 1607 841 1722 898; x_wconf 84' lang='grc' dir='ltr'><strong>ἀλλ’</strong></span> <span class='ocrx_word' id='word_1_54' title='bbox 1753 842 1804 894; x_wconf 81' lang='grc' dir='ltr'><strong>εί</strong></span> 
     </span>
    </p>
   </div>
   <div class='ocr_carea' id='block_1_10' title="bbox 226 935 1550 1005">
    <p class='ocr_par' dir='ltr' id='par_1_10' title="bbox 226 935 1550 1005">
     <span class='ocr_line' id='line_1_10' title="bbox 226 935 1550 1005; baseline -0.002 -16"><span class='ocrx_word' id='word_1_55' title='bbox 226 938 327 989; x_wconf 72' lang='grc' dir='ltr'><strong>καὶ</strong></span> <span class='ocrx_word' id='word_1_56' title='bbox 352 937 528 990; x_wconf 84' lang='grc' dir='ltr'><strong>νοοῖτο</strong></span> <span class='ocrx_word' id='word_1_57' title='bbox 559 936 684 988; x_wconf 85' lang='grc' dir='ltr'><strong>καθ’</strong></span> <span class='ocrx_word' id='word_1_58' title='bbox 712 936 861 1005; x_wconf 73' lang='grc' dir='ltr'><strong>ἡμᾶς</strong></span> <span class='ocrx_word' id='word_1_59' title='bbox 890 935 988 989; x_wconf 78' lang='grc' dir='ltr'><strong>ἄνθ</strong></span> <span class='ocrx_word' id='word_1_60' title='bbox 998 953 1182 1005; x_wconf 86' lang='grc' dir='ltr'><strong>ρωπος</strong></span> <span class='ocrx_word' id='word_1_61' title='bbox 1211 935 1485 1005; x_wconf 87' lang='grc' dir='ltr'><strong>γεγονώς.</strong></span> <span class='ocrx_word' id='word_1_62' title='bbox 1531 954 1550 986; x_wconf 73' lang='grc' dir='ltr'><strong>ι</strong></span> 
     </span>
    </p>
   </div>
   <div class='ocr_carea' id='block_1_11' title="bbox 308 1040 1802 1113">
    <p class='ocr_par' dir='ltr' id='par_1_11' title="bbox 308 1040 1802 1113">
     <span class='ocr_line' id='line_1_11' title="bbox 308 1040 1802 1113; baseline -0.001 -18"><span class='ocrx_word' id='word_1_63' title='bbox 308 1040 368 1095; x_wconf 87' lang='grc'><strong>’0</strong></span> <span class='ocrx_word' id='word_1_64' title='bbox 390 1040 553 1103; x_wconf 84' lang='grc' dir='ltr'><strong>αὐτός</strong></span> <span class='ocrx_word' id='word_1_65' title='bbox 581 1057 597 1072; x_wconf 75' lang='grc' dir='ltr'><strong>ο</strong></span> <span class='ocrx_word' id='word_1_66' title='bbox 634 1059 651 1092; x_wconf 81' lang='grc' dir='ltr'><strong>ι</strong></span> <span class='ocrx_word' id='word_1_67' title='bbox 691 1041 767 1093; x_wconf 84' lang='grc' dir='ltr'><strong>Οὐ</strong></span> <span class='ocrx_word' id='word_1_68' title='bbox 798 1040 907 1111; x_wconf 79' lang='grc' dir='ltr'><strong>γὰρ</strong></span> <span class='ocrx_word' id='word_1_69' title='bbox 935 1042 1217 1112; x_wconf 72' lang='grc' dir='ltr'><strong>ἀλλότριον</strong></span> <span class='ocrx_word' id='word_1_70' title='bbox 1254 1044 1353 1113; x_wconf 85' lang='grc' dir='ltr'><strong>τῆς</strong></span> <span class='ocrx_word' id='word_1_71' title='bbox 1400 1042 1496 1096; x_wconf 88' lang='grc' dir='ltr'><strong>τοῦ</strong></span> <span class='ocrx_word' id='word_1_72' title='bbox 1522 1042 1656 1095; x_wconf 81' lang='grc' dir='ltr'><strong>Θεοῦ</strong></span> <span class='ocrx_word' id='word_1_73' title='bbox 1701 1040 1802 1095; x_wconf 80' lang='grc' dir='ltr'><strong>δό-</strong></span> 
     </span>
    </p>
   </div>
   <div class='ocr_carea' id='block_1_12' title="bbox 228 1129 1801 1205">
    <p class='ocr_par' dir='ltr' id='par_1_12' title="bbox 228 1129 1801 1205">
     <span class='ocr_line' id='line_1_12' title="bbox 228 1129 1801 1205; baseline 0.001 -22"><span class='ocrx_word' id='word_1_74' title='bbox 228 1129 326 1200; x_wconf 77' lang='grc' dir='ltr'><strong>ξης</strong></span> <span class='ocrx_word' id='word_1_75' title='bbox 358 1130 420 1183; x_wconf 83' lang='grc' dir='ltr'><strong>τὸ</strong></span> <span class='ocrx_word' id='word_1_76' title='bbox 450 1129 697 1200; x_wconf 78' lang='grc' dir='ltr'><strong>Πνεῦμα,</strong></span> <span class='ocrx_word' id='word_1_77' title='bbox 726 1132 790 1184; x_wconf 82' lang='grc' dir='ltr'><strong>ὲκ</strong></span> <span class='ocrx_word' id='word_1_78' title='bbox 817 1131 912 1185; x_wconf 90' lang='grc' dir='ltr'><strong>τοῦ</strong></span> <span class='ocrx_word' id='word_1_79' title='bbox 948 1134 1192 1205; x_wconf 72' lang='grc' dir='ltr'><strong>ἀρρήτου</strong></span> <span class='ocrx_word' id='word_1_80' title='bbox 1241 1135 1513 1204; x_wconf 85' lang='grc' dir='ltr'><strong>στόματος</strong></span> <span class='ocrx_word' id='word_1_81' title='bbox 1546 1134 1801 1203; x_wconf 72' lang='grc' dir='ltr'><strong>ἀρρήτως</strong></span> 
     </span>
    </p>
   </div>
   <div class='ocr_carea' id='block_1_13' title="bbox 226 1221 550 1291">
    <p class='ocr_par' dir='ltr' id='par_1_13' title="bbox 226 1221 550 1291">
     <span class='ocr_line' id='line_1_13' title="bbox 226 1221 550 1291; baseline -0.003 -17"><span class='ocrx_word' id='word_1_82' title='bbox 226 1221 489 1291; x_wconf 82' lang='grc' dir='ltr'><strong>πεφηνός.</strong></span> <span class='ocrx_word' id='word_1_83' title='bbox 530 1239 550 1273; x_wconf 72' lang='grc' dir='ltr'><strong>ι</strong></span> 
     </span>
    </p>
   </div>
   <div class='ocr_carea' id='block_1_14' title="bbox 310 1312 1803 1387">
    <p class='ocr_par' dir='ltr' id='par_1_14' title="bbox 310 1312 1803 1387">
     <span class='ocr_line' id='line_1_14' title="bbox 310 1312 1803 1387; baseline 0 -19"><span class='ocrx_word' id='word_1_84' title='bbox 310 1312 372 1368; x_wconf 80' lang='grc' dir='ltr'><strong>Ὀ</strong></span> <span class='ocrx_word' id='word_1_85' title='bbox 394 1313 567 1382; x_wconf 82' lang='grc' dir='ltr'><strong>μέγας</strong></span> <span class='ocrx_word' id='word_1_86' title='bbox 593 1313 896 1378; x_wconf 75' lang='grc' dir='ltr'><strong>Βασίλειοςο</strong></span> <span class='ocrx_word' id='word_1_87' title='bbox 931 1334 951 1367; x_wconf 77' lang='grc' dir='ltr'><strong>ι</strong></span> <span class='ocrx_word' id='word_1_88' title='bbox 985 1315 1060 1368; x_wconf 85' lang='grc' dir='ltr'>Τὸ</span> <span class='ocrx_word' id='word_1_89' title='bbox 1083 1315 1307 1386; x_wconf 83' lang='grc' dir='ltr'><strong>Πνεῦμα</strong></span> <span class='ocrx_word' id='word_1_90' title='bbox 1336 1316 1490 1369; x_wconf 76' lang='grc' dir='ltr'><strong>οὐδὲν</strong></span> <span class='ocrx_word' id='word_1_91' title='bbox 1506 1315 1628 1387; x_wconf 80' lang='grc' dir='ltr'><strong>ἔχον</strong></span> <span class='ocrx_word' id='word_1_92' title='bbox 1652 1316 1803 1369; x_wconf 68' lang='grc' dir='ltr'><strong>ἐστὶν</strong></span> 
     </span>
    </p>
   </div>
   <div class='ocr_carea' id='block_1_15' title="bbox 226 1404 1802 1477">
    <p class='ocr_par' dir='ltr' id='par_1_15' title="bbox 226 1404 1802 1477">
     <span class='ocr_line' id='line_1_15' title="bbox 226 1404 1802 1477; baseline 0 -19"><span class='ocrx_word' id='word_1_93' title='bbox 226 1404 522 1475; x_wconf 71' lang='grc' dir='ltr'><strong>ἐπίκτητον</strong></span> <span class='ocrx_word' id='word_1_94' title='bbox 546 1405 747 1474; x_wconf 79' lang='grc' dir='ltr'><strong>ἑαυτῷ,</strong></span> <span class='ocrx_word' id='word_1_95' title='bbox 785 1406 899 1459; x_wconf 81' lang='grc' dir='ltr'><strong>ἀλλ’</strong></span> <span class='ocrx_word' id='word_1_96' title='bbox 922 1407 1113 1470; x_wconf 80' lang='grc' dir='ltr'><strong>ἀϊδίως</strong></span> <span class='ocrx_word' id='word_1_97' title='bbox 1139 1408 1317 1463; x_wconf 84' lang='grc' dir='ltr'><strong>πάντα</strong></span> <span class='ocrx_word' id='word_1_98' title='bbox 1346 1408 1548 1477; x_wconf 78' lang='grc' dir='ltr'><strong>ἔχειὼς</strong></span> <span class='ocrx_word' id='word_1_99' title='bbox 1577 1406 1802 1477; x_wconf 81' lang='grc' dir='ltr'><strong>Πνεῦμα</strong></span> 
     </span>
    </p>
   </div>
   <div class='ocr_carea' id='block_1_16' title="bbox 224 1495 1163 1566">
    <p class='ocr_par' dir='ltr' id='par_1_16' title="bbox 224 1495 1163 1566">
     <span class='ocr_line' id='line_1_16' title="bbox 224 1495 1163 1566; baseline 0.001 -17"><span class='ocrx_word' id='word_1_100' title='bbox 224 1495 387 1561; x_wconf 83' lang='grc' dir='ltr'><strong>Θεοῦ,</strong></span> <span class='ocrx_word' id='word_1_101' title='bbox 424 1498 518 1549; x_wconf 73' lang='grc' dir='ltr'><strong>καὶ</strong></span> <span class='ocrx_word' id='word_1_102' title='bbox 549 1497 609 1561; x_wconf 78' lang='grc' dir='ltr'><strong>ἐξ</strong></span> <span class='ocrx_word' id='word_1_103' title='bbox 643 1497 812 1551; x_wconf 79' lang='grc' dir='ltr'><strong>αὑτοῦ</strong></span> <span class='ocrx_word' id='word_1_104' title='bbox 840 1500 1103 1566; x_wconf 82' lang='grc' dir='ltr'><strong>πεφηνός.</strong></span> <span class='ocrx_word' id='word_1_105' title='bbox 1142 1517 1163 1550; x_wconf 74' lang='grc' dir='ltr'><strong>ι</strong></span> 
     </span>
    </p>
   </div>
   <div class='ocr_carea' id='block_1_17' title="bbox 308 1602 1802 1679">
    <p class='ocr_par' dir='ltr' id='par_1_17' title="bbox 308 1602 1802 1679">
     <span class='ocr_line' id='line_1_17' title="bbox 308 1602 1802 1679; baseline 0.003 -22"><span class='ocrx_word' id='word_1_106' title='bbox 308 1605 367 1657; x_wconf 90' lang='lat'><strong>&#39;0</strong></span> <span class='ocrx_word' id='word_1_107' title='bbox 403 1602 581 1673; x_wconf 87' lang='grc' dir='ltr'><strong>μέγας</strong></span> <span class='ocrx_word' id='word_1_108' title='bbox 652 1603 979 1668; x_wconf 79' lang='grc' dir='ltr'><strong>Ἀθανάσιος</strong></span> <span class='ocrx_word' id='word_1_109' title='bbox 1037 1608 1095 1658; x_wconf 71' lang='grc' dir='ltr'><strong>ἐν</strong></span> <span class='ocrx_word' id='word_1_110' title='bbox 1152 1605 1230 1674; x_wconf 85' lang='grc' dir='ltr'><strong>τῷ</strong></span> <span class='ocrx_word' id='word_1_111' title='bbox 1276 1609 1433 1661; x_wconf 85' lang='grc' dir='ltr'><strong>’κατά</strong></span> <span class='ocrx_word' id='word_1_112' title='bbox 1497 1606 1802 1679; x_wconf 80' lang='grc' dir='ltr'><strong>Ἀρειανῶν</strong></span> 
     </span>
    </p>
   </div>
   <div class='ocr_carea' id='block_1_18' title="bbox 221 1690 1800 1771">
    <p class='ocr_par' dir='ltr' id='par_1_18' title="bbox 221 1690 1800 1771">
     <span class='ocr_line' id='line_1_18' title="bbox 221 1690 1800 1771; baseline 0.004 -23"><span class='ocrx_word' id='word_1_113' title='bbox 221 1698 428 1768; x_wconf 81' lang='grc' dir='ltr'><strong>πρώτῳ</strong></span> <span class='ocrx_word' id='word_1_114' title='bbox 466 1695 633 1764; x_wconf 86' lang='grc' dir='ltr'><strong>λόγῳ,</strong></span> <span class='ocrx_word' id='word_1_115' title='bbox 664 1690 724 1749; x_wconf 72' lang='grc' dir='ltr'><strong>οὗ</strong></span> <span class='ocrx_word' id='word_1_116' title='bbox 754 1698 787 1767; x_wconf 79' lang='grc' dir='ltr'><strong>ὴ</strong></span> <span class='ocrx_word' id='word_1_117' title='bbox 819 1699 983 1768; x_wconf 82' lang='grc' dir='ltr'><strong>ἀρχὴ,</strong></span> <span class='ocrx_word' id='word_1_118' title='bbox 1040 1715 1059 1749; x_wconf 76' lang='grc' dir='ltr'><strong>σ</strong></span> <span class='ocrx_word' id='word_1_119' title='bbox 1101 1699 1167 1751; x_wconf 77' lang='grc' dir='ltr'><strong>Αἱ</strong></span> <span class='ocrx_word' id='word_1_120' title='bbox 1202 1699 1302 1768; x_wconf 81' lang='grc' dir='ltr'><strong>μὲν</strong></span> <span class='ocrx_word' id='word_1_121' title='bbox 1359 1700 1624 1771; x_wconf 82' lang='grc' dir='ltr'><strong>αἱρέσεις,</strong></span> <span class='ocrx_word' id='word_1_122' title='bbox 1678 1701 1800 1755; x_wconf 83' lang='grc' dir='ltr'><strong>ὅσαι</strong></span> 
     </span>
    </p>
   </div>
   <div class='ocr_carea' id='block_1_19' title="bbox 116 1786 1801 1863">
    <p class='ocr_par' dir='ltr' id='par_1_19' title="bbox 116 1786 1801 1863">
     <span class='ocr_line' id='line_1_19' title="bbox 116 1786 1801 1863; baseline 0.002 -22"><span class='ocrx_word' id='word_1_123' title='bbox 116 1852 121 1855; x_wconf 11' lang='grc' dir='ltr'><strong>γ</strong></span> <span class='ocrx_word' id='word_1_124' title='bbox 221 1789 322 1859; x_wconf 81' lang='grc' dir='ltr'><strong>τῆς</strong></span> <span class='ocrx_word' id='word_1_125' title='bbox 348 1786 609 1858; x_wconf 75' lang='grc' dir='ltr'><strong>ἀληθείας</strong></span> <span class='ocrx_word' id='word_1_126' title='bbox 644 1791 997 1859; x_wconf 69' lang='grc' dir='ltr'><strong>ἑπινοήσασαι</strong></span> <span class='ocrx_word' id='word_1_127' title='bbox 1030 1792 1227 1859; x_wconf 87' lang='grc' dir='ltr'><strong>μανίαν</strong></span> <span class='ocrx_word' id='word_1_128' title='bbox 1284 1792 1526 1857; x_wconf 75' lang='grc' dir='ltr'><strong>ἑαυταῖς,</strong></span> <span class='ocrx_word' id='word_1_129' title='bbox 1592 1811 1610 1845; x_wconf 71' lang='grc' dir='ltr'><strong>ι</strong></span> <span class='ocrx_word' id='word_1_130' title='bbox 1663 1795 1801 1863; x_wconf 84' lang='grc' dir='ltr'><strong>μετὰ</strong></span> 
     </span>
    </p>
   </div>
   <div class='ocr_carea' id='block_1_20' title="bbox 222 1877 1797 1953">
    <p class='ocr_par' dir='ltr' id='par_1_20' title="bbox 222 1877 1797 1953">
     <span class='ocr_line' id='line_1_20' title="bbox 222 1877 1797 1953; baseline 0.003 -23"><span class='ocrx_word' id='word_1_131' title='bbox 222 1877 400 1930; x_wconf 80' lang='grc' dir='ltr'><strong>πολλὰ</strong></span> <span class='ocrx_word' id='word_1_132' title='bbox 456 1878 597 1930; x_wconf 84' lang='grc' dir='ltr'><strong>πάνυ</strong></span> <span class='ocrx_word' id='word_1_133' title='bbox 636 1878 801 1946; x_wconf 83' lang='grc' dir='ltr'><strong>φησίν</strong></span> <span class='ocrx_word' id='word_1_134' title='bbox 826 1894 839 1908; x_wconf 86' lang='grc'><strong>·</strong></span> <span class='ocrx_word' id='word_1_135' title='bbox 879 1896 898 1928; x_wconf 75' lang='grc' dir='ltr'><strong>ι</strong></span> <span class='ocrx_word' id='word_1_136' title='bbox 942 1880 1065 1942; x_wconf 85' lang='grc' dir='ltr'><strong>Τοῖς</strong></span> <span class='ocrx_word' id='word_1_137' title='bbox 1116 1879 1175 1932; x_wconf 74' lang='grc' dir='ltr'><strong>δὲ</strong></span> <span class='ocrx_word' id='word_1_138' title='bbox 1214 1880 1482 1952; x_wconf 74' lang='grc' dir='ltr'><strong>μαθηταῖς</strong></span> <span class='ocrx_word' id='word_1_139' title='bbox 1528 1883 1557 1932; x_wconf 84' lang='grc' dir='ltr'><strong>δ</strong></span> <span class='ocrx_word' id='word_1_140' title='bbox 1591 1884 1797 1953; x_wconf 83' lang='grc' dir='ltr'><strong>Κύριος</strong></span> 
     </span>
    </p>
   </div>
   <div class='ocr_carea' id='block_1_21' title="bbox 218 1965 1797 2036">
    <p class='ocr_par' dir='ltr' id='par_1_21' title="bbox 218 1965 1797 2036">
     <span class='ocr_line' id='line_1_21' title="bbox 218 1965 1797 2036; baseline 0.003 -17"><span class='ocrx_word' id='word_1_141' title='bbox 218 1968 321 2036; x_wconf 82' lang='grc' dir='ltr'><strong>τὴν</strong></span> <span class='ocrx_word' id='word_1_142' title='bbox 344 1965 577 2035; x_wconf 84' lang='grc' dir='ltr'><strong>θεότητα</strong></span> <span class='ocrx_word' id='word_1_143' title='bbox 591 1969 684 2019; x_wconf 79' lang='grc' dir='ltr'><strong>καὶ</strong></span> <span class='ocrx_word' id='word_1_144' title='bbox 703 1967 1101 2036; x_wconf 83' lang='grc' dir='ltr'><strong>μεγαλειότητα</strong></span> <span class='ocrx_word' id='word_1_145' title='bbox 1117 1967 1334 2030; x_wconf 78' lang='grc' dir='ltr'><strong>δεικνὺς</strong></span> <span class='ocrx_word' id='word_1_146' title='bbox 1362 1971 1578 2033; x_wconf 77' lang='grc' dir='ltr'><strong>ἑαυτοῦ,</strong></span> <span class='ocrx_word' id='word_1_147' title='bbox 1610 1971 1797 2024; x_wconf 80' lang='grc' dir='ltr'><strong>οὐκέτι</strong></span> 
     </span>
    </p>
   </div>
   <div class='ocr_carea' id='block_1_22' title="bbox 218 2056 1797 2129">
    <p class='ocr_par' dir='ltr' id='par_1_22' title="bbox 218 2056 1797 2129">
     <span class='ocr_line' id='line_1_22' title="bbox 218 2056 1797 2129; baseline 0.006 -23"><span class='ocrx_word' id='word_1_148' title='bbox 218 2056 484 2109; x_wconf 67' lang='grc' dir='ltr'><strong>ἐλάττονα</strong></span> <span class='ocrx_word' id='word_1_149' title='bbox 519 2057 709 2109; x_wconf 78' lang='grc' dir='ltr'><strong>ἑαυτὸν</strong></span> <span class='ocrx_word' id='word_1_150' title='bbox 753 2057 849 2109; x_wconf 86' lang='grc' dir='ltr'><strong>τοῦ</strong></span> <span class='ocrx_word' id='word_1_151' title='bbox 908 2057 1253 2127; x_wconf 78' lang='grc' dir='ltr'><strong>Πνεῦματος,</strong></span> <span class='ocrx_word' id='word_1_152' title='bbox 1284 2060 1421 2112; x_wconf 85' lang='grc' dir='ltr'><strong>ἀλλὰ</strong></span> <span class='ocrx_word' id='word_1_153' title='bbox 1445 2060 1670 2129; x_wconf 72' lang='grc' dir='ltr'><strong>μείζονα</strong></span> <span class='ocrx_word' id='word_1_154' title='bbox 1702 2064 1797 2115; x_wconf 80' lang='grc' dir='ltr'><strong>καὶ</strong></span> 
     </span>
    </p>
   </div>
   <div class='ocr_carea' id='block_1_23' title="bbox 221 2145 1801 2219">
    <p class='ocr_par' dir='ltr' id='par_1_23' title="bbox 221 2145 1801 2219">
     <span class='ocr_line' id='line_1_23' title="bbox 221 2145 1801 2219; baseline 0.006 -23"><span class='ocrx_word' id='word_1_155' title='bbox 221 2145 339 2199; x_wconf 76' lang='grc' dir='ltr'><strong>ἴσον</strong></span> <span class='ocrx_word' id='word_1_156' title='bbox 365 2146 494 2199; x_wconf 77' lang='grc' dir='ltr'><strong>δντα</strong></span> <span class='ocrx_word' id='word_1_157' title='bbox 529 2147 835 2215; x_wconf 79' lang='grc' dir='ltr'><strong>σημαίνων,</strong></span> <span class='ocrx_word' id='word_1_158' title='bbox 872 2148 1044 2201; x_wconf 76' lang='grc' dir='ltr'><strong>ἐδίδου</strong></span> <span class='ocrx_word' id='word_1_159' title='bbox 1084 2149 1184 2218; x_wconf 74' lang='grc' dir='ltr'><strong>μὲν</strong></span> <span class='ocrx_word' id='word_1_160' title='bbox 1219 2149 1536 2219; x_wconf 61' lang='grc' dir='ltr'><strong>τῖ’-Πνεῦμα</strong></span> <span class='ocrx_word' id='word_1_161' title='bbox 1560 2155 1651 2204; x_wconf 74' lang='grc' dir='ltr'><strong>καὶ</strong></span> <span class='ocrx_word' id='word_1_162' title='bbox 1685 2152 1801 2206; x_wconf 78' lang='grc' dir='ltr'><strong>ἐλε-</strong></span> 
     </span>
    </p>
   </div>
   <div class='ocr_carea' id='block_1_24' title="bbox 219 2237 1794 2310">
    <p class='ocr_par' dir='ltr' id='par_1_24' title="bbox 219 2237 1794 2310">
     <span class='ocr_line' id='line_1_24' title="bbox 219 2237 1794 2310; baseline 0.004 -21"><span class='ocrx_word' id='word_1_163' title='bbox 219 2252 319 2303; x_wconf 80' lang='grc' dir='ltr'><strong>γεν</strong></span> <span class='ocrx_word' id='word_1_164' title='bbox 342 2251 356 2267; x_wconf 91' lang='grc'><strong>·</strong></span> <span class='ocrx_word' id='word_1_165' title='bbox 391 2255 413 2289; x_wconf 81' lang='grc' dir='ltr'><strong>ι</strong></span> <span class='ocrx_word' id='word_1_166' title='bbox 462 2237 605 2306; x_wconf 83' lang='grc' dir='ltr'><strong>Ἐγὼ</strong></span> <span class='ocrx_word' id='word_1_167' title='bbox 627 2237 760 2290; x_wconf 81' lang='grc' dir='ltr'><strong>αὐτὸ</strong></span> <span class='ocrx_word' id='word_1_168' title='bbox 789 2239 1127 2306; x_wconf 80' lang='grc' dir='ltr'><strong>ἀποστέλλω,</strong></span> <span class='ocrx_word' id='word_1_169' title='bbox 1159 2241 1409 2303; x_wconf 79' lang='grc' dir='ltr'><strong>κάκεῖνος</strong></span> <span class='ocrx_word' id='word_1_170' title='bbox 1435 2242 1534 2310; x_wconf 71' lang='grc' dir='ltr'><strong>ἐμὲ</strong></span> <span class='ocrx_word' id='word_1_171' title='bbox 1554 2241 1794 2310; x_wconf 81' lang='grc' dir='ltr'><strong>δοξάσει,</strong></span> 
     </span>
    </p>
   </div>
   <div class='ocr_carea' id='block_1_25' title="bbox 223 2324 1798 2397">
    <p class='ocr_par' dir='ltr' id='par_1_25' title="bbox 223 2324 1798 2397">
     <span class='ocr_line' id='line_1_25' title="bbox 223 2324 1798 2397; baseline 0.006 -22"><span class='ocrx_word' id='word_1_172' title='bbox 223 2325 322 2376; x_wconf 74' lang='grc' dir='ltr'><strong>καὶ</strong></span> <span class='ocrx_word' id='word_1_173' title='bbox 350 2324 449 2378; x_wconf 79' lang='grc' dir='ltr'><strong>ὅσα</strong></span> <span class='ocrx_word' id='word_1_174' title='bbox 492 2326 719 2378; x_wconf 75' lang='grc' dir='ltr'><strong>ἀκούσει</strong></span> <span class='ocrx_word' id='word_1_175' title='bbox 751 2325 1000 2397; x_wconf 84' lang='grc' dir='ltr'><strong>λαλήσει.</strong></span> <span class='ocrx_word' id='word_1_176' title='bbox 1044 2346 1062 2379; x_wconf 74' lang='grc' dir='ltr'><strong>ι</strong></span> <span class='ocrx_word' id='word_1_177' title='bbox 1113 2328 1221 2381; x_wconf 77' lang='grc' dir='ltr'><strong>Καὶ</strong></span> <span class='ocrx_word' id='word_1_178' title='bbox 1278 2330 1415 2397; x_wconf 84' lang='grc' dir='ltr'><strong>μετὰ</strong></span> <span class='ocrx_word' id='word_1_179' title='bbox 1476 2331 1621 2396; x_wconf 85' lang='grc' dir='ltr'><strong>τινὰ,</strong></span> <span class='ocrx_word' id='word_1_180' title='bbox 1680 2332 1798 2396; x_wconf 86' lang='grc' dir='ltr'><strong>πῶς</strong></span> 
     </span>
    </p>
   </div>
   <div class='ocr_carea' id='block_1_26' title="bbox 217 2413 1795 2491">
    <p class='ocr_par' dir='ltr' id='par_1_26' title="bbox 217 2413 1795 2491">
     <span class='ocr_line' id='line_1_26' title="bbox 217 2413 1795 2491; baseline 0.006 -26"><span class='ocrx_word' id='word_1_181' title='bbox 217 2413 368 2466; x_wconf 68' lang='grc' dir='ltr'><strong>ἐστιν</strong></span> <span class='ocrx_word' id='word_1_182' title='bbox 399 2414 428 2465; x_wconf 80' lang='lat'><strong><em>6</em></strong></span> <span class='ocrx_word' id='word_1_183' title='bbox 466 2415 657 2485; x_wconf 76' lang='grc' dir='ltr'><strong>Πατὴρ</strong></span> <span class='ocrx_word' id='word_1_184' title='bbox 686 2417 894 2486; x_wconf 76' lang='grc' dir='ltr'><strong>μείζων</strong></span> <span class='ocrx_word' id='word_1_185' title='bbox 921 2417 1015 2469; x_wconf 87' lang='grc' dir='ltr'><strong>τοῦ</strong></span> <span class='ocrx_word' id='word_1_186' title='bbox 1047 2416 1201 2483; x_wconf 84' lang='grc' dir='ltr'><strong>Υίοῦ,</strong></span> <span class='ocrx_word' id='word_1_187' title='bbox 1250 2418 1637 2488; x_wconf 79' lang='grc' dir='ltr'><strong>ἐξηγούμενος,</strong></span> <span class='ocrx_word' id='word_1_188' title='bbox 1668 2421 1795 2491; x_wconf 72' lang='grc' dir='ltr'><strong>ἔφη’</strong></span> 
     </span>
    </p>
   </div>
   <div class='ocr_carea' id='block_1_27' title="bbox 224 2504 1794 2580">
    <p class='ocr_par' dir='ltr' id='par_1_27' title="bbox 224 2504 1794 2580">
     <span class='ocr_line' id='line_1_27' title="bbox 224 2504 1794 2580; baseline 0.005 -23"><span class='ocrx_word' id='word_1_189' title='bbox 224 2523 244 2557; x_wconf 75' lang='grc' dir='ltr'><strong>ι</strong></span> <span class='ocrx_word' id='word_1_190' title='bbox 282 2504 520 2570; x_wconf 74' lang='grc' dir='ltr'><strong>Μείζονα</strong></span> <span class='ocrx_word' id='word_1_191' title='bbox 565 2509 759 2560; x_wconf 79' lang='grc' dir='ltr'><strong>ἑαυτοῦ</strong></span> <span class='ocrx_word' id='word_1_192' title='bbox 791 2512 883 2561; x_wconf 86' lang='grc' dir='ltr'><strong>τὸν</strong></span> <span class='ocrx_word' id='word_1_193' title='bbox 936 2510 1157 2579; x_wconf 79' lang='grc' dir='ltr'><strong>Πατέρα</strong></span> <span class='ocrx_word' id='word_1_194' title='bbox 1205 2511 1233 2561; x_wconf 85' lang='grc' dir='ltr'><strong>ὁ</strong></span> <span class='ocrx_word' id='word_1_195' title='bbox 1286 2512 1491 2580; x_wconf 74' lang='grc' dir='ltr'><strong>Κύριος</strong></span> <span class='ocrx_word' id='word_1_196' title='bbox 1526 2508 1684 2565; x_wconf 82' lang='grc' dir='ltr'><strong>εἶπεν</strong></span> <span class='ocrx_word' id='word_1_197' title='bbox 1733 2513 1794 2566; x_wconf 85' lang='grc' dir='ltr'><strong>οὐ</strong></span> 
     </span>
    </p>
   </div>
   <div class='ocr_carea' id='block_1_28' title="bbox 219 2598 1792 2673">
    <p class='ocr_par' dir='ltr' id='par_1_28' title="bbox 219 2598 1792 2673">
     <span class='ocr_line' id='line_1_28' title="bbox 219 2598 1792 2673; baseline 0.006 -24"><span class='ocrx_word' id='word_1_198' title='bbox 219 2598 445 2666; x_wconf 81' lang='grc' dir='ltr'><strong>μεγέθει</strong></span> <span class='ocrx_word' id='word_1_199' title='bbox 467 2599 595 2666; x_wconf 75' lang='grc' dir='ltr'><strong>τινὶ,</strong></span> <span class='ocrx_word' id='word_1_200' title='bbox 627 2601 750 2653; x_wconf 75' lang='grc' dir='ltr'><strong>οὐδὲ</strong></span> <span class='ocrx_word' id='word_1_201' title='bbox 780 2602 981 2672; x_wconf 85' lang='grc' dir='ltr'><strong>χρόνῳ,</strong></span> <span class='ocrx_word' id='word_1_202' title='bbox 1008 2601 1144 2655; x_wconf 84' lang='grc' dir='ltr'><strong>ἀλλὰ</strong></span> <span class='ocrx_word' id='word_1_203' title='bbox 1170 2600 1260 2654; x_wconf 80' lang='grc' dir='ltr'><strong>διὰ</strong></span> <span class='ocrx_word' id='word_1_204' title='bbox 1284 2602 1383 2673; x_wconf 77' lang='grc' dir='ltr'><strong>τὴν</strong></span> <span class='ocrx_word' id='word_1_205' title='bbox 1408 2602 1468 2670; x_wconf 71' lang='grc' dir='ltr'><strong>ἐξ</strong></span> <span class='ocrx_word' id='word_1_206' title='bbox 1500 2605 1667 2656; x_wconf 76' lang='grc' dir='ltr'><strong>αὐτοῦ</strong></span> <span class='ocrx_word' id='word_1_207' title='bbox 1698 2605 1792 2658; x_wconf 89' lang='grc' dir='ltr'><strong>τοῦ</strong></span> 
     </span>
    </p>
   </div>
   <div class='ocr_carea' id='block_1_29' title="bbox 218 2689 1796 2763">
    <p class='ocr_par' dir='ltr' id='par_1_29' title="bbox 218 2689 1796 2763">
     <span class='ocr_line' id='line_1_29' title="bbox 218 2689 1796 2763; baseline 0.006 -21"><span class='ocrx_word' id='word_1_208' title='bbox 218 2689 434 2761; x_wconf 75' lang='grc' dir='ltr'><strong>Πατρδς</strong></span> <span class='ocrx_word' id='word_1_209' title='bbox 463 2695 773 2762; x_wconf 72' lang='grc' dir='ltr'><strong>γέννησιν.»</strong></span> <span class='ocrx_word' id='word_1_210' title='bbox 813 2694 990 2748; x_wconf 85' lang='grc' dir='ltr'><strong>Τοῦτο</strong></span> <span class='ocrx_word' id='word_1_211' title='bbox 1015 2693 1147 2763; x_wconf 91' lang='grc' dir='ltr'><strong>γοῦν</strong></span> <span class='ocrx_word' id='word_1_212' title='bbox 1175 2698 1291 2758; x_wconf 80' lang='grc' dir='ltr'><strong>τοῖς</strong></span> <span class='ocrx_word' id='word_1_213' title='bbox 1331 2695 1545 2750; x_wconf 85' lang='grc' dir='ltr'><strong>θέλουσι</strong></span> <span class='ocrx_word' id='word_1_214' title='bbox 1569 2701 1796 2753; x_wconf 76' lang='grc' dir='ltr'><strong>σκοπεῖν</strong></span> 
     </span>
    </p>
   </div>
   <div class='ocr_carea' id='block_1_30' title="bbox 217 2780 1793 2856">
    <p class='ocr_par' dir='ltr' id='par_1_30' title="bbox 217 2780 1793 2856">
     <span class='ocr_line' id='line_1_30' title="bbox 217 2780 1793 2856; baseline 0.006 -24"><span class='ocrx_word' id='word_1_215' title='bbox 217 2780 466 2851; x_wconf 79' lang='grc' dir='ltr'><strong>ἀκριϐῶς</strong></span> <span class='ocrx_word' id='word_1_216' title='bbox 540 2786 889 2856; x_wconf 82' lang='grc' dir='ltr'><strong>παραστήσει</strong></span> <span class='ocrx_word' id='word_1_217' title='bbox 941 2785 1031 2839; x_wconf 80' lang='grc' dir='ltr'><strong>διὰ</strong></span> <span class='ocrx_word' id='word_1_218' title='bbox 1061 2786 1222 2839; x_wconf 85' lang='grc' dir='ltr'><strong>τοῦτο</strong></span> <span class='ocrx_word' id='word_1_219' title='bbox 1287 2788 1515 2856; x_wconf 80' lang='grc' dir='ltr'><strong>μείζονα</strong></span> <span class='ocrx_word' id='word_1_220' title='bbox 1567 2791 1662 2843; x_wconf 80' lang='grc' dir='ltr'><strong>καὶ</strong></span> <span class='ocrx_word' id='word_1_221' title='bbox 1698 2790 1793 2842; x_wconf 89' lang='grc' dir='ltr'><strong>τοῦ</strong></span> 
     </span>
    </p>
   </div>
   <div class='ocr_carea' id='block_1_31' title="bbox 218 2869 1793 2948">
    <p class='ocr_par' dir='ltr' id='par_1_31' title="bbox 218 2869 1793 2948">
     <span class='ocr_line' id='line_1_31' title="bbox 218 2869 1793 2948; baseline 0.006 -26"><span class='ocrx_word' id='word_1_222' title='bbox 218 2869 543 2939; x_wconf 81' lang='grc' dir='ltr'><strong>Πνεύματος</strong></span> <span class='ocrx_word' id='word_1_223' title='bbox 580 2871 675 2926; x_wconf 80' lang='grc' dir='ltr'><strong>τὸν</strong></span> <span class='ocrx_word' id='word_1_224' title='bbox 701 2873 833 2928; x_wconf 83' lang='grc' dir='ltr'><strong>Υἱὺν</strong></span> <span class='ocrx_word' id='word_1_225' title='bbox 881 2875 1135 2945; x_wconf 80' lang='grc' dir='ltr'><strong>ῥηθῆναι,</strong></span> <span class='ocrx_word' id='word_1_226' title='bbox 1181 2875 1271 2930; x_wconf 84' lang='grc' dir='ltr'><strong>διὰ</strong></span> <span class='ocrx_word' id='word_1_227' title='bbox 1307 2878 1406 2948; x_wconf 70' lang='grc' dir='ltr'><strong>τὴν</strong></span> <span class='ocrx_word' id='word_1_228' title='bbox 1447 2880 1512 2931; x_wconf 69' lang='grc' dir='ltr'><strong>ἐκ</strong></span> <span class='ocrx_word' id='word_1_229' title='bbox 1539 2878 1633 2932; x_wconf 87' lang='grc' dir='ltr'><strong>τοῦ</strong></span> <span class='ocrx_word' id='word_1_230' title='bbox 1665 2877 1793 2933; x_wconf 84' lang='grc' dir='ltr'><strong>Υἰοῦ</strong></span> 
     </span>
    </p>
   </div>
   <div class='ocr_carea' id='block_1_32' title="bbox 212 2960 1035 3034">
    <p class='ocr_par' dir='ltr' id='par_1_32' title="bbox 212 2960 1035 3034">
     <span class='ocr_line' id='line_1_32' title="bbox 212 2960 1035 3034; baseline 0.005 -22"><span class='ocrx_word' id='word_1_231' title='bbox 212 2960 313 3012; x_wconf 86' lang='grc' dir='ltr'><strong>τοῦ</strong></span> <span class='ocrx_word' id='word_1_232' title='bbox 353 2961 676 3029; x_wconf 84' lang='grc' dir='ltr'><strong>Πνεύματος</strong></span> <span class='ocrx_word' id='word_1_233' title='bbox 707 2962 968 3034; x_wconf 78' lang='grc' dir='ltr'><strong>ὓπαρξιν.</strong></span> <span class='ocrx_word' id='word_1_234' title='bbox 1015 2983 1035 3016; x_wconf 76' lang='grc' dir='ltr'><strong>ι</strong></span> 
     </span>
    </p>
   </div>
   <div class='ocr_carea' id='block_1_33' title="bbox 294 3051 1791 3129">
    <p class='ocr_par' dir='ltr' id='par_1_33' title="bbox 294 3051 1791 3129">
     <span class='ocr_line' id='line_1_33' title="bbox 294 3051 1791 3129; baseline 0.007 -23"><span class='ocrx_word' id='word_1_235' title='bbox 294 3051 359 3106; x_wconf 84' lang='grc'><strong>⁹0</strong></span> <span class='ocrx_word' id='word_1_236' title='bbox 389 3054 559 3123; x_wconf 82' lang='grc' dir='ltr'><strong>μέγας</strong></span> <span class='ocrx_word' id='word_1_237' title='bbox 593 3054 872 3119; x_wconf 83' lang='grc' dir='ltr'><strong>Βασίλειος</strong></span> <span class='ocrx_word' id='word_1_238' title='bbox 927 3057 986 3110; x_wconf 82' lang='grc' dir='ltr'><strong>ἐν</strong></span> <span class='ocrx_word' id='word_1_239' title='bbox 1038 3073 1106 3129; x_wconf 76' lang='grc' dir='ltr'><strong>τῃ</strong></span> <span class='ocrx_word' id='word_1_240' title='bbox 1166 3059 1302 3128; x_wconf 81' lang='grc' dir='ltr'><strong>πρὸς</strong></span> <span class='ocrx_word' id='word_1_241' title='bbox 1336 3059 1438 3125; x_wconf 85' lang='grc' dir='ltr'><strong>τὰς</strong></span> <span class='ocrx_word' id='word_1_242' title='bbox 1496 3062 1791 3125; x_wconf 77' lang='grc' dir='ltr'><strong>κανονικὰς</strong></span> 
     </span>
    </p>
   </div>
   <div class='ocr_carea' id='block_1_34' title="bbox 1905 571 3484 643">
    <p class='ocr_par' dir='ltr' id='par_1_34' title="bbox 1905 571 3484 643">
     <span class='ocr_line' id='line_1_34' title="bbox 1905 571 3484 643; baseline 0.001 -16"><span class='ocrx_word' id='word_1_243' title='bbox 1905 571 2037 627; x_wconf 87' lang='lat' dir='ltr'><strong>dum</strong></span> <span class='ocrx_word' id='word_1_244' title='bbox 2085 571 2361 641; x_wconf 82' lang='lat' dir='ltr'><strong>propriam</strong></span> <span class='ocrx_word' id='word_1_245' title='bbox 2421 571 2715 636; x_wconf 87' lang='lat' dir='ltr'><strong>rationem,</strong></span> <span class='ocrx_word' id='word_1_246' title='bbox 2753 581 2810 626; x_wconf 91' lang='lat' dir='ltr'><strong>et</strong></span> <span class='ocrx_word' id='word_1_247' title='bbox 2837 588 2901 626; x_wconf 86' lang='lat' dir='ltr'><strong>ex</strong></span> <span class='ocrx_word' id='word_1_248' title='bbox 2949 572 3091 628; x_wconf 88' lang='lat' dir='ltr'><strong>Filio</strong></span> <span class='ocrx_word' id='word_1_249' title='bbox 3154 574 3247 643; x_wconf 88' lang='lat' dir='ltr'><strong>qui</strong></span> <span class='ocrx_word' id='word_1_250' title='bbox 3279 589 3345 629; x_wconf 79' lang='lat' dir='ltr'><strong>ex</strong></span> <span class='ocrx_word' id='word_1_251' title='bbox 3373 573 3484 628; x_wconf 83' lang='lat' dir='ltr'><strong>Deo</strong></span> 
     </span>
    </p>
   </div>
   <div class='ocr_carea' id='block_1_35' title="bbox 1904 663 3480 736">
    <p class='ocr_par' dir='ltr' id='par_1_35' title="bbox 1904 663 3480 736">
     <span class='ocr_line' id='line_1_35' title="bbox 1904 663 3480 736; baseline 0.001 -20"><span class='ocrx_word' id='word_1_252' title='bbox 1904 663 2204 717; x_wconf 76' lang='lat' dir='ltr'><strong>secundum</strong></span> <span class='ocrx_word' id='word_1_253' title='bbox 2221 671 2470 716; x_wconf 90' lang='lat' dir='ltr'><strong>naturam</strong></span> <span class='ocrx_word' id='word_1_254' title='bbox 2489 673 2667 717; x_wconf 90' lang='lat' dir='ltr'><strong>ortum</strong></span> <span class='ocrx_word' id='word_1_255' title='bbox 2690 664 2899 729; x_wconf 81' lang='lat' dir='ltr'><strong>habuit,</strong></span> <span class='ocrx_word' id='word_1_256' title='bbox 2917 668 3113 719; x_wconf 89' lang='lat' dir='ltr'><strong>hocest</strong></span> <span class='ocrx_word' id='word_1_257' title='bbox 3130 665 3444 736; x_wconf 75' lang='lat' dir='ltr'><strong>Uuigenito.</strong></span> <span class='ocrx_word' id='word_1_258' title='bbox 3459 684 3480 718; x_wconf 73' lang='grc' dir='ltr'><strong>ι</strong></span> 
     </span>
    </p>
   </div>
   <div class='ocr_carea' id='block_1_36' title="bbox 1906 753 3483 825">
    <p class='ocr_par' dir='ltr' id='par_1_36' title="bbox 1906 753 3483 825">
     <span class='ocr_line' id='line_1_36' title="bbox 1906 753 3483 825; baseline 0.003 -18"><span class='ocrx_word' id='word_1_259' title='bbox 1906 753 1972 807; x_wconf 82' lang='grc' dir='ltr'><strong>Ει</strong></span> <span class='ocrx_word' id='word_1_260' title='bbox 2000 754 2197 807; x_wconf 89' lang='lat' dir='ltr'><strong>iterum</strong></span> <span class='ocrx_word' id='word_1_261' title='bbox 2232 771 2244 806; x_wconf 92' lang='lat'><strong>:</strong></span> <span class='ocrx_word' id='word_1_262' title='bbox 2282 771 2299 804; x_wconf 77' lang='grc' dir='ltr'><strong>ι</strong></span> <span class='ocrx_word' id='word_1_263' title='bbox 2342 755 2600 823; x_wconf 85' lang='lat' dir='ltr'><strong>Proprius</strong></span> <span class='ocrx_word' id='word_1_264' title='bbox 2625 765 2711 809; x_wconf 88' lang='lat' dir='ltr'><strong>est</strong></span> <span class='ocrx_word' id='word_1_265' title='bbox 2742 755 2980 825; x_wconf 89' lang='lat' dir='ltr'><strong>Spiritus</strong></span> <span class='ocrx_word' id='word_1_266' title='bbox 2997 755 3141 821; x_wconf 87' lang='lat' dir='ltr'><strong>Filii,</strong></span> <span class='ocrx_word' id='word_1_267' title='bbox 3178 772 3286 812; x_wconf 91' lang='lat' dir='ltr'><strong>nou</strong></span> <span class='ocrx_word' id='word_1_268' title='bbox 3304 761 3483 812; x_wconf 89' lang='lat' dir='ltr'><strong>solum</strong></span> 
     </span>
    </p>
   </div>
   <div class='ocr_carea' id='block_1_37' title="bbox 1906 844 3482 916">
    <p class='ocr_par' dir='ltr' id='par_1_37' title="bbox 1906 844 3482 916">
     <span class='ocr_line' id='line_1_37' title="bbox 1906 844 3482 916; baseline 0.004 -17"><span class='ocrx_word' id='word_1_269' title='bbox 1906 862 2015 915; x_wconf 90' lang='lat' dir='ltr'><strong>qua</strong></span> <span class='ocrx_word' id='word_1_270' title='bbox 2057 844 2292 901; x_wconf 84' lang='lat' dir='ltr'><strong>Verbum</strong></span> <span class='ocrx_word' id='word_1_271' title='bbox 2330 857 2433 911; x_wconf 85' lang='lat' dir='ltr'><strong>est,</strong></span> <span class='ocrx_word' id='word_1_272' title='bbox 2459 862 2524 901; x_wconf 80' lang='lat' dir='ltr'><strong>ex</strong></span> <span class='ocrx_word' id='word_1_273' title='bbox 2552 847 2659 901; x_wconf 84' lang='lat' dir='ltr'><strong>Deo</strong></span> <span class='ocrx_word' id='word_1_274' title='bbox 2681 851 3001 916; x_wconf 75' lang='lat' dir='ltr'><strong>adveniens,</strong></span> <span class='ocrx_word' id='word_1_275' title='bbox 3050 851 3144 905; x_wconf 88' lang='lat' dir='ltr'><strong>sed</strong></span> <span class='ocrx_word' id='word_1_276' title='bbox 3180 852 3346 905; x_wconf 87' lang='lat' dir='ltr'><strong>etiam</strong></span> <span class='ocrx_word' id='word_1_277' title='bbox 3382 851 3482 906; x_wconf 87' lang='lat' dir='ltr'><strong>sia</strong></span> 
     </span>
    </p>
   </div>
   <div class='ocr_carea' id='block_1_38' title="bbox 1907 932 3025 1004">
    <p class='ocr_par' dir='ltr' id='par_1_38' title="bbox 1907 932 3025 1004">
     <span class='ocr_line' id='line_1_38' title="bbox 1907 932 3025 1004; baseline 0.006 -16"><span class='ocrx_word' id='word_1_278' title='bbox 1907 935 2068 990; x_wconf 89' lang='lat' dir='ltr'><strong>nobis</strong></span> <span class='ocrx_word' id='word_1_279' title='bbox 2119 936 2463 1004; x_wconf 82' lang='lat' dir='ltr'><strong>concipiatur</strong></span> <span class='ocrx_word' id='word_1_280' title='bbox 2492 945 2551 990; x_wconf 89' lang='lat' dir='ltr'><strong>ut</strong></span> <span class='ocrx_word' id='word_1_281' title='bbox 2610 932 2781 992; x_wconf 89' lang='lat' dir='ltr'><strong>homo</strong></span> <span class='ocrx_word' id='word_1_282' title='bbox 2828 939 3025 995; x_wconf 77' lang='lat' dir='ltr'><strong>factus.</strong></span> 
     </span>
    </p>
   </div>
   <div class='ocr_carea' id='block_1_39' title="bbox 1975 1046 3483 1125">
    <p class='ocr_par' dir='ltr' id='par_1_39' title="bbox 1975 1046 3483 1125">
     <span class='ocr_line' id='line_1_39' title="bbox 1975 1046 3483 1125; baseline 0.007 -26"><span class='ocrx_word' id='word_1_283' title='bbox 1975 1046 2123 1100; x_wconf 90' lang='lat' dir='ltr'><strong>ldem</strong></span> <span class='ocrx_word' id='word_1_284' title='bbox 2161 1062 2179 1099; x_wconf 89' lang='lat'><strong>:</strong></span> <span class='ocrx_word' id='word_1_285' title='bbox 2210 1064 2233 1100; x_wconf 73' lang='grc' dir='ltr'><strong>ι</strong></span> <span class='ocrx_word' id='word_1_286' title='bbox 2267 1046 2381 1102; x_wconf 83' lang='grc' dir='ltr'><strong>Νοη</strong></span> <span class='ocrx_word' id='word_1_287' title='bbox 2418 1048 2628 1104; x_wconf 84' lang='lat' dir='ltr'><strong>alienus</strong></span> <span class='ocrx_word' id='word_1_288' title='bbox 2654 1061 2736 1106; x_wconf 90' lang='lat' dir='ltr'><strong>est</strong></span> <span class='ocrx_word' id='word_1_289' title='bbox 2788 1066 2820 1106; x_wconf 88' lang='lat' dir='ltr'><strong>a</strong></span> <span class='ocrx_word' id='word_1_290' title='bbox 2865 1051 2959 1107; x_wconf 88' lang='lat' dir='ltr'><strong>Dei</strong></span> <span class='ocrx_word' id='word_1_291' title='bbox 3002 1053 3172 1122; x_wconf 85' lang='lat' dir='ltr'><strong>gloria</strong></span> <span class='ocrx_word' id='word_1_292' title='bbox 3224 1053 3483 1125; x_wconf 68' lang='lat' dir='ltr'><strong>Spiritus,</strong></span> 
     </span>
    </p>
   </div>
   <div class='ocr_carea' id='block_1_40' title="bbox 1904 1139 3262 1215">
    <p class='ocr_par' dir='ltr' id='par_1_40' title="bbox 1904 1139 3262 1215">
     <span class='ocr_line' id='line_1_40' title="bbox 1904 1139 3262 1215; baseline 0.005 -23"><span class='ocrx_word' id='word_1_293' title='bbox 1904 1152 1970 1193; x_wconf 78' lang='lat' dir='ltr'><strong>ex</strong></span> <span class='ocrx_word' id='word_1_294' title='bbox 2033 1139 2291 1195; x_wconf 80' lang='lat' dir='ltr'><strong>iuetl&#39;abili</strong></span> <span class='ocrx_word' id='word_1_295' title='bbox 2326 1156 2419 1196; x_wconf 87' lang='lat' dir='ltr'><strong>ore</strong></span> <span class='ocrx_word' id='word_1_296' title='bbox 2443 1141 2786 1199; x_wconf 77' lang='lat' dir='ltr'><strong>ineffabiliter</strong></span> <span class='ocrx_word' id='word_1_297' title='bbox 2829 1146 3202 1215; x_wconf 74' lang='lat' dir='ltr'><strong>progrediens.</strong></span> <span class='ocrx_word' id='word_1_298' title='bbox 3244 1166 3262 1199; x_wconf 73' lang='grc' dir='ltr'><strong>ι</strong></span> 
     </span>
    </p>
   </div>
   <div class='ocr_carea' id='block_1_41' title="bbox 1978 1301 3487 1373">
    <p class='ocr_par' dir='ltr' id='par_1_41' title="bbox 1978 1301 3487 1373">
     <span class='ocr_line' id='line_1_41' title="bbox 1978 1301 3487 1373; baseline 0.007 -18"><span class='ocrx_word' id='word_1_299' title='bbox 1978 1301 2206 1373; x_wconf 73' lang='lat' dir='ltr'><strong>Magnus</strong></span> <span class='ocrx_word' id='word_1_300' title='bbox 2237 1301 2476 1359; x_wconf 76' lang='lat' dir='ltr'><strong>Basilius</strong></span> <span class='ocrx_word' id='word_1_301' title='bbox 2513 1320 2530 1362; x_wconf 85' lang='lat'><strong>:</strong></span> <span class='ocrx_word' id='word_1_302' title='bbox 2574 1323 2593 1355; x_wconf 80' lang='grc' dir='ltr'><strong>ι</strong></span> <span class='ocrx_word' id='word_1_303' title='bbox 2624 1303 2867 1373; x_wconf 86' lang='lat' dir='ltr'><strong>Spiritus</strong></span> <span class='ocrx_word' id='word_1_304' title='bbox 2898 1316 3126 1363; x_wconf 90' lang='lat' dir='ltr'><strong>sanctus</strong></span> <span class='ocrx_word' id='word_1_305' title='bbox 3160 1309 3298 1362; x_wconf 86' lang='lat' dir='ltr'><strong>nihil</strong></span> <span class='ocrx_word' id='word_1_306' title='bbox 3317 1309 3487 1366; x_wconf 87' lang='lat' dir='ltr'><strong>habet</strong></span> 
     </span>
    </p>
   </div>
   <div class='ocr_carea' id='block_1_42' title="bbox 1844 1395 3486 1471">
    <p class='ocr_par' dir='ltr' id='par_1_42' title="bbox 1844 1395 3486 1471">
     <span class='ocr_line' id='line_1_42' title="bbox 1844 1395 3486 1471; baseline 0.006 -23"><span class='ocrx_word' id='word_1_307' title='bbox 1844 1404 1854 1416; x_wconf 88' lang='lat'><strong><em>&#39;</em></strong></span> <span class='ocrx_word' id='word_1_308' title='bbox 1905 1395 1961 1449; x_wconf 92' lang='lat' dir='ltr'><strong>lu</strong></span> <span class='ocrx_word' id='word_1_309' title='bbox 1984 1411 2042 1450; x_wconf 90' lang='lat' dir='ltr'><strong>se</strong></span> <span class='ocrx_word' id='word_1_310' title='bbox 2073 1395 2437 1462; x_wconf 90' lang='lat' dir='ltr'><strong>adscititium,</strong></span> <span class='ocrx_word' id='word_1_311' title='bbox 2461 1397 2554 1451; x_wconf 90' lang='lat' dir='ltr'><strong>sed</strong></span> <span class='ocrx_word' id='word_1_312' title='bbox 2593 1399 2662 1451; x_wconf 90' lang='lat' dir='ltr'><strong>ah</strong></span> <span class='ocrx_word' id='word_1_313' title='bbox 2690 1412 2899 1454; x_wconf 69' lang='lat' dir='ltr'><strong>aeterno</strong></span> <span class='ocrx_word' id='word_1_314' title='bbox 2922 1406 3108 1455; x_wconf 83' lang='lat' dir='ltr'><strong>omnia</strong></span> <span class='ocrx_word' id='word_1_315' title='bbox 3136 1404 3381 1471; x_wconf 79' lang='lat' dir='ltr'><strong>possidet</strong></span> <span class='ocrx_word' id='word_1_316' title='bbox 3403 1405 3486 1461; x_wconf 86' lang='lat' dir='ltr'><strong>uti</strong></span> 
     </span>
    </p>
   </div>
   <div class='ocr_carea' id='block_1_43' title="bbox 1905 1486 2833 1559">
    <p class='ocr_par' dir='ltr' id='par_1_43' title="bbox 1905 1486 2833 1559">
     <span class='ocr_line' id='line_1_43' title="bbox 1905 1486 2833 1559; baseline 0.002 -18"><span class='ocrx_word' id='word_1_317' title='bbox 1905 1486 2144 1556; x_wconf 78' lang='lat' dir='ltr'><strong>Spiritus</strong></span> <span class='ocrx_word' id='word_1_318' title='bbox 2166 1486 2259 1542; x_wconf 85' lang='lat' dir='ltr'><strong>Dei</strong></span> <span class='ocrx_word' id='word_1_319' title='bbox 2294 1502 2360 1542; x_wconf 79' lang='lat' dir='ltr'><strong>ex</strong></span> <span class='ocrx_word' id='word_1_320' title='bbox 2399 1502 2464 1543; x_wconf 89' lang='lat' dir='ltr'><strong>eo</strong></span> <span class='ocrx_word' id='word_1_321' title='bbox 2488 1504 2780 1559; x_wconf 83' lang='lat' dir='ltr'><strong>apparens.</strong></span> <span class='ocrx_word' id='word_1_322' title='bbox 2813 1509 2833 1543; x_wconf 75' lang='grc' dir='ltr'><strong>ι</strong></span> 
     </span>
    </p>
   </div>
   <div class='ocr_carea' id='block_1_44' title="bbox 1975 1595 3484 1673">
    <p class='ocr_par' dir='ltr' id='par_1_44' title="bbox 1975 1595 3484 1673">
     <span class='ocr_line' id='line_1_44' title="bbox 1975 1595 3484 1673; baseline 0.01 -25"><span class='ocrx_word' id='word_1_323' title='bbox 1975 1595 2206 1665; x_wconf 79' lang='lat' dir='ltr'><strong>Magnus</strong></span> <span class='ocrx_word' id='word_1_324' title='bbox 2286 1596 2626 1655; x_wconf 83' lang='lat' dir='ltr'><strong>Athanasius</strong></span> <span class='ocrx_word' id='word_1_325' title='bbox 2710 1602 2957 1657; x_wconf 86' lang='lat' dir='ltr'><strong>oratione</strong></span> <span class='ocrx_word' id='word_1_326' title='bbox 3028 1605 3206 1673; x_wconf 90' lang='lat' dir='ltr'><strong>prima</strong></span> <span class='ocrx_word' id='word_1_327' title='bbox 3290 1616 3484 1662; x_wconf 89' lang='lat' dir='ltr'><strong>contra</strong></span> 
     </span>
    </p>
   </div>
   <div class='ocr_carea' id='block_1_45' title="bbox 1903 1688 3485 1768">
    <p class='ocr_par' dir='ltr' id='par_1_45' title="bbox 1903 1688 3485 1768">
     <span class='ocr_line' id='line_1_45' title="bbox 1903 1688 3485 1768; baseline 0.008 -27"><span class='ocrx_word' id='word_1_328' title='bbox 1903 1688 2164 1751; x_wconf 81' lang='lat' dir='ltr'><strong>Arianos,</strong></span> <span class='ocrx_word' id='word_1_329' title='bbox 2194 1704 2317 1759; x_wconf 70' lang='lat' dir='ltr'><strong>qua:</strong></span> <span class='ocrx_word' id='word_1_330' title='bbox 2365 1689 2558 1759; x_wconf 85' lang='lat' dir='ltr'><strong>incipit</strong></span> <span class='ocrx_word' id='word_1_331' title='bbox 2588 1707 2601 1743; x_wconf 77' lang='grc' dir='ltr'><strong>ε</strong></span> <span class='ocrx_word' id='word_1_332' title='bbox 2637 1709 2655 1742; x_wconf 83' lang='grc' dir='ltr'><strong>ι</strong></span> <span class='ocrx_word' id='word_1_333' title='bbox 2692 1691 2940 1749; x_wconf 68' lang='lat' dir='ltr'><strong>[hereses</strong></span> <span class='ocrx_word' id='word_1_334' title='bbox 2994 1712 3337 1768; x_wconf 71' lang='lat' dir='ltr'><strong>qumcunque</strong></span> <span class='ocrx_word' id='word_1_335' title='bbox 3394 1716 3485 1755; x_wconf 78' lang='lat' dir='ltr'><strong>ve-</strong></span> 
     </span>
    </p>
   </div>
   <div class='ocr_carea' id='block_1_46' title="bbox 1907 1781 3482 1851">
    <p class='ocr_par' dir='ltr' id='par_1_46' title="bbox 1907 1781 3482 1851">
     <span class='ocr_line' id='line_1_46' title="bbox 1907 1781 3482 1851; baseline 0.008 -17"><span class='ocrx_word' id='word_1_336' title='bbox 1907 1782 2120 1835; x_wconf 90' lang='lat' dir='ltr'><strong>ritatem</strong></span> <span class='ocrx_word' id='word_1_337' title='bbox 2171 1781 2675 1850; x_wconf 84' lang='lat' dir='ltr'><strong>apprehenderunt,</strong></span> <span class='ocrx_word' id='word_1_338' title='bbox 2738 1787 3013 1840; x_wconf 85' lang='lat' dir='ltr'><strong>insaniam</strong></span> <span class='ocrx_word' id='word_1_339' title='bbox 3063 1789 3190 1851; x_wconf 86' lang='lat' dir='ltr'><strong>sibi,</strong></span> <span class='ocrx_word' id='word_1_340' title='bbox 3232 1809 3251 1842; x_wconf 76' lang='grc' dir='ltr'><strong>ι</strong></span> <span class='ocrx_word' id='word_1_341' title='bbox 3290 1791 3482 1846; x_wconf 88' lang='lat' dir='ltr'><strong>multis</strong></span> 
     </span>
    </p>
   </div>
   <div class='ocr_carea' id='block_1_47' title="bbox 1905 1871 3482 1949">
    <p class='ocr_par' dir='ltr' id='par_1_47' title="bbox 1905 1871 3482 1949">
     <span class='ocr_line' id='line_1_47' title="bbox 1905 1871 3482 1949; baseline 0.009 -24"><span class='ocrx_word' id='word_1_342' title='bbox 1905 1871 2108 1927; x_wconf 88' lang='lat' dir='ltr'><strong>additis</strong></span> <span class='ocrx_word' id='word_1_343' title='bbox 2178 1872 2610 1942; x_wconf 80' lang='lat' dir='ltr'><strong>interjectisque,</strong></span> <span class='ocrx_word' id='word_1_344' title='bbox 2672 1876 2859 1931; x_wconf 83' lang='lat' dir='ltr'><strong>subdit</strong></span> <span class='ocrx_word' id='word_1_345' title='bbox 2895 1895 2910 1932; x_wconf 89' lang='lat'><strong>:</strong></span> <span class='ocrx_word' id='word_1_346' title='bbox 2947 1897 2964 1930; x_wconf 77' lang='grc' dir='ltr'><strong>ι</strong></span> <span class='ocrx_word' id='word_1_347' title='bbox 3000 1878 3297 1949; x_wconf 84' lang='lat' dir='ltr'><strong>Discipulis</strong></span> <span class='ocrx_word' id='word_1_348' title='bbox 3351 1899 3482 1939; x_wconf 81' lang='lat' dir='ltr'><strong>vero</strong></span> 
     </span>
    </p>
   </div>
   <div class='ocr_carea' id='block_1_48' title="bbox 1900 1961 3481 2041">
    <p class='ocr_par' dir='ltr' id='par_1_48' title="bbox 1900 1961 3481 2041">
     <span class='ocr_line' id='line_1_48' title="bbox 1900 1961 3481 2041; baseline 0.01 -27"><span class='ocrx_word' id='word_1_349' title='bbox 1900 1961 2159 2015; x_wconf 86' lang='lat' dir='ltr'><strong>deitatem</strong></span> <span class='ocrx_word' id='word_1_350' title='bbox 2195 1972 2250 2016; x_wconf 89' lang='lat' dir='ltr'><strong>et</strong></span> <span class='ocrx_word' id='word_1_351' title='bbox 2309 1964 2740 2033; x_wconf 79' lang='lat' dir='ltr'><strong>magnitudinem</strong></span> <span class='ocrx_word' id='word_1_352' title='bbox 2810 1983 2968 2023; x_wconf 88' lang='lat' dir='ltr'><strong>suam</strong></span> <span class='ocrx_word' id='word_1_353' title='bbox 3016 1980 3319 2041; x_wconf 85' lang='lat' dir='ltr'><strong>ostentans,</strong></span> <span class='ocrx_word' id='word_1_354' title='bbox 3368 1991 3481 2030; x_wconf 91' lang='lat' dir='ltr'><strong>non</strong></span> 
     </span>
    </p>
   </div>
   <div class='ocr_carea' id='block_1_49' title="bbox 1900 2053 3479 2131">
    <p class='ocr_par' dir='ltr' id='par_1_49' title="bbox 1900 2053 3479 2131">
     <span class='ocr_line' id='line_1_49' title="bbox 1900 2053 3479 2131; baseline 0.006 -26"><span class='ocrx_word' id='word_1_355' title='bbox 1900 2053 2166 2106; x_wconf 87' lang='lat' dir='ltr'><strong>minorem</strong></span> <span class='ocrx_word' id='word_1_356' title='bbox 2247 2054 2601 2123; x_wconf 89' lang='lat' dir='ltr'><strong>semetipsum</strong></span> <span class='ocrx_word' id='word_1_357' title='bbox 2666 2054 2895 2126; x_wconf 87' lang='lat' dir='ltr'><strong>Spiritu,</strong></span> <span class='ocrx_word' id='word_1_358' title='bbox 2944 2061 3038 2114; x_wconf 88' lang='lat' dir='ltr'><strong>sed</strong></span> <span class='ocrx_word' id='word_1_359' title='bbox 3090 2064 3353 2131; x_wconf 80' lang='lat' dir='ltr'><strong>majorem</strong></span> <span class='ocrx_word' id='word_1_360' title='bbox 3425 2075 3479 2119; x_wconf 80' lang='lat' dir='ltr'><strong>et</strong></span> 
     </span>
    </p>
   </div>
   <div class='ocr_carea' id='block_1_50' title="bbox 1899 2144 3478 2220">
    <p class='ocr_par' dir='ltr' id='par_1_50' title="bbox 1899 2144 3478 2220">
     <span class='ocr_line' id='line_1_50' title="bbox 1899 2144 3478 2220; baseline 0.008 -22"><span class='ocrx_word' id='word_1_361' title='bbox 1899 2144 2163 2212; x_wconf 65' lang='lat' dir='ltr'><strong>aequalem</strong></span> <span class='ocrx_word' id='word_1_362' title='bbox 2199 2145 2489 2207; x_wconf 80' lang='lat' dir='ltr'><strong>denatans.</strong></span> <span class='ocrx_word' id='word_1_363' title='bbox 2522 2146 2894 2216; x_wconf 85' lang='lat' dir='ltr'><strong>elargiebatur</strong></span> <span class='ocrx_word' id='word_1_364' title='bbox 2933 2151 3226 2220; x_wconf 83' lang='lat' dir='ltr'><strong>Spiritum,</strong></span> <span class='ocrx_word' id='word_1_365' title='bbox 3266 2155 3478 2211; x_wconf 78' lang='lat' dir='ltr'><strong>aiebat-</strong></span> 
     </span>
    </p>
   </div>
   <div class='ocr_carea' id='block_1_51' title="bbox 1898 2233 3480 2314">
    <p class='ocr_par' dir='ltr' id='par_1_51' title="bbox 1898 2233 3480 2314">
     <span class='ocr_line' id='line_1_51' title="bbox 1898 2233 3480 2314; baseline 0.01 -27"><span class='ocrx_word' id='word_1_366' title='bbox 1898 2250 2006 2304; x_wconf 90' lang='lat' dir='ltr'><strong>que</strong></span> <span class='ocrx_word' id='word_1_367' title='bbox 2040 2251 2053 2288; x_wconf 90' lang='lat'><strong>:</strong></span> <span class='ocrx_word' id='word_1_368' title='bbox 2099 2253 2115 2285; x_wconf 79' lang='grc' dir='ltr'><strong>ι</strong></span> <span class='ocrx_word' id='word_1_369' title='bbox 2144 2233 2255 2306; x_wconf 84' lang='lat' dir='ltr'><strong>Ego</strong></span> <span class='ocrx_word' id='word_1_370' title='bbox 2284 2237 2437 2291; x_wconf 91' lang='lat' dir='ltr'><strong>illum</strong></span> <span class='ocrx_word' id='word_1_371' title='bbox 2466 2238 2700 2301; x_wconf 87' lang='lat' dir='ltr'><strong>mittam,</strong></span> <span class='ocrx_word' id='word_1_372' title='bbox 2729 2249 2781 2294; x_wconf 91' lang='lat' dir='ltr'><strong>et</strong></span> <span class='ocrx_word' id='word_1_373' title='bbox 2813 2240 2904 2295; x_wconf 90' lang='lat' dir='ltr'><strong>ille</strong></span> <span class='ocrx_word' id='word_1_374' title='bbox 2935 2257 3022 2296; x_wconf 89' lang='lat' dir='ltr'><strong>me</strong></span> <span class='ocrx_word' id='word_1_375' title='bbox 3045 2244 3392 2314; x_wconf 77' lang='lat' dir='ltr'><strong>glorilicabit,</strong></span> <span class='ocrx_word' id='word_1_376' title='bbox 3423 2258 3480 2303; x_wconf 87' lang='lat' dir='ltr'><strong>et</strong></span> 
     </span>
    </p>
   </div>
   <div class='ocr_carea' id='block_1_52' title="bbox 1898 2329 3475 2405">
    <p class='ocr_par' dir='ltr' id='par_1_52' title="bbox 1898 2329 3475 2405">
     <span class='ocr_line' id='line_1_52' title="bbox 1898 2329 3475 2405; baseline 0.01 -28"><span class='ocrx_word' id='word_1_377' title='bbox 1898 2342 2237 2397; x_wconf 62' lang='lat' dir='ltr'><strong>quaecunque</strong></span> <span class='ocrx_word' id='word_1_378' title='bbox 2257 2329 2441 2382; x_wconf 88' lang='lat' dir='ltr'><strong>audiet</strong></span> <span class='ocrx_word' id='word_1_379' title='bbox 2463 2330 2719 2399; x_wconf 89' lang='lat' dir='ltr'><strong>loquetur</strong></span> <span class='ocrx_word' id='word_1_380' title='bbox 2748 2332 2814 2386; x_wconf 85' lang='grc'><strong>⁸⁷.</strong></span> <span class='ocrx_word' id='word_1_381' title='bbox 2850 2351 2871 2385; x_wconf 70' lang='grc' dir='ltr'><strong><em>ο</em></strong></span> <span class='ocrx_word' id='word_1_382' title='bbox 2934 2332 3002 2388; x_wconf 87' lang='grc' dir='ltr'><strong>Ει</strong></span> <span class='ocrx_word' id='word_1_383' title='bbox 3038 2348 3163 2405; x_wconf 91' lang='lat' dir='ltr'><strong>post</strong></span> <span class='ocrx_word' id='word_1_384' title='bbox 3214 2343 3475 2395; x_wconf 85' lang='lat' dir='ltr'><strong>nonnulla</strong></span> 
     </span>
    </p>
   </div>
   <div class='ocr_carea' id='block_1_53' title="bbox 1899 2419 3476 2500">
    <p class='ocr_par' dir='ltr' id='par_1_53' title="bbox 1899 2419 3476 2500">
     <span class='ocr_line' id='line_1_53' title="bbox 1899 2419 3476 2500; baseline 0.01 -28"><span class='ocrx_word' id='word_1_385' title='bbox 1899 2421 2026 2479; x_wconf 85' lang='lat' dir='ltr'><strong>alia,</strong></span> <span class='ocrx_word' id='word_1_386' title='bbox 2090 2421 2364 2489; x_wconf 86' lang='lat' dir='ltr'><strong>quomodo</strong></span> <span class='ocrx_word' id='word_1_387' title='bbox 2398 2419 2562 2476; x_wconf 87' lang='lat' dir='ltr'><strong>Pater</strong></span> <span class='ocrx_word' id='word_1_388' title='bbox 2617 2424 2689 2477; x_wconf 91' lang='lat' dir='ltr'><strong>sit</strong></span> <span class='ocrx_word' id='word_1_389' title='bbox 2742 2424 2921 2494; x_wconf 86' lang='lat' dir='ltr'><strong>major</strong></span> <span class='ocrx_word' id='word_1_390' title='bbox 2948 2425 3092 2482; x_wconf 80' lang='lat' dir='ltr'><strong>Filio</strong></span> <span class='ocrx_word' id='word_1_391' title='bbox 3146 2432 3476 2500; x_wconf 69' lang='lat' dir='ltr'><strong>esplanans,</strong></span> 
     </span>
    </p>
   </div>
   <div class='ocr_carea' id='block_1_54' title="bbox 1897 2511 3472 2587">
    <p class='ocr_par' dir='ltr' id='par_1_54' title="bbox 1897 2511 3472 2587">
     <span class='ocr_line' id='line_1_54' title="bbox 1897 2511 3472 2587; baseline 0.01 -23"><span class='ocrx_word' id='word_1_392' title='bbox 1897 2511 2126 2565; x_wconf 82' lang='lat' dir='ltr'><strong>subdit:</strong></span> <span class='ocrx_word' id='word_1_393' title='bbox 2163 2530 2181 2562; x_wconf 78' lang='grc' dir='ltr'><strong>ι</strong></span> <span class='ocrx_word' id='word_1_394' title='bbox 2227 2512 2484 2581; x_wconf 81' lang='lat' dir='ltr'><strong>Majorem</strong></span> <span class='ocrx_word' id='word_1_395' title='bbox 2528 2514 2711 2583; x_wconf 84' lang='lat' dir='ltr'><strong>seipso</strong></span> <span class='ocrx_word' id='word_1_396' title='bbox 2742 2516 3011 2573; x_wconf 85' lang='lat' dir='ltr'><strong>Dominus</strong></span> <span class='ocrx_word' id='word_1_397' title='bbox 3050 2519 3266 2576; x_wconf 84' lang='lat' dir='ltr'><strong>Patrem</strong></span> <span class='ocrx_word' id='word_1_398' title='bbox 3301 2524 3472 2587; x_wconf 78' lang='lat' dir='ltr'><strong>dixit.</strong></span> 
     </span>
    </p>
   </div>
   <div class='ocr_carea' id='block_1_55' title="bbox 1897 2602 3479 2683">
    <p class='ocr_par' dir='ltr' id='par_1_55' title="bbox 1897 2602 3479 2683">
     <span class='ocr_line' id='line_1_55' title="bbox 1897 2602 3479 2683; baseline 0.011 -28"><span class='ocrx_word' id='word_1_399' title='bbox 1897 2617 2004 2656; x_wconf 92' lang='lat' dir='ltr'><strong>non</strong></span> <span class='ocrx_word' id='word_1_400' title='bbox 2066 2602 2459 2672; x_wconf 70' lang='lat' dir='ltr'><strong>pinguitudine,</strong></span> <span class='ocrx_word' id='word_1_401' title='bbox 2493 2618 2588 2658; x_wconf 85' lang='lat' dir='ltr'><strong>aut</strong></span> <span class='ocrx_word' id='word_1_402' title='bbox 2650 2615 2919 2676; x_wconf 90' lang='lat' dir='ltr'><strong>tempore,</strong></span> <span class='ocrx_word' id='word_1_403' title='bbox 2979 2612 3075 2665; x_wconf 84' lang='lat' dir='ltr'><strong>sed</strong></span> <span class='ocrx_word' id='word_1_404' title='bbox 3134 2622 3358 2683; x_wconf 89' lang='lat' dir='ltr'><strong>propter</strong></span> <span class='ocrx_word' id='word_1_405' title='bbox 3408 2634 3479 2671; x_wconf 75' lang='lat' dir='ltr'><strong>ex</strong></span> 
     </span>
    </p>
   </div>
   <div class='ocr_carea' id='block_1_56' title="bbox 1897 2692 3479 2774">
    <p class='ocr_par' dir='ltr' id='par_1_56' title="bbox 1897 2692 3479 2774">
     <span class='ocr_line' id='line_1_56' title="bbox 1897 2692 3479 2774; baseline 0.011 -27"><span class='ocrx_word' id='word_1_406' title='bbox 1897 2698 2015 2762; x_wconf 86' lang='lat' dir='ltr'><strong>ipso</strong></span> <span class='ocrx_word' id='word_1_407' title='bbox 2050 2692 2211 2748; x_wconf 88' lang='lat' dir='ltr'><strong>Patre</strong></span> <span class='ocrx_word' id='word_1_408' title='bbox 2236 2696 2701 2764; x_wconf 65' lang='lat' dir='ltr'><strong>generationem.»</strong></span> <span class='ocrx_word' id='word_1_409' title='bbox 2739 2701 2855 2754; x_wconf 74' lang='lat' dir='ltr'><strong>Hoc</strong></span> <span class='ocrx_word' id='word_1_410' title='bbox 2887 2702 3074 2772; x_wconf 89' lang='lat' dir='ltr'><strong>itaque</strong></span> <span class='ocrx_word' id='word_1_411' title='bbox 3097 2705 3190 2774; x_wconf 88' lang='lat' dir='ltr'><strong>qui</strong></span> <span class='ocrx_word' id='word_1_412' title='bbox 3220 2718 3479 2765; x_wconf 79' lang='lat' dir='ltr'><strong>accurate</strong></span> 
     </span>
    </p>
   </div>
   <div class='ocr_carea' id='block_1_57' title="bbox 1896 2787 3478 2869">
    <p class='ocr_par' dir='ltr' id='par_1_57' title="bbox 1896 2787 3478 2869">
     <span class='ocr_line' id='line_1_57' title="bbox 1896 2787 3478 2869; baseline 0.009 -29"><span class='ocrx_word' id='word_1_413' title='bbox 1896 2787 2348 2854; x_wconf 84' lang='lat' dir='ltr'><strong>consideraverit,</strong></span> <span class='ocrx_word' id='word_1_414' title='bbox 2384 2790 2555 2857; x_wconf 88' lang='lat' dir='ltr'><strong>probe</strong></span> <span class='ocrx_word' id='word_1_415' title='bbox 2591 2791 2878 2862; x_wconf 76' lang='lat' dir='ltr'><strong>intelliget,</strong></span> <span class='ocrx_word' id='word_1_416' title='bbox 2935 2794 3201 2863; x_wconf 83' lang='lat' dir='ltr'><strong>majorem</strong></span> <span class='ocrx_word' id='word_1_417' title='bbox 3263 2801 3478 2869; x_wconf 80' lang='lat' dir='ltr'><strong>Spiritu</strong></span> 
     </span>
    </p>
   </div>
   <div class='ocr_carea' id='block_1_58' title="bbox 1896 2876 3475 2958">
    <p class='ocr_par' dir='ltr' id='par_1_58' title="bbox 1896 2876 3475 2958">
     <span class='ocr_line' id='line_1_58' title="bbox 1896 2876 3475 2958; baseline 0.011 -28"><span class='ocrx_word' id='word_1_418' title='bbox 1896 2876 2094 2931; x_wconf 86' lang='lat' dir='ltr'><strong>Filium</strong></span> <span class='ocrx_word' id='word_1_419' title='bbox 2131 2879 2544 2947; x_wconf 89' lang='lat' dir='ltr'><strong>pronuntiasse,</strong></span> <span class='ocrx_word' id='word_1_420' title='bbox 2573 2894 2797 2952; x_wconf 90' lang='lat' dir='ltr'><strong>propter</strong></span> <span class='ocrx_word' id='word_1_421' title='bbox 2844 2884 3084 2954; x_wconf 79' lang='lat' dir='ltr'><strong>Spiritus</strong></span> <span class='ocrx_word' id='word_1_422' title='bbox 3141 2904 3240 2958; x_wconf 92' lang='lat' dir='ltr'><strong>per</strong></span> <span class='ocrx_word' id='word_1_423' title='bbox 3270 2889 3475 2949; x_wconf 66' lang='lat' dir='ltr'><strong>Filium</strong></span> 
     </span>
    </p>
   </div>
   <div class='ocr_carea' id='block_1_59' title="bbox 1896 2968 2293 3024">
    <p class='ocr_par' dir='ltr' id='par_1_59' title="bbox 1896 2968 2293 3024">
     <span class='ocr_line' id='line_1_59' title="bbox 1896 2968 2293 3024; baseline 0.01 -4"><span class='ocrx_word' id='word_1_424' title='bbox 1896 2968 2293 3024; x_wconf 80' lang='lat' dir='ltr'><strong>exsistentiam.</strong></span> 
     </span>
    </p>
   </div>
   <div class='ocr_carea' id='block_1_60' title="bbox 1964 3054 3477 3147">
    <p class='ocr_par' dir='ltr' id='par_1_60' title="bbox 1964 3054 3477 3147">
     <span class='ocr_line' id='line_1_60' title="bbox 1964 3054 3477 3147; baseline 0.013 -33"><span class='ocrx_word' id='word_1_425' title='bbox 1964 3054 2194 3131; x_wconf 75' lang='lat' dir='ltr'><strong>Magnus</strong></span> <span class='ocrx_word' id='word_1_426' title='bbox 2220 3064 2453 3121; x_wconf 83' lang='lat' dir='ltr'><strong>Basilius</strong></span> <span class='ocrx_word' id='word_1_427' title='bbox 2486 3067 2712 3137; x_wconf 86' lang='lat' dir='ltr'><strong>epistola</strong></span> <span class='ocrx_word' id='word_1_428' title='bbox 2744 3070 2812 3125; x_wconf 89' lang='lat' dir='ltr'><strong>ad</strong></span> <span class='ocrx_word' id='word_1_429' title='bbox 2837 3075 3153 3140; x_wconf 85' lang='lat' dir='ltr'><strong>canonicas,</strong></span> <span class='ocrx_word' id='word_1_430' title='bbox 3187 3094 3309 3147; x_wconf 71' lang='lat' dir='ltr'><strong>quae</strong></span> <span class='ocrx_word' id='word_1_431' title='bbox 3335 3079 3477 3135; x_wconf 89' lang='lat' dir='ltr'><strong>incl-</strong></span> 
     </span>
    </p>
   </div>
   <div class='ocr_carea' id='block_1_61' title="bbox 212 3143 1790 3234">
    <p class='ocr_par' dir='ltr' id='par_1_61' title="bbox 212 3143 1789 3221">
     <span class='ocr_line' id='line_1_61' title="bbox 212 3143 1789 3221; baseline 0.006 -25"><span class='ocrx_word' id='word_1_432' title='bbox 212 3144 496 3215; x_wconf 66' lang='grc' dir='ltr'><strong>ἐπιστολῇ,</strong></span> <span class='ocrx_word' id='word_1_433' title='bbox 532 3143 653 3219; x_wconf 75' lang='grc' dir='ltr'><strong>ἦςή</strong></span> <span class='ocrx_word' id='word_1_434' title='bbox 682 3149 849 3217; x_wconf 80' lang='grc' dir='ltr'><strong>ἁρχὴ,</strong></span> <span class='ocrx_word' id='word_1_435' title='bbox 882 3149 1077 3202; x_wconf 75' lang='grc' dir='ltr'><strong>(Ὅσον</strong></span> <span class='ocrx_word' id='word_1_436' title='bbox 1106 3150 1329 3218; x_wconf 75' lang='grc' dir='ltr'><strong>ἠνίασεν</strong></span> <span class='ocrx_word' id='word_1_437' title='bbox 1359 3153 1504 3221; x_wconf 77' lang='grc' dir='ltr'><strong>ἡμᾶς</strong></span> <span class='ocrx_word' id='word_1_438' title='bbox 1524 3152 1789 3221; x_wconf 86' lang='grc' dir='ltr'><strong>πρότερον</strong></span> 
     </span>
    </p>
   </div>
   <div class='ocr_carea' id='block_1_62' title="bbox 1901 3143 3477 3234">
    <p class='ocr_par' dir='ltr' id='par_1_62' title="bbox 1901 3155 3477 3234">
     <span class='ocr_line' id='line_1_62' title="bbox 1901 3155 3477 3234; baseline 0.014 -28"><span class='ocrx_word' id='word_1_439' title='bbox 1901 3155 2005 3225; x_wconf 81' lang='lat' dir='ltr'><strong>pit:</strong></span> <span class='ocrx_word' id='word_1_440' title='bbox 2041 3175 2060 3208; x_wconf 77' lang='grc' dir='ltr'><strong>σ</strong></span> <span class='ocrx_word' id='word_1_441' title='bbox 2096 3156 2365 3223; x_wconf 87' lang='lat' dir='ltr'><strong>Quantum</strong></span> <span class='ocrx_word' id='word_1_442' title='bbox 2396 3176 2496 3215; x_wconf 90' lang='lat' dir='ltr'><strong>uos</strong></span> <span class='ocrx_word' id='word_1_443' title='bbox 2530 3163 2707 3218; x_wconf 86' lang='lat' dir='ltr'><strong>tristis</strong></span> <span class='ocrx_word' id='word_1_444' title='bbox 2730 3181 2937 3234; x_wconf 87' lang='lat' dir='ltr'><strong>rumor,</strong></span> <span class='ocrx_word' id='word_1_445' title='bbox 2961 3183 3122 3226; x_wconf 86' lang='lat' dir='ltr'><strong>aures</strong></span> <span class='ocrx_word' id='word_1_446' title='bbox 3143 3177 3477 3227; x_wconf 84' lang='lat' dir='ltr'><strong>nostrascir-</strong></span> 
     </span>
    </p>
   </div>
   <div class='ocr_carea' id='block_1_63' title="bbox 211 3233 1789 3311">
    <p class='ocr_par' dir='ltr' id='par_1_63' title="bbox 211 3233 1789 3311">
     <span class='ocr_line' id='line_1_63' title="bbox 211 3233 1789 3311; baseline 0.006 -27"><span class='ocrx_word' id='word_1_447' title='bbox 211 3234 375 3303; x_wconf 69' lang='grc' dir='ltr'><strong>φήμη</strong></span> <span class='ocrx_word' id='word_1_448' title='bbox 404 3233 624 3304; x_wconf 69' lang='grc' dir='ltr'><strong>λυπηρὰ</strong></span> <span class='ocrx_word' id='word_1_449' title='bbox 651 3236 752 3297; x_wconf 75' lang='grc' dir='ltr'><strong>τὰς</strong></span> <span class='ocrx_word' id='word_1_450' title='bbox 773 3237 942 3299; x_wconf 77' lang='grc' dir='ltr'><strong>ἀκοὰς</strong></span> <span class='ocrx_word' id='word_1_451' title='bbox 981 3238 1138 3307; x_wconf 83' lang='grc' dir='ltr'><strong>ήμῶν</strong></span> <span class='ocrx_word' id='word_1_452' title='bbox 1171 3241 1582 3308; x_wconf 81' lang='grc' dir='ltr'><strong>περιηχήσασα,</strong></span> <span class='ocrx_word' id='word_1_453' title='bbox 1617 3257 1636 3291; x_wconf 75' lang='grc' dir='ltr'><strong>ι</strong></span> <span class='ocrx_word' id='word_1_454' title='bbox 1682 3250 1789 3311; x_wconf 70' lang='grc' dir='ltr'><strong>φη-</strong></span> 
     </span>
    </p>
   </div>
   <div class='ocr_carea' id='block_1_64' title="bbox 209 3322 1789 3399">
    <p class='ocr_par' dir='ltr' id='par_1_64' title="bbox 209 3322 1789 3399">
     <span class='ocr_line' id='line_1_64' title="bbox 209 3322 1789 3399; baseline 0.006 -25"><span class='ocrx_word' id='word_1_455' title='bbox 209 3322 298 3375; x_wconf 80' lang='grc' dir='ltr'><strong>σίν</strong></span> <span class='ocrx_word' id='word_1_456' title='bbox 321 3339 336 3354; x_wconf 75' lang='grc' dir='ltr'><strong><em>ο</em></strong></span> <span class='ocrx_word' id='word_1_457' title='bbox 368 3340 387 3374; x_wconf 75' lang='grc' dir='ltr'><strong>ι</strong></span> <span class='ocrx_word' id='word_1_458' title='bbox 437 3325 587 3378; x_wconf 80' lang='grc' dir='ltr'><strong>Ἐπεὶ</strong></span> <span class='ocrx_word' id='word_1_459' title='bbox 615 3326 747 3393; x_wconf 87' lang='grc' dir='ltr'><strong>γοῦν</strong></span> <span class='ocrx_word' id='word_1_460' title='bbox 779 3330 926 3381; x_wconf 83' lang='grc' dir='ltr'><strong>ἐστιν</strong></span> <span class='ocrx_word' id='word_1_461' title='bbox 957 3330 1191 3398; x_wconf 81' lang='grc' dir='ltr'><strong>ἄναρχον</strong></span> <span class='ocrx_word' id='word_1_462' title='bbox 1216 3330 1328 3398; x_wconf 70' lang='grc' dir='ltr'><strong>φῶς</strong></span> <span class='ocrx_word' id='word_1_463' title='bbox 1370 3332 1399 3382; x_wconf 85' lang='grc' dir='ltr'><strong>δ</strong></span> <span class='ocrx_word' id='word_1_464' title='bbox 1427 3331 1637 3399; x_wconf 82' lang='grc' dir='ltr'><strong>Πατὴρ,</strong></span> <span class='ocrx_word' id='word_1_465' title='bbox 1662 3348 1789 3398; x_wconf 84' lang='grc' dir='ltr'><strong>γεν-</strong></span> 
     </span>
    </p>
   </div>
   <div class='ocr_carea' id='block_1_65' title="bbox 208 3413 1790 3493">
    <p class='ocr_par' dir='ltr' id='par_1_65' title="bbox 208 3413 1790 3493">
     <span class='ocr_line' id='line_1_65' title="bbox 208 3413 1790 3493; baseline 0.006 -27"><span class='ocrx_word' id='word_1_466' title='bbox 208 3413 374 3485; x_wconf 83' lang='grc' dir='ltr'><strong>νητὸν</strong></span> <span class='ocrx_word' id='word_1_467' title='bbox 398 3414 454 3467; x_wconf 71' lang='grc' dir='ltr'><strong>δὲ</strong></span> <span class='ocrx_word' id='word_1_468' title='bbox 488 3416 603 3484; x_wconf 75' lang='grc' dir='ltr'><strong>φῶς</strong></span> <span class='ocrx_word' id='word_1_469' title='bbox 635 3423 664 3469; x_wconf 83' lang='grc' dir='ltr'><strong>ο</strong></span> <span class='ocrx_word' id='word_1_470' title='bbox 692 3417 840 3483; x_wconf 88' lang='grc' dir='ltr'><strong>Υἱ“.ς,</strong></span> <span class='ocrx_word' id='word_1_471' title='bbox 871 3418 987 3486; x_wconf 82' lang='grc' dir='ltr'><strong>φῶς</strong></span> <span class='ocrx_word' id='word_1_472' title='bbox 1011 3419 1067 3471; x_wconf 83' lang='grc' dir='ltr'><strong>δὲ</strong></span> <span class='ocrx_word' id='word_1_473' title='bbox 1101 3422 1197 3472; x_wconf 75' lang='grc' dir='ltr'><strong>καὶ</strong></span> <span class='ocrx_word' id='word_1_474' title='bbox 1265 3421 1383 3490; x_wconf 81' lang='grc' dir='ltr'><strong>φῶς</strong></span> <span class='ocrx_word' id='word_1_475' title='bbox 1417 3422 1628 3493; x_wconf 72' lang='grc' dir='ltr'><strong>ἕτερον,</strong></span> <span class='ocrx_word' id='word_1_476' title='bbox 1660 3425 1790 3493; x_wconf 82' lang='grc' dir='ltr'><strong>ὀμο-</strong></span> 
     </span>
    </p>
   </div>
   <div class='ocr_carea' id='block_1_66' title="bbox 206 3504 1787 3584">
    <p class='ocr_par' dir='ltr' id='par_1_66' title="bbox 206 3504 1787 3584">
     <span class='ocr_line' id='line_1_66' title="bbox 206 3504 1787 3584; baseline 0.004 -25"><span class='ocrx_word' id='word_1_477' title='bbox 206 3504 395 3559; x_wconf 84' lang='grc' dir='ltr'><strong>ούσιον</strong></span> <span class='ocrx_word' id='word_1_478' title='bbox 421 3508 629 3559; x_wconf 76' lang='grc' dir='ltr'><strong>εἴποιεν</strong></span> <span class='ocrx_word' id='word_1_479' title='bbox 655 3509 721 3563; x_wconf 86' lang='grc' dir='ltr'><strong>ἂν</strong></span> <span class='ocrx_word' id='word_1_480' title='bbox 755 3510 1001 3575; x_wconf 80' lang='grc' dir='ltr'><strong>δικαίως,</strong></span> <span class='ocrx_word' id='word_1_481' title='bbox 1048 3511 1137 3565; x_wconf 80' lang='grc' dir='ltr'><strong>ἵνα</strong></span> <span class='ocrx_word' id='word_1_482' title='bbox 1164 3512 1223 3565; x_wconf 83' lang='grc' dir='ltr'><strong>τὸ</strong></span> <span class='ocrx_word' id='word_1_483' title='bbox 1253 3514 1353 3581; x_wconf 84' lang='grc' dir='ltr'><strong>τῆς</strong></span> <span class='ocrx_word' id='word_1_484' title='bbox 1407 3516 1623 3581; x_wconf 82' lang='grc' dir='ltr'><strong>φύσεως</strong></span> <span class='ocrx_word' id='word_1_485' title='bbox 1656 3515 1787 3584; x_wconf 81' lang='grc' dir='ltr'><strong>6μὸ-</strong></span> 
     </span>
    </p>
   </div>
   <div class='ocr_carea' id='block_1_67' title="bbox 207 3600 1786 3675">
    <p class='ocr_par' dir='ltr' id='par_1_67' title="bbox 207 3600 1786 3675">
     <span class='ocr_line' id='line_1_67' title="bbox 207 3600 1786 3675; baseline 0.007 -28"><span class='ocrx_word' id='word_1_486' title='bbox 207 3612 372 3665; x_wconf 88' lang='grc' dir='ltr'><strong>τιμον</strong></span> <span class='ocrx_word' id='word_1_487' title='bbox 402 3600 854 3668; x_wconf 82' lang='grc' dir='ltr'><strong>παραστήσωσιν.</strong></span> <span class='ocrx_word' id='word_1_488' title='bbox 904 3601 981 3657; x_wconf 82' lang='grc' dir='ltr'><strong>Οὐ</strong></span> <span class='ocrx_word' id='word_1_489' title='bbox 1022 3602 1131 3672; x_wconf 84' lang='grc' dir='ltr'><strong>γὰρ</strong></span> <span class='ocrx_word' id='word_1_490' title='bbox 1164 3605 1231 3657; x_wconf 83' lang='grc' dir='ltr'><strong>τὰ</strong></span> <span class='ocrx_word' id='word_1_491' title='bbox 1277 3604 1481 3672; x_wconf 78' lang='grc' dir='ltr'><strong>ἀδελφὰ</strong></span> <span class='ocrx_word' id='word_1_492' title='bbox 1537 3606 1786 3675; x_wconf 82' lang='grc' dir='ltr'><strong>ἀλλήλοις</strong></span> 
     </span>
    </p>
   </div>
   <div class='ocr_carea' id='block_1_68' title="bbox 202 3687 1786 3762">
    <p class='ocr_par' dir='ltr' id='par_1_68' title="bbox 202 3687 1786 3762">
     <span class='ocr_line' id='line_1_68' title="bbox 202 3687 1786 3762; baseline 0.006 -24"><span class='ocrx_word' id='word_1_493' title='bbox 202 3687 474 3755; x_wconf 84' lang='grc' dir='ltr'><strong>ὁμοούσια</strong></span> <span class='ocrx_word' id='word_1_494' title='bbox 504 3688 741 3755; x_wconf 76' lang='grc' dir='ltr'><strong>λέγεται,</strong></span> <span class='ocrx_word' id='word_1_495' title='bbox 765 3689 902 3759; x_wconf 84' lang='grc' dir='ltr'><strong>ὅπερ</strong></span> <span class='ocrx_word' id='word_1_496' title='bbox 923 3692 1067 3754; x_wconf 77' lang='grc' dir='ltr'><strong>τινὲς</strong></span> <span class='ocrx_word' id='word_1_497' title='bbox 1097 3693 1487 3762; x_wconf 77' lang='grc' dir='ltr'><strong>ὑπειλήφασιν,</strong></span> <span class='ocrx_word' id='word_1_498' title='bbox 1513 3696 1629 3748; x_wconf 80' lang='grc' dir='ltr'><strong>ἀλλ’</strong></span> <span class='ocrx_word' id='word_1_499' title='bbox 1658 3698 1786 3748; x_wconf 79' lang='grc' dir='ltr'><strong>ὅταν</strong></span> 
     </span>
    </p>
   </div>
   <div class='ocr_carea' id='block_1_69' title="bbox 206 3771 1786 3855">
    <p class='ocr_par' dir='ltr' id='par_1_69' title="bbox 206 3771 1786 3855">
     <span class='ocr_line' id='line_1_69' title="bbox 206 3771 1786 3855; baseline 0.007 -30"><span class='ocrx_word' id='word_1_500' title='bbox 206 3776 310 3825; x_wconf 79' lang='grc' dir='ltr'><strong>καὶ</strong></span> <span class='ocrx_word' id='word_1_501' title='bbox 354 3774 417 3825; x_wconf 83' lang='grc' dir='ltr'><strong>τὸ</strong></span> <span class='ocrx_word' id='word_1_502' title='bbox 444 3775 639 3839; x_wconf 83' lang='grc' dir='ltr'><strong>αἴτιον,</strong></span> <span class='ocrx_word' id='word_1_503' title='bbox 678 3779 861 3831; x_wconf 76' lang='grc' dir='ltr'><strong>καὶτὸ</strong></span> <span class='ocrx_word' id='word_1_504' title='bbox 916 3779 979 3833; x_wconf 81' lang='grc' dir='ltr'><strong>ὲκ</strong></span> <span class='ocrx_word' id='word_1_505' title='bbox 1012 3771 1105 3832; x_wconf 79' lang='grc' dir='ltr'><strong>τοῦ</strong></span> <span class='ocrx_word' id='word_1_506' title='bbox 1156 3784 1329 3834; x_wconf 71' lang='grc' dir='ltr'><strong>αἰτίου</strong></span> <span class='ocrx_word' id='word_1_507' title='bbox 1390 3787 1491 3851; x_wconf 78' lang='grc' dir='ltr'><strong>τὴν</strong></span> <span class='ocrx_word' id='word_1_508' title='bbox 1549 3782 1786 3855; x_wconf 77' lang='grc' dir='ltr'><strong>ὓπαρξιν</strong></span> 
     </span>
    </p>
   </div>
   <div class='ocr_carea' id='block_1_70' title="bbox 203 3862 1779 3944">
    <p class='ocr_par' dir='ltr' id='par_1_70' title="bbox 203 3862 1779 3944">
     <span class='ocr_line' id='line_1_70' title="bbox 203 3862 1779 3944; baseline 0.007 -27"><span class='ocrx_word' id='word_1_509' title='bbox 203 3862 359 3933; x_wconf 68' lang='grc' dir='ltr'><strong>ἔχον,</strong></span> <span class='ocrx_word' id='word_1_510' title='bbox 383 3866 483 3935; x_wconf 80' lang='grc' dir='ltr'><strong>τῆς</strong></span> <span class='ocrx_word' id='word_1_511' title='bbox 516 3866 681 3936; x_wconf 83' lang='grc' dir='ltr'><strong>αὐτῆς</strong></span> <span class='ocrx_word' id='word_1_512' title='bbox 707 3869 927 3941; x_wconf 78' lang='grc' dir='ltr'><strong>ὑπάρχῃ</strong></span> <span class='ocrx_word' id='word_1_513' title='bbox 957 3870 1188 3938; x_wconf 81' lang='grc' dir='ltr'><strong>φύσεως,</strong></span> <span class='ocrx_word' id='word_1_514' title='bbox 1219 3874 1480 3944; x_wconf 78' lang='grc' dir='ltr'><strong>ὁμοούσια</strong></span> <span class='ocrx_word' id='word_1_515' title='bbox 1495 3875 1734 3944; x_wconf 83' lang='grc' dir='ltr'><strong>λέγεται.</strong></span> <span class='ocrx_word' id='word_1_516' title='bbox 1759 3897 1779 3928; x_wconf 74' lang='grc' dir='ltr'><strong>ι</strong></span> 
     </span>
    </p>
   </div>
   <div class='ocr_carea' id='block_1_71' title="bbox 290 4047 1783 4129">
    <p class='ocr_par' dir='ltr' id='par_1_71' title="bbox 290 4047 1783 4129">
     <span class='ocr_line' id='line_1_71' title="bbox 290 4047 1783 4129; baseline 0.009 -30"><span class='ocrx_word' id='word_1_517' title='bbox 290 4047 352 4100; x_wconf 81' lang='lat'><strong>&#39;0</strong></span> <span class='ocrx_word' id='word_1_518' title='bbox 375 4047 536 4110; x_wconf 77' lang='grc' dir='ltr'><strong>αὐτὸς</strong></span> <span class='ocrx_word' id='word_1_519' title='bbox 570 4050 627 4104; x_wconf 84' lang='grc' dir='ltr'><strong>ὲν</strong></span> <span class='ocrx_word' id='word_1_520' title='bbox 665 4050 743 4120; x_wconf 83' lang='grc' dir='ltr'><strong>τῷ</strong></span> <span class='ocrx_word' id='word_1_521' title='bbox 798 4058 846 4120; x_wconf 86' lang='grc' dir='ltr'><strong>η’</strong></span> <span class='ocrx_word' id='word_1_522' title='bbox 880 4055 990 4106; x_wconf 85' lang='grc' dir='ltr'><strong>τῶν</strong></span> <span class='ocrx_word' id='word_1_523' title='bbox 1033 4055 1168 4121; x_wconf 70' lang='grc' dir='ltr'><strong>πρὶις</strong></span> <span class='ocrx_word' id='word_1_524' title='bbox 1215 4056 1565 4128; x_wconf 80' lang='grc' dir='ltr'><strong>Ἀμφιλὸχιον</strong></span> <span class='ocrx_word' id='word_1_525' title='bbox 1613 4076 1783 4129; x_wconf 70' lang='grc' dir='ltr'><strong>κειρα-</strong></span> 
     </span>
    </p>
   </div>
   <div class='ocr_carea' id='block_1_72' title="bbox 200 4138 1784 4220">
    <p class='ocr_par' dir='ltr' id='par_1_72' title="bbox 200 4138 1784 4220">
     <span class='ocr_line' id='line_1_72' title="bbox 200 4138 1784 4220; baseline 0.011 -32"><span class='ocrx_word' id='word_1_526' title='bbox 200 4138 379 4191; x_wconf 73' lang='grc' dir='ltr'><strong>).αίων</strong></span> <span class='ocrx_word' id='word_1_527' title='bbox 413 4142 548 4209; x_wconf 81' lang='grc' dir='ltr'><strong>φησι</strong></span> <span class='ocrx_word' id='word_1_528' title='bbox 575 4155 590 4170; x_wconf 75' lang='grc' dir='ltr'><strong>ο</strong></span> <span class='ocrx_word' id='word_1_529' title='bbox 622 4159 639 4192; x_wconf 85' lang='grc' dir='ltr'><strong>ι</strong></span> <span class='ocrx_word' id='word_1_530' title='bbox 674 4144 772 4195; x_wconf 67' lang='grc' dir='ltr'><strong>Διά</strong></span> <span class='ocrx_word' id='word_1_531' title='bbox 806 4144 965 4198; x_wconf 84' lang='grc' dir='ltr'><strong>τοῦτό</strong></span> <span class='ocrx_word' id='word_1_532' title='bbox 1015 4162 1179 4215; x_wconf 77' lang='grc' dir='ltr'><strong>φησιν</strong></span> <span class='ocrx_word' id='word_1_533' title='bbox 1225 4150 1254 4200; x_wconf 86' lang='grc' dir='ltr'>ὁ</span> <span class='ocrx_word' id='word_1_534' title='bbox 1290 4150 1492 4219; x_wconf 68' lang='grc' dir='ltr'><strong>Κύριος</strong></span> <span class='ocrx_word' id='word_1_535' title='bbox 1525 4151 1660 4220; x_wconf 85' lang='grc' dir='ltr'><strong>πρὸς</strong></span> <span class='ocrx_word' id='word_1_536' title='bbox 1693 4155 1784 4205; x_wconf 81' lang='grc' dir='ltr'><strong>τὸν</strong></span> 
     </span>
    </p>
   </div>
   <div class='ocr_carea' id='block_1_73' title="bbox 200 4229 1783 4303">
    <p class='ocr_par' dir='ltr' id='par_1_73' title="bbox 200 4229 1783 4303">
     <span class='ocr_line' id='line_1_73' title="bbox 200 4229 1783 4303; baseline 0.009 -20"><span class='ocrx_word' id='word_1_537' title='bbox 200 4229 452 4300; x_wconf 84' lang='grc' dir='ltr'><strong>ιιατέρα,</strong></span> <span class='ocrx_word' id='word_1_538' title='bbox 488 4249 506 4282; x_wconf 77' lang='grc' dir='ltr'><strong>ι</strong></span> <span class='ocrx_word' id='word_1_539' title='bbox 545 4233 624 4284; x_wconf 79' lang='grc' dir='ltr'><strong>Τὰ</strong></span> <span class='ocrx_word' id='word_1_540' title='bbox 653 4235 763 4302; x_wconf 70' lang='grc' dir='ltr'><strong>ἐμὰ</strong></span> <span class='ocrx_word' id='word_1_541' title='bbox 790 4237 970 4289; x_wconf 79' lang='grc' dir='ltr'><strong>πάντα</strong></span> <span class='ocrx_word' id='word_1_542' title='bbox 1024 4240 1094 4290; x_wconf 77' lang='grc' dir='ltr'><strong>σά</strong></span> <span class='ocrx_word' id='word_1_543' title='bbox 1122 4240 1292 4303; x_wconf 73' lang='grc' dir='ltr'><strong>ἐστιν,</strong></span> <span class='ocrx_word' id='word_1_544' title='bbox 1327 4258 1347 4291; x_wconf 74' lang='grc' dir='ltr'><strong>ι</strong></span> <span class='ocrx_word' id='word_1_545' title='bbox 1399 4240 1475 4302; x_wconf 85' lang='grc' dir='ltr'><strong>ὼς</strong></span> <span class='ocrx_word' id='word_1_546' title='bbox 1508 4241 1596 4294; x_wconf 80' lang='grc' dir='ltr'><strong>ἐπ’</strong></span> <span class='ocrx_word' id='word_1_547' title='bbox 1620 4244 1783 4298; x_wconf 74' lang='grc' dir='ltr'><strong>αὑτὸν</strong></span> 
     </span>
    </p>
   </div>
   <div class='ocr_carea' id='block_1_74' title="bbox 197 4323 1783 4401">
    <p class='ocr_par' dir='ltr' id='par_1_74' title="bbox 197 4323 1783 4401">
     <span class='ocr_line' id='line_1_74' title="bbox 197 4323 1783 4401; baseline 0.009 -28"><span class='ocrx_word' id='word_1_548' title='bbox 197 4323 302 4392; x_wconf 80' lang='grc' dir='ltr'><strong>τῆς</strong></span> <span class='ocrx_word' id='word_1_549' title='bbox 321 4324 493 4394; x_wconf 79' lang='grc' dir='ltr'><strong>ἀρχῆς</strong></span> <span class='ocrx_word' id='word_1_550' title='bbox 514 4324 622 4376; x_wconf 86' lang='grc' dir='ltr'><strong>τῶν</strong></span> <span class='ocrx_word' id='word_1_551' title='bbox 634 4325 832 4393; x_wconf 84' lang='grc' dir='ltr'><strong>δημιου</strong></span> <span class='ocrx_word' id='word_1_552' title='bbox 841 4342 944 4397; x_wconf 86' lang='grc' dir='ltr'><strong>ργη</strong></span> <span class='ocrx_word' id='word_1_553' title='bbox 954 4328 1138 4393; x_wconf 86' lang='grc' dir='ltr'><strong>μάτων</strong></span> <span class='ocrx_word' id='word_1_554' title='bbox 1155 4331 1520 4401; x_wconf 66' lang='grc' dir='ltr'><strong>ἀνοιγομένης,</strong></span> <span class='ocrx_word' id='word_1_555' title='bbox 1545 4334 1639 4385; x_wconf 80' lang='grc' dir='ltr'><strong>καὶ</strong></span> <span class='ocrx_word' id='word_1_556' title='bbox 1670 4352 1689 4385; x_wconf 74' lang='grc' dir='ltr'><strong>ι</strong></span> <span class='ocrx_word' id='word_1_557' title='bbox 1716 4336 1783 4388; x_wconf 77' lang='grc' dir='ltr'><strong>τὰ</strong></span> 
     </span>
    </p>
   </div>
   <div class='ocr_carea' id='block_1_75' title="bbox 203 4415 1781 4496">
    <p class='ocr_par' dir='ltr' id='par_1_75' title="bbox 203 4415 1781 4496">
     <span class='ocr_line' id='line_1_75' title="bbox 203 4415 1781 4496; baseline 0.008 -30"><span class='ocrx_word' id='word_1_558' title='bbox 203 4417 276 4467; x_wconf 77' lang='grc' dir='ltr'>σά</span> <span class='ocrx_word' id='word_1_559' title='bbox 308 4416 439 4484; x_wconf 73' lang='grc' dir='ltr'><strong>ἐμὰ,</strong></span> <span class='ocrx_word' id='word_1_560' title='bbox 471 4433 492 4466; x_wconf 70' lang='grc' dir='ltr'><strong>ι</strong></span> <span class='ocrx_word' id='word_1_561' title='bbox 522 4415 598 4479; x_wconf 84' lang='grc' dir='ltr'><strong>ὡς</strong></span> <span class='ocrx_word' id='word_1_562' title='bbox 632 4418 848 4470; x_wconf 73' lang='grc' dir='ltr'><strong>ἐκεῖθεν</strong></span> <span class='ocrx_word' id='word_1_563' title='bbox 896 4420 1043 4488; x_wconf 78' lang='grc' dir='ltr'><strong>αὐτῷ</strong></span> <span class='ocrx_word' id='word_1_564' title='bbox 1065 4420 1165 4489; x_wconf 80' lang='grc' dir='ltr'><strong>τῆς</strong></span> <span class='ocrx_word' id='word_1_565' title='bbox 1185 4421 1362 4485; x_wconf 83' lang='grc' dir='ltr'><strong>αίτίας</strong></span> <span class='ocrx_word' id='word_1_566' title='bbox 1391 4424 1486 4475; x_wconf 91' lang='grc' dir='ltr'><strong>τοῦ</strong></span> <span class='ocrx_word' id='word_1_567' title='bbox 1517 4425 1781 4496; x_wconf 86' lang='grc' dir='ltr'><strong>δημιουρ-</strong></span> 
     </span>
    </p>
   </div>
   <div class='ocr_carea' id='block_1_76' title="bbox 197 4488 1858 4584">
    <p class='ocr_par' dir='ltr' id='par_1_76' title="bbox 197 4488 1858 4584">
     <span class='ocr_line' id='line_1_76' title="bbox 197 4488 1858 4584; baseline 0.009 -28"><span class='ocrx_word' id='word_1_568' title='bbox 197 4508 324 4573; x_wconf 84' lang='grc' dir='ltr'><strong>γεῖν</strong></span> <span class='ocrx_word' id='word_1_569' title='bbox 354 4505 723 4575; x_wconf 81' lang='grc' dir='ltr'><strong>καθηκούσης.</strong></span> <span class='ocrx_word' id='word_1_570' title='bbox 762 4502 860 4560; x_wconf 82' lang='grc' dir='ltr'><strong>Ὧν</strong></span> <span class='ocrx_word' id='word_1_571' title='bbox 891 4510 948 4561; x_wconf 78' lang='grc' dir='ltr'><strong>δὲ</strong></span> <span class='ocrx_word' id='word_1_572' title='bbox 978 4512 1010 4579; x_wconf 78' lang='grc' dir='ltr'><strong>ἠ</strong></span> <span class='ocrx_word' id='word_1_573' title='bbox 1041 4488 1270 4581; x_wconf 80' lang='grc' dir='ltr'><strong>δύναμις</strong></span> <span class='ocrx_word' id='word_1_574' title='bbox 1300 4515 1411 4582; x_wconf 83' lang='grc' dir='ltr'><strong>ίση,</strong></span> <span class='ocrx_word' id='word_1_575' title='bbox 1440 4515 1529 4584; x_wconf 76' lang='grc' dir='ltr'><strong>ἴση</strong></span> <span class='ocrx_word' id='word_1_576' title='bbox 1559 4488 1778 4580; x_wconf 49' lang='lat' dir='ltr'><strong>eavea;</strong></span> <span class='ocrx_word' id='word_1_577' title='bbox 1805 4488 1858 4548; x_wconf 68' lang='grc' dir='ltr'><strong>Β</strong></span> 
     </span>
    </p>
   </div>
   <div class='ocr_carea' id='block_1_77' title="bbox 199 4598 1780 4677">
    <p class='ocr_par' dir='ltr' id='par_1_77' title="bbox 199 4598 1780 4677">
     <span class='ocr_line' id='line_1_77' title="bbox 199 4598 1780 4677; baseline 0.008 -28"><span class='ocrx_word' id='word_1_578' title='bbox 199 4598 301 4650; x_wconf 77' lang='grc' dir='ltr'><strong>καὶ</strong></span> <span class='ocrx_word' id='word_1_579' title='bbox 345 4598 378 4666; x_wconf 79' lang='grc' dir='ltr'>ἡ</span> <span class='ocrx_word' id='word_1_580' title='bbox 410 4598 685 4666; x_wconf 73' lang='grc' dir='ltr'><strong>ἐνέργεια.</strong></span> <span class='ocrx_word' id='word_1_581' title='bbox 746 4600 984 4667; x_wconf 86' lang='grc' dir='ltr'><strong>Χριστὸς</strong></span> <span class='ocrx_word' id='word_1_582' title='bbox 1043 4603 1153 4671; x_wconf 77' lang='grc' dir='ltr'><strong>γὰρ</strong></span> <span class='ocrx_word' id='word_1_583' title='bbox 1200 4603 1339 4657; x_wconf 81' lang='grc' dir='ltr'><strong>Θεοῦ</strong></span> <span class='ocrx_word' id='word_1_584' title='bbox 1388 4606 1623 4677; x_wconf 77' lang='grc' dir='ltr'><strong>δύναμις</strong></span> <span class='ocrx_word' id='word_1_585' title='bbox 1684 4611 1780 4662; x_wconf 73' lang='grc' dir='ltr'><strong>καὶ</strong></span> 
     </span>
    </p>
   </div>
   <div class='ocr_carea' id='block_1_78' title="bbox 194 4688 1778 4767">
    <p class='ocr_par' dir='ltr' id='par_1_78' title="bbox 194 4688 1778 4767">
     <span class='ocr_line' id='line_1_78' title="bbox 194 4688 1778 4767; baseline 0.009 -25"><span class='ocrx_word' id='word_1_586' title='bbox 194 4688 339 4742; x_wconf 78' lang='grc' dir='ltr'><strong>Θεοῦ</strong></span> <span class='ocrx_word' id='word_1_587' title='bbox 370 4688 557 4758; x_wconf 83' lang='grc' dir='ltr'><strong>σοφία,</strong></span> <span class='ocrx_word' id='word_1_588' title='bbox 578 4692 672 4743; x_wconf 77' lang='grc' dir='ltr'><strong>καὶ</strong></span> <span class='ocrx_word' id='word_1_589' title='bbox 693 4690 836 4745; x_wconf 71' lang='grc' dir='ltr'><strong>οὕτω</strong></span> <span class='ocrx_word' id='word_1_590' title='bbox 856 4694 1037 4746; x_wconf 84' lang='grc' dir='ltr'><strong>πάντα</strong></span> <span class='ocrx_word' id='word_1_591' title='bbox 1060 4694 1127 4746; x_wconf 82' lang='grc' dir='ltr'><strong>δι’</strong></span> <span class='ocrx_word' id='word_1_592' title='bbox 1150 4696 1319 4749; x_wconf 86' lang='grc' dir='ltr'><strong>αὑτοῦ</strong></span> <span class='ocrx_word' id='word_1_593' title='bbox 1344 4699 1582 4767; x_wconf 77' lang='grc' dir='ltr'><strong>ἐγένετο.</strong></span> <span class='ocrx_word' id='word_1_594' title='bbox 1611 4720 1631 4754; x_wconf 76' lang='grc' dir='ltr'><strong>ι</strong></span> <span class='ocrx_word' id='word_1_595' title='bbox 1670 4704 1778 4756; x_wconf 78' lang='grc' dir='ltr'><strong>Καὶ</strong></span> 
     </span>
    </p>
   </div>
   <div class='ocr_carea' id='block_1_79' title="bbox 200 4781 1779 4866">
    <p class='ocr_par' dir='ltr' id='par_1_79' title="bbox 200 4781 1779 4866">
     <span class='ocr_line' id='line_1_79' title="bbox 200 4781 1779 4866; baseline 0.011 -35"><span class='ocrx_word' id='word_1_596' title='bbox 200 4781 348 4847; x_wconf 82' lang='grc' dir='ltr'><strong>μετά</strong></span> <span class='ocrx_word' id='word_1_597' title='bbox 372 4796 516 4835; x_wconf 86' lang='grc' dir='ltr'><strong>τινα·</strong></span> <span class='ocrx_word' id='word_1_598' title='bbox 549 4799 569 4832; x_wconf 74' lang='grc' dir='ltr'><strong>ι</strong></span> <span class='ocrx_word' id='word_1_599' title='bbox 600 4784 672 4834; x_wconf 88' lang='grc' dir='ltr'><strong>Τὸ</strong></span> <span class='ocrx_word' id='word_1_600' title='bbox 693 4784 783 4837; x_wconf 72' lang='grc' dir='ltr'><strong>διὰ</strong></span> <span class='ocrx_word' id='word_1_601' title='bbox 798 4785 890 4836; x_wconf 90' lang='grc' dir='ltr'><strong>τοῦ</strong></span> <span class='ocrx_word' id='word_1_602' title='bbox 924 4784 1053 4838; x_wconf 85' lang='grc' dir='ltr'><strong>Υἱοῦ</strong></span> <span class='ocrx_word' id='word_1_603' title='bbox 1075 4787 1427 4858; x_wconf 87' lang='grc' dir='ltr'><strong>δημιουργεῖν</strong></span> <span class='ocrx_word' id='word_1_604' title='bbox 1447 4796 1537 4846; x_wconf 76' lang='grc' dir='ltr'><strong>τὸν</strong></span> <span class='ocrx_word' id='word_1_605' title='bbox 1560 4795 1779 4866; x_wconf 58' lang='grc' dir='ltr'><strong>Πατέρα</strong></span> 
     </span>
    </p>
   </div>
   <div class='ocr_carea' id='block_1_80' title="bbox 198 4870 1778 4956">
    <p class='ocr_par' dir='ltr' id='par_1_80' title="bbox 198 4870 1778 4956">
     <span class='ocr_line' id='line_1_80' title="bbox 198 4870 1778 4956; baseline 0.009 -32"><span class='ocrx_word' id='word_1_606' title='bbox 198 4870 327 4924; x_wconf 81' lang='grc' dir='ltr'><strong>οὔτε</strong></span> <span class='ocrx_word' id='word_1_607' title='bbox 361 4872 529 4942; x_wconf 83' lang='grc' dir='ltr'><strong>ἀτελῆ</strong></span> <span class='ocrx_word' id='word_1_608' title='bbox 558 4873 653 4926; x_wconf 88' lang='grc' dir='ltr'><strong>τοῦ</strong></span> <span class='ocrx_word' id='word_1_609' title='bbox 682 4875 897 4945; x_wconf 86' lang='grc' dir='ltr'><strong>Πατρὸς</strong></span> <span class='ocrx_word' id='word_1_610' title='bbox 922 4877 1022 4946; x_wconf 80' lang='grc' dir='ltr'><strong>τὴν</strong></span> <span class='ocrx_word' id='word_1_611' title='bbox 1053 4878 1416 4949; x_wconf 80' lang='grc' dir='ltr'><strong>δημιουργίαν</strong></span> <span class='ocrx_word' id='word_1_612' title='bbox 1446 4885 1778 4956; x_wconf 83' lang='grc' dir='ltr'><strong>συνίστησιν,</strong></span> 
     </span>
    </p>
   </div>
   <div class='ocr_carea' id='block_1_81' title="bbox 191 4959 1778 5041">
    <p class='ocr_par' dir='ltr' id='par_1_81' title="bbox 191 4959 1778 5041">
     <span class='ocr_line' id='line_1_81' title="bbox 191 4959 1778 5041; baseline 0.011 -28"><span class='ocrx_word' id='word_1_613' title='bbox 191 4959 323 5014; x_wconf 74' lang='grc' dir='ltr'><strong>οὔτε</strong></span> <span class='ocrx_word' id='word_1_614' title='bbox 356 4961 547 5016; x_wconf 74' lang='grc' dir='ltr'><strong>ἄτονον</strong></span> <span class='ocrx_word' id='word_1_615' title='bbox 572 4966 666 5016; x_wconf 92' lang='grc' dir='ltr'><strong>τοῦ</strong></span> <span class='ocrx_word' id='word_1_616' title='bbox 695 4965 824 5018; x_wconf 80' lang='grc' dir='ltr'><strong>Υίοῦ</strong></span> <span class='ocrx_word' id='word_1_617' title='bbox 847 4968 1156 5038; x_wconf 83' lang='grc' dir='ltr'><strong>παραδηλοῖ</strong></span> <span class='ocrx_word' id='word_1_618' title='bbox 1183 4971 1281 5040; x_wconf 82' lang='grc' dir='ltr'><strong>τὴν</strong></span> <span class='ocrx_word' id='word_1_619' title='bbox 1313 4973 1619 5041; x_wconf 79' lang='grc' dir='ltr'><strong>ἐνέργειαν,</strong></span> <span class='ocrx_word' id='word_1_620' title='bbox 1641 4978 1778 5032; x_wconf 77' lang='grc' dir='ltr'><strong>ἀλλα</strong></span> 
     </span>
    </p>
   </div>
   <div class='ocr_carea' id='block_1_82' title="bbox 196 5052 1779 5137">
    <p class='ocr_par' dir='ltr' id='par_1_82' title="bbox 196 5052 1779 5137">
     <span class='ocr_line' id='line_1_82' title="bbox 196 5052 1779 5137; baseline 0.013 -35"><span class='ocrx_word' id='word_1_621' title='bbox 196 5052 261 5103; x_wconf 83' lang='grc' dir='ltr'><strong>τὸ</strong></span> <span class='ocrx_word' id='word_1_622' title='bbox 294 5053 575 5121; x_wconf 74' lang='grc' dir='ltr'><strong>ἡνωμένον</strong></span> <span class='ocrx_word' id='word_1_623' title='bbox 604 5054 699 5107; x_wconf 89' lang='grc' dir='ltr'><strong>τοῦ</strong></span> <span class='ocrx_word' id='word_1_624' title='bbox 727 5057 1032 5129; x_wconf 80' lang='grc' dir='ltr'><strong>θελήματος</strong></span> <span class='ocrx_word' id='word_1_625' title='bbox 1065 5060 1415 5130; x_wconf 82' lang='grc' dir='ltr'><strong>παρίστησιν.</strong></span> <span class='ocrx_word' id='word_1_626' title='bbox 1455 5063 1619 5118; x_wconf 83' lang='grc' dir='ltr'><strong>Ὥστε</strong></span> <span class='ocrx_word' id='word_1_627' title='bbox 1652 5069 1685 5137; x_wconf 78' lang='grc' dir='ltr'>ἡ</span> <span class='ocrx_word' id='word_1_628' title='bbox 1708 5069 1779 5121; x_wconf 83' lang='grc' dir='ltr'><strong>δι’</strong></span> 
     </span>
    </p>
   </div>
   <div class='ocr_carea' id='block_1_83' title="bbox 194 5139 1772 5227">
    <p class='ocr_par' dir='ltr' id='par_1_83' title="bbox 194 5139 1772 5227">
     <span class='ocr_line' id='line_1_83' title="bbox 194 5139 1772 5227; baseline 0.011 -34"><span class='ocrx_word' id='word_1_629' title='bbox 194 5139 333 5195; x_wconf 85' lang='grc' dir='ltr'><strong>Υίοῦ</strong></span> <span class='ocrx_word' id='word_1_630' title='bbox 371 5143 525 5214; x_wconf 76' lang='grc' dir='ltr'><strong>φωνὴ</strong></span> <span class='ocrx_word' id='word_1_631' title='bbox 557 5149 1047 5218; x_wconf 63' lang='grc' dir='ltr'><strong>πῳκαταρκτικῆς</strong></span> <span class='ocrx_word' id='word_1_632' title='bbox 1085 5151 1268 5212; x_wconf 80' lang='grc' dir='ltr'><strong>αἰτίας</strong></span> <span class='ocrx_word' id='word_1_633' title='bbox 1315 5151 1610 5220; x_wconf 79' lang='grc' dir='ltr'><strong>ὁμολογίαν</strong></span> <span class='ocrx_word' id='word_1_634' title='bbox 1634 5157 1772 5227; x_wconf 78' lang='grc' dir='ltr'><strong>ἔχει,</strong></span> 
     </span>
    </p>
   </div>
   <div class='ocr_carea' id='block_1_84' title="bbox 197 5236 1776 5317">
    <p class='ocr_par' dir='ltr' id='par_1_84' title="bbox 197 5236 1776 5317">
     <span class='ocr_line' id='line_1_84' title="bbox 197 5236 1776 5317; baseline 0.009 -31"><span class='ocrx_word' id='word_1_635' title='bbox 197 5236 299 5287; x_wconf 79' lang='grc' dir='ltr'><strong>οὐκ</strong></span> <span class='ocrx_word' id='word_1_636' title='bbox 337 5236 430 5287; x_wconf 71' lang='grc' dir='ltr'><strong>ἐπὶ</strong></span> <span class='ocrx_word' id='word_1_637' title='bbox 463 5237 774 5309; x_wconf 67' lang='grc' dir='ltr'><strong>κατηγορίᾳ</strong></span> <span class='ocrx_word' id='word_1_638' title='bbox 807 5239 903 5292; x_wconf 86' lang='grc' dir='ltr'><strong>τοῦ</strong></span> <span class='ocrx_word' id='word_1_639' title='bbox 939 5240 1228 5312; x_wconf 81' lang='grc' dir='ltr'><strong>ποιητικοῦ</strong></span> <span class='ocrx_word' id='word_1_640' title='bbox 1264 5243 1439 5296; x_wconf 81' lang='grc' dir='ltr'><strong>αἰτίου</strong></span> <span class='ocrx_word' id='word_1_641' title='bbox 1482 5247 1776 5317; x_wconf 81' lang='grc' dir='ltr'><strong>παραλαμ-</strong></span> 
     </span>
    </p>
   </div>
   <div class='ocr_carea' id='block_1_85' title="bbox 192 5321 500 5377">
    <p class='ocr_par' dir='ltr' id='par_1_85' title="bbox 192 5321 500 5377">
     <span class='ocr_line' id='line_1_85' title="bbox 192 5321 500 5377; baseline -0.003 0"><span class='ocrx_word' id='word_1_642' title='bbox 192 5321 439 5377; x_wconf 68' lang='grc' dir='ltr'><strong>ϐάνεται.</strong></span> <span class='ocrx_word' id='word_1_643' title='bbox 480 5343 500 5376; x_wconf 69' lang='grc' dir='ltr'><strong>ι</strong></span> 
     </span>
    </p>
   </div>
   <div class='ocr_carea' id='block_1_86' title="bbox 269 5417 1559 5500">
    <p class='ocr_par' dir='ltr' id='par_1_86' title="bbox 269 5417 1559 5500">
     <span class='ocr_line' id='line_1_86' title="bbox 269 5417 1559 5500; baseline 0.015 -32"><span class='ocrx_word' id='word_1_644' title='bbox 269 5417 413 5489; x_wconf 81' lang='grc' dir='ltr'><strong>Πρὸς</strong></span> <span class='ocrx_word' id='word_1_645' title='bbox 443 5419 504 5471; x_wconf 83' lang='grc' dir='ltr'><strong>τὸ</strong></span> <span class='ocrx_word' id='word_1_646' title='bbox 533 5420 594 5484; x_wconf 73' lang='grc' dir='ltr'><strong>ἐξ</strong></span> <span class='ocrx_word' id='word_1_647' title='bbox 633 5421 829 5494; x_wconf 75' lang='grc' dir='ltr'><strong>ἑτέρας</strong></span> <span class='ocrx_word' id='word_1_648' title='bbox 865 5424 1075 5490; x_wconf 79' lang='grc' dir='ltr'><strong>οὐσίας,</strong></span> <span class='ocrx_word' id='word_1_649' title='bbox 1111 5428 1143 5500; x_wconf 81' lang='grc' dir='ltr'>ἢ</span> <span class='ocrx_word' id='word_1_650' title='bbox 1186 5429 1559 5496; x_wconf 81' lang='grc' dir='ltr'><strong>ὑποστάσεως.</strong></span> 
     </span>
    </p>
   </div>
   <div class='ocr_carea' id='block_1_87' title="bbox 1893 3252 3477 3333">
    <p class='ocr_par' dir='ltr' id='par_1_87' title="bbox 1893 3252 3477 3333">
     <span class='ocr_line' id='line_1_87' title="bbox 1893 3252 3477 3333; baseline 0.012 -32"><span class='ocrx_word' id='word_1_651' title='bbox 1893 3262 2245 3313; x_wconf 88' lang='lat' dir='ltr'><strong>cumsonaus,</strong></span> <span class='ocrx_word' id='word_1_652' title='bbox 2272 3270 2290 3302; x_wconf 73' lang='grc' dir='ltr'><strong>ι</strong></span> <span class='ocrx_word' id='word_1_653' title='bbox 2324 3252 2536 3307; x_wconf 86' lang='lat' dir='ltr'><strong>subdit:</strong></span> <span class='ocrx_word' id='word_1_654' title='bbox 2557 3273 2577 3305; x_wconf 88' lang='grc'><strong><em>‹</em></strong></span> <span class='ocrx_word' id='word_1_655' title='bbox 2597 3253 3044 3328; x_wconf 79' lang='lat' dir='ltr'><strong>Quandoquidem</strong></span> <span class='ocrx_word' id='word_1_656' title='bbox 3074 3274 3154 3317; x_wconf 85' lang='lat' dir='ltr'><strong>est</strong></span> <span class='ocrx_word' id='word_1_657' title='bbox 3172 3277 3301 3333; x_wconf 80' lang='lat' dir='ltr'><strong>ergo</strong></span> <span class='ocrx_word' id='word_1_658' title='bbox 3315 3262 3477 3320; x_wconf 86' lang='lat' dir='ltr'><strong>Pater</strong></span> 
     </span>
    </p>
   </div>
   <div class='ocr_carea' id='block_1_88' title="bbox 1891 3339 3470 3424">
    <p class='ocr_par' dir='ltr' id='par_1_88' title="bbox 1891 3339 3470 3424">
     <span class='ocr_line' id='line_1_88' title="bbox 1891 3339 3470 3424; baseline 0.014 -31"><span class='ocrx_word' id='word_1_659' title='bbox 1891 3339 2071 3395; x_wconf 90' lang='lat' dir='ltr'><strong>lumen</strong></span> <span class='ocrx_word' id='word_1_660' title='bbox 2100 3344 2221 3399; x_wconf 84' lang='lat' dir='ltr'><strong>sine</strong></span> <span class='ocrx_word' id='word_1_661' title='bbox 2252 3346 2524 3415; x_wconf 82' lang='lat' dir='ltr'><strong>principio</strong></span> <span class='ocrx_word' id='word_1_662' title='bbox 2556 3365 2572 3403; x_wconf 89' lang='lat'><strong>:</strong></span> <span class='ocrx_word' id='word_1_663' title='bbox 2609 3349 2792 3404; x_wconf 87' lang='lat' dir='ltr'><strong>lumen</strong></span> <span class='ocrx_word' id='word_1_664' title='bbox 2822 3366 2952 3406; x_wconf 72' lang='lat' dir='ltr'><strong>vero</strong></span> <span class='ocrx_word' id='word_1_665' title='bbox 2975 3365 3216 3424; x_wconf 78' lang='lat' dir='ltr'><strong>genitum</strong></span> <span class='ocrx_word' id='word_1_666' title='bbox 3245 3355 3418 3414; x_wconf 82' lang='lat' dir='ltr'><strong>Filius</strong></span> <span class='ocrx_word' id='word_1_667' title='bbox 3454 3376 3470 3414; x_wconf 91' lang='lat'><strong>:</strong></span> 
     </span>
    </p>
   </div>
   <div class='ocr_carea' id='block_1_89' title="bbox 1891 3433 3472 3506">
    <p class='ocr_par' dir='ltr' id='par_1_89' title="bbox 1891 3433 3472 3506">
     <span class='ocr_line' id='line_1_89' title="bbox 1891 3433 3472 3506; baseline 0.013 -20"><span class='ocrx_word' id='word_1_668' title='bbox 1891 3433 2072 3488; x_wconf 87' lang='lat' dir='ltr'><strong>lumen</strong></span> <span class='ocrx_word' id='word_1_669' title='bbox 2112 3444 2166 3489; x_wconf 91' lang='lat' dir='ltr'><strong>et</strong></span> <span class='ocrx_word' id='word_1_670' title='bbox 2226 3437 2409 3491; x_wconf 89' lang='lat' dir='ltr'><strong>lumen</strong></span> <span class='ocrx_word' id='word_1_671' title='bbox 2463 3440 2726 3496; x_wconf 85' lang='lat' dir='ltr'><strong>alteruter</strong></span> <span class='ocrx_word' id='word_1_672' title='bbox 2771 3461 2786 3497; x_wconf 88' lang='lat'><strong>:</strong></span> <span class='ocrx_word' id='word_1_673' title='bbox 2826 3445 3156 3501; x_wconf 76' lang='lat' dir='ltr'><strong>homousiou</strong></span> <span class='ocrx_word' id='word_1_674' title='bbox 3214 3451 3472 3506; x_wconf 80' lang='lat' dir='ltr'><strong>dixerunt</strong></span> 
     </span>
    </p>
   </div>
   <div class='ocr_carea' id='block_1_90' title="bbox 1890 3526 3469 3611">
    <p class='ocr_par' dir='ltr' id='par_1_90' title="bbox 1890 3526 3469 3611">
     <span class='ocr_line' id='line_1_90' title="bbox 1890 3526 3469 3611; baseline 0.014 -35"><span class='ocrx_word' id='word_1_675' title='bbox 1890 3539 2001 3577; x_wconf 89' lang='lat' dir='ltr'><strong>non</strong></span> <span class='ocrx_word' id='word_1_676' title='bbox 2054 3526 2375 3596; x_wconf 76' lang='lat' dir='ltr'><strong>incongrue,</strong></span> <span class='ocrx_word' id='word_1_677' title='bbox 2433 3539 2493 3583; x_wconf 91' lang='lat' dir='ltr'><strong>ut</strong></span> <span class='ocrx_word' id='word_1_678' title='bbox 2542 3543 2754 3588; x_wconf 72' lang='lat' dir='ltr'><strong>naturae</strong></span> <span class='ocrx_word' id='word_1_679' title='bbox 2812 3538 3077 3605; x_wconf 70' lang='lat' dir='ltr'><strong>aequalem</strong></span> <span class='ocrx_word' id='word_1_680' title='bbox 3144 3540 3469 3611; x_wconf 75' lang='lat' dir='ltr'><strong>dignitatem</strong></span> 
     </span>
    </p>
   </div>
   <div class='ocr_carea' id='block_1_91' title="bbox 1888 3614 3471 3695">
    <p class='ocr_par' dir='ltr' id='par_1_91' title="bbox 1888 3614 3471 3695">
     <span class='ocr_line' id='line_1_91' title="bbox 1888 3614 3471 3695; baseline 0.015 -28"><span class='ocrx_word' id='word_1_681' title='bbox 1888 3614 2348 3675; x_wconf 76' lang='lat' dir='ltr'><strong>demonstrarent.</strong></span> <span class='ocrx_word' id='word_1_682' title='bbox 2405 3620 2523 3676; x_wconf 85' lang='lat' dir='ltr'><strong>Non</strong></span> <span class='ocrx_word' id='word_1_683' title='bbox 2572 3625 2717 3677; x_wconf 90' lang='lat' dir='ltr'><strong>enim</strong></span> <span class='ocrx_word' id='word_1_684' title='bbox 2786 3642 2910 3695; x_wconf 76' lang='lat' dir='ltr'><strong>qua:</strong></span> <span class='ocrx_word' id='word_1_685' title='bbox 2953 3632 3019 3683; x_wconf 89' lang='lat' dir='ltr'><strong>ad</strong></span> <span class='ocrx_word' id='word_1_686' title='bbox 3061 3633 3291 3687; x_wconf 64' lang='lat' dir='ltr'><strong>invicem</strong></span> <span class='ocrx_word' id='word_1_687' title='bbox 3343 3649 3471 3691; x_wconf 91' lang='lat' dir='ltr'><strong>sunt</strong></span> 
     </span>
    </p>
   </div>
   <div class='ocr_carea' id='block_1_92' title="bbox 1887 3709 3467 3792">
    <p class='ocr_par' dir='ltr' id='par_1_92' title="bbox 1887 3709 3467 3792">
     <span class='ocr_line' id='line_1_92' title="bbox 1887 3709 3467 3792; baseline 0.016 -36"><span class='ocrx_word' id='word_1_688' title='bbox 1887 3716 2143 3774; x_wconf 73' lang='lat' dir='ltr'><strong>cognata,</strong></span> <span class='ocrx_word' id='word_1_689' title='bbox 2165 3719 2294 3762; x_wconf 87' lang='lat' dir='ltr'><strong>sunt</strong></span> <span class='ocrx_word' id='word_1_690' title='bbox 2335 3709 2403 3765; x_wconf 89' lang='lat' dir='ltr'><strong>ad</strong></span> <span class='ocrx_word' id='word_1_691' title='bbox 2434 3712 2669 3767; x_wconf 82' lang='lat' dir='ltr'><strong>invicem</strong></span> <span class='ocrx_word' id='word_1_692' title='bbox 2712 3718 3030 3783; x_wconf 73' lang='lat' dir='ltr'><strong>homousia,</strong></span> <span class='ocrx_word' id='word_1_693' title='bbox 3069 3722 3121 3775; x_wconf 88' lang='lat' dir='ltr'><strong>id</strong></span> <span class='ocrx_word' id='word_1_694' title='bbox 3155 3727 3301 3792; x_wconf 84' lang='lat' dir='ltr'><strong>quod</strong></span> <span class='ocrx_word' id='word_1_695' title='bbox 3357 3744 3467 3782; x_wconf 89' lang='lat' dir='ltr'><strong>non</strong></span> 
     </span>
    </p>
   </div>
   <div class='ocr_carea' id='block_1_93' title="bbox 1888 3800 3545 3873">
    <p class='ocr_par' dir='ltr' id='par_1_93' title="bbox 1888 3800 3545 3873">
     <span class='ocr_line' id='line_1_93' title="bbox 1888 3800 3545 3873; baseline 0.014 -25"><span class='ocrx_word' id='word_1_696' title='bbox 1888 3810 2050 3848; x_wconf 91' lang='lat' dir='ltr'><strong>nemo</strong></span> <span class='ocrx_word' id='word_1_697' title='bbox 2095 3800 2455 3865; x_wconf 77' lang='lat' dir='ltr'><strong>existimavit,</strong></span> <span class='ocrx_word' id='word_1_698' title='bbox 2488 3805 2583 3857; x_wconf 88' lang='lat' dir='ltr'><strong>sed</strong></span> <span class='ocrx_word' id='word_1_699' title='bbox 2620 3813 2738 3860; x_wconf 88' lang='lat' dir='ltr'><strong>tum</strong></span> <span class='ocrx_word' id='word_1_700' title='bbox 2769 3820 2977 3864; x_wconf 87' lang='lat' dir='ltr'><strong>cumet</strong></span> <span class='ocrx_word' id='word_1_701' title='bbox 3015 3827 3184 3868; x_wconf 80' lang='lat' dir='ltr'><strong>causa</strong></span> <span class='ocrx_word' id='word_1_702' title='bbox 3219 3827 3275 3870; x_wconf 91' lang='lat' dir='ltr'><strong>et</strong></span> <span class='ocrx_word' id='word_1_703' title='bbox 3333 3834 3469 3873; x_wconf 77' lang='lat' dir='ltr'><strong>cau-</strong></span> <span class='ocrx_word' id='word_1_704' title='bbox 3542 3814 3545 3817; x_wconf 77' lang='grc'><em>’</em></span> 
     </span>
    </p>
   </div>
   <div class='ocr_carea' id='block_1_94' title="bbox 1888 3887 3469 3974">
    <p class='ocr_par' dir='ltr' id='par_1_94' title="bbox 1888 3887 3469 3974">
     <span class='ocr_line' id='line_1_94' title="bbox 1888 3887 3469 3974; baseline 0.016 -37"><span class='ocrx_word' id='word_1_705' title='bbox 1888 3897 2067 3939; x_wconf 88' lang='lat' dir='ltr'><strong>satum</strong></span> <span class='ocrx_word' id='word_1_706' title='bbox 2091 3887 2341 3958; x_wconf 86' lang='lat' dir='ltr'><strong>ejusdem</strong></span> <span class='ocrx_word' id='word_1_707' title='bbox 2369 3908 2466 3960; x_wconf 90' lang='lat' dir='ltr'><strong>per</strong></span> <span class='ocrx_word' id='word_1_708' title='bbox 2501 3898 2686 3951; x_wconf 88' lang='lat' dir='ltr'><strong>omnia</strong></span> <span class='ocrx_word' id='word_1_709' title='bbox 2720 3912 2931 3955; x_wconf 75' lang='lat' dir='ltr'><strong>naturae</strong></span> <span class='ocrx_word' id='word_1_710' title='bbox 2989 3907 3351 3974; x_wconf 85' lang='lat' dir='ltr'><strong>participant,</strong></span> <span class='ocrx_word' id='word_1_711' title='bbox 3383 3912 3469 3964; x_wconf 82' lang='lat' dir='ltr'><strong>di-</strong></span> 
     </span>
    </p>
   </div>
   <div class='ocr_carea' id='block_1_95' title="bbox 1886 3978 2644 4040">
    <p class='ocr_par' dir='ltr' id='par_1_95' title="bbox 1886 3978 2644 4040">
     <span class='ocr_line' id='line_1_95' title="bbox 1886 3978 2644 4040; baseline 0.012 -9"><span class='ocrx_word' id='word_1_712' title='bbox 1886 3990 2088 4032; x_wconf 91' lang='lat' dir='ltr'><strong>cuntur</strong></span> <span class='ocrx_word' id='word_1_713' title='bbox 2122 3997 2244 4036; x_wconf 88' lang='lat' dir='ltr'><strong>esse</strong></span> <span class='ocrx_word' id='word_1_714' title='bbox 2279 3978 2589 4040; x_wconf 75' lang='lat' dir='ltr'><strong>homousia.</strong></span> <span class='ocrx_word' id='word_1_715' title='bbox 2623 4006 2644 4039; x_wconf 75' lang='grc' dir='ltr'><strong>ι</strong></span> 
     </span>
    </p>
   </div>
   <div class='ocr_carea' id='block_1_96' title="bbox 1958 4069 3466 4151">
    <p class='ocr_par' dir='ltr' id='par_1_96' title="bbox 1958 4069 3466 4151">
     <span class='ocr_line' id='line_1_96' title="bbox 1958 4069 3466 4151; baseline 0.017 -28"><span class='ocrx_word' id='word_1_716' title='bbox 1958 4069 2101 4125; x_wconf 88' lang='lat' dir='ltr'><strong>Idem</strong></span> <span class='ocrx_word' id='word_1_717' title='bbox 2132 4076 2311 4142; x_wconf 83' lang='lat' dir='ltr'><strong>capite</strong></span> <span class='ocrx_word' id='word_1_718' title='bbox 2377 4077 2411 4131; x_wconf 91' lang='lat'><strong>8</strong></span> <span class='ocrx_word' id='word_1_719' title='bbox 2444 4080 2509 4132; x_wconf 93' lang='lat' dir='ltr'><strong>ad</strong></span> <span class='ocrx_word' id='word_1_720' title='bbox 2541 4080 2982 4151; x_wconf 81' lang='lat' dir='ltr'><strong>Amphilochium</strong></span> <span class='ocrx_word' id='word_1_721' title='bbox 3039 4106 3055 4142; x_wconf 89' lang='lat'><strong>:</strong></span> <span class='ocrx_word' id='word_1_722' title='bbox 3099 4109 3117 4142; x_wconf 77' lang='grc' dir='ltr'><strong>ι</strong></span> <span class='ocrx_word' id='word_1_723' title='bbox 3157 4090 3284 4147; x_wconf 83' lang='lat' dir='ltr'><strong>Ideo</strong></span> <span class='ocrx_word' id='word_1_724' title='bbox 3333 4095 3466 4150; x_wconf 87' lang='lat' dir='ltr'><strong>dicit</strong></span> 
     </span>
    </p>
   </div>
   <div class='ocr_carea' id='block_1_97' title="bbox 1888 4159 3462 4253">
    <p class='ocr_par' dir='ltr' id='par_1_97' title="bbox 1888 4159 3462 4253">
     <span class='ocr_line' id='line_1_97' title="bbox 1888 4159 3462 4253; baseline 0.017 -41"><span class='ocrx_word' id='word_1_725' title='bbox 1888 4159 2154 4218; x_wconf 89' lang='lat' dir='ltr'><strong>Dominus</strong></span> <span class='ocrx_word' id='word_1_726' title='bbox 2174 4163 2325 4220; x_wconf 87' lang='lat' dir='ltr'><strong>Patri</strong></span> <span class='ocrx_word' id='word_1_727' title='bbox 2349 4186 2362 4222; x_wconf 91' lang='lat'><strong>:</strong></span> <span class='ocrx_word' id='word_1_728' title='bbox 2396 4186 2414 4219; x_wconf 76' lang='grc' dir='ltr'><strong>ι</strong></span> <span class='ocrx_word' id='word_1_729' title='bbox 2445 4168 2640 4225; x_wconf 87' lang='lat' dir='ltr'><strong>Omnia</strong></span> <span class='ocrx_word' id='word_1_730' title='bbox 2667 4190 2783 4228; x_wconf 87' lang='lat' dir='ltr'><strong>mea</strong></span> <span class='ocrx_word' id='word_1_731' title='bbox 2817 4185 2908 4231; x_wconf 89' lang='lat' dir='ltr'><strong>tua</strong></span> <span class='ocrx_word' id='word_1_732' title='bbox 2930 4181 3175 4243; x_wconf 71' lang='lat' dir='ltr'><strong>sunt“.i</strong></span> <span class='ocrx_word' id='word_1_733' title='bbox 3204 4193 3462 4253; x_wconf 86' lang='lat' dir='ltr'><strong>tanquam</strong></span> 
     </span>
    </p>
   </div>
   <div class='ocr_carea' id='block_1_98' title="bbox 1885 4251 3459 4342">
    <p class='ocr_par' dir='ltr' id='par_1_98' title="bbox 1885 4251 3459 4342">
     <span class='ocr_line' id='line_1_98' title="bbox 1885 4251 3459 4342; baseline 0.018 -38"><span class='ocrx_word' id='word_1_734' title='bbox 1885 4253 1951 4305; x_wconf 83' lang='lat' dir='ltr'><strong>ad</strong></span> <span class='ocrx_word' id='word_1_735' title='bbox 1974 4251 2151 4321; x_wconf 84' lang='lat' dir='ltr'><strong>ipsum</strong></span> <span class='ocrx_word' id='word_1_736' title='bbox 2181 4257 2335 4326; x_wconf 78' lang='lat' dir='ltr'><strong>origo</strong></span> <span class='ocrx_word' id='word_1_737' title='bbox 2362 4274 2540 4314; x_wconf 87' lang='lat' dir='ltr'><strong>rerum</strong></span> <span class='ocrx_word' id='word_1_738' title='bbox 2567 4265 2918 4321; x_wconf 84' lang='lat' dir='ltr'><strong>conditarum</strong></span> <span class='ocrx_word' id='word_1_739' title='bbox 2959 4272 3247 4327; x_wconf 85' lang='lat' dir='ltr'><strong>relerenda</strong></span> <span class='ocrx_word' id='word_1_740' title='bbox 3273 4251 3370 4342; x_wconf 80' lang='lat' dir='ltr'><strong>sit,</strong></span> <span class='ocrx_word' id='word_1_741' title='bbox 3401 4289 3459 4332; x_wconf 85' lang='lat' dir='ltr'><strong>ct.</strong></span> 
     </span>
    </p>
   </div>
   <div class='ocr_carea' id='block_1_99' title="bbox 1892 4352 3464 4425">
    <p class='ocr_par' dir='ltr' id='par_1_99' title="bbox 1892 4352 3464 4425">
     <span class='ocr_line' id='line_1_99' title="bbox 1892 4352 3464 4425; baseline 0.018 -28"><span class='ocrx_word' id='word_1_742' title='bbox 1892 4362 1911 4396; x_wconf 77' lang='grc' dir='ltr'><strong>ι</strong></span> <span class='ocrx_word' id='word_1_743' title='bbox 1943 4358 2033 4401; x_wconf 89' lang='lat' dir='ltr'><strong>tua</strong></span> <span class='ocrx_word' id='word_1_744' title='bbox 2066 4364 2181 4402; x_wconf 84' lang='lat' dir='ltr'><strong>mea</strong></span> <span class='ocrx_word' id='word_1_745' title='bbox 2211 4367 2261 4413; x_wconf 73' lang='grc' dir='ltr'><strong>ι,</strong></span> <span class='ocrx_word' id='word_1_746' title='bbox 2296 4352 2440 4420; x_wconf 89' lang='lat' dir='ltr'><strong>quod</strong></span> <span class='ocrx_word' id='word_1_747' title='bbox 2469 4355 2569 4423; x_wconf 89' lang='lat' dir='ltr'><strong>ipsi</strong></span> <span class='ocrx_word' id='word_1_748' title='bbox 2602 4371 2633 4410; x_wconf 92' lang='lat' dir='ltr'><strong>a</strong></span> <span class='ocrx_word' id='word_1_749' title='bbox 2663 4356 2824 4415; x_wconf 85' lang='lat' dir='ltr'><strong>Patre</strong></span> <span class='ocrx_word' id='word_1_750' title='bbox 2867 4364 3135 4418; x_wconf 82' lang='lat' dir='ltr'><strong>condendi</strong></span> <span class='ocrx_word' id='word_1_751' title='bbox 3162 4370 3464 4425; x_wconf 86' lang='lat' dir='ltr'><strong>auctoritas</strong></span> 
     </span>
    </p>
   </div>
   <div class='ocr_carea' id='block_1_100' title="bbox 1882 4440 3466 4524">
    <p class='ocr_par' dir='ltr' id='par_1_100' title="bbox 1882 4440 3466 4524">
     <span class='ocr_line' id='line_1_100' title="bbox 1882 4440 3466 4524; baseline 0.018 -36"><span class='ocrx_word' id='word_1_752' title='bbox 1882 4440 2152 4504; x_wconf 78' lang='lat' dir='ltr'><strong>provenit.</strong></span> <span class='ocrx_word' id='word_1_753' title='bbox 2199 4441 2444 4508; x_wconf 78' lang='lat' dir='ltr'><strong>Quarum</strong></span> <span class='ocrx_word' id='word_1_754' title='bbox 2480 4448 2628 4501; x_wconf 85' lang='lat' dir='ltr'><strong>enim</strong></span> <span class='ocrx_word' id='word_1_755' title='bbox 2656 4452 2886 4519; x_wconf 62' lang='lat' dir='ltr'><strong>aequalis</strong></span> <span class='ocrx_word' id='word_1_756' title='bbox 2926 4465 3011 4508; x_wconf 90' lang='lat' dir='ltr'><strong>est</strong></span> <span class='ocrx_word' id='word_1_757' title='bbox 3045 4460 3310 4524; x_wconf 84' lang='lat' dir='ltr'><strong>potentia,</strong></span> <span class='ocrx_word' id='word_1_758' title='bbox 3363 4460 3466 4515; x_wconf 90' lang='lat' dir='ltr'><strong>ho-</strong></span> 
     </span>
    </p>
   </div>
   <div class='ocr_carea' id='block_1_101' title="bbox 1883 4529 3463 4616">
    <p class='ocr_par' dir='ltr' id='par_1_101' title="bbox 1883 4529 3463 4616">
     <span class='ocr_line' id='line_1_101' title="bbox 1883 4529 3463 4616; baseline 0.018 -38"><span class='ocrx_word' id='word_1_759' title='bbox 1883 4541 2003 4579; x_wconf 89' lang='lat' dir='ltr'><strong>rum</strong></span> <span class='ocrx_word' id='word_1_760' title='bbox 2028 4529 2254 4596; x_wconf 58' lang='lat' dir='ltr'><strong>aqualis</strong></span> <span class='ocrx_word' id='word_1_761' title='bbox 2282 4542 2363 4586; x_wconf 87' lang='lat' dir='ltr'><strong>est</strong></span> <span class='ocrx_word' id='word_1_762' title='bbox 2423 4544 2476 4589; x_wconf 91' lang='lat' dir='ltr'><strong>et</strong></span> <span class='ocrx_word' id='word_1_763' title='bbox 2498 4540 2758 4606; x_wconf 87' lang='lat' dir='ltr'><strong>operatio.</strong></span> <span class='ocrx_word' id='word_1_764' title='bbox 2784 4540 3035 4600; x_wconf 85' lang='lat' dir='ltr'><strong>Christus</strong></span> <span class='ocrx_word' id='word_1_765' title='bbox 3068 4547 3335 4616; x_wconf 88' lang='lat' dir='ltr'><strong>siquidem</strong></span> <span class='ocrx_word' id='word_1_766' title='bbox 3369 4550 3463 4606; x_wconf 91' lang='lat' dir='ltr'><strong>Dei</strong></span> 
     </span>
    </p>
   </div>
   <div class='ocr_carea' id='block_1_102' title="bbox 1884 4618 3464 4712">
    <p class='ocr_par' dir='ltr' id='par_1_102' title="bbox 1884 4618 3464 4712">
     <span class='ocr_line' id='line_1_102' title="bbox 1884 4618 3464 4712; baseline 0.02 -43"><span class='ocrx_word' id='word_1_767' title='bbox 1884 4618 2059 4672; x_wconf 80' lang='lat' dir='ltr'><strong>virtus</strong></span> <span class='ocrx_word' id='word_1_768' title='bbox 2087 4632 2193 4684; x_wconf 88' lang='lat' dir='ltr'><strong>est,</strong></span> <span class='ocrx_word' id='word_1_769' title='bbox 2248 4633 2303 4677; x_wconf 81' lang='lat' dir='ltr'><strong>et</strong></span> <span class='ocrx_word' id='word_1_770' title='bbox 2339 4624 2428 4679; x_wconf 86' lang='lat' dir='ltr'><strong>Dei</strong></span> <span class='ocrx_word' id='word_1_771' title='bbox 2494 4633 2786 4699; x_wconf 83' lang='lat' dir='ltr'><strong>sapientia,</strong></span> <span class='ocrx_word' id='word_1_772' title='bbox 2835 4646 2890 4690; x_wconf 92' lang='lat' dir='ltr'><strong>et</strong></span> <span class='ocrx_word' id='word_1_773' title='bbox 2948 4639 3030 4694; x_wconf 83' lang='lat' dir='ltr'><strong>sic</strong></span> <span class='ocrx_word' id='word_1_774' title='bbox 3095 4657 3114 4691; x_wconf 77' lang='grc' dir='ltr'><strong>ι</strong></span> <span class='ocrx_word' id='word_1_775' title='bbox 3151 4644 3334 4698; x_wconf 88' lang='lat' dir='ltr'><strong>omnia</strong></span> <span class='ocrx_word' id='word_1_776' title='bbox 3368 4661 3464 4712; x_wconf 84' lang='lat' dir='ltr'><strong>per</strong></span> 
     </span>
    </p>
   </div>
   <div class='ocr_carea' id='block_1_103' title="bbox 1885 4708 3467 4794">
    <p class='ocr_par' dir='ltr' id='par_1_103' title="bbox 1885 4708 3467 4794">
     <span class='ocr_line' id='line_1_103' title="bbox 1885 4708 3467 4794; baseline 0.019 -33"><span class='ocrx_word' id='word_1_777' title='bbox 1885 4708 2064 4778; x_wconf 86' lang='lat' dir='ltr'><strong>ipsum</strong></span> <span class='ocrx_word' id='word_1_778' title='bbox 2130 4711 2269 4768; x_wconf 82' lang='lat' dir='ltr'><strong>facta</strong></span> <span class='ocrx_word' id='word_1_779' title='bbox 2314 4728 2445 4772; x_wconf 88' lang='lat' dir='ltr'><strong>sunt</strong></span> <span class='ocrx_word' id='word_1_780' title='bbox 2477 4718 2546 4778; x_wconf 81' lang='grc'><strong>⁶⁹.</strong></span> <span class='ocrx_word' id='word_1_781' title='bbox 2589 4739 2611 4774; x_wconf 72' lang='grc' dir='ltr'><strong>ι</strong></span> <span class='ocrx_word' id='word_1_782' title='bbox 2650 4723 2715 4777; x_wconf 84' lang='lat' dir='ltr'><strong>Et</strong></span> <span class='ocrx_word' id='word_1_783' title='bbox 2747 4730 2939 4794; x_wconf 88' lang='lat' dir='ltr'><strong>paucis</strong></span> <span class='ocrx_word' id='word_1_784' title='bbox 2993 4732 3275 4788; x_wconf 78' lang='lat' dir='ltr'><strong>annexis:</strong></span> <span class='ocrx_word' id='word_1_785' title='bbox 3315 4755 3335 4787; x_wconf 71' lang='grc' dir='ltr'><strong>ι</strong></span> <span class='ocrx_word' id='word_1_786' title='bbox 3364 4708 3467 4791; x_wconf 85' lang='lat' dir='ltr'><strong>Pa-</strong></span> 
     </span>
    </p>
   </div>
   <div class='ocr_carea' id='block_1_104' title="bbox 1886 4803 3464 4890">
    <p class='ocr_par' dir='ltr' id='par_1_104' title="bbox 1886 4803 3464 4890">
     <span class='ocr_line' id='line_1_104' title="bbox 1886 4803 3464 4890; baseline 0.02 -38"><span class='ocrx_word' id='word_1_787' title='bbox 1886 4808 2022 4854; x_wconf 88' lang='lat' dir='ltr'><strong>trem</strong></span> <span class='ocrx_word' id='word_1_788' title='bbox 2051 4818 2148 4870; x_wconf 90' lang='lat' dir='ltr'><strong>per</strong></span> <span class='ocrx_word' id='word_1_789' title='bbox 2172 4803 2369 4862; x_wconf 82' lang='lat' dir='ltr'><strong>Filium</strong></span> <span class='ocrx_word' id='word_1_790' title='bbox 2391 4824 2581 4867; x_wconf 89' lang='lat' dir='ltr'><strong>creare</strong></span> <span class='ocrx_word' id='word_1_791' title='bbox 2634 4829 2813 4885; x_wconf 83' lang='lat' dir='ltr'><strong>neque</strong></span> <span class='ocrx_word' id='word_1_792' title='bbox 2862 4820 3239 4890; x_wconf 75' lang='lat' dir='ltr'><strong>imperfectam</strong></span> <span class='ocrx_word' id='word_1_793' title='bbox 3281 4825 3464 4884; x_wconf 84' lang='lat' dir='ltr'><strong>Patris</strong></span> 
     </span>
    </p>
   </div>
   <div class='ocr_carea' id='block_1_105' title="bbox 1883 4893 3462 4978">
    <p class='ocr_par' dir='ltr' id='par_1_105' title="bbox 1883 4893 3462 4978">
     <span class='ocr_line' id='line_1_105' title="bbox 1883 4893 3462 4978; baseline 0.02 -35"><span class='ocrx_word' id='word_1_794' title='bbox 1883 4893 2216 4949; x_wconf 87' lang='lat' dir='ltr'><strong>creationem</strong></span> <span class='ocrx_word' id='word_1_795' title='bbox 2281 4913 2697 4971; x_wconf 88' lang='lat' dir='ltr'><strong>commonstrat,</strong></span> <span class='ocrx_word' id='word_1_796' title='bbox 2751 4924 2929 4978; x_wconf 89' lang='lat' dir='ltr'><strong>neque</strong></span> <span class='ocrx_word' id='word_1_797' title='bbox 2993 4911 3119 4970; x_wconf 86' lang='lat' dir='ltr'><strong>Filii</strong></span> <span class='ocrx_word' id='word_1_798' title='bbox 3182 4916 3462 4975; x_wconf 85' lang='lat' dir='ltr'><strong>imbellem</strong></span> 
     </span>
    </p>
   </div>
   <div class='ocr_carea' id='block_1_106' title="bbox 1887 4987 3465 5075">
    <p class='ocr_par' dir='ltr' id='par_1_106' title="bbox 1887 4987 3465 5075">
     <span class='ocr_line' id='line_1_106' title="bbox 1887 4987 3465 5075; baseline 0.019 -41"><span class='ocrx_word' id='word_1_799' title='bbox 1887 4987 2261 5051; x_wconf 87' lang='lat' dir='ltr'><strong>operationem</strong></span> <span class='ocrx_word' id='word_1_800' title='bbox 2289 5001 2570 5059; x_wconf 81' lang='lat' dir='ltr'><strong>connotat,</strong></span> <span class='ocrx_word' id='word_1_801' title='bbox 2606 4997 2702 5051; x_wconf 85' lang='lat' dir='ltr'><strong>sed</strong></span> <span class='ocrx_word' id='word_1_802' title='bbox 2744 5001 3049 5059; x_wconf 78' lang='lat' dir='ltr'><strong>voluntatis</strong></span> <span class='ocrx_word' id='word_1_803' title='bbox 3109 5007 3465 5075; x_wconf 87' lang='lat' dir='ltr'><strong>conjunctio-</strong></span> 
     </span>
    </p>
   </div>
   <div class='ocr_carea' id='block_1_107' title="bbox 1885 5081 3464 5169">
    <p class='ocr_par' dir='ltr' id='par_1_107' title="bbox 1885 5081 3464 5169">
     <span class='ocr_line' id='line_1_107' title="bbox 1885 5081 3464 5169; baseline 0.018 -41"><span class='ocrx_word' id='word_1_804' title='bbox 1885 5091 2009 5130; x_wconf 89' lang='lat' dir='ltr'><strong>nem</strong></span> <span class='ocrx_word' id='word_1_805' title='bbox 2039 5081 2314 5148; x_wconf 84' lang='lat' dir='ltr'><strong>exprimit.</strong></span> <span class='ocrx_word' id='word_1_806' title='bbox 2363 5083 2549 5149; x_wconf 82' lang='lat' dir='ltr'><strong>Quare</strong></span> <span class='ocrx_word' id='word_1_807' title='bbox 2578 5087 2749 5145; x_wconf 89' lang='lat' dir='ltr'><strong>dictio</strong></span> <span class='ocrx_word' id='word_1_808' title='bbox 2793 5084 2890 5162; x_wconf 86' lang='lat' dir='ltr'><strong>per</strong></span> <span class='ocrx_word' id='word_1_809' title='bbox 2940 5095 3141 5152; x_wconf 89' lang='lat' dir='ltr'><strong>Filium</strong></span> <span class='ocrx_word' id='word_1_810' title='bbox 3189 5100 3464 5169; x_wconf 69' lang='lat' dir='ltr'><strong>primariae</strong></span> 
     </span>
    </p>
   </div>
   <div class='ocr_carea' id='block_1_108' title="bbox 1885 5171 3461 5246">
    <p class='ocr_par' dir='ltr' id='par_1_108' title="bbox 1885 5171 3461 5246">
     <span class='ocr_line' id='line_1_108' title="bbox 1885 5171 3461 5246; baseline 0.017 -27"><span class='ocrx_word' id='word_1_811' title='bbox 1885 5179 2068 5221; x_wconf 83' lang='lat' dir='ltr'><strong>causae</strong></span> <span class='ocrx_word' id='word_1_812' title='bbox 2105 5171 2503 5228; x_wconf 83' lang='lat' dir='ltr'><strong>confessionem</strong></span> <span class='ocrx_word' id='word_1_813' title='bbox 2540 5176 2729 5246; x_wconf 87' lang='lat' dir='ltr'><strong>habet,</strong></span> <span class='ocrx_word' id='word_1_814' title='bbox 2762 5198 2871 5237; x_wconf 89' lang='lat' dir='ltr'><strong>non</strong></span> <span class='ocrx_word' id='word_1_815' title='bbox 2918 5184 2974 5240; x_wconf 93' lang='lat' dir='ltr'><strong>in</strong></span> <span class='ocrx_word' id='word_1_816' title='bbox 3007 5188 3222 5244; x_wconf 80' lang='lat' dir='ltr'><strong>defectu</strong></span> <span class='ocrx_word' id='word_1_817' title='bbox 3280 5205 3461 5245; x_wconf 64' lang='lat' dir='ltr'><strong>causa</strong></span> 
     </span>
    </p>
   </div>
   <div class='ocr_carea' id='block_1_109' title="bbox 1885 5258 2614 5324">
    <p class='ocr_par' dir='ltr' id='par_1_109' title="bbox 1885 5258 2614 5324">
     <span class='ocr_line' id='line_1_109' title="bbox 1885 5258 2614 5324; baseline 0.022 -16"><span class='ocrx_word' id='word_1_818' title='bbox 1885 5258 2202 5315; x_wconf 89' lang='lat' dir='ltr'><strong>conditricis</strong></span> <span class='ocrx_word' id='word_1_819' title='bbox 2229 5266 2551 5324; x_wconf 88' lang='lat' dir='ltr'><strong>assumitur.</strong></span> <span class='ocrx_word' id='word_1_820' title='bbox 2593 5289 2614 5323; x_wconf 71' lang='grc' dir='ltr'><strong>ι</strong></span> 
     </span>
    </p>
   </div>
   <div class='ocr_carea' id='block_1_110' title="bbox 1884 5421 3462 5583">
    <p class='ocr_par' dir='ltr' id='par_1_110' title="bbox 1884 5442 3462 5583">
     <span class='ocr_line' id='line_1_110' title="bbox 1955 5442 3462 5523; baseline 0.019 -28"><span class='ocrx_word' id='word_1_821' title='bbox 1955 5442 2036 5498; x_wconf 80' lang='lat' dir='ltr'><strong>Ad</strong></span> <span class='ocrx_word' id='word_1_822' title='bbox 2101 5443 2234 5500; x_wconf 86' lang='lat' dir='ltr'><strong>illud</strong></span> <span class='ocrx_word' id='word_1_823' title='bbox 2294 5449 2440 5515; x_wconf 88' lang='lat' dir='ltr'><strong>quod</strong></span> <span class='ocrx_word' id='word_1_824' title='bbox 2491 5450 2716 5522; x_wconf 89' lang='lat' dir='ltr'><strong>dicitur,</strong></span> <span class='ocrx_word' id='word_1_825' title='bbox 2770 5472 2839 5512; x_wconf 82' lang='lat' dir='ltr'><strong>ex</strong></span> <span class='ocrx_word' id='word_1_826' title='bbox 2897 5458 3076 5516; x_wconf 83' lang='lat' dir='ltr'><strong>aliena</strong></span> <span class='ocrx_word' id='word_1_827' title='bbox 3130 5462 3369 5520; x_wconf 82' lang='lat' dir='ltr'><strong>essentia</strong></span> <span class='ocrx_word' id='word_1_828' title='bbox 3401 5472 3462 5523; x_wconf 85' lang='lat' dir='ltr'><strong>ct</strong></span> 
     </span>
     <span class='ocr_line' id='line_1_111' title="bbox 1884 5530 2184 5583; baseline 0 0"><span class='ocrx_word' id='word_1_829' title='bbox 1884 5530 2184 5583; x_wconf 66' lang='lat' dir='ltr'><strong>ltvnnsrasi.</strong></span> 
     </span>
    </p>
   </div>
   <div class='ocr_carea' id='block_1_111' title="bbox 1902 5547 2184 5602">
    <p class='ocr_par' dir='ltr' id='par_1_111' title="bbox 1902 5547 2184 5602">
     <span class='ocr_line' id='line_1_112' title="bbox 1902 5547 2184 5602; baseline 0.007 -15"><span class='ocrx_word' id='word_1_830' title='bbox 1902 5547 2184 5602; x_wconf 69' lang='lat' dir='ltr'><strong>typosrait.</strong></span> 
     </span>
    </p>
   </div>
   <div class='ocr_carea' id='block_1_112' title="bbox 269 5693 1978 5780">
    <p class='ocr_par' dir='ltr' id='par_1_112' title="bbox 269 5693 1978 5780">
     <span class='ocr_line' id='line_1_113' title="bbox 269 5693 1978 5780; baseline 0.012 -30"><span class='ocrx_word' id='word_1_831' title='bbox 269 5693 494 5756; x_wconf 80' lang='lat' dir='ltr'><strong>&quot;Joau.</strong></span> <span class='ocrx_word' id='word_1_832' title='bbox 532 5714 641 5764; x_wconf 79' lang='lat' dir='ltr'><strong>xw,</strong></span> <span class='ocrx_word' id='word_1_833' title='bbox 679 5704 903 5770; x_wconf 85' lang='lat' dir='ltr'><strong>passim.</strong></span> <span class='ocrx_word' id='word_1_834' title='bbox 984 5703 1029 5735; x_wconf 85' lang='lat'><strong>&quot;&#39;</strong></span> <span class='ocrx_word' id='word_1_835' title='bbox 1052 5704 1212 5764; x_wconf 83' lang='lat' dir='ltr'><strong>.loan.</strong></span> <span class='ocrx_word' id='word_1_836' title='bbox 1244 5722 1380 5780; x_wconf 74' lang='lat' dir='ltr'><strong>1m,</strong></span> <span class='ocrx_word' id='word_1_837' title='bbox 1412 5714 1502 5773; x_wconf 77' lang='lat' dir='ltr'><strong>to.</strong></span> <span class='ocrx_word' id='word_1_838' title='bbox 1577 5715 1621 5748; x_wconf 76' lang='grc'><strong>⁸³</strong></span> <span class='ocrx_word' id='word_1_839' title='bbox 1644 5712 1827 5771; x_wconf 85' lang='lat' dir='ltr'><strong>Joan..</strong></span> <span class='ocrx_word' id='word_1_840' title='bbox 1859 5728 1898 5779; x_wconf 85' lang='grc' dir='ltr'><strong>ι,</strong></span> <span class='ocrx_word' id='word_1_841' title='bbox 1925 5715 1978 5771; x_wconf 76' lang='lat'><strong>5.</strong></span> 
     </span>
    </p>
   </div>
   <div class='ocr_carea' id='block_1_113' title="bbox 564 5819 1240 5887">
    <p class='ocr_par' dir='ltr' id='par_1_113' title="bbox 564 5819 1240 5887">
     <span class='ocr_line' id='line_1_114' title="bbox 564 5819 1240 5887; baseline 0.015 -10"><span class='ocrx_word' id='word_1_842' title='bbox 564 5819 833 5883; x_wconf 74' lang='lat' dir='ltr'><strong>PATBOL.</strong></span> <span class='ocrx_word' id='word_1_843' title='bbox 875 5824 990 5884; x_wconf 79' lang='lat' dir='ltr'><strong>Gtt.</strong></span> <span class='ocrx_word' id='word_1_844' title='bbox 1034 5825 1240 5887; x_wconf 72' lang='lat' dir='ltr'><strong>CXLI.</strong></span> 
     </span>
    </p>
   </div>
   <div class='ocr_carea' id='block_1_114' title="bbox 3006 5853 3084 5918">
    <p class='ocr_par' dir='ltr' id='par_1_114' title="bbox 3006 5853 3084 5918">
     <span class='ocr_line' id='line_1_115' title="bbox 3006 5853 3084 5918; baseline 0.064 -5"><span class='ocrx_word' id='word_1_845' title='bbox 3006 5853 3084 5918; x_wconf 77' lang='lat'><strong>23</strong></span> 
     </span>
    </p>
   </div>
  </div>
