4042 6396
472 344 577 405 ’ἳὶθ

1502 342 1715 403 JUAN-
1756 342 1973 404 VECCI
2016 343 2123 405 CP.
2169 345 2677 407 PATRIARCHzE

3607 350 3713 416 720

479 464 628 516 nium
661 460 985 531 primipinm
1017 458 1314 513 secundum
1368 457 1690 527 Apostolum
1726 458 1994 515 dicentem
2027 475 2043 515 :

2159 461 2457 525 ίστιθεὸςς
2504 462 2569 515 Ἦ
2614 460 2830 515 πάντων
2865 460 3008 534 ἁρχὴ
3040 462 3179 517 κατὰ
3234 463 3325 517 τὸν
3375 465 3712 521 ’Δπόστολον.

483 571 505 603 ι
541 550 695 607 Unus
756 550 898 605 Deus
951 548 1108 602 Pater
1154 563 1219 602 ex
1269 561 1376 618 quo
1426 549 1695 603 omnia".
1734 564 1753 600 ι
1807 546 2046 605 Verbum

480 653 664 696 autem
697 641 818 711 ejus
874 655 938 694 ex
980 639 1120 708 ipso,
1158 638 1418 693 nascendi
1452 639 1698 705 ratione,
1729 650 1781 694 et
1815 641 2049 710 Spiritus

482 729 865 801 progrediendi
918 727 1082 783 modo
1132 728 1348 782 exsistit
1380 745 1394 779 :
1431 728 1626 782 deinde
1675 729 1925 785 universa
1965 745 2049 785 re-

479 838 597 876 rum
638 831 835 876 natura
897 836 991 890 per
1022 817 1259 874 Verbum
1296 829 1349 875 et
1395 818 1660 890 Spiritum
1695 823 1913 878 creandi
1958 839 2049 877 ra-

477 913 621 965 tione
654 911 1035 965 constiterant.
1081 926 1100 958 ι

554 1002 793 1056 Sanctus
846 1000 1184 1071 Epiphanius
1220 999 1272 1053 in
1316 998 1592 1069 Ancyroto
1643 998 1821 1053 dicit:
1869 1017 1887 1050 ι
1928 996 2051 1068 Spi-

475 1093 613 1146 ritus
646 1091 891 1145 veritatis
924 1097 1009 1143 est
1046 1090 1265 1143 tertium
1299 1102 1326 1140 a
1358 1084 1518 1139 Patre
1548 1097 1601 1139 et
1634 1085 1771 1140 Filio
1797 1087 2003 1141 lumen.
2025 1104 2044 1137 ι

475 1183 542 1239 Ει
575 1194 693 1252 post
725 1197 896 1259 pauca
955 1198 1023 1236 τι
1059 1179 1178 1246 Quo
1227 1179 1370 1233 enim
1437 1180 1621 1241 modo,
1676 1192 1836 1231 nemo
1904 1179 2053 1231 novit

473 1277 688 1332 Patrem
736 1275 838 1329 nisi
886 1272 1094 1334 Filius,
1132 1287 1306 1341 neque
1354 1269 1556 1323 Fdium
1612 1270 1714 1323 nisi
1748 1268 1992 1332 Pater",
2028 1287 2047 1320 ι

473 1371 665 1425 eodem
720 1368 896 1421 audeo
952 1366 1154 1429 dicere,
1194 1377 1370 1431 neque
1426 1361 1689 1431 Spiritum
1740 1361 1844 1414 nisi
1891 1359 2053 1415 Pater

473 1474 525 1517 et
556 1461 746 1525 Filius,
781 1475 845 1513 ex
881 1472 989 1528 quo
1021 1456 1291 1525 procedit,
1323 1464 1377 1510 ct
1408 1470 1472 1507 cx
1499 1470 1607 1524 quo
1632 1455 1846 1523 act-ip't.
1879 1473 1898 1506 ›

545 1648 772 1720 Magnus
819 1642 1156 1698 Athanasius
1234 1641 1303 1696 ad
1382 1640 1736 1710 Serapionem
1796 1639 2048 1710 epistola,

474 1741 634 1810 cujus
665 1736 995 1808 principium
1032 1753 1046 1789 :
1107 1752 1124 1786 ι
1157 1733 1396 1788 Reddita
1427 1744 1514 1789 est
1539 1733 1672 1787 mihi
1719 1747 1865 1786 nunc
1899 1747 1928 1785 a
1963 1741 2052 1785 tua

2154 571 2173 604 ι
2205 546 2296 615 Εἷς
2311 552 2439 615 Θεὸς
2456 554 2483 605 6
2511 551 2699 622 Πατὴρ
2718 549 2779 616 ἐξ
2804 546 2863 607 οὗ
2881 554 2945 606 τὰ
2971 553 3199 608 πάντα.»
3232 554 3342 608 Καὶ
3365 556 3471 625 γὰρ
3496 556 3525 607 ό
3547 557 3720 625 Λόγος

2151 645 2210 708 ἑξ
2238 647 2403 699 αὐτου
2432 645 2730 716 γεννητῶς,
2758 646 2854 699 καὶ
2884 646 2945 700 τὸ
3000 647 3225 716 Πνεῦμα
3253 647 3311 713 ἐξ
3360 646 3528 700 αὑτοῦ
3555 651 3721 702 ἐκπο-

2153 738 2361 808 ρευτῶς
2393 753 2406 768 ο
2441 732 2563 789 εἶτα
2592 738 2743 790 πᾶσα
2775 739 2807 807 ἡ
2832 736 3008 800 κτίσις
3033 736 3120 790 διά
3141 737 3234 791 τοῦ
3263 738 3437 806 Λόγου
3467 739 3527 790 ὲν
3552 737 3722 794 Ilvati-

2152 846 2286 898 ματι
2318 832 2550 895 συνέστη
2578 826 3004 898 δημιουργικῶς.
3044 845 3062 878 ι

2234 1010 2295 1063 Ὀ
2315 1008 2471 1077 ἆγιος
2507 1009 2824 1079 Ἐπιφάνιος
2851 1007 3004 1080 ἐντῷ
3057 1009 3406 1081 ’Δγκυρωτῷο
3442 1028 3460 1062 ι
3497 1010 3723 1084 Πνεῦμα

2151 1100 2306 1169 ἅγιον
2343 1099 2564 1169 Πνεῦμα
2598 1100 2857 1170 ἀληθείας
2889 1100 3026 1160 ἐστὶ,
3063 1099 3178 1169 φῶς
3206 1102 3389 1169 τρίτον
3418 1104 3573 1173 παρὰ
3606 1105 3721 1156 Πι..

2152 1191 2279 1259 τρὸς
2311 1190 2408 1245 καὶ
2439 1190 2592 1245 Υἱοῦ.
2625 1210 2644 1244 ι
2676 1191 2786 1243 Καὶ
2819 1192 2940 1257 μετ’
2965 1191 3124 1248 ὀλίγα
3148 1207 3163 1221 ο
3202 1210 3219 1242 ι
3261 1194 3359 1244 ’ον
3387 1193 3497 1260 γὰρ
3522 1193 3725 1263 τρόπον

2152 1281 2328 1343 οὐδεὶς
2366 1283 2508 1351 ἔγνω
2534 1282 2625 1335 τὸν
2652 1283 2778 1335 Υίὸν
2811 1285 2858 1335 εί
2894 1283 2969 1353 μὴ
3005 1284 3035 1335 6
3068 1282 3280 1353 Πατὴρ,
3328 1284 3448 1336 οὐδὲ
3496 1285 3586 1336 τὸν
3613 1287 3726 1338 Πα-

2152 1372 2285 1440 τέρα
2314 1373 2363 1425 εί
2396 1373 2470 1443 μὴ
2499 1376 2526 1426 6
2555 1373 2699 1439 Υίος,
2739 1374 2882 1427 οὕτω
2910 1372 3095 1443 τολμῶ
3126 1374 3331 1441 λέγειν,
3365 1374 3446 1426 ὃτι
3497 1374 3619 1426 ούδὶ
3661 1375 3727 1425 τδ

2076 1522 2097 1537 κ
2156 1462 2402 1532 Πνεῦμα,
2445 1467 2492 1517 εἰ
2522 1464 2598 1534 μὴ
2622 1466 2649 1517 6
2685 1464 2874 1534 Πατὴρ
2903 1466 2998 1518 καὶ
3029 1465 3058 1517 6
3110 1466 3236 1529 Υἱὸς
3287 1467 3423 1537 παρ’
3459 1461 3519 1519 οὗ
3560 1467 3730 1519 susto-

2156 1558 2377 1623 ρεύεται
2411 1555 2509 1607 καὶ
2534 1555 2670 1617 παρ’
2693 1550 2756 1608 οὗ
2787 1555 3083 1625 λαμϐάνει.
3136 1574 3156 1609 ι

2240 1645 2298 1697 '0
2334 1648 2511 1715 μέγας
2554 1646 2870 1708 Ἀθανάσιος
2896 1648 2954 1699 ὲν
2995 1649 3059 1717 τῇ
3095 1646 3229 1717 πρὸς
3253 1647 3578 1717 Σεραπίωνα
3607 1648 3724 1701 ἑπι-

2160 1737 2341 1805 στολῇ,
2377 1729 2446 1805 ἧς
2478 1736 2510 1807 ﬁ
2548 1735 2711 1805 ἀρχὴ.
2750 1755 2769 1788 ι
2811 1737 2891 1791 Τά
2923 1738 3234 1807 γράμματα
3287 1739 3388 1806 τῆς
3427 1741 3529 1808 σῆς
3575 1740 3726 1808 ἱερᾶς

480 1832 681 1902 pietate
733 1829 938 1897 scripta
998 1825 1265 1895 epistola,
1305 1843 1323 1876 ι
1363 1824 1483 1878 ait:
1547 1842 1564 1873 ι
1606 1822 1778 1877 Filius
1832 1821 2049 1891 quidem

2159 1827 2469 1891 διαθέσεως,
2514 1845 2534 1877 ι
2578 1828 2743 1897 φησίν
2768 1843 2781 1857 ·
2819 1847 2839 1880 ι
2877 1829 2986 1881 Καὶ
3020 1830 3047 1881 ό
3089 1829 3189 1896 μὲν
3214 1829 3343 1890 Υἱός
3370 1843 3558 1897 φησιν’
3596 1847 3616 1882 ι
3653 1831 3726 1882 *Α

478 1927 595 1976 ait:
634 1939 653 1972 ι
695 1920 826 1985 Qus:
853 1917 1035 1971 audivi
1072 1931 1100 1969 a
1134 1914 1292 1969 Patre
1327 1918 1440 1969 haec
1491 1921 1544 1968 et
1579 1913 1770 1982 loquar
1804 1912 1856 1964 in
1892 1926 2050 1964 mun-

474 2018 643 2080 dum;
696 2011 932 2082 Spiritus
982 2027 1108 2064 vero
1170 2024 1233 2063 ex
1263 2007 1396 2061 Filio
1454 2006 1692 2074 accipit;
1733 2023 1750 2056 ι
1791 2002 1870 2058 Ex
1926 2017 2049 2057 meo

475 2109 618 2161 enim
656 2105 907 2172 accipiet,
941 2111 995 2156 et
1024 2100 1376 2154 annuntiahit
1410 2098 1647 2152 vobis".
1683 2116 1700 2148 ι

557 2291 793 2346 Sanctus
823 2288 1061 2359 Cyr-illus
1093 2287 1147 2340 in
1180 2286 1426 2340 dictum:
1474 2302 1493 2335 ι
1529 2282 1762 2338 Creditis
1792 2281 1845 2336 in
1875 2278 2047 2336 Deam

475 2393 533 2439 et
560 2383 613 2437 in
643 2397 729 2436 me
752 2380 958 2435 credite
975 2378 1043 2443 ἰ,
1077 2397 1097 2430 ι
1138 2377 1215 2432 ait
1240 2393 1255 2439 ;
1289 2396 1306 2428 ι
1335 2374 1583 2445 Namque
1611 2383 1799 2430 sancta
1830 2382 1883 2427 ct
1911 2387 2049 2427 con-

483 2471 865 2527 suhstantialis
917 2468 1181 2535 Trinitas,
1211 2477 1266 2523 et
1296 2467 1582 2521 nominum
1615 2464 2045 2528 diversitatihus,

475 2570 537 2622 et
574 2579 933 2637 personarum
995 2560 1354 2632 qualitatibus
1413 2567 1468 2615 et
1514 2557 1939 2629 proprietatibus
1968 2556 2049 2611 di-

473 2656 791 2725 stinguitur.
828 2673 849 2706 ι

552 2746 698 2801 Idem
732 2747 785 2799 in
819 2746 947 2799 illud
977 2760 991 2796 :
1029 2763 1047 2795 ι
1074 2741 1270 2797 Omnia
1307 2756 1402 2811 per
1433 2740 1608 2810 ipsum
1640 2739 1778 2793 facta
1807 2738 1990 2793 sunt"
2023 2756 2041 2789 ι

481 2837 657 2892 dicit:
697 2855 715 2888 ι
752 2834 868 2889 Non
907 2834 1052 2887 enim
1094 2842 1314 2902 propter
1360 2831 1531 2886 solam
1572 2830 1828 2885 essentia:
1854 2827 2053 2883 simili-

480 2928 723 2980 tudinem
759 2922 840 2978 uti
861 2924 1234 2978 characterem
1272 2922 1327 2975 in
1368 2920 1529 2975 Patre
1550 2918 1750 2974 Filium
1798 2919 2050 2972 conside-

478 3014 763 3080 rabimus;
802 3012 883 3067 vel
908 3027 1100 3066 rursus
1134 3019 1195 3064 ut
1227 3010 1502 3078 exemplar
1536 3009 1591 3064 in
1625 3010 1764 3065 Filio
1809 3007 2045 3071 Patrem,

485 3107 578 3162 sed
615 3105 812 3161 Filium
848 3104 1069 3175 quidem
1099 3119 1164 3158 ex
1198 3103 1378 3157 Patris
1402 3101 1637 3157 essentia
1673 3100 2044 3170 generationis

484 3198 644 3252 modo
678 3196 1027 3259 emicantcm,
1058 3205 1112 3250 et
1138 3195 1191 3247 in
1225 3194 1342 3263 ipsa
1372 3202 1427 3247 et
1460 3208 1524 3247 ex
1560 3194 1675 3262 ipsa
1708 3192 1929 3262 propria
1961 3193 2049 3248 sui
2080 3179 2121 3236 (ἶ

487 3287 763 3356 hypostasi
799 3288 1179 3350 cxsistentem,
1208 3294 1263 3339 ct
1301 3285 1686 3340 subsistentem
1725 3283 1893 3338 Deum
1932 3298 2052 3339 ver-

484 3382 613 3432 bum
671 3377 1032 3446 excipiemus.
1088 3373 1303 3430 Patrem
1338 3390 1557 3445 quoque
1609 3375 1858 3430 similiter
1910 3374 2054 3429 sicut

483 3470 624 3525 Filio
685 3467 1137 3524 consubstantiali
1195 3477 1388 3521 natura
1440 3466 1656 3534 quidem
1721 3464 1901 3531 uniri,
1937 3465 2053 3521 sola

487 3578 616 3617 vero
650 3575 713 3615 ea
751 3561 962 3614 ratione
995 3557 1273 3628 distingui,
1303 3572 1408 3626 qua
1440 3554 1598 3612 Pater
1626 3567 1729 3612 est.
1767 3575 1786 3609 ι

553 3747 697 3801 idem
732 3744 785 3800 in
839 3744 1167 3817 syllogismis
1201 3759 1343 3815 quos
1387 3757 1609 3816 aggerat
1642 3745 1696 3800 in
1751 3747 1960 3802 dictum
1988 3747 2054 3801 il-

487 3837 614 3892 lud:
653 3853 675 3890 ι
709 3834 776 3890 Et
806 3835 1027 3890 verbum
1047 3843 1160 3889 erat
1187 3836 1330 3903 apud
1360 3832 1531 3889 Deum
1552 3832 1620 3899 ⁸⁸,
1647 3853 1663 3886 ι
1702 3835 1918 3905 inquit:
1954 3854 1971 3888 ι
2002 3835 2058 3891 In

493 3927 660 3984 Deum
692 3925 934 3991 Patrem,
959 3925 1091 3979 etin
1120 3922 1314 3978 Filium
1349 3925 1711 3994 unigenitum,
1743 3936 1796 3980 et
1845 3926 1898 3979 in
1934 3925 2060 3995 Spi-

488 4021 652 4074 ritum
723 4028 975 4073 sanctum
1033 4015 1317 4070 credentes
1373 4017 1670 4071 salvantur.
1734 4015 1943 4072 Idcirco
2007 4026 2063 4071 et

491 4113 608 4180 ipse
659 4107 914 4161 Salvator
974 4107 1091 4161 suis
1147 4106 1435 4177 discipulis
1486 4108 1808 4177 praecipiens
1868 4108 2060 4162 dixit:

499 4220 516 4250 ι
554 4200 761 4254 Euntcs
792 4197 986 4250 docete
1033 4212 1224 4251 omnes
1254 4206 1442 4265 gentes
1465 4237 1479 4260 ,
1516 4199 1854 4266 haptizantcs
1878 4211 1972 4250 eos
2008 4197 2061 4249 in

492 4291 709 4345 nomine
744 4289 941 4349 Patris,
967 4298 1021 4343 et
1049 4287 1166 4341 Filii
1190 4300 1242 4342 et
1265 4286 1501 4358 Spiritus
1520 4287 1811 4343 sancti".r
1836 4286 1992 4353 Quod
2017 4288 2061 4343 si

497 4382 633 4437 nihil
696 4381 951 4434 conducit
980 4379 1045 4432 ad
1081 4378 1368 4433 utilitatem
1417 4380 1701 4433 nominum
1750 4379 2061 4445 diversitas,

2158 1916 2368 1986 ηκουσα
2399 1918 2550 1986 παρὰ
2581 1917 2676 1970 τοῦ
2705 1918 2938 1986 Πατρὶς,
2975 1916 3149 1970 ταῦτα
3183 1921 3277 1970 καὶ
3317 1917 3464 1972 λαλῶ
3503 1921 3587 1982 εἰς
3633 1919 3726 1972 τὸν

2157 2005 2391 2074 κόσμον·
2458 2025 2477 2059 ι
2516 2007 2577 2059 τὺ
2628 2008 2683 2059 δὲ
2718 2007 2942 2075 Πνεῦμα
2997 2009 3061 2061 ἐκ
3095 2007 3188 2060 τοῦ
3248 2008 3380 2062 Υῖοῦ
3432 2009 3724 2078 λαμόάνειε

2144 2116 2180 2149 ιι
2226 2098 2321 2152 Ἐκ
2348 2097 2441 2152 τοῦ
2475 2099 2608 2170 ἐμοῦ
2640 2100 2750 2170 γὰρ
2789 2099 3041 2170 λήψεται,
3078 2101 3172 2153 καὶ
3200 2100 3499 2170 ἀναγγελεῖ
3527 2102 3675 2170 ὑμῖν,
3700 2119 3723 2153 ι

2237 2195 2339 2247 σίν.
2370 2214 2390 2247 ι

2237 2210 2339 2247 σιν.
2370 2214 2390 2247 ι

2156 2210 2297 2337 φηὈ
2333 2286 2483 2353 ἅγιος
2513 2284 2779 2357 Κύριλλος
2809 2285 2889 2348 είς
2919 2284 2981 2337 τὸ
3013 2284 3195 2354 ῥητὸν,
3236 2281 3319 2346 τὸ,
3362 2299 3380 2333 ι
3430 2280 3726 2336 Πιστεύετε

2155 2377 2234 2439 είς
2262 2375 2354 2429 τὸν
2384 2376 2539 2442 Θεὸν,
2581 2379 2677 2430 καὶ
2701 2377 2781 2439 είς
2816 2377 2917 2445 ἐμὲ
2951 2375 3259 2438 πιστεύετε,
3295 2393 3314 2427 ι
3354 2374 3519 2444 φησίν
3545 2391 3559 2404 ·
3588 2393 3606 2426 ι
3653 2374 3723 2426 Ἦ

2155 2467 2264 2540 γὰρ
2313 2468 2447 2537 ἁγία
2493 2485 2554 2521 τε
2602 2471 2696 2522 καὶ
2722 2467 3011 2537 ὁμοούσιος
3062 2467 3234 2537 Τριὰς
3286 2468 3381 2519 καὶ
3440 2466 3561 2526 ταῖς
3617 2465 3731 2518 τῶν

2153 2560 2434 2632 ὀνομάτων
2462 2561 2751 2630 διαφοραῖς
2782 2559 2878 2614 καὶ
2920 2561 3041 2623 ταῖς
3071 2559 3178 2611 τῶν
3206 2556 3516 2628 προσώπων
3561 2557 3712 2612 ποιό-

2155 2653 2280 2723 τησί
2314 2670 2370 2706 τε
2404 2654 2496 2707 καὶ
2525 2652 2751 2721 ἰδιότησι
2781 2651 3175 2705 διαστέλλεται.
3209 2668 3228 2701 ι

2235 2740 2296 2796 Ὅ
2324 2743 2485 2805 αὐτὸς
2519 2745 2598 2806 είς
2628 2743 2689 2796 τὸ
2716 2743 2881 2811 ῥητὸν
2915 2744 2996 2807 τὸ,
3032 2761 3051 2794 ι
3095 2741 3282 2795 Πάντα
3311 2740 3381 2794 δι’
3407 2740 3575 2794 αὐτοῦ
3606 2741 3731 2808 ἐγέ-

2155 2850 2295 2897 νετο,
2343 2853 2362 2886 ι
2410 2835 2615 2904 φησίνο
2672 2851 2691 2884 ι
2740 2835 2816 2886 Οὐ
2866 2834 2975 2903 γὰρ
3020 2833 3194 2901 δήπου
3248 2832 3599 2901 κατὰμόνην
3628 2848 3730 2895 την

2156 2928 2451 2997 ὁμοιότητα
2484 2927 2582 2994 τῆς
2628 2923 2823 2987 οὐσίας
2863 2923 2939 2986 ὡς
2987 2924 3312 2993 χαρακτῆρα
3354 2923 3448 2974 τὸν
3490 2922 3619 2976 Υξδν
3668 2925 3729 2974 ἐν

2158 3019 2335 3089 [lupi
2365 3017 2754 3088 θεωρήσομενο
2803 3015 2835 3086 ἢ
2882 3011 2948 3069 αὖ
2985 3016 3148 3068 πάλιν
3202 3014 3278 3076 ὡς
3312 3014 3626 3083 ἀρχέτυπον
3668 3017 3729 3066 ἐν

2157 3110 2273 3181 Υἱῷ
2305 3112 2398 3164 τὸν
2428 3109 2648 3179 Πατέρα
2676 3126 2689 3140 ·
2718 3108 2830 3161 ἀλλ’
2863 3108 2988 3161 Υἱὸν
3024 3107 3145 3177 μὲν,
3172 3108 3235 3159 ὲκ
3254 3108 3352 3172 τῆς
3390 3105 3483 3159 τοῦ
3516 3107 3730 3176 Πατρ¹ς

2154 3201 2341 3265 οὐσίας
2371 3201 2646 3269 γεννητῶς
2698 3198 3074 3267 ἐκλάμποντα,
3106 3200 3200 3249 καὶ
3234 3197 3292 3247 ἐν
3324 3196 3486 3266 αὐτῇ,
3524 3200 3619 3249 καὶ
3663 3196 3725 3259 ἐξ

2156 3294 2328 3362 αὐτῆς
2359 3292 2745 3354 ἰδιοσυστάτως
2778 3291 3094 3360 ὑπάρχοντα
3129 3286 3225 3339 καὶ
3265 3288 3557 3354 ὑφεστῶτα
3597 3288 3730 3340 Θεὸν

2156 3386 2331 3454 Λόγον
2361 3382 2779 3455 παραδεξόμεθα
2802 3397 2818 3413 ·
2855 3380 3073 3450 Πατέρα
3096 3379 3153 3430 δὲ
3185 3379 3348 3433 πάλιν
3388 3381 3446 3433 ὲν
3488 3380 3621 3450 Υίῷ,
3655 3380 3730 3443 ὡς

2157 3480 2215 3532 ὲν
2263 3477 2540 3548 ὀμοουσίῳ
2592 3475 2895 3544 γεννήματι
2944 3471 3214 3541 συμφυῶς
3275 3473 3402 3541 μὲν,
3464 3473 3608 3525 κατὰ
3674 3472 3732 3524 δὲ

2162 3570 2333 3641 μόνην
2362 3570 2461 3640 τὴν
2514 3569 2810 3639 ἑτερότητα
2851 3564 2948 3618 τοῦ
2984 3561 3126 3616 εἰναι
3162 3564 3259 3617 καὶ
3291 3564 3556 3629 νοεῖσθαι,
3582 3564 3727 3617 τοῦθ’

2158 3646 2296 3731 ὅπερ
2322 3662 2443 3715 ἐστὶ
2479 3660 2924 3731 μεμερισμένως.
2958 3677 2976 3710 ι

2244 3754 2302 3806 '0
2329 3752 2493 3815 αὐτὸς
2525 3754 2581 3805 ὲν
2609 3747 2691 3812 οἷς
2718 3753 2956 3805 ποιεῖται
2980 3751 3363 3820 συλὶωγισμοῖς
3388 3750 3468 3813 εἰς
3490 3748 3551 3803 τὸ
3574 3746 3732 3817 ῥητὸν

2160 3843 2243 3909 τδ,
2285 3859 2304 3892 ι
2357 3842 2413 3895 '0
2465 3840 2637 3909 Λόγος
2686 3835 2754 3911 ἦν
2785 3842 2918 3911 πρὸς
2950 3840 3041 3893 τὸν
3090 3841 3244 3903 Θεὸν,
3284 3857 3303 3891 ι
3345 3838 3546 3908 φησίν
3585 3855 3605 3889 ι
3644 3835 3732 3896 El;

2162 3932 2295 3984 Θεὸν
2329 3931 2546 4001 Πατέρα
2592 3930 2688 3983 καὶ
2726 3930 2805 3991 εἰς
2832 3929 2959 3981 Υἰὸν
2994 3927 3264 3997 μονογενῆ
3316 3929 3409 3978 καὶ
3453 3926 3538 3987 εις
3583 3925 3733 3989 ἅγιον

2166 4022 2391 4093 Πνεῦμα
2437 4022 2808 4082 πιστεύοντες,
2859 4020 3248 4089 δικαιούμεθα.
3303 4016 3405 4069 Διά
3443 4033 3530 4071 τοι
3579 4016 3734 4068 τοῦτο

2165 4100 2261 4168 καὶ
2286 4114 2448 4176 αὐτὸς
2477 4114 2505 4165 6
2538 4114 2727 4182 Σωτὴρ
2756 4113 2867 4174 τοῖς
2891 4112 3111 4173 οἰκείοις
3153 4110 3424 4179 μαθηταῖς
3459 4110 3732 4161 ἐπιτάττει

2165 4205 2373 4275 λέγων·
2417 4223 2434 4255 ι
2473 4203 2833 4275 Πορευθέντες
2869 4201 3242 4272 μαθητεύσατε
3302 4204 3483 4254 πάντα
3513 4204 3578 4253 τὰ
3608 4198 3729 4266 ἔθνη

2169 4294 2543 4368 βαπτίζοντες»
2568 4296 2764 4357 αὐτοῦς
2792 4295 2872 4357 είς
2911 4295 2972 4369 το
3013 4293 3185 4361 ὄνομα
3235 4291 3331 4343 τοῦ
3386 4291 3731 4359 Πατρδςῃιαῖ.

2169 4390 2265 4444 τοῦ
2292 4389 2449 4451 Υίοῦ,
2480 4390 2572 4442 καὶ
2594 4388 2686 4441 τοῦ
2714 4388 2872 4455 ἁγίου
2903 4384 3461 4454 Πνεύματος.ιΕῖπερ
3483 4381 3579 4436 οῦν
3604 4383 3733 4437 ὅλως

493 4471 589 4523 sed
622 4469 834 4524 Patrem
870 4468 962 4538 qui
995 4469 1285 4521 nominans
1327 4477 1479 4522 notat
1509 4466 1706 4523 Filium
1730 4509 1746 4533 ,
1780 4477 1833 4522 et
1861 4465 2059 4521 Filium

2171 4483 2323 4536 οὐδὲν
2357 4482 2489 4550 ἡμῖν
2548 4479 2773 4531 εἰσοίσει
2812 4477 2946 4546 πρὸς
2995 4476 3183 4545 ὄνησιν
3231 4476 3264 4543 ἡ
3304 4474 3417 4527 τῶν
3457 4473 3729 4542 ὀνομάτων

494 4564 641 4616 illius
685 4562 1002 4631 appellans,
1055 4559 1231 4614 Patris
1293 4562 1620 4614 mentionem
1655 4560 1890 4620 inducit,
1937 4577 2061 4629 qua:

493 4662 613 4708 erat
643 4652 940 4706 necessitas
975 4668 1081 4705 non
1134 4655 1186 4703 in
1219 4653 1477 4705 unitatem
1522 4652 1613 4707 sed
1651 4654 1704 4705 in
1732 4652 2061 4706 Trinitatem

493 4744 672 4814 potius
700 4743 961 4810 baptimri
1006 4743 1191 4797 ﬁdeles
1241 4743 1450 4796 voluit?
1504 4742 1644 4796 Cum
1700 4758 1829 4797 vero
1863 4745 1919 4796 in
1959 4752 2071 4796 ter-

498 4848 711 4886 narium
752 4849 1038 4885 iiurncrum
1070 4833 1137 4886 de
1173 4833 1355 4885 divina
1394 4845 1588 4884 natura
1628 4834 1767 4886 ratio
1798 4835 2069 4898 excurrit,

500 4924 854 4978 manifestum
917 4925 1176 4978 omnibus
1228 4933 1331 4985 est,
1396 4924 1448 4976 in
1515 4924 1792 4992 hypostasi
1848 4926 2069 4993 quidem

501 5014 720 5085 propria
755 5024 1198 5068 cnmncratorum
1219 5012 1429 5083 singula
1464 5015 1662 5078 inesse,
1694 5024 1747 5068 et
1766 5030 1891 5068 vero
1919 5017 2063 5071 nulla

499 5122 553 5158 ιιι
589 5121 646 5160 re
700 5114 913 5159 natura:
981 5104 1355 5158 diversitatem
1415 5106 1740 5170 admittere,
1795 5107 1847 5161 in
1904 5124 2064 5162 unam

495 5198 751 5251 deitatem
805 5197 1194 5262 ascendimus,
1235 5208 1287 5250 et
1331 5201 1520 5253 eadem
1570 5201 1890 5253 adorattouc
1945 5216 2069 5269 pro-

496 5304 799 5355 sequimur.
837 5307 855 5338 ι

572 5472 813 5536 Quaerito
862 5474 913 5526 in
948 5474 1109 5529 tertio
1143 5476 1406 5533 adversus
1442 5479 1767 5535 Eunomium
1803 5482 1940 5537 libro
1972 5500 2067 5538 ex-

571 5654 835 5728 fprties.
873 5670 945 5717 tv,
982 5656 1032 5712 6.
1117 5656 1159 5688 "
1187 5657 1377 5715 Matth.
1418 5675 1490 5727 xi,
1517 5659 1606 5715 Ἦ.
1658 5659 1886 5716 "Joan.
1921 5678 2009 5727 xv,
2042 5662 2138 5728 I5;

507 5724 549 5753 "
578 5721 765 5776 Matth.
809 5739 996 5789 utin,
1042 5727 1119 5780 i9.

2170 4572 2429 4643 διαφορὰ,
2478 4569 2701 4639 Πατέρα
2732 4568 2789 4622 δέ
2822 4585 2903 4631 τις
2936 4566 3130 4629 εἰπὼν,
3161 4566 3417 4636 σημαίνει
3452 4565 3544 4616 τὸν
3590 4565 3732 4626 Υῑὺν,

2173 4665 2267 4717 καὶ
2296 4663 2421 4715 Υιὸν
2461 4662 2733 4730 ὀνομάσας
2774 4657 2966 4722 αὐτοῦ,
3004 4655 3337 4726 μνημονεύει
3361 4654 3457 4707 τοῦ
3491 4653 3733 4722 Πατρός’

2170 4755 2254 4815 τίς
2297 4748 2365 4823 ἦν
2399 4752 2432 4819 ἡ
2464 4752 2624 4820 χρεία
2678 4748 2753 4819 μὴ
2809 4749 2946 4819 πρὸς
3007 4746 3174 4800 ὲνάδα
3234 4745 3456 4814 μᾶλλον,
3516 4741 3635 4797 ἀλλ’
3664 4744 3735 4802 είς

2172 4845 2380 4915 Τριάδα
2441 4842 2685 4896 κελεύειν
2747 4839 3106 4910 βαπτίζεσθαι
3167 4840 3293 4899 τοὺς
3348 4836 3734 4899 πιστεύονταςς

2185 4936 2404 5005 Ἐπειδὴ
2443 4935 2499 4987 δὲ
2535 4935 2616 4997 είς
2656 4935 2746 4987 τὸν
2779 4935 2927 5000 τρεῖς
2968 4929 3201 5000 ἀριθμὸν
3227 4931 3255 4981 6
3289 4928 3418 4995 περὶ
3458 4928 3559 4997 τῆς
3596 4926 3736 4987 θείας

2175 5027 2390 5095 φύσεως
2445 5025 2697 5095 ἐκτρέχει
2753 5021 2936 5090 λόγος,
3003 5018 3277 5090 πρόδηλον
3340 5018 3515 5088 δήπου
3580 5016 3736 5069 πᾶσίν

2176 5124 2348 5184 ἐστιν,
2402 5121 2461 5172 ὲν
2499 5117 2812 5191 ,ὑποστάσει
2860 5116 2960 5184 μὲν
2998 5112 3104 5183 ίδέᾳ
3146 5112 3256 5164 τῶν
3319 5109 3736 5181 ἀριθμουμένων

2178 5214 2415 5266 ἕκαστον
2468 5206 2638 5272 εἶναι,
2686 5207 2767 5276 τῷ
2801 5206 2854 5259 δὲ
2907 5202 3221 5273 μηδαμόθεν
3276 5201 3608 5271 ἐξηλλάχθαι
3652 5198 3737 5268 τὴν

2184 5305 2365 5373 φύσιν,
2400 5302 2479 5365 είς
2510 5301 2637 5371 μίαν
2666 5300 2979 5353 άναὸαίνειν
3005 5296 3231 5363 θεότητα
3263 5294 3357 5348 καὶ
3380 5292 3739 5363 προσκύνησιν

2176 5399 2320 5467 ἔχειν
2350 5395 2447 5465 τὴν
2483 5393 2668 5463 αὐτήν.
2713 5410 2730 5442 ι

2251 5490 2411 5558 Ζήτεε
2445 5491 2501 5540 ἓν
2547 5485 2622 5555 τῷ
2657 5490 2703 5552 γ’
2742 5483 2850 5535 τῶν
2895 5478 3015 5534 κατ’
3053 5477 3317 5548 Εὑνομίου
3355 5479 3616 5550 ὲξήγηςιν
3657 5478 3736 5531 τοῦ

2176 5680 2280 5727 xrt,
2321 5665 2403 5719 li.
2476 5663 2567 5718 "J
2596 5680 2702 5717 an.
2739 5676 2844 5725 MV,
2880 5663 2926 5718 1.
3009 5662 3235 5717 ⁸³]υιιιι,
3266 5678 3302 5727 ι,
3336 5662 3390 5716 ὅ.
3469 5660 3665 5716 “ibid.
3694 5661 3733 5714 l.
