4042 6440
296 451 396 515 721

1702 457 2181 522 EPIGRAPHAI.

3439 473 3546 530 vas

294 565 539 637 μεγάλου
590 566 876 620 Βασιλείου
933 567 1012 624 είς
1061 568 1123 620 τὸ
1156 567 1323 638 ῥητὸν
1380 565 1474 618 τοῦ
1535 566 1762 619 Ἦσαῖου
1810 566 1869 619 τὸ

1979 571 2302 636 positionem
2355 575 2531 642 magni
2585 576 2765 631 Basilii
2822 578 2873 631 iu
2933 578 3133 631 dictum
3185 577 3359 640 Isaiae,
3396 579 3539 646 quod

294 656 537 725 φάσκονο
601 676 620 708 ι
681 658 884 728 Κύριος
935 657 1247 712 ἀπέσταλκὲ
1283 674 1350 726 με
1397 658 1492 710 καὶ
1522 657 1583 709 τὸ
1634 657 1861 725 Πνεῦμα

292 746 478 812 αὑτοῦ,
540 767 558 800 ι
596 749 720 819 ἥτις
751 753 1011 821 ἐξήγησις
1050 750 1202 817 δηλοῖ
1255 751 1339 804 ὅτι
1385 749 1524 803 κατὰ
1557 748 1617 802 τὸ
1646 749 1858 820 ἀνθρὼ-

292 855 447 889 πινον
479 838 576 891 τοῦ
619 842 870 910 Σωτῆρος
903 843 1119 911 εἴρηται
1158 841 1339 896 τοῦτο.

361 929 526 998 Ζήτει
562 932 619 982 ὲν
649 932 724 1000 τῷ
764 932 905 1000 λόγῳ
936 933 1030 985 τοῦ
1072 932 1310 1001 μεγάλου
1354 931 1700 996 Ἀθανασίου,
1731 923 1792 983 οὗ
1829 933 1861 1002 ή

291 1020 456 1087 ἀρχὴ,
496 1038 515 1070 ι
567 1022 898 1095 Ἰουδαῖ-σμδς
929 1023 1228 1077 ἀντίκειται
1260 1023 1396 1090 πρὸς
1429 1014 1801 1091 Ἐλληιθισμδν,
1836 1043 1854 1076 ι

289 1112 570 1178 ἀναγκαῖά
609 1130 730 1164 τινα
776 1114 857 1176 είς
903 1116 963 1166 τὸ
1013 1116 1146 1180 πρές
1199 1116 1483 1185 ἀναίρεσιν
1530 1115 1865 1178 διαστάσεως

1966 1027 2155 1095 incipit

1969 1116 2226 1169 nonnulla
2293 1118 2597 1174 necessaria
2654 1120 2719 1173 asl
2773 1120 3109 1175 refutamlam
3158 1122 3379 1175 localem
3430 1122 3547 1176 dis-

1968 660 2245 715 continet:
2288 681 2307 713 ι
2349 662 2611 720 Dominus
2630 667 2781 720 misit
2812 682 2896 722 me
2916 680 2970 721 et
3002 668 3239 735 Spiritus
3261 667 3488 722 illius":
3519 687 3537 719 ι

1970 769 2092 819 quae
2123 752 2329 807 indicat
2360 754 2491 810 illud
2543 759 2842 813 secundum
2886 760 3090 813 Christi
3140 759 3537 814 humanitatem

1970 845 2239 912 prolatum
2272 861 2413 900 esse.

2045 937 2292 1001 Quaerito
2320 939 2446 991 item
2501 940 2551 992 in
2585 941 2829 994 oratione
2860 941 3038 1010 magni
3071 942 3388 1006 Athanasii,
3418 960 3541 1012 qum

2222 1043 2237 1081 :
2280 1047 2299 1079 ι
2326 1027 2639 1084 Judaismus
2691 1033 3099 1098 contraponitur
3156 1033 3473 1090 Geutilitati.
3515 1052 3533 1084 ι

288 1206 526 1272 τοπικῆς
556 1203 810 1267 λέγεσθαι
837 1205 915 1270 τὸ,
956 1224 975 1258 ι
1014 1205 1146 1269 Θεδς
1176 1207 1237 1260 οὐ
1261 1209 1572 1277 προχεῖται,
1607 1209 1699 1259 καὶ
1729 1205 1863 1269 Θεὸς

1979 1210 2191 1264 Lamiam
2240 1224 2362 1266 cum
2423 1215 2603 1272 dicit:
2651 1236 2670 1270 ι
2710 1219 2865 1286 Deus:
2899 1232 3004 1270 non
3060 1214 3426 1285 profunditur,
3493 1226 3546 1269 et
3596 1213 3603 1219 ’

289 1294 354 1344 οὐ
389 1293 687 1359 πέμπεται.
732 1313 751 1346 ι

381 1402 437 1455 '0
465 1403 811 1474 Θεοδὼρητος
842 1408 897 1458 ὲν
922 1408 985 1476 τῇ
1025 1405 1190 1475 βίϐλῳ
1227 1426 1245 1458 ι
1277 1407 1374 1475 τῆς
1398 1408 1866 1478 ἐκκλησιαστικῆς

303 1492 572 1562 Ἱστορίας
600 1513 619 1544 ι
658 1495 848 1557 αὐτοῦ,
882 1498 938 1548 ὲν
968 1495 1045 1566 τῷ
1083 1497 1128 1564 β’
1159 1500 1408 1567 τμήματι
1434 1499 1735 1567 κεφαλαίῳ.
1764 1516 1867 1552 κα-

288 1584 665 1652 ταστρωηινύει
699 1587 798 1654 τὴν
825 1588 962 1651 πρίς
1012 1590 1141 1651 τοὺς
1175 1590 1419 1658 Ἀφρους
1455 1590 1745 1661 ἐπιστολὴν
1774 1589 1866 1643 τοῦ

295 1674 537 1744 μεγάλου
577 1676 898 1729 Ἀθανασίου
932 1680 1057 1747 περὶ
1086 1679 1187 1747 τῆς
1220 1680 1277 1730 ἐν
1322 1680 1601 1750 Ἀριμήνῳ
1624 1682 1866 1742 συνόδου,

294 1768 391 1818 καὶ
442 1769 500 1818 ἐν
521 1770 588 1837 τῇ
650 1768 907 1838 ἐπιστολῇ
970 1769 1144 1842 ταύτῃ
1193 1769 1422 1840 εὕρηται
1478 1774 1870 1840 γεγραμμένον

1971 1317 2109 1371 Deus
2164 1332 2270 1370 non
2318 1322 2568 1377 mittitur.
2613 1345 2631 1376 ι

2038 1408 2414 1468 Theodorctus
2450 1413 2704 1469 Historia:
2734 1418 3107 1471 ecclesiastica:
3145 1416 3241 1469 lib.
3298 1431 3334 1468 ιι
3377 1456 3388 1468 .
3424 1429 3547 1477 cap.

1972 1499 2075 1563 25,
2107 1502 2395 1568 epistolam
2455 1505 2634 1574 magni
2674 1508 2958 1562 Athanasii
3013 1509 3078 1560 ad
3126 1506 3289 1560 Afros
3341 1505 3407 1559 de
3459 1521 3548 1573 sy-

1974 1590 2118 1643 nodo
2147 1595 2479 1651 Ariminensi
2508 1597 2773 1663 referens,
2813 1599 2927 1653 haec
2961 1599 3103 1652 inter
3133 1599 3233 1652 alia
3267 1613 3330 1652 ex
3357 1596 3545 1650 eadem

1975 1685 2210 1751 cpistola
2265 1690 2508 1743 continuet
2555 1709 2567 1743 :
2629 1711 2647 1741 ι
2687 1691 2788 1757 Qui
2826 1707 2954 1743 vero
2989 1692 3217 1745 istorum
3269 1689 3550 1743 sententia:

1973 1776 2101 1828 velit
2146 1779 2426 1839 accedere,
2453 1782 2543 1849 qui
2584 1797 2682 1834 nec
2734 1799 2829 1836 ειιιι
2874 1782 3088 1851 quidem
3146 1781 3394 1835 instituta
3446 1778 3547 1846 ipsi

290 1857 441 1912 οὕτω
458 1876 471 1888 ·
503 1878 520 1910 ι
545 1860 639 1923 Τίς
661 1861 716 1913 δὲ
744 1865 952 1924 τούτοις
977 1863 1249 1914 συνελθεῖν
1267 1862 1514 1931 ἐθελήσει
1539 1863 1868 1930 ἀνθρώποις,

1980 1864 2320 1933 approbant?
2364 1865 2497 1920 Nam
2524 1870 2640 1937 qui,
2670 1869 2745 1922 uti
2804 1884 2965 1936 supra
3000 1861 3285 1930 diximus:
3309 1867 3549 1934 amplius

296 1952 438 2021 μηδὲ
494 1959 563 2006 τὰ
619 1954 832 2007 ἑαυτῶν
877 1956 1341 2023 ἁποδεχομένοιςς
1390 1954 1455 2008 Oi
1514 1957 1621 2025 γὰρ
1666 1959 1723 2008 ὲν
1753 1960 1873 2020 ταῖς

297 2044 509 2097 ἑαυτῶν
559 2045 692 2097 δέκα
740 2063 842 2097 που
891 2047 985 2099 καὶ
1039 2047 1223 2110 πλέον,
1272 2046 1453 2109 καθὼς
1510 2048 1874 2116 προείπομεν,

297 2133 543 2196 συνόδοις
582 2133 772 2188 ἄλλοτε
832 2136 963 2189 ἄλλο
981 2137 1320 2208 ξγράφοντες,
1363 2136 1513 2207 δῆλοί
1553 2137 1690 2189 εἰσιν
1741 2137 1872 2191 ἐκά-

298 2241 448 2288 στοις
506 2224 662 2277 αὐτοὶ
720 2228 1024 2296 κατήγοροι
1075 2229 1418 2295 γιγνόμενοι.
1480 2225 1758 2296 Πάσχουσι
1816 2226 1873 2279 δὲ

295 2314 476 2377 τοῦτο,
505 2311 618 2369 οἷον
649 2317 742 2369 καὶ
789 2318 839 2369 οἱ
869 2318 988 2370 τότε
1040 2318 1151 2371 τῶν
1205 2317 1472 2371 Ἰουδαίων
1517 2315 1872 2370 πεπόνθασιν.

307 2407 399 2470 Ὦς
438 2408 550 2478 γὰρ
595 2410 818 2475 ἐκεῖνοι,
875 2408 1300 2479 καταλείψαντες
1330 2409 1430 2480 τὴν
1491 2409 1659 2481 μόνην
1688 2410 1875 2480 πηγὴν

295 2497 396 2550 τοῦ
453 2499 656 2564 ζῶντος
714 2500 930 2563 ὕδατος,
981 2500 1198 2570 ὤρυξαν
1254 2503 1469 2563 ἑαυτοῖς
1509 2502 1766 2564 λάκκους,
1825 2501 1875 2554 οἳ

295 2590 361 2643 οὗ
407 2590 729 2660 δύνησονται
780 2593 924 2662 ὕδωρ
974 2592 1239 2663 συνέχειν,
1281 2594 1594 2663 γέγραπται
1627 2592 1683 2646 δὲ
1726 2593 1878 2663 παρὰ

298 2681 377 2749 τῷ
417 2684 672 2754 προφήτῃ
716 2683 993 2755 Ἱερεμίᾳ·
1024 2684 1198 2748 οὕτως
1243 2686 1538 2756 μαχόμενοι
1591 2687 1726 2754 πρὸς
1776 2684 1875 2755 τὴν

298 2774 689 2843 οίκουμενικὴν
764 2775 1003 2842 σύνοδον,
1059 2775 1276 2844 ὤρυξαν
1338 2777 1554 2839 ἑαυτοῖς
1624 2776 1878 2839 συνόδους

299 2864 532 2928 πολλάς.
573 2884 592 2917 ι
621 2867 802 2942 ⁸Ἀλλιίι
832 2867 928 2919 καὶ
959 2868 1014 2918 ὲν
1048 2870 1127 2939 τῷ
1163 2868 1305 2922 κατὰ
1350 2867 1649 2937 ’Λρειανῶν
1677 2866 1877 2937 πρώτῳ

297 2956 446 3027 λόγῳ
469 2959 496 3011 6
535 2958 698 3020 αὐτὸς
748 2959 923 3027 μέγας
959 2959 1274 3023 Ἀθανὰσιος
1302 2958 1394 3012 τὸν
1437 2959 1666 3028 Σωτῆρα
1717 2958 1877 3027 μόνον

299 3049 540 3119 χορηγόν
589 3066 723 3121 φησι
769 3052 864 3104 τοῦ
916 3053 1074 3119 ἁγίου
1136 3051 1454 3121 Πνεῦματος
1507 3047 1646 3103 εἶναι
1689 3051 1746 3104 ὲν
1796 3045 1878 3115 οἷς

298 3141 487 3204 λέγει’
532 3159 551 3192 ι
605 3142 664 3195 Ὀ
697 3143 753 3195 δὲ
788 3144 980 3214 Σωτὴρ
1010 3143 1069 3196 τὸ
1101 3144 1360 3211 ἔμπαλιν,
1391 3143 1523 3206 Θεὸς
1555 3141 1652 3208 ὢν,
1686 3142 1781 3195 καὶ
1808 3145 1874 3212 τῇ

1977 1955 2162 2007 decem
2198 1955 2322 2009 ﬁdei
2359 1956 2624 2013 formulas
2652 1960 2783 2027 (alio
2827 1974 3064 2028 namque
3098 1969 3341 2028 tempore
3382 1958 3545 2012 aliam

1978 2059 2042 2099 ac
2073 2060 2266 2100 novam
2301 2063 2514 2117 semper
2568 2050 2996 2119 componebam)
3053 2051 3105 2103 iu
3139 2051 3254 2104 suis
3303 2049 3553 2104 conciliis

1981 2135 2454 2204 conscripserunt.
2486 2146 2673 2205 aperte
2725 2139 3142 2201 demonstrant,
3193 2138 3401 2204 scipsos
3432 2138 3551 2188 siu-

1978 2227 2100 2295 gula
2129 2243 2227 2282 sua
2267 2229 2664 2297 reprehendere
2695 2230 2950 2291 concilia,
2986 2229 3239 2295 idemque
3270 2228 3375 2280 illis
3409 2226 3550 2295 quod

1978 2315 2106 2369 olim
2138 2316 2343 2371 .ludzeis
2375 2319 2752 2388 proditoribus
2800 2321 3017 2375 accidit.
3056 2320 3127 2375 Ut
3153 2321 3297 2373 enim
3329 2320 3404 2373 illi
3437 2319 3554 2373 solo

1978 2408 2129 2463 fonte
2186 2426 2341 2480 aqua:
2382 2412 2615 2466 viventis
2672 2413 2860 2467 relicto
2889 2449 2903 2474 ,
2961 2422 3018 2466 ut
3053 2412 3244 2466 scribit
3286 2409 3553 2466 Jeremias

1978 2503 2241 2572 propheta
2300 2503 2453 2557 lacus
2510 2504 2610 2559 sibi
2647 2503 2946 2570 foderunt,
3006 2504 3099 2574 qui
3156 2519 3263 2557 non
3325 2513 3554 2572 possmtt

1978 2609 2177 2662 aquam
2218 2594 2542 2651 continere:
2582 2595 2653 2649 ita
2687 2596 2773 2649 isti
2827 2611 3004 2666 pugna
3063 2606 3250 2650 Contra
3302 2595 3553 2665 generale:

1977 2684 2269 2737 concilium
2302 2696 2559 2756 suscepta
2588 2726 2602 2750 ,
2641 2686 2743 2741 sibi
2800 2688 2970 2740 multa
3022 2687 3363 2739 constituunt
3417 2699 3550 2737 con-

1977 2775 2122 2829 cilia.
2165 2795 2184 2828 ι
2224 2775 2328 2830 Sed
2361 2787 2414 2831 et
2480 2778 2598 2846 ipse
2649 2792 2879 2843 magnus
2935 2775 3268 2830 Athanasius
3304 2774 3552 2829 oratione

1977 2866 2149 2935 prima
2185 2875 2371 2921 contra
2423 2868 2656 2921 Arianos
2713 2866 3050 2921 Salvatorem
3100 2874 3308 2918 tantum
3342 2880 3549 2933 suppe-

1979 2958 2154 3029 ditare
2193 2956 2455 3027 Spiritum
2506 2968 2755 3012 sanctum
2807 2958 2997 3012 scribit
3042 2958 3095 3010 ln
3135 2956 3280 3010 illis:
3354 2973 3373 3007 ι
3432 2957 3552 3009 Sal-

1978 3061 2135 3103 vator
2162 3064 2295 3104 vero
2326 3051 2446 3103 vice
2478 3065 2637 3105 versa
2665 3090 2680 3116 ,
2733 3065 2856 3105 cum
2892 3050 3035 3104 Dens
3083 3057 3136 3101 et
3188 3057 3415 3117 paterno
3447 3047 3552 3100 im-

1980 3142 2131 3211 perio
2165 3156 2384 3211 semper
2434 3143 2686 3210 imperet,
2712 3150 2766 3197 et
2823 3141 2894 3196 sit
2937 3138 3176 3210 Spiritus
3213 3139 3388 3194 sancti
3438 3138 3553 3210 ipse

300 3231 554 3304 βασιλείᾳ
593 3234 686 3287 τοῦ
724 3236 938 3304 Πατρὸς
980 3238 1066 3291 ἀεὶ
1115 3234 1436 3305 βασιλεύων,
1487 3234 1581 3288 τοῦ
1618 3252 1675 3287 τε
1701 3234 1870 3288 Πνεῦ-

1979 3230 2129 3285 solus
2163 3231 2558 3302 suppeditatur.
2587 3249 2606 3282 ι

302 3341 472 3391 ματος
502 3325 656 3392 ἁγίου
688 3327 851 3389 αὐτὸς
875 3325 950 3379 ὢν
981 3327 1213 3397 χορηγὸς
1249 3328 1429 3396 μόνος.
1471 3345 1491 3378 ι

383 3438 445 3491 '0
471 3438 645 3506 μέγας
686 3439 1005 3501 ’Δθανάσιος
1034 3441 1094 3491 ἐν
1124 3441 1224 3509 μιᾷ
1249 3438 1358 3491 τῶν
1384 3438 1524 3509 πρὸς
1555 3439 1878 3507 Σεραπίωνα

302 3530 609 3583 Ξπιστολῶν
640 3548 804 3600 φησιν
830 3546 844 3560 ·
893 3550 912 3582 ι
954 3531 1016 3583 Ei
1048 3530 1103 3583 δὲ
1149 3529 1411 3584 ἀδύνατον
1451 3530 1608 3583 τοῦτό
1652 3547 1716 3599 γε
1763 3533 1878 3595 τοῖς

304 3622 527 3690 ἄφροσι,
555 3623 705 3690 μένει
730 3623 840 3692 γὰρ
866 3623 1100 3676 ἕκαστον
1124 3622 1199 3683 ὡς
1222 3622 1435 3689 γέγονε,
1466 3620 1645 3691 πολλῷ
1676 3622 1878 3691 μᾶλλον

303 3716 374 3766 τὰ
419 3714 531 3766 ἄνω
557 3714 658 3779 τῆς
683 3715 919 3776 κτίσεως
953 3714 1127 3767 ἀΐδιον
1186 3713 1299 3782 ἔχει
1329 3716 1427 3783 τὴν
1467 3714 1748 3783 διαμονὴν,
1782 3714 1878 3767 καὶ

300 3806 404 3857 οὐκ
436 3804 586 3858 ἔστιν
614 3804 791 3867 ἄλλως
817 3806 851 3876 ἢ
885 3805 958 3865 ὡς
984 3805 1133 3858 ἔστιν
1165 3804 1194 3856 6
1229 3803 1420 3874 Πατὴρ
1454 3807 1659 3875 πατὴρ,
1694 3806 1787 3858 καὶ
1816 3805 1876 3857 οὗ

301 3898 669 3959 ﬂammandi
700 3899 728 3949 6
746 3896 872 3959 Υἱὸς
896 3897 1025 3958 Υἱός
1048 3898 1163 3950 ἐστι
1186 3895 1279 3950 τοῦ
1305 3896 1463 3955 Θεοῦ,
1491 3897 1585 3950 καὶ
1612 3898 1669 3949 οὐ
1695 3898 1878 3967 πατὴρ

298 3987 397 4039 τοῦ
447 3988 781 4055 Πνεῦματος,
827 3989 923 4042 καὶ
963 3988 1023 4041 τὸ
1079 3987 1302 4057 Πνεῦμα
1350 3989 1411 4040 τὸ
1458 3987 1614 4055 ἆγιον
1659 3988 1880 4057 Πνεῦμα

300 4080 484 4145 ἅγιον,
518 4080 613 4133 καὶ
638 4080 737 4134 οὐκ
766 4080 989 4149 ἔκγονον
1017 4080 1111 4135 τοῦ
1141 4081 1354 4152 Πατρὸς
1379 4080 1502 4135 οὐδὲ
1531 4081 1755 4146 ἀδελφὸς
1782 4082 1879 4135 τοῦ

299 4170 457 4224 Υίοῦ.
514 4190 536 4223 ι

387 4288 447 4340 'o
476 4287 651 4356 μέγας
685 4254 1021 4357 Μάξιμοςίν
1054 4280 1088 4360 ᾖ
1120 4285 1393 4341 ἐκτίθεται
1419 4284 1654 4348 διαλέξει
1691 4283 1879 4353 Ὀρθο-
1947 4298 1959 4308 ·

299 4382 458 4446 δόξου
482 4383 576 4434 καὶ
609 4382 912 4451 Ἀνομοίου,
945 4379 1144 4451 φησιν·
1183 4396 1204 4430 ι
1245 4378 1321 4431 Τὸ
1353 4376 1460 4447 γὰρ
1495 4374 1720 4444 Πνεῦμα
1766 4374 1885 4427 lla-

299 4473 435 4541 τέρα
468 4472 568 4525 οὐκ
602 4472 715 4543 ἔχει
739 4486 754 4502 ·
785 4471 907 4525 οὐδὲ
934 4471 1043 4540 γὰρ
1075 4470 1363 4539 ἐγεννήθη.
1404 4486 1422 4521 ι
1484 4484 1489 4491 ·

2052 3436 2279 3508 Magnus
2328 3437 2657 3494 Athanasius
2702 3439 2755 3494 in
2792 3455 2897 3495 una
2928 3440 2994 3495 ad
3034 3439 3387 3510 Serapionem
3435 3440 3551 3510 epi-

1980 3529 2116 3584 stola
2139 3530 2367 3585 scribit:
2406 3549 2425 3582 ‹
2450 3530 2604 3598 Quod
2646 3532 2690 3587 si
2719 3532 2767 3586 id
2800 3533 2917 3587 ﬁeri
2974 3533 3164 3602 nequit
3222 3533 3363 3602 apud
3416 3532 3551 3586 insi-

1982 3622 2191 3689 pientes
2218 3620 2423 3689 (manet
2448 3622 2591 3676 enim
2621 3624 3047 3692 unumquodque
3079 3626 3152 3677 uti
3190 3623 3389 3678 factum
3416 3624 3549 3694 est.)

1981 3713 2153 3767 multo
2195 3713 2369 3783 magis
2404 3729 2524 3781 qua:
2553 3729 2718 3782 supra
2768 3714 3096 3768 creationem
3144 3697 3306 3781 sunt,
3357 3729 3553 3785 perpe-

1983 3817 2130 3857 tuam
2168 3803 2373 3858 habent
2408 3804 2898 3874 perseverantiam,
2930 3821 3032 3860 nec
3065 3806 3168 3860 alio
3212 3806 3375 3861 modo
3398 3818 3550 3871 sunt,

1981 3908 2143 3961 quam
2173 3909 2281 3962 quo
2312 3904 2414 3959 est,
2452 3893 2612 3948 Pater
2640 3892 2819 3960 Pater,
2858 3905 2912 3949 et
2943 3911 3050 3948 non
3080 3911 3213 3949 avus
3239 3935 3253 3960 ,
3298 3906 3350 3950 et
3385 3895 3555 3950 Filius

1981 3981 2150 4037 Filius
2178 3995 2261 4038 est
2288 3984 2379 4038 Dei
2427 3997 2481 4040 et
2534 4001 2640 4041 non
2696 3999 2846 4055 pater
2886 3987 3160 4056 Spiritus,
3200 3997 3254 4041 et
3316 3988 3554 4054 Spiritus

1980 4084 2206 4130 sanctus
2242 4077 2478 4146 Spiritus
2508 4087 2753 4145 sanctus,
2783 4088 2839 4133 et
2871 4096 2980 4134 non
3018 4096 3185 4148 nepos
3214 4079 3413 4147 Patris,
3451 4096 3549 4135 ne-

1981 4183 2087 4236 que
2112 4168 2279 4223 frater
2311 4168 2459 4227 Filii.
2490 4189 2508 4222 ι

2055 4280 2289 4335 Sanetus
2328 4280 2595 4336 Maximus
2623 4282 2677 4335 iu
2706 4282 2981 4351 colloquio
3010 4283 3149 4337 inter
3172 4281 3550 4338 Orthodoxum

1983 4381 2036 4427 et
2068 4374 2392 4428 Anommum
2433 4374 2638 4430 habet:
2675 4393 2694 4425 ι
2726 4373 2967 4444 Spiritus
3015 4375 3286 4444 siquidem
3333 4375 3550 4428 Patrem

1981 4475 2090 4518 :;;::
2124 4464 2326 4531 habet;
2358 4479 2536 4533 neque
2563 4466 2709 4518 enim
2744 4467 2963 4535 genitus
2995 4476 3097 4521 est.
3138 4485 3160 4517 ι

384 4583 445 4637 ’0
470 4584 626 4653 ἅγιος
660 4584 931 4656 Κύριλλος
956 4585 1014 4637 ὲν
1044 4588 1110 4655 τῇ
1142 4591 1211 4653 ιγ’
1234 4584 1402 4654 βίϐλῳ
1429 4584 1538 4638 τῶν
1572 4583 1873 4657 Θησαυρῶν

2053 4573 2287 4630 Sanctus
2344 4576 2584 4647 Cyrillus
2617 4578 2758 4632 libro
2818 4577 3222 4633 Thesaurorum
3284 4595 3376 4633 snt
3407 4619 3418 4642 .
3454 4579 3552 4631 ha-

301 4691 500 4744 φησιν·
536 4691 556 4725 ι
598 4673 708 4727 Ποῦ
744 4674 979 4745 Χριστὸς
1011 4672 1291 4739 Ἰουδαίοις
1322 4675 1840 4745 προσδιαλεγόμενος
1861 4690 1876 4706 ’

303 4784 324 4817 σ
367 4767 428 4818 Ei
450 4765 508 4818 δὲ
533 4766 591 4818 ὲν
614 4765 863 4834 δακτύλῳ
888 4765 1023 4818 Θεοῦ
1049 4765 1297 4819 ἐκϐάλλω
1337 4765 1447 4833 ἐγὼ
1473 4766 1539 4819 τὰ
1585 4766 1860 4836 δαιμόνια,

297 4858 410 4928 ἄρα
447 4856 684 4927 ἔφθασεν
730 4858 815 4927 ἐφ’
851 4858 997 4926 ὑμᾶς
1026 4858 1058 4927 ή
1084 4857 1330 4927 βασιλεία
1369 4856 1464 4910 τοῦ
1509 4857 1667 4912 Θεοῦ.
1707 4876 1727 4909 ι
1770 4858 1878 4911 Καὶ

297 4949 567 5004 δάκτυλον
598 4949 786 5003 ἐνθάδε
836 4950 971 5020 φησὶ
1032 4951 1093 5001 τὸ
1124 4946 1345 5015 Πνεῦμα
1376 4949 1436 5001 τὸ
1468 4948 1647 5014 ἆγιον,
1675 4951 1877 5018 τρόπον

296 5044 422 5095 τινὰ
485 5042 589 5111 τῆς
643 5040 1026 5103 θείαςοῠσίας
1083 5039 1420 5109 ἐκπεφυκὸς,
1476 5041 1574 5093 καὶ
1629 5039 1876 5108 φυσικῶς

298 5132 476 5200 αὐτῆς
521 5131 962 5202 ἐκκρεμάμενον,
996 5130 1187 5199 ὥσπερ
1214 5130 1308 5182 καὶ
1336 5130 1363 5178 6
1387 5113 1650 5191 δάκτυλος
1681 5130 1744 5181 ὲκ
1777 5131 1876 5198 τῆς

290 5222 652 5292 ,ἀνθρωπείας
695 5224 900 5295 χειρός.
950 5222 1222 5292 Βραχίονα
1266 5223 1363 5291 μὲν
1399 5220 1506 5290 γὰρ
1550 5220 1643 5272 καὶ
1692 5219 1876 5284 δεξιὰν

299 5316 440 5369 Θεοῦ
480 5318 573 5369 τὸν
614 5316 742 5370 Υίὸν
792 5314 1165 5369 ἀποκαλοῦσιν
1200 5317 1254 5366 αἱ
1295 5313 1436 5367 θεῖαι
1488 5313 1703 5383 Γραφαὶ
1731 5310 1876 5365 κατὰ

297 5410 384 5473 τὸ,
420 5427 439 5460 ι
486 5408 732 5460 Ἐσωσεν
760 5407 980 5476 αὐτδνὴ
1015 5403 1166 5470 δεξιὰ
1196 5404 1364 5456 αὐτοῦ
1391 5401 1484 5456 καὶ
1514 5403 1560 5480 6.
1581 5401 1820 5473 βραχίων
1850 5401 1876 5454 6

297 5500 457 5568 ἅγιος
489 5501 675 5553 αὐτοῦ.
718 5517 736 5550 ι
780 5499 892 5552 Καὶ
936 5497 1132 5550 πάλινο
1174 5515 1194 5549 ι
1243 5496 1435 5566 Κύριε,
1477 5492 1679 5564 ὑψηλός
1720 5510 1814 5546 σου
1851 5493 1879 5545 6

302 5591 551 5662 βραχίων
596 5589 693 5642 καὶ
722 5590 821 5642 οὐκ
863 5587 1118 5659 ᾔδεισαν*
1146 5586 1365 5656 γνόντες
1406 5585 1464 5638 δὲ
1502 5584 1880 5654 αίσχυνθήτω-

303 5703 430 5738 σαν.
488 5702 506 5735 ι
540 5682 753 5751 ’Ὠσπερ
780 5676 873 5734 οὖν
903 5682 931 5734 6
965 5680 1200 5751 βραχίων
1226 5677 1472 5750 φυσικῶς
1504 5678 1879 5747 συνήρμοσται

370 5847 417 5876 ν’
442 5848 525 5903 lsa
584 5858 767 5907 χχχιιι,
807 5842 889 5896 12.
965 5842 1010 5874 ⁹⁹
1035 5839 1167 5897 Luc.
1196 5856 1269 5908 ιιι,
1303 5837 1392 5893 20.
1473 5836 1657 5893 ‘Psal.
1693 5852 1854 5904 xcru,
1892 5837 1937 5890 l.

1979 4667 2068 4723 bet
2105 4685 2119 4723 :
2157 4688 2175 4721 ι
2212 4668 2466 4724 Christus
2502 4671 2740 4739 quodam
2778 4671 2828 4723 in
2861 4671 2982 4726 loco
3013 4668 3232 4724 Judwos
3268 4672 3554 4738 alloquens

1979 4759 2117 4815 dixit
2149 4777 2162 4811 :
2224 4777 2244 4811 ι
2283 4760 2340 4814 Si
2398 4769 2581 4815 autem
2617 4761 2675 4815 in
2709 4763 2881 4832 digito
2918 4761 3008 4816 Dei
3069 4762 3230 4832 cjicio
3262 4765 3551 4829 daemonia,

1979 4850 2129 4904 venit
2185 4866 2314 4920 ergo
2349 4851 2402 4904 in
2452 4866 2553 4907 vos
2610 4866 2834 4922 regnum
2894 4852 3076 4907 Dei".
3113 4872 3130 4905 ι
3190 4853 3424 4923 Digitum
3467 4855 3555 4907 hic

1981 4940 2073 4995 Dei
2115 4940 2376 5009 Spiritum
2407 4950 2656 4994 sanctum
2695 4940 2964 5005 nominat,
2998 4942 3089 5012 qui
3124 4944 3284 4998 modo
3312 4944 3553 5013 quodam

1982 5048 2049 5088 ex
2077 5033 2385 5088 substantia
2424 5033 2515 5088 Dei
2551 5044 2770 5088 emanat
2798 5071 2814 5096 ,
2862 5043 2915 5088 et
2945 5037 3270 5090 naturaliter
3298 5037 3424 5091 imie
3456 5036 3555 5090 de-

1985 5124 2202 5192 pendet,
2236 5126 2378 5179 sicut
2407 5125 2749 5178 ex’humaua
2784 5140 2948 5179 manu
2982 5127 3224 5194 digitus:
3261 5128 3557 5182 ln'at-hiunt

1983 5214 2125 5268 enim
2155 5224 2209 5269 et
2252 5216 2527 5269 dexteram
2570 5214 2685 5279 Dei,
2746 5216 2941 5272 Filium
3000 5220 3296 5286 Scriptum
3333 5231 3548 5273 vocant.

1990 5325 2008 5358 ι
2051 5306 2296 5361 Salvavit
2328 5307 2495 5371 cnim,
2534 5307 2735 5376 inquit,
2771 5311 2963 5364 dextra
3018 5312 3136 5378 ejus
3180 5320 3234 5362 et
3266 5309 3557 5365 brachium

1984 5410 2230 5455 sanctum
2260 5399 2435 5469 ejus‘.
2476 5418 2493 5452 ι
2533 5409 2586 5455 et
2617 5417 2807 5457 rursus
2836 5420 2849 5456 :
2894 5421 2912 5453 ι
2943 5402 3173 5456 Domine
3201 5401 3435 5456 sublime
3466 5413 3549 5456 est

1986 5490 2275 5546 brachium
2310 5500 2461 5544 tuum
2485 5532 2498 5552 ,
2548 5501 2601 5545 et
2638 5468 3016 5559 ttcsciver-uut;
3052 5509 3115 5548 cu
3144 5511 3173 5543 ιι
3210 5507 3340 5546 νει-ο
3379 5507 3551 5559 agno-

1986 5583 2201 5647 verint,
2251 5585 2745 5640 verecundcutur’.
2785 5603 2803 5636 ι
2856 5584 3325 5651 Quemadmodum
3390 5585 3551 5652 igitur

1989 5676 2274 5732 brachium
2310 5678 2405 5731 toti
2436 5680 2654 5748 corpori
2717 5677 3037 5732 naturaliter
3090 5686 3398 5745 coaptatttr,
3428 5690 3548 5731 out-

2046 5790 2057 5809 I

2017 5837 2034 5864 '
2094 5834 2198 5887 lsa.
2230 5850 2376 5904 nrt,
2416 5836 2497 5891 ll.
