4042 6404
331 361 436 426 737

1093 352 1530 417 R-EFUTATIO
1569 350 1939 413 PHOTIANI
1981 347 2198 410 LIBRI
2240 346 2336 406 DE
2374 343 2687 404 SPlRlTU
2727 341 2787 401 S.

3484 336 3593 400 738

325 470 596 541 Spiritum
664 476 919 524 sanctum
947 465 1109 519 verba
1174 464 1429 533 profundi
1457 472 1510 516 et
1543 461 1841 531 procedere.
1900 457 1995 513 llis
2061 458 2242 526 itaque
2284 457 2430 509 hunc
2464 453 2517 507 in
2545 451 2763 506 modum
2794 445 3115 518 pradibatis,
3146 446 3255 517 jam
3289 446 3354 501 ad
3386 460 3595 516 eaquae

322 566 381 620 in
422 563 562 619 libro
598 568 904 631 sequuntur
938 560 1318 627 procedamus.

782 647 1047 705 KEIMEN
1053 648 1144 700 ΟΝ
1180 644 1450 698 ΦΩΤΙΟΥ.

399 746 473 816 γ’.
504 746 567 799 Εἰ
601 744 709 813 γὰρ
736 742 811 813 (l)
839 741 900 806 ἐξ
925 741 1042 804 ἑνὸς
1079 739 1276 803 αἰτίου,
1303 736 1398 790 τοῦ
1428 733 1660 804 Πατρδς,
1691 732 1719 786 ὃ
1739 747 1798 784 τε
1827 729 1904 803 (2)

2510 630 2745 685 PHOTIl
2787 628 3096 687 TEXTUS.

2086 725 2142 779 5.
2190 723 2244 779 Si
2273 724 2418 778 enim
2454 739 2518 778 ex
2557 739 2661 777 una
2693 724 2998 792 eademque
3027 738 3216 787 causa,
3261 723 3443 787 Patre,
3476 734 3594 779 tum

329 811 457 900 1'16;
484 837 580 889 καὶ
616 811 689 887 τό
738 811 962 901 Πνεῦμα
1011 829 1334 899 προάγεται,
1367 829 1417 879 εἰ
1453 823 1528 893 (5)
1566 822 1661 876 καὶ
1698 821 1759 873 τὸ
1810 819 1909 889 μὲν

2028 813 2182 867 Filius
2213 824 2326 868 tum
2353 814 2590 880 Spiritus
2620 820 2842 867 sanctus
2867 811 3068 880 prodit,
3100 814 3315 867 tametsi
3354 813 3442 867 hic
3470 815 3596 883 qui-

329 924 706 994 ὲκπορευτῶς,
741 925 769 976 6
796 924 852 975 δὲ
872 920 1152 991 γεννητῶς
1170 933 1184 948 ⁸
1214 919 1424 987 γίνεται
1447 917 1504 968 δὲ
1533 913 1696 967 πάλιν
1722 912 1751 964 ό
1783 910 1910 969 Υἱὸς

335 1017 429 1072 τοῦ
488 1015 807 1084 Πνεύματος
860 1009 1182 1080 προαγωγὸς
1222 1007 1320 1080 (4),
1358 1008 1434 1068 ὡς
1490 1006 1524 1073 ὴ
1592 999 1912 1075 βλασφημία

337 1107 456 1179 βοᾷ,
493 1104 609 1166 πῶς
646 1102 718 1156 ἂν
746 1103 774 1154 6
802 1101 901 1171 τῆς
932 1099 1252 1160 ἀκολουθίας
1302 1095 1591 1163 ἀνάσχοιτο
1641 1091 1796 1159 λόγος
1838 1088 1914 1159 μὴ

332 1199 452 1266 οὐχί
477 1195 570 1249 καὶ
600 1194 660 1245 τὸ
694 1190 916 1260 Πνεῦμα
950 1190 1041 1244 τοῦ
1072 1189 1201 1242 Υἰοῦ
1229 1184 1570 1255 παρακτικὸν
1603 1180 1743 1236 εἷναι
1772 1197 1913 1249 συμ-

338 1284 690 1357 μυθολογεϊνς
723 1282 1001 1352 ὁμοτίμως
1034 1281 1145 1351 γὰρ
1176 1280 1377 1350 ἀμφοῖν
1403 1274 1496 1328 τοῦ
1536 1277 1711 1327 αἰτίου
1747 1288 1915 1340 προεσ-

336 1374 666 1446 ληλυθότων,
722 1372 771 1424 εἰ
825 1370 1052 1440 θάτερον
1088 1369 1167 1439 τῷ
1221 1369 1394 1438 ἑτέρῳ
1444 1367 1542 1435 τὴν
1591 1362 1689 1416 τοῦ
1740 1361 1914 1414 αἰτίου

335 1465 528 1537 χρείαν
559 1463 884 1532 ἀναπληροῖ,
926 1461 1049 1514 οὐδὲ
1092 1460 1307 1529 θατέρῳ
1336 1459 1398 1512 τὸ
1448 1458 1656 1527 ἓτερον,
1692 1455 1767 1525 μὴ
1794 1455 1917 1524 οὐχ).

334 1556 436 1625 τὴν
490 1555 610 1620 ῑσην
669 1551 1030 1622 ἀμειόόμενον
1075 1552 1234 1620 χάριν
1288 1551 1461 1603 αι’τιον
1512 1547 1764 1615 γενέσθαι
1818 1550 1917 1612 τῆς

337 1641 759 1711 ἀπαραλλάκτου
793 1640 998 1704 τάξεως
1029 1639 1064 1709 ἡ
1097 1639 1421 1708 συντήρησις
1457 1637 1535 1708 (5)
1579 1637 1846 1702 ἀπαιτεῖ;

884 1826 1278 1878 ΑΝΤΙΡΡΗΣΙ
1287 1827 1353 1877 Σ.

400 1919 485 1977 B’.
504 1918 651 1972 Ἐπεὶ
678 1916 722 1970 6'
747 1915 807 1981 ἐξ
840 1917 953 1977 ἑνὸς
984 1916 1174 1979 αἰτίου,
1202 1915 1296 1968 τοῦ
1328 1914 1556 1985 Πατρὸς,
1589 1914 1922 1983 προάγεσθαι

2012 904 2136 959 dent
2177 919 2273 973 per
2321 903 2753 973 processionem,
2793 903 2884 956 ille
2929 911 3107 957 autem
3150 917 3247 972 per
3284 907 3594 972 generatio-

1960 1010 1967 1017 ’
2013 1010 2176 1060 nem;
2224 1010 2420 1048 rursus
2460 1006 2641 1047 autent
2675 990 2848 1046 Filius
2895 991 3159 1061 Spiritutn
3212 995 3485 1062 producit,
3534 1005 3598 1052 ut

2013 1086 2356 1154 blasphemia
2387 1086 2613 1149 clamat,
2663 1086 2937 1154 quomodo
2986 1100 3094 1139 non
3134 1087 3274 1140 ratio
3329 1101 3600 1143 consecu-

2015 1177 2180 1229 tiouis
2209 1189 2311 1229 nos
2373 1183 2532 1244 cogat
2581 1189 2855 1238 asserere,
2887 1172 3148 1243 Spiritum
3194 1191 3417 1245 quoque
3471 1194 3595 1233 esse

2016 1266 2138 1321 Filii
2166 1267 2547 1336 productivum
2579 1265 3062 1336 (productorem)?
3093 1265 3229 1319 Cum
3264 1267 3408 1322 enim
3442 1284 3599 1338 aeque

2017 1370 2250 1430 uterque
2294 1375 2324 1413 a
2371 1374 2538 1413 causa
2593 1359 2684 1412 illa
2731 1357 3022 1427 prodierit,
3076 1358 3123 1412 si
3176 1359 3413 1413 alterum
3465 1377 3597 1429 erga

2020 1455 2255 1508 alterum
2301 1467 2529 1506 munere
2556 1464 2739 1506 causa;
2784 1449 3055 1519 fungitur,
3103 1459 3250 1506 certe
3280 1452 3598 1507 omnimodo

2018 1552 2073 1598 et
2111 1540 2383 1595 invariata
2431 1540 2645 1595 ordinis
2678 1541 3026 1593 conservatio
3060 1537 3375 1608 (perfectio)
3407 1540 3595 1611 exigit,

2020 1643 2080 1688 ut
2123 1641 2177 1687 et
2226 1632 2456 1686 alterum
2513 1631 2760 1685 vicissim
2808 1644 2908 1697 par
2960 1631 3078 1700 pari
3130 1628 3378 1686 referens
3429 1645 3597 1685 causa

2021 1725 2248 1779 alterius
2281 1724 2510 1778 exsistat
2537 1723 2633 1790 (l).
2738 1750 2743 1759 ε

2577 1808 3032 1866 REFUTATIO.

2096 1905 2158 1958 ll.
2198 1903 2333 1957 Dum
2395 1903 2531 1959 dicis
2586 1919 2652 1956 ex
2704 1919 2813 1956 una
2891 1918 3096 1968 causa,
3147 1903 3308 1958 Patre
3356 1902 3588 1965 scilicet,

334 2010 516 2077 λέγεις
559 2009 649 2061 τὸν
680 2007 807 2060 Υίὸν
842 2007 934 2060 καὶ
986 2006 1046 2058 τὸ
1096 2005 1337 2074 Πνεῦμα,
1367 2008 1424 2058 ἐν
1448 1981 1919 2075 *τάχει-διάφορον

2028 1997 2243 2065 prodire
2271 2008 2381 2049 tum
2425 1994 2646 2061 Filium,
2672 2003 2783 2048 tum
2820 1994 3103 2063 Spiritum,
3137 1995 3385 2062 protinus
3424 1995 3603 2048 diver-

341 2102 502 2155 αὐτόν
532 2099 871 2168 ὁμολογήσας
919 2097 1093 2150 αἴτιον
1124 2097 1294 2149 εἰπών
1315 2113 1329 2127 ο
1365 2100 1416 2150 εἰ
1450 2101 1547 2149 καὶ
1577 2098 1646 2149 τὸ
1680 2096 1798 2165 μὲν
1824 2097 1922 2150 ὲκ-

333 2190 666 2258 αορευτῶς,
696 2191 730 2242 ό
775 2189 843 2241 δὲ
871 2185 1193 2257 γεννητῶς,
1222 2188 1385 2249 αὐτὸς
1435 2189 1526 2257 ἀφ’
1577 2188 1771 2240 ἑαυτοῦ
1812 2190 1921 2240 πᾶν

338 2282 544 2335 ἄτοπον
573 2280 834 2349 ἀναιρεῖς,
872 2281 1008 2349 ὅπερ
1035 2277 1347 2330 ἀκολουθεῖν
1384 2277 1587 2346 λέγεις,
1618 2278 1715 2331 ὲάν
1739 2279 1767 2330 6
1795 2278 1923 2339 Υἱὸς

342 2371 442 2439 τῆς
472 2368 566 2420 τοῦ
621 2366 937 2436 Πνεῦματος
972 2366 1243 2436 προϐολῆς
1291 2367 1369 2436 τῷ
1420 2368 1598 2435 Πατρὶ
1644 2368 1876 2437 κοινωνῇ
1906 2382 1920 2395 ·

340 2460 450 2513 κᾶν
473 2460 582 2528 γὰρ
609 2460 775 2529 μυρία
804 2461 984 2530 κάμῃς
1018 2458 1195 2526 ζητῶν
1221 2458 1311 2510 τὸν
1334 2458 1590 2529 διάφορον
1618 2459 1718 2527 τῆς
1744 2459 1923 2520 αἰτίας

344 2550 550 2620 τρόπον
580 2549 793 2618 μαθεῖν,
819 2550 971 2602 οὐδὲν
994 2549 1122 2603 ἄλλο
1147 2549 1328 2619 εὑρεῖν
1354 2548 1570 2613 ἐξέσται
1601 2549 1686 2600 σοὶ
1717 2550 1775 2600 ὲν
1794 2549 1920 2609 ταῖς

346 2641 518 2704 θείαις
557 2642 801 2710 Γραφαῖς
850 2641 949 2710 τῆς
997 2641 1258 2708 διαφορᾶς
1307 2642 1511 2711 ταύτης
1543 2639 1923 2710 δηλωτικὸν,ἧ

340 2734 431 2788 ὅτι
458 2732 555 2786 τοῦ
591 2736 689 2804 μὲν
727 2733 856 2786 Υίοῦ
901 2734 1041 2786 κατά
1079 2734 1139 2785 τὸ
1172 2732 1452 2803 προσεχῶς
1501 2735 1649 2786 ἐστιν
1695 2732 1864 2794 αἴτιος
1898 2735 1926 2785 6

347 2824 562 2895 Πατὴρ,
589 2825 684 2877 τοῦ
734 2824 793 2877 δὲ
825 2823 1143 2894 Πνεῦμα-τος
1173 2825 1260 2876 διὰ
1306 2823 1400 2876 τοῦ
1430 2823 1596 2876 Υἰοῦ·
1645 2823 1796 2880 καὶό
1824 2824 1927 2892 τῆς

350 2916 530 2979 αἰτίας
574 2912 730 2977 οὗτος
771 2916 1027 2985 διάφορος
1069 2916 1268 2984 τρόπος
1295 2917 1387 2968 τὸν
1424 2916 1524 2984 μὲν
1558 2915 1688 2970 Υἰὸν
1729 2932 1922 2968 κοινω-

351 3007 544 3061 νοῦντα
578 3008 874 3077 παρίστησι
903 3007 976 3075 τῷ
1002 3008 1178 3077 Ila.th
1204 3008 1296 3059 ἐπὶ
1318 3010 1383 3077 τῇ
1413 3007 1624 3077 προόδῳ
1649 3008 1742 3060 τοῦ
1772 3007 1931 3060 Πνεῦ-

359 3114 528 3167 ματος
562 3101 705 3150 κατά
735 3099 796 3150 τὸ
840 3100 903 3150 ὲκ
942 3099 1152 3167 Πατρὸς
1187 3098 1277 3150 διὰ
1301 3097 1431 3150 Υίοῦ
1461 3099 1593 3151 αὐτὸ
1629 3097 1927 3167 ἐκπορεύε-

357 3190 481 3241 σθαι
507 3205 520 3218 ·
553 3191 652 3258 τὴν
679 3190 735 3240 δὲ
779 3189 879 3257 σὴν
918 3190 1099 3258 ἵστησι
1150 3188 1681 3259 πολυπραγμοσύνην
1729 3191 1821 3242 καὶ
1863 3189 1930 3260 ἢν

356 3280 637 3348 ἑπιφέρεις
679 3280 914 3348 ἀπορίαν
955 3279 1157 3345 λέγων’
1181 3279 1256 3342 ὡς
1284 3281 1379 3332 ὲάν
1421 3281 1450 3332 6
1482 3280 1610 3341 Tib;
1639 3280 1731 3332 τοῦ
1762 3279 1931 3334 Πνεῦ-

361 3367 527 3437 pars;
551 3371 695 3421 ἐστιν
718 3370 1093 3438 προαγωγεὺς,
1123 3367 1251 3434 πῶς
1272 3368 1351 3422 ἂν
1372 3372 1404 3423 ό
1430 3368 1540 3437 τῆς
1565 3370 1930 3435 ἀκολουθίας

356 3457 687 3526 ἀνάσχοιτο
735 3461 938 3525 λόγος,
977 3458 1064 3526 μὴ
1097 3459 1234 3526 οὐχί
1281 3458 1381 3512 καί
1431 3461 1495 3512 τὸ
1539 3459 1782 3529 Πνεῦμα
1824 3460 1930 3514 τοῦ

358 3550 495 3603 Υιοῦ
525 3549 896 3617 παρακτικὸν
942 3546 1095 3604 εἶναι
1131 3553 1652 3621 συμμυθολοτεῖν;
1686 3552 1820 3620 Adet
1870 3568 1930 3605 τε

361 3641 455 3694 καὶ
493 3640 695 3710 ἀνατρέ
705 3656 816 3696 πει.

776 3881 787 3889 _
950 3826 1337 3880 KEIMENON.

436 3915 502 3971 δ’.
531 3915 739 3979 Ἀλλως
763 3932 823 3968 τε
846 3916 925 3982 δὲ,
949 3918 998 3968 εἰ
1031 3920 1058 3970 6
1087 3918 1184 3986 μὲν
1209 3917 1333 3979 Υἱὸς
1358 3917 1452 3986 τῆς
1488 3918 1759 3987 πατρικῆς
1795 3916 1934 3985 ὑπὲρ

364 4003 522 4073 λόγον
569 4006 871 4075 ἁπλότητος
902 4007 1000 4058 οὐκ
1050 4005 1350 4070 ἐξίσταται,
1378 4006 1440 4058 τὸ
1487 4005 1545 4058 δὲ
1600 4005 1822 4074 Πνεῦμα
1855 4008 1936 4070 εἰς

364 4096 587 4149 διπλοῦν
616 4097 791 4149 αιτιον
844 4098 1174 4166 ἀναφέρεται
1209 4099 1302 4150 καὶ
1338 4098 1401 4149 ὲκ
1443 4096 1635 4166 διπλῆς
1667 4097 1935 4168 προὸολῆς

366 4187 678 4255 ὑφίσταται,
701 4187 814 4249 πῶς
836 4187 937 4240 οὐκ
964 4187 1389 4257 ἐπακολουθήσει
1416 4187 1473 4239 τὸ
1500 4188 1750 4240 σύνθετον
1775 4206 1790 4254 ;
1821 4188 1938 4251 πῶς

362 4275 409 4329 δ’
430 4279 555 4347 οὐχὶ
578 4278 671 4331 τοῦ
705 4277 829 4331 Υἰοῦ
864 4279 924 4329 τὸ
948 4277 1168 4330 ἔλαττον
1192 4278 1334 4348 ἔχειν
1367 4277 1428 4329 τὸ
1452 4278 1690 4346 ἰσότιμον
1713 4278 1939 4349 Πνεῦμα

365 4368 925 4441 βλασφημηθήσεται;
959 4370 1075 4432 πῶς
1107 4372 1141 4440 ἡ
1186 4370 1286 4440 τῆς
1320 4369 1549 4439 Τριὰδος
1596 4372 1834 4440 ἁπλότης
1871 4370 1938 4439 (ὦ

363 4462 615 4531 γλώσσης
658 4462 876 4516 ἀσεϐεῖν
921 4463 1230 4533 τοληράςι
1260 4463 1382 4532 οὐχὶ
1410 4466 1469 4517 τὸ
1502 4465 1696 4517 οἰκεῖον
1724 4462 1941 4533 ἀξίωμα

365 4548 715 4619 νοθευόμενον
735 4564 750 4613 ;

866 4788 895 4801 ἡ
927 4733 1370 4786 ΑΝΤΙΡΡΗΣΙΣ.

438 4825 512 4879 Γ’.
560 4824 683 4881 Ἐἀν
732 4825 761 4877 6
803 4823 1002 4885 Ἰταλὸς
1052 4825 1133 4885 εἰς
1175 4823 1396 4876 διπλοῦν
1434 4825 1604 4878 αἴτιον
1649 4825 1939 4895 ἀναφέρειν

436 4979 516 5051 (Ι)
551 4979 694 5035 Mon.
728 4978 821 5051 ἔτι,
848 4978 991 5051 γάρἱ
1026 4976 1166 5051 Hect
1186 4978 1345 5051 breve
1372 4988 1533 5051 caput
1553 5017 1567 5040 ,
1598 4978 1749 5051 sicut
1768 4987 1822 5051 et
1851 4993 1940 5051 se-

369 5047 544 5115 quetis
575 5054 677 5104 sub
707 5050 864 5103 titulo
900 5047 1084 5118 :‘llspi.
1107 5049 1205 5117 τῆς
1251 5047 1628 5116 ὲκπορεύσεως
1662 5047 1937 5118 τοῦῃάγίου

368 5121 680 5188 ΙΙνεύματος
776 5116 1170 5189 Μητροφόὼους
1224 5118 1671 5189 -μητροπολίτου-
1747 5116 1940 5189 £41.69:-

368 5205 467 5255 νης
495 5183 736 5243 occurrit
771 5183 933 5243 etiam
970 5183 1024 5240 in
1061 5187 1182 5241 cod.
1224 5183 1456 5239 ViudOb.
1487 5183 1581 5238 Gr.
1637 5185 1799 5239 theol.
1831 5185 1937 5240 243

370 5258 647 5327 (Lanthec.
684 5260 807 5315 cod.
840 5257 927 5322 60)
969 5255 1009 5309 f.
1039 5256 1128 5311 79.
1151 5255 1275 5319 εἰὲξ
1301 5255 1418 5318 ἑνὸς
1458 5257 1559 5308 αίτ.

440 5328 515 5397 (‘2)
536 5325 766 5382 thtlob.
797 5332 825 5380 6
856 5331 992 5397 υίρς.

440 5393 519 5465 (5)
552 5398 614 5449 Εἰ
645 5402 797 5453 deest
825 5400 877 5451 in
918 5393 1151 5453 Vtudob.

441 5464 518 5538 (4)
576 5465 666 5521 Sic
721 5478 778 5522 et
820 5467 985 5521 Laur.
1043 5467 1165 5521 Mou
1204 5467 1458 5535 εγίνεται
1508 5464 1562 5517 δὲ
1611 5465 1640 5519 6
1683 5467 1806 5533 Υἱὸς
1843 5470 1940 5523 τοῦ

371 5539 690 5607 Πνεῦματος
718 5540 879 5592 πάλιν
913 5541 1290 5606 προαγωγεύς.

439 5608 518 5677 (5)
551 5607 808 5680 |._.:tttrcnt.
842 5612 875 5680 ἡ
898 5611 1310 5680 συμπλήρωσις.

369 5748 405 5800 ι.
431 5675 548 5804 ἑῶυ
571 5675 756 5804 Liaitgie
783 5675 896 5749 haec
950 5675 1136 5735 eadem
1166 5680 1385 5735 adducit
1415 5678 1569 5750 Hugo
1614 5679 1941 5737 Etherianus

393 5787 405 5800 .
431 5765 482 5806 c.
515 5767 566 5821 p.
600 5765 753 5804 uel.

2020 2105 2133 2145 sam
2164 2104 2383 2142 causam
2412 2090 2587 2156 ipsum
2605 2087 2893 2141 confessus
2913 2087 3094 2140 verbis
3115 2086 3223 2141 illis
3248 2105 3259 2138 :
3281 2087 3491 2139 tametsi
3517 2087 3599 2138 hic

2019 2181 2228 2250 quidem
2256 2195 2346 2248 per
2365 2179 2775 2249 processiouem,
2808 2178 2897 2230 ille
2926 2194 3042 2231 vero
3074 2194 3164 2243 per
3189 2180 3599 2248 generationem,

2023 2274 2138 2344 ipse
2183 2288 2211 2325 a
2248 2283 2298 2327 te
2346 2272 2466 2341 ipso
2499 2287 2660 2324 omne
2688 2270 2985 2325 absurdum
3034 2270 3240 2335 aufurs,
3278 2271 3423 2340 quod
3462 2285 3595 2324 con-

2023 2363 2175 2432 sequi
2228 2363 2332 2425 ais.
2369 2364 2414 2418 si
2463 2361 2605 2415 Filio
2647 2362 2938 2432 productio
2976 2363 3212 2429 Spiritus
3245 2361 3420 2416 sancti
3469 2378 3593 2415 cum

2024 2453 2187 2508 Patre
2219 2462 2494 2507 statuatur
2528 2455 2862 2508 communis.
2902 2451 2967 2506 Et
2998 2458 3348 2520 quantumvis
3379 2454 3596 2510 labores

2028 2555 2191 2614 teque
2231 2546 2424 2615 fatiges
2472 2544 2771 2613 quaerendo
2811 2545 3088 2598 diversum
3141 2558 3322 2597 causa:
3372 2546 3594 2597 modum

2026 2653 2381 2707 cognoscere,
2430 2637 2568 2690 nihil
2601 2637 2752 2690 aliud
2802 2637 2856 2689 in
2904 2637 3078 2689 sacris
3110 2634 3330 2703 scriptis
3358 2635 3599 2704 reperire

2029 2731 2253 2798 poteris,
2280 2729 2424 2797 quod
2457 2744 2574 2781 eam
2605 2727 2967 2781 diﬂ‘erentiam
3000 2726 3311 2795 patefaciet,
3343 2727 3446 2779 nisi
3472 2727 3596 2790 hoc,

2026 2823 2171 2891 quod
2220 2820 2343 2874 Filii
2378 2821 2597 2889 quidem
2646 2819 2972 2887 principium
3026 2820 3273 2887 proxime
3308 2825 3362 2871 et
3405 2816 3602 2869 imme-

2027 2914 2174 2967 diate
2221 2921 2306 2967 est
2351 2912 2533 2973 Pater.
2586 2909 2823 2979 Spiritus
2853 2925 2984 2965 vero
3014 2909 3187 2964 sancti
3239 2924 3333 2978 per
3380 2908 3600 2962 Fihum.

2027 3001 2200 3058 Porro
2247 3003 2337 3057 hic
2385 3003 2636 3072 principii
2686 3002 2936 3055 diversus
2982 2999 3174 3055 modus
3231 3011 3342 3054 tum
3402 2999 3601 3053 Filiqu

2031 3094 2085 3146 in
2132 3092 2487 3161 processione
2539 3089 2777 3160 Spiritus
2811 3105 2935 3144 cum
2983 3089 3146 3144 Patre
3176 3090 3417 3143 ostendit
3447 3104 3604 3143 com-

2032 3186 2402 3236 municantem
2451 3181 2752 3237 secundum
2793 3182 2946 3245 illud,
2993 3182 3139 3250 quod
3189 3196 3255 3234 ex
3303 3179 3463 3235 Patre
3509 3195 3606 3251 per

2033 3274 2229 3328 Filium
2277 3274 2522 3342 procedit
2572 3273 2829 3343 Spiritus,
2866 3285 2980 3327 tum
3030 3284 3121 3327 tua
3175 3273 3357 3327 studia
3395 3287 3461 3327 ac
3509 3288 3606 3326 co-

2033 3367 2250 3419 namina
2300 3365 2481 3418 inania
2533 3379 2655 3418 esse
2694 3364 2993 3429 convincit,
3043 3378 3106 3416 ac
3139 3365 3298 3432 plene
3340 3363 3505 3416 solvit
3539 3377 3605 3416 ac

2030 3456 2230 3510 refellit
2255 3455 2401 3508 illam
2436 3470 2599 3523 quam
2631 3453 2799 3509 infers
2827 3454 3220 3517 diliicultatem,
3252 3454 3380 3507 dum
3417 3452 3556 3507 dicis
3584 3466 3600 3506 :

2032 3545 2088 3600 Si
2124 3544 2302 3598 Filius
2337 3543 2570 3611 Spiritus
2604 3552 2681 3596 est
2709 3544 3019 3611 productor,
3053 3540 3314 3610 quomodo
3356 3557 3606 3595 consecu-

2032 3636 2190 3688 tiouis
2217 3635 2352 3687 ratio
2384 3651 2477 3687 nos
2517 3650 2621 3686 non
2647 3642 2799 3701 cogat
2825 3648 3059 3687 asserere
3098 3632 3360 3700 Spiritum
3402 3647 3607 3702 quoque

2016 3741 2143 3811 [esse
2163 3722 2298 3778 Filii
2321 3722 2723 3794 productirum?

2669 3809 2972 3865 TEXTUS.

2104 3904 2159 3958 4.
2207 3905 2407 3959 Deinde
2442 3905 2486 3959 si
2517 3902 2691 3957 Filius
2725 3902 2944 3972 quidem
2983 3901 3051 3956 ab
3090 3901 3348 3957 inelfabili
3380 3912 3605 3973 paterna

2036 3995 2389 4065 simplicitate
2426 4010 2533 4049 non
2570 3994 2796 4056 recedit,
2835 3992 3072 4061 Spiritus
3104 4000 3288 4045 autem
3324 3992 3376 4045 in
3429 3992 3610 4061 dupli—
3706 3987 3713 3993 ⁷

2039 4104 2156 4142 cem
2214 4102 2435 4142 causam
2495 4088 2751 4149 refertur,
2789 4093 2843 4140 et
2893 4100 2961 4139 ex
3009 4085 3210 4153 duplici
3257 4088 3610 4154 processione

2039 4179 2328 4244 subsistit,
2388 4177 2669 4249 quomodo
2728 4193 2839 4232 non
2912 4188 3179 4246 sequetur
3248 4177 3611 4246 compositio?

2039 4270 2327 4337 Quomodo
2360 4287 2487 4325 vero
2521 4288 2630 4324 non
2679 4272 2860 4324 minor
2904 4269 3046 4323 Filio
3090 4268 3331 4338 Spiritus
3360 4271 3474 4338 pari
3512 4272 3613 4324 ho-

2041 4380 2176 4418 nore
2210 4362 2470 4433 praeditus
2496 4377 2593 4431 per
2618 4376 2893 4416 summum
2925 4359 3272 4428 sacrilegium
3302 4360 3611 4413 asseretur?

2040 4454 2330 4522 Quomodo
2395 4452 2682 4508 Trinitatis
2738 4451 3063 4521 simplicitas
3129 4450 3194 4521 (ο
3254 4451 3493 4521 linguam
3556 4452 3610 4505 in

2044 4546 2323 4615 impietate
2381 4544 2719 4613 audacem!)
2778 4544 3095 4614 dignitatem
3162 4557 3317 4599 suam
3385 4542 3613 4599 minime

1969 4669 2015 4723 ι)
2043 4638 2407 4693 adulteratam
2435 4636 2730 4692 retinebit?

2597 4727 2891 4783 REFUTA
2904 4729 3046 4786 ΠΟ.

2117 4818 2205 4875 Ill.
2248 4819 2308 4875 Si
2347 4819 2512 4875 Italus
2544 4820 2646 4891 (a),
2695 4820 2823 4874 dum
2859 4821 2993 4875 dicit
3042 4822 3311 4893 Spiritum
3346 4840 3412 4881 ex
3446 4825 3612 4883 l’atte

2113 4981 2200 5054 (a)_
2221 4981 2707 5054 Italorttnrnomen
2734 4982 2961 5039 Photius
3011 4985 3253 5040 nondum
3281 5000 3377 5054 pro
3406 4983 3615 5041 Latinis

2041 5049 2606 5122 vel‘70ccidentalibus
2665 5054 2933 5116 adhibuit,
2964 5056 3109 5122 quod
3150 5049 3325 5109 tamen
3358 5072 3385 5109 a
3419 5057 3617 5108 saeculo

2047 5121 2336 5193 undecimo
2388 5121 2441 5173 iu
2506 5123 2610 5193 hac
2649 5121 3018 5193 controversia
3066 5125 3120 5177 in
3144 5140 3248 5177 usu
3276 5139 3398 5179 esse
3428 5123 3619 5193 coepit!

2046 5188 2184 5242 Tum
2213 5189 2387 5242 Becco
2421 5199 2532 5242 ttun
2564 5190 2683 5258 ejus
2710 5191 3038 5246 adversariis
3063 5194 3328 5248 familiare
3354 5209 3491 5250 era'.
3518 5188 3618 5249 'S.c

2041 5258 2215 5312 Jobus
2272 5262 2574 5312 monachus
2599 5275 2650 5312 tn
2688 5261 2946 5329 Apologia
2983 5276 3145 5329 supra
3200 5265 3252 5315 in
3289 5268 3431 5317 notis
3463 5278 3618 5318 com-

2046 5336 2340 5400 memorata
2391 5344 2488 5400 pro
2539 5330 2774 5400 Josepho
2815 5331 3153 5400 (patriarcha
3201 5331 3342 5400 (vide
3398 5332 3614 5389 Fabric.

2047 5396 2184 5450 Bibl.
2238 5396 2330 5450 Gr.
2363 5406 2401 5452 ι.
2432 5396 2478 5450 Χ
2518 5414 2567 5466 p.
2597 5398 2704 5451 25ι
2747 5396 3010 5468 λιθίνη.)
3046 5396 3242 5468 passim
3277 5400 3435 5455 Italos
3467 5419 3616 5457 com-

2047 5476 2335 5538 memorat,
2400 5483 2539 5537 quos
2563 5470 2693 5522 dicit
2730 5467 3283 5538 Kristum'obliuguae
3314 5473 3617 5525 barbariem

2002 5584 2005 5587 η
2044 5535 2324 5609 Christum
2356 5535 2709 5609 vocanteset
2732 5538 2969 5609 Spiritus
3000 5535 3189 5592 sancti
3217 5551 3395 5593 ortum
3444 5556 3622 5609 prore-

2044 5606 2165 5678 dcin
2215 5608 2459 5663 dicentes
2493 5599 2647 5675 (Codl
2698 5599 2844 5660 Mdu.
2881 5608 3003 5678 687i
3043 5609 3109 5661 55
3134 5624 3161 5660 a
3204 5625 3219 5662 :
3256 5599 3491 5678 Κρ.στδν
3527 5617 3621 5664 τον

2045 5677 2281 5745 Χριστὸν
2328 5680 2417 5730 διὰ
2471 5681 2532 5731 τὸ
2568 5680 2666 5744 τῆς
2725 5679 2907 5749 φωνῆς
2940 5677 3214 5749 βάρϐαρον
3254 5677 3620 5747 ὀνομάζοντας

2046 5750 2140 5799 καὶ
2164 5749 2223 5800 τό
2251 5749 2573 5820 ὲκπορεύειν
2610 5749 2663 5800 δὲ
2699 5748 3025 5819 προτζεόιν.)
