4042 6414
425 365 530 429 7H

1461 355 1676 418 ἸΟᾹΝ.
1717 357 1934 417 YECCI
1973 359 2080 418 CP.
2127 361 2638 444 PATRIOA'RCIL'E
2703 423 2708 428 .

3595 367 3706 430 748

426 497 490 536 ex
524 475 734 548 Spiritu
777 473 1032 536 alterum,
1067 484 1126 524 ex
1165 478 1254 524 tua
1287 483 1504 538 quoque
1538 469 1806 522 sententia
1843 467 2015 522 Filius

2127 487 2290 538 ματος
2323 471 2531 542 ἕτερον,
2567 472 2651 541 εἴη
2689 471 2754 524 ἂν
2787 470 2924 524 κατὰ
2957 470 3016 524 σὲ
3050 471 3144 525 καὶ
3173 471 3200 524 6
3232 473 3355 537 Υἱὸς
3393 473 3452 526 τὸ
3483 475 3703 547 ἀξίωμα

425 567 782 640 degenerabit
840 582 869 619 a
930 563 1195 634 dignitate
1241 561 1834 615 consubstantialitatis
1880 577 2004 614 cum

427 662 608 724 Patre,
643 659 746 714 nisi
777 664 831 713 et
861 658 997 725 ipse,
1028 652 1492 724 quemadmodum
1531 651 1710 720 Pater,
1747 653 1818 706 sit
1849 668 2008 722 gene-

423 770 577 808 rans.
625 751 822 806 Verum
859 747 1020 803 sicuti
1068 743 1190 798 Filii
1231 744 1454 814 quidem
1501 744 1743 798 essentia
1779 759 1892 797 non
1924 751 2010 798 est

424 844 766 917 generativa,
813 840 1176 894 nihilominus
1234 845 1416 892 autem
1470 835 1640 893 Filius
1672 853 1700 891 a
1749 835 2010 907 dignitate

424 934 1016 994 consubstantialitatis
1051 948 1175 986 cum
1220 930 1380 986 Patre
1420 946 1532 984 non
1564 931 1893 1000 degenerat:
1934 931 2009 984 ita

421 1039 476 1084 et
521 1005 760 1099 Spiritus
796 1027 962 1081 alium
1005 1027 1226 1096 quidem
1271 1041 1380 1078 non
1429 1023 1712 1095 producit,
1756 1033 1814 1076 ut
1852 1022 2012 1077 Pater

423 1133 476 1177 et
511 1121 704 1186 Filius,
735 1119 1056 1190 dignitatem
1089 1129 1268 1172 tamen
1296 1114 1884 1172 consubstantialitatis
1909 1116 2010 1169 ml-

423 1216 571 1270 ninie
603 1214 805 1268 amittit
839 1214 922 1266 vel
963 1211 1237 1265 adulterat
1273 1210 1375 1279 (α).

1061 1301 1364 1358 TEXTUS.

492 1421 547 1475 9.
589 1418 704 1474 Hoc
743 1419 871 1472 item
908 1416 1194 1471 considera
1222 1432 1236 1470 :
1269 1415 1325 1470 Si
1359 1415 1594 1485 Spiritus
1629 1430 1656 1466 a
1687 1412 1848 1467 Patre
1881 1426 2010 1480 pro-

420 1512 624 1570 cedens
665 1510 827 1564 etiam
872 1523 901 1562 a
951 1506 1090 1561 Filio
1142 1509 1421 1577 procedit,
1471 1522 1723 1576 quaenam
1774 1504 2013 1559 obstabit

424 1604 564 1660 ratio
601 1619 670 1656 ne
715 1601 1029 1655 necessario
1058 1602 1112 1670 (ο
1143 1608 1378 1653 mentem
1413 1613 1556 1652 mera
1584 1597 1792 1652 ebriam
1824 1595 2015 1666 impie-

422 1696 590 1762 tate!)
628 1694 881 1751 concidat
914 1691 1358 1748 constantissima
1394 1691 1718 1746 idiomatum
1756 1689 2007 1756 ﬁrmitas,

2112 561 2388 630 φαυλίζων
2419 563 2516 632 τῆς
2547 561 2680 634 πρὸς
2712 562 2802 616 τὸν
2833 563 3051 634 Πατέρα
3071 564 3346 634 ὀμοφυοῦς
3369 565 3702 634 ούσιώσεως,

2113 655 2210 708 ὲάν
2263 655 2336 725 μὴ
2388 657 2529 708 κατά
2560 656 2651 708 τὸν
2703 656 2919 726 Πατέρα
2974 660 3141 728 γεννᾷ
3193 658 3287 712 καὶ
3337 659 3546 724 αὐτός·
3588 663 3710 716 ἀλλ’

2111 743 2300 815 ὥσπερ
2329 746 2428 798 οὒκ
2457 744 2571 798 έστι
2602 747 2700 816 μὲν
2727 747 3022 818 γεννητική
3045 749 3076 819 ἡ
3098 747 3188 801 τοῦ
3213 749 3343 803 Υίοῦ
3369 751 3546 818 οὐσία,
3579 753 3704 807 ἐστι

2109 835 2156 888 δ’
2188 834 2336 904 ὅμως
2365 837 2392 888 6
2429 835 2557 900 Υίδς
2586 837 2648 889 τὸ
2678 837 2896 908 ἀξίωμα
2916 841 3014 910 τῆς
3043 838 3179 910 πρὸς
3210 839 3301 892 τὸν
3331 841 3553 912 Πατέρα
3578 843 3712 914 ὁμο-

2115 930 2283 1000 φυοῦς
2318 932 2627 996 ούσιώσεως
2659 934 2721 986 οὐ
2755 933 3054 1002 φαυλίζων,
3080 932 3224 988 οὕτω
3270 935 3366 988 καὶ
3393 936 3455 988 τὸ
3485 938 3714 1008 Πνεῦμα

2113 1025 2173 1076 ού
2208 1025 2441 1094 προάγει
2479 1025 2577 1095 μὲν
2610 1025 2798 1097 ἕτερον
2824 1027 2896 1088 ὡς
2923 1028 2952 1080 6
2985 1026 3175 1098 Πατὴρ
3203 1027 3298 1081 καὶ
3331 1029 3358 1082 ό
3391 1029 3540 1096 Υίδς,
3570 1031 3631 1086 τὸ
3655 1018 3719 1086 δὲ’

2113 1115 2331 1186 ἀξίωμα
2358 1117 2506 1187 ὅμως
2545 1119 2643 1188 τῆς
2671 1118 2944 1190 ὀμοφυοῦς
2986 1118 3300 1183 οὖσιὼσεως
3337 1119 3396 1173 οὐ
3429 1123 3704 1190 φαυλίζει.

2718 1307 3108 1362 ΚΕΙΜΕΝΟΝ.

2183 1416 2254 1473 θ’.
2294 1418 2436 1490 Ὀρα
2472 1418 2527 1472 δὲ
2572 1419 2868 1473 κάντεῦθεν
2891 1437 2906 1453 ο
2949 1421 3008 1474 Ei
3040 1420 3132 1473 τοῦ
3171 1421 3382 1492 Πατρός
3418 1421 3715 1494 ἐκπορευό-

2119 1530 2282 1581 μενον
2333 1513 2393 1564 τὺ
2430 1511 2654 1582 Πνεῦμα
2706 1513 2802 1566 καὶ
2849 1511 2942 1566 τοῦ
2999 1512 3130 1567 Υίοῦ
3188 1513 3571 1585 ἐκπορεύεται,
3626 1514 3712 1579 τίς

2117 1605 2492 1658 ἀντιπεσεῖται
2548 1603 2704 1672 λόγος
2752 1603 2826 1674 μὴ
2876 1606 3209 1658 καταπεσεῖν
3253 1605 3312 1672 ἐξ
3362 1605 3606 1675 ἀνάγκης
3641 1604 3711 1677 [ῶ

2115 1696 2313 1766 φρενὸς
2361 1696 2598 1766 ἄκρατον
2634 1694 2942 1766 μεθυούσης
2991 1695 3090 1766 τὴν
3138 1695 3464 1770 ἀσέόειανί]
3507 1699 3566 1749 1:6
3597 1699 3709 1752 τῶν

423 1800 478 1846 et
521 1787 678 1843 Pater
727 1787 1020 1856 (propitius
1075 1784 1145 1838 sit
1200 1783 1361 1838 nobis
1411 1792 1465 1837 et
1514 1783 1911 1854 blasphemiam
1956 1781 2009 1837 in

2127 1790 2428 1858 ἰδιωμάτων
2463 1787 2856 1857 ἀμετάπτωτον
2888 1787 2982 1840 καὶ
3009 1788 3036 1840 6
3070 1788 3259 1858 Πατὴρ
3286 1787 3474 1860 [ἵλεως
3503 1788 3546 1842 δ’
3579 1791 3712 1858 ἡμῖν

421 1898 612 1938 eorum
649 1879 827 1950 capita
875 1886 1160 1932 convertat
1191 1875 1294 1948 [αι.
1325 1877 1377 1930 in
1411 1876 1854 1930 adversariorum
1919 1889 1981 1929 ca

421 1971 558 2044 pila]
587 1986 820 2042 quorum
859 1983 1023 2024 causa
1063 1969 1177 2022 haec
1235 1967 1540 2036 loquimur)
1611 1967 1817 2020 nudum
1853 1965 2016 2020 relin-

429 2075 635 2137 quatur
662 2079 864 2119 nomen
881 2063 905 2116 ?
921 2061 1202 2115 communi
1222 2059 1432 2116 scilicet
1448 2057 1594 2114 facto
1621 2058 1878 2113 idiomate
1897 2059 2012 2123 illo,

422 2178 534 2232 quo
557 2163 672 2231 ipse
704 2157 1054 2223 discernitur,
1081 2165 1246 2224 atque
1279 2154 1332 2208 in
1363 2169 1526 2208 uuam
1557 2169 1843 2223 personam
1878 2167 2015 2208 cou-

425 2255 616 2309 tracris
661 2263 714 2306 et
759 2249 1009 2306 confusis
1049 2245 1529 2316 (eoalcsccntilms)
1564 2245 1781 2301 duabus
1813 2245 2014 2299 divinis

427 2345 846 2418 hypostasibus;
878 2343 1068 2409 sicque
1099 2356 1318 2394 rursum
1351 2348 1592 2406 emerget
1630 2339 1788 2393 nobis
1821 2337 2014 2393 Sabel-

425 2441 572 2504 lius,
643 2438 754 2492 imo
815 2443 1120 2489 monstrum
1188 2433 1408 2503 aliquod
1478 2431 2011 2486 semisahcllianunt.

425 2534 513 2588 it).
557 2530 740 2601 Neque
783 2544 912 2582 vero
960 2527 1274 2596 generatio,
1311 2541 1432 2595 qua:
1481 2539 1629 2577 nunc
1670 2525 1722 2578 in
1758 2521 1895 2579 Filio
1928 2524 2013 2577 in-

424 2625 690 2695 telligitur
721 2631 775 2674 ct
806 2620 860 2672 in
895 2616 1298 2686 subterfugium
1337 2614 1696 2670 absurditatis
1727 2614 2012 2683 obiicitur,

418 2717 686 2773 ieuiorem
719 2713 991 2766 ullatenus
1023 2708 1556 2774 tolerabiliorcmque
1578 2705 1654 2774 (ὁ)
1677 2703 2012 2772 impidtatem

423 2809 585 2862 istam
616 2802 831 2866 eﬂicict,
858 2817 978 2868 quae
1011 2801 1062 2853 in
1099 2807 1383 2869 paternam
1421 2797 1669 2864 exsurgit
1704 2796 2012 2864 proprieta—

379 2889 391 2899 ’
424 2912 568 2961 lem,
618 2912 741 2966 quae
794 2893 1005 2949 scilicet
1050 2891 1274 2945 denotat
1321 2887 1694 2958 processionis
1749 2901 2012 2948 causam;

2124 1883 2208 1951 εἴη
2239 1881 2334 1935 καὶ⁸
2358 1881 2418 1932 τὸ
2447 1879 2766 1949 βλάσφημον
2793 1880 2871 1941 είς
2895 1877 2991 1942 τὰς
3018 1878 3125 1931 τῶν
3151 1879 3339 1932 αἰτίων
3363 1879 3442 1950 (Ι)
3461 1880 3716 1949 τρέποιτο

2127 1952 2370 2042 κεφαλάς
2399 1971 2439 2044 ί]
2466 1969 2620 2040 ψιλὸν
2660 1971 2727 2024 ἂν
2759 1971 2846 2040 εῐη
2877 1971 3326 2041 περιλειπόμενον
3359 1972 3558 2042 ὄνομα,
3603 1989 3712 2026 κοι-

2124 2064 2508 2136 νοποιηθέντος
2535 2065 2636 2136 ἤδη
2670 2063 2764 2134 τρῦ
2804 2062 3304 2136 χαρακτηρίξοντος
3351 2065 3517 2119 αὑτὸν
3570 2064 3713 2120 ίδιὼ-

2127 2177 2317 2230 ματος,
2355 2160 2450 2212 καὶ
2501 2160 2581 2222 εἰς
2615 2157 2673 2211 ἓν
2722 2157 3016 2230 πρόσωπον
3042 2157 3153 2210 τῶν
3184 2157 3278 2211 δύο
3325 2158 3719 2229 συναλειφομέο

2123 2271 2229 2307 νων
2250 2253 2558 2324 θεαρχικῶν
2582 2251 2936 2306 ὑποστάσεων
2963 2269 2977 2282 ·
3005 2253 3100 2305 καὶ
3124 2253 3529 2324 ἀναϐλαστήσει
3550 2254 3718 2309 πάλιν

2125 2347 2255 2416 ἡμῖν
2272 2350 2298 2400 6
2313 2346 2604 2410 Σαὸέλλιος
2618 2346 2718 2418 (2.),
2743 2346 2944 2416 μᾶλλον
2969 2347 3027 2400 δέ
3049 2364 3100 2400 τι
3127 2347 3290 2419 τέρας
3308 2330 3496 2420 ἕτερον
3515 2350 3719 2420 ήμισα-

2123 2437 2384 2491 ϐέλλειον.
2423 2444 2478 2492 ι’.
2510 2437 2670 2491 Ὀὐδὲ
2701 2438 2809 2507 γὰρ
2833 2438 2942 2492 οὐδ’
2978 2439 3012 2509 ἡ
3049 2439 3196 2493 κατά
3219 2439 3311 2492 τὸν
3346 2440 3473 2494 Υίδν
3505 2442 3718 2496 ὲννοου·

2127 2528 2266 2598 μένη
2285 2529 2400 2582 νυνὶ
2413 2529 2506 2581 καὶ
2529 2529 2922 2600 προτεινομένη
2942 2529 3078 2600 πρὸς
3097 2512 3388 2602 ἀποφυγὴν
3403 2531 3497 2586 τοῦ
3516 2534 3721 2603 ἀτοπή-

2127 2639 2295 2692 ματος
2317 2622 2568 2692 γέννησις
2593 2619 2858 2692 ούμενουν
2881 2621 3032 2675 οὐδὲν
3057 2624 3414 2693 ἀνεκτότερον
3437 2624 3499 2678 τὸ
3521 2625 3717 2696 δύσφη-

2128 2729 2228 2781 μον
2285 2713 2658 2782 ἀπεργάσοιτο
2708 2711 2800 2765 τοῦ
2857 2713 3128 2784 πατρικοῦ
3185 2715 3511 2785 ἰδιώματος,
3577 2719 3721 2788 λέγω

2123 2801 2187 2872 δὴ
2215 2801 2310 2855 τοῦ
2342 2802 2627 2872 δηλοῦντος
2651 2801 2711 2854 τὸ
2735 2805 2834 2872 τῆς
2866 2803 3249 2872 ὲκπορεύσεως
3289 2808 3462 2860 αττιον
3485 2824 3499 2838 ·
3527 2808 3719 2862 τούτου

2123 2893 2187 2966 δὴ
2209 2897 2402 2948 τούτου
2435 2895 2578 2949 κατά
2609 2894 2738 2957 τοὺς
2765 2895 2872 2947 τῶν
2901 2894 3178 2950 δυσσεϐῶν
3204 2896 3408 2968 μύθους
3436 2899 3517 2962 είς
3545 2900 3609 2952 τδ
3629 2899 3720 2954 τοῦ

423 3006 552 3046 cum
587 2990 702 3044 haec
731 2989 850 3057 ipsa
885 2981 1191 3040 secundum
1226 2979 1523 3048 impiorum
1570 2975 1786 3029 fabulas
1809 2974 1862 3027 in
1891 2971 2013 3028 Filii

425 3082 754 3139 retundatur
802 3087 855 3132 et
895 3074 1324 3131 commisceatur
1367 3071 1782 3139 proprietatem.
1833 3065 2018 3121 Sectio

2126 2983 2258 3059 Υίοῦ
2289 2985 2657 3056 ἀναχεομένου
2689 3001 2747 3038 τε
2779 2985 2876 3038 καὶ
2906 2984 3329 3056 συνθλιϐομένου
3371 2987 3592 3059 ίδίωμαο
3627 3007 3724 3042 κα-

2125 3078 2337 3148 τατομὴ
2373 3079 2482 3148 γάρ
2520 3077 2683 3131 πάλιν
2728 3077 2823 3130 καὶ
2851 3077 3120 3148 διαίρεσις
3159 3078 3255 3132 καὶ
3296 3079 3392 3134 τοῦ
3423 3081 3721 3153 ἀμερίστου

425 3177 571 3232 cnim
619 3186 813 3228 rursus
857 3177 910 3223 et
953 3165 1178 3238 partitio
1223 3173 1391 3233 atque
1435 3161 1656 3216 iudivisi
1703 3161 1920 3215 divisio.
1959 3159 2015 3213 Si

2131 3170 2396 3242 μερισμός
2422 3185 2435 3199 ⁸
2461 3172 2510 3224 εἰ
2546 3170 2655 3243 γὰρ
2684 3171 2744 3222 τὸ
2787 3169 2887 3239 μὲν
2937 3169 3103 3224 αὐτοῦ
3147 3171 3259 3225 τῶν
3305 3173 3612 3243 ἰδιωμάτων
3640 3173 3722 3228 δί·

425 3268 570 3322 enim
615 3277 786 3319 unum
840 3261 1164 3314 idiomatum
1231 3246 1462 3310 suoruni
1505 3255 1598 3309 dat
1637 3253 1796 3308 Pater
1853 3260 1909 3310 et
1949 3251 2016 3306 de

2127 3261 2284 3316 δωσιν
2311 3265 2338 3317 6
2363 3263 2574 3332 Πατὴρ,
2612 3265 2706 3316 καὶ
2739 3266 2841 3333 τῆς
2875 3263 2998 3316 κατ’
3045 3263 3178 3316 αὐτὸ
3208 3263 3727 3338 χαρακτηριζούσης

429 3359 785 3430 proprietate,
848 3369 955 3423 qua
1013 3352 1129 3421 ipse
1178 3364 1274 3418 per
1315 3347 1448 3402 illud
1505 3346 1884 3417 distinguitur,
1934 3359 2016 3399 re-

2127 3353 2284 3408 αὑτὸν
2331 3354 2615 3422 ἐξίσταται
2650 3355 2934 3424 ἰδιότητος,
2981 3353 3075 3408 τοῦ
3103 3354 3159 3408 δὲ
3204 3357 3470 3425 συντηρεῖ
3495 3356 3556 3408 τὺ
3584 3357 3731 3426 ἀκή-

370 3447 376 3452 ’
428 3453 608 3514 cedit,
653 3447 800 3502 aliud
834 3459 965 3500 vero
995 3442 1320 3498 inviolatum
1358 3449 1561 3505 servat,
1594 3439 1872 3509 quomodo
1907 3453 2016 3493 non

2127 3462 2312 3517 ρατον,
2348 3447 2462 3510 πῶς
2491 3445 2611 3516 οὐχὶ
2641 3444 2700 3498 1:6
2727 3445 2824 3514 μὲν
2848 3443 3017 3498 αὑτοῦ
3042 3445 3309 3498 δώσουσιν
3334 3446 3726 3518 ὲνθεωρεῖσθαι

428 3539 755 3603 concedent,
794 3545 1006 3608 partem
1041 3534 1262 3604 quidem
1303 3533 1474 3602 ipsius
1510 3534 1562 3586 in
1590 3533 1853 3586 idiomate
1886 3545 2016 3585 con-

2127 3538 2199 3608 τῷ
2235 3535 2510 3608 ἰδιώματι,
2545 3536 2606 3589 τὸ
2633 3536 2687 3590 δὲ
2719 3535 3148 3607 συνδιαιρεῑσθαι
3178 3539 3243 3608 τῇ
3277 3537 3602 3609 καινοτομίᾳ
3631 3537 3726 3590 τοῦ

429 3631 698 3696 sidcrari,
745 3639 954 3700 partem
985 3641 1116 3682 vero
1152 3641 1260 3680 una
1305 3641 1431 3680 cum
1469 3625 1748 3680 idiomatis
1793 3626 2016 3678 innOVa-

2127 3629 2452 3700 ίδιώματος;
2499 3627 2662 3682 Ἀλλά
2691 3620 2801 3699 γὰρ
2831 3629 3078 3698 φρίττειν
3113 3627 3285 3694 ἐστιν,
3315 3629 3396 3683 ὅτι
3432 3631 3526 3682 καὶ
3559 3633 3724 3698 μέχρι

429 3726 576 3782 tione
597 3724 802 3778 dividi?
824 3721 1022 3775 Verum
1053 3720 1248 3774 horror
1270 3716 1437 3784 subit,
1470 3719 1617 3789 quod
1656 3727 1709 3770 et
1731 3717 2016 3785 hucusque

2127 3720 2328 3776 τούτων
2354 3723 2454 3792 τὴν
2490 3721 2842 3793 βλασφημίαν
2872 3719 3053 3774 αὐτῶν
3102 3724 3444 3791 προαγαγεῖν
3487 3722 3727 3791 ὑπηνέγ⁸

429 3817 648 3874 illorum
699 3814 1093 3884 blasphemiam
1149 3811 1206 3864 in
1257 3812 1498 3864 medium
1553 3806 1800 3880 proferre
1853 3810 2020 3863 susti~

429 3912 676 3967 nuimus.

999 3997 1196 4053 ΚΕΗ]
1208 3997 1445 4052 ΤΑΤΙΟ.

503 4117 594 4172 IX.
636 4115 744 4172 Sed
777 4129 886 4171 non
909 4124 993 4170 est
1015 4113 1214 4168 idioma
1239 4121 1526 4183 paternum
1557 4110 1796 4180 Spiritus
1818 4125 1882 4164 ex
1903 4109 2020 4176 ipso

430 4210 766 4282 progressio,
801 4223 926 4264 cum
963 4207 1017 4260 in
1051 4221 1112 4260 ea
1133 4204 1509 4261 communicet
1536 4215 1584 4258 et
1619 4202 1790 4258 Filius
1819 4218 2020 4257 secun-

431 4307 561 4361 dum
589 4303 664 4370 id,
692 4301 835 4374 quod
865 4316 963 4372 per
993 4300 1170 4370 ipsum
1205 4296 1443 4368 Spiritus
1467 4313 1531 4350 cx
1563 4295 1725 4350 Patre
1754 4295 2019 4366 procedit;

431 4405 596 4468 atque
642 4405 932 4468 propterea
972 4391 1296 4460 neutiquam
1337 4391 1650 4444 necessario
1691 4405 1753 4444 ex
1800 4402 2023 4458 proces-

433 4492 588 4545 sione
621 4489 690 4544 ah
734 4497 966 4555 utroque
1009 4484 1393 4553 consequitur,
1429 4483 1719 4536 concidere
1761 4494 2022 4535 constan-

431 4592 540 4638 tem
577 4581 1019 4650 invariatamque
1054 4579 1375 4632 idiomatum
1410 4576 1748 4639 ﬁrmitatem,
1783 4573 2025 4628 Patrem-

432 4691 542 4748 que
579 4676 788 4728 nudum
821 4672 1062 4746 relinqui
1100 4687 1324 4734 nomen,
1355 4679 1521 4740 atque
1557 4671 1612 4724 in
1645 4685 1809 4724 unam
1839 4683 2026 4738 perso-

436 4784 563 4822 nam
589 4766 841 4821 contrahi
863 4775 918 4819 et
940 4765 1254 4821 coalescere
1278 4765 1416 4819 duas
1437 4762 1654 4817 divinas
1679 4762 2023 4831 hypostases;

435 4874 615 4932 neque
665 4848 998 4927 reliquarum
1047 4857 1454 4914 absurditatum
1503 4853 1650 4920 ulla,
1709 4867 1848 4923 quas
1901 4852 2029 4908 inde

438 4953 597 5023 sequi
648 4951 936 5007 asseruisti
993 4950 1090 5021 (ο).
1148 4949 1266 5005 Non
1323 4962 1448 5003 esse
1501 4956 1682 5002 autem
1742 4955 2026 5016 paternum

438 5047 680 5112 idioma,
731 5043 876 5116 quod
911 5060 975 5099 ex
1026 5058 1086 5098 se
1130 5039 1294 5096 Pater
1335 5038 1598 5111 Spiritum
1637 5041 1938 5110 producat,
1975 5038 2028 5093 id

439 5141 678 5211 theOIOgi
735 5138 924 5193 Patres
969 5133 1147 5190 nostri
1203 5132 1572 5204 persuadeant
1624 5142 1677 5187 et
1737 5132 2029 5187 Ostendam

440 5232 574 5297 tibi,
611 5233 704 5302 qui
747 5230 1032 5301 perspicue
1062 5235 1115 5281 et
1154 5228 1272 5280 sine
1306 5225 1643 5281 obscuritate
1676 5227 1789 5280 ulla
1827 5225 2024 5294 praedi-

438 5333 589 5390 cant,
625 5323 874 5380 omnium
911 5320 1245 5375 naturalium
1282 5317 1465 5374 Patris
1501 5321 1772 5384 bonorum
1806 5319 2030 5389 partici-

513 5503 590 5573 (a)
650 5502 785 5556 Vide
838 5501 1340 5573 animadversiones
1393 5501 1445 5554 in
1496 5497 1674 5554 Photii
1725 5499 1925 5552 librum
1963 5498 2030 5552 de

439 5571 586 5643 Spir.
616 5574 701 5642 S.,
721 5581 824 5644 art.
851 5571 939 5632 IV.
974 5571 1000 5644 ς
1027 5572 1060 5626 5
1089 5587 1207 5642 seq.

386 5691 416 5703 ρ.
482 5639 584 5712 ’(ὺ)
608 5639 774 5700 Catii.
802 5644 961 5698 aliter
979 5639 1382 5713 'interpungens
1412 5643 1574 5696 vertit
1593 5659 1648 5706 εγ(
1674 5639 2030 5713 Tolerabilio-

439 5730 552 5767 rem
579 5715 974 5772 hlasuhemiam
993 5715 1176 5777 eﬂieit,
1205 5712 1371 5782 quum
1398 5726 1620 5781 paterna
1651 5712 2026 5782 proprietas...

440 5785 556 5837 haec
590 5786 728 5853 ipsa,
762 5787 1007 5855 inquam,
1045 5781 1271 5854 paterna
1306 5781 1728 5854 proprietas.....
1770 5781 2031 5838 refunda-

438 5861 544 5919 lur,
585 5873 603 5904 ι
642 5867 744 5908 etc.

2123 3832 2318 3886 καμεν.

2693 4004 2797 4056 AN
2803 4004 3084 4059 ΤΙΡΡΗΣΙ
3087 4007 3132 4058 Σ
3137 4044 3153 4060 .

2191 4115 2273 4169 8'.
2294 4115 2548 4169 Ἀλλ⁹οὑκ
2572 4115 2688 4170 ἔστι
2717 4117 2982 4187 πατρικὸν
3008 4119 3203 4188 ίδίωμα
3227 4120 3257 4190 ἡ
3283 4119 3378 4174 τοῦ
3405 4121 3720 4193 Πνεῦματος

2129 4205 2354 4274 πρόοδος
2387 4206 2443 4274 ἐξ
2476 4207 2665 4271 αὑτοῦ,
2695 4208 3080 4272 κοινωνοῦντος
3109 4208 3200 4262 τοῦ
3234 4210 3364 4264 Υίοῦ
3396 4214 3537 4267 κατά
3565 4214 3625 4267 τὸ
3650 4212 3717 4266 δι’

2127 4298 2292 4352 αὐτοῦ
2325 4299 2383 4352 τὸ
2417 4299 2640 4370 Πνεῦμα
2672 4301 2737 4353 ἑκ
2784 4299 2882 4353 τοῦ
2919 4302 3130 4372 Πατρὸς
3172 4304 3599 4374 ἐκπορεύεσθαι,
3628 4307 3720 4359 καὶ

2125 4391 2215 4446 διὰ
2241 4389 2528 4449 τοῦτοούκ
2581 4391 2642 4455 ἐξ
2695 4391 2942 4465 ἀνάγκης
2994 4393 3281 4447 ἀκολουθεῖ
3312 4398 3376 4466 τῇ
3428 4397 3489 4460 ἐξ
3519 4397 3720 4466 ἀμφοῖν

2131 4483 2461 4555 ἐκπορεύσει
2490 4483 2584 4537 τοῦ
2617 4484 2937 4555 Πνεύματος
2965 4486 3024 4538 τὸ
3050 4485 3158 4542 τῶν
3207 4488 3518 4559 ἰδιωμάτων
3560 4505 3710 4543 κατα-

2130 4579 2319 4630 πεσεῖν
2347 4578 2772 4648 ἀμετάπτωτον,
2809 4579 2906 4631 καὶ
2933 4579 3025 4632 τὸν
3059 4580 3279 4650 Πατέρα
3302 4581 3456 4649 ψιλὸν
3486 4584 3694 4654 περιλεί

2130 4671 2330 4724 πεσθαι
2351 4671 2525 4740 ὄνομα
2553 4671 2651 4723 καὶ
2672 4673 2753 4734 είς
2781 4671 2839 4722 ἓν
2871 4672 3166 4740 πρόσωπον
3185 4673 3286 4736 τὰς
3305 4673 3401 4726 δύο
3423 4676 3721 4745 θεαρχικά.’

2131 4761 2554 4830 συναλείφεσθαι
2581 4763 2933 4829 ὑποστάσεις,
2979 4763 3102 4818 οὔτε
3135 4764 3246 4818 τῶν
3283 4764 3460 4820 ἄλλων
3504 4767 3714 4820 ἀτόπω.

2128 4853 2308 4919 οὐδὲν,
2359 4854 2462 4908 ὅσα
2509 4854 2745 4908 ἕπεσθαι
2781 4855 3014 4928 εἴρηκας
3059 4855 3156 4910 καὶ
3189 4857 3270 4910 ὅτι
3325 4859 3403 4928 μὴ
3458 4857 3719 4931 πατρικδ·.

2135 4947 2332 5017 ίδίωμά
2379 4948 2494 4999 ἐστι
2537 4947 2600 5000 τὸ
2659 4947 2924 5019 προάγειν
2955 4949 3015 5014 ἐξ
3073 4948 3240 5004 αὑτοῦ
3273 4949 3364 5003 τὸν
3405 4951 3627 5021 Πατέρμ
3665 4969 3704 5004 τ-

2131 5036 2378 5108 Πνεῦμα,
2403 5040 2453 5091 ot
2482 5037 2731 5106 θεολόγοι·
2769 5040 3118 5095 πεισάτωσάν
3152 5056 3212 5092 σε
3257 5041 3498 5112 Πατέρες
3543 5041 3718 5113 ἡμῶν.

2131 5135 2178 5186 oi
2209 5133 2420 5204 τρανῶς
2450 5131 2546 5185 καὶ
2585 5133 3037 5195 ἀνεπισκιάστως
3095 5133 3472 5201 θεολογοῦντες
3509 5137 3720 5189 πάντωι.

2130 5226 2240 5280 τῶν
2267 5225 2515 5296 φυσικῶν
2547 5224 2771 5294 ἀγαθῶν
2800 5223 2894 5278 τοῦ
2933 5225 3146 5296 Πατρὸς
3177 5225 3438 5280 κοινωνὸν
3472 5225 3566 5280 τὸν
3596 5227 3724 5280 Υίὸει

2132 5315 2276 5373 εἶναι
2305 5317 2438 5373 ἀνευ
2470 5316 2567 5370 τοῦ
2602 5318 2823 5390 Πατέρα
2846 5313 2987 5372 εἶναι
3020 5318 3184 5373 αὐτόν
3207 5334 3222 5349 ·
3252 5320 3300 5374 ιι
3345 5321 3446 5390 μὲν
3469 5321 3578 5392 γὰρ
3613 5319 3722 5374 lla—

2207 5499 3016 5586 (ε).χίιξοηΑιιίιηοανονείοιιθε
3047 5503 3243 5560 citatas
3275 5503 3390 5558 Art.
3434 5503 3530 5568 Ill,
3554 5502 3702 5578 55-7

2133 5570 2534 5643 Art.'lV,§58.

2177 5644 2286 5715 γυ)
2338 5644 2444 5697 Pro
2485 5645 2594 5695 τῶν
2629 5642 2820 5696 αἰτίων
2885 5641 3055 5698 Laur.
3113 5645 3277 5699 habet

2133 5714 2286 5854 mg}
2341 5781 2619 5838 Catiforus
2650 5800 2714 5838 ex
2741 5784 2862 5840 Vat.
2901 5783 3085 5853 legens
3117 5787 3252 5856 ἡμῖν
3296 5787 3530 5843 Σασέλλ.
3563 5789 3722 5847 vertit

2143 5873 2161 5906 ι
2206 5855 2508 5910 Monstrum
2535 5857 2753 5925 aliquod
2787 5858 2904 5925 ipso
2935 5855 3179 5912 Sabellio
3205 5859 3476 5918 deterius.
3510 5879 3530 5913 ι

3336 5663 3349 5698 :
3398 5646 3508 5700 τῶν
3567 5649 3725 5701 ἔναν-
