4042 6458
338 410 445 476 749

1113 406 1550 472 REFUTATIO
1586 404 1959 469 PHOTIANI
2001 404 2215 469 LIBRI
2259 403 2359 467 DE
2397 405 2712 469 SPlRITU
2754 408 2814 469 S.

3499 415 3604 479 750

337 529 447 600 τὴρ
491 525 590 582 τοῦ
638 523 960 595 Πνεῦματος
993 525 1020 577 6
1053 521 1264 594 Πατὴρ,
1314 520 1782 594 προσδιοριζὼθω
1825 521 1920 574 τοῦ

2042 537 2147 577 1cm
2177 521 2500 590 sociumque
2533 536 2656 575 es-e
2684 519 2905 583 Filium,
2941 531 3170 592 excepto
3201 538 3288 588 eo,
3322 526 3466 594 quod
3494 543 3602 582 non

337 615 468 671 Υἱοῦ
510 617 543 687 ἡ
579 617 643 668 ἐκ
687 615 899 684 Πατρδς
944 612 1040 666 τοῦ
1085 613 1403 682 Πνεύματος
1451 609 1761 680 ἕκπεμψις·
1791 609 1925 663 εἰδὲ

336 706 636 779 προϐολεύς
671 708 790 759 ἐστι
819 707 961 759 κατὰ
998 704 1090 758 τοῦ
1149 703 1473 774 Πνεύματος
1521 705 1694 758 αῐτιον
1742 702 1770 754 ό
1816 702 1926 754 Ila-

333 783 457 870 τὴρ,
508 800 592 862 τίς
636 799 667 851 6
694 797 850 863 λόγος
891 795 1370 869 προσδιορίζεσθαι
1416 794 1512 847 τοῦ
1569 791 1782 864 Πατρὸς
1836 791 1926 845 τὸν

335 895 487 955 Υἰδν,
517 891 586 945 δι’
607 883 668 944 οὗ
709 889 1004 958 προϐολεῦς
1050 888 1211 952 αὐτὸς
1254 888 1586 951 θεολογεϊται
1628 885 1723 938 τοῦ
1754 881 1926 937 Πνεύο

336 1001 507 1053 ματος
530 1001 544 1046 ;
572 981 686 1051 Τῆς
716 979 848 1047 γοῦν
873 979 1102 1050 προόδου
1136 977 1230 1031 τοῦ
1255 977 1572 1048 Πνεύματος
1611 975 1687 1046 μὴ
1708 975 1790 1038 εἰς
1819 989 1930 1026 πα-

332 1074 526 1145 τρικὸν
555 1073 755 1143 ἰδίωμα
798 1072 948 1142 παρά
976 1088 1082 1124 τινι
1113 1071 1220 1123 τῶν
1252 1070 1512 1139 Πατέρων
1557 1068 1716 1136 ἡμῶν
1743 1066 1924 1121 θεολο⁸

334 1167 621 1236 γηθείσης,
673 1165 849 1234 μάτην
903 1164 987 1216 σοὶ
1032 1163 1090 1216 αἰ
1145 1162 1456 1230 κατατομαί
1506 1162 1603 1214 καὶ
1631 1159 1924 1228 διαιρέσεις

335 1261 430 1312 καί
459 1259 509 1309 οἰ
534 1257 627 1309 τοῦ
663 1254 964 1326 ἀμερίστου
1010 1253 1340 1308 πλάττονται
1389 1253 1668 1323 μερισμοὶ,
1696 1248 1788 1303 τοῦ
1826 1249 1924 1318 μὲν

335 1351 445 1403 τῶν
479 1350 787 1416 ἰδιωμάτων
831 1346 1149 1411 ἐξίστασθαι
1177 1347 1387 1416 λέγοντι
1433 1346 1524 1399 τὸν
1556 1344 1800 1411 Πατέρα,
1828 1341 1922 1393 τοῦ

333 1442 390 1494 δὲ
426 1443 712 1512 συντηρεῖν
742 1441 804 1494 τὸ
834 1443 1108 1511 ἀκήρατον
1126 1458 1140 1473 ο
1165 1441 1261 1493 καὶ
1288 1440 1530 1510 φρίττειν
1559 1438 1724 1498 ὅντως
1752 1435 1920 1498 ἐστιν,

332 1536 417 1589 ὅτι
449 1537 541 1587 ἐπὶ
571 1533 824 1588 τοσοῦτον
848 1533 947 1604 τὴν
979 1534 1247 1603 διαίρεσιν
1280 1531 1616 1594 ὲσπούδασας
1651 1530 1758 1582 τῶν
1804 1529 1926 1580 Ἐκ-

335 1627 598 1698 κλησιῶν.

927 1812 1318 1870 ΚΕΙΜΕΝΟΝ.

407 1953 462 1987 ια
482 1978 497 1992 .
528 1934 712 2006 Χωρίς
747 1933 805 1987 δὲ
856 1933 966 1986 τῶν
994 1931 1326 2003 εἰρημένων,
1358 1930 1406 1981 εἰ
1453 1926 1547 1981 δύο
1576 1927 1731 1980 αἴτια
1768 1926 1825 1976 ἐν
1855 1926 1922 1994 τῇ

333 2028 602 2099 θεαρχικῇ
649 2028 746 2080 καί
777 2025 1090 2096 ὑπερουσίῳ
1125 2021 1319 2091 Τριάδι
1363 2019 1688 2089 καθορᾶται,
1724 2016 1826 2068 ποῦ
1863 2015 1925 2068 τὸ

330 2125 432 2191 τῆς
463 2121 766 2201 μοναρχίας
809 2117 1190 2188 πολυύμνητον
1218 2116 1312 2169 καὶ
1337 2113 1641 2185 θεοπρεπὲς
1688 2109 1926 2201 κράτοςς

334 2217 459 2279 Πῶς
479 2215 604 2285 οὐχὶ
621 2200 798 2282 τὸτῆς
824 2209 1118 2272 πολυθεϊας
1145 2207 1306 2262 ἀθεον
1331 2203 1428 2262 νῦν
1451 2203 1800 2273 ἰπικωμάσει
1820 2200 1922 2272 (1);

334 2309 460 2373 Πῶς
497 2306 540 2360 δ’
575 2306 677 2360 οὐκ
714 2305 771 2357 ὲν
799 2305 1150 2374 προσχήματι
1206 2295 1642 2368 Χριστιανισμοῦ
1687 2297 1724 2367 ἡ
1757 2295 1923 2349 δεισι-

332 2398 587 2470 δαιμονία
629 2396 728 2467 τῆς
770 2393 1094 2464 Ἑλληνικῆς
1145 2391 1356 2460 πλάνης
1384 2390 1498 2452 τοῖς
1525 2387 1698 2440 ταῦτα
1747 2384 1928 2454 λέγειν

334 2493 607 2564 τολμῶσιν
640 2491 701 2545 οὐ
732 2488 1110 2544 συνεισελάσει
1137 2484 1252 2557 (‘2);

895 2600 998 2656 AN
1002 2600 1217 2655 TIPPH
1223 2597 1294 2653 ΣΙ
1297 2598 1340 2655 Σ
1345 2634 1362 2652 .

408 2721 468 2778 ι’.
497 2721 610 2776 Οὐκ
641 2715 938 2784 οἶδα,ποῖοί
970 2734 1029 2770 σε
1058 2715 1392 2771 διαλεκτικοί
1417 2713 1640 2776 κανόνες
1659 2708 1929 2778 ἐδίδαξαν,

334 2815 635 2885 λαμϐάνειν
669 2814 808 2882 ὅπερ
831 2814 858 2864 6
889 2807 1418 2881 προσδιαλεγόμενος
1443 2805 1505 2860 οὐ
1554 2804 1806 2859 συνέθετο
1831 2803 1932 2856 καὶ

338 2909 732 2980 συμπεραίνειν
753 2895 971 2959 ἐκεῖθεν
998 2904 1068 2957 τὰ
1101 2905 1184 2968 εἰς
1216 2902 1316 2973 τὴν
1365 2900 1576 2954 ἐκείνου
1610 2898 1770 2968 δῆθεν
1799 2898 1932 2953 ἀνα-

335 3003 569 3072 τροπὴν.
609 2998 720 3052 Ποῦ
772 2998 882 3068 γὰρ
915 2998 1010 3051 καὶ
1053 2993 1286 3065 εὕρηταί
1322 3009 1407 3045 σοι
1455 2988 1628 3060 λέγων
1661 2992 1690 3042 6
1729 2988 1932 3049 Ἰταλὸς

336 3095 513 3166 ἀρχὰς
548 3093 642 3145 δύο
682 3092 773 3144 ἐπὶ
807 3093 908 3161 τῆς
942 3088 1217 3160 μακαρίας
1244 3086 1288 3138 Τ
1295 3084 1507 3155 ριὰδοςς
1537 3083 1610 3136 Ἦ
1632 3081 1805 3148 δεῖξον
1835 3080 1934 3134 αὐ-

333 3189 427 3241 τὸν
457 3187 631 3256 ἀρχὰς
669 3184 920 3250 λέγοντα,
945 3182 1043 3234 καὶ
1067 3182 1132 3234 σὺ
1167 3177 1552 3248 διαγνωσθὴσῃ
1575 3175 1756 3238 καλῶς
1783 3191 1931 3242 συμ-

2026 616 2099 670 sit
2129 616 2244 684 ipse
2275 614 2435 669 Pater
2456 615 2564 685 (a):
2591 614 2635 668 si
2668 613 2812 668 enim
2842 612 3002 670 Pater
3033 624 3117 671 est
3149 615 3313 672 Pater
3343 617 3605 688 Spiritus,

2027 714 2346 761 secernatur
2394 719 2423 759 a
2475 703 2616 760 Filio
2663 703 2903 774 Spiritus
2951 723 3015 762 ex
3057 708 3218 764 Patre
3267 711 3522 778 emissio;
3562 715 3610 769 si

2025 815 2157 855 vero
2197 799 2413 869 spirans
2442 798 2784 868 (productor)
2817 809 2902 854 est
2934 799 3096 855 Pater
3139 803 3318 870 quoad
3359 811 3442 859 est
3483 803 3610 876 Spi-

2026 891 2169 945 ritus
2213 889 2583 958 principium,
2640 904 2890 958 quaenam
2944 891 3086 944 ratio
3122 891 3317 959 jubet,
3369 908 3396 945 a
3448 893 3610 949 Patre

2027 983 2225 1038 Filium
2259 982 2492 1044 secluzli,
2527 997 2626 1052 per
2658 998 2818 1052 quem
2857 982 2974 1052 ipse
3013 984 3231 1052 Spirans
3263 983 3608 1055 (productor)

2028 1075 2352 1146 praedicatur
2371 1072 2643 1144 Spiritus?
2674 1076 2808 1130 Cum
2842 1076 3028 1146 itaque
3056 1074 3295 1144 Spiritus
3325 1077 3607 1146 processio

2025 1185 2054 1224 a
2088 1169 2307 1223 nemine
2329 1167 2551 1222 Patrum
2579 1177 2892 1223 nostrorum
2913 1177 3170 1237 tanquam
3198 1168 3380 1226 Patris
3401 1169 3605 1226 idioma

2027 1261 2375 1333 praedicetur,
2404 1259 2608 1316 frustra
2647 1261 2861 1314 tibimet
2887 1258 3221 1330 eilinguntur
3251 1248 3524 1318 sectiones
3555 1273 3612 1318 et
3697 1254 3704 1260 ’

2027 1353 2350 1420 partitiones
2402 1361 2566 1422 atque
2617 1351 2838 1408 indivisi
2889 1353 3224 1419 divisiones,
3277 1354 3406 1409 dum
3441 1355 3603 1420 dicis,

2025 1445 2094 1500 ab
2129 1461 2239 1500 uno
2271 1445 2492 1515 quidem
2543 1445 2864 1500 idiomatum
2908 1446 3164 1501 recedere
3194 1445 3434 1512 Patrem,
3477 1449 3612 1504 alte-

2025 1539 2140 1593 rius
2166 1553 2291 1592 vero
2321 1539 2614 1608 puritatem
2642 1539 3125 1609 integritatemque
3159 1548 3401 1598 servare.
3435 1543 3611 1612 Atque

2027 1645 2218 1685 revera
2266 1632 2462 1685 horror
2512 1631 2682 1694 subit.
2739 1633 2887 1702 quod
2938 1649 3184 1705 eousque
3238 1634 3608 1690 Ecclesiarum

2025 1723 2350 1778 divisionem
2385 1724 2658 1778 adducere
2687 1725 2906 1778 molitus
2936 1743 3018 1780 es.

2663 1812 2969 1872 TEXTUS.

2110 1931 2199 1984 11.
2245 1929 2447 1984 Praeter
2472 1930 2584 1998 jam
2623 1931 2790 1996 dicta,
2821 1934 2864 1986 si
2899 1933 3008 1987 duo
3043 1935 3312 2004 principia
3344 1934 3396 1990 in
3433 1937 3613 1991 divina

2037 2031 2090 2077 et
2112 2022 2624 2092 supersubstantiali
2641 2021 2909 2080 Trinitate
2930 2028 3369 2096 conspiciuntur,
3393 2031 3614 2084 ubinam

2037 2115 2143 2172 erit
2174 2115 2333 2170 toties
2359 2115 2710 2170 decantatum
2747 2131 2810 2173 ac
2842 2116 2950 2172 Deo
2979 2117 3363 2190 dignissimum
3402 2137 3620 2176 monar-

2039 2207 2182 2262 chim
2225 2205 2439 2262 robur?
2483 2208 2774 2274 Quomodo
2814 2225 2922 2264 non
2955 2210 3184 2282 impium
3224 2213 3422 2284 irrepet
3467 2216 3621 2286 poly-

2040 2298 2260 2354 tbeismi
2295 2298 2515 2370 dogma,
2555 2309 2717 2371 atque
2755 2303 2894 2360 adeo
2939 2305 3282 2362 atlieismus?
3323 2307 3615 2375 Quomodo

2038 2405 2149 2445 non
2189 2392 2295 2446 sub
2333 2391 2517 2461 specie
2552 2393 2960 2452 Christianismi
3000 2399 3319 2468 superstitio
3354 2405 3626 2472 gentilita-

2038 2482 2110 2538 tis
2150 2482 2220 2538 ab
2251 2483 2338 2538 his
2367 2483 2461 2554 qui
2505 2485 2621 2541 haec
2647 2486 2853 2542 audent
2881 2504 3131 2546 asserere
3153 2529 3169 2556 ,
3204 2492 3627 2552 introducetur?

2530 2594 2540 2600 ’
2611 2600 2902 2658 REFUTA
2915 2603 3062 2662 T10.

2113 2712 2183 2770 Χ.
2224 2713 2422 2771 Nescio
2464 2716 2689 2786 quinam
2732 2717 3007 2776 dialectici
3047 2736 3290 2780 canones
3331 2733 3386 2781 te
3421 2725 3629 2782 docue-

2045 2807 2179 2876 rint,
2219 2808 2368 2879 quod
2404 2817 2584 2864 tecum
2620 2811 2908 2880 disputans
2946 2813 3094 2868 haud
3131 2819 3434 2886 concessit,
3470 2834 3628 2875 assu—

2046 2915 2196 2955 mere
2227 2909 2282 2955 et
2313 2901 2444 2955 inde
2475 2901 2804 2960 concludere
2832 2920 2955 2974 quae
2984 2907 3052 2961 ad
3085 2907 3237 2963 illum
3270 2910 3622 2968 refutandum
3663 2902 3678 2915 ’

2045 3003 2291 3064 spectare
2321 2993 2630 3050 videantur.
2657 2994 2760 3052 Ubi
2791 2999 2937 3053 enim
2967 3001 3207 3069 gentium
3235 3002 3487 3060 invenisti
3521 3007 3628 3060 Ita-

2043 3085 2154 3141 lum
2187 3087 2297 3143 duo
2341 3088 2394 3141 in
2433 3089 2590 3143 beata
2631 3088 2898 3146 Trinitate
2947 3093 3213 3164 principia
3245 3109 3578 3154 asserentem
3604 3101 3630 3153 ?

2045 3179 2157 3234 Aut
2194 3180 2505 3236 demonstra
2536 3182 2718 3251 ipsum
2761 3186 2870 3240 duo
2917 3185 3190 3243 allirmare
3232 3191 3536 3260 principia,
3573 3204 3647 3247 ρι-

337 3279 633 3346 περαίνων,
666 3273 1014 3346 ἀναιρεῖσθαι
1045 3273 1106 3326 τὸ
1133 3271 1236 3341 τῆς
1263 3269 1566 3342 μοναρχίας
1602 3265 1931 3337 πολυύμνη-

2042 3281 2176 3329 tunc
2208 3282 2361 3330 recte
2403 3275 2745 3332 concludens
2784 3279 3121 3348 agnosceris,
3166 3282 3283 3337 tolli
3328 3285 3491 3340 toties
3530 3285 3626 3339 de-

336 3388 453 3436 τον,
478 3373 528 3424 εί
552 3371 688 3441 πρὸς
709 3367 804 3422 δύο
825 3367 1002 3438 ἀρχὰς
1031 3365 1093 3420 τὸ
1119 3362 1347 3435 Πνεῦμα
1375 3365 1662 3431 ἀνάγεται,
1694 3360 1727 3432 ἢ
1773 3358 1931 3413 τοῦτο

2042 3374 2320 3420 cantatum
2369 3368 2703 3423 monarchiae
2745 3371 2936 3436 robur,
2990 3372 3036 3426 si
3087 3372 3155 3426 ad
3202 3375 3312 3430 duo
3361 3376 3628 3447 principia

345 3464 422 3535 μὴ
451 3462 666 3525 δεικνὺς
700 3460 887 3530 σαφῶς
935 3458 1281 3525 ἀποδέδειξαι
1312 3456 1450 3526 πρὸς
1494 3455 1716 3526 ἔχθραν,
1751 3453 1846 3507 καὶ
1873 3453 1931 3506 οὗ

2042 3456 2282 3528 Spiritus
2325 3459 2622 3527 referatur,
2676 3474 2789 3528 aut,
2838 3463 2884 3519 si
2935 3463 3040 3520 hoc
3083 3472 3196 3522 non
3250 3467 3628 3533 demonstras,

341 3557 480 3628 πρὸς
509 3555 772 3624 ἀλήθειαν
815 3547 1264 3621 συλλογιζόμενος
1308 3548 1346 3603 ἃ.
1375 3547 1553 3619 βούλει
1589 3547 1684 3599 καί
1724 3560 1938 3614 συμπε-

344 3649 570 3720 ραίνων,
599 3646 675 3709 ὡς
706 3644 885 3716 βούλει
909 3643 1075 3705 αὐτός
1102 3641 1204 3713 (5).

945 3920 1336 3978 KElMENON.

421 4044 509 4114 ιβ’.
546 4041 712 4096 Πάλιν
743 4041 790 4093 εἰ
842 4038 936 4092 δύο
980 4038 1130 4092 αίτια
1177 4037 1274 4108 τῆς
1321 4035 1660 4106 μοναρχικῆς
1705 4033 1937 4106 Τριάδος

345 4137 754 4207 ὲπανσϐἐὸηκε,
787 4133 904 4197 πῶς
929 4132 1054 4204 οὐχὶ
1079 4131 1174 4185 καὶ
1198 4131 1260 4184 τὸ
1287 4130 1469 4200 τρίτον
1491 4129 1588 4198 τῆς
1615 4129 1784 4200 αὐτῆς
1810 4143 1937 4180 συν-

337 4230 612 4299 ανακύψει
665 4227 892 4298 γνώμης
937 4223 1369 4296 προερχόμενον;
1412 4223 1601 4287 Ἀπαξ
1652 4222 1762 4294 γὰρ
1827 4221 1931 4290 τῆς

343 4324 586 4393 ἀνάρχου
619 4322 713 4374 καὶ
761 4318 1101 4390 ὑπεραρχίου
1153 4315 1330 4386 ἀρχῆς
1365 4315 1466 4384 τῆς
1512 4314 1722 4378 οἰκείας
1766 4315 1932 4386 gap“;

343 4418 461 4479 τοῖς
493 4412 777 4467 δυσσεὸἑσι
813 4407 1250 4481 περιτραπείσης
1284 4405 1379 4459 καὶ
1401 4405 1483 4468 εἰς
1511 4405 1680 4459 δυάδα
1707 4403 1936 4476 διατμη-

339 4510 552 4579 θείσης,
578 4502 967 4573 νεανικώτερον
1002 4503 1096 4554 καὶ
1126 4499 1263 4570 πρὸς
1296 4499 1398 4569 τὴν
1437 4498 1648 4569 Τριάδα
1680 4499 1714 4568 ἠ
1748 4516 1924 4552 κατα-

2038 3553 2188 3606 clare
2239 3552 2493 3622 probaris
2541 3554 2608 3608 ad
2666 3553 3016 3610 inimicitiam
3063 3560 3462 3626 exercendam,
3521 3578 3628 3617 non

2041 3656 2176 3696 vero
2214 3641 2281 3696 ad
2321 3641 2606 3698 veritatem
2642 3643 3080 3714 patefaciendam
3114 3649 3465 3720 syllogismos
3499 3668 3631 3707 can-

2041 3743 2231 3788 texens
2277 3736 2550 3802 quoslibet
2595 3745 2651 3792 et
2697 3739 3082 3793 "conclusiones
3133 3755 3232 3809 pro
3292 3743 3493 3812 placito
3533 3755 3628 3799 tuo

2041 3825 2362 3879 elTormans.

2673 3917 2980 3976 TEXTUS.

2117 4028 2206 4084 12.
2262 4030 2501 4087 Rursum
2557 4033 2603 4087 si
2665 4033 2773 4090 duo
2830 4035 3103 4108 principia
3163 4037 3218 4093 in
3280 4041 3631 4097 monarcbica

2039 4122 2308 4177 Trinitate
2343 4123 2736 4192 admittantur,
2767 4129 3046 4197 quomodo
3080 4145 3187 4185 non
3213 4131 3377 4186 etiam
3410 4135 3627 4189 tertium

2038 4229 2105 4269 ex
2138 4214 2329 4269 eadem
2363 4215 2639 4271 sententia
2663 4217 2925 4286 prodiens
2952 4219 3247 4276 emicabit?
3278 4221 3458 4279 Semel
3483 4227 3628 4280 enim

2039 4305 2310 4378 principio
2351 4322 2572 4363 summo
2616 4320 2673 4365 et
2720 4309 3124 4380 independente
3154 4315 3222 4370 de
3260 4330 3361 4371 sua
3394 4317 3525 4372 sede
3561 4321 3630 4372 ah

2040 4398 2224 4467 impiis
2267 4399 2559 4455 exturbato
2601 4410 2656 4458 et
2699 4401 2754 4456 in
2808 4402 3084 4458 binarium
3127 4404 3363 4476 deiecto,
3397 4406 3627 4464 faciliori

2039 4504 2178 4544 ausu
2206 4491 2372 4544 etiam
2405 4493 2474 4545 ad
2504 4491 2808 4546 ternarium
2844 4492 3016 4548 sectio
3048 4494 3302 4564 principii
3341 4501 3623 4566 procedet,

340 4597 485 4666 τομὴ
516 4598 614 4664 τῆς
643 4595 818 4665 ἀρχῆς
844 4590 1255 4660 προελεύσεται,
1289 4590 1410 4642 ἐπεὶ
1435 4589 1537 4642 κάν
1557 4591 1624 4659 τῇ
1654 4589 1930 4659 ὑπερφυεῖ

2051 4580 2494 4652 quandoquidem
2530 4590 2582 4636 et
2618 4582 2672 4636 in
2707 4585 3116 4652 supernaturali
3151 4589 3315 4657 atqu‘e
3347 4589 3627 4644 individua

345 4689 445 4743 καὶ
474 4688 672 4757 ἀμερεῖ
713 4687 807 4738 καὶ
841 4683 1020 4761 ἐνιαία
1051 4681 1151 4749 τῆς
1193 4679 1448 4751 θεότητος
1482 4681 1644 4750 φύσει
1682 4681 1742 4733 τὸ
1792 4695 1946 4750 τρια-

343 4781 496 4834 δικίρν
530 4777 791 4848 μᾶλλονῆ
827 4775 887 4827 τὸ
931 4773 1181 4827 δυαδικδν
1213 4773 1570 4840 ἀναφαίνεται
1596 4771 1696 4844 (4),
1731 4767 1820 4826 οἷα
1876 4771 1939 4844 δὴ

352 4874 451 4926 καὶ
473 4874 583 4932 τοῖς
616 4868 903 4940 ἰδιώμασιν
940 4865 1339 4938 ἁρμοζόμενον.
1379 4862 1466 4934 ιγ’.
1495 4863 1644 4936 Ἀρα
1673 4867 1943 4937 Χριστια-

348 4967 456 5019 νῶν
507 4965 694 5026 ἀκοαῖς
723 4960 894 5013 ταῦτα
943 4960 1144 5014 ἀνεκτὰ
1177 4959 1286 5029 (5);
1338 4953 1591 5030 Ἆρ’σὺκ
1635 4958 1803 5028 ὀργὴν
1854 4958 1949 5012 καὶ

346 5057 576 5128 θρῆνον,
604 5056 672 5109 τὰ
719 5055 829 5107 τῶν
865 5052 1058 5114 παθῶν
1105 5052 1182 5115 ὡς
1239 5049 1445 5104 ἐπίπαν
1483 5049 1853 5112 ἁσυνδύαστα,
1895 5051 1945 5102 οἰ

345 5147 628 5205 δυσσεϐεἰν
655 5146 736 5218 (6)
770 5143 1168 5217 θρασυνθὲντες
1212 5143 1292 5206 εἰς
1321 5140 1379 5196 ἓν
1411 5142 1499 5196 ἐπ’
1523 5138 1705 5194 αὐτῶν
1752 5139 1941 5194 συνελο-

419 5326 497 5399 (l)
527 5327 719 5392 Laur.,
753 5322 1182 5399 tnttcxw‘pﬁsst.

527 5390 716 5464 Laur.,
757 5399 817 5450 οὐ
855 5390 1140 5467 συνελάσει
1182 5390 1486 5467 υιᾉΜρηαο.

417 5462 496 5539 (5)
538 5462 709 5524 Laur;
740 5469 860 5539 cod.
896 5469 936 5539 ί.
970 5463 1071 5517 178
1099 5481 1129 5517 a
1173 5462 1380 5539 ε-αὐτῴ.

417 5529 496 5612 (4)
559 5541 652 5594 Sic
712 5536 911 5608 reliqui
972 5549 1163 5589 omnes
1186 5529 1374 5599 Laurl,
1426 5529 1464 5587 ί.
1507 5529 1642 5586 1786
1683 5550 1696 5586 :
1734 5529 1937 5600 ἀναφέ-

382 5628 526 5665 εται.

349 5629 613 5752 “(Siste
641 5676 807 5752 Laur.
845 5675 964 5752 Rei.
989 5675 1198 5752 ιάνειετᾲ
1227 5672 1420 5730 ταῦτα.

424 5746 502 5822 (δ’)
532 5750 704 5822 Μαίη),
730 5748 874 5822 Moti.
895 5765 906 5798 :
930 5746 1231 5822 δυσσεϐεῖς.

424 5811 501 5893 (a)
527 5822 666 5874 Hinc
685 5819 798 5893 jam
830 5819 1170 5893 intelligitur.
1203 5815 1502 5893 producere
1528 5813 1789 5893 Spiritum
1824 5830 1934 5869 non

346 5883 794 5964 esse'proprium
836 5883 1032 5942 Patris
1061 5883 1416 5940 discretivum
1471 5886 1618 5955 (vide
1659 5883 1932 5955 Pepanum

2053 4673 2428 4745 singularique
2452 4673 2675 4729 deitatis
2705 4684 2903 4730 natura
2928 4678 3228 4732 ternarium
3253 4681 3439 4748 potius
3463 4697 3626 4752 quam

2051 4765 2326 4820 binarium
2358 4767 2577 4830 emicat,
2609 4777 2668 4820 ut
2699 4777 2823 4832 pote
2849 4769 2994 4837 quod
3025 4779 3080 4824 et
3109 4770 3462 4828 idiomatibus
3493 4788 3631 4828 con-

2051 4859 2198 4930 gruit
2245 4867 2300 4913 et
2325 4858 2634 4928 adaptatur.
2679 4859 2766 4915 15.
2788 4858 2926 4915 Num
2972 4876 3104 4932 ergo
3144 4863 3259 4919 haec
3301 4863 3633 4922 Christianis

2051 4957 2180 5004 sunt
2229 4949 2458 5004 auribus
2523 4949 3070 5007 tolerandaiNonne
3123 4955 3259 5009 iram
3312 4963 3367 5011 et
3420 4955 3633 5019 ﬂetum,

2050 5041 2280 5097 aﬂ‘ectus
2308 5051 2368 5097 ut
2398 5042 2698 5111 plurimum
2747 5043 3104 5100 insociabiles
3124 5085 3140 5112 ,
3172 5047 3464 5117 impiorum
3498 5049 3635 5104 isto-

2050 5148 2172 5187 rum
2209 5133 2490 5188 temeritas
2523 5134 2677 5189 coire
2721 5149 2890 5204 super
2931 5135 3079 5206 ipsos
3110 5138 3296 5209 cogit?
3327 5139 3465 5194 Iram
3507 5141 3635 5210 qui-

2049 5328 2140 5382 op.
2173 5313 2268 5367 cit.
2301 5312 2344 5378 l,
2372 5328 2426 5383 p.
2464 5312 2612 5385 578;.
2646 5315 2910 5372 Prwterea
2942 5332 3067 5372 cum
3099 5329 3359 5386 generare
3415 5317 3633 5370 Patrem

2051 5386 2392 5455 constituat,
2456 5387 2580 5440 dua:
2617 5388 2770 5442 'vero
2849 5385 3220 5442 constitutivae
3272 5385 3637 5455 proprietates

2049 5454 2170 5524 ejus
2221 5469 2343 5510 esse
2401 5466 2698 5523 nequeant,
2759 5472 2952 5512 rursus
2993 5456 3224 5512 eilicitur
3265 5454 3479 5510 Patrem
3522 5460 3639 5514 .no‘n

2051 5524 2329 5599 exclusive
2409 5529 2768 5599 spirationiem
2846 5527 3051 5599 habere
3139 5527 3417 5599 propriam
3497 5527 3643 5599 (vide

2049 5593 2453 5652 Bessarionem'
2480 5597 2622 5666 apud
2670 5598 2945 5666 Pepanum
2983 5598 3044 5668 Α.
3081 5593 3157 5660 c.;
3191 5593 3640 5668 p.'469)iet'nou

2049 5677 2323 5734 quatenus
2369 5676 2455 5722 est
2485 5668 2667 5732 Pater,
2719 5669 2956 5737 spirare.
2978 5666 3638 5736 Textus'porro'Patrum

2088 5737 2367 5809 robantes,
2392 5748 2616 5809 excepta
2647 5739 2972 5809 paternitate
3009 5739 3198 5809 omnia
3224 5737 3407 5793 Patris
3441 5738 3641 5809 habere

2067 5805 2246 5933 Tilisuirg
2271 5851 2286 5876 ,
2317 5805 2546 5933 adriucit'
2565 5805 2768 5864 Beccus
2804 5805 2994 5878 Epigr.
3029 5806 3095 5862 Χ.
3137 5808 3255 5880 (Gr.
3297 5809 3446 5865 ortb.
3485 5819 3526 5864 t.
3573 5807 3640 5873 ΙΙ,

2067 5891 2102 5930 ).
2274 5895 2388 5933 seu.

2051 5891 2102 5946 p.
2136 5883 2239 5933 615
2274 5883 2416 5950 seq.)
