4042 6400
472 337 574 404 751
678 360 743 381 ~-

1508 345 1719 406 JOAN.
1764 346 1975 407 VECtZi
2019 350 2124 413 (ΣΡ.
2166 353 2679 419 PATRIARCHIE

3629 366 3739 429 753

472 466 623 527 dem.
649 461 796 532 quod
829 470 1033 517 tantam
1069 462 1444 532 arrogantiam
1492 464 1901 534 amentiamque
1931 481 2033 521 con

2166 470 2279 525 θεῖν
2312 475 2656 539 ἐκϐιάζονται
2687 477 2799 548 (Ι);
2834 478 3003 550 ὀργὴν
3042 479 3159 550 μὲν,
3184 477 3267 543 οἷς
3295 480 3567 553 τοσαύτην
3602 483 3737 536 ἁπό-

474 554 755 624 ceperint;
788 553 973 607 ﬂetum
1002 566 1151 616 vero,
1182 551 1326 621 quod
1362 551 1413 605 in
1448 551 1746 622 perniciem
1783 552 2055 624 irrepara-

477 646 641 701 bilem
679 645 988 713 praecipites
1017 652 1273 711 agantur.
1310 642 1491 699 Pietas
1521 643 1694 707 enim,
1726 647 1890 700 etiam
1923 647 2051 701 dum

475 739 757 803 irascitur,
782 736 1017 808 proximi
1047 736 1134 791 sui
1160 736 1701 793 commiserationem
1735 754 1843 793 non
1863 740 2054 808 abiicit

474 833 607 903 (non
638 828 904 900 deponit).

1033 921 1483 979 REFUTATIO.

542 1018 635 1073 Xl.
706 1016 761 1073 Si
816 1018 1034 1089 quidem
1091 1034 1160 1074 ex
1211 1017 1557 1075 confessione
1610 1020 2046 1076 adversariorum

468 1113 630 1169 istam
684 1112 1117 1182 propositionem
1165 1111 1327 1165 talem
1373 1127 1682 1180 supponere
1722 1113 2046 1180 permissum

396 1218 405 1221 “
468 1214 575 1269 est,
601 1205 643 1257 si
664 1202 770 1257 duo
801 1203 1064 1272 principia
1108 1218 1164 1255 ιη
1197 1202 1535 1255 manare/rica
1568 1200 1828 1257 Trinitale
1856 1203 2050 1257 admit-

468 1307 680 1363 tuntur,
721 1295 905 1350 licebit
938 1295 1034 1349 tibi
1089 1303 1145 1349 ct
1184 1294 1322 1349 alias
1351 1290 1705 1349 dillicultates'
1748 1295 2046 1365 propositis

466 1391 633 1444 etiam
682 1388 898 1459 pejores
945 1387 1155 1458 agitare
1206 1396 1261 1441 et
1311 1386 1395 1442 his
1432 1387 1612 1441 dubiis
1668 1387 1774 1441 alia
1828 1402 2048 1457 quoque

466 1470 766 1555 adjungere
799 1481 1205 1548 ratiocinando,
1251 1497 1373 1552 qua:
1421 1484 1478 1536 in
1530 1483 1831 1553 iniquiores
1867 1484 2046 1538 adhuc

461 1576 847 1634 conclusiones
908 1574 1211 1644 allatasque
1266 1575 1589 1630 excedentcs
1647 1575 1950 1633 deducant.
1983 1576 2042 1632 Si

461 1676 644 1724 autem
700 1667 843 1720 hanc
891 1665 1318 1735 propositionem
1375 1674 1470 1719 tuo
1522 1673 1697 1721 marte
1739 1676 1794 1721 et
1837 1683 1903 1721 ex
1953 1678 2043 1724 tua

464 1766 647 1812 mente
680 1755 978 1811 desumens
1013 1758 1128 1826 ipse
1163 1755 1364 1812 talibus
1397 1755 1729 1828 syllogismis
1778 1761 2042 1830 supponis

458 1851 645 1905 etnnia
678 1865 798 1919 quae
832 1856 1022 1903 contra
1051 1849 1397 1905 adversarios
1424 1850 1692 1921 contingis
1722 1850 2039 1921 blaspliema

460 1954 722 2012 tanquam
761 1958 825 1995 cx
865 1941 960 1995 illo
995 1941 1268 1995 axiomate
1303 1943 1620 1998 enascentia
1663 1942 1899 2014 indeque
1929 1947 2044 2001 col-

456 2038 696 2108 ligenda,
729 2043 920 2090 contra
957 2043 1110 2089 tuum
1146 2041 1313 2104 caput
1343 2043 1756 2099 convertentur,
1786 2045 1841 2090 et
1874 2052 2038 2106 quam

455 2131 597 2186 dicis
651 2129 985 2197 impietatem
1019 2137 1209 2181 contra
1250 2127 1432 2196 ipsos.
1479 2127 1636 2196 quasi
1682 2129 2040 2198 principium,

454 2223 602 2294 quod
655 2230 737 2277 est
768 2222 978 2288 absque
1021 2219 1290 2290 principio
1330 2229 1384 2273 et
1428 2234 1595 2288 super
1638 2234 1800 2275 omne
1831 2220 2039 2290 princi-

454 2316 643 2386 pium,
675 2328 704 2367 a
741 2313 961 2384 propria
1008 2313 1139 2369 sede
1180 2311 1544 2366 exturbarent
1583 2320 1637 2365 et
1671 2311 1726 2367 in
1759 2312 2034 2367 binarium

454 2409 775 2477 dejicerent,
824 2405 969 2460 unde
1010 2412 1066 2459 et
1110 2401 1366 2474 principii
1401 2402 1704 2457 sectionem
1751 2420 1924 2474 usque
1966 2404 2034 2459 ad

453 2498 741 2555 Trinitatis
790 2498 1091 2554 sectionem
1139 2509 1523 2566 processuram
1564 2494 1839 2560 allirmas,
1890 2510 1955 2552 ea
1985 2504 2038 2552 te

452 2572 671 2647 crimini
702 2592 943 2647 hostium
970 2586 1384 2644 Cbristianismi
1416 2586 1710 2656 subjicitet
1740 2587 2035 2643 all'ectuum

449 2695 513 2741 ut
537 2684 831 2756 plurimum
869 2680 1277 2738 insociabilium
1302 2715 1320 2744 ,
1354 2679 1451 2734 ira:
1480 2679 1737 2734 videlicet
1766 2687 1820 2735 et
1849 2678 2031 2744 ﬂetus,

447 2780 505 2834 in
542 2792 712 2833 unum
750 2789 1104 2846 congressum
1147 2772 1321 2827 multo
1356 2772 1751 2841 congruentius
1799 2770 1945 2826 circa
1989 2781 2040 2827 te

446 2871 566 2927 ﬁeri
613 2868 900 2925 ostendit:
940 2866 1037 2921 irae
1082 2865 1343 2936 quidem,
1376 2864 1523 2934 quod
1558 2858 1636 2918 'eo
1688 2861 1906 2927 furore,
1946 2863 2041 2933 qui

2163 581 2312 617 νοιαν
2373 568 2719 633 ἀνελάϐοντο,
2786 571 2983 641 θρῆνον
3038 571 3115 638 δὲ,
3174 567 3254 635 οἷς
3321 574 3459 643 πρὸς
3517 573 3740 643 ὄλεθρον

2161 658 2468 730 ἀϐοήθητον
2501 663 2936 733 καταφέρονται·
2972 668 3004 735 ἡ
3030 670 3134 739 γὰρ
3158 668 3430 732 εὐσέϐεια,
3457 669 3552 722 καὶ
3573 669 3742 738 ,ὄργι’

2161 746 2385 818 ζομένη,
2410 750 2503 803 τὸν
2533 752 2624 805 τοῦ
2655 755 2931 823 ὁμεφυοῦς
2962 752 3140 812 οἶκτον
3171 758 3270 811 οὐκ
3299 757 3642 812 ἀποτίθεται.

2712 938 3187 1008 ΑΝΤῙΡΡῙΙΣΙΣ,

2228 1028 2332 1081 IA'.
2357 1027 2417 1079 Εί
2440 1027 2537 1097 μὲν
2571 1030 2627 1096 ἐξ
2656 1032 2949 1100 ὁμολογίας
2971 1033 3079 1084 τῶν
3107 1032 3503 1099 ἀντιλεγόντων
3526 1032 3738 1101 ἐφεῖταί

2158 1135 2238 1171 σοι
2275 1120 2375 1188 τὴν
2419 1120 2685 1190 πρότασιν
2709 1122 3065 1176 ὑποτίθεσθαι
3098 1122 3326 1193 ταύτην,
3369 1127 3488 1192 τὴν,
3529 1126 3595 1177 El
3625 1125 3735 1178 δύο

2155 1210 2315 1263 αἴτια
2344 1212 2457 1280 τῆς
2476 1212 2856 1283 μοναρχικῆς
2879 1216 3123 1284 Τριόδος
3149 1218 3583 1281 ἐπαναὸἐϐηκε.
3616 1218 3735 1269 δια-

2162 1306 2353 1374 πορεῖν
2377 1306 2467 1358 m).
2492 1306 2659 1376 χείρω
2684 1307 2794 1359 τῶν
2823 1308 3263 1378 διαπορηθέντων
3293 1308 3509 1371 ἐξέσται
3534 1312 3617 1361 σοὶ
3638 1310 3733 1362 καὶ

2157 1398 2278 1457 ταῖς
2297 1397 2556 1469 ἀπορίαις
2577 1397 2801 1462 ταύταις
2823 1400 2910 1453 ἓτε
2922 1417 2987 1469 ρα
3011 1400 3542 1467 ἑπισυλλογίζεσθαι,
3564 1401 3734 1473 χείρω

2152 1490 2261 1541 τῶν
2296 1491 2397 1560 ἤδη
2441 1491 2713 1562 ῥηθέντων
2758 1493 3105 1563 συναγόμενα
3159 1494 3606 1564 συμπεράσματα
3631 1509 3644 1524 ·
3683 1494 3733 1546 el

2150 1581 2206 1634 δὲ
2258 1582 2356 1653 τὴν
2402 1585 2665 1654 πρότασιν
2711 1583 2915 1652 ταύτην
2965 1583 3177 1636 οἴκοθεν
3218 1583 3511 1653 λαμϐάνων
3568 1582 3733 1644 αὐτὸς

2150 1673 2414 1737 τοιούτοις
2438 1673 2665 1744 ὑποτίθῃ
2696 1672 3098 1744 συλλογισμοῖς,
3126 1673 3288 1728 πάνθ’
3308 1676 3409 1727 ὅσα
3439 1672 3728 1741 βλάσφημα

2152 1765 2297 1818 κατὰ
2350 1766 2462 1817 τῶν
2532 1766 2924 1833 ἀντιλεγόντων
2962 1765 3287 1838 συμπλάττῃ
3336 1764 3410 1827 ὡς
3462 1765 3526 1817 ἐκ
3568 1766 3725 1834 τῆσδε

2076 1831 2116 1886 Β
2143 1856 2241 1924 τῆς
2278 1858 2593 1925 προτάσεως
2651 1831 3006 1925 ἀναφυόμενα
3034 1831 3138 1908 *ἐπὶ
3169 1831 3287 1926 τὴν.-
3324 1857 3425 1926 σὴν
3475 1831 3730 1927 περιτρέο

2148 1965 2342 2000 πονται
2370 1948 2637 2017 κεφαλὴν,
2657 1949 2751 2000 καὶ
2789 1949 2854 2018 ἢν
2884 1948 3066 2015 λέγεις
3103 1948 3421 2002 δυσσέϐειαν
3459 1949 3579 2001 κατ’
3628 1952 3721 2001 αὐ-

2144 2036 2274 2101 τῶν,
2314 2038 2390 2102 ὡς
2442 2042 2540 2108 τὴν
2591 2038 2827 2108 ἄναρχον
2884 2040 2977 2092 καὶ
3024 2039 3357 2111 ὑπεράρχιον
3406 2039 3585 2111 ἀρχὴν
3632 2044 3724 2107 τῆς

2143 2130 2349 2196 οἰκείας
2395 2130 2555 2200 ἕδρας
2600 2129 2741 2202 τάχα
2777 2133 3222 2203 περιτρεπόντων
3274 2132 3372 2186 καὶ
3427 2134 3507 2197 είς
3558 2133 3727 2187 δυάδα

2142 2222 2565 2292 διατεμνόντων,
2597 2224 2790 2277 ὁπόθεν
2822 2223 2916 2279 καὶ
2944 2226 3023 2288 είς
3058 2225 3267 2295 Τριάδα
3296 2225 3396 2295 τὴν
3432 2226 3525 2293 τῆς
3549 2225 3725 2294 ἀρχῆς

2143 2314 2462 2385 κατατομήν
2485 2315 2860 2370 διελεύσεσθαι
2894 2316 3193 2388 ἀποφαίνῃ,
3222 2317 3300 2388 τῷ
3329 2317 3436 2369 τῶν
3465 2318 3729 2387 Χριστια-

2134 2408 2517 2476 νοκατηγόρων
2546 2424 2604 2460 σε
2652 2408 2961 2477 καθυπάγει
2990 2409 3299 2479 ἐγκλήματι
3322 2446 3339 2470 .
3375 2409 3472 2463 καὶ
3512 2408 3615 2480 τὴν
3645 2409 3724 2472 είς

2140 2496 2199 2551 ἓν
2229 2500 2543 2553 συνέλευσιν
2573 2501 2681 2553 τιῖν
2726 2500 3111 2555 ἀσυνδυάστων
3139 2501 3352 2568 παθῶν,
3380 2502 3552 2572 ὀργῆς
3582 2517 3656 2571 φη
3667 2502 3728 2569 μὶ

2141 2594 2239 2646 καὶ
2282 2591 2376 2645 τοῦ
2425 2592 2651 2664 θρήνου,
2684 2593 3090 2666 ἁρμοδιώτερον
3135 2596 3228 2649 ἐπὶ
3278 2594 3372 2648 σοῦ
3430 2595 3722 2666 γινομένην

2141 2682 2408 2737 δεικνύει·
2455 2685 2633 2755 ἀρχῆς
2663 2686 2784 2752 μὲν,
2827 2684 2911 2751 οἷς
2952 2686 3211 2741 τοσοῦτον
3254 2686 3547 2758 θηριωδῶς
3582 2688 3723 2740 κατΞι

2141 2774 2251 2828 τῶν
2283 2775 2529 2844 ἀδελφῶν
2560 2775 2852 2847 ὲξεμάνης,
2890 2777 3090 2850 θρῆνον
3131 2772 3324 2849 δὲηοῖς
3355 2778 3594 2833 τοσαῦτα
3631 2779 3727 2833 εύ-

2144 2867 2321 2923 σεϐὦν
2351 2870 2445 2922 καὶ
2467 2870 2766 2939 ὀρθοδόξων
2795 2871 3122 2941 κατεψεύσω
3160 2870 3395 2943 ἀνδρῶν.

446 2965 690 3019 terarum
723 2962 977 3033 proprius
1004 2971 1114 3025 est,
1151 2969 1338 3013 contra
1375 2958 1570 3012 fratres
1601 2956 1814 3012 insanis
1847 2972 1864 3021 ;
1895 2955 2051 3013 ﬂetus
2091 2974 2243 3028 vero,
2276 2965 2421 3032 quod
2456 2965 2589 3018 talia
2633 2980 2695 3019 ac
2729 2974 2877 3020 tanta
2911 2976 3102 3021 contra
3144 2965 3264 3035 pios
3289 2974 3343 3020 et
3383 2965 3725 3021 orthodoxos

446 3061 598 3116 viros
634 3057 907 3113 mentiris.

1090 3136 1392 3199 TEXTUS.

521 3241 612 3298 H.
642 3239 825 3294 Porro
858 3237 1021 3294 etiam
1052 3250 1151 3305 per
1181 3250 1244 3289 ea
1278 3249 1402 3302 quae
1430 3247 1557 3286 mox
1588 3234 1844 3295 dicentur
1870 3232 2032 3287 facile

444 3348 527 3391 ost
558 3332 879 3400 impietatis
930 3327 1362 3400 magnitudinem
1410 3326 1745 3395 conspicari.
1793 3324 1851 3379 Si
1886 3325 2029 3380 enim

445 3436 566 3495 post
587 3425 978 3489 supremumet
993 3414 1359 3484 independens
1376 3422 1658 3482 paternum
1678 3405 2031 3483 principium,

445 3528 782 3583 causamque
830 3514 1028 3566 iterum
1094 3508 1593 3565 .eousubstantialis
1631 3521 1886 3576 persona:
1925 3506 2027 3574 (π),

445 3606 782 3677 principium
820 3610 877 3658 et
907 3616 1075 3658 causa
1104 3598 1467 3656 constituitur
1518 3597 1718 3660 Filius,
1750 3597 2029 3666 quomodo

445 3699 572 3768 quis
653 3694 872 3765 elfugiet
913 3710 945 3747 a
1013 3691 1231 3747 duobus
1301 3688 1616 3745 asserendis
1661 3689 1715 3741 in
1763 3687 2031 3742 Trinitate

444 3786 731 3863 principiis
752 3825 767 3849 ,
808 3798 1059 3854 .quorum
1090 3782 1329 3837 alterum
1362 3781 1637 3851 principio
1665 3787 1852 3832 careat
1889 3788 1942 3832 et
1970 3777 2025 3831 in

443 3881 547 3934 liae
571 3878 823 3949 principii
846 3876 1091 3932 carentia
1119 3874 1378 3929 l'undctur
1394 3880 1459 3928 et
1482 3871 1766 3937 ﬁrmetur;
1792 3870 2024 3923 alterum

445 3968 992 4041 veroprincipiatum
1027 3965 1193 4022 simul
1224 3974 1279 4019 et
1313 3964 1377 4017 ad
1414 3962 1744 4034 principium
1781 3970 2029 4016 recurrat

442 4070 499 4115 et
557 4074 663 4114 una
719 4073 844 4113 cum
908 4058 1235 4110 relationum
1298 4054 1606 4109 dill'erentia
1656 4051 2030 4124 perducatur?

446 4156 533 4208 15.
569 4152 777 4223 Quodsi
823 4151 982 4205 Pater
1027 4160 1111 4205 est
1155 4164 1320 4206 causa
1392 4163 1752 4219 personarum
1795 4149 1864 4201 ab
1908 4147 2027 4216 ipso

444 4243 859 4312 pioeedentium
914 4256 1026 4309 non
1085 4240 1299 4294 ratione
1353 4248 1602 4303 naturze,
1661 4237 1754 4292 sed
1817 4236 2028 4290 ratione

444 4352 722 4406 persuasa,
758 4335 971 4389 ratione
999 4344 1180 4389 autem
1213 4343 1451 4401 paternae
1481 4345 1732 4402 persona:
1752 4328 2025 4384 contineri

445 4441 498 4485 et
531 4428 735 4484 includi
788 4429 952 4484 etiam
1006 4424 1129 4479 Filii
1172 4438 1472 4496 personam
1526 4437 1690 4477 nemo
1735 4422 2023 4487 hactenus,

445 4524 570 4576 licet
596 4521 876 4581 sublestus
901 4530 954 4574 et
981 4517 1204 4586 impius,
1231 4513 1526 4569 allirmavit
1545 4514 1637 4586 (ne
1666 4514 1780 4582 ipse
1803 4513 2021 4582 quidem
2059 4499 2101 4554 υ

446 4613 740 4677 διιιιυὶιίιις,
783 4611 876 4680 qui
913 4619 1287 4664 monstrosum
1332 4606 1471 4663 Filio
1507 4607 1851 4676 paternitatis
1877 4620 2026 4659 com-

448 4715 693 4760 mentum
749 4701 1138 4773 excogitavit);
1190 4700 1505 4753 nullatenus
1558 4697 1805 4766 profecto
1856 4696 2025 4749 Filius

448 4800 651 4865 [niti-rit
697 4811 861 4850 causa
921 4810 1043 4849 esse
1105 4793 1269 4847 ullius
1331 4792 1384 4844 in
1442 4790 1712 4844 Trinitate
1760 4805 2024 4858 personae.

448 4889 537 4942 lli.
573 4887 757 4957 t‘icquu
791 4903 922 4941 vero
959 4899 1013 4940 et
1040 4886 1141 4941 boc
1176 4883 1638 4954 praetereundum,
1669 4884 1813 4950 quod
1850 4881 2023 4950 ipsam

447 4995 667 5051 quoque
690 4980 873 5033 Patris
899 4993 1189 5048 personam
1215 4977 1269 5030 in
1298 4977 1433 5032 duas
1465 4974 1629 5045 impia
1661 4974 1749 5029 illa
1777 4973 2022 5028 doctrina

444 5071 662 5139 dividit,
697 5072 778 5124 vel
809 5081 955 5125 certe
979 5066 1104 5124 Filii
1131 5083 1423 5138 personam
1460 5068 1513 5121 in
1544 5079 1752 5135 partem
1784 5075 2024 5135 paterna:

452 5154 810 5233 bypost‘aseos
844 5162 1048 5217 assumi
1080 5148 1268 5215 sancit
1307 5175 1371 5213 ac
1408 5160 1621 5214 statuit.
1655 5157 1715 5212 Si
1754 5158 2026 5219 enim,'ut

450 5261 611 5313 modo
640 5257 848 5311 dictum
884 5265 990 5319 eSI,
1031 5269 1135 5311 non
1174 5254 1382 5308 ratione
1417 5264 1645 5317 naturae,
1683 5252 1776 5325 sed
1815 5252 2024 5307 ratione

450 5354 810 5429 bypostaseos
856 5346 1016 5403 Pater
1061 5356 1145 5402 est
1176 5361 1341 5401 causa
1376 5345 1759 5414 prodeuntium
1789 5344 1861 5397 ab
1902 5342 2024 5410 ipso

449 5455 843 5512 personarum;
897 5449 982 5494 est
1032 5453 1161 5492 vero
1211 5444 1267 5489 et
1320 5435 1560 5504 Spiritus
1613 5449 1775 5487 causa
1831 5429 2022 5491 Filius,

446 5533 913 5605 quemadmodum
974 5531 1238 5598 sacrilega
1299 5530 1403 5582 ista
1461 5528 1727 5580 Sententia
1789 5524 2020 5588 clamat;

520 5713 590 5778 (α)
613 5711 775 5765 Catil.
814 5712 938 5776 legit
968 5710 1282 5778 όμοούσιον,
1312 5706 1439 5758 hinc
1466 5704 1625 5757 vertit
1656 5722 1668 5756 ε
1710 5722 1727 5753 ι
1762 5701 2015 5756 Consul»

450 5783 750 5834 stantialetu
777 5795 1023 5836 oausam.
1054 5799 1072 5830 ι

2452 3184 2457 3189 .
2734 3145 2775 3195 Κ
2789 3144 3116 3199 ΕΙΜΕΝΟΝ.

2206 3232 2265 3286 ιδ’
2272 3274 2285 3287 .
2324 3234 2556 3287 Σκοπεῖν
2584 3234 2641 3287 δὲ
2674 3234 2736 3288 τὸ
2760 3236 2858 3306 τῆς
2887 3235 3205 3299 δυσσεϐείας
3240 3236 3468 3306 μέγεθος
3487 3238 3606 3292 οὐδὲ
3630 3239 3727 3293 διὲ

2129 3321 2239 3374 τῶν
2289 3323 2680 3395 ῥηθησομένων
2725 3325 2847 3376 ἐστὶ
2890 3324 3170 3395 δυσχερές.
3202 3325 3266 3379 Et
3309 3328 3420 3397 γὰρ
3452 3326 3593 3395 μετὰ
3620 3327 3730 3398 τὴν

2129 3414 2365 3485 ἄναρχον
2405 3415 2499 3467 καὶ
2541 3414 2812 3487 πατρικὴν
2845 3415 3023 3487 ἀρχὴν
3068 3417 3164 3470 καὶ
3205 3419 3389 3472 αἰτίαν
3430 3418 3728 3490 ὁμοουσιω

2130 3507 2292 3560 πάλιν
2321 3506 2464 3579 ἀρχὴ
2499 3508 2817 3562 καθίσταται
2848 3509 2944 3562 καὶ
2973 3509 3145 3563 αἴτιον
3170 3512 3199 3564 ό
3226 3511 3373 3575 Υἱὸς,
3395 3510 3516 3577 πῶς
3541 3511 3609 3566 ἂν
3630 3530 3724 3575 τις

2128 3597 2383 3666 διαφύγοι
2410 3600 2486 3669 μὴ
2509 3598 2603 3652 δύο
2625 3599 2809 3671 λέγειν
2836 3601 2894 3652 ἐν
2922 3602 2988 3671 τῇ
3014 3598 3205 3671 Τριάδι
3231 3602 3726 3673 παραλλαττούσας

2127 3690 2324 3761 ἀρχὰς,
2361 3690 2460 3761 τὴν
2493 3691 2590 3759 μὲν
2628 3691 2687 3744 τὸ
2731 3692 3226 3762 ἄναρχονἐχουσαν
3258 3697 3350 3748 καὶ
3382 3697 3724 3767 ἐστηριγμέ-

2127 3800 2226 3853 νην
2255 3785 2313 3834 ὲν
2363 3783 2533 3853 αύτῷ,
2567 3783 2668 3853 τὴν
2711 3782 2771 3835 δὲ
2818 3783 3128 3857 ἀρχομένην
3175 3803 3236 3840 τε
3285 3787 3404 3859 ἅμα
3436 3789 3531 3842 καὶ
3577 3790 3725 3859 πρὸς

2129 3874 2302 3946 ἀρχὴν
2332 3875 2734 3945 ἀνατρέχουσαν
2763 3876 2859 3927 καὶ
2905 3878 3474 3949 συμμεταφερομένην
3508 3881 3574 3949 τῇ
3602 3879 3723 3931 τῶν

2129 3967 2367 4036 σχέσεων
2399 3965 2674 4037 διαφορᾷ;
2710 3965 2791 4020 ιε’.
2836 3966 2899 4020 El
2947 3966 2992 4021 δ’
3022 3969 3196 4031 αῐτιος
3224 3970 3252 4022 ό
3296 3970 3487 4039 Πατὴρ
3513 3969 3621 4023 τῶν
3658 3972 3725 4035 ἐξ

2127 4059 2314 4123 αὐτοῦ,
2338 4061 2398 4112 οὐ
2424 4058 2503 4128 τῷ
2533 4059 2674 4127 λόγῳ
2702 4060 2803 4130 τῆς
2833 4060 3073 4129 φύσεως,
3104 4059 3181 4130 τῷ
3209 4060 3265 4113 δὲ
3295 4059 3438 4132 λόγῳ
3461 4062 3556 4132 τῆς
3578 4062 3724 4115 ὑπό-

2131 4153 2397 4219 στάσεως,
2432 4153 2460 4203 ὁ
2501 4151 2558 4203 δὲ
2592 4151 2749 4219 λόγος
2787 4153 2887 4220 τῆς
2923 4151 3193 4223 πατρικῆς
3226 4152 3575 4217 ὑποστάσεως
3624 4156 3726 4206 οὐ-

2127 4243 2240 4297 δενὶ
2286 4243 2452 4313 μέχρι
2487 4241 2577 4297 νῦν
2629 4241 2962 4312 περιορὶξειν
2995 4242 3091 4294 καὶ
3138 4243 3235 4310 τὴν
3279 4241 3375 4296 τοῦ
3403 4241 3533 4296 Υίοῦ
3580 4243 3722 4296 ὐπο-

2130 4351 2319 4388 στασιν
2362 4332 2747 4401 δεδυσσέϐηται
2796 4333 2938 4403 (οὐδὲ
2987 4335 3095 4403 γὰρ
3136 4333 3257 4386 οὐδὲ
3301 4333 3576 4405 Σαϐελλίῳ
3613 4336 3724 4405 τὴν

2129 4424 2496 4495 Υἱοττατορίαν
2512 4439 2739 4494 τερατευ
2749 4423 2967 4494 σαμένῳ
2979 4423 3099 4476 δεδυ
3109 4424 3211 4494 σφή
3221 4423 3433 4494 μηται),
3448 4425 3509 4478 οὔ
3518 4442 3721 4494 μενουν

2130 4516 2230 4569 οὐκ
2264 4514 2329 4567 ἂν
2373 4515 2459 4582 εἴη
2498 4514 2675 4566 οᾷδενὶ
2704 4513 2892 4583 τρόπῳ
2940 4513 3149 4575 οὐδενὸς
3182 4512 3292 4565 τῶν
3320 4515 3379 4567 ὲν
3410 4518 3475 4584 τῇ
3520 4516 3718 4585 Τριᾶὃι

2131 4606 2300 4665 αἴτιος
2332 4607 2357 4657 ὁ
2388 4604 2533 4665 Υἱός,
2566 4600 2663 4667 ις’.
2698 4604 2832 4656 Οὐδὲ
2864 4602 3023 4656 τοῦτο
3065 4604 3122 4657 δὲ
3167 4603 3274 4674 χρὴ
3303 4606 3714 4676 παραδραμεῖν,

2128 4699 2209 4749 ὅτι
2241 4698 2333 4750 καὶ
2366 4698 2533 4764 αὐτὴν
2576 4697 2672 4767 τὴν
2707 4696 3007 4750 ὑπόστασιν
3045 4698 3141 4751 τοῦ
3172 4699 3384 4769 [ἰατρὸς
3427 4702 3508 4763 εἰς
3532 4700 3625 4754 δύο
3658 4705 3719 4754 -ὸ

2126 4788 2446 4855 δυσσέϐημα
2479 4786 2677 4855 διαιρεί
2700 4803 2714 4817 ο
2749 4786 2782 4856 ἢ
2811 4786 3028 4851 πάντως
3060 4804 3121 4855 γε
3151 4787 3212 4840 τὸ
3245 4787 3337 4842 τοῦ
3370 4789 3502 4843 Υίοῦ
3536 4792 3715 4862 πρόσ-

2127 4895 2273 4930 ωπον
2314 4881 2395 4942 είς
2431 4879 2597 4949 μέρος
2642 4879 2967 4949 ἀνειλῆφθαι
3014 4883 3112 4951 τῆς
3146 4881 3418 4952 πατρικῆς
3471 4882 3714 4937 ὑποστα-

2130 4987 2266 5032 σεως
2291 4974 2591 5038 νομοθετεῖ.
2623 4972 2684 5025 Ei
2711 4979 2841 5043 γὰρ,
2880 4972 2954 5033 ὡς
2982 4975 3222 5043 εἴρηται,
3250 4974 3309 5026 οὐ
3342 4972 3419 5042 τῷ
3437 4974 3581 5044 λόγῳ
3610 4976 3712 5040 τῆς

2128 5061 2364 5129 φύσεως,
2398 5062 2474 5133 τῷ
2504 5061 2559 5115 δὲ
2596 5063 2738 5133 λόγῳ
2764 5066 2862 5134 τῆς
2892 5067 3243 5127 ὑποστάσεως
3293 5065 3466 5128 αἴτιός
3507 5068 3657 5118 ἐστιν
3682 5083 3710 5118 ο

2129 5157 2318 5228 Πατὴρ
2368 5158 2472 5209 τῶν
2527 5158 2587 5222 ἐξ
2616 5158 2802 5221 αὑτοῦ,
2858 5158 2974 5210 ἐστὶ
3019 5157 3074 5209 δὲ
3121 5158 3217 5209 καὶ
3244 5157 3338 5209 τοῦ
3395 5157 3709 5228 Πνεύματος

2127 5251 2297 5311 αἴτιος
2330 5252 2357 5302 ὁ
2392 5249 2541 5314 Υἱὸς,
2571 5251 2645 5312 ὼς
2690 5251 2723 5318 ἡ
2763 5248 3029 5318 θεομαχία
3064 5248 3185 5320 βοᾷ,
3231 5248 3263 5320 ἢ
3296 5251 3709 5321 συμμεριζόμε-

2126 5356 2216 5392 νον
2250 5340 2526 5408 ἀποφῆναι
2568 5340 2668 5410 τὴν
2701 5342 2974 5410 πατρικὴν
3020 5342 3318 5394 ὑπόστασιν
3347 5343 3436 5395 τὸν
3463 5342 3614 5408 Υίδν,
3649 5345 3708 5408 ἐξ

2126 5426 2190 5500 ἧς
2222 5433 2315 5483 καὶ
2340 5432 2400 5482 τὸ
2430 5431 2603 5484 αἴτιον
2628 5432 2870 5502 παρέσχε
2895 5431 3098 5497 λαϐεῖν,
3124 5432 3158 5502 ἦ
3188 5434 3279 5484 τὸν
3309 5433 3436 5485 Υίὸν
3465 5434 3703 5500 ἀναπλη-

2130 5523 2326 5592 ρούντα
2366 5522 2424 5587 τρ
2461 5522 2753 5592 πρόσωπον
2783 5523 2875 5573 τοῦ
2907 5524 3140 5592 Πατρὶς,
3176 5525 3352 5576 ἐκεῖνο
3386 5516 3443 5576 ’δὲ
3475 5526 3550 5595 (2)
3582 5545 3703 5578 συα-

2200 5704 2275 5772 (l)
2306 5701 2472 5757 Marc.
2506 5703 2647 5754 Non.
2687 5703 2752 5757 0.
2781 5722 2792 5756 :
2826 5703 2886 5755 οὔ
2912 5703 3208 5771 βιάζονταν..

2199 5775 2274 5842 t2)
2307 5774 2466 5827 Laur.
2503 5785 2557 5828 ut
2583 5774 2723 5828 Iliun.
2766 5781 2943 5826 εκεῐνρ
2970 5792 3047 5829 τε.
