4042 6424
316 425 420 489 753

972 486 977 491 .
1089 423 1528 485 REFUTATIO
1569 419 1938 484 PDOTIANI
1982 423 2196 483 LIBRI
2241 424 2341 484 DE
2382 422 2693 484 SPIRITU
2735 422 2790 483 S.

3493 412 3598 475 ἰὗί

319 542 701 612 αποτολμῆσαι
727 541 909 611 λέγειν
954 544 1061 614 πρὸ
1090 544 1185 614 τῆς
1218 543 1658 613 ἀναπληρώσεως
1693 542 1871 605 ἐνδεές
1894 559 1908 575 ο

2038 542 2331 596 necessario
2364 540 2515 595 aiiirn
2540 555 2634 594 are
2667 538 2938 607 cegimnr,
2971 542 3067 588 aut
3099 531 3298 587 Filium
3333 544 3440 583 una
3472 543 3599 581 cum

318 635 418 688 καὶ
464 635 557 688 τὸν
600 633 732 688 Υίὺν
790 634 958 705 μέρος
1009 634 1431 706 χρηματίσαντα
1490 637 1795 705 πατρικδν,
1852 634 1913 688 τὸ

318 726 551 797 φρικτὸν
592 726 695 796 τῆς
727 727 957 799 Τριάδος
1008 730 1307 799 μυστήριον
1342 731 1421 793 είς
1470 728 1639 785 δυάδα
1690 720 1914 801 περιτεο

321 824 463 891 μεῖν.
501 820 587 887 ιε’.
626 821 737 875 Καὶ
763 821 900 875 πολὺ
930 821 997 876 ἂν
1022 822 1109 891 εἴη
1130 821 1393 888 ’ζιζανίων
1418 822 1548 877 ἄλλο
1575 821 1781 891 πλῆθος
1806 823 1915 876 ἀπὸ

313 908 419 978 τῆς
444 908 504 976 ἐξ
528 909 705 980 ἀρχῆς
739 910 1174 982 καταϐληθείσης
1209 930 1262 965 τι
1294 913 1539 982 πονηρᾶς
1562 911 1919 967 ἀναϐλαστάί

314 1019 410 1056 νον
438 1006 649 1076 σπορᾶς
674 1021 689 1036 ο
720 1004 790 1077 ῆν
823 1005 946 1076 οὐχὶ
986 1006 1380 1072 καθευδόντων,
1414 1006 1488 1069 ὡς
1536 1007 1735 1071 ἔοικεν,
1768 1006 1909 1062 ἀλλά

2017 633 2181 686 Patre
2210 647 2333 687 csse
2365 644 2609 701 pulcrum
2646 631 3001 701 hypostaseos
3028 624 3374 697 participem,
3396 635 3463 673 cx
3495 634 3604 689 qua

2016 733 2071 782 et
2098 726 2203 781 hoc
2245 724 2524 789 habuerit,
2557 722 2703 792 quod
2738 722 2811 778 sit
2857 732 3063 785 causa,
3106 726 3202 773 aut
3244 714 3444 793 Filium
3483 724 3606 779 per-

2016 833 2213 876 sonam
2265 816 2544 887 complere
2592 814 2806 880 Patris,
2862 829 2985 884 quae
3042 809 3274 883 proinde
3324 814 3451 861 ante
3502 804 3606 857 hoc

2015 913 2484 980 complementum
2528 908 2711 979 inzliga
2756 917 2810 963 et
2855 904 3119 962 deﬁciens
3171 899 3369 965 fuerit;
3415 897 3607 967 sicque

2015 1002 2356 1060 admittendo
2372 998 2878 1070 Filiumquamdam
2909 1011 3034 1063 esse
3059 996 3372 1066 portionem
3396 988 3598 1054 Patris,

319 1093 411 1148 τὸν
440 1095 587 1149 κατὰ
609 1094 789 1167 ψυχὴν
817 1097 1204 1169 ἐγρηγορότων
1230 1098 1462 1155 θάνατον
1484 1099 1581 1153 καὶ
1607 1098 1916 1171 ζητούντων

2038 1098 2367 1157 :remendum
2398 1095 2686 1151 Trinitatis
2721 1093 3044 1166 mysterium
3082 1090 3137 1146 in
3170 1086 3448 1145 binarium
3495 1082 3609 1137 cir-

321 1187 431 1241 τῶν
466 1182 877 1260 φρενοϐλαϐὦν,
907 1192 1056 1258 ὅπως
1086 1194 1180 1248 τὸν
1220 1193 1429 1250 ἄνωθεν
1464 1194 1559 1247 καὶ
1581 1195 1777 1265 εὐγενῆ
1822 1191 1919 1248 καὶ

2038 1189 2432 1248 eumcidemus.
2468 1188 2559 1242 i7.
2597 1186 2795 1259 ingens
2829 1198 3049 1257 quoque
3092 1181 3326 1236 aliorum
3370 1173 3610 1231 zizanio—
3650 1248 3663 1261 ι

323 1282 594 1354 σωτήριον
620 1283 1011 1343 ἐπινοθεὺσωσι
1034 1288 1258 1358 σπόρον,
1287 1286 1531 1341 ἐπελθὼν
1553 1288 1583 1342 ὁ
1603 1287 1698 1343 τοῦ
1723 1286 1917 1357 γένους

2038 1299 2150 1340 rum
2196 1283 2355 1353 copia
2400 1297 2470 1338 ex
2518 1280 2665 1336 malo
2715 1279 2822 1335 hoc
2872 1278 3083 1333 semine
3125 1274 3195 1330 ab
3234 1272 3392 1327 initio
3431 1268 3613 1339 posito

321 1373 520 1444 ἐχθρὸς
550 1377 670 1440 ταῖς
699 1378 881 1432 αὐτῶν
909 1381 1274 1454 κατέσπειρεν
1304 1382 1521 1446 ἀθλίαις
1551 1381 1773 1455 ψυχαῖς.

2038 1374 2458 1448 germinaverit;
2500 1370 2881 1444 quod‘tamen
2931 1384 3043 1424 non
3096 1362 3521 1424 dormientibus,
3552 1366 3615 1413 ut

320 1468 565 1533 videtur,
596 1485 789 1527 verum
823 1472 1015 1530 mortis
1047 1473 1352 1530 secundum
1383 1475 1627 1531 animam
1659 1474 1902 1543 vigiliam
1940 1470 2299 1543 vigilantibus
2354 1466 2843 1539 quaerentibusque
2873 1462 3084 1520 insanis
3149 1459 3294 1524 istis,
3336 1455 3616 1526 quomodo

324 1575 646 1630 supremum
677 1562 809 1617 illud
834 1563 1137 1634 ingenuum
1189 1576 1245 1621 et
1306 1567 1550 1623 salutare
1618 1581 1805 1623 semen
1865 1563 2280 1627 adulterarent,
2334 1558 2731 1629 superveniens
2774 1555 3001 1612 humani
3081 1550 3319 1624 generis
3350 1547 3527 1603 hostis
3561 1547 3615 1601 in

323 1652 546 1708 miseris
574 1652 823 1723 ipsorum
852 1656 1149 1711 animabus
1176 1658 1494 1713 seminavit.

884 1749 982 1802 ΑΝ
993 1745 1357 1805 ΤΙΡΡΗΣΙΣ.

2603 1732 3043 1790 REFUTATIO.

400 1858 499 1912 iB'.
527 1857 715 1913 Φείδου
736 1859 846 1912 τῶν
876 1859 1090 1930 βλασφή
1101 1877 1217 1931 μων
1254 1862 1535 1933 ῥημάτων,
1563 1855 1609 1915 ὦ
1647 1861 1922 1932 ἄνθρωπε·

2105 1854 2220 1912 XII.
2255 1857 2425 1911 Parce
2477 1849 2815 1922 blasphemis
2850 1846 3053 1908 verbis,
3111 1860 3145 1899 o
3173 1844 3371 1899 homo!
3406 1841 3621 1897 Caium-

324 1950 634 2015 διαϐάλλεις
675 1951 786 2024 γὰρ
809 1951 903 2006 τὸν
942 1950 1150 2006 Ἰταλδν
1191 1952 1269 2016 ὡς
1317 1952 1546 2021 λέγοντα
1591 1953 1734 2023 τάχα
1781 1954 1923 2023 μετά

326 2044 428 2115 τὴν
457 2044 692 2115 ἄναρχον
725 2046 822 2099 καὶ
861 2045 1137 2116 πατρικὴν
1172 2045 1349 2117 ἀρχὴν
1384 2046 1479 2099 atat
1509 2044 1693 2100 αἰτίαν
1722 2048 1920 2115 ὁμοου-

331 2135 450 2188 ηίου
486 2133 650 2189 πάλιν
677 2135 857 2207 ἀρχὴν
895 2136 994 2189 καὶ
1023 2134 1199 2191 αἴτιον
1240 2134 1606 2190 καθίστασθαι
1630 2135 1724 2189 τδν
1756 2134 1885 2189 Υἱόν
1906 2151 1920 2166 '

327 2226 393 2279 τὺ
422 2225 532 2299 γὰρ
563 2226 758 2283 πάλιν
790 2227 969 2299 ῥῆμα,
1009 2226 1265 2301 χρονικδν
1290 2225 1371 2293 ὂν,
1391 2226 1649 2298 οὐδεμίαν
1675 2227 1788 2298 ἔχει
1827 2228 1927 2298 τὴν

329 2316 569 2387 πάροδον
597 2320 658 2374 ἐν
697 2322 765 2391 τῇ
794 2320 952 2392 ἀϊδίῳ
995 2318 1091 2376 καὶ
1148 2319 1363 2392 ἀχρόνῳ
1404 2319 1620 2391 Τριάδι.
1663 2319 1927 2389 Ῥωμαῖοι

328 2408 466 2479 γοῦν
507 2410 678 2465 ἀΐδιον
707 2412 802 2465 καὶ
847 2411 1075 2483 ἄχρονον
1095 2411 1158 2467 τδ
1199 2410 1343 2466 θεῖον
1372 2410 1768 2482 πρεσϐεύοντες
1810 2408 1929 2475 πῶς

332 2502 402 2556 ἄν
450 2504 841 2575 δογματίσειαν
879 2505 1018 2575 μετᾶ
1049 2504 1152 2575 τὴν
1205 2503 1482 2574 πατρικὴν
1530 2504 1709 2576 ἀρχὴν
1759 2503 1930 2577 ἄλλην

333 2595 502 2650 πάλιν
534 2596 734 2668 ἀρχὴν,
763 2596 963 2651 ταυτὸν
1001 2595 1045 2649 δ’
1093 2597 1270 2651 εἰπεῖν
1310 2595 1572 2667 δευτέραν
1615 2594 1794 2667 ἀρχὴν
1831 2612 1933 2649 κα-

334 2687 625 2742 θίστασθαι
654 2690 746 2742 τὸν
769 2688 935 2756 Υἱδνς
973 2688 1256 2759 Ἀρχικὸν
1292 2688 1392 2760 μὲν
1417 2686 1527 2759 γὰρ
1558 2688 1732 2743 αῐτιον
1753 2688 1811 2743 ἓν
1836 2688 1933 2744 καὶ

334 2778 511 2833 οἴδασι
548 2779 628 2852 (Ι)
679 2780 776 2834 καὶ
810 2780 1176 2852 πρεσϐεύουσι
1220 2779 1315 2834 τὸν
1361 2778 1587 2850 Πατέρα
1609 2794 1624 2809 °
1656 2778 1737 2833 ὅτι
1786 2779 1844 2833 δὲ
1870 2779 1933 2833 τὸ

338 2868 569 2939 ἀρχικὸν
617 2867 776 2923 τοῦτο
821 2868 881 2922 ἐν
914 2869 1088 2924 αῐτιον
1116 2869 1262 2925 κατά
1309 2869 1571 2941 διάφορον
1602 2869 1703 2940 τῆς
1750 2870 1934 2934 αἰτίας

338 2961 513 3041 αττιόν
542 2961 660 3015 ἐστι
696 2962 809 3017 τῶν
837 2961 898 3029 ἐξ
940 2961 1131 3027 αὐτοῦ,
1184 2959 1251 3017 ἐκ
1287 2963 1484 3034 μόνου
1533 2963 1634 3034 μὲν
1675 2963 1843 3018 αὐτοῦ
1873 2964 1935 3017 τὸ

338 3051 569 3123 Πνεῦμα
600 3055 662 3106 οἵ)
692 3053 936 3124 λέγουσι,
967 3055 1055 3109 διὰ
1080 3055 1174 3109 τοῦ
1210 3055 1337 3109 Υίοῦ
1374 3055 1432 3110 δὲ
1464 3056 1524 3120 ἐξ
1556 3054 1723 3111 αὐτοῦ
1768 3055 1935 3108 ἐκπο-

342 3143 533 3210 ρευτδν
580 3144 715 3198 αὐτὸ
771 3144 1024 3215 λέγοντες
1078 3146 1218 3201 κατά
1259 3146 1388 3210 τοὺς
1442 3144 1632 3213 ἁγίους
1685 3144 1936 3215 Πατέρας

2026 1948 2199 2004 niaris
2236 1950 2383 2003 enim
2411 1946 2625 2009 italum,
2663 1941 2822 2013 quasi
2876 1941 3043 2003 dicat;
3076 1945 3203 2007 post
3261 1934 3618 2005 principium,

2026 2040 2285 2111 principii
2332 2054 2532 2109 expers
2566 2046 2733 2106 atque
2792 2043 3082 2105 paternum
3136 2024 3622 2084 consubstantialis

2026 2146 2223 2188 rursus
2267 2145 2517 2202 personae
2565 2128 2898 2199 principium
2955 2132 3009 2180 et
3047 2137 3271 2179 causam
3315 2120 3624 2177 consistere

2029 2224 2255 2281 Filium.
2287 2223 2427 2279 Nam
2474 2224 2583 2277 vo’x
2625 2236 2837 2287 rursus,
2870 2232 2998 2274 cum
3029 2213 3344 2287 temporalis
3365 2212 3461 2278 sit,
3498 2211 3624 2267 nul-

2030 2317 2143 2372 lum
2176 2316 2344 2373 habet
2374 2327 2655 2371 accessum
2687 2313 2743 2368 in
2776 2310 3111 2381 sempiterna
3140 2323 3206 2363 ac
3250 2315 3494 2376 tempore
3529 2319 3627 2360 su-

2032 2409 2239 2481 periori
2294 2406 2586 2463 Trinitate.
2636 2404 2870 2459 Romani
2925 2403 3094 2474 igitur
3136 2400 3229 2470 qui
3282 2399 3623 2454 divinitatem

2032 2512 2291 2560 aeternam
2321 2508 2376 2556 et
2423 2509 2671 2569 tempore
2710 2496 3051 2567 superiorem
3085 2500 3453 2563 propugnant,
3481 2502 3622 2558 quo-

2032 2594 2198 2651 modo
2227 2593 2490 2650 docerent
2519 2605 2585 2646 ac
2621 2595 2948 2653 statuerent,
2984 2592 3112 2657 post
3146 2593 3437 2655 paternum
3469 2581 3625 2651 prin-

2035 2687 2244 2758 cipium
2272 2684 2423 2741 aliud
2449 2696 2647 2739 rursus
2676 2678 3033 2752 principium,
3059 2674 3173 2730 sive
3191 2671 3335 2744 quod
3364 2671 3502 2725 idem
3523 2678 3625 2733 est,

2036 2776 2343 2834 secundum
2373 2772 2709 2845 principium
2748 2768 3018 2824 exsistere
3044 2760 3291 2820 Filium?
3341 2760 3628 2827 Principa-

2038 2867 2140 2920 Iem
2196 2863 2342 2918 enim
2389 2877 2455 2917 ac
2511 2859 2831 2932 primariam
2899 2870 3124 2911 causam
3195 2867 3391 2907 ur.am~
3426 2858 3631 2906 norunt

2038 2968 2094 3015 et
2147 2962 2499 3030 propugnant
2541 2952 2855 3011 :nimirum
2926 2948 3147 3004 Patrem
3188 2946 3267 3017 (a)
3311 2963 3325 3000 :
3362 2944 3627 3014 quoniam

2037 3067 2169 3110 vero
2236 3050 2537 3122 principale
2604 3048 2711 3104 hoc
2763 3043 3094 3118 principium
3159 3039 3465 3097 secundum
3518 3035 3629 3093 dif-

2041 3145 2328 3202 ferentiam
2383 3157 2568 3199 causa:
2629 3152 2993 3212 personarum
3053 3150 3126 3190 ex
3179 3135 3298 3203 ipso
3358 3130 3629 3201 prodeun-

338 3235 502 3306 ἡμῶν
533 3236 634 3307 οὐχ
661 3235 738 3300 ὡς
769 3238 827 3304 ἐξ
863 3238 1056 3309 ἑτέρας
1086 3238 1153 3292 δι’
1195 3238 1389 3309 ἐτέρας
1418 3237 1595 3310 ἀρχῆς
1624 3237 1690 3291 ἐκ
1716 3238 1931 3308 Πατρὶς

2039 3239 2172 3295 tium
2220 3236 2555 3308 principium
2584 3243 2690 3300 est,
2729 3249 2793 3289 ex
2836 3231 2952 3287 solo
2976 3229 3196 3302 quidem
3225 3228 3343 3297 ipso
3365 3223 3630 3295 Spiritum

336 3328 429 3383 διὰ
460 3327 593 3383 Υῑοῦ
628 3330 912 3395 δοξάζουσι
958 3331 1208 3403 προϊέναι
1254 3331 1407 3397 αὐτὸ,
1438 3328 1554 3384 ἀλλ’
1600 3330 1683 3383 ὅτι
1728 3332 1837 3385 πᾶν
1873 3332 1934 3384 τδ

339 3421 430 3474 διὰ
461 3421 557 3475 τοῦ
589 3420 723 3475 Υῐοῦ
764 3421 1055 3492 λεγόμενον
1088 3421 1237 3499 εἶναι
1269 3425 1350 3483 είς
1382 3426 1472 3476 τὴν
1509 3422 1732 3492 Πατέρα
1783 3422 1843 3476 τὺ
1874 3422 1933 3479 ἓν

339 3515 574 3585 ἀρχικὸν
608 3514 785 3569 αἴτιον
814 3516 1175 3589 ἀναφέρεται,
1208 3518 1272 3569 ὲκ
1307 3516 1524 3587 Πατρὸς
1546 3517 1635 3569 διὰ
1660 3513 1792 3570 Υίοῦ
1837 3515 1934 3569 καὶ

339 3608 402 3673 ἐξ
436 3609 640 3678 ἀμφοῖν
671 3609 749 3673 ὡς
789 3607 848 3674 ἑξ
882 3608 1002 3672 ἑνός
1042 3606 1179 3663 Θεοῦ
1222 3609 1355 3664 αὐτὸ
1401 3608 1657 3679 λέγουσι’
1708 3610 1802 3664 καὶ
1830 3607 1933 3663 ποῦ

338 3698 531 3752 λοιπὸν
557 3699 618 3752 τὸ
646 3699 1025 3772 παραλλάττον
1054 3702 1111 3753 ἐν
1157 3702 1224 3772 τῇ
1258 3700 1481 3771 ἀνάρχῳ
1515 3702 1611 3755 καὶ
1656 3701 1937 3775 ἀρχομένη

339 3796 489 3862 ἀρχῇ
526 3794 621 3846 καὶ
670 3793 740 3846 τὰ
786 3794 953 3863 ἔτερα
996 3794 1094 3863 τῆς
1130 3795 1228 3865 σῆς
1259 3793 1435 3865 ἔριδος
1482 3773 1934 3865 ἅναπλάσμᾶτας

339 3887 410 3940 Al
444 3886 502 3961 δὲ
529 3885 620 3938 τοῦ
648 3885 822 3939 αἰτίου
867 3885 1159 3957 διαιρέσεις
1193 3887 1272 3949 είς
1298 3887 1460 3955 φύσιν
1492 3889 1585 3942 καὶ
1617 3887 1935 3954 ὑπόστασιν,

343 3978 415 4039 ἃς
465 3978 606 4047 μετά
658 3977 863 4048 πολλῆς
916 3978 1234 4051 ἀναπλάττῃ
1291 3978 1516 4045 ἀδείας,
1574 3978 1651 4051 μὴ
1710 3980 1937 4044 συνιεὶς,

347 4071 501 4134 ὅπως
545 4070 811 4124 ἀδύνατόν
850 4072 968 4124 ἐστι
1006 4071 1105 4143 τὴν
1137 4071 1438 4127 ὑπόστασιν
1467 4074 1719 4127 ἁνούσιον
1766 4074 1937 4127 αἴτιον

342 4160 489 4218 εἶναι
524 4162 708 4231 λέγειν
731 4162 844 4216 τῶν
867 4162 929 4227 ἐξ
957 4163 1148 4233 αὐτῆς,
1180 4161 1284 4217 ποῦ
1317 4163 1399 4217 σοὶ
1441 4164 1550 4217 τῶν
1576 4163 1736 4219 θείων
1779 4162 1940 4235 εὑρέ.

346 4257 524 4327 θησαν
556 4257 829 4330 Γραφῶν;
854 4258 1017 4322 Τίνες
1042 4257 1152 4312 τῶν
1199 4258 1461 4327 Πατέρων
1499 4256 1657 4311 τοῦτο
1700 4258 1943 4326 παραδε-

2039 3348 2147 3389 non
2183 3330 2411 3395 dicunt;
2442 3345 2537 3400 per
2568 3326 2767 3382 Filium
2802 3339 2932 3380 vero
2961 3338 3028 3379 ex
3061 3322 3182 3393 ipso
3240 3320 3628 3391 procedentem

2040 3425 2308 3497 Spiritum
2338 3432 2649 3479 asserentes
2676 3418 2984 3476 secundum
3039 3424 3261 3472 sanctos
3289 3414 3484 3470 Patres
3529 3428 3633 3467 nn-

2039 3526 2209 3579 stros,
2273 3530 2379 3570 non
2443 3513 2593 3568 velut
2653 3528 2717 3568 ex
2774 3510 2884 3566 alio
2943 3524 3040 3581 per
3095 3508 3240 3563 aliud
3300 3505 3631 3576 principium

2040 3625 2105 3664 cx
2136 3608 2296 3663 Patre
2319 3606 2539 3676 prodire
2566 3614 2795 3661 censent
2838 3603 3017 3673 ipsum
3044 3619 3059 3670 ;
3094 3616 3286 3656 verum
3317 3602 3447 3670 quia
3478 3599 3635 3667 quid-
3742 3606 3749 3615 '

2044 3699 2173 3768 quid
2208 3715 2302 3769 per
2342 3697 2542 3752 Filium
2584 3696 2788 3751 dicitur
2811 3710 2957 3759 esse,
2995 3693 3062 3747 ad
3090 3691 3331 3757 Patrem,
3370 3707 3539 3745 unum
3569 3690 3635 3744 il-

2043 3794 2135 3848 iud
2170 3792 2469 3863 principale
2498 3789 2856 3860 principium,
2910 3785 3170 3850 refertur,
3221 3801 3285 3840 ex
3321 3783 3482 3838 Patre
3538 3798 3635 3852 per

2043 3886 2242 3943 Filium
2284 3897 2339 3939 ct
2391 3900 2456 3939 ex
2500 3894 2731 3951 utroque
2777 3891 3033 3949 tanquam
3067 3895 3130 3934 ex
3168 3893 3277 3931 uno
3314 3878 3423 3931 Deo
3482 3876 3634 3930 illum

2043 3977 2255 4035 dicunt.
2282 3975 2349 4031 Et
2383 3975 2603 4031 ubinam
2638 3984 2896 4029 caeterum
2933 3969 3240 4026 diﬂ'crentia
3270 3969 3326 4024 in
3346 3967 3634 4040 principio,

2044 4071 2187 4141 quod
2209 4070 2330 4126 sine
2353 4067 2621 4140 principio
2650 4074 2753 4130 est,
2774 4075 2827 4122 et
2855 4066 2907 4121 in
2934 4064 3229 4136 principio,
3251 4063 3395 4133 quod
3422 4061 3635 4132 princi-

2047 4166 2253 4236 piatum
2267 4173 2373 4226 est,
2388 4177 2453 4218 ac
2471 4161 2679 4236 reliqua
2702 4170 2810 4215 tua:
2831 4159 3111 4229 pugnandi
3138 4158 3386 4214 libidinis
3406 4157 3634 4226 ﬁgmen—

2049 4232 2139 4313 ta?
2191 4232 2498 4314 Divisiones
2525 4270 2655 4311 vero
2684 4255 2940 4325 principii
2974 4255 3028 4307 in
3058 4262 3310 4308 naturam
3339 4262 3504 4322 atque
3534 4253 3638 4322 hy-

344 4347 623 4413 δώκασινς
649 4347 719 4402 Ἦ
752 4348 991 4416 ἀγνοεῖς,
1030 4348 1180 4412 ὅπως
1208 4348 1508 4421 διαρρήδην
1554 4348 1934 4420 τεθεολόγηται

2048 4353 2341 4425 postasim,
2380 4365 2518 4418 quas
2552 4362 2750 4414 magna
2802 4361 2928 4401 cum
2966 4346 3304 4416 impudentia
3346 4340 3637 4414 contingis,

343 4442 409 4494 τὸ
440 4442 508 4496 ἐκ
534 4439 637 4510 τῆς
659 4441 848 4505 οὐσίας
875 4440 971 4493 τοῦ
1005 4440 1218 4511 Πατρὸς
1242 4441 1341 4495 καὶ
1367 4440 1460 4494 τὸν
1485 4440 1615 4494 Υίδν
1645 4442 1934 4509 γεννᾶσθαι

2049 4448 2178 4502 dum
2201 4445 2441 4500 minime-
2461 4441 2741 4510 inti-lligis,
2770 4440 3049 4509 quomodo
3076 4440 3150 4495 sit
3173 4437 3510 4508 impossibile
3541 4438 3639 4508 by-

347 4532 446 4587 καὶ
502 4531 565 4585 τὸ
627 4530 856 4602 Πνεῦμα
915 4531 1430 4602 προέρχεσθαι;Τὸ
1475 4532 1535 4586 δὲ
1591 4534 1934 4602 ἀποφανῆναι

2048 4532 2311 4611 postasim
2346 4539 2552 4607 absque
2601 4535 2841 4591 essentia
2894 4549 3118 4590 causam
3154 4548 3370 4598 eorum,
3418 4546 3540 4601 qum
3570 4547 3634 4586 ex

346 4628 450 4697 τὴν
472 4626 756 4698 πατρικὴν
804 4626 1105 4681 ὑπόστασιν
1153 4626 1633 4698 συμμεριζόμενον
1676 4626 1769 4682 τὸν
1814 4628 1945 4687 Υἱδν

350 4719 386 4790 ἢ
417 4720 838 4790 ἀναπληροῦντα
880 4719 943 4772 τδ
972 4719 1265 4792 πρόσωπον
1310 4720 1405 4773 τοῦ
1469 4721 1705 4791 ﬂat-9k,
1759 4723 1852 4774 καὶ
1888 4724 1944 4775 αἱ

347 4810 458 4881 πρὸ
487 4812 588 4881 τῆς
616 4809 1064 4882 ἀναπληρώσεως
1105 4809 1302 4863 ἔνδειαι
1335 4811 1431 4867 καὶ
1455 4812 1511 4865 al
1537 4814 1618 4876 είς
1655 4812 1825 4867 δυάδα
1850 4812 1942 4866 τοῦ

348 4906 451 4973 τῆς
479 4903 711 4975 Τριάδος
767 4904 1072 4983 μυστηρίου
1116 4904 1285 4974 τομαὶ
1338 4906 1433 4956 καὶ
1466 4904 1536 4959 τὰ
1584 4906 1722 4960 ἄλλα.
1763 4905 1944 4977 πλήθη

349 4994 460 5050 τῶν
486 4995 744 5061 ζιζανίων
774 4996 870 5055 καὶ
897 4998 958 5049 αἱ
982 4995 1076 5050 τοῦ
1096 4994 1371 5065 εὐγενοῦς»
1389 4996 1487 5049 καὶ
1513 4998 1787 5071 σωτηρίου
1814 5000 1946 5054 σπόο

356 5106 449 5142 οου
491 5086 892 5157 ὲπινοθεύσεις,
934 5090 1116 5149 πάντα
1144 5088 1321 5142 ταῦτα
1350 5090 1410 5143 τι)
1442 5089 1634 5159 ψευδὲς
1668 5095 1763 5145 καὶ
1810 5093 1945 5147 ἀνα-

360 5179 637 5232 πόδεικτον
671 5178 879 5251 ἔχουσι,
909 5178 1144 5250 ψευδοῦς
1171 5181 1269 5250 τῆς
1298 5180 1660 5251 ὑποτεθείσης
1691 5186 1775 5236 σοὶ
1806 5201 1941 5255 προ-

348 5270 561 5334 τάσεως
581 5270 772 5343 οὖσης,
792 5267 936 5348 ᾗτινι
956 5274 1362 5345 ἐπηκολούθουν
1384 5274 1430 5326 ὡ
1440 5292 1459 5336 ;
1478 5275 1655 5346 ἀληθῆ
1675 5292 1690 5307 ·
1717 5276 1946 5346 μηδενὸς

347 5365 462 5435 γὰρ
486 5363 596 5418 τῶν
627 5365 799 5433 ἁγίων
825 5367 906 5429 είς
937 5365 1097 5435 λόγον
1135 5366 1351 5437 φύσεως
1383 5367 1478 5421 καὶ
1517 5367 1675 5434 λόγον
1706 5368 1948 5425 timuerit-

350 5472 489 5520 σεως
518 5456 855 5530 διαιροῦντος
881 5459 945 5512 τδ
966 5459 1143 5514 αἴτιον
1171 5463 1228 5514 ἐν
1250 5463 1316 5531 τῇ
1341 5461 1491 5534 αἰτίᾳ
1512 5461 1618 5516 τῶν
1641 5462 1704 5516 ὲκ
1734 5463 1945 5534 Harpe;

425 5640 503 5710 (1)
544 5641 650 5697 Pro
676 5644 851 5700 ἴσασι.

427 5713 505 5786 (a)
539 5715 809 5769 Ansel.dc
829 5730 979 5786 proc.
1003 5715 1095 5784 Sp.
1116 5715 1154 5772 S
1185 5718 1330 5770 16:1
1361 5715 1942 5786 εἰ,ι)ι·ςο[1ἱιξῐιιιιι(μηνί

355 5781 598 5859 Spit-iliis
627 5781 855 5859 sanctus
877 5781 1250 5859 principaliter
1277 5791 1372 5856 {ita
1397 5781 1535 5859 Aug:
1562 5788 1628 5840 tie
1650 5785 1802 5859 Trin.
1819 5781 1943 5859 XV,

356 5854 493 5928 lita
522 5855 682 5928 Patre
716 5858 808 5923 sit,
830 5854 938 5921 non
956 5854 1099 5911 aliud
1118 5854 1478 5928 signiﬁcatur,
1493 5854 1663 5927 quam
1685 5858 1810 5925 quia
1833 5858 1946 5925 ipse

360 5924 528 5979 filius
561 5925 628 5981 de
652 5942 760 5998 quo
785 5939 867 5984 cst
895 5928 1132 6000 Spiritus
1162 5924 1405 5995 sanctus,
1428 5945 1455 5983 ιι
1475 5924 1633 5984 Patre
1652 5924 1812 5986 habet
1845 5924 1947 5981 hoc

2053 4633 2169 4703 ipsa
2202 4640 2353 4698 sunt,
2397 4647 2520 4687 esse
2574 4629 2780 4693 dicere,
2814 4628 3038 4682 ubinam
3076 4627 3131 4681 in
3173 4624 3476 4694 Scripturis
3498 4625 3642 4680 divi-

2053 4722 2140 4777 nis
2169 4736 2201 4781 τι
2237 4730 2289 4777 te
2318 4732 2547 4791 repertae
2594 4719 2764 4774 sunt?
2823 4718 3061 4785 Quinam
3092 4733 3154 4772 ex
3209 4716 3469 4771 Patribus
3537 4716 3641 4771 hoc

2053 4796 2432 4869 tradiderunt?
2480 4814 2560 4866 An
2587 4827 2720 4867 vero
2753 4813 2995 4883 ignoras,
3029 4811 3251 4865 disertis
3284 4810 3467 4865 verbis
3507 4808 3642 4863 illud

2042 4906 2238 4963 doceri
2292 4920 2357 4961 ac
2396 4906 2679 4977 praedicari
2708 4921 2774 4959 ex
2808 4904 3047 4960 essentia
3078 4903 3258 4959 Patris
3298 4916 3410 4958 tum
3441 4901 3636 4958 Filium

2050 4999 2221 5070 gigni,
2255 5007 2367 5053 tum
2396 4996 2658 5069 Spiritum
2693 4996 2981 5068 progredi?
3015 4996 3149 5052 Illud
3185 5012 3335 5062 vero,
3368 4998 3515 5068 quod
3556 5011 3646 5052 as-

2049 5091 2343 5145 serendum
2372 5104 2494 5143 esse
2522 5091 2741 5156 statuis,
2780 5089 2978 5145 Filium
3030 5090 3145 5146 fore
3175 5100 3415 5162 paterna:
3470 5091 3646 5162 hypo-

2050 5191 2265 5238 staseos
2300 5182 2623 5252 participem
2678 5192 2773 5238 aut
2801 5182 2982 5240 Patris
3015 5199 3307 5254 personam
3362 5184 3648 5254 complen-

2051 5283 2184 5339 tcm,
2220 5282 2335 5328 tum
2368 5266 2686 5346 indigentiae
2703 5285 2832 5331 ante
2854 5276 2957 5333 hoc
2987 5278 3446 5347 complementum
3478 5285 3643 5347 atque

2051 5365 2346 5422 Trinitatis
2402 5367 2645 5438 mysterii
2682 5367 2735 5423 in
2772 5368 3050 5423 binarium
3089 5371 3384 5437 sectioncs,
3434 5380 3490 5425 et
3521 5369 3636 5425 reli-

2051 5474 2157 5531 qua
2187 5460 2524 5516 zizaniorum
2563 5462 2744 5532 copia,
2791 5462 3012 5517 demum
3048 5470 3103 5517 et
3126 5465 3361 5535 ingenui
3407 5480 3472 5521 ac
3498 5463 3651 5519 salu-

2048 5646 2249 5719 ipsum,
2266 5645 2572 5717 utSpiritus
2592 5644 2913 5719 sanctussit
2930 5646 2996 5719 de
3019 5646 3132 5710 illo,
3153 5648 3411 5717 quoniam
3431 5649 3482 5704 id
3501 5652 3648 5719 quod

2049 5715 2135 5771 est
2163 5718 2327 5773 habet
2354 5715 2391 5773 a
2417 5719 2601 5781 Patre,
2649 5734 2758 5773 non
2795 5717 2937 5773 sicut
2964 5715 3015 5770 in
3051 5715 3213 5772 rebus
3242 5719 3464 5783 creatis,
3515 5715 3641 5775 cunt

2051 5787 2259 5855 aliquid
2285 5790 2588 5845 asserimus
2618 5804 2743 5844 esse
2758 5786 3159 5859 principaliter,
3195 5790 3450 5842 voluntas
3468 5790 3645 5858 signi-

2053 5859 2239 5930 ﬁcate,
2291 5862 2437 5929 quod
2503 5860 2679 5930 magis
2745 5858 2819 5930 sit
2853 5858 3002 5930 illoc,
3045 5858 3211 5930 quod
3256 5859 3462 5914 dicitur
3525 5874 3647 5915 esse

2055 5928 2448 5999 nriitripalilcr,
2474 5928 2641 6009 quam
2671 5928 2826 5994 illud,
2858 5928 2922 5984 ad
2956 5928 3102 5997 quod
3130 5928 3385 5986 rclcrtur.
3434 5950 3451 5976 ι
