4042 6410
485 385 591 447 755

1507 392 1716 452 JOAN.
1760 395 1978 456 VECC!
2021 397 2130 456 ΟΡ.
2171 397 2684 461 ΡΑΤΒΙΑΒΟΗΕ

3637 409 3739 472 756

483 503 562 558 ris
592 503 818 560 seminis
832 505 1284 571 adulterationes,
1310 507 1423 562 haec
1450 511 1632 563 omnia
1653 512 1788 566 falsa
1823 515 2058 568 acowni

2174 519 2423 572 αἰτιατῶν
2461 519 2796 589 προσώπων,
2841 522 2941 593 δρα
2989 525 3196 594 μήποτε
3247 527 3337 580 τὸν
3383 527 3523 581 κατᾶ
3569 527 3746 598 ψυχὴν

487 594 810 664 probatione
839 595 1100 652 destituta
1149 610 1301 662 sunt,
1337 615 1461 653 cum
1518 601 1650 658 falsa
1690 605 2059 676 sitsupposita

481 701 513 740 a
551 695 602 740 te
633 688 952 757 propositio,
991 703 1156 759 quam
1206 691 1384 760 reipsa
1417 692 1508 747 illa
1560 695 2060 765 subsequebantur.

481 775 616 831 Cum
646 778 793 833 enim
830 793 993 834 nemo
1021 789 1336 837 sanctorum
1378 782 1431 836 in
1480 784 1748 840 rationem
1781 796 1989 842 natura:
2009 797 2064 842 ct

483 867 751 921 rationem
785 884 1031 936 personae
1082 872 1292 927 dividat
1342 889 1565 930 causam
1615 875 1672 931 in
1736 879 2062 936 causalitate

2168 609 2539 680 ἐγρηγορότας
2589 611 2820 666 θάνατον
2871 617 3000 679 τοὺς
3059 619 3364 688 Ῥωμαίους
3405 619 3744 684 ἐξονειδίζων

2168 701 2337 774 λάθῃς
2366 703 2528 766 αὐτὸς
2555 704 2647 758 τὸν
2685 706 2827 760 κατὰ
2853 707 3032 779 ψυχὴν
3077 710 3255 781 ἑαυτῷ
3311 713 3748 781 μνηστευόμενος

2171 792 2399 847 θάνατον
2449 795 2558 848 ἀπὸ
2601 795 2700 850 τοῦ
2736 797 2836 869 τὴν
2898 799 3360 872 ὲκκλησιαστικὴν
3399 802 3750 855 ἑπισπεύδειν

2169 887 2507 956 κατατομήν.

485 972 837 1022 personarum
875 977 943 1016 ex
988 963 1146 1019 Patre
1189 967 1596 1034 prodeuntium,
1657 970 1780 1025 vide
1817 987 1888 1027 ne
1953 971 2095 1030 forte
2133 974 2416 1033 Romanos
2471 991 2533 1038 ut
2623 986 2820 1040 mortis
2875 986 3178 1041 secundum
3228 986 3468 1040 animam
3509 987 3748 1056 vigiliam

485 1054 990 1152 vigilantesinjuria
1041 1059 1290 1152 alliciens
1364 1063 1596 1133 ipsemet
1627 1065 1726 1121 tibi
1763 1076 1995 1124 mortem
2044 1075 2345 1130 secundum
2416 1077 2655 1134 animam
2695 1079 2927 1136 latenter
2979 1081 3297 1137 eonsciscas
3351 1095 3420 1135 ex
3485 1054 3750 1152 eo—quod

486 1143 852 1201 Ecclesiarum
892 1149 1216 1205 scissionem
1250 1152 1381 1208 totis
1412 1154 1620 1211 viribus
1648 1172 1960 1226 promoves.

532 1255 542 1263 ·
1139 1243 1440 1301 TEXTUS.

557 1331 768 1386 Etenim
809 1334 1077 1406 quidquid
1104 1340 1346 1410 :proprie
1381 1340 1500 1410 (per
1523 1341 1603 1413 se)
1643 1345 1930 1413 proprium
1965 1347 2068 1401 ali-

484 1422 644 1492 cujus
673 1433 777 1490 est,
810 1426 854 1480 si
890 1426 958 1481 de
1011 1428 1232 1486 duobus
1288 1431 1588 1502 aliquibus,
1635 1449 1695 1490 re
1722 1437 1840 1506 ipsa
1866 1437 1934 1492 ab
1971 1438 2062 1493 illo

485 1516 836 1581 translatum,
869 1519 1196 1589 accipiatur,
1230 1536 1292 1578 ac
1322 1523 1390 1580 de
1435 1541 1546 1580 uno
1574 1526 1800 1595 quidem
1833 1543 1961 1584 vere
1981 1528 2063 1584 af-

489 1606 756 1674 ﬁrmetur,
790 1610 856 1664 de
883 1611 1054 1666 altero
1083 1628 1214 1669 vero
1263 1631 1372 1670 non
1405 1617 1556 1684 item,
1597 1621 1708 1674 duo
1743 1620 1831 1674 illa
1865 1636 2062 1692 propoc

486 1699 590 1753 sita
617 1700 847 1757 diversae
870 1713 1077 1760 natura:
1119 1722 1241 1761 esse
1283 1710 1561 1776 ostendit;
1594 1711 1743 1767 verbi
1775 1712 1946 1782 gratia
1987 1712 2064 1767 ri-

2768 1260 3150 1316 KEIMENON.

2247 1352 2358 1406 Καὶ
2383 1351 2492 1423 γὰρ
2541 1353 2686 1408 ἅπαν
2716 1354 2920 1423 κυρίως
2973 1354 3103 1406 ἴδιόν
3134 1369 3278 1414 τινος
3325 1351 3418 1406 ἐπὶ
3451 1352 3544 1407 δύο
3588 1355 3750 1409 τινῶν

2174 1442 2270 1495 ἀπ’
2310 1442 2518 1496 ἐκείνου
2562 1442 2961 1511 πραγματικῶς
3007 1441 3441 1512 λαμϐανόμενον,
3483 1443 3577 1494 καὶ
3607 1444 3750 1496 κατᾶ

2169 1533 2398 1604 θατέρου
2437 1534 2536 1605 μὲν
2565 1533 2780 1604 ἀληθῶς
2827 1534 3137 1603 λεγόμενον,
3173 1533 3313 1588 κατὰ
3337 1534 3393 1585 δὲ
3441 1533 3532 1586 τοῦ
3556 1535 3746 1603 ἑτέρου

2169 1622 2376 1686 οὐκέτι,
2419 1625 2691 1694 έτεροφυῆ
2725 1623 2793 1677 τὰ
2823 1622 3156 1694 προτεθέντα
3193 1625 3496 1678 δείκνυσινο
3545 1624 3744 1677 αὐτίκα

2169 1714 2232 1766 τὸ
2257 1714 2580 1784 γελαστικὸν
2611 1715 2900 1784 ἀνθρώπου
2931 1715 3138 1786 κυρίως
3171 1716 3304 1770 ἴδιον
3337 1716 3399 1770 ὃν
3441 1717 3534 1770 καὶ
3567 1716 3738 1787 Ἰησοῦ

482 1791 644 1845 sibile
680 1793 981 1865 (risivum),
1015 1798 1159 1866 quod
1196 1815 1292 1867 per
1321 1815 1381 1855 se
1413 1811 1499 1857 est
1528 1803 1734 1858 homini
1761 1805 2066 1882 proprium,

2174 1807 2274 1877 μὲν
2305 1809 2353 1861 εί
2383 1807 2536 1878 τύχοι
2580 1807 2657 1878 (1)
2702 1809 2781 1880 τῷ
2806 1808 3123 1880 δημαγωγῷ
3172 1809 3266 1863 τοῦ
3306 1809 3525 1881 Ἰσραὴλ
3575 1811 3744 1880 ἁρμο-

481 1891 540 1937 ct
576 1883 742 1940 Josue
776 1887 996 1956 quidem
1033 1889 1249 1948 lsraelis
1282 1894 1412 1949 duci
1468 1903 1592 1963 apte
1623 1895 1895 1965 congruit,
1929 1911 2066 1951 con—

481 1988 674 2046 specto
727 1990 908 2035 autem
970 1985 1166 2055 angelo
1224 1985 1460 2053 principi
1513 1987 1796 2055 c0piarum
1853 1985 2068 2041 Domini

483 2071 641 2126 nullo
673 2073 899 2128 omnino
956 2085 1119 2144 pacto
1159 2079 1439 2142 convenit,
1477 2077 1766 2147 perspicue
1802 2080 2068 2145 ostendit,

484 2161 678 2215 ducem
713 2162 864 2217 illum
889 2166 1075 2235 populi
1109 2167 1421 2223 nullatenus
1456 2183 1578 2224 esse
1611 2169 1858 2238 ejusdem
1895 2182 2064 2239 atque

488 2253 877 2324 archangelum
921 2257 1241 2314 substantia:
1279 2260 1362 2315 vel
1388 2269 1598 2315 naturae
1618 2262 2069 2318 existimandum.

486 2344 689 2414 Sicque
727 2346 781 2401 iu
809 2351 1021 2406 caeteris
1055 2350 1222 2406 rebus
1275 2352 1534 2407 omnibus
1560 2352 1655 2422 qui
1710 2353 1900 2407 eadem
1939 2369 2068 2422 pro-

488 2441 720 2495 cesserit
752 2441 1027 2506 methodo,
1063 2442 1210 2498 clare
1231 2458 1294 2497 ac
1327 2443 1475 2498 nullo
1503 2444 1688 2499 labore
1708 2445 1954 2499 eamdem
1981 2459 2070 2499 ve-

486 2531 704 2586 ritatem
737 2535 1115 2590 nanciscetur.
1158 2535 1316 2602 Quod
1353 2537 1399 2592 si
1433 2536 1581 2593 istud
1620 2537 1824 2606 ubique
1845 2537 1987 2606 viget
2018 2547 2073 2592 et

482 2623 674 2679 eodem
707 2625 873 2681 modo
912 2628 1318 2693 consideratur,
1352 2632 1631 2699 processio
1679 2641 1862 2686 autem
1900 2631 2075 2701 Spiri-

487 2729 576 2772 tus
596 2732 662 2771 ex
703 2715 865 2772 Patre
894 2729 1175 2788 paternam
1201 2721 1461 2790 praedicat
1514 2722 1924 2792 proprietatem,
1957 2723 2073 2777 haec

486 2825 643 2873 vero,
685 2819 748 2864 ut
783 2812 1010 2868 haeresis
1044 2812 1282 2883 iactitat,
1344 2814 1599 2885 congruit
1649 2816 1870 2884 quidem
1915 2815 2070 2882 Filio,

485 2901 714 2972 Spiritui
740 2911 924 2958 autem
945 2918 1297 2975 nequaquam
1328 2905 1594 2975 (nondum
1619 2905 1764 2961 enim
1781 2907 2072 2976 quisquam

487 2995 650 3049 istam
682 2993 1082 3065 blasphemiam
1115 2996 1303 3052 animo
1360 2999 1637 3070 concepit)
1677 3017 1690 3052 :
1735 2999 1884 3069 quod
1942 2997 2077 3053 hinc

489 3086 762 3156 sequitur,
811 3087 916 3157 ipsi
950 3089 1139 3144 talium
1173 3089 1445 3146 malorum
1503 3091 1846 3146 institutores
1883 3100 2069 3146 contra

2172 1897 2424 1968 ζόμενον,
2454 1899 2532 1968 τῷ
2572 1900 2628 1953 δὲ
2672 1902 2953 1954 ὲπιστάντι
2998 1901 3149 1970 αὐτῷ
3190 1904 3619 1973 ἁρχιστρατὴγῳ
3653 1904 3747 1973 τῆς

2169 1991 2264 2044 τοῦ
2301 1993 2508 2063 Κυρίου
2537 1993 2824 2064 δυνάμεως
2848 1994 2990 2049 κατὰ
3019 1995 3196 2048 πάντα
3217 1995 3594 2065 διιστάμενον,
3619 1997 3738 2066 ὁρᾷν

2169 2080 2410 2150 ἐνεργῶς
2455 2080 2669 2133 δίδωσιν
2715 2083 2813 2152 οὐχ
2841 2083 3054 2154 ὁμοφυῆ
3089 2085 3181 2136 τὸν
3227 2084 3559 2153 δημαγωγὸν
3584 2082 3741 2154 οῦμε-
3823 2095 3826 2100 ·

2170 2189 2294 2224 νουν
2322 2172 2400 2242 τῷ
2423 2175 2747 2244 ἀρχαγγέλῳ
2768 2175 3012 2243 νομίζειν
3035 2176 3143 2230 οὐδ’
3173 2177 3480 2246 ὁμοούσιον.
3504 2177 3613 2231 Καὶ
3655 2175 3746 2228 ἐπὶ

2169 2263 2279 2318 τῶν
2307 2264 2481 2317 ἄλλων
2508 2267 2764 2319 ἁπάντων
2795 2269 2822 2319 ὁ
2840 2267 2930 2320 διὰ
2964 2267 3063 2337 τῆς
3093 2270 3264 2338 αὐτῆς
3289 2269 3512 2340 μεθόδου
3543 2267 3745 2338 προῖὼν

2172 2355 2360 2424 σαφῶς
2397 2372 2454 2408 τε
2487 2357 2580 2408 καὶ
2607 2356 3008 2428 ἀταλαιπώρως
3042 2357 3267 2428 εὑρήσει
3297 2359 3394 2427 τὴν
3421 2358 3592 2426 αὐτὴν
3619 2357 3746 2410 θεω-

2175 2444 2297 2513 ρίαν
2351 2443 2771 2516 προϐαίνουσαν.
2811 2446 2871 2498 Εί
2903 2446 2960 2498 δὲ
3016 2445 3176 2499 τοῦτο
3231 2446 3509 2516 πανταχοῦ
3559 2446 3747 2516 κρατεῖ

2171 2536 2267 2588 καὶ
2301 2535 2398 2606 τὴν
2422 2535 2591 2606 αὐτὴν
2625 2535 2900 2601 ἀποσώζει
2931 2535 3194 2602 διάνοιαν,
3219 2537 3334 2590 ἐστὶ
3373 2536 3426 2589 δὲ
3456 2535 3552 2589 τοῦ
3589 2538 3749 2589 Ilvati-

2174 2643 2344 2696 ματος
2377 2627 2408 2694 ἡ
2439 2627 2502 2680 ἐκ
2533 2627 2626 2680 τοῦ
2653 2627 2862 2696 Πατρδς
2886 2628 3208 2698 ὲκπόρευσις
3235 2629 3295 2681 τὸ
3322 2628 3592 2697 πατρικὸν
3623 2629 3746 2681 ἀνα-

2171 2718 2514 2790 κηρύττουσα
2574 2719 2727 2782 ἴδιον,
2766 2718 2925 2773 τοῦτο
2952 2721 3008 2774 δὲ
3051 2722 3194 2775 κατὰ
3244 2721 3304 2773 τδ
3339 2721 3612 2792 φρύαγμα
3657 2719 3747 2786 τῆς

2171 2812 2434 2881 αἱρέσεως
2489 2811 2862 2882 ὲφαρμόξεται
2918 2811 3017 2882 μὲν
3065 2813 3144 2884 τῷ
3185 2812 3320 2882 Υίῷ,
3381 2814 3525 2864 κατὰ
3558 2811 3616 2864 δὲ
3664 2808 3750 2864 τοῦ

2173 2906 2489 2977 Πνεῦματος
2514 2907 2767 2979 οὐδαμῶς
2806 2905 2972 2977 [οὕτω
3001 2907 3112 2978 γάρ
3143 2924 3228 2972 τις
3254 2907 3415 2960 τοῦτο
3447 2906 3508 2959 τὸ
3544 2905 3751 2974 δύσφη-

2171 3014 2277 3069 μον
2320 2998 2619 3071 ἑννοήσειε]
2639 3016 2653 3029 ⁸
2682 3000 2745 3053 τὸ
2783 2997 2911 3070 ἑξῆς
2941 2999 3096 3053 αὐτοὶ
3123 3000 3264 3052 κατὰ
3295 3000 3392 3069 τῆς
3423 2997 3638 3051 ἑαυτῶν
3671 3012 3756 3051 κι-

2175 3092 2348 3162 φαλῆς
2377 3091 2427 3143 οἱ
2455 3091 2566 3144 τῶν
2591 3092 2932 3162 τηλικούτων
2959 3093 3146 3146 κακῶν
3187 3093 3480 3162 εἰσηγηταὶ
3519 3090 3754 3158 συναγέ-

485 3189 704 3236 suamet
742 3181 921 3251 capita
957 3183 1240 3254 colligant.
1308 3181 1464 3250 Quod
1491 3183 1540 3238 si
1565 3184 1804 3253 Spiritus
1842 3196 2068 3252 proces-

2174 3199 2354 3235 τωσαν
2375 3199 2388 3213 ·
2423 3183 2472 3234 εί
2503 3181 2559 3234 δὲ
2591 3182 2666 3251 μὴ
2699 3185 2963 3254 πατρικὸν
3003 3183 3135 3236 ἴδιον
3163 3182 3261 3252 τὴν
3301 3180 3396 3234 τοῦ
3435 3179 3756 3248 Πνεῦματος

488 3271 700 3326 sionem
725 3285 834 3326 non
869 3287 992 3328 esse
1023 3284 1304 3343 paternam
1355 3272 1746 3344 proprietatem
1806 3271 2068 3338 dixerint,

491 3363 740 3432 profecto
775 3379 876 3423 nec
909 3364 1033 3420 Filii
1073 3367 1382 3435 proprietas
1437 3366 1568 3430 erit,
1621 3366 1882 3435 quoniam
1939 3379 2072 3420 vero

493 3469 591 3510 uec
623 3453 869 3526 Spiritus
901 3466 1006 3520 est,
1045 3457 1229 3513 dicant
1261 3458 1356 3526 qui
1415 3455 1599 3511 omnia
1630 3455 1813 3510 dicere
1847 3454 2068 3520 audent,

491 3547 776 3616 quomodo
806 3549 954 3619 quod
988 3549 1197 3604 nullius
1248 3549 1412 3604 trium
1451 3563 1808 3619 personarum
1841 3557 1922 3600 est
1946 3559 2073 3614 pro-

490 3641 691 3710 prium,
723 3640 816 3696 sed
841 3655 941 3695 nec
965 3655 1286 3705 commune,
1340 3641 1518 3695 locum
1573 3641 1798 3694 omnino
1853 3639 2069 3702 haheat,

496 3737 555 3784 ut
583 3731 638 3785 in
667 3731 851 3800 aliqua
877 3729 1190 3785 divinarum
1243 3731 1616 3802 hypostaseou
1651 3729 2002 3800 intelligatur.

1056 3841 1504 3898 REFUTATIO.

560 3932 701 3989 Xlll.
757 3935 1032 4006 Copiosus
1056 3953 1122 3992 es
1149 3937 1344 3992 emotis
1381 3945 1544 3991 utens
1567 3937 1900 4006 dogmaticis
1923 3936 2074 4006 prin-

488 4029 692 4097 cipiis;
733 4030 880 4085 haud
912 4030 1028 4086 scio
1097 4030 1227 4098 quid
1279 4029 1406 4084 inde
1443 4029 1538 4084 tibi
1598 4030 1733 4084 lucri
1788 4031 2075 4100 proveniat

492 4120 586 4175 Dei
615 4121 916 4180 Ecelesiam.
950 4122 1004 4190 in
1041 4121 1298 4176 damnum
1315 4123 1416 4192 (va:
1437 4122 1568 4177 mihi
1596 4123 1641 4193 ί)
1668 4121 2090 4178 Christianismi'

490 4205 844 4269 discindenti.
869 4212 1008 4269 Ecce
1043 4214 1192 4268 enim
1223 4214 1421 4269 iterum
1453 4213 1651 4269 Filium
1715 4223 1769 4268 et
1809 4213 2073 4284 Spiritum

476 4321 716 4376 separas
748 4305 804 4362 in
830 4307 1105 4362 binariutn
1135 4307 1366 4362 diversae
1402 4306 1748 4372 substantiae,
1786 4306 1914 4375 quia
1957 4305 2077 4360 exi-

492 4403 683 4454 stimas
728 4401 1010 4469 proprium
1042 4415 1166 4456 esse
1206 4399 1387 4453 Patris
1420 4415 1486 4453 ex
1515 4415 1574 4456 se
1622 4401 1923 4468 producere
1952 4397 2076 4468 Spi-

2173 3275 2499 3344 ὲκπόρευσιν
2547 3275 2804 3346 φήσουσι,
2836 3275 3082 3346 δηλονότι
3127 3275 3246 3328 οὐδὲ
3294 3272 3390 3326 τοῦ
3429 3271 3558 3329 Υίοῦ
3582 3287 3598 3301 ·
3636 3273 3760 3324 ἐπεὶ

2170 3367 2227 3420 δὲ
2261 3367 2380 3420 οὐδὲ
2412 3367 2505 3421 τοῦ
2551 3367 2890 3438 Πνεῦματος,
2917 3367 3226 3436 λεγέτωσαν
3255 3368 3306 3420 οἱ
3354 3366 3532 3420 πάντα
3574 3365 3760 3434 λέγειν

2173 3461 2414 3531 θρασεῖς,
2449 3462 2565 3526 πῶς
2597 3461 2626 3514 ὃ
2656 3461 2883 3532 μηδενός
2914 3463 3059 3514 ἐστιν
3094 3461 3224 3515 ίδιον
3260 3460 3366 3513 τῶν
3397 3458 3589 3528 τριῶν,
3621 3458 3762 3512 ἀλλὰ

2175 3553 2311 3625 μηδὲ
2359 3555 2554 3617 κοινὸν,
2581 3554 2764 3626 χώραν
2802 3554 2936 3617 ὅλως
2981 3551 3095 3623 ἔχει
3145 3551 3470 3620 θεωρεῖσθαι
3500 3551 3586 3619 ἐφ’
3643 3550 3759 3613 ένός

2173 3662 2316 3710 τινος
2345 3647 2451 3701 τῶν
2481 3647 2833 3707 ὑποστάσεων
2861 3645 2971 3698 τῶν
3007 3642 3311 3715 θεαρχικῶν
3335 3659 3352 3709 ;

2725 3845 3194 3903 ΔΝΤΙΡΡΗΣΙΣ.

2243 3944 2347 3997 ll".
2378 3943 2553 4006 Πολὺς
2597 3939 2648 3996 εἴ
2697 3943 2816 4003 ταῖς
2857 3939 3269 4008 πεπλασμέναις
3314 3936 3599 4010 χρώμενος
3653 3938 3762 3990 τῶν

2171 4037 2459 4107 δογμάτῶν
2477 4037 2699 4106 ἀρχαῖς,
2721 4034 2814 4088 καὶ
2833 4035 2882 4086 τί
2912 4050 2994 4086 σοι
3023 4031 3234 4101 κέρδος,
3258 4026 3512 4094 οὐκοῐδα,
3537 4030 3640 4103 τὴν
3665 4031 3763 4084 τοῦ

2173 4124 2310 4178 Θεοῦ
2329 4124 2652 4195 Ἐκκλησίαν
2679 4125 2772 4176 ἐπὶ
2794 4123 2969 4194 κακῷ,
2993 4122 3140 4192 οἴμοι
3169 4123 3182 4175 !
3208 4120 3300 4174 106
3324 4120 3762 4190 Χριστιανισμοῦ

2173 4219 2542 4290 διασχίζοντι·
2590 4220 2700 4272 ίδοίι
2738 4221 2850 4290 γὰρ
2893 4222 2988 4272 καὶ
3032 4219 3196 4272 πάλιν
3230 4218 3358 4272 Υἰὸν
3400 4219 3498 4272 καὶ
3532 4217 3764 4286 Πνεῦμα

2175 4315 2253 4375 εἰς
2277 4311 2447 4367 δυάδα
2493 4312 2758 4384 ἑτεροφυῆ
2800 4312 3007 4375 διιστὰς
3056 4313 3207 4381 παρὰ
3237 4310 3299 4363 τὸ
3343 4308 3592 4375 δοξάζειν
3633 4309 3765 4361 ἴδιον
3823 4312 3827 4315 ’

2173 4402 2269 4456 τοῦ
2302 4403 2516 4473 Πατρδς
2545 4399 2683 4456 εἶναι
2713 4404 2775 4455 τὺ
2801 4403 2862 4466 ἐξ
2894 4402 3090 4456 ἑαυτοῦ
3124 4401 3388 4472 προάγειν
3417 4399 3479 4452 τὸ
3512 4398 3761 4468 Πνεῦμα,
3849 4405 3856 4412 ·

490 4495 676 4559 ritum,
719 4504 883 4563 atque
909 4493 1014 4548 hoc
1045 4509 1075 4546 a
1101 4492 1265 4548 Patre
1298 4492 1630 4546 translatum
1660 4500 1714 4546 et
1737 4490 1803 4544 de
1843 4489 1981 4544 Filio
2006 4504 2070 4544 ac

2176 4495 2270 4549 καὶ
2306 4495 2464 4548 τοῦτο
2501 4493 2614 4547 ἀπὸ
2659 4494 2756 4548 τοῦ
2801 4495 3014 4564 Πατρὺς
3066 4492 3625 4563 μεταλαμϐανόμενον
3671 4493 3766 4544 καὶ

490 4586 558 4638 de
591 4583 800 4653 Spiritu
845 4584 1198 4654 praedicatum
1229 4583 1495 4639 veriﬁeari
1532 4581 1753 4652 quidem
1801 4583 1869 4636 de
1904 4581 2065 4649 Filio,

492 4685 552 4730 ut
592 4673 800 4730 Latinis
861 4675 1101 4743 videtur,
1155 4691 1265 4730 non
1300 4690 1432 4730 vero
1463 4677 1528 4729 de
1582 4673 1811 4743 Spiritu.
1864 4672 2068 4728 Verum

491 4780 654 4820 nemo
691 4779 759 4820 ex
806 4765 1068 4821 Ecclesia:
1128 4764 1474 4835 praeconibus
1507 4778 1574 4817 ac
1615 4762 1894 4834 magistris
1942 4777 2071 4831 pro-

496 4858 779 4926 prietatem
839 4856 1018 4912 Patris
1070 4857 1211 4912 dixit
1271 4856 1512 4923 Spiritus
1556 4854 1910 4909 emissionem.
1956 4853 2072 4908 sive

498 4949 913 5018 productionem
955 4950 1070 5006 sive
1095 4950 1455 5019 spirationem
1502 4947 1615 5002 sive
1658 4947 2069 5018 processiouem

497 5042 614 5096 sive
660 5056 991 5111 quocunque
1017 5041 1238 5096 demum
1273 5040 1399 5110 quis
1430 5037 1871 5108 nomine'bujus
1893 5038 2076 5095 subsi-

493 5136 753 5191 stentiam
813 5134 1089 5206 appellare
1131 5132 1410 5199 voluerit;
1459 5146 1694 5202 cumque
1736 5132 1968 5186 mendax
2002 5131 2076 5186 sit

489 5247 560 5286 ea
598 5229 904 5303 propositio
957 5225 1061 5300 (ιι),
1100 5226 1236 5281 nihil
1266 5225 1335 5281 ad
1389 5238 1615 5297 scapum
1668 5233 1823 5279 tuum
1863 5222 2078 5280 confert

499 5324 796 5381 diversitas
855 5331 1066 5376 naturae
1112 5320 1255 5375 inter
1304 5319 1490 5390 populi
1525 5318 1812 5375 lsraelitici
1876 5317 2073 5372 ducem

497 5430 662 5489 atque
690 5415 1102 5486 archangelum.
1135 5425 1188 5470 ct
1219 5414 1392 5471 solum
1417 5414 1685 5484 reliquum
1728 5421 1837 5474 est,
1898 5424 2078 5481 neque

497 5512 672 5567 Patris
690 5510 986 5581 separatim
1011 5509 1294 5580 proprium
1324 5522 1426 5562 nos
1447 5506 1630 5562 dicere
1655 5506 1892 5574 Spiritus
1911 5503 2078 5558 emis-

497 5606 730 5672 sionem,
766 5618 943 5675 neque
979 5618 1199 5659 rursum
1243 5599 1367 5658 Filii
1415 5599 1798 5672 proprietatem
1849 5595 2079 5653 seorsim

502 5865 538 5904 a
567 5781 844 5924 ‘(azlfigen
862 5783 1228 5840 animadvers.
1254 5781 1308 5836 in
1336 5777 1515 5835 Photii
1542 5777 1739 5832 librum
1763 5775 1831 5830 de
1861 5771 1957 5842 Sp.
1993 5771 2076 5839 S.,

541 5869 602 5904 ι..
711 5891 724 5915 ,
821 5875 864 5906 ς),

541 5869 602 5904 ιι.
637 5869 724 5915 ιιι,
755 5869 783 5915 ς
820 5869 864 5906 ri.

742 6095 772 6116 '\

2173 4589 2316 4642 κατὰ
2351 4586 2446 4639 τοῦ
2475 4585 2604 4642 Υίοῦ
2651 4587 2945 4656 λεγόμενον
2979 4588 3074 4639 καὶ
3102 4584 3196 4640 τοῦ
3231 4585 3572 4655 Πνεύματος,
3620 4582 3767 4636 κατὰ

2173 4680 2274 4750 μὲν
2299 4677 2396 4732 τοῦ
2428 4677 2562 4731 Υίοῦ
2606 4678 2993 4748 ἀληθεύεσθαι,
3039 4677 3116 4742 ὡς
3144 4680 3256 4740 τοῖς
3286 4677 3538 4738 Λατίνοις
3586 4676 3763 4736 δοκεῖ,

2171 4772 2312 4827 κατὰ
2337 4771 2395 4825 δὲ
2439 4775 2533 4824 τοῦ
2566 4772 2880 4841 Πνίεύματος
2924 4771 3133 4825 οὐκέτι.
3164 4769 3327 4824 Ἀλλὰ
3360 4771 3469 4822 τῶν
3501 4770 3604 4838 τῆς
3645 4769 3767 4822 Ἐκ-

2170 4864 2400 4935 κλησίας
2433 4863 2693 4934 κηρύκων
2723 4865 2818 4917 καὶ
2844 4864 3186 4918 διδασκάλων
3207 4862 3383 4948 οὐδεὶς
3407 4861 3545 4916 ἴδιον
3569 4863 3766 4932 εἴρηκε

2172 4957 2266 5010 τοῦ
2305 4956 2517 5028 Πατρδς
2539 4957 2640 5026 τὴν
2665 4954 2762 5010 τοῦ
2793 4955 3109 5026 Πνεῦματος
3131 4954 3408 5024 ἔκπεμψιν
3436 4953 3469 5024 ἢ
3505 4970 3768 5023 προαγω-

2173 5047 2277 5119 γὴν
2314 5048 2347 5119 ἢ
2400 5047 2670 5119 προϐολὴν
2701 5049 2734 5119 ἢ
2783 5049 3135 5119 ὲκπόρευσιν,
3163 5047 3198 5117 ἦ
3233 5047 3382 5109 ὅπως
3423 5046 3490 5100 ἄν
3548 5061 3633 5107 τις
3666 5044 3766 5111 τὴν

2174 5138 2362 5192 τούτου
2395 5137 2632 5210 ὓπαρξιν
2671 5138 2843 5192 ἐθέλοι
2877 5139 3098 5192 καλεῖνο
3147 5139 3242 5192 καὶ
3285 5136 3516 5206 ψευδοῦς
3559 5135 3764 5204 ταύτης

2174 5229 2343 5300 οὔσης
2372 5231 2472 5300 τῆς
2519 5232 2842 5302 προτάσεως
2887 5231 2950 5283 τὸ
2979 5230 3075 5283 τοῦ
3121 5213 3452 5300 δημαγωγοῦ
3505 5228 3644 5296 πρὸς
3675 5227 3762 5278 τὸν

2175 5322 2517 5393 ἁρχάγγελον
2569 5323 2865 5393 έτεροφυὲς
2913 5321 2991 5393 τῷ
3038 5320 3118 5393 σῷ
3160 5321 3347 5392 σκοπῷ
3393 5319 3742 5388 συμϐάλλεται

2178 5415 2302 5468 κατ’
2329 5412 2482 5466 οὐδέν
2507 5429 2521 5442 ·
2563 5414 2659 5467 καὶ
2693 5411 2942 5465 λείπεται
2993 5409 3179 5464 λοιπὸν
3227 5409 3368 5480 μήτε
3397 5407 3495 5460 τοῦ
3544 5404 3758 5474 Πατρὺς

2179 5506 2314 5560 ἴδιον
2344 5505 2498 5574 παρὰ
2545 5505 2712 5576 μέρος
2763 5504 2901 5574 μήτε
2938 5503 3030 5556 τοῦ
3067 5501 3196 5555 Υἱοῦ
3234 5500 3397 5554 πάλιν
3447 5499 3574 5553 ἴδιον
3612 5495 3765 5564 παρά

2183 5599 2348 5673 μέρος
2373 5598 2555 5666 λέγειν
2585 5599 2732 5668 ἡμᾶς
2766 5595 2864 5668 τὴν
2890 5594 2987 5649 106
3031 5594 3346 5666 Πνεύματος
3377 5589 3652 5660 ἔκπεμψιν
3686 5586 3758 5656 τῷ

2215 5791 2220 5794 ·
2255 5774 2332 5846 (ί)
2359 5772 2462 5831 Pro
2488 5772 2709 5849 εἰτύχοι
2741 5771 2906 5828 Laur.
2943 5789 2955 5826 :
2983 5772 3028 5823 εί
3065 5769 3223 5841 τύχῃ.
