4042 6396
351 356 456 419 757

1119 346 1559 414 REFUTATIO
1594 341 1970 411 PHOTIANI
2008 344 2224 406 LIBRI
2267 338 2367 404 DE
2401 336 2718 405 SPIBITU
2760 342 2816 405 S.

3507 333 3614 395 758

348 469 697 542 Δαμασκηνῷ
728 467 903 540 Πατρὶ
941 468 1034 524 καὶ
1064 471 1162 539 τῆς
1186 466 1527 538 ὀίκουμένης
1575 463 1931 535 πειθομένους

2053 468 2093 515 at
2116 459 2413 526 exclusive,
2439 457 2863 522 Damascenum,
2882 454 3100 509 Patrem
3118 449 3462 522 praeclarum,
3482 444 3617 500 illud

351 563 603 637 φωστῆρι
629 561 721 616 τὸν
748 561 969 634 Πατέρα
992 561 1263 634 προϐολέα
1294 560 1383 615 διὰ
1409 559 1571 628 λόγου
1602 556 1696 612 τοῦ
1727 559 1933 625 ἐκφαν-

352 654 570 729 τορικοῢ
610 654 825 724 λέγοντι
860 652 1178 722 Πνεύματος
1214 652 1330 723 (1’)⁶
1364 654 1393 705 ὁ
1438 651 1547 719 γὰρ
1590 650 1681 704 τὸν
1712 645 1934 717 Πατέρα

351 747 436 802 διὰ
462 743 555 800 τοῦ
570 744 747 813 Λόγου
768 742 1043 815 προϐολέα»
1061 741 1236 813 λέγων
1259 740 1352 795 τοῦ
1380 738 1522 795 Πνεύ
1532 754 1698 810 ματος
1753 735 1934 792 κοινὸν

354 836 563 906 Πατρδς
594 833 843 890 mil-106
874 830 941 887 τδ
962 832 1190 904 Πνεῦμα
1216 832 1573 902 παρίστησιν.

949 923 1337 980 KEIMENON.

425 1008 516 1092 ui".
551 1019 939 1093 Παραπλήσισν
978 1018 1036 1072 δὲ
1072 1020 1188 1083 τοῖς
1232 1014 1548 1088 εἰρημένοις
1596 1014 1693 1068 καὶ
1740 1013 1931 1068 τοῦτο·

352 1115 415 1169 Ei
442 1115 505 1169 τὸ
536 1113 667 1177 ἰδιον
696 1113 790 1166 τοῦ
817 1113 1030 1186 Πατρδς
1054 1110 1269 1182 εἱς-τὴν
1313 1109 1557 1180 ἰδιότητα
1598 1105 1934 1178 μεταϐάλλε-

354 1223 446 1261 ται
475 1204 569 1259 τοῦ
600 1203 756 1271 Tia-3,
790 1205 885 1259 καὶ
926 1203 987 1257 τὸ
1013 1200 1146 1259 ἴδιον
1172 1201 1416 1267 δηλονότι
1444 1199 1539 1253 τοῦ
1584 1198 1715 1253 Υἱοῦ
1752 1197 1838 1268 εἴη
1869 1196 1935 1252 ἂν

353 1300 436 1361 είς
460 1297 559 1368 τὴν
592 1296 832 1369 ἰδιότητα
864 1294 1336 1367 μεταϐαλλόμενον
1366 1290 1725 1365 τοῦηατρός.
1750 1288 1936 1357 "Arrcti

356 1387 466 1456 γὰρ
503 1385 621 1438 ὁδὸν
651 1382 1045 1459 ᾁνατεμούσης
1076 1384 1177 1454 τῆς
1203 1381 1499 1446 δυσσεϐοῦς
1536 1379 1933 1449 γλωσσαλγίας,

352 1479 423 1532 δι’
446 1474 513 1551 ἧς
547 1476 616 1530 τὰ
652 1476 749 1546 τῆς
790 1476 1139 1539 ὑποστάσεως
1167 1471 1646 1546 χαρακτηριστικὰ
1665 1470 1937 1559 ιίδιὼματα

359 1565 722 1637 μεταπίπτειν
762 1565 856 1619 καὶ
911 1564 1420 1637 ἀντιπεριίστασθαι
1468 1563 1738 1634 βούλεται,
1774 1563 1876 1617 καί
1908 1564 1951 1616 ὁῖ

355 1658 539 1739 πατὴρ
566 1657 771 1723 αὐτοῖς,
807 1654 853 1710 ὦ
890 1654 1054 1727 βάθος
1101 1654 1388 1717 ὰσεόείαςῑ
1424 1652 1526 1725 (2)]
1576 1651 1935 1735 ὑπελεύσεται

352 1732 455 1822 τὴν
480 1751 750 1820 γέννησιν,
793 1749 883 1803 ὅτε
913 1746 1236 1818 γεγέννηται
1265 1751 1292 1800 ὁ
1326 1746 1454 1811 rw;
1475 1763 1486 1775 '
1522 1741 1629 1799 ἔδει
1650 1732 1780 1815 ’γὰρ
1808 1745 1935 1808 τοὺς

351 1818 536 1901 ’πάντα
564 1818 862 1916 τολμητὰς,
901 1845 979 1910 ὡς
1006 1845 1173 1910 ἔοικε,
1204 1843 1339 1915 μηδὲ
1387 1843 1485 1915 τὴν
1510 1841 1770 1914 τοιαύτην
1817 1840 1939 1894 θεο-
1966 1818 2017 1879 Β

360 1939 563 2009 μαχίαν
609 1938 914 2008 ἁτόλμητον
950 1936 1146 1992 λιπεῖν.
1175 1936 1264 1991 ιϐ’.
1311 1934 1558 1990 Καθόλου
1589 1935 1645 1988 δὲ
1678 1935 1772 1989 ἐπὶ
1802 1934 1942 1988 πάν-

355 2046 467 2082 των
513 2028 621 2081 τῶν
674 2028 877 2098 κυρίως
918 2027 1083 2094 ίδίων,
1132 2026 1303 2080 ἐπειδ’
1348 2024 1415 2079 ἄν
1467 2037 1520 2079 τι
1565 2025 1772 2079 τούτων
1804 2026 1946 2080 κατά

358 2134 506 2182 τινος
552 2116 955 2189 πραγματικῶς
1011 2114 1362 2178 ὑποστάσεως
1412 2113 1521 2167 ἀπὸ
1562 2111 1674 2166 τοῦ
1710 2110 1946 2182 πρώτως

361 2209 782 2279 ὲξιδιωσαμένου
842 2205 1396 2279 μεταλαμϐανόμενον
1440 2202 1717 2274 ἀληθεύοι,
1758 2206 1807 2257 εί
1853 2204 1946 2256 καὶ

369 2302 446 2372 μὴ
472 2303 534 2354 τὸ
577 2301 796 2373 ἀξίωμα
840 2299 942 2369 τῆς
972 2294 1518 2369 ἁντιστροφῆςλαὺτῷ
1562 2294 1945 2364 συνεπάγοιτο,

363 2393 541 2445 ἐκεῖνο
568 2389 633 2462 δὴ
656 2390 721 2446 ,τὺ
749 2390 987 2461 παρέχον
1016 2389 1188 2460 ἑτέρῳ
1219 2389 1297 2459 (5)
1331 2385 1582 2459 μετέχειν
1599 2383 1691 2438 τοῦ
1721 2383 1948 2454 ίδιώμςπ.ὦ

360 2502 459 2548 τος
486 2487 578 2548 ,είς
618 2484 786 2554 ,λόγον
822 2482 1040 2555 ὁρῶμεν
1090 2481 1426 2551 ἀναγόμενον
1481 2478 1724 2549 φύσεως.
1768 2475 1948 2531 Εἰοῦεν

364 2578 503 2647 ὅπερ
526 2573 602 2647 »ἧν
655 2576 784 2635 ἰδιον
831 2575 928 2633 ἀπ’
957 2574 1134 2646 ἀρχῆς
1187 2573 1531 2643 ἐγνωσμένον
1560 2569 1657 2625 τοῦ
1698 2568 1961 2640 Πατρδς,

364 2669 522 2723 τοῦτο
550 2669 765 2723 δίδωσιν
796 2669 830 2738 ἡ
867 2666 1048 2738 τόλμα
1076 2666 1337 2736 παρεῖναι
1378 2664 1474 2719 καὶ
1502 2662 1582 2728 τῷ
1618 2660 1754 2733 Υίῷ,
1792 2677 1949 2715 συνο-

373 2759 519 2829 piam
550 2760 646 2814 καὶ
676 2760 906 2826 ἄκουσα,
939 2757 1079 2831 πρὸς
1121 2753 1235 2813 οἷον
1261 2756 1432 2829 αὐτῆς
1468 2753 1620 2818 τέλος
1649 2751 1952 2822 καταστρέ-

371 2868 465 2914 φει
495 2851 555 2907 τδρ
586 2850 901 2921 θεοστυγὲς.

925 2966 1400 3024 ΔΝΤΙΡΡΗΣΙΣ.

451 3069 552 3120 1Δ’.
567 3062 723 3119 Ἐπεὶ
736 3062 798 3117 τὺ
814 3061 1108 3129 ἀγέννητον
1125 3059 1219 3117 καὶ
1246 3056 1650 3128 ἅναίτιον,πρδς
1664 3056 1728 3126 δὴ
1745 3054 1956 3119 τούτοις

2040 551 2188 607 orbis
2218 551 2401 604 lumen
2436 558 2682 614 secutos,
2719 547 2814 617 qui
2840 560 2935 617 per
2962 544 3200 600 Verbum
3235 543 3453 595 Patrem
3489 551 3615 607 pro-

2041 641 2328 697 ductorem
2360 636 2599 707 Spiritus
2662 636 2916 708 producit
2971 635 3285 693 revelantis.
3334 628 3440 696 Qui
3469 628 3615 682 enim

2038 732 2259 789 Patrem
2292 731 2426 789 dicit
2456 732 2839 800 productorem
2869 728 3104 800 Spiritus
3159 741 3252 798 per
3276 722 3539 786 Verbum,
3573 719 3620 773 is

2040 839 2383 882 communem
2416 823 2679 895 Spiritum
2717 822 2895 878 Patris
2917 829 2974 877 et
3003 819 3126 875 Filii
3160 818 3422 873 declarat.

2437 968 2447 974 .
2699 910 3001 967 TEXTUS.

2113 1009 2203 1065 i8.
2237 1007 2409 1063 Amne
2437 1015 2616 1063 autem
2640 1006 2756 1078 jam
2784 1004 2945 1060 dictis
2977 1011 3032 1059 et
3071 1001 3205 1056 hoc:
3232 996 3290 1051 Si
3312 991 3466 1064 quod
3494 1003 3623 1060 pro-

2041 1103 2221 1172 prium
2250 1109 2334 1157 est
2359 1099 2537 1155 Patris
2573 1096 2904 1154 transfertur
2936 1095 2991 1149 in
3025 1090 3414 1164 proprietatem
3475 1080 3622 1143 Filii,

2043 1194 2288 1264 profecto
2318 1203 2371 1248 et
2410 1193 2557 1264 quod
2590 1192 2873 1262 proprium
2903 1187 3028 1242 Filii
3061 1186 3114 1240 in
3146 1183 3325 1238 Patris
3374 1174 3623 1250 proprie-

2043 1262 2209 1340 tatem
2260 1286 2367 1340 erit
2392 1262 2862 1341 transferendum.
2916 1276 3020 1336 Ubi
3055 1277 3201 1334 cnim
3229 1274 3395 1343 impia
3425 1276 3623 1341 garru-
3670 1262 3675 1267 ’

2044 1376 2167 1431 litas
2197 1377 2365 1431 semel
2396 1379 2610 1447 aperuit
2635 1375 2805 1439 viam,
2828 1387 2934 1444 qua
2959 1363 3425 1426 cltaractcristicre
3454 1360 3627 1430 hypo-

2043 1474 2264 1523 staseon
2314 1467 2680 1539 proprietates
2735 1475 2929 1521 mutuo
2972 1460 3203 1518 transitu
3237 1457 3374 1512 alias
3401 1453 3456 1508 in
3487 1450 3622 1505 alias

2044 1557 2280 1628 migrare
2319 1564 2374 1612 et
2413 1556 2613 1611 mutari
2645 1555 2781 1620 vult,
2822 1552 2984 1608 Pater
3006 1561 3228 1622 quoque
3270 1559 3365 1617 per
3388 1544 3536 1612 ipsos
3569 1539 3625 1608 (ο

2046 1647 2341 1719 impietatis
2406 1645 2892 1719 profunditateml)
2943 1641 3148 1699 subibit
3194 1635 3622 1711 generationem.

2043 1738 2183 1811 quia
2217 1749 2506 1811 generatus
2527 1747 2610 1795 est
2637 1737 2844 1811 Filius;
2886 1734 3173 1805 oportebat
3202 1730 3349 1786 enim
3380 1721 3629 1781 audacis-

2044 1833 2217 1893 simos
2253 1832 2387 1888 istos
2442 1845 2544 1887 nec
2579 1832 2649 1886 ab
2701 1829 2806 1885 hoc
2833 1828 3054 1900 quidem
3105 1822 3276 1894 impio
3343 1832 3483 1874 ausu
3518 1812 3626 1870 sibi

2044 1935 2372 1994 temperare.
2411 1923 2504 1981 i9.
2538 1921 2857 1979 Universim
2905 1933 3040 1975 vero
3073 1917 3128 1971 in
3154 1912 3412 1971 omnibus
3442 1922 3540 1980 per
3571 1919 3636 1961 se

2045 2015 2309 2089 propriis,
2358 2015 2581 2087 quando
2624 2012 2833 2085 aliquid
2859 2012 3057 2067 horum
3084 2011 3153 2065 de
3194 2007 3377 2076 aliqua
3408 2000 3634 2058 realiter

2048 2108 2329 2179 bypostasi
2349 2107 2420 2164 ab
2436 2123 2522 2174 eo,
2541 2105 2688 2178 quod
2711 2104 2845 2162 illud
2862 2104 2965 2159 ibi
2991 2098 3256 2173 primario
3277 2105 3339 2152 ut
3355 2092 3632 2166 proprium

2047 2200 2348 2257 vindicavit
2382 2208 2671 2271 acceptum
2727 2196 3077 2260 veriilcatur,
3122 2188 3343 2248 tametsi
3399 2185 3635 2259 dignita-

2052 2304 2162 2351 tem
2212 2293 2510 2364 reciprorae
2562 2286 2938 2346 conversionis
2984 2297 3177 2341 secum
3246 2294 3359 2337 non
3431 2277 3635 2340 trahat,

2051 2397 2290 2445 attamen
2314 2386 2472 2452 illud,
2525 2381 2675 2454 quod
2727 2379 2889 2435 alteri
2924 2376 3157 2448 praebet,
3197 2382 3256 2429 ut
3284 2367 3638 2442 proprietatis

2051 2484 2124 2538 sit
2156 2478 2453 2551 particeps,
2497 2476 2750 2531 videmus
2790 2471 2844 2526 in
2882 2475 3097 2524 naturae
3125 2462 3396 2521 rationem
3425 2458 3635 2516 reduci.

2054 2573 2112 2630 Si
2134 2587 2278 2647 ergo
2301 2569 2445 2642 quod
2478 2567 2547 2624 ab
2571 2568 2730 2623 initio
2756 2562 3035 2635 proprium
3074 2557 3252 2614 Patris
3304 2552 3642 2647 agnosceba—

2054 2646 2315 2733 tur,‘h’oe
2352 2660 2580 2721 audacia
2614 2662 2849 2717 istorum
2877 2657 3018 2713 Filio
3052 2665 3274 2725 quoque
3320 2646 3633 2703 habendum
3751 2692 3759 2696 .

2053 2760 2243 2827 tradit,
2278 2757 2502 2814 videant
2526 2753 2613 2810 vel
2666 2751 2847 2818 inviti,
2885 2763 2998 2821 quo
3021 2747 3240 2805 demum
3259 2744 3511 2814 ipsorum
3535 2738 3639 2793 im-

2053 2852 2231 2924 pietas
2252 2850 2491 2907 desinat.

2619 2955 3076 3021 REFUTATIO.

2131 3059 2281 3120 XIV.
2336 3060 2473 3118 Cum
2527 3055 2933 3114 innascibilitas
2981 3061 3034 3108 et
3075 3048 3322 3106 carentia
3366 3044 3640 3117 principii,

369 3156 470 3212 καὶ
492 3156 555 3208 τὸ
582 3154 778 3224 γεννᾷν
814 3152 947 3205 ῐδιον
973 3148 1069 3205 τοῦ
1102 3149 1317 3221 Πατρὸς
1345 3151 1460 3213 τοῖς
1509 3148 1669 3221 ἡμῶν
1710 3147 1954 3218 Πατράσι

2062 3154 2244 3212 adhuc
2271 3160 2454 3208 autem
2475 3158 2530 3207 et
2546 3145 2830 3220 generatio
2854 3142 3077 3217 (activa)
3099 3156 3132 3197 a
3162 3139 3419 3197 Patribus
3436 3137 3641 3192 nostris

371 3245 779 3315 τεθεολόγηται,
806 3241 960 3297 οὐδὲν
988 3240 1046 3295 δὲ
1075 3239 1282 3294 τούτων
1321 3238 1477 3312 παρὰ
1500 3241 1613 3304 τοῖς
1662 3237 1958 3309 Ῥωμαίοις

371 3338 778 3409 ἀπονενέμηται
815 3334 895 3405 τῷ
928 3332 1064 3405 Υίῷ,
1098 3333 1228 3391 ίδιον
1257 3332 1315 3387 δὲ
1343 3331 1438 3387 τοῦ
1484 3331 1615 3388 Υίοῦ
1640 3330 1676 3402 ἡ
1704 3330 1960 3402 γέννησις

374 3430 473 3483 καὶ
516 3429 703 3498 υίότης
738 3426 1149 3495 τεθεολογηται,
1182 3425 1277 3480 καὶ
1307 3425 1461 3481 οὐδὲν
1503 3423 1711 3479 τούτων
1750 3424 1834 3489 είς
1862 3423 1960 3479 τὸν

379 3519 600 3592 Πατέρα
656 3518 813 3589 παρὰ
863 3519 976 3580 τοῖς
1025 3517 1210 3580 αὐτοῖς
1259 3516 1614 3585 ἀναφέρεται,
1658 3515 1754 3568 καὶ
1782 3515 1816 3585 ἠ
1849 3512 1960 3567 τῶν

377 3612 659 3681 ίδιοτήτων
686 3610 769 3673 είς
796 3606 1038 3680 ἀλλήλας
1070 3606 1344 3678 μεταϐολὴ
1371 3592 1575 3677 ψευδὴς
1603 3607 1820 3669 πάντως
1843 3603 1960 3658 ἐστὶ

377 3702 472 3756 καὶ
505 3702 565 3754 τὸ
590 3702 671 3764 είς
699 3687 1229 3769 λόγον’ἀναγόμενον
1264 3696 1484 3766 φύσεως
1527 3697 1726 3768 ἰδίωμα
1755 3698 1813 3750 ἐν
1843 3698 1962 3759 ταῖς

377 3790 608 3846 ἀπδτοῦ
658 3790 889 3861 πρώτως
932 3789 1357 3861 ὲξιδιωσαμένου
1402 3790 1488 3860 ἐφ’
1519 3789 1682 3860 ἑτέρᾳ
1725 3787 1964 3859 μεταλήο

373 3885 506 3953 ψεσι
536 3882 612 3952 (.i)
635 3882 730 3936 τοῦ
783 3882 917 3937 ίδίου
952 3883 1228 3955 ἄχρηστόν
1279 3899 1365 3937 σοι
1400 3882 1839 3953 ἀπολιμπάνεται
1867 3881 1963 3937 καὶ

377 3976 691 4039 ἁσυντελές.

982 4166 1372 4220 ΚΕΙΜΕΝΟΝ.
1649 4214 1653 4217 .

459 4256 784 4314 Ἃκόλουθον
807 4256 854 4313 δ’
876 4259 986 4330 ἄρα
1016 4258 1122 4330 (5),
1146 4258 1222 4322 ὡς
1248 4253 1539 4328 ἔοικεν,.ἦν
1560 4259 1670 4322 τοῖς
1701 4258 1966 4327 ἐρασταῖς

377 4352 475 4406 τοῦ
509 4349 762 4420 ψεύδους,
792 4350 937 4404 κατὰ
966 4350 1079 4404 τῶν
1126 4350 1436 4423 ίδιωμάτων
1471 4347 1694 4418 ἐφάπαξ
1720 4350 1968 4419 ἐκμεμη-

380 4444 521 4509 νιᾶσι,
548 4441 642 4496 τοῦ
691 4442 904 4512 Πατρδς
946 4441 1040 4495 καὶ
1081 4444 1255 4512 αὐτὴν
1285 4459 1371 4515 γρ,
1393 4438 1674 4504 παντελῶς
1701 4441 1801 4508 τὴν
1832 4440 1966 4492 ὑπό-

2060 3256 2122 3304 ut
2149 3244 2328 3302 Patris
2368 3241 2681 3315 proprietas
2728 3238 3079 3311 praedicetur,
3113 3232 3249 3296 nihil
3279 3245 3412 3289 vero
3441 3229 3641 3286 herum

2062 3337 2206 3411 apud
2237 3336 2521 3392 Romanos
2550 3329 2861 3388 vindicetur
2884 3327 3056 3397 Filio;
3082 3325 3367 3400 proprium
3409 3336 3539 3379 vero
3554 3320 3641 3375 Fi—

2062 3431 2120 3486 lii
2150 3426 2435 3501 generatio
2456 3421 2725 3496 (passiva)
2770 3428 2828 3477 et
2859 3417 3053 3474 ﬁliatio
3082 3415 3274 3473 eodem
3310 3419 3472 3485 pacto
3501 3425 3653 3483 prae-r

2063 3522 2297 3584 dicetur,
2346 3516 2486 3573 nihil
2515 3530 2646 3570 vero
2719 3526 2913 3568 eorum
2944 3509 3089 3581 apud
3123 3506 3346 3565 eosdem
3377 3504 3653 3561 referatur

2063 3615 2119 3670 in
2163 3613 2381 3668 Patrem
2415 3628 2430 3664 :
2462 3608 2577 3680 jam
2616 3604 2910 3663 translatio
2941 3614 2996 3659 et
3035 3602 3297 3659 transitus
3332 3598 3564 3655 aliarum
3591 3595 3647 3650 in

2055 3707 2201 3764 alias
2238 3703 2637 3777 proprietatum
2662 3712 2892 3770 prorsus
2932 3695 3068 3751 falsa
3098 3702 3204 3757 est,
3242 3703 3300 3748 et
3336 3692 3531 3747 inutile
3559 3701 3646 3744 at-

2062 3797 2329 3870 quenihii
2361 3794 2658 3867 proficiens
2708 3789 3042 3860 relinquitur
3075 3788 3192 3844 tibi,
3211 3785 3364 3851 illud,
3395 3782 3649 3855 quod'ais

2065 3893 2120 3948 in
2171 3901 2382 3946 natura:
2434 3887 2707 3942 rationem
2742 3882 2933 3943 reduci
2984 3880 3378 3952 proprietatem
3435 3878 3491 3931 in
3517 3876 3644 3940 hoc,

2020 3978 2025 4007 ⁵
2065 3983 2213 4055 quod
2235 3983 2305 4038 ab
2339 3996 2407 4038 eo
2438 3980 2533 4051 qui
2562 3978 2670 4036 sibi
2710 3975 2976 4048 primario
2999 3983 3061 4029 ut
3092 3971 3374 4043 prOprittm
3403 3967 3650 4024 vindica!-

2067 4080 2166 4142 vit,
2200 4072 2256 4132 in
2283 4074 2390 4130 alia
2418 4072 2704 4144 proprium
2749 4066 3140 4124 transferatur.

2694 4157 2999 4216 TEXTUS.

2138 4258 2494 4326 Consequens
2516 4251 2662 4308 enim
2692 4250 2854 4312 foret,
2893 4248 2962 4302 ab
2982 4246 3110 4309 istis
3144 4243 3413 4300 mendacii
3438 4250 3652 4298 amato-

2068 4337 2223 4406 ribus
2274 4355 2469 4405 contra
2536 4343 2714 4399 Patris
2800 4339 3166 4412 proprietates
3229 4335 3402 4393 semel
3445 4335 3650 4392 debac-

2055 4442 2254 4504 cltatis,
2316 4441 2491 4511 ipsam
2574 4449 2798 4506 quoque
2881 4428 3553 4509 hypostasimvomnino
3591 4426 3647 4481 in

383 4542 572 4585 eratch
590 4528 670 4596 είς
692 4530 857 4601 φύσιν
870 4529 1135 4589 ἀναλῦσαι
1157 4534 1252 4593 καὶ
1264 4530 1325 4584 τὸ
1336 4530 1519 4585 αῐτιον
1537 4529 1674 4593 ὅλως
1690 4528 1954 4600 περιελεῖν

2072 4544 2324 4590 naturam
2354 4530 2578 4594 resolvi,
2623 4529 2697 4583 ita
2731 4536 2791 4582 ut
2819 4539 2998 4583 causa:
3034 4520 3173 4577 ratio
3203 4520 3419 4590 penitus
3447 4534 3480 4575 a
3509 4519 3653 4574 divi-

379 4622 493 4677 τῶν
539 4620 844 4694 θεαρχικῶν
887 4622 1257 4678 ὑποστάσεων.
1290 4620 1359 4678 κ’.
1392 4622 1522 4686 Ναὶ,
1566 4622 1753 4690 φασὶν,
1791 4620 1908 4674 ἀλλ’
1937 4622 1967 4672 ό

388 4714 580 4785 Σωτὴρ
636 4714 742 4785 ἔφη
796 4714 923 4777 τοὺς
986 4712 1237 4785 μαθητὰς
1295 4713 1695 4785 μυσταγωγῶν,
1748 4715 1832 4768 ὅτι
1895 4714 1965 4768 Τὸ

381 4807 630 4876 Πνεῦμα
647 4807 716 4860 ἐκ
739 4805 849 4863 τοῦ
874 4804 1024 4875 ἐμοῦ
1048 4804 1311 4875 λήψεται
1332 4805 1430 4863 καὶ
1455 4805 1784 4878 ἀναγγελεῖ
1798 4804 1965 4875 ἡμῖν.

390 4899 501 4951 Καί
521 4899 647 4952 τίνα
675 4896 744 4952 ἂν
784 4897 991 4962 λάθοις,
1028 4897 1105 4960 ὡς
1134 4898 1227 4966 ἐπὶ
1268 4896 1369 4967 τὴν
1397 4896 1492 4950 τοῦ
1526 4898 1781 4969 Σωτῆρος
1805 4897 1969 4950 κατέ-

384 5006 557 5059 φυγες
587 4989 794 5060 φωνὴν,
839 4988 939 5058 οὐχ
968 4989 1059 5042 ἶνα
1099 4987 1398 5057 συνήγορον
1428 4986 1693 5059 εΰρήπης,
1723 4987 1852 5044 ἀλλ’,
1878 4987 1969 5041 ἵνα

385 5082 479 5134 καὶ
520 5079 686 5134 αὐτὸν
717 5079 813 5134 τὸν
854 5078 1157 5149 Δεσπότην,
1184 5078 1408 5132 ἀένναον
1431 5078 1532 5147 τῆς
1563 5078 1825 5144 ἀληθείας
1857 5096 1967 5148 πη-

382 5173 487 5243 γὴν
520 5172 622 5244 (6),
675 5172 756 5236 είς
776 5170 1085 5240 διαφωνίαν
1138 5167 1478 5241 ὶξυσρίσῃςς
1508 5167 1670 5222 Οὕτω
1700 5168 1810 5240 γὰρ
1836 5171 1869 5238 ἡ
1901 5169 1969 5238 σὴ

386 5264 611 5333 γλῶσσα
650 5264 826 5318 πάντα
862 5262 1070 5333 τολμᾷν
1101 5263 1251 5315 ἐστιν
1293 5259 1528 5332 ἀσελγὴς
1558 5260 1652 5313 καὶ
1701 5259 1810 5314 τῶν
1839 5259 1969 5330 ἀλή-

388 5374 537 5411 πτων
561 5356 733 5419 λαϐὰς
762 5355 1130 5425 συμπλάττειν
1166 5356 1258 5410 καὶ
1286 5356 1538 5407 ἐπινοεῖν.
1566 5353 1638 5408 Ἐἰ
1670 5352 1778 5423 γὰρ
1809 5352 1965 5416 αὐτὸς

459 5535 539 5603 ii)
606 5533 866 5603 Enmdcnt
938 5540 1145 5603 textum
1202 5530 1446 5600 producit
1471 5530 1673 5586 Beccus
1705 5530 1885 5600 Epigr.
1926 5530 1965 5585 l.

392 5602 689 5675 (Gr.'nrtit.
730 5614 769 5658 t.
798 5602 871 5675 ll,
899 5602 1106 5675 p._5_55)
1135 5602 1400 5675 etptnultis
1434 5604 1556 5675 aliis
1613 5603 1665 5655 in
1704 5603 1863 5675 locis.
1934 5640 1959 5675 At

462 5678 538 5735 t2;
572 5675 675 5727 Pro
731 5674 908 5728 verbis
934 5671 1162 5742 ὣβάθος
1194 5673 1449 5734 ἀσεϐείας
1481 5673 1646 5726 Laur.
1677 5674 1839 5726 habet
1877 5692 1889 5727 :
1925 5672 1969 5727 ὦ

394 5746 592 5815 βάθους
616 5745 775 5799 ἀσεδ.

465 5817 544 5887 (ὃ)
578 5815 741 5871 Laur.
770 5815 946 5867 ἐκεῖνο
967 5812 1023 5868 δὲ
1054 5813 1113 5867 τὸ
1142 5813 1402 5884 παρέχειν
1439 5812 1625 5886 ἑτέρῳ.

1418 5902 1443 5906 μ
1876 5894 1961 5934 φ.

2070 4626 2156 4680 nis
2187 4622 2573 4696 hypostasibus
2595 4621 2903 4676 auferatur.

2137 4716 2227 4772 20.
2284 4714 2362 4771 Ita
2395 4730 2549 4780 sane,
2602 4713 2880 4784 inquiunt.
2918 4711 2987 4769 At
3016 4709 3270 4767 Salvator
3301 4707 3457 4775 dixit,
3483 4706 3651 4761 disci-

2069 4810 2229 4883 pulos
2252 4809 2513 4865 erudiens
2543 4815 2598 4862 et
2630 4807 2938 4869 instruens,
2971 4805 3116 4874 quod
3172 4800 3406 4872 Spiritus
3440 4801 3506 4854 de
3538 4815 3653 4852 meo

2070 4900 2291 4969 accipiet
2332 4910 2380 4954 et
2404 4897 2742 4953 annuutiabit
2767 4896 2933 4951 vobis.
2988 4892 3057 4948 Et
3084 4893 3211 4966 quis
3248 4908 3362 4957 non
3403 4890 3571 4956 videt,
3602 4899 3656 4943 te

2073 4993 2141 5047 ad
2175 4994 2315 5047 hanc
2360 4989 2664 5046 Salvatoris
2710 4985 3027 5057 confugisse
3072 5000 3282 5047 vocem,
3318 4998 3432 5039 non
3458 4990 3654 5050 utpa-

2073 5082 2368 5138 trocinium
2387 5082 2657 5146 invenias,
2689 5078 2786 5135 sed
2807 5088 2868 5132 ut
2894 5077 3073 5147 ipsum
3093 5090 3312 5147 quoque
3338 5074 3655 5136 Dominum,

2071 5188 2367 5243 perennem
2405 5172 2649 5228 veritatis
2683 5160 2911 5238 fontem,
2941 5168 3298 5226 dissonantia:
3334 5165 3657 5223 insimules?

2075 5267 2169 5321 Sic
2215 5267 2360 5321 enim
2409 5266 2594 5335 lingua
2641 5274 2730 5318 tua
2783 5264 2852 5318 ad
2911 5260 3177 5332 quidlibet
3230 5256 3706 5313 autiendumiest'

2077 5370 2269 5426 prona,
2296 5365 2349 5410 et
2378 5356 2444 5409 ad
2486 5369 2676 5419 ansas,
2705 5352 2795 5407 ubi
2836 5353 2997 5406 nullae
3052 5357 3202 5411 sunt,
3260 5344 3654 5415 contingendus

2146 5531 2222 5603 (4)
2247 5530 2377 5587 Coc.
2420 5529 2736 5603 perakﬁtpst.

2144 5600 2221 5674 t5)
2255 5603 2404 5674 Alias
2425 5601 2581 5674 ακόλ.
2614 5602 2662 5674 δ’,
2691 5600 2822 5674 ripa.

2142 5660 2225 5744 (6')
2281 5672 2445 5728 Laur.
2493 5673 2593 5744 τὴν
2640 5660 2888 5724 ὰένῖιαον.
2949 5667 3046 5737 τῆς
3083 5662 3243 5735 ἀληο.
3314 5660 3517 5733 πηγὴνο
3572 5665 3653 5726 εἰς

1953 5787 1958 5796 ι
2073 5741 2375 5816 διαφωνίαν
2398 5741 2722 5813 ὲγκαλέσῃς.
