4042 6394
379 377 484 438 765

1152 379 1591 440 REFUTATIO
1629 379 1997 440 ΡΗΟΤΙΑΝΙ
2041 381 2254 442 LIBRI
2296 381 2394 440 DE
2432 380 2748 443 SPIRITU
2789 380 2849 443 S.

3534 376 3641 438 766

375 492 598 546 δάσκειν
626 491 654 544 δ
706 493 950 564 μηδόλως
977 493 1224 566 ἐγνώσθη
1265 495 1354 549 διὰ
1397 495 1508 548 τῶν
1538 495 1826 566 ἀχράντων
1851 512 1964 565 χει-

2076 496 2356 550 tradidisse
2390 505 2444 549 et
2498 511 2596 564 per
2645 495 2817 565 ipsam
2869 494 3090 559 docere,
3139 492 3282 563 quod
3337 491 3648 545 nullatenus

376 585 518 637 λέων
553 584 904 656 προαγαγών.
938 587 1048 640 Καὶ
1081 589 1112 657 ἡ
1151 587 1250 657 μὲν
1283 588 1648 648 ὲνυπὸστατος
1681 589 1840 657 σοφία
1862 588 1960 642 τοῦ

378 674 519 729 Θεοῦ
542 677 604 729 τδ
633 677 857 746 Πνεῦμα
895 679 1246 748 μυσταγωγεῖ
1287 677 1684 749 ἐκπορεύεσθαι
1725 678 1818 732 τοῦ
1849 677 1962 732 Πα-

377 764 508 834 τρός
529 780 545 796 ·
575 767 640 820 σὺ
672 766 728 820 δὲ
760 768 950 839 ὥσπερ
975 769 1219 839 ἐλέγχειν
1251 771 1432 823 πᾶσαν
1459 771 1697 840 σπουδὴν
1721 769 1964 824 ἐπελθὼν

379 857 757 925 διαφωνοῦντα
789 860 923 930 πρὸς
948 861 1157 924 ἑαυτὸν,
1190 862 1251 915 τὸ
1289 862 1512 933 Πνεῦμα
1542 864 1767 931 κράξεις
1796 879 1961 933 μετα-

376 950 654 1004 διδάσκειν
683 951 1078 1018 ἐκπορεύεσθαι
1112 953 1169 1018 ἐξ
1194 954 1382 1019 αὑτοῦ,
1428 955 1523 1007 καὶ
1557 955 1660 1023 τῆς
1697 955 1797 1025 μὲν
1829 972 1963 1024 προ-

376 1042 546 1112 τέρας
605 1042 924 1107 ὲξίστασθαι
965 1045 1267 1112 θεολογίας,
1319 1045 1408 1098 διὰ
1449 1046 1506 1098 δὲ
1553 1046 1654 1114 τῆς
1706 1045 1965 1115 δευτέρας

379 1136 599 1204 ἐκείνης
629 1153 686 1188 τε
715 1135 1074 1206 παραφαῦλον
1117 1141 1292 1191 ποιεῖν
1314 1139 1408 1192 καὶ
1438 1138 1560 1191 οὐδὲ
1595 1139 1733 1210 αὐτῇ
1776 1140 1834 1191 τὸ
1863 1137 1962 1191 κύ-

381 1244 497 1298 ριον
533 1230 843 1298 συντηρεῖν.
876 1229 1061 1294 Ἀπαξ
1091 1231 1200 1302 γὰρ
1230 1230 1327 1300 τῆς
1366 1231 1424 1282 ὲν
1468 1229 1650 1300 χάριτι
1689 1230 1964 1297 θεολογίας

379 1318 485 1371 ὑπὸ
511 1317 610 1387 τῆς
638 1318 860 1388 χάριτος
886 1321 1361 1390 περιτρεπομένης
1388 1319 1624 1392 οὐδαμοῦ
1649 1321 1710 1373 τὸ
1745 1319 1965 1391 βέϐαιον

376 1412 477 1483 τὴν
510 1411 770 1483 διαμονὴν
803 1413 935 1484 εὑρή
947 1431 1048 1469 σει.

938 1577 1043 1629 AN
1048 1576 1248 1632 TIPPH
1251 1576 1328 1632 ΣΙ
1335 1582 1400 1636 Σ.

457 1711 554 1765 lZ'.
586 1709 861 1780 Εὐφήμει,
892 1711 1167 1785 ἄνθρωπε,
1230 1717 1324 1769 καὶ
1353 1716 1460 1769 τῶν
1485 1715 1728 1786 ἀδελφῶν
1765 1717 1838 1786 μὴ
1871 1735 1970 1771 κα-

391 1802 646 1871 ταψεύδου
697 1804 804 1856 τῶν
848 1806 979 1868 σῶν,
1013 1806 1124 1859 τῶν
1174 1807 1527 1860 Δεσποτικῶν
1568 1810 1830 1878 ῥημάτων
1869 1825 1968 1860 κα-

2067 583 2228 638 labiis
2276 584 2390 638 suis
2425 585 2736 651 purissimis
2793 583 3091 653 protulisse
3153 581 3526 650 cognoscitur.
3582 579 3648 634 Et

2067 675 2333 746 sapientia
2375 676 2593 746 quidem
2633 676 2722 730 Dei
2762 691 2857 744 per
2912 689 2970 730 se
3016 675 3326 730 subsistens
3376 673 3642 742 Spiritum

2066 769 2233 822 tradit
2259 768 2552 837 procedere
2585 783 2616 823 a
2651 767 2845 835 Patre;
2879 776 2934 822 tu
2971 782 3104 822 vero
3134 768 3280 821 omni
3308 767 3649 822 contendens

2066 860 2272 926 studio,
2315 861 2469 914 illum
2503 862 2662 932 quasi
2716 861 3093 917 dissonantem
3148 859 3252 914 sibi
3299 859 3646 927 redarguere,

2066 955 2268 1009 clamas
2297 953 2475 1024 ipsum
2540 961 2750 1007 mutato
2788 953 3019 1007 consilio
3064 952 3316 1006 docuisse
3384 948 3649 1018 Spiritum

2067 1046 2136 1098 ab
2168 1045 2286 1112 ipso
2343 1043 2660 1112 procedere,
2699 1052 2754 1098 et
2802 1059 2830 1098 a
2884 1043 3051 1113 priori
3102 1042 3322 1111 quidem
3375 1039 3648 1107 theologia

2069 1136 2366 1191 recessisse
2394 1152 2409 1202 ;
2445 1150 2540 1204 per
2571 1133 2871 1191 secundam
2894 1148 3024 1187 vero
3049 1133 3194 1186 illam
3226 1131 3462 1201 priorem
3496 1143 3652 1198 spre-

2069 1231 2236 1290 visse,
2276 1228 2387 1282 imo
2417 1242 2514 1281 nec
2547 1226 2838 1297 posteriori
2872 1228 3040 1279 robur
3072 1240 3232 1278 suum
3267 1235 3648 1277 conservasse.

2070 1322 2124 1376 Si
2151 1321 2295 1374 enim
2327 1321 2515 1392 gratiae
2546 1319 2819 1388 theologia
2847 1318 2915 1371 ab
2945 1318 3174 1386 ipsamet
3213 1315 3385 1386 gratia
3423 1313 3653 1368 subver—

2069 1423 2240 1475 tatur,
2282 1426 2555 1481 nusquam
2585 1409 2741 1464 firma
2776 1411 2976 1480 poterit
3008 1421 3354 1478 permanere.

2632 1565 3085 1626 REFUTATIO.

2141 1707 2306 1766 XVII.
2342 1705 2509 1771 Tace,
2537 1707 2723 1772 homo,
2753 1705 2863 1760 noli
2893 1713 3085 1759 contra
3117 1700 3314 1755 fratres
3353 1707 3476 1753 tuos
3499 1712 3659 1751 men-

2072 1805 2160 1858 tiri
2190 1801 2578 1857 calumniando
2611 1814 2729 1865 eos,
2760 1795 3178 1867 quasi-Domini
3235 1791 3418 1846 verbis
3468 1789 3662 1843 illudeo

395 1897 694 1965 τορχείσθαι
759 1899 854 1950 καὶ
903 1898 1341 1967 καταψεύδεσθαι
1387 1900 1690 1953 διαϐάλλων
1747 1901 1966 1966 αὐτοὺς,

2077 1908 2200 1952 rent
2218 1906 2271 1950 et
2305 1895 2656 1954 insultarent.
2685 1907 2748 1945 ac
2779 1892 2887 1944 tria
2924 1889 3026 1942 ista
3061 1902 3156 1956 per
3185 1884 3517 1948 calumniam
3546 1882 3659 1935 Do-

391 1988 482 2040 καὶ
510 1988 635 2057 τρία
663 1988 838 2042 ταῦτα
869 1990 1344 2057 συκοφαντοῦντας
1375 1993 1464 2044 τὸν
1485 1991 1764 2062 Δεσπότην
1789 1990 1963 2059 λέγων

383 2078 602 2142 αὐτοὺς,
640 2080 812 2133 εἰπεῖν
845 2080 873 2134 ὃ
923 2081 1000 2151 μὴ
1039 2075 1185 2144 εἷπε,
1231 2083 1304 2152 μὴ
1353 2085 1532 2135 εἰπεῖν
1563 2084 1700 2152 ὅπερ
1722 2077 1842 2134 εἷπε
1870 2083 1964 2136 καὶ

381 2171 507 2224 νοῦν
538 2172 873 2226 ἐκδιδάσκειν
904 2177 968 2243 τῇ
1007 2173 1172 2226 αὐτοῦ
1217 2175 1579 2244 μυσταγωγίᾳ.
1625 2172 1962 2243 μαχόμενον.

382 2266 479 2315 καὶ
512 2266 578 2334 τῇ
635 2265 972 2336 συκοφαντίᾳ
1016 2265 1190 2338 ταύτῃ
1227 2265 1488 2335 τέταρτον
1539 2264 1873 2336 προστιθεὶς,
1903 2264 1964 2317 τὺ

390 2355 635 2422 εἰσάγειν
664 2356 824 2424 δῆθεν
854 2357 1078 2418 τούτους
1102 2357 1264 2409 αὐτὸν
1286 2356 1804 2425 άντινομοθετοῦντα
1835 2355 1962 2408 ἐαυ-

379 2445 460 2513 τῷ
483 2464 498 2478 ο
538 2447 712 2500 ταῦτα
756 2449 865 2518 γάρ
911 2450 1089 2503 πάντα
1120 2450 1221 2502 οὐκ
1255 2447 1476 2502 ἄλλοθεν
1521 2447 1638 2501 ἀλλ’
1689 2449 1746 2514 ἐξ
1783 2448 1964 2503 αὐτῶν

381 2538 491 2590 τῶν
523 2537 582 2590 ἐν
614 2538 965 2604 Εὑαγγελίοις
991 2538 1084 2592 τοῦ
1116 2540 1368 2609 Σωτῆρος
1398 2537 1592 2606 φωνῶν
1618 2538 1708 2591 τὸν
1735 2538 1958 2608 ἔλεγχον

383 2627 618 2693 ἕξουσιν.
666 2631 725 2684 Et
755 2632 862 2702 γὰρ
890 2633 1255 2700 συκοφαντίαν
1281 2632 1375 2684 τοῦ
1409 2631 1661 2702 Σωτῆρος
1682 2636 1795 2695 τοῖς
1828 2634 1965 2686 Ῥωο

388 2721 568 2786 pater;
595 2720 956 2788 ὲγκαλεῖς,ὠς
985 2722 1150 2775 αὑτοῦ
1187 2722 1306 2790 μὲν,
1328 2724 1428 2775 Ἐκ
1456 2721 1564 2776 τοῦ
1583 2721 1752 2790 ἐμοῦ,
1780 2722 1964 2774 εἰπόν-

383 2828 415 2864 τ
449 2829 498 2874 ς.
520 2813 806 2880 λήψεται,
840 2814 954 2867 ἀλλ’
984 2815 1085 2866 οὐκ
1112 2815 1180 2878 ἐξ
1207 2814 1375 2884 ἐμοῦ,
1401 2814 1509 2867 τῶν
1540 2814 1596 2866 δὲ
1625 2815 1653 2867 ὃ
1685 2814 1782 2885 μὲν
1811 2808 1965 2878 οὗτος

386 2904 612 2972 εἴρηκεν
646 2905 1036 2974 ἀναιρούντων,
1065 2905 1092 2958 ὃ
1121 2906 1176 2959 δὲ
1205 2905 1304 2959 οὐκ
1334 2907 1537 2976 ἔφησεν
1569 2907 1645 2970 ὡς
1675 2907 1965 2978 εἰρημένον

391 2992 859 3062 συγκροτοῦντων·
892 2993 1064 3056 οὐδεὶς
1091 2993 1198 3047 τῶν
1223 2993 1314 3047 τοῦ
1346 2995 1678 3064 Εὐαγγελξου
1709 2997 1966 3066 μαθητῶν

386 3083 718 3154 ἀνέγκλητος
782 3088 934 3154 μενεί
988 3089 1140 3158 παρὰ
1177 3087 1261 3140 σοὶ
1316 3087 1392 3149 ὡς
1447 3087 1648 3151 πολλὰς
1685 3089 1826 3159 τάχα
1877 3091 1967 3142 καὶ

385 3170 676 3246 διαφόρους
704 3177 804 3246 τοῦ
833 3178 1163 3247 Εὐαγγελίου
1194 3178 1592 3232 διαὸαλλόντων
1617 3180 1919 3248 περικοπὰς
1945 3194 1963 3211 ⁶

2077 1991 2228 2044 mino
2262 1987 2601 2056 adiungerent,
2631 1985 2816 2038 dicere
2863 1997 2985 2050 quae
3007 1995 3116 2034 non
3147 1978 3308 2042 dixit,
3336 1991 3445 2031 non
3476 1975 3662 2028 dicere

2065 2098 2187 2153 quae
2216 2082 2374 2145 dixit,
2399 2089 2456 2136 et
2491 2078 2814 2134 sententiam
2844 2075 3041 2129 docere
3071 2087 3184 2128 sum
3228 2071 3399 2139 ipsius
3438 2069 3660 2122 institu-

2066 2176 2199 2230 tioni
2241 2181 2633 2244 repugnantem
2653 2188 2669 2237 ;
2693 2177 2949 2240 quartum
2973 2166 3195 2234 insuper
3223 2161 3352 2216 huic
3376 2159 3661 2214 calumniae

2066 2269 2336 2334 addendo,
2393 2267 2537 2337 quod
2591 2263 2692 2333 ipsi
2750 2260 3044 2315 Dominum
3111 2256 3330 2310 sibimet
3380 2249 3661 2308 contraria

2068 2360 2403 2417 sancientem
2457 2358 2799 2412 inducerent.
2838 2353 2967 2406 Haec
3011 2349 3155 2404 enim
3199 2344 3382 2402 omnia
3429 2357 3536 2398 non
3566 2339 3664 2395 ali-

2068 2453 2231 2516 unde,
2273 2451 2364 2506 sed
2403 2466 2466 2505 ex
2515 2450 2650 2521 ipsis
2682 2444 2989 2503 Serratoris
3043 2440 3266 2496 vocibus
3303 2438 3357 2492 in
3415 2438 3660 2502 Evange-

2066 2545 2154 2600 liis
2205 2543 2497 2610 descriptis
2549 2539 2935 2596 refutationem
2974 2533 3383 2588 nanciscentur.
3442 2525 3578 2580 Nam
3613 2524 3659 2578 si

2067 2634 2332 2690 Romanis
2361 2635 2518 2704 quasi
2565 2629 2897 2687 calumniam
2943 2624 3173 2680 Domino
3206 2622 3408 2676 illatam
3465 2628 3664 2683 expro-

2061 2727 2214 2793 bras,
2260 2727 2404 2797 quod
2451 2727 2566 2796 ipse
2600 2724 2819 2794 quidem
2853 2721 3077 2785 dixerit,
3141 2717 3212 2772 De
3263 2729 3375 2768 meo
3411 2711 3661 2777 accipiet,

2069 2832 2176 2872 non
2231 2831 2360 2872 vero
2392 2815 2468 2870 De
2494 2832 2596 2875 me.
2621 2812 2709 2869 isti
2735 2822 2913 2866 autem
2931 2811 3074 2880 quod
3101 2808 3188 2862 ille
3207 2804 3364 2868 dixit,
3385 2802 3578 2857 tollant
3595 2801 3664 2856 de

2069 2911 2270 2973 medio,
2293 2910 2437 2979 quod
2465 2923 2596 2963 vero
2614 2923 2722 2961 non
2750 2904 3080 2972 dixit,quasi
3106 2901 3310 2955 dictum
3327 2891 3661 2952 obtrudant:

2069 3020 2231 3060 nemo
2262 3002 2539 3074 Evangelii
2575 2999 2882 3070 discipulus
2924 2995 3235 3064 inculpatus
3267 2991 3409 3062 apud
3453 3000 3502 3044 te
3537 3002 3660 3042 ma-

2069 3098 2242 3163 nebit,
2274 3097 2429 3168 quasi
2463 3095 2667 3150 multas
2697 3101 2751 3148 et
2775 3093 3020 3147 diversas
3050 3085 3325 3157 Evangelii
3360 3084 3645 3154 pericopas

2074 3189 2163 3243 isti
2204 3187 2547 3243 confundant
2604 3201 2670 3240 ac
2717 3182 3108 3253 permisceant.
3140 3177 3400 3232 Protinus
3429 3174 3574 3228 enim
3607 3173 3662 3228 in

387 3268 586 3320 αὐτίκα
618 3269 726 3341 γάρ
755 3271 812 3322 ὲν
844 3271 1198 3338 Εὐαγγελῖοις
1233 3273 1262 3324 6
1291 3270 1481 3340 Σωτὴρ
1508 3270 1805 3343 διαρρήδην
1830 3271 1931 3343 βοᾷ
1950 3289 1964 3303 ο

2076 3281 2388 3352 Evangeliis
2430 3279 2692 3334 Servator
2719 3277 2922 3331 diserte
2955 3274 3158 3328 clamat
3189 3287 3204 3324 :
3247 3269 3417 3324 Nemo
3454 3281 3657 3336 cogno-

389 3361 602 3427 Οὐδεὶς
663 3361 1045 3432 ἐπιγινώσκει
1111 3365 1220 3417 τὸν
1263 3362 1401 3417 Υιὸν
1451 3365 1503 3416 εί
1543 3363 1631 3432 μὴ
1674 3366 1706 3418 ό
1740 3365 1965 3433 Πατὴρ,

383 3453 525 3508 οὐδὲ
565 3454 671 3508 τὸν
699 3453 933 3522 Πατέρα
962 3472 1050 3521 τις
1076 3455 1458 3525 ἐπιγινώσκει
1495 3457 1548 3510 el
1605 3455 1691 3524 μὴ
1729 3459 1762 3511 ό
1801 3459 1966 3520 Υἱόςο

385 3547 480 3598 καὶ
506 3544 568 3598 τὸ
599 3545 826 3616 Πνεῦμα
848 3547 941 3599 ἐπὶ
969 3550 1034 3619 τῇ
1059 3547 1257 3616 γνώσει
1291 3548 1464 3622 ταύτῃ
1493 3549 1968 3620 άποσιωπᾷ.Ἀλλ’

389 3639 438 3689 οἱ
475 3637 574 3708 τῆς
601 3637 964 3708 εὐαγγελικῆς
990 3639 1264 3711 ὑποφῆται
1299 3641 1376 3710 (1)
1410 3639 1690 3708 θεολογίας
1715 3642 1776 3695 τὸ
1809 3643 1971 3713 ῥητὸν

385 3731 546 3785 τοῦτο
581 3733 681 3784 οὐκ
704 3735 782 3795 είς
808 3732 1093 3798 διαστολὴν
1123 3731 1356 3805 ῥηθῆναι
1386 3733 1480 3787 τοῦ
1508 3733 1824 3803 Πνεύματος
1848 3735 1974 3807 ἐξη-

393 3823 638 3893 γοῦνταιο
676 3825 792 3879 ἀλλ’
822 3827 965 3891 ἐπεὶ,
997 3828 1150 3896 φασὶ,
1185 3827 1245 3880 τὸ
1271 3826 1466 3880 εἰδέναι
1493 3828 1573 3897 τῷ
1607 3827 1884 3898 Πνεύματι
1911 3829 1974 3880 ἐκ

389 3917 487 3970 τοῦ
529 3919 740 3989 Πατρός
778 3920 892 3972 ἐστι
936 3920 992 3972 ὲν
1023 3918 1100 3989 τῷ
1144 3918 1395 3986 λέγεσθαι
1438 3920 1530 3972 τὸν
1563 3920 1688 3972 Υίὸν
1715 3920 1976 3988 ὲπιγινώ·

392 4008 622 4091 σίκεσθαι
651 4010 803 4080 παρὰ
841 4009 934 4062 τοῦ
967 4008 1203 4079 Πατρὺς,
1245 4013 1637 4064 συνεπινοείται
1680 4009 1756 4081 τῷ
1799 4012 1974 4083 Πατρὶ

389 4103 485 4155 καὶ
512 4100 571 4154 τὸ
602 4101 824 4170 Πνεῦμα
843 4116 857 4130 ⁸
886 4101 980 4154 καὶ
1005 4099 1167 4152 πάλιν
1190 4102 1217 4153 6
1249 4100 1440 4170 Σωτὴρ
1466 4102 1602 4171 πρὸς
1631 4101 1722 4153 τὸν
1750 4102 1975 4154 εἰπόντα

387 4191 552 4245 αὐτὸν
586 4190 904 4243 διδάσκαλον
953 4189 1157 4258 ἀγαθὸν
1201 4189 1342 4260 ἔφη·
1383 4193 1442 4244 Τί
1480 4208 1558 4260 με
1603 4190 1801 4261 λέγεις
1831 4191 1974 4260 dra.

388 4283 536 4346 06v;
590 4282 800 4346 Οὐδείς
847 4281 1068 4351 ἀγαθὸς
1111 4283 1164 4335 ει
1201 4283 1286 4352 μὴ
1334 4277 1421 4348 εἷς
1458 4285 1490 4336 ὁ
1544 4284 1724 4358 Θεόςο
1763 4284 1856 4336 καὶ
1901 4284 1976 4348 ὡς

388 4375 451 4438 ἐξ
473 4374 738 4445 ἐπιπολῆς
769 4373 916 4426 δοκεῖ
942 4374 1004 4426 τὸ
1037 4374 1112 4444 μὴ
1142 4373 1345 4443 ἀγαθὸν
1373 4377 1822 4446 προσμαρτυρεῖν
1849 4377 1976 4428 ἐαυ-

386 4467 480 4519 τύν
505 4482 518 4496 ·
549 4465 664 4520 ἀλλ’
694 4468 744 4519 οἱ
775 4467 927 4519 αὐτοὶ
946 4469 1044 4532 τῆς
1069 4465 1435 4537 εὐαγγελικῆς
1481 4468 1767 4540 ὑφηγητα“ι
1796 4469 1977 4524 θεολο-

389 4558 519 4626 γίας
549 4557 608 4612 τὸ
661 4557 821 4629 ῥητὸν
850 4558 1202 4629 ὲξηγούμενοί
1245 4577 1428 4630 φασιν,
1462 4561 1556 4624 ¹ὡς
1603 4561 1632 4613 6
1686 4563 1888 4634 Κύριος
1918 4565 1974 4618 ὲν

389 4650 744 4719 Εὑαγγελίοις
789 4650 894 4721 ἔφη
925 4650 1104 4715 τοῦτο,
1148 4652 1268 4721 οὐχὶ
1301 4652 1406 4715 ἔξω
1437 4653 1609 4716 τιθεὶς
1653 4655 1848 4708 ἑαυτὸν
1876 4654 1978 4726 τῆς

387 4745 485 4798 τοῦ
523 4745 728 4815 ἀγαθοῦ
759 4745 990 4815 φύσεως,
1024 4745 1163 4800 ἀλλὰ
1207 4747 1420 4816 πρῶτον
1465 4747 1667 4817 ἀγαθὸν
1711 4744 1855 4802 εἶναι
1888 4750 1977 4802 τὸν

393 4839 615 4910 Πατέρα
636 4839 830 4910 δηλῶν.
857 4839 924 4892 Τί
947 4839 1076 4908 γοῦν
1103 4839 1357 4911 περὶτῶν
1379 4839 1522 4893 οὕτω
1545 4841 1720 4895 ταῦτα
1747 4841 1978 4912 ἐξηγου-

395 4932 575 5001 μένων
607 4935 752 5003 ἐρείς
776 4927 958 5002 ;⁷Αρά
982 4949 1048 5000 γε
1075 4933 1272 5001 φήσεις
1300 4930 1328 4984 ὃ
1357 4931 1456 5000 μὲν
1484 4933 1707 5004 εἴρηκεν
1735 4933 1761 4986 6
1791 4934 1981 5006 Σωτὴρ

389 5024 750 5096 ἀναιροῦντας
787 5025 1008 5092 αὐτοὺς,
1064 5023 1093 5076 ὃ
1115 5024 1171 5077 δὲ
1198 5023 1300 5077 οὐκ
1327 5023 1495 5094 ἔφησε
1541 5025 1981 5094 συγκροτοῦντας

351 5190 355 5192 _
387 5118 464 5183 ὡς
502 5119 827 5190 είρημένον;
858 5121 970 5174 Καὶ
995 5121 1122 5172 ὅταν
1145 5118 1200 5172 δὲ
1223 5118 1355 5190 λέγῃ
1406 5121 1436 5173 6
1485 5118 1690 5188 Κύριος
1719 5119 1849 5191 περὶ
1877 5119 1980 5190 τῆς

387 5215 603 5285 ἡμέρας
651 5213 872 5284 ἐκείνης
907 5213 942 5283 ἢ
991 5213 1090 5283 τῆς
1146 5213 1296 5282 ὧρας
1344 5211 1549 5282 μηδένα
1589 5211 1808 5275 εἰδέναι,
1845 5209 1980 5280 μηδὲ

388 5307 512 5368 τοὺς
542 5305 806 5372 ἀγγέλους
832 5305 942 5358 τῶν
975 5305 1242 5375 οὐρανῶν,
1271 5305 1318 5356 εἰ
1344 5303 1420 5374 μὴ
1446 5307 1536 5356 τὸν
1561 5302 1730 5357 αὐτοῦ
1760 5300 1980 5371 Πατέρα

393 5398 578 5467 μόνον,
601 5399 651 5450 οἱ
680 5398 737 5452 δὲ
754 5397 864 5451 τῶν
889 5397 1260 5466 εὐαγγελικῶν
1291 5397 1554 5468 ἐξηγηταὶ
1581 5395 1757 5463 λόγων
1785 5394 1980 5463 φασὶν,

389 5489 462 5550 ὡς
495 5493 522 5543 6
553 5488 756 5560 Κύριος
787 5489 849 5543 τὸ
879 5489 1074 5544 ἑαυτοῦ
1116 5489 1408 5560 πρόσωπον
1446 5489 1521 5552 ὡς
1542 5485 1981 5558 ὁμολογούμενον

394 5585 837 5652 παρασιωπήσας
865 5582 1066 5636 εἰδέναι
1103 5584 1194 5636 τὸν
1227 5583 1450 5652 Πατέρα
1489 5581 1653 5651 μόνον
1685 5577 1843 5650 φησὶ,
1879 5577 1977 5648 τὴν

395 5673 486 5725 τοῦ
518 5674 729 5742 Πατρὸς
759 5674 958 5744 γνῶσιν
988 5673 1130 5728 κατὰ
1155 5673 1216 5726 τὸ
1257 5672 1613 5744 σιωπώμενον
1657 5673 1752 5724 καὶ
1780 5668 1977 5723 ἑαυτοῦ

473 5839 548 5911 (ι)
610 5837 774 5893 Laur.
829 5837 866 5893 l.
951 5837 1094 5892 18:2:

2006 4603 2054 4662 ι)

2068 3378 2170 3432 scit
2201 3375 2406 3430 Filium
2447 3375 2551 3428 nisi
2575 3373 2758 3437 Pater,
2789 3385 2951 3440 neque
2983 3367 3206 3443 Patrem
3244 3364 3361 3434 quis
3397 3360 3665 3432 cognoscit

2069 3470 2178 3525 nisi
2214 3467 2412 3530 Filius,
2454 3476 2618 3537 atque
2644 3462 2908 3535 Spiritum
2939 3461 3098 3531 plane
3131 3458 3186 3512 in
3222 3457 3324 3511 hac
3351 3451 3664 3524 cognitione

2085 3562 2304 3618 silentio
2371 3558 2756 3629 praetermittit.
2817 3553 2925 3609 Sed
2973 3551 3302 3620 evangelicae
3381 3545 3667 3614 theologia:

2075 3653 2409 3722 interpretes
2437 3650 2644 3704 dictum
2686 3649 2790 3702 hoc
2833 3661 2941 3700 non
2992 3643 3059 3698 ad
3092 3640 3333 3711 Spiritus
3368 3635 3540 3691 sancti
3577 3649 3670 3686 ex-

2074 3743 2374 3800 clusionem
2420 3740 2692 3811 prolatum
2741 3753 2862 3792 esse
2891 3741 3173 3803 exponunt
3213 3745 3231 3784 :
3293 3743 3480 3782 verum
3539 3740 3663 3780 cum

2075 3834 2335 3904 Spiritus,
2368 3834 2542 3896 aiunt,
2572 3847 2639 3884 ex
2688 3829 2847 3883 Patre
2878 3827 3078 3880 habeat
3107 3822 3268 3884 seire,
3301 3821 3432 3874 dum
3461 3817 3665 3870 dicitur

2069 3926 2114 3999 _F
2122 3926 2246 3981 ilius
2303 3940 2333 3979 a
2381 3922 2546 3978 Patre
2601 3921 2884 3999 cognosci,
2924 3915 3086 3973 simul
3129 3929 3254 3968 cum
3304 3909 3465 3964 Patre
3502 3907 3666 3961 etiam

2079 4017 2319 4085 Spiritus
2382 3987 2734 4084 intelligitur:
2788 4011 2854 4066 Et
2908 4025 3124 4066 rursum
3161 4005 3410 4060 Salvator
3443 4002 3515 4065 ei,
3570 4002 3662 4068 qui

2076 4108 2254 4178 ipsum
2310 4107 2628 4176 magistrum
2685 4105 2885 4158 bonum
2939 4107 3256 4160 vocaverat,
3286 4094 3471 4149 dixit:
3520 4089 3664 4156 Quid

2075 4215 2156 4253 me
2184 4200 2315 4252 dicis
2347 4198 2582 4254 bonum?
2644 4193 2813 4249 Nemo
2851 4194 3014 4252 bonus
3074 4188 3176 4242 nisi
3211 4186 3356 4240 solus
3401 4183 3535 4243 Deus
3561 4197 3582 4247 ;
3613 4189 3670 4234 et

2085 4291 2255 4346 veluti
2313 4288 2604 4344 manifeste
2638 4284 2887 4342 attestari
2921 4283 3138 4337 videtur
3167 4293 3272 4332 non
3319 4277 3522 4330 bonum
3547 4285 3670 4325 esse

2076 4379 2339 4450 seipsum.
2389 4378 2460 4432 At
2518 4377 2684 4432 iidem
2740 4373 3067 4442 evangelicae
3149 4365 3440 4435 theologia:
3499 4361 3670 4415 inter-

2078 4479 2258 4540 pretes
2289 4471 2389 4524 hoc
2412 4469 2617 4524 dictum
2640 4466 2993 4535 explanantes
3023 4460 3264 4520 tradunt,
3299 4454 3582 4510 Dominum
3612 4452 3666 4505 in

2084 4539 2387 4627 Evangeliis
2461 4556 2568 4611 hoc
2625 4554 2849 4616 dixisse,
2890 4566 3000 4605 non
3063 4564 3095 4602 a
3150 4558 3342 4600 natura
3393 4539 3520 4597 boni
3576 4555 3666 4594 se-

2086 4653 2268 4722 ipsum
2315 4650 2719 4713 excludentem,
2772 4646 2866 4702 sed
2901 4644 3136 4714 primum
3175 4640 3375 4693 bonum
3401 4650 3526 4690 esse
3568 4631 3668 4686 Pa-

2090 4758 2227 4803 trem
2254 4746 2650 4801 declarantem.
2678 4739 2820 4807 Quid
2853 4739 3018 4809 igitur
3043 4735 3192 4790 dices
3217 4732 3284 4786 de
3325 4731 3415 4792 iis,
3446 4727 3541 4798 qui
3569 4727 3672 4780 hoc

2086 4854 2250 4914 pacto
2278 4843 2383 4896 ista
2408 4833 2750 4908 explanant?
2789 4835 2870 4888 An
2905 4834 3057 4885 dices
3086 4843 3182 4884 eos
3225 4840 3348 4897 quas
3376 4823 3512 4878 dixit
3542 4821 3672 4892 qui.

2087 4936 2209 4992 dem
2240 4937 2520 4997 Servator,
2545 4947 2576 4987 e
2605 4929 2788 4985 medio
2825 4928 3038 4990 tollere,
3065 4940 3189 4995 qua:
3226 4937 3357 4978 vero
3389 4933 3498 4972 non
3533 4915 3672 4970 dixit

2089 5027 2239 5082 velut
2260 5025 2355 5096 _ab
2382 5039 2448 5080 eo
2497 5022 2642 5078 dicta
2673 5017 3021 5076 obtrudere?
3050 5017 3119 5072 Et
3150 5013 3372 5086 quando
3414 5008 3678 5063 Dominus

2087 5117 2244 5182 dicit,
2289 5115 2357 5170 de
2400 5112 2493 5168 illa
2525 5111 2615 5167 die
2643 5109 2732 5166 vel
2785 5110 2924 5164 hora
2969 5105 3242 5160 neminem
3287 5101 3447 5161 scire,
3495 5109 3676 5163 neque

2086 5207 2315 5278 angelos
2359 5203 2649 5270 caelorum,
2683 5202 2790 5257 nisi
2837 5202 3019 5257 solum
3053 5209 3214 5252 suum
3242 5193 3484 5252 Patrem,
3509 5203 3678 5241 evan-

2085 5303 2390 5372 gelicorum
2428 5297 2724 5353 verborum
2781 5293 3128 5364 expositores
3188 5285 3435 5346 tradunt,
3494 5279 3681 5334 Domi-

2093 5369 2224 5447 num
2264 5406 2423 5446 suam
2464 5389 2639 5459 ipsius
2667 5399 2963 5457 persimam
2994 5380 3160 5435 veluti
3201 5392 3349 5440 eam,
3386 5375 3454 5428 de
3483 5386 3591 5440 qua
3621 5369 3676 5422 id

2087 5484 2142 5538 in
2179 5481 2435 5537 confesso
2457 5488 2596 5547 erat,
2627 5465 2859 5534 silentio‘
2877 5469 3298 5544 prtetermisissc
3353 5473 3408 5518 et
3458 5461 3674 5514 Patrem

2087 5577 2264 5633 solum
2298 5573 2441 5630 scire
2462 5572 2787 5634 asseruisse,
2838 5565 3125 5624 scientiam
3164 5558 3340 5616 Patris
3370 5553 3674 5612 secundum

2091 5666 2430 5723 reticentiam
2456 5667 2618 5722 etiam
2657 5679 2812 5721 suam
2845 5674 2966 5716 esse
2997 5657 3290 5712 dicentem.
3324 5651 3466 5707 Num
3493 5649 3678 5716 itaque

1151 5833 1462 5906 ὑποφῆται,
1515 5835 1640 5891 fort.
1703 5829 1983 5902 ὑφηγηταί
2016 5839 2072 5885 ut
2100 5828 2264 5884 infra.
