4042 6404
418 355 521 417 769

358 590 365 599 π
413 560 675 631 ὁδηγήσει
704 565 849 632 ἡμᾶς
872 567 950 630 εἰς
977 568 1159 619 πᾶσαν
1189 566 1288 637 τὴν
1311 565 1569 635 ἀληθειαν
1596 579 1607 592 ·
1646 564 1739 616 καὶ
1767 561 1860 615 σοῦ
1890 561 1988 630 μὲν

417 655 902 724 μυσταγωγοῦντος
943 657 1023 711 ἔτι
1065 657 1295 727 δεόμεθα
1339 657 1431 711 καὶ
1469 655 1659 723 σοφίας
1707 654 1990 722 δυνάμεως

413 746 508 797 καὶ
542 744 802 814 ἀληθείας
828 763 841 777 ·
872 749 1077 811 ἐκεῖνος
1113 749 1167 801 δὲ
1196 746 1585 818 παραγεγονὼς
1616 746 1831 799 πάντων
1855 747 1989 815 ἡμῖν

416 836 515 905 τὴν
542 836 840 890 ἀπόλαυσιν
865 839 1093 908 ἄφθονον
1112 841 1404 910 παράσχοι.
1432 839 1491 892 Εί
1515 839 1694 891 τοίνυν
1714 839 1775 892 σὺ
1794 837 1983 906 ταῦτα,

413 928 446 995 ἡ
499 927 862 992 ὲνυπόστατος
913 928 1074 997 (regis.
1117 933 1210 982 καὶ
1257 930 1504 993 ἀλήθεια,
1555 928 1844 991 διδάσκεις,
1890 929 1988 980 οὐκ

409 1020 780 1083 ἐπιδιστάζειν
814 1022 960 1089 ἡμᾶς
990 1022 1236 1090 προσῆκε
1270 1022 1362 1073 καὶ
1395 1021 1491 1089 τῆς
1525 1021 1662 1090 πρὸς
1703 1020 1764 1072 τὸ
1802 1019 1987 1089 μεῖζον

409 1112 840 1181 ἐξαλλαττούσης
864 1115 1028 1182 τιμῆς
1066 1130 1122 1165 τε
1156 1115 1248 1167 καί
1292 1111 1475 1180 δόξης,
1502 1113 1560 1165 τὸ
1592 1112 1812 1182 Πνεῦμα
1855 1110 1987 1181 παρ’

411 1202 569 1273 ἡμῶν
597 1201 898 1269 ἀξιοῦσθαι.

483 1298 599 1358 κς¹.
640 1293 859 1362 Ἐπειδὴ
904 1292 995 1346 οῦν
1028 1293 1095 1346 τὰ
1147 1292 1330 1363 ὑψηλὰ
1366 1293 1495 1358 περὶ
1540 1292 1631 1345 τοῦ
1668 1291 1985 1361 Πνεύματος

408 1386 715 1452 εἰσηγεῖται
748 1385 850 1454 μὲν
874 1386 990 1448 τοῖς
1020 1383 1290 1455 μαθηταῖς
1317 1387 1343 1437 6
1373 1385 1584 1453 Σωτὴρ,
1612 1382 1986 1445 ἀποσκευαζό-

412 1479 572 1548 μενδς
596 1494 655 1529 τε
692 1476 871 1530 αὐτῶν
909 1476 968 1528 ab
1005 1478 1269 1546 ἀθυμοῦν,
1303 1475 1419 1546 ἅμα
1445 1477 1499 1529 δὲ
1535 1477 1628 1530 καὶ
1666 1475 1727 1529 τὸ
1760 1474 1983 1544 Πνεῦμα

411 1573 468 1622 ἐν
513 1567 742 1639 ἀληθείᾳ
786 1566 1073 1636 θεολογῶν,
1128 1569 1406 1637 λογισμοῖς
1449 1567 1495 1621 δ’
1544 1565 1883 1638 ἀνθρώπινον
1914 1561 1984 1638 ἦν

409 1662 509 1715 οὐκ
543 1661 795 1728 εύαγέοιν
841 1659 1308 1729 ἀνακυμαίνεσθαι
1339 1659 1429 1711 τὸν
1478 1659 1603 1711 νοῦν
1647 1659 1756 1712 τῶν
1802 1659 1982 1730 μαθη-

412 1750 523 1805 τῶν
547 1766 560 1779 ·
593 1749 763 1802 δεινὸν
793 1750 901 1818 γὰρ
936 1749 968 1815 ἡ
997 1746 1145 1817 ψυχὴ
1169 1747 1312 1817 λύπῃ
1344 1747 1571 1816 κάτοχος
1599 1745 1862 1819 γενομένη
1888 1747 1983 1799 καὶ

417 1844 478 1896 τὶ)
507 1842 780 1912 κριτήριον
828 1838 986 1910 ἀχλύῖ
1022 1838 1510 1893 συναναθολὼσασα
1554 1838 1654 1907 τῆς
1685 1838 1986 1907 μεταϐολῆς

417 1935 480 1987 τὸ
528 1934 787 2002 σωτήριον
840 1930 1251 2000 ἀντιμεθέλκειν
1302 1931 1382 1995 εἰς
1433 1928 1491 1983 τὺ
1548 1928 1845 2000 βλαϐερόν”
1899 1930 1988 1983 διὰ

410 2025 568 2077 τοῦτο
606 2021 678 2086 ὠς
729 2022 795 2076 ἂν
833 2020 908 2091 μὴ
956 2021 1017 2073 τὸ
1067 2020 1292 2090 Πνεῦμα
1350 2018 1533 2091 μεῖζον
1573 2020 1986 2095 παραδέξωνται

406 2113 505 2169 τοῦ
531 2113 685 2175 Υίοῦ,
719 2114 813 2168 ἅτε
846 2114 909 2183 δὴ
959 2114 1030 2166 τὰ
1065 2113 1236 2184 μείζω
1268 2113 1679 2185 παρεχόμενον,
1705 2114 1800 2166 καὶ
1841 2114 1988 2180 λογι-

406 2206 545 2275 σμὸς
586 2206 771 2268 αὐτοῖς
818 2203 1033 2258 ἐπέλθοι
1061 2205 1159 2274 τὴν
1210 2205 1483 2275 διλοφυταν
1531 2204 1768 2274 ὑϐρίζων
1809 2205 1902 2257 καὶ
1927 2203 1987 2257 τὸ

408 2298 658 2366 ἰσότιμον
690 2294 871 2348 αὐτῶν
901 2295 981 2357 είς
1018 2294 1312 2364 ἀνισότητα.
1362 2293 1628 2359 διασπῶν,
1659 2294 1733 2357 ὠς
1766 2293 1985 2363 ἄριστος

406 2390 506 2442 καὶ
541 2387 650 2441 τῶν
681 2387 946 2455 σωμάτων
984 2385 1079 2439 καὶ
1112 2387 1219 2439 τῶν
1251 2385 1439 2458 ψυχῶν
1488 2386 1671 2456 [ατρὸς
1720 2386 1776 2438 τὸ
1807 2388 1981 2457 σωτή-

409 2496 524 2550 ριον
556 2477 1063 2548 προκαταϐἁλλεται
1086 2478 1400 2549 φάρμακον.

483 2569 588 2635 κζ’.
613 2570 676 2623 El
703 2570 760 2623 δέ
779 2586 842 2638 γε
860 2571 982 2633 τοὺς
1005 2570 1250 2643 μαθητὰς
1274 2569 1347 2641 μὴ
1363 2573 1621 2642 συνεῖχον,
1651 2569 1774 2641 μηδ’
1797 2569 1985 2623 ἀνεσό-

404 2665 558 2727 ϐουν,
593 2664 729 2735 μηδὲ
758 2665 1156 2733 συνετάραττον
1189 2664 1419 2718 τοιοῦτοι
1457 2667 1703 2733 λογισμοὶ
1730 2663 1985 2735 (κρείττω

403 2758 514 2827 γὰρ
544 2734 643 2825 τῆς
675 2755 932 2825 τοιαύτης
966 2752 1282 2823 συγχύσεως
1314 2752 1406 2806 καὶ
1438 2756 1686 2824 ταραχῆς
1722 2755 1813 2806 τὸν
1842 2734 1985 2822 ἱερὸν

404 2851 617 2902 ἐκεῖνον
664 2846 826 2917 χορὸν
887 2846 1279 2917 εὐλαϐέστερον
1323 2847 1451 2909 ἴσως
1499 2844 1825 2918 ὁμολογεῖι),
1868 2846 1983 2900 ἀλλ’

405 2937 501 2991 οὖν
529 2939 557 2991 6
595 2937 694 3009 τῆς
729 2936 927 3001 κακίας
950 2937 1179 3008 εὑρετὴς
1206 2939 1299 2990 καὶ
1317 2938 1570 3009 τεχνίτης
1593 2939 1654 2990 τὸ
1684 2939 1895 3010 βέλτιον
1917 2941 1985 3012 τῇ

402 3029 498 3082 τοῦ
536 3028 780 3099 χείρονος
833 3029 1106 3099 φαντασίᾳ
1139 3027 1454 3098 περιϐαλεῖν
1507 3030 1735 3094 πολλοὺς
1764 3030 1831 3085 ἂν
1861 3032 1987 3102 ἔσχε

1188 355 1620 419 REFUTATIO
1660 354 2033 417 PHOTIANI
2074 352 2292 414 LIBRI
2334 354 2430 413 DE
2469 353 2783 416 SPIRITU
2824 351 2884 415 S.

419 487 544 541 ρους
577 471 702 541 ἡμῖν
730 473 828 545 τὴν
860 474 1118 545 ἀλήθειαν
1169 474 1516 543 ἀνεκάλυψας
1553 474 1626 543 (1)
1650 489 1663 504 -
1700 473 1907 533 ἐκεῖνος
1932 469 1982 521 δὲ

2095 477 2248 539 parte
2276 469 2431 524 nobis
2458 468 2706 524 revelasti
2733 484 2747 532 ;
2785 466 2877 522 ille
2902 474 3082 523 autem
3111 466 3165 522 iu
3190 481 3411 547 [omnem
3441 482 3541 523 nos
3565 470 3664 522 de-
3748 474 3761 481 ‘

3562 352 3669 416 770

2090 563 2253 616 ducet
2283 561 2611 625 yeritatcm?
2649 560 2727 615 A‘c
2772 568 2824 614 te
2872 560 3087 630 quidem
3138 560 3392 631 mysteria
3428 559 3662 613 docente

2089 650 2268 704 adhuc
2300 665 2522 719 egemus
2564 660 2617 705 et
2648 649 2934 718 sapientia.
2972 658 3027 704 et
3062 649 3281 715 virtute,
3311 657 3365 703 et
3399 648 3661 714 Veritate;

2089 741 2180 795 ille
2220 756 2348 796 vero
2384 743 2683 797 adveniens
2735 742 2919 796 omnia
2950 742 3111 797 nobis
3141 742 3463 809 perfruenda
3493 743 3655 796 uber-

2089 833 2228 888 rime
2262 834 2563 901 praebebit?
2594 835 2650 888 Si
2678 848 2808 904 ergo
2841 844 2918 899 tu,
2971 833 3349 889 substantialis
3384 833 3654 902 sapientia

2088 933 2144 978 et
2185 924 2407 987 veritas,
2473 906 2587 979 haec
2615 924 2801 988 doces,
2859 939 2968 979 non
3013 924 3201 992 utique
3244 924 3523 999 ambigere
3559 939 3660 976 nos

2088 1013 2264 1078 decet,
2322 1013 2583 1082 majorem
2646 1030 2866 1084 quoque
2921 1015 3188 1071 honorem
3237 1030 3301 1070 ac
3355 1015 3585 1084 gloriam
3626 1031 3657 1068 ιι

2090 1104 2246 1160 nobis
2277 1104 2502 1174 Spiritui
2530 1121 2651 1161 esse
2676 1106 3054 1162 tribuendam.

2156 1291 2246 1346 26.
2289 1290 2553 1358 Quoniam
2591 1291 2753 1360 igitur
2787 1290 3038 1345 sublimia
3075 1290 3189 1346 haec
3217 1291 3282 1345 de
3315 1291 3516 1360 Spiritu
3553 1292 3663 1348 'lis-

2086 1383 2279 1451 cipulis
2306 1382 2530 1448 exponit
2569 1380 2840 1447 Salvator,
2894 1371 3213 1436 maestitiam
3264 1383 3334 1436 ab
3369 1384 3476 1437 illis
3506 1399 3659 1437 amo-

2084 1486 2238 1536 rens,
2264 1471 2548 1540 simulque
2600 1486 2781 1526 veram
2828 1471 2896 1525 de
2936 1471 3144 1542 Spiritu
3201 1473 3505 1527 doctrinam
3549 1484 3664 1527 tra-

2084 1560 2250 1627 dens;
2308 1561 2611 1616 humanum
2664 1572 2851 1616 autem
2898 1572 3018 1617 erat
3068 1564 3493 1634 cogitationibus
3551 1581 3659 1619 non

2083 1653 2244 1723 plane
2301 1653 2459 1722 puris
2512 1652 2908 1723 discipulorum
2974 1654 3168 1723 agitari
3223 1666 3431 1710 mentes
3480 1654 3663 1727 (facile

2085 1744 2230 1797 enim
2273 1739 2453 1797 anima
2475 1757 2712 1798 mmrorc
2747 1753 2999 1815 correpta
3053 1746 3161 1800 vim
3197 1745 3480 1814 judicandi
3531 1747 3665 1801 cali-

2088 1837 2212 1907 gine
2266 1838 2594 1905 perturbans
2646 1836 2793 1905 quod
2859 1838 3101 1894 salutare
3167 1848 3251 1893 est
3324 1839 3378 1892 in
3436 1841 3656 1894 innxium

2089 1936 2261 1997 potest
2307 1927 2694 1996 detorquere);
2744 1937 3051 1998 propterea,
3111 1944 3179 1983 ne
3223 1929 3485 1998 Spiritum
3519 1929 3662 1985 Filio

2088 2018 2353 2087 majorem
2387 2019 2782 2073 arbitrarentur
2825 2029 3007 2089 utpote
3051 2020 3259 2090 majora
3306 2024 3660 2091 prmbenteui,

2088 2127 2226 2168 neve
2259 2111 2367 2167 illis
2403 2113 2510 2166 ulla
2540 2111 2799 2181 cogitatio
2829 2113 3143 2175 oboriretur
3172 2116 3663 2170 consubstantiali-

2089 2214 2252 2259 tatem
2288 2204 2487 2259 bedens
2513 2205 3256 2275 mqualitatemqueipsorum
3292 2206 3346 2260 in
3379 2208 3663 2275 itnnquali-

2088 2305 2257 2351 tatem
2314 2295 2623 2350 diStrabcns
2655 2335 2670 2360 ,
2740 2304 2800 2351 ut
2846 2297 3088 2364 optimus
3154 2306 3208 2352 et
3255 2312 3547 2368 corporum
3599 2310 3657 2353 et

2086 2387 2390 2441 animarum
2442 2376 2717 2453 medicus,
2771 2386 3010 2443 salutare
3074 2398 3343 2459 praeparat
3418 2388 3659 2445 medica-

2086 2485 2360 2533 mentum.

2154 2570 2244 2625 27.
2280 2569 2438 2636 Quod
2466 2571 2511 2626 si
2542 2569 2843 2641 apostolos,
2871 2569 3141 2641 ejusmodi
3174 2572 3531 2641 cogitationes
3558 2588 3662 2629 nec

2086 2663 2364 2729 tenebant,
2406 2676 2507 2719 nec
2562 2662 2863 2733 agitabant,
2893 2678 2995 2719 nec
3056 2664 3350 2718 turbabant
3403 2663 3663 2733 (fortasse

2084 2756 2228 2809 enim
2256 2756 2500 2810 sanctius
2534 2764 2615 2809 est
2649 2755 2831 2816 fateri,
2869 2769 3088 2808 sacrum
3117 2755 3270 2808 illum
3307 2765 3511 2813 emtum
3544 2772 3657 2811 nun

2087 2845 2254 2901 fuisse
2286 2844 2601 2915 bujusmodi
2635 2843 2946 2899 confusioni
2996 2859 3061 2897 ac
3105 2844 3508 2898 conturbationi
3558 2847 3656 2899 ob-

2084 2938 2357 3007 noxium),
2417 2945 2658 2991 attamen
2719 2935 2942 2990 malitia:
3006 2935 3259 2989 inventor
3323 2945 3379 2990 et
3455 2936 3653 2991 artifex

2050 3031 2290 3086 bonum
2341 3030 2468 3085 mali
2512 3030 2696 3099 specie
2761 3027 3245 3083 circumvesticndi
3291 3027 3660 3098 peritissimus

401 3124 501 3193 τῆς
534 3122 739 3185 οἰκείας
780 3121 1112 3191 ποιήσασθαι
1155 3120 1380 3192 θήραμα
1415 3122 1664 3193 μηχανῆς
1712 3125 1804 3177 καὶ
1829 3123 1982 3190 δόξαν

2088 3122 2289 3179 multos
2316 3122 2583 3193 potuisset
2616 3135 2729 3175 suae
2763 3120 2972 3193 fraudis
3006 3119 3243 3189 praedam
3271 3119 3511 3186 edicere,
3536 3122 3656 3189 Opi-

403 3212 786 3283 αἱρετίζουσαν
831 3213 1201 3283 κατασπεῖραι
1239 3213 1361 3275 ταῖς
1390 3212 1500 3266 τῶν
1541 3213 1843 3284 ἀνθρώπων
1879 3215 1979 3285 iliu-

402 3306 562 3375 χαῖςο
587 3305 653 3376 ἢν
692 3304 832 3376 αὐτῇ
863 3304 1136 3376 καταϐολῇ
1168 3305 1263 3358 καὶ⁸
1308 3306 1459 3376 αὕτῷ
1511 3306 1730 3379 τεχνίτῃ
1760 3308 1838 3379 (2)
1881 3326 1981 3363 κα·

403 3393 713 3465 ταισχύνων
761 3410 816 3447 τε
849 3394 943 3447 καὶ
990 3393 1361 3458 διασκεδᾶζων
1395 3395 1424 3447 6
1465 3395 1655 3466 Σωτὴρ
1695 3395 1860 3462 ὀξέως
1887 3399 1981 3452 καὶ

403 3483 724 3555 θεοπρεπῶς
782 3483 1029 3552 ἐπιφέρει
1079 3482 1273 3552 λέγων,
1320 3485 1397 3548 ὼς
1440 3487 1524 3540 Οὐ
1577 3488 1843 3555 λαλήσει
1878 3490 1981 3558 ἀφ’

400 3575 640 3639 ἑαυτοῦ,
678 3574 818 3630 ἀλλ’
845 3574 963 3628 ὅσα
995 3574 1074 3628 ἂν
1105 3576 1362 3646 ἀκούσῃ,
1392 3578 1659 3644 λαλήσει
1684 3595 1699 3611 ο
1734 3582 1831 3635 καὶ
1872 3581 1982 3653 γὰρ

403 3668 499 3719 καὶ
527 3665 656 3737 περὶ
685 3664 849 3719 αὑτοῦ
878 3661 945 3736 ἦν
974 3666 1337 3736 προειρηκὼς,
1355 3668 1436 3721 ὅτι
1456 3667 1659 3723 Πάντα
1685 3668 1723 3724 d
1743 3668 1983 3739 ἤκουσα

403 3758 564 3827 παρὰ
614 3757 721 3813 τοῦ
775 3759 1007 3828 Πατρός
1055 3777 1200 3828 μρυ,
1257 3759 1556 3829 ἐγνώρισα
1611 3762 1792 3832 ὑμῖν·
1828 3758 1978 3817 οἷον·

430 3853 644 3920 Αμφοῖν
669 3852 804 3920 ημῖν
852 3852 914 3903 ὲκ
944 3850 1038 3903 τοῦ
1071 3851 1284 3920 Πατρός
1323 3853 1440 3905 ἐστι
1482 3853 1544 3906 τὸ
1577 3853 1849 3909 διδάσκειν
1888 3857 1983 3911 καὶ

403 3942 663 4011 φωτίζειν
690 3944 789 4006 τὰς
835 3942 1074 4006 διανοίας
1109 3943 1284 4013 ὑμῶν.
1318 3943 1414 3998 Διὸ
1448 3945 1544 3998 καὶ
1595 3946 1728 4001 διότι
1774 3949 1981 4020 προῖὼν

403 4040 575 4111 ἔφησε
605 4037 850 4111 περὶτοῦ
890 4039 1120 4107 Πλτρδς,
1165 4039 1249 4093 ὅτι
1285 4040 1433 4109 Ἐγώ
1466 4056 1541 4095 σε
1586 4041 1853 4107 ἐδόξασα
1878 4045 1979 4099 ἐπὶ

404 4133 516 4201 τῆς
545 4134 658 4207 τῆς
680 4150 694 4169 ·
729 4131 867 4191 ἀλλὰ
921 4130 1013 4189 καὶ
1038 4132 1069 4189 ὁ
1101 4130 1288 4206 Πατὴρ
1317 4131 1532 4199 δοξάζει
1558 4134 1649 4188 τὸν
1675 4135 1802 4188 Υίόν
1823 4151 1837 4167 ’
1871 4136 1982 4191 Kal

401 4229 672 4295 ἐδόξασα
714 4227 845 4299 γὰρ,
879 4226 1008 4297 ἔφη,
1059 4227 1159 4281 καὶ
1188 4227 1466 4291 δοξάσω·
1505 4226 1622 4279 νυνὶ
1677 4227 1734 4280 δὲ
1784 4228 1877 4286 καὶ
1920 4227 1982 4281 τὸ

403 4321 629 4389 Πνεῦμα
662 4317 874 4383 δοξάζει
903 4320 931 4370 ὁ
960 4316 1087 4381 Υἱὸς
1133 4316 1221 4370 διὰ
1252 4316 1360 4369 τῶν
1393 4315 1813 4388 προειρημένων
1838 4316 1979 4386 ὑψη-

400 4408 511 4461 λῶν
535 4425 594 4461 τε
625 4407 718 4460 καὶ
744 4405 1068 4475 θεοπρεπῶν
1093 4406 1285 4474 (εωνῶν
1307 4420 1321 4436 ο
1352 4405 1440 4458 διὰ
1470 4406 1624 4460 τοῦτο
1652 4404 1771 4478 μετ’
1799 4406 1980 4474 ὀλίγον

2088 3216 2422 3285 nionemque
2483 3214 2795 3268 haereticatn
2843 3213 3132 3268 animabus
3181 3212 3463 3266 hominum
3507 3213 3660 3265 insc-

2087 3323 2244 3375 rere;
2301 3320 2464 3378 quam
2525 3320 2630 3359 una
2706 3320 2830 3359 cum
2893 3305 3010 3374 ipsa
3084 3302 3277 3377 fraude
3332 3301 3655 3369 fraudisque

2087 3400 2298 3454 artilice
2361 3395 2705 3452 confundens
2747 3410 2810 3450 ac
2860 3393 3134 3465 dissipans
3181 3391 3435 3447 Salvator
3495 3402 3656 3446 acute

2086 3491 2379 3547 admodum
2425 3499 2481 3545 et
2529 3490 2712 3545 divine
2759 3489 2977 3559 adjecit,
3007 3487 3150 3556 quod
3189 3484 3315 3539 Non
3346 3486 3589 3555 loquetur
3622 3502 3652 3537 ιι

2084 3585 2381 3650 semetipso,
2421 3581 2512 3635 sed
2554 3595 2876 3650 quwcunque
2918 3578 3166 3640 audierit,
3212 3580 3474 3647 loquetur.
3520 3573 3656 3630 Nam

2085 3685 2142 3732 et
2191 3673 2490 3743 deseipso
2543 3680 2702 3726 antea
2767 3668 2979 3725 dixerat
3030 3686 3045 3722 :
3100 3665 3292 3723 Omnia
3340 3683 3658 3740 quwcunque

2086 3767 2268 3822 audiri
2291 3776 2321 3819 tt
2349 3765 2511 3820 Patre
2542 3779 2678 3829 meo,
2713 3771 2839 3816 nata
2875 3761 2973 3830 feci
3004 3759 3172 3814 vobis.
3216 3759 3294 3814 Ac
3322 3759 3366 3814 si
3409 3758 3613 3813 diceret
3640 3776 3655 3813 :

2088 3858 2329 3931 Uterque
2362 3865 2609 3912 nostrum
2638 3870 2704 3909 ex
2740 3852 2902 3907 Patre
2934 3852 3095 3906 habet
3132 3851 3329 3905 docere
3354 3860 3406 3904 et
3443 3849 3648 3902 illumi-

2086 3965 2219 4006 nare
2266 3959 2472 4003 mentes
2519 3953 2748 4001 vestras.
2812 3943 2939 3998 Ideo
2982 3951 3036 3995 et
3083 3941 3210 4011 quia
3264 3939 3318 3993 in
3365 3946 3656 4009 progressu

2086 4041 2360 4099 sermonis
2420 4040 2558 4094 dixit
2603 4039 2672 4093 de
2720 4035 2880 4091 Patre
2910 4050 3011 4090 suo
3059 4051 3074 4087 :
3125 4032 3239 4103 Ego
3291 4042 3339 4086 te
3370 4030 3662 4099 clari/{cavi

2086 4148 2241 4202 super
2272 4142 2505 4196 terram;
2541 4130 2650 4183 imo
2680 4110 2735 4183 et
2755 4127 2914 4183 Pater
2945 4124 3142 4181 Filium
3184 4124 3484 4180 clariﬁcat:
3512 4138 3660 4190 nam,

2087 4225 2154 4279 Et
2180 4224 2497 4294 clariﬁcavi,
2530 4221 2731 4292 inquit,
2783 4230 2831 4274 et
2882 4220 3071 4273 iterum
3116 4217 3466 4288 clariﬁcabo;
3514 4231 3662 4270 nunc

2087 4329 2217 4370 vero
2244 4322 2298 4369 et
2326 4311 2587 4383 Spiritum
2618 4312 2886 4365 clariticat
2911 4307 3085 4362 Filius
3116 4323 3210 4376 per
3241 4307 3528 4377 praedictas
3559 4320 3659 4359 su-

2090 4405 2284 4460 bliuies
2316 4404 2635 4471 divitiusque
2660 4416 2824 4455 voces
2857 4417 2872 4454 :
2913 4399 3034 4454 ideo
3074 4398 3239 4469 paulo
3279 4408 3405 4468 post
3435 4397 3656 4452 subdit:

401 4500 676 4570 ἐπιφέρει,
709 4498 791 4552 ὅτι
837 4496 1102 4561 Ἐκεῖνος
1151 4496 1257 4566 ἐμὲ
1289 4496 1561 4562 δοξάσει,
1611 4497 1887 4569 πανταχοῦ
1919 4500 1980 4552 τὸ

2092 4497 2189 4551 ille
2238 4511 2318 4548 me
2370 4491 2711 4563 clariﬁcabt’t,
2752 4494 2956 4562 ubique
3001 4492 3525 4546 consubstantialem
3557 4506 3655 4544 na-

403 4590 687 4661 δμοούσιον
717 4588 808 4641 καὶ
838 4587 1074 4656 δμοφυὲς
1110 4587 1200 4639 καὶ
1232 4587 1293 4640 τὸ
1327 4587 1422 4655 τῆς
1449 4588 1740 4658 ὁμοτιμίας
1762 4588 1978 4659 ἀξίωμα

405 4682 682 4751 ἀκήρατον
726 4677 1014 4748 συντηρῶν
1039 4693 1054 4710 ο
1084 4675 1159 4739 ὡς
1190 4677 1255 4731 ἀν
1303 4693 1385 4737 τις
1416 4679 1557 4730 εἴποι
1580 4696 1594 4710 ·
1642 4679 1834 4733 Κοινόν
1861 4683 1978 4732 ἐστι

402 4776 500 4843 τῆς
549 4770 876 4840 ὑπερουσίου
927 4768 1020 4821 καὶ
1070 4767 1603 4839 ὑπερδεδοξασμένης
1649 4769 1877 4841 Τριάδος
1918 4771 1979 4823 τὸ

405 4863 538 4933 παρ’
587 4862 833 4932 ἀλλήλων
875 4861 1101 4930 ἀρρήτῳ
1161 4858 1306 4926 λόγῳ
1363 4857 1704 4923 δοξάζεσθαι.
1756 4860 1978 4928 Δοξάζει

404 4954 495 5006 τὸν
522 4952 740 5023 Πατέρα
769 4953 797 5004 6
825 4951 979 5013 Υἱὸς,
1019 4950 1154 5003 ἀλλὰ
1184 4952 1279 5001 καὶ
1309 4949 1336 5000 6
1369 4950 1555 5020 Πατὴρ
1595 4951 1687 5003 τὸν
1713 4950 1842 5004 Υἱδν
1890 4951 1980 5004 δο-

406 5045 557 5112 ξάζει
606 5047 697 5099 κα)⁴
740 5042 803 5097 τὸ
834 5042 1099 5111 Πνεῦμα·
1144 5042 1237 5093 καὶ
1281 5041 1388 5110 γὰρ
1431 5039 1645 5119 ἐκεῖθεν
1694 5041 1843 5110 αὐτῷ
1869 5042 1978 5094 τῶν

403 5138 758 5211 χαρισμάτων
779 5137 807 5189 6
832 5133 1060 5196 πλοῦτος
1088 5131 1323 5203 «mags;
1342 5148 1355 5162 ο
1384 5130 1518 5184 ἀλλὰ
1552 5134 1644 5184 καὶ
1673 5131 1733 5184 τὸ
1757 5132 1978 5201 Πνεῦμα

401 5231 494 5283 τὸν
535 5230 776 5299 Πατέρα,
836 5228 915 5281 ὄτι
941 5223 1174 5294 ἐρευνᾷ,
1233 5223 1430 5294 μᾶλλον
1479 5223 1537 5275 δὲ
1568 5221 1672 5274 οἶδε
1722 5223 1792 5275 τὰ
1814 5222 1976 5292 βάθη

403 5321 510 5377 τοῦ
541 5320 692 5376 Θεοῦ
727 5320 822 5374 καὶ
847 5316 1220 5374 ἀποκαλύπτει
1248 5316 1411 5377 αὐτὰ,
1443 5315 1671 5368 καθόσον
1702 5315 1851 5367 ἐστὶν
1886 5318 1980 5367 άν-

404 5412 652 5486 θρωπίνῃ
681 5410 842 5481 φύσει
869 5410 1097 5480 ληπτὸν,
1126 5411 1237 5472 τοῖς
1271 5392 1719 5478 παρασκευακδσι
1750 5406 1979 5469 ἑαυτοὺς

405 5502 741 5575 ἐπιτηδείους
771 5500 1027 5565 δέξασθαι
1073 5499 1172 5569 τὴν
1204 5503 1266 5551 ἐκ
1293 5498 1388 5568 τῆς
1422 5495 1750 5563 θεογνωτίας
1778 5496 1976 5567 αὐγήν.

456 5705 569 5792 ιρι).
594 5704 724 5760 Loc.
780 5706 875 5782 cit.
917 5716 971 5769 p.
1042 5697 1145 5756 508
1175 5708 1285 5756 net.
1321 5699 1383 5755 19
1412 5696 1576 5753 Laur.
1609 5707 1663 5753 et
1686 5695 1818 5753 Col..
1846 5697 1981 5754 ἀπε-

403 5777 676 5838 κάλυώας.

2088 4603 2329 4656 tortuque
2361 4589 2693 4644 identitatem
2745 4603 2809 4642 ac
2840 4587 3123 4658 dignitatis
3167 4586 3532 4657 aequalitatem
3568 4587 3654 4639 in-

2087 4684 2321 4739 vrolatas
2351 4696 2597 4735 servans.
2651 4678 2730 4733 Ac
2788 4680 2832 4732 si
2871 4679 2993 4747 quis
3035 4679 3222 4732 dicat:
3254 4678 3555 4732 Commune
3579 4688 3661 4732 est

2085 4771 2609 4844 sapersubstautiuli
2685 4786 2749 4825 ac
2814 4770 3298 4841 superglorilicatzn
3356 4769 3656 4835 Trinitati,

2085 4869 2312 4921 alteram
2354 4863 2419 4917 ab
2443 4864 2611 4917 altera
2645 4878 2878 4933 persona
2909 4861 3171 4915 ineﬂ'abili
3208 4863 3418 4916 ratione
3449 4860 3656 4931 glorilio

2089 4958 2224 5012 cari.
2262 4954 2538 5012 Glorilicat
2572 4954 2787 5009 Patrem
2829 4953 3016 5019 Filius,
3046 4951 3144 5008 sed
3177 4962 3230 5008 et
3261 4952 3419 5007 Pater
3456 4950 3653 5006 Filium

2083 5048 2350 5120 glorificu
2378 5060 2541 5118 atque
2570 5046 2841 5114 Spiritus;
2881 5062 3119 5118 namque
3150 5047 3275 5101 inde
3311 5048 3359 5100 ei
3383 5047 3652 5099 donorum

2084 5142 2287 5196 divitiae
2319 5137 2577 5207 aﬂluunt;
2625 5141 2718 5194 sed
2755 5149 2809 5193 et
2842 5138 3080 5219 Spi/ritus
3118 5135 3357 5199 Patrem,
3390 5137 3648 5204 quoniam

2084 5237 2372 5292 scrutatur,
2422 5225 2533 5280 imo
2580 5228 2767 5296 potius
2826 5234 2966 5279 novit
3008 5225 3276 5295 profunda
3317 5224 3433 5288 Dei,
3483 5238 3659 5292 eaque

2087 5317 2305 5382 revelat,
2350 5326 2625 5387 quatenus
2669 5327 2880 5387 qucttnt
2918 5319 2984 5373 ab
3038 5318 3274 5371 bnmana
3307 5326 3496 5369 natttra
3532 5326 3659 5384 per-

2083 5410 2211 5480 cipi,
2246 5409 2313 5465 iis
2342 5412 2436 5480 qui
2476 5426 2535 5467 se
2570 5412 2720 5480 ipsos
2766 5410 2835 5465 ad
2865 5411 3042 5467 lucem
3090 5407 3289 5464 divinae
3319 5407 3655 5477 cOgnltionis

2078 5498 2495 5569 suscipiendam
2555 5502 2780 5556 ιύοιιυοε
2837 5488 3144 5570 dignosque
3193 5497 3661 5567 comparaverint.

2156 5701 2235 5775 (2)
2260 5699 2428 5759 Laur.
2461 5700 2878 5774 αὖτοτεχνίτως.
