4042 6442
2841 305 2856 308 -
2869 303 2976 314 ..εκ-δ

401 368 504 434 ττι
1471 362 1680 426 JOAN.
1727 363 1939 425 VECCI
1977 365 2004 425 C

2129 365 2638 427 PATRIARCllrE
3583 367 3693 433 77:2

403 485 685 542 Gloriﬁcat
721 497 876 550 vero,
915 491 975 539 ut
1007 482 1167 538 modo
1199 480 1406 538 dictum
1437 492 1542 550 est,
1573 491 1629 537 et
1659 480 1834 538 Filius
1867 479 1993 552 Spi-

2112 483 2323 548 δοξάζει
2349 483 2428 548 δέ,
2453 484 2645 555 ὥσπερ
2674 481 2914 556 εἴρηται,
2942 482 3037 538 νῦν
3071 483 3100 539 ὃ
3127 501 3185 538 τε
3217 484 3342 548 Υἱὸς
3365 485 3428 539 τδ
3466 483 3692 556 Πνεῦμα

404 581 572 635 ritum
606 588 660 634 et
693 577 934 648 Spiritus
957 576 1182 643 Filium,
1219 582 1416 647 estque
1448 575 1610 645 ipsis,
1640 575 2002 646 quemadmo-

2112 578 2200 649 καὶ
2227 577 2290 630 τὸ
2341 577 2568 647 Πνεῦμα
2615 577 2707 630 τὸν
2738 577 2889 644 Υίδν,
2937 578 3034 633 καὶ
3082 577 3232 632 ἔστιν
3275 577 3462 633 αὐτῶν
3499 579 3695 652 ὥσπερ

404 673 535 729 dum
567 687 858 729 commune
882 685 1133 742 regnum,
1157 678 1210 725 et
1235 671 1432 734 virtus,
1462 678 1515 724 et
1544 667 1811 738 potentia,
1842 667 1913 723 ita
1946 675 2002 722 et

2112 669 2280 723 κοινὸν
2309 670 2341 740 ἡ
2370 668 2622 739 βασιλεία
2652 670 2746 723 καὶ
2769 672 2800 741 ἡ
2827 670 3060 741 δύναμις
3084 671 3180 725 καὶ
3205 671 3268 724 τὸ
3295 671 3515 741 κράτος,
3549 670 3699 726 οὕτω

406 766 601 836 gloria,
649 779 759 820 non
797 779 862 818 ea
914 763 1118 828 solum,
1175 778 1310 833 qua:
1354 777 1384 816 a
1429 761 1588 816 nobis
1617 759 1868 826 oﬂ'ertur,
1902 760 1997 816 sed

2112 763 2198 817 icui
2231 764 2263 834 ἡ
2291 763 2438 828 δόξα,
2470 766 2566 819 καὶ
2592 764 2654 818 ού
2689 765 2850 835 μόνον
2879 765 2912 834 ή
2947 764 3080 835 παρ’
3102 763 3263 834 ἡμῶν
3287 765 3694 836 ἀναφερομένη,

406 859 570 913 etiam
601 870 764 926 quam
801 853 904 924 ipsi
936 870 964 907 a
1004 869 1064 910 se
1091 853 1229 924 ipsis
1264 852 1566 923 recipiunt.

2112 856 2242 909 ἀλλά
2267 857 2363 910 καὶ
2392 858 2459 928 ῆν
2484 856 2642 911 αὐτοὶ
2669 856 2918 928 δέχονται
2960 857 3089 928 παρ’
3115 856 3334 914 ἑαυτοῦ.

477 952 568 1005 28.
612 949 714 1003 Ille
736 952 840 1015 (me
867 948 1211 1018 clariﬁcabit,
1250 947 1358 1002 hoc
1397 955 1525 1001 est:
1571 959 1673 999 nec
1704 944 1834 1014 quia
1859 943 2003 1014 πειθ-

407 1045 544 1100 riam
602 1041 768 1098 tribui
823 1039 1152 1108 Paracleto,
1219 1041 1347 1094 ideo
1399 1038 1664 1108 majorem
1711 1046 1799 1092 me
1845 1037 1997 1090 illum

406 1136 703 1202 declaravi,
734 1149 915 1204 neque
946 1149 1143 1189 rursus
1175 1135 1303 1201 quia
1329 1132 1444 1187 dixi
1494 1148 1510 1186 :
1563 1129 1666 1185 Ille
1693 1148 1775 1184 me
1797 1132 2000 1199 clariﬁ-

407 1227 567 1292 cabit,
586 1242 672 1280 me
698 1227 876 1296 ipsum
910 1225 960 1278 ei
995 1225 1202 1278 honore
1231 1221 1500 1278 antefero.
1536 1220 1622 1275 Mc
1653 1220 1998 1290 clariﬁcabt't,

410 1324 510 1377 hoc
571 1330 654 1375 est
723 1335 736 1372 :
795 1325 1063 1386 quantum
1119 1315 1270 1371 illius
1316 1313 1659 1370 altitudinem
1715 1299 1999 1384 intelligis,

409 1429 586 1468 meam
622 1427 714 1482 per
747 1411 899 1465 illum
930 1407 1388 1479 gloriﬁcationem
1418 1415 1572 1477 potes
1608 1407 1998 1477 contemplari.

408 1507 541 1560 Nam
579 1506 723 1559 sicut
766 1517 868 1573 ego
915 1518 1038 1560 uuae
1075 1500 1257 1554 audivi
1294 1515 1321 1552 a
1375 1498 1536 1554 Patre
1564 1513 1664 1553 vos
1699 1498 1883 1564 docui,
1926 1499 2000 1553 ita

407 1606 462 1652 et
487 1597 572 1650 ille
607 1596 841 1665 accipiet
870 1595 937 1649 de
971 1611 1092 1648 meo
1129 1603 1182 1648 et
1209 1593 1506 1647 illustrabit
1539 1605 1660 1645 vos.
1694 1589 2002 1662 Equaliter

410 1691 666 1760 perennis
715 1695 1025 1743 nostrorum
1051 1689 1322 1741 donorum
1367 1693 1588 1739 emanat
1620 1682 1781 1750 fons;
1816 1699 2001 1754 aequa-

408 1783 530 1835 liter
552 1780 881 1848 sempiterna
911 1793 941 1833 e
979 1776 1138 1831 Patre
1187 1775 1489 1844 processio,
1531 1773 1838 1844 'wqualiter_
1871 1788 2000 1829 con-

2175 957 2284 1020 κη’.
2326 950 2592 1018 Ἐκεῖνος
2625 951 2731 1020 ἐμὲ
2765 950 3015 1016 δοξάσει
3035 969 3050 984 ο
3079 952 3379 1017 τουτέστιν,
3411 951 3535 1004 οὔτε
3565 952 3701 1007 διότι
3746 1017 3750 1020 ν

2099 1043 2258 1109 δόξαν
2296 1043 2477 1114 ἀνῆψα
2506 1045 2584 1115 τῷ
2624 1045 2993 1115 Παρακλήτῳ,
3027 1043 3116 1097 διὰ
3141 1045 3304 1097 τοῦτο
3336 1045 3559 1114 μείζονα
3587 1047 3693 1099 αύ-

2101 1135 2213 1202 τὺν,
2245 1137 2617 1206 ἀπεφηνάμην
2675 1137 2832 1206 ἐμοῦ,
2868 1135 2994 1189 οὔτε
3047 1135 3212 1188 πάλιν
3261 1136 3397 1190 διότι
3433 1137 3707 1204 Ἐκεῖνος

2103 1227 2258 1298 ἔφην,
2294 1229 2552 1294 Δοξὰσει
2581 1229 2710 1298 ἐμὲ,
2758 1229 2996 1299 ἐμαυτὸν
3037 1229 3251 1282 ἐκείνου
3295 1231 3595 1300 προτίθημι
3630 1234 3705 1299 τῇ

2100 1323 2256 1391 τιμῇ.
2297 1320 2552 1382 Δοεάσει
2583 1321 2708 1391 ἐμὲ,
2753 1321 3033 1373 τουτέστιν
3077 1320 3200 1373 ὅσον
3231 1321 3440 1373 ἐκείνου
3479 1323 3538 1374 τὸ
3566 1321 3709 1391 ὕψος

2103 1415 2410 1479 κατανοεῖς,
2444 1415 2544 1485 τὴν
2569 1415 2709 1485 ἐμὴν
2748 1414 2816 1466 δι’
2843 1414 3009 1466 αὐτοῦ
3039 1413 3200 1479 δόξαν
3231 1413 3406 1466 ἔνεστί
3447 1430 3528 1468 σοι
3559 1415 3708 1467 ἀνα-

2103 1505 2363 1577 θεωρεῖν·
2407 1507 2502 1560 καὶ
2550 1508 2660 1579 γὰρ
2705 1505 2897 1573 ὥσπερ
2935 1505 3046 1570 ἐγὼ
3092 1506 3128 1560 ὃ.
3159 1507 3374 1578 ἥκουσα
3421 1507 3571 1576 παρά
3602 1507 3707 1559 τοῦ

2103 1597 2336 1666 Πατρὸς,
2363 1595 2578 1661 ἐδίδαξα
2598 1597 2764 1667 ὑμᾶς,
2792 1595 2936 1649 οὕτω
2970 1597 3224 1656 κάκεῖνος
3249 1593 3480 1664 λήψεται
3509 1595 3571 1648 ἐκ
3600 1593 3706 1647 τοῦ

2103 1691 2240 1761 ἐμοῦ
2288 1693 2381 1745 καὶ
2411 1692 2811 1761 φωταγωγήσει
2844 1690 3010 1760 ὑμᾶς.
3057 1689 3288 1760 Ἐπίσης
3335 1690 3369 1761 ἠ
3411 1689 3518 1742 τῶν
3539 1705 3706 1759 χαρι-

2106 1785 2330 1853 σμάτων
2382 1783 2607 1846 ἀένναος
2652 1782 2811 1853 ἡμῶν
2871 1781 3026 1852 βρύει
3076 1780 3249 1851 πηγὴ,
3299 1780 3496 1850 ἐπίσης
3541 1783 3572 1849 ἡ
3637 1781 3708 1846 ἐξ

409 1872 850 1929 substantialitas
884 1878 939 1925 et
973 1879 1184 1924 naturae
1216 1868 1516 1934 identitas;
1552 1868 1741 1920 omnia
1770 1866 1996 1922 honoris

2112 1875 2280 1928 ἀϊδίου
2313 1875 2540 1945 πρόοδος
2584 1876 2649 1927 ἐκ
2673 1872 2767 1928 τοῦ
2811 1874 3048 1944 Πατρός,
3077 1873 3277 1944 ἐπίσης
3318 1872 3379 1925 τὸ
3409 1871 3710 1942 ὁμοούσιον

408 1976 461 2020 et
483 1967 684 2036 gradus
731 1963 1101 2034 aequalitatem
1154 1960 1438 2022 indicant;
1480 1958 1847 2029 undequaque
1879 1974 1998 2012 ma-

405 2059 543 2129 joris
572 2067 628 2111 et
660 2056 890 2110 minoris
920 2053 1059 2108 ratio
1087 2052 1429 2107 eliminatur.

478 2150 571 2204 29.
633 2147 856 2210 Deinde,
908 2159 1036 2198 cum
1077 2142 1312 2197 dixisset
1351 2139 1502 2212 quod
1563 2141 1805 2210 accipiet,
1851 2140 2015 2217 clare

409 2243 574 2294 etiam
613 2237 869 2308 praedicat
900 2250 1140 2293 causam,
1162 2248 1260 2288 cur
1281 2232 1546 2301 accipiet:
1574 2244 1750 2301 neque
1772 2230 1918 2284 enim
1943 2239 2000 2284 ut

410 2333 687 2403 procedat,
736 2331 833 2396 ait,
877 2344 1052 2400 neque
1083 2336 1143 2381 ut
1175 2326 1441 2381 subsistat
1492 2323 1756 2396 (attende,
1791 2331 1998 2393 qumSo,

412 2425 712 2480 Dominicis
745 2422 1022 2492 vocibus),
1065 2421 1157 2475 sed
1186 2433 1287 2474 cur
1315 2417 1573 2488 accipiet,
1609 2413 1756 2471 cur?
1786 2413 1857 2470 Ut
1880 2430 2002 2484 quas

413 2521 640 2566 ventura
674 2520 804 2566 sunt
830 2510 1122 2563 annuntiet
1161 2508 1338 2564 vobis.
1394 2506 1452 2560 Id
1496 2506 1644 2560 enim
1689 2520 1814 2561 cum
1850 2506 2002 2576 prius

415 2605 763 2670 asseruisset,
825 2603 1080 2671 obsignat
1126 2615 1320 2655 rursus
1373 2599 1631 2671 tnqniens
1686 2617 1698 2652 :
1749 2597 1828 2652 De
1888 2614 2002 2652 meo

408 2701 630 2768 accipiet
686 2711 734 2754 et
778 2698 1122 2752 annuntiabit
1179 2696 1347 2750 vobis.
1383 2695 1601 2752 Clarius
1659 2708 1787 2748 vero
1831 2693 2005 2758 expli-

417 2806 549 2846 cans
593 2789 725 2859 quid
767 2789 870 2843 sibi
916 2789 1046 2842 velit
1107 2787 1194 2841 his
1239 2785 1462 2840 verbis:
1500 2785 1574 2839 De
1601 2801 1713 2838 meo
1757 2785 2001 2851 accipiet,

411 2883 706 2940 confestim
735 2881 885 2934 addit
931 2897 943 2932 :
997 2878 1190 2932 Omnia
1235 2892 1556 2946 quaecunque
1617 2875 1778 2930 habet
1820 2877 2003 2939 Pater,

415 2992 530 3030 mea
556 2985 703 3028 sunt.
761 2971 943 3036 Quare
972 2969 1213 3039 Spiritus
1238 2983 1356 3023 mea
1382 2967 1659 3037 accipiens
1693 2979 1748 3021 et
1774 2967 1840 3021 de
1872 2981 1995 3021 meo

415 3068 573 3122 Patre
599 3063 818 3133 accipit.
850 3061 961 3116 Nec
995 3074 1123 3113 vero
1155 3076 1223 3113 eo
1258 3074 1431 3128 usque
1470 3066 1683 3112 tantum
1720 3057 2007 3112 sententia:

415 3157 662 3227 ejusdem
719 3153 1140 3222 explicationem
1215 3149 1447 3220 profert,
1512 3149 1608 3204 sed
1662 3149 1845 3204 adhuc
1908 3163 2002 3202 ex—

435 3250 612 3304 actius
641 3249 788 3302 illam
813 3247 1066 3301 revelans
1105 3253 1160 3299 ct
1194 3242 1530 3298 conﬁrmans
1560 3243 1634 3297 ait
1670 3259 1684 3297 :
1712 3241 2008 3311 Propterea

415 3344 532 3396 dixi
561 3345 684 3412 quia
743 3343 806 3393 de
849 3355 960 3392 meo
996 3338 1244 3406 accipiet,
1294 3337 1553 3406 quoniam
1589 3335 1642 3390 in
1689 3334 1850 3391 Patre
1887 3339 2006 3406 qui.

421 3439 544 3492 dem
602 3445 730 3488 sunt
797 3447 939 3493 mea.
1003 3431 1241 3501 Spiritns
1283 3438 1464 3484 autem
1511 3444 1575 3483 ex
1635 3429 1796 3483 Patre
1866 3429 2004 3484 acci-

418 3530 534 3599 pit;
565 3541 687 3595 qua:
716 3525 862 3579 enim
897 3531 1028 3578 sunt
1056 3521 1233 3576 Patris
1269 3536 1388 3574 mea
1415 3531 1586 3586 sunt;
1619 3531 1678 3575 ut
1713 3521 1784 3575 ita
1813 3536 2011 3590 propr-

418 3621 640 3675 modum
667 3616 908 3671 clamare
937 3615 1184 3670 videatur
1219 3630 1234 3668 :
1266 3613 1496 3679 Quando
1521 3613 1642 3668 dico
1684 3612 1756 3666 De
1783 3629 1914 3678 meo,
1941 3613 2009 3667 ad

420 3726 600 3765 meum
638 3708 876 3774 Patrem,
918 3723 1029 3762 non
1074 3722 1204 3762 vero
1232 3708 1299 3761 ad
1337 3707 1504 3762 alium
1537 3714 1748 3761 vestras
1788 3707 2004 3776 cogita-

419 3801 598 3867 tiones
629 3810 842 3854 vertere
888 3808 940 3852 et
970 3806 1289 3851 convertere
1320 3796 1553 3852 debetis.
1603 3793 1824 3849 Nullum
1851 3797 1997 3849 enim

422 3895 742 3955 pratextum
783 3885 977 3953 reliqui
1011 3886 1193 3946 vobis,
1225 3900 1386 3954 quem
1417 3900 1522 3939 non
1556 3885 1901 3950 resciderim,
1941 3900 2010 3941 ne

421 3978 488 4032 ad
544 3977 690 4031 aliud
761 3978 1043 4045 quidpiam
1091 3975 1582 4045 imaginationibus
1634 3975 2006 4045 abripiamini,

423 4070 727 4140 praesertim
780 4083 903 4122 cum
943 4068 1056 4137 jam
1091 4078 1218 4122 ante
1259 4067 1595 4122 asseruerim
1629 4069 1806 4133 vobis,
1841 4067 1989 4138 quod

424 4161 608 4214 omnia
647 4173 991 4230 qua-cunque
1018 4159 1182 4212 habet
1221 4156 1404 4225 Pater,
1439 4172 1558 4213 mea
1588 4166 1739 4214 sunt.

494 4346 584 4402 '50.
629 4344 769 4412 Quid
820 4345 1192 4400 sacrosanctis
1234 4343 1358 4400 istis
1399 4344 1584 4400 verbis
1637 4345 2012 4402 luculentius?

425 4441 566 4509 Quid
598 4440 801 4494 clarius
838 4439 905 4493 ad
955 4438 1379 4502 ostendendum,
1413 4439 1577 4493 verba
1609 4439 1722 4504 illa,
1780 4439 1859 4492 De
1899 4455 2011 4493 meo

427 4532 668 4600 accipiet,
700 4530 765 4584 ad
802 4527 980 4582 Patris
1011 4542 1298 4596 personam
1333 4542 1432 4581 nos
1461 4528 1829 4582 transmittere
1857 4536 1913 4582 et
1947 4528 2012 4581 ad

425 4639 544 4678 eam
573 4638 693 4678 esse
713 4619 1042 4686 revocanda,
1096 4630 1260 4690 atque
1304 4617 1571 4689 Spiritum
1610 4633 1640 4672 a
1694 4617 1857 4673 Patre
1884 4629 2006 4674 tan-

427 4730 592 4784 quam
625 4730 655 4767 a
698 4729 867 4767 causa
919 4713 1191 4766 donorum
1227 4712 1604 4782 operationem
1655 4709 2008 4780 accipientem

431 4807 754 4878 prtedicari?
787 4805 1090 4870 Donorum,
1121 4806 1370 4874 inquam,
1399 4791 1642 4866 illorum,
1673 4803 1876 4874 quibus
1896 4803 2010 4858 dis-

428 4899 642 4969 cipulos
693 4898 1093 4963 corroborabit,
1142 4906 1202 4950 ut
1263 4895 1576 4950 futurorum
1642 4895 2008 4965 cognitionem

428 4991 702 5046 constanti
739 4991 1004 5059 ﬁrmoquc
1039 4989 1214 5043 ferant
1250 4987 1462 5054 animo,
1508 5002 1807 5056 rerumque
1841 5001 2010 5040 arca-

429 5099 622 5140 narum
656 5093 822 5154 atque
857 5082 1268 5137 reconditarum
1313 5079 1451 5134 citra
1497 5079 1671 5133 ullam
1700 5066 2005 5133 difﬁculta-

428 5189 537 5233 tem
603 5179 1013 5232 constituantur
1068 5179 1406 5244 spectatores
1459 5185 1525 5227 ac
1585 5171 1964 5241 speculatores
1996 5211 2011 5236 ,

2099 1966 2194 2019 καὶ
2237 1964 2478 2035 δμοφυές
2505 1982 2520 1996 ο
2562 1963 2741 2018 πάντα
2796 1965 2897 2034 τὴν
2955 1964 3228 2032 ἰσοτιμίαν
3300 1965 3708 2032 μυσταγωγεῖ.

2100 2056 2442 2127 πανταχόθεν
2472 2056 2534 2110 τὸ
2575 2056 2760 2127 μεῖζον
2801 2057 2896 2109 καὶ
2924 2055 2986 2110 τὸ
3031 2055 3256 2109 ἔλαττον
3300 2056 3710 2109 ἀπελαύνεται.

2171 2147 2275 2202 κθ¹.
2310 2143 2445 2202 Εἶτα
2487 2147 2685 2212 εἰπὼν,
2729 2149 2812 2202 ὅτι
2849 2147 3137 2216 λήψεται,
3189 2146 3460 2217 λαμπρῶς
3495 2149 3714 2217 ἀνακη-

2104 2239 2310 2308 ρύττει,
2344 2238 2440 2292 καὶ
2479 2237 2566 2308 ἐφ’
2593 2231 2638 2306 ᾧ
2665 2238 2919 2308 λήψεταιο
2953 2238 3089 2291 ossi.
3115 2238 3224 2307 γὰρ
3251 2237 3338 2291 ἵνα
3366 2238 3707 2308 ἐκπορευθῇ,

2105 2332 2293 2400 φησὶν,
2329 2329 2439 2384 οὐδ’
2471 2329 2559 2383 ἴνα
2605 2329 2816 2401 ὑποστῇ
2851 2329 3110 2401 (πρόσεχε
3140 2332 3264 2392 ταῖς
3316 2332 3703 2396 Δεσποτικαῖς,

2103 2423 2384 2495 ἄνθρωπε,
2438 2420 2701 2491 φωναῖς)’
2734 2420 2869 2474 ἀλλὰ
2917 2420 3006 2474 διὰ
3056 2420 3107 2474 τί
3153 2420 3423 2490 λήψεταις
3469 2420 3558 2474 διὰ
3607 2424 3705 2486 τίς

2105 2517 2289 2571 Ὥστε
2337 2517 2411 2569 τὰ
2459 2514 2758 2583 ἐρχόμενα
2815 2512 3169 2584 ἀναγγεῖλαι
3229 2513 3411 2584 ὑμῖν·⁹
3452 2515 3550 2567 xui
3593 2515 3708 2584 γὰρ

2105 2607 2263 2661 τοῦτο
2306 2603 2898 2676 προαναφθεγξάμενος
2943 2605 3336 2675 ἐπισφραγίζει
3391 2605 3554 2657 πάλιν
3605 2606 3696 2658 λέ-

2105 2716 2218 2767 γων
2244 2715 2257 2729 υ
2299 2692 2409 2752 Ἐιι
2435 2697 2540 2751 τοῦ
2570 2696 2718 2766 ἐμοῦ
2747 2695 3009 2764 λήψεται
3040 2696 3140 2749 καὶ
3169 2696 3500 2766 ἀναγγελεῖ
3531 2696 3699 2765 ὑμῖν.

2107 2791 2455 2861 Σαφέστερον
2491 2790 2536 2843 δ’
2572 2789 2993 2854 ἀνακαλύπτων,
3023 2788 3076 2841 τί
3119 2788 3250 2842 ποτέ
3286 2792 3438 2842 ἐστιν
3461 2789 3488 2843 δ
3526 2791 3700 2858 λέγει,

2121 2881 2216 2933 Ἐκ
2269 2879 2355 2950 (l)
2408 2879 2516 2933 τοῦ
2571 2879 2719 2948 ἐμοῦ
2774 2879 3070 2946 λήψεται,
3131 2879 3411 2948 συντόμως
3467 2882 3697 2946 ἐπάγει·

2108 2970 2315 3024 Πάντα
2366 2971 2484 3024 ὅσα
2518 2971 2644 3039 ἔχει
2688 2973 2721 3024 ό
2773 2969 2997 3037 Πατὴρ,
3047 2969 3164 3038 ἐμά
3205 2969 3396 3033 ἐστιν,
3454 2970 3591 3024 ὥστε
3630 2975 3700 3026 τὰ

2111 3064 2221 3134 ἐμὰ
2257 3062 2552 3133 λαμϐάνων
2597 3062 2693 3115 καὶ
2742 3062 2806 3115 ἐκ
2842 3061 2934 3114 τοῦ
2964 3061 3100 3129 ἐμοῦ
3157 3063 3367 3134 [lui-pb;
3407 3062 3691 3134 λαμϐάνει.

2110 3157 2222 3210 Καὶ
2254 3156 2376 3209 ούδέ
2411 3155 2575 3225 μέχρι
2601 3155 2792 3208 τούτου
2833 3152 2912 3225 (Ξ)
2951 3153 3049 3224 τὴν
3087 3154 3258 3225 αὐτὴν
3297 3155 3530 3209 διάνοιαν
3567 3156 3692 3208 ἀνα-

2116 3245 2370 3300 πτύσσων
2406 3248 2658 3318 προάγει,
2703 3244 2819 3299 ἀλλ’
2866 3246 2947 3306 ἔτι
2980 3245 3317 3322 τελειότερον
3365 3247 3530 3316 αὐτὴν
3562 3246 3698 3299 ἀναο

2117 3337 2408 3392 καλύπτων
2431 3340 2526 3391 καὶ
2551 3337 2948 3408 βεϐαιούμενος⁹
2968 3337 3114 3405 λέγει
3135 3354 3147 3368 ·
3174 3336 3278 3390 Διὰ
3296 3339 3474 3392 τοῦτο
3499 3334 3696 3404 εἷπον,

2118 3431 2206 3484 ὅτι
2237 3431 2304 3484 ἐκ
2335 3429 2443 3484 τοῦ
2485 3429 2778 3498 λαμϐάνει
2801 3444 2817 3461 ο
2853 3428 2985 3482 διότι
3021 3429 3080 3481 ἐν
3109 3427 3186 3497 τῷ
3223 3429 3397 3500 Πατρὶ
3447 3431 3548 3499 μέν
3585 3431 3701 3484 ἐστι

2115 3523 2185 3575 τὰ
2213 3522 2322 3594 ἐμά
2342 3537 2356 3553 ο
2387 3522 2446 3574 τὸ
2473 3521 2529 3574 δέ
2558 3521 2781 3592 Πνεῦμα
2806 3523 2871 3574 ἐκ
2900 3519 2994 3574 τοῦ
3026 3521 3238 3591 Πατρὸς
3269 3520 3536 3592 λαμϐάνει
3563 3539 3576 3552 ο
3608 3527 3704 3575 καὶ

2116 3616 2225 3684 γὰρ
2277 3613 2348 3666 τὰ
2403 3611 2498 3666 τοῦ
2548 3612 2762 3683 Πατρδς
2811 3612 2921 3682 ἐμά
2968 3613 3150 3664 ἐστιν’
3186 3611 3327 3666 ὥστε
3384 3613 3545 3682 μόνον
3583 3615 3706 3684 οὐχὶ

2119 3705 2244 3777 βοᾷ·
2283 3705 2451 3758 Ὅταν
2483 3703 2626 3770 λέγω
2658 3703 2764 3758 τοῦ
2810 3703 2980 3771 ἐμοῦ,
3013 3704 3144 3772 πρὸς
3189 3703 3282 3756 τὸν
3316 3705 3449 3774 ἐμὸν
3483 3706 3704 3775 Πατέρα

2117 3798 2223 3867 χρὴ
2273 3797 2403 3860 τοὺς
2434 3796 2727 3866 λογισμοὺς
2772 3795 2927 3864 ὑμῶν
2976 3795 3270 3867 ἀναφέρειν
3313 3798 3408 3848 καὶ
3452 3799 3528 3868 μὴ
3567 3802 3702 3868 πρὸς

2115 3889 2304 3959 ἕτερον
2345 3885 2793 3958 ἐπιστρέφεσθαι.
2827 3885 2961 3940 Ούδέ
2992 3887 3099 3956 γὰρ
3133 3883 3392 3958 οὐδεμίαν
3429 3890 3702 3958 πρόφασιν

2118 3976 2247 4047 ὑμῖν
2283 3977 2679 4049 ὑπελειπόμην,
2715 3978 2782 4050 ἢν
2813 3979 2872 4032 ού
2915 3978 3207 4048 περιεῖλον,
3259 3981 3398 4050 πρὸς
3429 3979 3618 4051 ἕτερόν
3646 3998 3701 4032 τι

2117 4072 2238 4133 ταῖς
2288 4071 2614 4139 φαντασίαις
2669 4071 3064 4140 ύποσύρεσθαι,
3125 4069 3365 4140 μάλιστα
3411 4072 3550 4125 διότι
3605 4072 3702 4125 καὶ

2117 4162 2507 4234 προδιελέχθην
2557 4164 2708 4231 ὑμῖν,
2740 4163 2820 4215 ὅτι
2872 4163 3070 4217 πάντα
3103 4164 3221 4220 ὅσα
3249 4162 3375 4232 ἔχει
3407 4167 3440 4217 ὁ
3476 4165 3698 4232 Πατὴρ,

2116 4255 2229 4325 ἐμά
2254 4256 2445 4310 ἐστιν.

2189 4346 2255 4404 λ’.
2283 4346 2348 4399 Τί
2387 4348 2496 4400 τῶν
2524 4347 2808 4418 ἀχράντων
2831 4347 3038 4402 τούτων
3063 4348 3258 4417 λογίων
3286 4350 3700 4421 λαμπρότερον;

2118 4440 2185 4495 Τί
2208 4441 2264 4492 δὲ
2287 4441 2639 4510 παραστῆσαι
2672 4432 3006 4512 σαφέστερον
3032 4458 3047 4508 ;
3075 4443 3155 4496 ὅτι
3186 4443 3266 4509 τὸ,
3298 4445 3398 4498 Ἐκ
3428 4445 3534 4498 τοῦ
3561 4442 3704 4514 ἐμοῦ

2048 4574 2088 4628 D
2119 4533 2401 4602 λήψεται,
2437 4533 2573 4602 πρὸς
2605 4533 2665 4584 τὸ
2709 4533 2981 4603 Πατρικὺν
3024 4536 3387 4615 παραπέμπει
3415 4541 3704 4607 πρόσωπον

2119 4626 2214 4674 καὶ
2265 4623 2342 4686 ὡς
2386 4623 2485 4695 τὴν
2531 4624 2642 4676 τῶν
2678 4627 3037 4695 χαρισμάτων
3080 4627 3362 4697 ἐνέργειαν
3412 4627 3488 4690 ὡς
3532 4630 3705 4681 αίτίου

2120 4715 2272 4786 παρὰ
2303 4715 2398 4769 τοῦ
2433 4715 2644 4787 Πατρὺς
2673 4715 3028 4787 ίερολογεῖται
3054 4717 3113 4770 τὸ
3135 4717 3359 4788 Πνεῦμα
3381 4720 3704 4788 λαμϐάνειν,

2118 4807 2228 4862 τῶν
2254 4809 2614 4879 χαρισμάτων
2663 4808 2910 4874 ἐκείνων,
2947 4805 3029 4873 οἷς
3060 4811 3336 4880 ἐνισχύσει
3365 4811 3491 4872 τοὺς
3533 4811 3708 4881 μαθη-

2118 4901 2219 4964 τὰς
2248 4900 2357 4953 τῶν
2397 4902 2708 4972 ἐρχομένων
2743 4904 2840 4971 μὲν
2873 4902 2972 4974 τὴν
3001 4903 3298 4970 ἐπίγνωσιν
3332 4905 3427 4956 σῦν
3456 4904 3709 4958 εὐσταθεῖ

2121 4992 2217 5045 καὶ
2249 4993 2640 5065 ἀπεριτρέπτῳ
2669 4995 2978 5064 φρονήματι
3012 4995 3222 5062 φέρειν,
3261 4993 3625 5046 καθίστασθαι
3653 4992 3707 5046 δὲ

2111 5084 2206 5139 καὶ
2252 5085 2360 5138 τῶν
2421 5076 2670 5140 ἀθεάτων
2709 5088 2978 5158 μηδεμιᾶς
3026 5085 3538 5158 παρακολουθ-,ύσης
3588 5087 3705 5139 δυσο

2125 5178 2346 5249 χερείας
2405 5177 2601 5243 θεατὰς
2645 5181 2741 5232 xui
2775 5179 2840 5248 δὴ
2866 5179 2982 5246 ,καὶ
3012 5179 3120 5232 τῶν
3159 5180 3297 5248 ὺπέρ
3343 5179 3502 5248 λόγον
3537 5179 3708 5248 ἔργων

428 5274 542 5346 imo
575 5277 631 5323 et
658 5265 1165 5338 supernaturalium
1208 5264 1586 5334 prodigiorum
1615 5271 1921 5334 patratores
1959 5271 2004 5318 et

2112 5269 2510 5342 δημιουργούς.

427 5361 677 5434 opiﬁces.

1007 5447 1460 5508 REFUTATIO.

501 5547 907 5604 XVlll.lterum
936 5545 1004 5601 de
1035 5544 1262 5601 vocibus
1296 5543 1406 5599 illis
1429 5542 1745 5599 disserens:
1770 5539 1843 5595 De
1875 5553 2017 5606 meo,

430 5655 482 5698 ct
518 5642 590 5696 De
639 5657 718 5696 me
743 5639 984 5710 accipiet,
1023 5639 1330 5696 secundum
1368 5635 1422 5694 id
1455 5635 1604 5709 quod
1644 5633 1740 5691 tibi
1778 5631 2018 5698 videtur,

508 5824 586 5893 (l)
617 5823 708 5882 Sic
734 5823 857 5881 Col.
883 5836 936 5881 et
967 5823 1134 5881 Laur.

2625 5514 2630 5518 _
2685 5453 3148 5510 ΑΝΓΙΡΡῘΙΣῙΣ.

2199 5545 2308 5602 ιη’.
2334 5547 2442 5601 Kui
2470 5547 2633 5602 πάλιν
2669 5548 2798 5618 περὶ
2823 5549 2915 5599 τοῦ
2939 5548 3007 5602 ἐκ
3039 5549 3147 5602 τοῦ
3168 5549 3314 5618 ἐμοῦ
3347 5551 3442 5603 καὶ
3471 5549 3541 5614 ἐξ
3567 5549 3712 5618 ἐμοῦ

2125 5636 2397 5707 λήψεται
2427 5637 2554 5702 τοὺς
2585 5638 2776 5706 λόγους
2803 5638 2944 5690 κατὰ
2969 5637 3029 5689 τὸ
3058 5638 3251 5691 δοκοῦν
3283 5655 3366 5691 σοι
3391 5638 3715 5708 ποιούμενος

2221 5818 2744 5906 (ἳλΜέχριῃτούτων
2764 5819 2926 5875 habet
2956 5817 3118 5874 Laur.
