4042 6404
348 376 455 440 773

1125 379 1573 441 REFUTATIO
1615 375 1986 440 PHOTIANI
2028 375 2244 437 LIBRI
2288 376 2387 438 DE
2429 375 2743 438 SPIRITU
2784 378 2841 440 S.

3531 379 3637 442 774

347 489 504 558 δῆλος
538 483 589 541 εἷ
638 490 852 558 φρονῶν
911 490 984 562 μὴ
1033 491 1282 561 φυσικῶς
1312 491 1407 545 καὶ
1448 490 1722 552 οὗσιωδῶς
1753 492 1819 544 ὲκ
1853 489 1928 544 toi

2058 485 2350 543 manifeste
2381 499 2530 542 tuam
2569 489 2756 558 prodis
2796 488 3146 553 sententiam,
3177 503 3283 545 non
3316 494 3640 547 naturaliter
3719 487 3735 495 ’

350 581 483 635 Υἱοῦ
523 581 830 652 λαμϐάνειν
864 584 922 637 τὺ
961 583 1210 654 Πνεῦμα,
1253 584 1390 640 ἀλλὰ
1415 584 1696 656 ῗσχετικῶς
1737 585 1832 638 καὶ
1861 584 1948 636 δο-

347 673 457 737 τῶς
481 690 494 705 ο
523 674 686 728 τοῦτο
718 675 788 743 γά
799 694 830 747 ρ
855 676 1034 748 δηλοῖς
1069 677 1266 746 λέγων,
1301 676 1376 742 ὡς
1416 676 1514 749 τὴν
1539 677 1650 731 τῶν
1677 676 1950 748 χαρισμά-

345 785 457 821 των
502 767 789 838 ἐνέργειαν
833 768 907 832 ὡς
938 768 1111 822 αἰτίου
1146 769 1299 840 παρὰ
1335 767 1430 822 τοῦ
1477 768 1692 841 Πατρδς
1746 769 1950 840 ἱερολο-

348 861 528 929 γεΐται
589 859 652 912 τὸ
723 859 950 930 Πνεῦμα.
1021 860 1358 932 λαμϐάνειν,
1426 861 1536 914 τῶν
1591 860 1949 931 χαρισμάτων

344 949 594 1014 ἐκείνων,
637 946 719 1014 οἷς
768 951 1041 1022 ὲνισχύσει
1090 953 1218 1016 τοὺς
1248 951 1500 1024 μαθητάς
1547 955 1682 1023 πρὸς
1715 952 1814 1024 τὴν
1838 953 1947 1006 τῶν

321 1033 674 1116 ’ἐρχομένων
722 1043 1042 1112 ἐπίγνωσιν,
1089 1044 1227 1116 πρὸς
1273 1045 1401 1098 θέαν
1437 1044 1537 1117 τὴν
1565 1043 1674 1098 τῶν
1700 1044 1947 1100 ἀθεάτων

343 1137 608 1209 καὶπρὸς
642 1137 741 1207 τὴν
788 1137 897 1190 τῶν
950 1137 1089 1210 ὑπὲρ
1121 1137 1279 1207 λόγον
1331 1135 1509 1208 ἔργων
1553 1137 1940 1210 δημιουργίαν.

354 1231 498 1287 Ἀλλ’
526 1231 556 1284 ὁ
594 1230 769 1300 μέγας
818 1229 1105 1293 Βισίλειος
1139 1229 1239 1293 τὰς
1288 1229 1386 1295 σὰς
1414 1229 1708 1300 άπελέγξει
1737 1234 1942 1302 παρεξ.

340 1326 572 1397 ηγήσεις
618 1322 714 1376 καὶ
768 1322 936 1375 αὑτὸν
984 1321 1078 1375 τὸν
1129 1322 1411 1397 Μονογενῆ
1441 1323 1615 1377 αῐτιον
1651 1321 1760 1376 τῶν
1785 1342 1944 1397 χαρι-

342 1396 568 1487 σμάτων
602 1412 810 1467 τούτων
841 1396 1290 1484 ἀποφαινόμενος
1316 1429 1330 1442 ·
1355 1413 1414 1467 ὲν
1441 1413 1550 1484 γὰρ
1575 1413 1654 1484 τῷ
1676 1416 1814 1487 πρὸς
1848 1396 1939 1472 τὸν

337 1502 580 1572 ἀδελφὸν
617 1501 921 1573 Γρηγόριον
953 1502 1102 1573 λόγῳ
1143 1503 1310 1573 φησίν
1334 1518 1349 1534 ο
1391 1504 1729 1573 Ζητοῦντες
1762 1505 1851 1568 δὲ,
1886 1508 1939 1562 εί

341 1597 411 1651 ἐκ
454 1597 651 1665 μόνου
691 1595 800 1650 τοῦ
848 1596 1022 1664 ἁγίου
1076 1596 1426 1664 Πνεύματος
1473 1599 1511 1666 ἡ
1551 1597 1672 1652 τῶν
1698 1598 1938 1669 ἀγαθῶν

347 1688 596 1758 χορηγία
626 1686 742 1755 τὴν
770 1687 970 1758 ἀρχὴν
996 1687 1398 1758 λαμϐάνουσα
1423 1689 1582 1746 οὕτω
1609 1693 1935 1762 παραγίνε-

346 1797 441 1833 ται
470 1779 594 1845 τοῖς
621 1779 838 1846 ἀξίοις,
873 1779 1068 1834 πάλιν
1102 1780 1226 1837 ὑπὸ
1256 1780 1368 1852 τῆς
1398 1781 1650 1853 Γραφῆς
1672 1783 1932 1854 ὁδηγού-

344 1876 499 1940 μεθα
531 1871 615 1936 είς
661 1870 728 1924 τὸ
783 1869 890 1938 τῆς
921 1874 1210 1942 χορηγίας
1258 1873 1379 1928 τῶν
1417 1874 1659 1945 ἀγαθῶν
1682 1876 1786 1931 διὰ
1826 1877 1931 1932 τοῦ

346 1963 692 2032 [Ινεύματος
736 1963 886 2033 ἡμῖν
925 1964 1378 2035 ἐνεργουμένων
1403 1967 1676 2038 ἀρχηγὸν
1707 1967 1810 2023 καί
1838 1968 1931 2021 ul-

341 2067 474 2104 τιον
500 2049 610 2103 τὸν
647 2050 955 2122 μονογενῆ
994 2054 1146 2109 Θεὸν
1189 2051 1344 2112 εἶναι
1391 2059 1705 2112 πιστεύειν
1737 2058 1837 2130 (1).
1867 2059 1931 2113 Εἰ

342 2141 474 2211 γοῦν
505 2143 568 2196 ὲκ
612 2143 708 2198 τοῦ
737 2146 834 2217 τὴν
862 2146 974 2201 τῶν
998 2149 1356 2220 χαρισμάτων
1403 2151 1686 2222 ἐνέργειαν
1711 2150 1930 2224 λαμϐά-

336 2252 452 2289 νειν
483 2237 542 2290 τὸ
574 2237 801 2314 Πνεῦμα
833 2239 982 2310 παρά
1008 2240 1101 2294 τοῦ
1133 2241 1346 2312 Πατρδς
1371 2243 1448 2306 ὡς
1476 2243 1653 2296 αίτίου
1676 2243 1930 2314 συνάγεις

342 2329 419 2401 μὴ
451 2331 514 2384 ὲκ
541 2312 811 2385 τοῦέἷναι
844 2333 998 2399 αὐτὸ,
1039 2334 1068 2386 ὁ
1099 2334 1274 2404 μέγας
1306 2334 1584 2402 Βασίλειος
1613 2337 1678 2389 ὲκ
1708 2335 1802 2390 τοῦ
1827 2312 1928 2408 ap-

337 2421 508 2491 χηγδν
534 2422 629 2476 καὶ
656 2422 831 2476 αίτιον
858 2422 968 2478 τῶν
1009 2426 1266 2480 τοιούτων
1297 2427 1656 2498 χαρισμάτων
1684 2427 1928 2496 δοξάζειν

341 2513 438 2566 τὸν
467 2514 749 2584 Μονογενῆ
782 2516 844 2568 ὲκ
869 2514 965 2569 τοῦ
998 2515 1130 2570 Υίοῦ
1176 2517 1308 2572 αὐτὸ
1348 2513 1492 2572 εἶναι
1541 2519 1838 2591 συστήσειο
1864 2523 1928 2576 ὲκ

339 2605 508 2674 μόνου
541 2605 653 2677 γὰρ
700 2605 795 2658 τοῦ
839 2607 1054 2678 Πατρὺς
1098 2609 1289 2678 προϊὸν
1337 2609 1651 2682 λειτουργὸν
1687 2611 1754 2666 ἂν
1794 2613 1929 2678 ἴσως

334 2693 434 2748 καὶ
464 2695 745 2766 ὑπηρέτην
777 2696 887 2750 τῶν
914 2698 1133 2750 οἰκείων
1156 2700 1516 2771 χαρισμάτων
1537 2701 1629 2756 τὸν
1654 2701 1784 2756 Υίὺν
1811 2699 1926 2776 εἶχε

334 2785 400 2840 τὸ
432 2786 678 2856 Πνεῦμα,
711 2788 956 2858 ἀρχηγὸν
985 2788 1042 2842 δὲ
1069 2789 1164 2844 καὶ
1214 2790 1389 2844 αίτιον
1421 2791 1660 2864 οὐδαμοῦ
1685 2808 1700 2823 ⁸
1731 2795 1828 2848 καὶ
1848 2795 1930 2850 δεῖ

335 2894 400 2932 σε
429 2877 517 2932 διά
549 2877 720 2932 ταῦτα
756 2881 830 2950 μὴ
881 2881 1149 2950 σχετικῶς
1189 2883 1285 2936 καὶ
1325 2883 1497 2948 δοτῶς
1533 2884 1744 2940 οἴεσθαι
1776 2889 1929 2959 παρὰ

331 2969 432 3024 τοῦ
468 2969 596 3023 Υίοῦ
649 2970 947 3039 λαμϐάνειν
995 2973 1054 3025 τὸ
1102 2972 1350 3044 Πνεῦμα,
1386 2974 1522 3029 ἀλλὰ
1570 2977 1816 3046 φυσικῶς
1866 2997 1926 3032 τε

337 3062 437 3116 καὶ
473 3062 769 3126 οὑσιωδῶς.

939 3154 1324 3212 ΚΕΙΜΕΝΟΝ.

412 3249 492 3302 λα’
502 3244 591 3302 ,Ἃ
601 3248 647 3320 ρ’
661 3247 724 3301 οὐ
749 3248 1089 3318 πανταχόθεν
1115 3249 1200 3302 σοὶ
1215 3252 1365 3304 πᾶσα
1386 3251 1656 3322 πρόφασις
1669 3255 1923 3320 ἀσεϐείας

331 3339 732 3410 περικέκοπται
759 3355 774 3405 ;
808 3335 935 3408 Ἆρ’
966 3338 1045 3392 ἔτι
1091 3341 1383 3412 τολμήσεις
1429 3345 1796 3416 συκοφαντίας
1828 3348 1922 3402 καὶ

327 3431 505 3504 ψεύδη
537 3429 679 3484 κατά
721 3429 822 3498 τῆς
857 3429 1115 3502 ἀληθείας
1145 3433 1440 3504 ὲπινοεῐνῆ
1488 3435 1630 3489 κατὰ
1665 3437 1766 3506 τῆς
1793 3437 1922 3490 εαυ-

330 3523 429 3577 τοῦ
484 3522 932 3593 μηχανορῤαφεῖν
986 3522 1302 3593 σωτηρίας;
1361 3523 1462 3580 λα’.
1538 3525 1756 3596 Ἔγωγε
1829 3526 1922 3581 οῦν

331 3613 456 3668 οὐδὲ
489 3613 583 3666 τοῦ
629 3611 818 3666 λοιποῦ
863 3629 922 3666 σε
968 3614 1247 3686 φροντίδος
1271 3614 1376 3680 ἔξω
1407 3615 1561 3688 θείην
1595 3618 1698 3690 (2),
1731 3620 1779 3672 εί
1821 3622 1921 3690 μὲν

329 3708 572 3771 ἀνιάτως
614 3706 758 3777 ἔχεις
788 3704 884 3759 καὶ
928 3705 1178 3776 ἐλέγχειν
1213 3709 1308 3761 καὶ
1358 3709 1624 3780 ἐπιτιμᾷν
1651 3711 1743 3764 καὶ
1771 3712 1921 3765 κάτω

331 3801 586 3870 κείμενον
629 3798 712 3852 ἔτι
764 3797 1001 3870 βάλλειν,
1047 3800 1097 3851 εί
1141 3797 1199 3852 δὲ
1233 3800 1371 3869 πρὸς
1427 3799 1728 3871 θεραπείαν
1763 3805 1918 3874 ὁρᾷς,

331 3891 626 3965 φάρμακόν
659 3909 740 3946 σοι
775 3889 1077 3962 προσάγειν
1106 3891 1172 3944 ἐκ
1197 3889 1292 3944 τοῦ
1329 3890 1493 3946 αὐτοῦ
1524 3896 1797 3964 κρατῆρος
1822 3897 1921 3966 τῆς

331 3985 594 4058 ἀληθείας
625 3984 964 4039 ἀκεσώδυνόν
992 4001 1052 4037 τε
1085 3983 1179 4038 καὶ
1206 3984 1579 4055 καθαρτήριον
1607 3985 1710 4056 τῆς
1735 3986 1917 4043 νόσου.

331 4081 393 4132 Et
426 4080 536 4149 γὰρ
565 4069 632 4149 (ὦ
663 4076 717 4129 τί
761 4076 827 4130 ἄν
864 4075 924 4129 σέ
945 4092 1030 4138 τις
1061 4074 1138 4146 (3)
1169 4077 1455 4148 προσείποι
1475 4075 1514 4148 ;)
1540 4075 1635 4129 τοῦ
1667 4076 1920 4146 Πνεῦμα-

326 4188 419 4234 τος
454 4171 487 4241 ἡ
513 4169 844 4239 ὲκπόρευσις
881 4169 913 4240 η
949 4169 1013 4220 ὲκ
1040 4165 1134 4219 τοῦ
1182 4165 1393 4236 Πατρδς
1416 4167 1617 4234 τελεία,
1647 4166 1829 4221 τελεία
1861 4168 1918 4222 δὲ

327 4266 412 4318 ὅτι
458 4263 592 4327 Θεὸς
619 4263 824 4325 τέλειος
879 4262 944 4314 ὲκ
991 4259 1128 4313 Θεοῦ
1165 4259 1395 4326 τελείου,
1428 4259 1482 4312 τί
1529 4261 1648 4313 ποτ’
1680 4261 1748 4315 ἂν
1786 4263 1820 4332 ἡ
1854 4263 1920 4316 ὲκ

325 4357 423 4412 τοῦ
455 4354 588 4408 Υίοῦ
640 4351 1066 4424 συνεισενέγκῃ;
1109 4349 1172 4402 Εἰ
1204 4348 1303 4421 μὲν
1343 4349 1452 4420 γάρ
1477 4365 1528 4400 τι
1567 4349 1917 4422 συνεισήνεγ-

327 4467 444 4514 κεν,
481 4447 654 4500 εἰπεῖν
679 4445 864 4512 δεήσει
898 4443 974 4513 (4)
1011 4444 1105 4496 καὶ
1128 4441 1157 4495 δ
1201 4443 1532 4513 συνήνεγκεν
1558 4457 1573 4474 ⁸
1599 4444 1648 4495 εί
1677 4443 1735 4496 δὲ
1768 4443 1919 4513 παρά

2055 589 2109 635 et
2141 581 2506 636 essentisliter
2538 597 2602 635 ex
2627 579 2766 635 Filio
2794 583 3046 651 accipere
3076 582 3368 652 Spiritum,
3405 585 3497 640 sed
3523 601 3633 640 mo-

2055 674 2241 729 raliter
2289 683 2343 728 et
2399 675 2828 729 accidentaliter.
2881 675 2935 729 ld
2987 675 3132 730 enim
3182 678 3421 747 produnt
3467 680 3636 733 verba

2053 777 2143 822 tua
2183 785 2197 822 :
2247 767 2524 823 Donorum
2571 767 2788 822 illorum
2821 769 3194 840 operationem
3247 786 3277 825 ε
3320 769 3481 826 Patre
3512 782 3636 826 lan-

2051 872 2218 927 quam
2253 873 2282 911 a
2309 873 2473 914 causa
2502 859 2779 928 accipiens
2812 860 3138 929 praedicatur
3171 859 3431 931 Spiiitus,
3455 863 3634 918 dono-

2053 963 2199 1012 rum,
2232 947 2482 1018 inquam,
2515 948 2760 1014 illorum,
2809 952 3008 1019 quibus
3047 951 3346 1022 discipulos
3367 954 3633 1008 corrobo-

2051 1041 2191 1095 ravit
2239 1040 2308 1096 ad
2345 1039 2562 1096 futuras
2603 1056 2692 1097 res
2726 1043 3163 1113 cognoscendas,
3185 1045 3250 1098 ad
3284 1041 3371 1099 re's
3402 1052 3637 1101 arcanas

2049 1143 2214 1204 atque
2241 1133 2562 1190 reconditas
2592 1135 3012 1206 conspiciendas
3042 1147 3095 1191 et
3115 1137 3180 1192 ad
3215 1139 3475 1208 patranda
3508 1154 3635 1208 pro~

2045 1225 2190 1296 digia
2248 1227 2714 1296 supernaluralia.
2781 1227 2853 1302 At
2915 1243 3049 1283 vero
3100 1245 3333 1300 magnus
3397 1217 3636 1287 Iiasilius

2047 1333 2249 1386 pravas
2293 1327 2418 1373 tuas
2454 1319 2935 1390 interpretationes
2979 1321 3265 1388 refutabit,
3311 1323 3630 1378 earumdem

2045 1407 2321 1460 donorum
2376 1421 2598 1462 causam
2632 1407 2811 1478 ipsum
2858 1405 3101 1479 quoque
3147 1409 3498 1478 Unigenitum
3536 1413 3634 1467 de-

2041 1495 2278 1550 clarans.
2303 1494 2436 1550 Nam
2470 1500 2521 1549 in
2555 1497 2698 1552 libro
2721 1498 2786 1553 ad
2817 1497 3138 1569 Gregorium
3166 1499 3388 1555 fratr'em
3423 1517 3438 1555 :
3478 1501 3636 1566 Qua:-

2042 1595 2213 1641 rentes
2235 1603 2376 1651 vero,
2409 1588 2610 1658 inquit,
2648 1607 2716 1644 an
2752 1590 3007 1645 bonorum
3038 1594 3399 1664 suppeditatio
3421 1611 3485 1650 ex
3519 1597 3633 1650 solo

2041 1688 2228 1732 sancto
2273 1677 2484 1748 Spiritu
2543 1681 2754 1735 initium
2804 1693 2981 1736 sumat
3025 1693 3074 1737 et
3119 1685 3194 1738 sic
3229 1686 3404 1755 dignis
3463 1686 3626 1752 adsit,

2039 1770 2232 1824 iterum
2271 1787 2364 1840 per
2402 1768 2742 1841 Scripturam
2780 1775 3026 1828 ducimur
3074 1785 3124 1829 et
3174 1777 3516 1844 instruimur,
3571 1788 3629 1832 ut

1967 1853 2006 1906 Β
2037 1864 2482 1933 suppeditationis
2527 1881 2710 1920 eorum
2760 1868 3040 1932 bonorum,
3069 1884 3187 1936 qua:
3215 1867 3452 1938 Spiritus
3492 1887 3625 1924 sau-

2036 1967 2150 2010 ctus
2179 1957 2232 2009 in
2266 1956 2415 2010 nobis
2450 1969 2722 2028 operatur,
2765 1969 3040 2014 auctorem
3077 1969 3126 2013 et
3167 1978 3384 2016 causam
3436 1960 3632 2033 Uuige-

2035 2053 2208 2104 nilum
2237 2049 2403 2104 Deum
2439 2066 2552 2104 esse
2592 2053 2894 2106 credamus.
2956 2050 3011 2106 Si
3062 2052 3227 2123 igitur
3269 2069 3334 2107 ex
3365 2069 3450 2119 eo,
3485 2057 3629 2125 quod

2037 2144 2279 2215 Spiritus
2327 2144 2597 2200 donorum
2627 2145 3003 2215 operationem
3035 2161 3066 2200 a
3098 2143 3260 2201 Patre
3287 2157 3551 2217 tanquam
3593 2164 3622 2202 a

2036 2251 2205 2292 causa
2232 2237 2490 2306 accipiat,
2533 2237 2822 2292 concludis
2868 2237 3020 2292 illum
3054 2253 3162 2292 non
3207 2253 3330 2294 esse
3359 2256 3423 2294 ex
3461 2238 3627 2303 Filio,

2035 2343 2264 2400 magnus
2295 2338 2484 2384 contra
2536 2327 2771 2384 Basilius
2801 2344 2867 2384 ex
2918 2345 3006 2391 eo.
3041 2331 3193 2402 quod
3244 2339 3301 2386 ut
3342 2343 3626 2388 auctorem

2031 2430 2086 2476 et
2119 2435 2343 2477 causam
2373 2421 2646 2490 ejusmodi
2678 2419 2948 2476 donorum
2977 2423 3244 2491 glorificet
3273 2424 3451 2493 ipsum
3481 2425 3622 2482 Uni-

2031 2513 2294 2584 genitum,
2333 2528 2401 2568 ex
2432 2511 2572 2568 Filio
2603 2509 2872 2583 Spiritum
2910 2531 3032 2570 esse
3063 2517 3324 2572 stabiliet.
3381 2517 3438 2571 Si
3471 2521 3618 2574 enim

2031 2620 2097 2660 ex
2125 2604 2247 2660 solo
2275 2603 2440 2661 Patre
2488 2605 2731 2676 prodiret
2757 2605 3015 2677 Spiritus,
3049 2607 3362 2664 ministrum
3394 2609 3624 2668 fortasse

2029 2707 2084 2754 et
2133 2714 2358 2755 servum
2405 2701 2751 2769 propriorum
2797 2701 3193 2757 charismatum
3242 2704 3468 2760 haberet
3525 2703 3618 2760 Fi-

2031 2791 2191 2854 lium,
2239 2790 2552 2846 nullatenus
2589 2805 2718 2847 vero
2752 2802 3028 2848 auctorem
3059 2804 3114 2848 et
3141 2809 3395 2851 causam;
3436 2798 3612 2864 Quam

2029 2882 2100 2938 ob
2131 2896 2354 2938 causam
2386 2897 2491 2936 non
2527 2883 2807 2938 moraliter
2847 2895 2902 2938 et
2949 2887 3362 2943 accidentaliter
3407 2904 3439 2944 a
3481 2888 3619 2945 Filio

2028 2977 2276 3045 accipere
2324 2973 2593 3042 Spiritum
2647 2991 2873 3034 censere
2917 2979 3108 3046 debes,
3157 2995 3347 3037 verum
3397 2991 3620 3039 natura-

2030 3066 2154 3122 liter
2185 3075 2240 3122 et
2266 3067 2726 3123 substantialiter.

2675 3159 2976 3218 TEXTUS.

2098 3251 2189 3306 5|.
2225 3251 2419 3308 Annon
2476 3267 2608 3324 ergo
2650 3256 3016 3329 undequaqne
3048 3260 3142 3314 tibi
3176 3261 3402 3330 quilibet
3451 3263 3618 3331 iutp‘e

2030 3344 2300 3404 sentiendi
2344 3356 2642 3416 praetextas
2677 3361 2919 3405 resectas
2945 3351 3064 3407 est?
3089 3351 3354 3408 Adbucne
3391 3355 3618 3409 audebis

2029 3436 2333 3493 calumnias
2402 3447 2566 3509 atque
2645 3442 2936 3497 mendacia
3001 3445 3271 3499 adversus
3332 3447 3616 3502 veritatem

2027 3530 2371 3586 comminisci
2403 3538 2508 3586 aut‘
2530 3533 2682 3588 dolos
2727 3535 2993 3590 adversus
3033 3537 3264 3592 salutem
3295 3545 3444 3592 tuam
3479 3554 3612 3594 con-

2027 3621 2224 3677 suere?
2255 3620 2341 3675 3L
2377 3620 2488 3692 Ego
2522 3637 2653 3677 sane
2685 3639 2753 3678 ne
2787 3625 3046 3694 deinceps
3074 3629 3294 3696 quidem
3322 3631 3397 3682 tui
3425 3644 3616 3684 curam

2025 3712 2307 3782 abjiciam,
2342 3725 2403 3769 ut
2449 3715 2496 3770 si
2553 3715 2876 3770 insanabilis
2913 3719 3014 3782 sis,
3051 3734 3278 3788 arguam
3323 3729 3380 3774 et
3435 3724 3616 3776 corri-

2028 3806 2172 3875 piam
2246 3816 2408 3876 teque
2449 3807 2600 3862 humi
2631 3808 2901 3878 iacentem
2953 3811 3136 3865 adhuc
3185 3813 3514 3879 percutiam,
3565 3812 3614 3867 si

2026 3907 2206 3952 autem
2262 3899 2445 3954 sanari
2493 3909 2668 3970 potes,
2717 3901 3045 3956 medicinam
3081 3903 3182 3956 tibi
3226 3904 3513 3973 propinem
3544 3920 3612 3958 cx

2025 3989 2148 4062 ipso
2183 3991 2427 4046 veritatis
2462 3992 2661 4064 poculo
2699 4003 2752 4048 et
2785 3993 3062 4048 lenitivam
3088 3993 3295 4049 doloris
3343 4003 3395 4047 et
3426 3995 3603 4049 morbi

2024 4085 2386 4154 purgativam.
2438 4085 2495 4139 Si
2539 4085 2686 4140 enim
2747 4086 2801 4157 (ο
2827 4102 3070 4158 quonam
3115 4070 3171 4140 te
3221 4088 3349 4158 quis
3391 4088 3614 4142 nomine

2025 4178 2377 4248 compellet!)
2407 4178 2651 4249 Spiritus
2678 4195 2708 4234 e
2737 4178 2900 4234 Patre
2933 4183 3216 4251 processio
3233 4187 3318 4235 est
3347 4179 3609 4251 perfecta,

2025 4271 2264 4342 perfecta
2315 4281 2498 4326 autem
2560 4273 2822 4342 quoniam
2873 4273 3012 4328 Deus
3067 4271 3338 4343 perfectus
3389 4287 3455 4326 ex
3501 4272 3612 4327 Deo

2025 4361 2286 4432 perfecto,
2322 4362 2583 4434 quidnam
2632 4365 2737 4418 ista
2782 4379 2811 4417 e
2861 4361 3001 4417 Filio
3036 4363 3312 4431 processio
3362 4363 3611 4417 contule-

2025 4454 2133 4508 rit?
2184 4456 2238 4508 Si
2268 4457 2413 4510 enim
2445 4455 2576 4526 quid
2609 4454 2866 4517 contulit,
2901 4455 3034 4509 illud
3055 4461 3285 4524 quoque
3315 4455 3610 4509 ostendere

294 4525 428 4616 ’τὴν
479 4541 668 4612 θεῖκὴν
715 4537 811 4591 τοῦ
846 4536 1163 4606 Πνεῦματος
1200 4535 1504 4590 ὑπόστασιν
1549 4535 1701 4589 οὐδὲν
1730 4537 1917 4606 ἕτερον

2034 4547 2296 4625 oportebit
2326 4525 2470 4616 quod
2518 4546 2789 4609 contulit;
2842 4547 2987 4615 quod
3022 4546 3069 4601 si
3117 4555 3316 4616 praeter
3344 4547 3608 4614 ,divinatn

325 4637 474 4690 εστιν
503 4631 626 4688 οὔτε
649 4631 837 4686 λαϐεῖν
875 4628 998 4682 οὔτε
1028 4631 1225 4695 εἰπεῖν,
1257 4627 1308 4681 τί
1348 4630 1442 4680 καὶ
1469 4629 1560 4682 τὸν
1593 4628 1722 4681 Υίὸν
1765 4628 1918 4698 ὑϐρί-

323 4729 441 4797 ζειν
475 4729 648 4796 ἐγνως
675 4724 756 4797 τῷ
780 4723 967 4794 ψεύδει
992 4725 1089 4777 καὶ
1113 4722 1174 4775 τδ
1200 4719 1448 4792 Πνεῦμα,
1482 4723 1576 4777 καὶ
1599 4723 1695 4776 σὺν
1729 4722 1917 4784 αὐτοῖς

322 4840 389 4892 γε
429 4823 522 4877 καὶ
550 4821 657 4892 προ
680 4817 862 4872 αὐτῶν
887 4817 978 4870 τὸν
1012 4815 1234 4886 Πατέρα
1257 4829 1272 4878 ;

392 5005 493 5079 λβ’.
531 5006 699 5058 Πάλιν
724 4999 780 5056 δὲ
819 5001 868 5054 εί
909 5001 966 5055 ἐν
995 4992 1040 5068 ᾧ
1076 4997 1172 5052 τοῦ
1220 4997 1437 5068 Πατρὸς
1469 4997 1834 5064 ἐκπορεύεται
1857 4998 1918 5051 re

327 5099 574 5168 Πνεῦμα,
607 5096 641 5166 ἡ
690 5094 891 5162 ἰδιότης
934 5091 1358 5159 ἐπιγινώσκεται
1409 5088 1598 5154 αὐτοῦ,
1650 5088 1917 5153 ὡσαύτως

320 5186 378 5239 δὲ
407 5188 501 5238 καὶ
529 5185 588 5236 ὲν
613 5175 659 5251 ᾧ
684 5183 945 5252 γεννᾶται
973 5181 1001 5231 ὁ
1033 5179 1182 5245 Υἱὸς,
1211 5179 1245 5247 ἡ
1289 5177 1384 5230 τοῦ
1419 5176 1547 5231 Υἱοῦ
1567 5194 1581 5209 ⁸
1613 5178 1915 5249 ἐκπορεύε-

321 5294 415 5332 ται
441 5276 520 5344 δδ,
567 5273 644 5338 ὡς
674 5277 702 5328 ὁ
735 5273 960 5327 ἐκείνων
1001 5270 1189 5342 λῆρος,
1233 5271 1328 5322 καὶ
1359 5269 1420 5322 τὸ
1469 5268 1698 5340 Πνεῦμα
1733 5271 1796 5322 ὲκ
1821 5268 1916 5323 τοῦ

325 5371 482 5437 Υίοῦ,
513 5371 754 5428 πλείοσιν
786 5367 876 5440 ἄρ’
901 5367 1158 5438 ίδιὼμασι
1212 5365 1582 5420 διαστέλλεται
1607 5365 1668 5418 τὸ
1691 5363 1919 5433 Πνεῦμα

321 5465 415 5520 τοῦ
446 5461 660 5534 Πατρὸς
721 5463 866 5536 ἤπερ
900 5463 929 5515 ὁ
959 5461 1106 5527 λ’·ἱὸς.
1150 5459 1218 5514 Ἥ
1265 5459 1366 5531 μὲν
1395 5460 1506 5531 γὰρ
1535 5458 1758 5530 πρόοδος
1786 5459 1821 5530 ὴ
1853 5461 1918 5511 ὲκ

321 5557 417 5610 τοῦ
451 5555 684 5627 Πατρὺς,
727 5557 776 5608 εί
825 5556 916 5608 χώ
940 5554 1000 5607 τὸ
1033 5555 1132 5626 μὲν
1165 5553 1381 5624 πρόεισι
1425 5553 1726 5625 γεννητῶς,
1776 5555 1835 5609 τὸ
1861 5553 1919 5607 δὲ

393 5709 475 5781 (Ι)
497 5710 702 5767 Eadem
745 5709 1135 5781 Basiliiverba
1169 5711 1302 5766 citat
1346 5709 1552 5768 Beccus
1588 5711 1640 5767 in
1681 5711 1915 5768 Clamat.

327 5779 415 5851 te:
447 5779 511 5836 υ.
548 5783 589 5835 ιι
623 5796 677 5851 ρ.
702 5779 963 5844 stt-545)

399 5852 578 5909 l2llta
619 5857 878 5909 Lautcnt.
905 5868 1030 5908 cum
1072 5851 1280 5906 Monac.

2023 4634 2265 4705 Spiritus
2302 4639 2664 4708 bypostasim,
2703 4639 2776 4691 nil
2827 4638 2974 4693 aliud
3039 4647 3221 4708 potest
3271 4647 3367 4692 aut
3423 4647 3611 4693 mente

2019 4727 2231 4797 concipi
2269 4741 2364 4781 aut
2396 4728 2576 4798 lingua
2613 4729 2851 4796 ostendi,
2891 4745 3010 4798 cur,
3037 4745 3248 4801 quaeso,
3285 4730 3367 4786 vis
3397 4728 3604 4786 Filium

2019 4821 2332 4878 mentiendo
2379 4822 2576 4878 laedere
2619 4836 2781 4894 atque
2837 4825 3126 4895 Spiritum,
3161 4825 3272 4882 imo
3309 4841 3434 4882 cum
3479 4827 3615 4898 ipsis

2018 4923 2072 4966 et
2106 4927 2214 4979 prae
2242 4911 2374 4982 ipsis
2415 4911 2630 4968 Palrettt
2661 4913 2683 4968 ἲ

2091 5005 2183 5057 52.
2223 5002 2437 5059 Rursus
2471 5006 2517 5060 si
2547 5007 2600 5058 in
2637 5008 2738 5060 hoc
2762 5005 2908 5076 quod
2938 5023 2966 5060 a
2993 5006 3158 5064 Patre
3189 5011 3455 5081 procedat
3489 5009 3616 5081 Spi-

2021 5098 2191 5162 ritus,
2230 5099 2538 5167 proprietas
2577 5098 2750 5167 ipsius
2796 5105 3148 5170 agnoscitur;
3193 5104 3444 5159 similitcr
3475 5113 3527 5158 ct
3558 5105 3613 5158 in

2027 5189 2131 5243 hoc
2178 5187 2325 5258 quod
2367 5198 2664 5258 generatur
2715 5188 2911 5258 Filius,
2966 5191 3087 5247 Filii
3142 5195 3457 5262 agnoscitur
3481 5209 3612 5264 pro-

2026 5281 2270 5350 prietas;
2339 5279 2588 5351 procedit
2643 5291 2823 5337 autem
2866 5284 3028 5354 juxta
3080 5283 3302 5340 illorum
3357 5285 3612 5341 delirium

2018 5374 2184 5428 etiam
2220 5373 2459 5442 Spiritus
2507 5389 2576 5430 ex
2612 5371 2777 5442 Filio,
2806 5377 3060 5448 pluribus
3087 5391 3221 5448 ergo
3254 5377 3640 5450 proprietati-_

2020 5465 2529 5535 bus‘distinguitur
2571 5465 2818 5538 Spiritus
2868 5482 2900 5523 a
2949 5466 3137 5533 Patre,
3191 5481 3358 5538 quam
3409 5465 3608 5524 Filius.

2021 5558 2310 5614 Processio
2353 5560 2501 5615 enim
2543 5576 2609 5616 ex
2669 5560 2852 5627 Patre,
2917 5559 3137 5620 tametsi
3197 5560 3337 5616 alter
3386 5561 3613 5632 prodeat

2116 5717 2171 5789 3)
2204 5715 2368 5790 Laur.
2399 5719 2459 5772 σέ
2490 5736 2574 5783 τις
2613 5717 2911 5790 προσείπῃ.

2116 5721 2171 5777 5)
2204 5721 2368 5772 Laur.
2399 5721 2459 5772 σέ
2490 5736 2574 5783 τις
2613 5721 2856 5789 προσείπ

2095 5721 2176 5858 id)
2213 5789 2406 5854 Laur.,
2439 5791 2613 5862 δεήσῃ
2653 5799 2710 5842 ιιι
2735 5788 2856 5844 Cul.
