4042 6394
433 315 539 381 775

1467 270 1680 363 ποια.
1725 299 1941 363 YECCI
1982 301 2091 363 ep.
2134 302 2644 366 PATRIARCILE

3607 295 3716 368 776

437 445 531 501 per
581 422 1019 499 generationem,
1072 417 1210 477 alter
1257 431 1389 472 vero
1438 433 1534 488 per
1581 416 2013 488 processionem,

2129 418 2492 490 ἑκπορευτῶς,
2540 419 2653 472 ἀλλ’
2686 418 2778 472 οὖν
2826 418 3020 487 ἐπίσης
3062 418 3240 472 αὐτῶν
3274 416 3538 488 ἑκάτερον
3573 418 3713 484 ἀφο-

435 520 720 592 εειιυοιίιθτ
750 526 932 572 tamen
967 515 1162 567 horum
1203 519 1500 580 utrumque
1532 509 1822 579 distinguit
1864 524 1894 563 a
1928 527 2021 578 pnv

440 626 595 671 terna
646 608 969 683 hypostasi;
1024 603 1381 675 diStinguitur
1434 611 1616 657 autem
1679 600 1918 671 Spiritus
1971 611 2023 654 et

438 705 549 759 alia
606 697 935 762 diﬂ'erentia,
988 706 1152 763 quam
1197 692 1247 746 ei
1303 690 1599 762 duplicitas
1651 688 2022 760 processionis

435 804 609 853 creat.
640 790 761 846 Jam
788 802 920 845 vero
952 786 997 842 si
1028 784 1281 858 pluribus
1308 782 1637 839 diﬂerentiis
1668 781 2023 852 distinguitur

439 908 469 946 a
506 888 666 943 Patre
712 884 955 956 Spiritus
1000 895 1165 952 quam
1194 877 1391 944 Filius,
1433 877 1665 948 propius
1701 873 1925 930 accedet
1954 874 2019 926 a:|

436 989 722 1051 paternam
775 974 1142 1031 substantiam
1196 966 1393 1034 Filius,
1462 966 1811 1039 geminisque
1870 967 2021 1020 exsi~

437 1073 705 1131 stentibus
729 1066 1184 1140 proprietatibus,
1214 1078 1334 1135 quae
1360 1061 1624 1132 Spiritum
1664 1059 2019 1127 distinguant,

437 1181 534 1235 per
580 1165 809 1218 alteram
846 1156 1047 1215 borum
1096 1157 1380 1213 evincetur
1411 1151 1675 1223 Spiritum
1725 1166 1849 1206 csse
1883 1147 2023 1203 Filio

438 1257 757 1312 inferiorem
793 1254 850 1308 in
894 1249 1210 1321 aequalitate
1238 1241 1723 1302 consubstantialis
1760 1256 1885 1295 cum
1917 1238 2021 1293 Pu-

438 1356 521 1401 tre
557 1343 856 1406 atlinitatis,
913 1341 1104 1409 sicque
1156 1333 1461 1390 Macedonii
1507 1346 1703 1386 rursus
1754 1331 2024 1383 advel-Sus

439 1439 704 1508 Spiritum
739 1440 982 1501 emerget
1030 1427 1268 1491 insania,
1302 1427 1420 1496 ipsa
1468 1438 1688 1494 quoque
1717 1421 1864 1475 illius
1921 1421 2023 1474 im-

440 1531 647 1601 pietate
682 1526 950 1581 deterior.

508 1620 597 1673 '53.
636 1610 897 1685 Quinimo
950 1617 997 1672 si
1048 1613 1223 1672 solius
1262 1609 1503 1681 Spiritus
1547 1615 1657 1673 est,
1710 1604 1767 1661 in
1802 1602 2019 1661 diversa

441 1708 631 1764 referri
668 1708 963 1779 principia,
995 1705 1277 1777 quomodo
1317 1717 1427 1757 non
1458 1699 1778 1757 necessario
1823 1711 2026 1752 conse—

2129 509 2268 580 ρίζει
2301 511 2379 583 (Ι)
2406 512 2503 583 τῆς
2534 511 2811 581 πατρικῆς
2846 511 3202 574 ὑποστάσεως
3224 525 3237 540 ·
3288 507 3713 563 ἀποδιαστέλλε-

2125 619 2212 654 ται
2244 600 2301 654 δὲ
2331 603 2391 655 τὺ
2422 602 2646 674 Πνεῦμα
2679 606 2773 656 καὶ
2802 603 3033 676 δευτέρᾳ
3083 603 3336 674 διαφορᾷ,
3371 591 3439 673 ἢν
3473 600 3624 670 αὖτῷ
3656 600 3716 653 τὸ

2123 690 2348 744 διπλοῦν
2378 693 2475 762 τῆς
2527 686 2907 762 ὲκπορεύὰεως
2956 690 3241 762 προξενεῖ·
3285 692 3336 744 εί
3388 690 3444 743 δὲ
3499 689 3715 743 πλείοσι

2124 782 2405 854 διαφοραῖς
2437 784 2804 839 διαστέλλεται
2838 784 2931 839 τοῦ
2967 776 3180 855 Πατρός
3218 785 3278 837 τὸ
3310 781 3537 852 Πνεῦμα
3567 783 3715 852 ἤπερ

2124 875 2153 927 ό
2174 875 2321 943 Υἱὸς,
2357 876 2636 948 ἐγγυτέρω
2660 879 2726 932 ἂν
2752 874 2837 948 εἴη
2869 879 2964 947 τῆς
2995 877 3269 947 πατρικῆς
3294 876 3483 937 οὐσίας
3504 877 3533 927 ό
3558 874 3711 937 Υἱὸς,

2126 965 2222 1021 καὶ
2252 966 2457 1023 διπλῶν
2508 968 2679 1025 ὄντων
2733 966 3045 1041 ἰδιωμάτων
3094 968 3204 1022 τῶν
3252 965 3624 1038 ἁφοριζόντων
3653 964 3716 1018 τδ

2129 1056 2351 1131 Πνεῦμα
2382 1061 2593 1134 θατέρῳ
2625 1058 2831 1116 τούτων
2865 1060 3268 1134 ὑποὸεὸηκέναι
3314 1060 3409 1114 τοῦ
3449 1057 3580 1114 Υἱοῦ
3612 1060 3713 1130 τῆς

2126 1153 2402 1224 ὁμοφυοῦς
2447 1157 2582 1226 πρὸς
2618 1156 2709 1209 τὸν
2740 1154 2961 1227 Πατέρα
3006 1152 3331 1223 συγγενείας
3373 1152 3716 1227 τδᾼίσότιμον

2126 1225 2617 1316 δυσφημηθήσεται
2662 1225 2909 1317 Πνεῦμα,
2949 1247 3045 1299 καὶ
3088 1245 3324 1316 οῦτωςὴ
3375 1225 3715 1299 Μακεδονίου

2129 1336 2295 1390 πάλιν
2336 1337 2481 1391 κατὰ
2537 1338 2633 1390 τοῦ
2684 1339 3001 1408 Πνεύματος
3032 1330 3354 1390 ἀναδύσεται
3389 1334 3466 1406 (2)
3517 1334 3714 1398 λύσσα,

2126 1429 2225 1500 τῆς
2246 1428 2457 1483 ἐκείνου
2502 1424 2824 1495 δυσσεϐείας
2854 1428 2923 1484 δι’
2972 1428 3174 1498 ἑαυτῆς
3208 1426 3625 1496 ἀνακαλουμένη
3657 1426 3718 1479 τὸ

2125 1512 2261 1591 ἧττη
2272 1538 2368 1592 μα.

2197 1606 2297 1681 λγδ.
2337 1610 2501 1664 Ἀλλὰ
2557 1613 2652 1667 καὶ
2701 1613 2750 1667 εί
2788 1613 2951 1684 μόνου
3008 1608 3331 1683 Πνεύματός
3377 1612 3492 1663 ἔστι
3543 1608 3603 1662 τὸ
3632 1610 3715 1672 εἷς

2128 1702 2304 1771 ἀρχὰς
2333 1702 2704 1773 ἀναφέρεσθαι
2753 1702 3062 1776 διαφόρους,
3110 1702 3227 1766 πῶς
3259 1701 3380 1772 οὐχὶ
3408 1699 3507 1754 καὶ
3550 1700 3714 1770 μόνου
3778 1696 3783 1699 ’

437 1812 657 1871 quetnr,
686 1812 739 1856 et
772 1801 945 1855 solius
987 1814 1110 1855 esse
1143 1796 1406 1869 Spiritus,
1450 1794 1505 1848 in
1540 1789 1831 1860 multiplex
1870 1780 2021 1856 prin-

2129 1792 2448 1863 Πνεύματος
2479 1794 2772 1882 ἀκόλουθον
2808 1793 2992 1863 λέγειν
3030 1794 3092 1848 τὸ
3122 1795 3202 1859 είς
3230 1792 3540 1864 ⁴πολύαρχον
3583 1790 3715 1845 ἀνα-

440 1892 647 1963 cipinm
680 1890 915 1947 referri?

529 1987 618 2041 54.
663 1988 895 2056 Insuper
920 1976 963 2039 si
992 1985 1046 2037 in
1074 1982 1275 2053 quibus
1296 1972 1447 2034 Patri
1477 1993 1541 2033 ac
1563 1970 1704 2031 Filio
1733 1972 2027 2030 temeraria

439 2075 682 2129 novitate
737 2071 1094 2127 nudat-issimi
1157 2070 1247 2125 isti
1305 2068 1751 2124 communionem
1803 2065 2026 2120 etIinxe-

440 2175 590 2230 runt,
636 2165 701 2219 iis
749 2164 1015 2236 Spiritum
1063 2163 1387 2227 secludunt;
1446 2159 1608 2215 Pater
1651 2167 1832 2214 autem
1885 2157 2027 2211 Filio

442 2254 748 2312 secundum
804 2254 1196 2320 substantiam,
1270 2269 1379 2307 non
1428 2252 1730 2307 secundmn
1785 2251 2023 2321 aliquam

441 2348 839 2419 proprietatem
873 2347 926 2401 in
949 2345 1390 2402 communionem
1419 2343 1766 2414 coniungitur
1791 2359 1808 2399 :
1836 2358 1965 2413 ergo
1996 2361 2025 2397 a

441 2449 666 2509 paterna
699 2439 1001 2493 secundum
1037 2438 1402 2493 substantiam
1430 2437 1757 2506 cognatione
1787 2436 2027 2491 cons-ab-

438 2532 751 2586 ttantialem
789 2531 1054 2601 Spiritum
1089 2529 1414 2585 excludunt.

510 2621 602 2676 35.
637 2621 875 2691 Spiritus
915 2637 946 2675 a
1001 2618 1143 2675 Filio
1184 2620 1457 2691 procedit,
1490 2618 1753 2674 eademne
1790 2626 2021 2688 proces-

440 2714 598 2770 sioue
621 2730 692 2768 an
742 2720 982 2784 paternae
1018 2709 1337 2768 contraria?
1374 2709 1431 2766 Si
1463 2711 1609 2765 enim
1642 2711 1858 2775 eadem,
1888 2726 2027 2780 quo-

441 2808 608 2863 modo
642 2792 749 2861 non
781 2820 1109 2862 communes
1142 2805 1448 2858 redduntur
1480 2803 1867 2872 proprietates,
1898 2803 2025 2873 qni-

443 2901 548 2955 bus
596 2909 653 2955 et
710 2900 845 2956 solis
892 2897 1139 2953 Trinitas
1187 2890 1434 2952 Trinitas
1492 2912 1616 2952 esse
1680 2900 1736 2950 et
1804 2896 2022 2950 adorari

442 2989 878 3064 dignoscitur(a)
900 2991 925 3045 ?
951 2993 1006 3047 Si
1026 3001 1207 3045 autem
1236 2991 1589 3060 processione
1612 2999 1853 3060 paterna:
1887 3003 2024 3044 con-

443 3086 631 3149 traria,
659 3085 935 3154 quomodo
979 3098 1085 3137 non
1128 3083 1374 3139 Manetes
1414 3082 1572 3136 nobis
1611 3094 1665 3136 et
1717 3067 2023 3137 Mai-Ciam

444 3191 639 3231 rursus
668 3190 780 3230 uno
814 3182 938 3230 eum
992 3174 1098 3229 ἰειο
1151 3174 1319 3229 verbo
1370 3173 1639 3244 sacrilego
1676 3173 1731 3227 in
1780 3174 2021 3229 medium

440 3266 735 3336 prodeunt,
772 3266 1007 3337 impiam
1056 3267 1254 3322 itcrttm
1290 3268 1557 3321 adversus
1596 3264 1814 3321 Patrem
1845 3276 1899 3321 et
1934 3261 2023 3321 Fi-

441 3360 573 3412 lium
605 3360 897 3414 dilatantes
925 3357 1341 3429 garrulitatem?

514 3450 603 3504 56.
648 3450 916 3506 Praeterea
956 3450 1003 3506 si
1051 3466 1213 3505 omne
1257 3449 1406 3521 quod
1454 3464 1564 3503 non
1600 3452 1685 3504 est
1732 3464 2024 3505 commune

441 3542 812 3610 omnipotenti
854 3551 908 3595 et
937 3543 1394 3599 COIlSllbsiJilliaii
1422 3551 1585 3611 atque
1617 3536 2025 3612 supernaturali

441 3635 718 3701 'l’rinitati,
750 3638 915 3693 unius
938 3644 1022 3693 cst
1047 3636 1396 3693 solummodo
1428 3637 1594 3690 trium
1621 3641 1982 3706 personarum
2005 3674 2021 3701 ,

439 3730 729 3798 productio
811 3739 991 3785 autem
1066 3729 1308 3799 Spiritus
1370 3738 1479 3783 nun
1554 3737 1639 3784 est
1710 3728 2023 3782 'commuuis

441 3823 602 3874 trium
634 3838 649 3876 :
681 3835 814 3891 ergo
845 3831 928 3876 est
973 3821 1355 3875 tantummodo
1390 3821 1552 3874 unius
1589 3834 1619 3875 e
1669 3820 1844 3873 tribus
1889 3818 2018 3872 illis.

442 3910 633 3966 Utrum
672 3911 842 3983 igitur
880 3927 945 3967 ex
979 3910 1143 3966 Patre
1172 3912 1358 3966 dicent
1397 3909 1691 3981 procedere
1730 3909 2020 3981 Spiritum,

437 4010 495 4057 t-t
522 4001 799 4069 quomodo
844 4016 952 4055 non
983 4000 1279 4070 ojurabunt
1312 4015 1499 4055 caram
1541 4003 1675 4071 ipsis
1709 4017 1773 4056 ac
1820 4016 2019 4056 novam

439 4092 796 4146 doctrinam?
829 4090 887 4146 Si
925 4103 1108 4147 autem
1141 4109 1206 4147 ex
1239 4091 1402 4155 Filio.
1435 4109 1534 4148 cur
1560 4109 1670 4150 non
1716 4096 1904 4150 Statim
1952 4093 2021 4149 ab

442 4182 598 4237 initio
646 4194 773 4236 sunt
820 4184 938 4237 ausi
990 4193 1166 4237 totum
1222 4198 1385 4238 suum
1428 4199 1699 4239 venenum
1741 4198 2018 4247 evomere,

334 4354 341 4359 _
441 4273 534 4327 sed
601 4275 861 4359 paulatim
929 4291 994 4330 ac
1053 4276 1428 4347 particulatim
1490 4276 1627 4332 illud
1688 4275 2022 4334 eﬂ‘undunt!

441 4356 739 4434 Oportebat
771 4367 938 4431 enim,
974 4369 1019 4422 si
1046 4369 1266 4436 quidem
1296 4368 1465 4439 impio
1486 4383 1590 4424 suo
1622 4369 1861 4439 dogmati
1887 4383 2022 4423 conas

2132 1885 2394 1957 φέρεσθαι
2431 1888 2639 1960 ἀρχήνς

2188 1972 2294 2031 -λδζ
2328 1978 2449 2031 Ἔτι
2481 1977 2539 2031 δὲ
2569 1980 2618 2031 εί
2658 1981 2716 2033 ὲν
2751 1975 2831 2044 οἷς
2870 1980 3044 2051 Πατρὶ
3077 1979 3173 2033 καὶ
3200 1967 3315 2050 Υίῷ
3346 1976 3631 2032 κοινωνίαν
3663 1976 3715 2028 oi

2132 2070 2308 2124 πάντα
2356 2070 2576 2136 θρισῖς
2634 2073 3091 2144 ἐκαινούργησαν,
3119 2073 3181 2126 τὸ
3235 2072 3464 2142 Πνεῦμα
3505 2070 3719 2132 τούτοῖς

2129 2163 2568 2234 ἀποτειχίζουσιο
2614 2164 2806 2235 Πατὴρ
2849 2165 2905 2219 δὲ
2953 2166 3074 2218 κατ’
3100 2166 3290 2219 οὐσίαν
3338 2164 3474 2234 Υίῷ,
3504 2162 3620 2217 ἀλλ’
3654 2166 3718 2215 οὐ

2130 2256 2271 2308 κατά
2300 2273 2352 2307 τι
2383 2255 2491 2308 τῶν
2546 2256 2854 2327 ἰδιωμάτων
2903 2258 2981 2321 είς
3024 2256 3310 2311 κοινωνίαν
3360 2256 3717 2310 sumimus:

2126 2347 2227 2417 τῆς
2255 2347 2376 2400 κατ’
2409 2346 2597 2401 οὐσίαν
2627 2350 2733 2419 ἄρα
2768 2350 3043 2420 πατρικῆς
3076 2350 3400 2418 συγγενείας
3431 2349 3492 2402 τὸ
3520 2351 3723 2421 operti-’-

2131 2456 2244 2493 σιον
2278 2438 2504 2511 Πνεῦμα
2533 2439 2943 2512 ὑπερορίζουσι.

2198 2618 2294 2682 λε’.
2327 2626 2401 2681 Τὸ
2451 2616 2680 2698 Πνεῦμα
2724 2611 2819 2684 τοῦ
2855 2629 2986 2686 Υἱοῦ
3040 2630 3436 2703 ἐκπορεύεται·
3483 2632 3718 2704 πότερον

2126 2716 2227 2787 τὴν
2276 2715 2447 2788 αὐτὴν
2494 2718 2887 2793 ὲκπόρευσινῆ
2938 2723 3036 2794 τῆς
3086 2722 3349 2793 πατρῴας
3394 2723 3716 2789 ἀντίθετονς

2128 2806 2199 2884 Et.
2221 2806 2320 2877 μὲν
2348 2809 2456 2880 γὰρ
2488 2808 2586 2881 τὴν
2628 2810 2819 2882 αὐτὴν,
2857 2811 2975 2877 πῶς
3012 2812 3074 2866 οὐ
3109 2813 3386 2869 κινοῦνται
3416 2814 3471 2868 αί
3521 2814 3717 2878 ίδιότη-

2124 2914 2239 2963 τες.
2271 2895 2361 2960 αἷς
2390 2900 2481 2952 καὶ
2506 2900 2696 2970 μόναις
2727 2901 2760 2971 ἡ
2797 2898 2966 2973 Τριὰς
2994 2888 3165 2974 Τριᾶς
3194 2899 3447 2956 εἶναικαὶ
3476 2917 3715 2961 προσκυ-

2126 2989 2337 3045 νεῖσθαι
2396 2992 2893 3063 χαρακτηρίξεταις
2941 2995 2991 3047 εἰ
3040 2981 3087 3048 δ’
3133 2992 3349 3064 ἐκείνης
3394 2991 3536 3065 [ϐοὶ.
3572 2993 3622 3045 εί
3653 2992 3714 3045 δὲ

2071 3140 2093 3155 _
2129 3077 2366 3152 ἐκείνης]
2398 3080 2699 3148 ἀντίθετον,
2726 3081 2842 3145 πῶς
2872 3083 2934 3137 οὐ
2958 3084 3236 3148 Μάνεντες
3270 3085 3399 3156 ᾑμῖν
3425 3084 3522 3138 καὶ
3558 3084 3709 3152 Μαρ-

2131 3169 2326 3231 κίωνες
2356 3169 2518 3223 πάλιν
2544 3169 2622 3242 τῷ
2671 3170 2977 3244 βλασφήμῳ
3002 3172 3149 3227 οὕτω
3181 3172 3708 3245 συναναχορεύσουσι

2131 3258 2339 3329 ῥήματι
2368 3259 2469 3330 (3),
2520 3258 2620 3332 τὴν
2648 3261 2915 3332 θεομάχον
2960 3262 3123 3316 πάλιν
3172 3263 3313 3318 κατὰ
3351 3263 3449 3316 τοῦ
3486 3255 3714 3334 Πατρδς

2128 3348 2223 3403 καὶ
2253 3350 2349 3403 τοῦ
2376 3350 2507 3404 Υίοῦ
2530 3351 2914 3422 γλωσσαλγίαν
2943 3353 3305 3419 πλατύνοντες
3326 3371 3341 3384 ⁸

2196 3438 2308 3505 λς’.
2352 3441 2508 3495 Ἐπεὶ
2561 3442 2618 3495 δὲ
2666 3444 2779 3508 τοῖς
2824 3445 3161 3518 εἰρημένοις,
3202 3448 3251 3499 εί
3286 3449 3395 3501 πᾶν
3437 3447 3465 3500 ὅ
3496 3448 3573 3520 μή
3601 3449 3713 3500 ἐστι

2125 3534 2305 3588 κοινὸν
2336 3538 2433 3605 τῆς
2460 3538 2972 3609 πάντοκρατορικῆς
2997 3531 3093 3593 καὶ
3115 3541 3401 3611 όμοουσίού
3424 3543 3520 3594 καὶ
3545 3525 3717 3612 ύπερ-

2126 3623 2295 3695 φυοῦς
2347 3625 2596 3696 Τριάδος,
2654 3629 2772 3691 ἑνός
2831 3629 2949 3681 ἐστι
2999 3629 3162 3699 μόνου
3207 3629 3316 3684 τῶν
3371 3631 3580 3702 τριῶν·
3614 3633 3716 3684 οὐκ

2126 3717 2241 3772 ἐστι
2272 3718 2328 3771 δὲ
2362 3720 2396 3791 ὴ
2427 3719 2522 3772 τοῦ
2562 3719 2880 3792 Πνεύματος
2912 3720 3154 3794 προϐολὴ
3186 3722 3342 3795 κοινῆ
3370 3723 3479 3777 τῶν
3522 3723 3710 3795 τριῶν.

2126 3813 2242 3874 ἐνὸς
2276 3812 2384 3883 ἄρα
2418 3815 2512 3867 καὶ
2556 3815 2719 3882 μίνου
2748 3814 2841 3868 ἐπὶ
2872 3813 2980 3868 τῶν
3025 3814 3216 3884 τριῶν.
3251 3809 3500 3886 Πότερον,
3528 3816 3622 3870 οῦν
3648 3817 3711 3869 ὲκ

2124 3905 2218 3957 τοῦ
2244 3905 2456 3975 Πατρός
2491 3908 2759 3975 φήσουσιν
2792 3902 3190 3977 ἐκπορεύεσθαι
3219 3906 3281 3960 τὺ
3327 3904 3571 3978 Πνεῦμα,
3615 3908 3708 3961 καὶ

2127 3997 2243 4062 πῶς
2296 3999 2397 4051 οὐκ
2444 3998 2801 4068 ἑξομόσονται
2829 4000 2929 4069 τὴν
2968 3984 3131 4071 φίλην
3184 4001 3370 4064 αὐτοῖς
3412 3999 3557 4074 [καὶ]
3589 4018 3708 4055 και-

2126 4086 2221 4159 νὴν
2253 4086 2331 4157 (ι)
2369 4091 2766 4160 μυσταγωγίαν
2790 4108 2805 4158 ;
2830 4089 2893 4143 Et
2920 4089 2977 4143 δὲ
3003 4090 3067 4144 ὲκ
3095 4088 3189 4144 τοῦ
3225 4078 3381 4160 Υίοῦ,
3409 4094 3462 4146 τί
3487 4095 3564 4165 μὴ
3592 4096 3708 4148 κατ’

2123 4181 2299 4253 ἀρχὰς
2341 4181 2504 4246 εὐθὺς
2548 4183 2867 4254 ἐθάρρησαν
2908 4182 3029 4235 ὅλον
3081 4183 3262 4239 αὐτῶν
3316 4185 3572 4257 ἐξεμέσαι
3618 4186 3707 4239 τὸν

2126 4274 2226 4339 ίὶν,
2259 4273 2397 4328 ἀλλὰ
2428 4275 2569 4329 κατὰ
2590 4276 2756 4346 μέρος
2788 4276 3183 4342 ἀναϐλύζουσιν
3206 4278 3445 4350 ;Ἐχρῆν
3476 4280 3706 4348 γὰρ,εἷ-

2125 4379 2232 4437 περ
2277 4362 2417 4439 ἦσαν
2470 4368 2789 4433 πεποιθότες
2845 4369 3027 4422 αὐτῶν
3082 4369 3161 4440 τῷ
3212 4372 3613 4444 δυσσεεήματι,
3652 4373 3708 4437 ἐξ

442 4456 704 4532 ῆιιοιιιιῃι,
740 4458 810 4513 ab
852 4460 1009 4513 initio
1046 4460 1193 4528 ipsos
1227 4460 1488 4529 protitcri,
1528 4475 1557 4514 a
1594 4475 1653 4515 se
1704 4477 1811 4515 non
1856 4461 2019 4515 modo

2129 4456 2302 4532 ἀρχῆς
2357 4461 2729 4532 ἀνομολογεῖν,
2760 4463 2837 4527 ὠς
2865 4465 2927 4516 οὐ
2961 4463 3124 4536 μόνον
3150 4465 3241 4518 τὸν
3283 4464 3413 4518 Υίὸν
3444 4465 3707 4537 προϐολέα

444 4545 642 4604 Filium
695 4550 1084 4619 productorem
1150 4551 1391 4621 Spiritus
1437 4551 1751 4621 praedicari,
1805 4551 1908 4607 scd
1963 4561 2018 4607 et

450 4638 665 4693 Patrem
720 4642 790 4694 ab
844 4656 906 4695 ea
959 4641 1324 4710 productione
1373 4643 1634 4709 excludi;
1681 4652 1845 4713 atque
1883 4644 2020 4698 adeo

439 4731 715 4786 debebant
738 4734 901 4787 etiam
933 4736 1337 4803 generationem
1370 4750 1475 4788 una
1508 4750 1630 4789 cum
1658 4735 2017 4804 productione

441 4834 833 4890 transrertere,
874 4836 1186 4883 monstrosa
1235 4826 1534 4881 asserendo
1586 4827 1867 4891 futtilitate,
1908 4842 2016 4880 non

440 4914 640 4972 Filium
669 4935 736 4973 ex
771 4919 952 4984 Patre.
991 4920 1085 4975 sed
1118 4918 1336 4971 Patrem
1372 4933 1438 4971 ex
1475 4915 1614 4971 Filio
1646 4917 1920 4988 generari.
1961 4928 2020 4972 ut

437 5024 547 5063 non
592 5012 765 5064 solum
816 5026 1010 5066 omnes
1057 5026 1086 5065 a
1140 5011 1341 5066 sreculu
1387 5011 1585 5080 impios
1631 5010 2015 5075 obscurarcnt,

435 5102 531 5156 scd
566 5114 620 5157 et
674 5104 889 5158 insanis
938 5104 1076 5172 ipsis
1108 5103 1420 5157 insaniores
1450 5102 2017 5173 deprehenderentur.

502 5287 592 5345 57.
635 5287 765 5343 ltem
799 5290 842 5343 si
868 5305 936 5345 ex
967 5287 1129 5343 Patre
1174 5285 1341 5343 Filius
1372 5289 1587 5357 genitus
1617 5297 1725 5356 est,
1778 5287 2021 5357 Sp'ritus

434 5396 564 5439 vero
598 5399 664 5437 ex
700 5382 861 5436 Patre
884 5382 1135 5451 Filioque
1170 5384 1436 5452 procedit,
1467 5398 1565 5437 cur
1594 5381 1823 5452 Spiritui
1860 5399 2023 5451 nega-

501 5541 585 5615 (ο)
615 5541 779 5596 Catii.
805 5564 819 5596 ι
843 5561 860 5594 ι
892 5541 1102 5607 Quibus
1129 5554 1184 5596 ct
1206 5544 1338 5599 solis
1372 5540 1661 5598 Trinitatis
1689 5538 1934 5596 essentia
1966 5549 2019 5595 ct

367 5645 371 5653 -
431 5612 1033 5683 adoratiodesignatnr.
1074 5634 1093 5666 ι

504 5684 580 5752 (1)
608 5684 771 5737 Laur.
801 5685 1121 5754 ἀφορίζεται
1144 5689 1240 5748 τῆς
1265 5702 1327 5739 π.

504 5757 579 5804 ίΖδ
609 5754 769 5807 Laur.
805 5766 861 5810 nt
895 5757 1010 5809 Cui.
1042 5756 1322 5811 ἀναδύσει.

2124 4551 2219 4604 τοῦ
2248 4551 2567 4621 Πνέύματος
2594 4552 3031 4620 δογματίζουσιν,
3063 4553 3199 4607 ἀλλὰ
3228 4559 3323 4608 καὶ
3359 4556 3452 4607 τὸν
3495 4554 3708 4626 Πατέρα

2118 4643 2218 4712 τῆς
2262 4640 2537 4710 προϐολῆς
2595 4640 3027 4694 ἀπελαύνουσιν·
3063 4636 3145 4705 οἷς
3194 4643 3488 4696 ἀκόλουθον
3537 4645 3707 4714 δήπου

2118 4742 2215 4787 καὶ
2240 4734 2341 4804 τὴν
2391 4736 2649 4804 γὶννηάιν
2703 4733 2771 4804 τῇ
2809 4734 3047 4805 προϐολῇ
3100 4737 3563 4806 συμμετατιθέναι
3620 4740 3711 4791 καὶ

2120 4832 2587 4897 συμμεταφέρειν,
2621 4829 2719 4881 καὶ
2775 4827 2911 4897 μηδὲ
2942 4829 3032 4879 τὸν
3078 4827 3207 4880 Υἱδν
3242 4832 3305 4882 ὲκ
3331 4829 3425 4882 τοῦ
3477 4830 3707 4901 Πατρός,

2121 4922 2188 4973 ὲκ
2209 4919 2265 4971 δὲ
2291 4918 2386 4972 τοῦ
2417 4918 2548 4974 Υίοῦ
2594 4918 2977 4990 τερατολογεῖν
3010 4920 3100 4971 τὸν
3141 4920 3363 4991 Πατέρα
3393 4923 3493 4993 τὴν
3524 4923 3710 4992 γέννη-

2122 5031 2207 5067 σιν
2237 5012 2402 5085 ἔχειν,
2435 5013 2524 5066 ἴνα
2556 5012 2632 5085 μὴ
2665 5013 2826 5082 μόνον
2859 5012 2984 5074 τοὺς
3033 5013 3377 5084 ἠσεϐηκότας
3417 5014 3476 5080 ἐξ
3518 5016 3707 5078 αἰῶνος

2098 5105 2430 5177 ’κρύψωσιν,
2466 5104 2603 5160 ἀλλὰ
2634 5105 2729 5159 καὶ
2755 5104 2861 5156 τῶν
2890 5106 3211 5175 μεμηνότων
3244 5107 3577 5177 ἐλέγχωνται
3606 5126 3707 5178 μαι

2122 5201 2429 5273 νικώτεροι.

2197 5289 2299 5354 λζ’.
2339 5292 2460 5344 Ἔτι
2497 5292 2554 5346 δὲ
2580 5292 2626 5345 εί
2668 5293 2728 5346 ὲκ
2759 5293 2852 5347 τοῦ
2886 5294 3096 5361 Πατρδς
3126 5297 3152 5347 ὁ
3192 5294 3317 5356 Υἱὸς
3365 5293 3708 5362 γεγέννηται,

2121 5382 2183 5436 τὸ
2207 5383 2262 5436 δὲ
2296 5382 2521 5455 Πνεῦμα
2546 5387 2611 5439 ὲκ
2637 5384 2729 5438 τοῦ
2758 5384 2968 5457 [ἰατρὸς
2998 5389 3093 5440 καὶ
3122 5386 3215 5440 τοῦ
3251 5384 3381 5438 Υίοῦ
3418 5384 3706 5471 ἐκπορεύε-

2129 5544 2275 5686 ῥ’(3)
2337 5544 2500 5599 Laur.
2562 5562 2577 5600 :
2639 5544 2837 5616 βλασφ.
2922 5543 3101 5615 τούτῳ
3181 5544 3707 5615 συναναχορςύσουσι

2166 5634 2354 5683 ηματι.

2166 5634 2354 5683 manu

2113 5755 2120 5761 δ
2202 5689 2277 5756 (Ii,
2309 5686 2469 5743 Laur.
2497 5702 2619 5743 cum
2645 5688 2853 5744 Colnm'
2887 5690 3043 5745 estin
3078 5697 3248 5745 textu.
