4042 6432
378 392 483 468 7'77
1154 401 1590 462 REFUTATIO
1628 399 2002 460 PHOTIANI
2047 399 2254 457 LIBRI
2308 400 2402 460 DE
2443 398 2754 457 SPIRITU
2800 397 2864 458 S.
3549 389 3658 455 778

379 535 491 583 ται,
518 517 658 588 τεςὴ
691 513 1010 586 καινοτομία
1042 513 1133 566 τοῦ
1177 513 1518 584 Πνεύματος,
1556 510 1630 582 μὴ
1665 511 1756 563 καὶ
1785 507 1975 578 ἕτερόν

2105 524 2188 573 ur,
2225 507 2430 578 aliquid
2477 509 2622 561 aliud
2665 490 2828 560 etiam
2859 520 2923 559 ex
2973 503 3090 573 ipso
3125 503 3558 573 procedere?ita
3603 515 3662 558 nt

378 630 432 666 τι
463 610 628 664 αὑτοῦ
681 607 1102 680 ἐκπορεύεσθαι,
1149 607 1222 669 ὡς
1283 605 1616 674 συνάγεσθαι
1669 603 1814 656 κατὰ
1870 605 1970 672 τὴν

2109 600 2408 669 oliigantur
2455 614 2520 654 ex
2558 600 2723 669 impia
2775 599 2881 653 ista
2921 596 3194 652 sententia
3233 611 3340 649 non
3385 604 3525 662 tres,
3563 603 3660 649 sed

380 703 650 772 θεοϐλαϐἦ
704 702 932 770 γνώμην
989 700 1062 770 μὴ
1129 702 1300 770 τρεῖς,
1351 700 1488 750 ἀλλὰ
1540 698 1816 767 τέσσαρας
1872 695 1972 757 τὰς

2103 698 2318 758 [uatuor
2390 692 2736 760 ltypostases,
2796 688 2907 743 imo
2963 686 3212 749 inﬁnitae,
3271 686 3402 740 dum
3462 692 3660 754 quarta

381 795 736 857 ὑποστάσεις,
786 793 988 864 μᾶλλον
1038 793 1095 845 δὲ
1141 793 1425 862 ἀπείρους,
1472 793 1568 859 τῆς
1597 777 1653 844 δὲ
1705 788 1973 864 τετάρτης

2103 783 2238 837 .liam
2295 799 2490 838 rursus
2550 784 2912 853 produceret,
2977 790 3032 834 et
3084 781 3174 834 illa
3228 780 3433 842 aliain,
3488 779 3664 831 donec

380 889 568 950 αὐτοῖς
601 887 768 954 ἄλλην
805 886 968 939 πάλιν
1000 885 1436 956 προϐαλλούσης,
1465 884 1724 952 κάκείνης
1756 863 1972 950 ἑτέραν,

2103 874 2295 929 :thnica
2326 874 2556 930 deorum
2594 873 2888 928 multitudo
2915 880 3292 942 superaretur.

385 983 582 1049 μέχρις
613 980 681 1032 ἂν
723 980 816 1033 καὶ
858 980 960 1048 τῆς
1005 979 1323 1048 Ἑλληνικῆς
1375 975 1756 1047 ὑπερελάσωσι
1808 973 1975 1026 πολυ-

380 1076 534 1139 θεῖας
565 1075 666 1146 (i).
1521 1146 1523 1148 η

449 1169 555 1238 λη’.
615 1153 779 1220 Ἀλλὰ
827 1165 1049 1221 κάκεῖνο
1098 1150 1222 1218 κατὁ
1274 1163 1458 1216 αὐτῶν
1513 1162 1661 1214 ἔστιν
1715 1149 1930 1228 ἀφεῖναι
1958 1174 1973 1188 ο

379 1264 533 1314 ποῖον
566 1260 630 1330 δὴ
659 1259 855 1325 τοῦτο;
887 1258 948 1312 Ei
976 1259 1154 1312 πάντα
1198 1257 1298 1309 ὅσα
1350 1255 1608 1325 πρόσεστι
1639 1252 1717 1323 τῷ
1747 1251 1883 1319 Titii,
1915 1251 1977 1303 ὲκ

2103 1271 2259 1310 etiam
2298 1267 2428 1309 vero
2460 1255 2604 1308 hoc?
2639 1252 2696 1306 Si
2731 1251 2918 1305 omnia
2971 1265 3316 1319 quacunque
3351 1252 3550 1304 adsunt
3579 1248 3669 1302 Fi-

379 1353 475 1404 τοῦ
502 1351 714 1420 Πατρὺς
743 1350 1038 1421 λαμϐάνων
1068 1349 1202 1418 ἔχει,
1220 1347 1430 1402 ἐκεῖθεν
1459 1345 1524 1399 ἂν
1558 1344 1641 1414 εἴη
1669 1342 1849 1397 λαϐὼν
1885 1343 1978 1396 καὶ

2106 1348 2178 1410 io,
2211 1362 2240 1399 a
2280 1346 2445 1400 Patre
2489 1345 2722 1413 accepit,
2757 1343 2883 1397 inde
2920 1343 3110 1410 utique
3150 1354 3203 1396 et
3234 1343 3340 1395 hoc
3373 1342 3667 1410 arci-perit,

381 1447 444 1498 τὸ
486 1445 659 1498 αἴτιον
690 1440 832 1498 εἶναι
883 1445 982 1514 τῆς
1035 1443 1130 1495 τοῦ
1184 1441 1501 1510 Πνεύματος
1554 1436 1973 1508 ἐκπορεύσεως’

2103 1438 2231 1508 ιιιοᾱ
2264 1451 2432 1492 causa
2473 1437 2546 1489 sit
2583 1433 2960 1502 productionis
3003 1433 3262 1501 Spiritus.
3317 1431 3470 1485 Unde
3506 1433 3671 1501 igitur

385 1535 553 1589 πόθεν
589 1530 683 1588 οὖν
717 1537 751 1605 ἡ
784 1530 1131 1604 ἑτεροκλινὴς
1164 1529 1304 1600 αὕτη
1336 1528 1639 1601 φιλοτιμία,
1664 1519 1828 1599 δι”·ἧς
1850 1528 1981 1598 ὁρᾶ-

2107 1539 2189 1585 ste
2229 1530 2283 1584 in
2310 1538 2522 1598 partem
2551 1529 3140 1594 alteratn,'propt-tt3tts
3171 1523 3352 1586 favor,
3387 1538 3482 1591 per
3507 1538 3670 1590 quem

383 1647 475 1681 ται
513 1628 613 1698 μὲν
667 1628 696 1680 6
755 1627 884 1688 Υἱὸς
931 1629 1031 1695 τῆς
1065 1624 1162 1677 τοῦ
1213 1622 1533 1692 Πνεύματος
1596 1619 1980 1690 ὲκπορεύσεως

2103 1623 2336 1678 :ernitur
2361 1620 2586 1691 quidem
2616 1619 2794 1674 Filius
2817 1619 3191 1688 processionis
3216 1616 3454 1685 Spiritus
3480 1629 3670 1676 causa,

387 1721 580 1782 αἴτιος,
613 1718 675 1771 τὺ
724 1716 1067 1787 ﬁlivs-Spe,
1107 1715 1286 1769 καίτοι
1321 1714 1380 1768 τὸ
1417 1715 1663 1784 ἰσότιμον
1719 1713 1842 1784 ἔχον
1885 1713 1982 1766 καὶ

2103 1711 2330 1782 Spiritus
2363 1719 2570 1776 autem,
2610 1711 2831 1764 tametsi
2863 1709 3092 1763 omnino
3125 1708 3353 1779 aequalis
3400 1717 3455 1761 et
3487 1720 3551 1760 ex
3585 1722 3678 1760 ea-

2013 1856 2059 1913 B
2087 1805 2211 1859 dem
2240 1819 2411 1860 causa
2452 1804 2652 1873 aequali
2686 1804 2879 1858 ordine
2909 1811 2964 1855 et
3005 1803 3204 1870 aequali
3254 1804 3463 1855 honore
3496 1798 3677 1868 profe-

2153 1162 2243 1216 38.
2290 1155 2397 1216 Sed
2431 1169 2487 1214 et
2539 1146 2672 1214 illud
2727 1164 2908 1228 potest
2951 1157 3005 1209 in
3037 1157 3176 1211 istos
3217 1157 3483 1226 torqueri.
3523 1156 3668 1221 Qua-

391 1815 456 1865 ἐκ
485 1812 583 1881 τῆς
613 1810 781 1878 αὐτῆς
831 1807 1120 1878 ὁμοταγῶς
1147 1826 1207 1862 τε
1243 1809 1336 1861 καὶ
1369 1807 1651 1879 ὁμοτίμως
1679 1806 1985 1877 προεληλυ-

398 1902 487 1964 θὺς
518 1899 701 1962 οὐσίας
734 1899 842 1951 τῶν
870 1897 1003 1951 ἴσων
1033 1897 1214 1968 γερῶν
1249 1896 1655 1966 ἁπεστέρηταις

2103 1905 2211 1951 :tus
2240 1895 2461 1964 juribus
2489 1896 2796 1965 aequalibus
2833 1893 3234 1950 defraudatur?

465 1989 557 2044 19'.
595 1991 764 2044 Πάλιν
809 1990 981 2053 αἴτιος
1006 1992 1033 2042 6
1061 1988 1273 2058 Πατὴρ,
1306 1989 1478 2050 αἴτιος
1524 1987 1583 2040 δὲ
1622 1987 1718 2041 καὶ
1757 1990 1786 2040 6
1819 1987 1979 2052 Υἱός·

2159 1987 2251 2044 59.
2293 1986 2508 2044 Rursus
2531 2004 2699 2043 causa
2752 1996 2837 2044 est
2885 1986 3067 2051 Pater,
3120 2001 3288 2041 causa
3325 2002 3453 2040 vero
3498 1994 3551 2039 et
3591 1983 3678 2038 Fi-

388 2081 511 2135 τίνα
543 2080 674 2150 γοῦν
699 2078 1086 2133 δικαιὼσουσιν
1115 2080 1166 2133 οἱ
1201 2079 1310 2132 τῶν
1355 2079 1678 2150 ἀτολμήτων
1704 2079 1982 2151 διαιτηταὶ

2103 2082 2222 2136 ius.
2277 2080 2472 2137 Utrum
2529 2081 2698 2149 igitur
2759 2081 2847 2136 isti
2884 2081 3066 2134 rerum
3129 2079 3356 2132 minime
3398 2078 3680 2132 audenda-

386 2172 488 2241 τὴν
519 2171 697 2225 αἰτίαν
731 2170 934 2240 μᾶλλον
980 2169 1159 2241 ἔχεινς
1199 2171 1261 2224 Et
1313 2171 1415 2240 μὲν
1449 2171 1558 2238 γὰρ
1592 2171 1683 2223 τον
1737 2171 1984 2241 Πατέρα,

2103 2191 2212 2229 rum
2242 2175 2437 2230 arbitri
2474 2175 2654 2245 magis
2685 2189 2809 2228 esse
2842 2187 3068 2227 causam
3118 2169 3592 2240 pronuntiahtmt?
3620 2168 3681 2222 Si

389 2264 510 2326 πῶς
541 2264 643 2316 οὐκ
671 2262 1001 2317 ἐπείσακτον
1032 2264 1126 2316 καὶ
1159 2262 1314 2316 νόθον
1337 2264 1434 2316 καὶ
1464 2262 1621 2335 ὕϐρις
1659 2263 1844 2326 αὐτοῖς
1890 2263 1988 2316 καὶ

2103 2268 2234 2330 enim
2276 2265 2521 2332 Patrem,
2557 2267 2838 2336 quomodo
2872 2281 2978 2318 non
3015 2263 3328 2318 adscititids
3369 2272 3422 2315 et
3458 2261 3680 2332 spurius

394 2356 532 2426 αὐτή
557 2372 620 2423 γε
641 2355 719 2423 (2)
748 2357 784 2426 ἡ
817 2355 1252 2409 συσκευασθεῖσα
1283 2355 1418 2426 τιμὴ
1438 2355 1532 2408 τοῦ
1562 2355 1716 2421 Υίοῦ,
1750 2355 1988 2424 μάλιστα

2103 2369 2147 2413 et
2199 2359 2438 2428 injurius
2485 2360 2592 2413 erit
2645 2360 2825 2413 honor
2877 2357 2946 2411 ab
2986 2359 3107 2412 istis
3158 2356 3297 2410 Filio
3343 2357 3679 2419 vindicatus,

389 2449 453 2501 τὸ
484 2448 652 2520 κῦρος
675 2448 888 2518 ἔχοντος
921 2448 1022 2520 ἤδη
1054 2447 1150 2501 ἅτε
1183 2447 1279 2502 καὶ
1311 2447 1371 2502 τὸ
1406 2447 1567 2502 πλέον
1609 2446 1705 2500 τοῦ
1738 2447 1986 2516 Πατρός;

2103 2446 2399 2513 prmsertim
2430 2460 2554 2499 cum
2586 2447 2756 2500 robur
2781 2446 2919 2515 jatn,
2954 2447 3156 2514 quippe
3196 2453 3250 2499 et
3283 2445 3527 2513 potiores
3559 2460 3684 2512 par-

394 2543 459 2594 Εἰ
505 2541 562 2595 δὲ
596 2544 623 2596 6
654 2541 804 2605 Υἱὸς,
843 2539 946 2608 φεῦ
988 2541 1086 2610 τῆς
1136 2541 1446 2612 βαρυτέρας
1485 2539 1723 2610 τόλμηςί
1769 2539 1844 2592 Οὐ
1880 2537 1989 2609 γὰρ

2103 2546 2177 2591 tes
2211 2537 2410 2592 habeat
2443 2537 2650 2591 Pater?
2695 2538 2753 2592 Si
2787 2549 2917 2592 vero
2953 2536 3176 2602 Filium,
3223 2537 3326 2590 heu
3370 2537 3680 2604 graviorem

391 2632 656 2702 ἐνόμισαν
701 2633 964 2702 ἀρκέσειν
998 2632 1182 2695 αὐτοῖς
1224 2633 1306 2696 είς
1339 2632 1464 2685 ὅσον
1513 2631 1737 2686 ἀσεϐεῖν
1787 2631 1992 2684 εἴλοντο

2103 2629 2496 2683 temeritatem!
2539 2617 2656 2683 Non
2690 2631 2835 2683 enim
2873 2629 2975 2684 sibi
3022 2631 3155 2684 satis
3198 2644 3319 2684 esse
3347 2637 3685 2683 censuerunt

393 2725 674 2794 διατεμεῖν
707 2727 802 2778 καὶ
851 2723 1294 2795 συμμερίζεσθαι
1319 2723 1398 2794 τῷ
1423 2722 1541 2794 Υἱῷ
1569 2725 1669 2796 τὴν
1716 2722 1990 2795 πατρικὴν

2103 2722 2149 2773 in
2185 2736 2297 2774 sua:
2334 2721 2637 2790 impietatis
2673 2736 2811 2774 ausu
2847 2730 3134 2789 paternam
3179 2736 3405 2774 causam
3439 2718 3684 2774 dividere

396 2814 603 2880 αἰτίαν,
640 2816 688 2867 εί
734 2816 810 2886 μὴ
855 2816 950 2869 καὶ
991 2814 1053 2867 τὸ
1085 2814 1249 2868 πλέον
1305 2815 1676 2886 ἀφαιρήσουσι
1723 2815 1820 2869 καὶ
1870 2813 1993 2867 ἀντὶ

2103 2819 2426 2881 partemque
2477 2811 2626 2866 illius
2658 2810 2800 2865 Filio
2852 2812 3117 2877 tribuere,
3165 2813 3268 2866 nisi
3308 2812 3474 2865 etiam
3510 2814 3688 2882 potio-

393 2907 493 2958 τοῦ
557 2905 768 2975 Πατρδς
816 2904 894 2973 τῷ
929 2904 1206 2974 Πνεύματι
1262 2905 1356 2959 τὸν
1413 2906 1542 2959 Υίὺν
1580 2905 1991 2970 ἀντεισὰξουσιν

2103 2919 2210 2957 rem
2244 2913 2458 2973 partem
2483 2905 2532 2958 ei
2567 2905 2837 2971 adimant,
2872 2913 2926 2960 et
2955 2906 3076 2960 loco
3113 2903 3291 2960 Patris
3322 2903 3521 2958 Filium
3558 2921 3686 2959 cau-

396 2997 484 3052 αῐῖ
497 3013 597 3049 ιον.

2103 3012 2212 3051 sam
2247 2999 2584 3053 substituant
2612 2997 2866 3067 Spiritui.

483 3094 560 3157 μ’.
595 3087 658 3140 Τί
704 3086 884 3156 λέγεις
913 3105 932 3156 ;
963 3073 1200 3144 Ἔλαϐεν
1239 3091 1388 3160 παρὰ
1422 3091 1516 3145 τοῦ
1565 3092 1777 3165 Πατρὸς
1807 3096 1835 3146 6
1866 3093 1995 3156 Υἱὸς

2171 3091 2262 3146 40.
2301 3090 2440 3158 Quid
2479 3091 2599 3148 ais?
2624 3092 2848 3163 Accepit
2878 3109 2907 3147 a
2945 3092 3108 3148 Patre
3139 3093 3311 3148 Fiiibs
3343 3109 3405 3149 ex
3441 3093 3560 3164 ipso
3589 3106 3686 3163 per

399 3170 460 3246 ἐξ
487 3179 652 3232 αὑτοῦ
683 3178 772 3232 διὰ
799 3184 1107 3250 γεννήσεως
1145 3179 1425 3251 προελθὼν
1453 3183 1546 3234 καὶ
1574 3182 1839 3252 προάγειν
1870 3182 1990 3235 ’ἐτε-

2103 3185 2514 3257 generationEm
2572 3191 2854 3254 proiectus
2921 3187 3088 3240 alium
3149 3201 3372 3257 quoque
3439 3186 3683 3253 ejusdem

400 3289 496 3343 ρον
541 3273 814 3340 ὀμοφυές;
851 3271 974 3333 [Ιῶς
1031 3271 1124 3325 οὖν
1154 3272 1249 3325 καὶ
1294 3272 1459 3334 αὐτὸς
1502 3275 1531 3326 6
1559 3273 1686 3336 Υἱὸς
1735 3272 1993 3343 προάγων

398 3364 640 3432 σ’-μοφυὲς
690 3362 751 3415 τὸ
791 3361 1019 3433 Πνεῦμα
1069 3363 1130 3415 οὐ
1189 3362 1522 3432 μετέδωκεν,
1551 3363 1629 3426 ὡς
1670 3363 1992 3434 μετέλαϐεν,

398 3455 501 3523 τῆς
529 3455 720 3524 ὁμοίας
751 3455 1038 3524 δυνάμεως
1081 3455 1179 3507 καὶ
1211 3455 1404 3525 τιμῆς,
1444 3455 1533 3507 ἵνα
1568 3456 1792 3508 κάκεῖνο
1822 3456 1995 3510 πάλιν

398 3545 678 3617 δμοφυοῦς
713 3544 814 3618 ἔχῃ
841 3542 1057 3616 προόδῳ
1086 3547 1182 3598 καὶ
1211 3545 1509 3599 ὑποστάσει
1539 3546 1992 3616 ὲναγλαῖςεσθαις

403 3636 594 3690 Καίτοι
634 3652 698 3704 γε
726 3635 894 3706 ἐχρῆν
939 3635 1032 3690 τὸν
1062 3635 1212 3700 Υίὸν,
1243 3637 1293 3688 εί
1339 3635 1436 3690 καὶ
1466 3637 1542 3707 μὴ
1576 3636 1646 3691 δι’
1692 3637 1883 3710 ἔτερόν
1919 3657 1993 3706 τι,

400 3729 517 3783 ἀλλ’
549 3728 643 3782 οὖν
673 3746 736 3796 γε
773 3729 909 3799 πρὸς
937 3729 1034 3799 τὴν
1064 3727 1158 3782 τοῦ
1192 3728 1408 3799 nam;
1437 3728 1780 3800 ἀναγόμενον
1825 3731 1998 3801 μίμη-

403 3837 490 3876 σιν
521 3821 608 3891 ἐφ’
642 3821 859 3891 ὁμοίαις
909 3820 1218 3891 ἐνεργείαις
1267 3819 1655 3883 συνδιασώζειν
1696 3821 1758 3874 τὸ
1785 3822 1991 3892 ὅμοιον.

478 4001 590 4078 μαδ.
635 3993 780 4076 Ἔγῶ
809 4007 866 4061 δὲ
896 3995 1020 4062 οὑδὶ
1059 4006 1265 4078 ταύτην
1293 3997 1444 4076 δοίην
1483 3992 1551 4062 ἂν
1581 3998 1709 4080 σιγῇ
1744 4009 1845 4081 τὴν
1871 4012 1998 4066 ἄτο-

401 4100 536 4151 πίαν
575 4097 654 4167 (3)
706 4097 930 4167 μείζονα
960 4097 1161 4165 λέγειν,
1189 4097 1240 4149 εί
1262 4097 1356 4150 καὶ
1381 4095 1456 4168 μὴ
1478 4099 1546 4168 τῇ
1576 4097 1739 4166 φύσει
1771 4099 1993 4172 (ἄπαγε’

394 4185 690 4256 ὁμοούσιος
724 4187 833 4256 γὰρ
883 4188 918 4256 ἡ
951 4185 1167 4256 Τριὰς),
1200 4186 1337 4240 ἀλλά
1381 4203 1446 4253 γε
1478 4187 1558 4258 τῷ
1593 4188 1752 4258 αἰτίῳ
1784 4190 1878 4241 τὸν
1910 4208 1998 4258 γε-

397 4278 707 4349 γεννηκὸτα
725 4277 819 4330 τοῦ
847 4279 1189 4348 γεννήματος
1215 4280 1573 4347 μυσταγωγεῖ
1601 4280 1700 4348 μὲν
1729 4281 1762 4351 ἠ
1791 4284 1998 4335 Δεσποο

393 4371 530 4442 τικη
563 4370 751 4439 φωνή*
786 4369 1030 4424 διδάσκει
1072 4370 1128 4422 δὲ
1169 4370 1401 4441 μυηθεὶς
1445 4372 1657 4425 ἐκεῖθεν
1702 4376 1796 4427 καὶ
1833 4377 1860 4427 6
1890 4374 1998 4428 τῶν

403 4462 566 4528 Ξερῶν
601 4459 864 4530 Πατέρων
914 4459 1073 4529 ἡμῶν
1138 4462 1322 4530 χορός
1350 4452 1429 4530 (4)
1467 4478 1482 4492 ⁶
1540 4463 1765 4529 μείζονα
1813 4465 1870 4516 δὲ
1919 4466 1996 4534 τῷ

2099 3286 2315 3333 naturae
2350 3278 2698 3348 producere?
2735 3277 3027 3362 Quomodo
3061 3279 3230 3350 igitur
3275 3288 3330 3333 et
3366 3279 3482 3348 ipse
3512 3277 3684 3332 Filius

2099 3371 2410 3440 producens
2443 3371 2688 3440 ejusdem
2722 3371 2828 3426 sibi
2861 3383 3073 3426 naturae
3103 3364 3368 3441 Spiritum
3393 3387 3502 3426 non
3531 3387 3686 3426 eom-

2099 3463 2422 3532 municavit,
2459 3462 2604 3519 sicut
2641 3463 2756 3534 ipse
2787 3464 3231 3534 participaverat,
3289 3465 3522 3520 similem
3574 3464 3686 3517 vir-

2097 3564 2270 3612 tutem
2302 3563 2358 3612 et
2386 3558 2828 3627 praerogativam,
2865 3568 2923 3612 ut
2958 3556 3199 3627 Spirittts
3236 3557 3422 3613 itidem
3455 3556 3683 3627 gloriam

2104 3646 2303 3701 habeat
2327 3645 2496 3700 alium
2528 3647 3062 3702 consubstantialem
3093 3647 3470 3716 producendi?
3503 3648 3566 3702 Et
3602 3658 3685 3702 ta-

2101 3752 2227 3794 men
2261 3751 2360 3806 par
2403 3745 2545 3802 erat,
2578 3746 2642 3793 ut
2687 3736 2880 3802 Filius,
2917 3739 3041 3793 licet
3077 3747 3184 3793 non
3227 3742 3298 3794 ob
3329 3740 3477 3793 aliud
3522 3739 3687 3809 quid-

2099 3845 2290 3900 quam,
2339 3839 2396 3884 at
2427 3829 2622 3886 saltem
2652 3831 2718 3884 ad
2746 3829 2926 3885 Patris
2957 3831 3325 3887 imitationem
3360 3846 3456 3901 per
3488 3845 3686 3901 opera-

2097 3921 2276 3980 tiones
2307 3920 2514 3976 similes
2544 3921 2958 3976 similitudinem
2995 3931 3364 3977 conscrvaret.

2169 4012 2258 4066 4i.
2318 4011 2431 4082 Ego
2489 4023 2670 4066 tamen
2723 4029 2901 4084 neque
2960 4015 3062 4068 hoc
3113 4013 3414 4069 absurdum
3466 4013 3687 4070 silentio

2097 4103 2536 4174 praetermittam.
2585 4102 2847 4174 Maiorem
2893 4116 3142 4161 asserere
3174 4104 3394 4161 Patrem
3425 4105 3589 4173 Filio,
3620 4108 3688 4162 li-

2100 4205 2188 4250 cet
2219 4211 2325 4250 non
2363 4206 2561 4249 natura
2594 4196 2818 4267 (apage!
2868 4199 3369 4254 consubstantialis
3415 4209 3499 4254 est
3540 4201 3685 4254 enim

2100 4285 2388 4358 Trinitas),
2427 4295 2482 4341 at
2532 4288 2744 4342 ratione
2787 4304 2971 4344 causa:
3017 4290 3285 4358 permittit
3326 4306 3484 4347 sacra
3534 4293 3688 4346 vocis

2099 4378 2399 4434 Dominica:
2447 4379 2740 4446 institutio,
2782 4381 3019 4451 indeque
3064 4382 3313 4436 derivata
3367 4393 3686 4438 sanctorum

2099 4479 2418 4524 nostrorum
2472 4471 2693 4524 Patrum
2742 4471 2987 4528 traditio.
3038 4471 3238 4526 Filium
3296 4487 3423 4526 vero
3477 4473 3690 4528 ratione

401 4553 565 4622 αἰτίῳ
621 4552 716 4606 τοῦ
769 4553 1091 4622 Πνεύματος
1140 4553 1231 4607 τδν
1264 4554 1394 4607 Υίδν
1452 4555 1575 4607 οὔτε
1635 4555 1797 4611 θείων
1851 4557 1994 4611 ἐστιν

2103 4578 2284 4617 causa:
2321 4562 2531 4631 Spiritu
2563 4563 2827 4632 majorem
2868 4580 2969 4618 nec
3003 4564 3064 4618 in'
3085 4565 3286 4620 divinis
3319 4563 3562 4634 Eloquiis
3590 4583 3688 4618 au-

402 4644 626 4698 ὰκούειν
671 4644 907 4712 Λογίων,
939 4644 1055 4697 ἀλλ’
1108 4645 1230 4698 οὐδὲ
1262 4645 1386 4710 νοῦς
1437 4647 1668 4718 εὐσεϐὴς
1709 4648 1872 4720 μέχρι
1904 4648 2001 4702 νῦν

402 4736 548 4789 ἑάλω
601 4735 909 4807 διανοηθείς
933 4745 948 4766 ⁶
995 4736 1030 4806 ἡ
1055 4736 1111 4790 δέ
1144 4750 1208 4803 γε
1261 4737 1530 4808 θεομάχος
1577 4740 1799 4809 γλῶσσα
1833 4743 1893 4794 οὑ
1925 4742 2002 4814 τῷ

401 4828 566 4898 αίτίῳ
598 4826 689 4881 τὸν
725 4827 854 4882 Υίὺν
906 4827 1131 4898 μείζονα
1161 4829 1252 4880 τοῦ
1286 4828 1604 4900 Πνεύματος
1659 4835 1840 4902 μόνον,
1868 4833 2003 4888 ἀλλὰ

407 4922 504 4975 καὶ
536 4921 634 4990 τῆς
675 4921 950 4990 πατρικῆς
985 4920 1286 4989 ἐγγύτητος
1318 4925 1654 4996 πορρωτέρω
1677 4929 1841 4980 ποιεῖ.

479 5015 588 5085 μβν.
633 5011 754 5067 Ἔτι
777 5013 834 5066 δὲ
866 5015 914 5066 εἰ
947 5013 1122 5076 αἴτιος
1151 5013 1246 5066 τοῦ
1295 5014 1618 5085 Πνεύματος
1647 5019 1674 5070 6
1701 5018 1850 5085 Υἱὸς,
1885 5021 2001 5085 πῶς

401 5111 504 5163 οὐκ
552 5108 619 5162 ἂν
671 5108 928 5179 εὑρεθείη
963 5104 1041 5178 (5)
1091 5107 1346 5178 δεύτερον
1400 5108 1781 5181 ὑποφυόμενον
1829 5115 2000 5169 αἴτιον

401 5202 460 5256 ὲν
497 5203 566 5271 τῇ
603 5198 925 5270 ὑπεραρχίῳ
975 5201 1068 5253 καί
1118 5201 1391 5270 ὑπερφυεῖ
1415 5189 1512 5272 τῆς
1552 5203 1779 5272 Τριάδος
1813 5207 1996 5277 ἀρχῇ;

401 5293 497 5346 καὶ
533 5291 597 5344 τό
642 5297 701 5343 τε
749 5289 996 5344 αἰτιατὺν
1029 5291 1123 5343 καὶ
1155 5290 1295 5361 μηδὲ
1353 5293 1492 5361 πρὸς
1533 5291 1692 5363 ὓϐριν
1719 5297 1817 5366 τῆς
1850 5298 2000 5368 πρώ-

399 5400 501 5454 της
551 5383 730 5454 ἀρχῆς
796 5381 1258 5454 μεμηχανημένον
1311 5384 1496 5450 μόνον,
1521 5383 1660 5438 ἀλλὰ
1704 5387 1796 5440 καὶ
1834 5387 1998 5442 αὐτοῦ

400 5476 635 5538 ἐκείνου,
662 5475 791 5546 περὶ⁵
819 5470 881 5529 οὗ
930 5473 1478 5548 κατασχηματίζεται
1509 5478 1543 5547 ή
1585 5479 1722 5548 τιμή
1751 5495 1764 5545 ;
1795 5479 1854 5532 τὸ
1889 5481 1996 5552 γὰρ

405 5556 538 5640 μηδέ
575 5587 697 5623 τινα
726 5570 919 5640 χρείαν
957 5567 1080 5639 μηδ’
1109 5567 1260 5638 αὑτῷ
1301 5568 1439 5639 μηδὲ
1491 5569 1679 5641 μηδενὶ
1710 5573 1994 5643 παρέχειν,

471 5728 548 5796 (Ι)
579 5726 745 5784 Laur.
783 5726 1009 5796 ὕπερελ.
1037 5727 1350 5783 πολυθείαν.

580 5797 747 5876 _Laur.
806 5801 931 5876 {ab
963 5797 1124 5876 ὕϐρις
1161 5799 1345 5876 αρτοῖς
1375 5797 1551 5876 (deest
1577 5803 1709 5876 καὶ)
1736 5805 1874 5876 αὐτή
1902 5823 1987 5874 γε.

466 5870 543 5939 (5)
576 5868 743 5923 Laur.
809 5868 951 5937 Ἐγὼ
1015 5869 1073 5922 δὲ
1123 5869 1242 5922 οὐδὲ
1311 5871 1515 5945 ταύτην
1571 5873 1636 5927 ἂν
1682 5868 1832 5946 δοίην
1862 5868 1988 5948 σι’γῇ

684 5966 955 6029 Parnm.
975 5967 1126 6028 -GR.
1172 5965 1381 6028 CXLI.

2106 4656 2385 4719 divimus,
2433 4672 2534 4710 nec
2572 4672 2904 4726 quemquam
2945 4658 3096 4727 pium
3138 4661 3401 4713 hactenus
3451 4659 3691 4716 sensisse

2105 4749 2516 4816 comperimus;
2566 4748 2734 4818 impia
2773 4757 2957 4803 tamen
3001 4750 3188 4821 lingua
3238 4766 3347 4804 non
3401 4751 3562 4805 modo
3604 4751 3693 4804 Fi-

2103 4827 2236 4894 lium
2270 4841 2480 4895 ratione
2507 4857 2692 4896 causa:
2727 4839 2934 4912 Spiritu
2973 4842 3234 4912 majorem
3270 4843 3425 4910 facit,
3459 4845 3553 4900 sed
3585 4845 3692 4900 Pa-

2105 4933 2172 4986 tri
2201 4933 2538 5003 propiorem.

2175 5026 2266 5079 42.
2309 5026 2391 5078 Ad
2427 5026 2543 5081 haec
2593 5027 2638 5081 si
2687 5040 2859 5083 causa
2903 5030 3143 5100 Spiritus
3195 5039 3278 5086 est
3325 5030 3519 5093 Filius,
3558 5045 3692 5100 quo-

2104 5117 2268 5170 modo
2302 5131 2410 5169 non
2448 5118 2689 5172 secunda
2724 5120 2954 5188 pullulat
2994 5137 3163 5176 causa
3197 5122 3251 5175 in
3303 5136 3562 5191 supremo
3597 5137 3692 5175 su-

2102 5207 2558 5278 pernaturalique
2581 5208 2872 5264 Trinitatis
2905 5212 3200 5280 principio,
3236 5227 3410 5280 eaque
3441 5224 3688 5273 causata,

2102 5309 2158 5354 et
2219 5313 2329 5352 non
2397 5300 2450 5351 in
2524 5303 2911 5355 contumeliam
2977 5302 3140 5372 primi
3192 5302 3446 5370 principii
3508 5306 3687 5355 solum

2102 5389 2440 5458 excogitata,
2473 5390 2567 5444 sed
2606 5391 2660 5444 et
2691 5391 2973 5457 illiusmet,
3018 5393 3070 5444 in
3101 5391 3260 5460 cujus
3307 5392 3549 5445 favorem
3592 5393 3692 5444 hc-

2101 5498 2204 5538 nor
2250 5482 2340 5536 ille
2410 5477 2782 5552 conﬁngitur?
2831 5483 2968 5540 Cum
3031 5483 3182 5540 enim
3233 5484 3532 5538 causalitas
3586 5485 3688 5552 ista

2101 5577 2310 5632 nullum
2341 5577 2570 5632 omnino
2613 5593 2774 5632 usum
2806 5585 3048 5646 praestet,
3085 5578 3194 5630 imo
3225 5589 3353 5631 vero
3390 5592 3457 5630 ne
3495 5591 3686 5630 ansam
3737 5630 3744 5636 _

2098 5736 2198 5806 τὴν
2219 5737 2472 5806 ἀτοπίαν.

2171 5807 2248 5876 (4)
2273 5805 2436 5860 Laur.
2475 5809 2608 5876 ἡμῖν
2625 5808 2810 5877 χορός.

2171 5877 2247 5948 (5)
2279 5879 2444 5934 Laur.
2479 5876 2702 5966 εὑρέθη.

3299 5975 3379 6037 25
