4042 6390
422 363 529 426 779

1445 369 1655 432 JOAN.
1693 367 1908 430 VECCI
1949 366 2067 427 CP.’
2099 366 2611 432 PATRIARCHA!

3570 375 3677 440 780

421 476 643 546 quidem
674 474 838 532 ullam
873 477 1164 547 praestandi
1210 479 1449 548 reperire
1477 479 1672 549 possit,
1719 477 1983 548 quomoda

2097 477 2232 531 ἀλλά
2266 480 2389 548 μηδ’
2425 480 2679 552 ἀφορμὴν
2728 483 3041 556 μηδαμόθεν
3084 486 3366 559 εὑρίσκειν
3398 487 3541 544 ὥστε
3571 508 3679 544 πα-

422 583 530 622 nnn
584 568 768 638 potius
814 568 1066 624 allectum
1118 571 1448 626 contumelia
1499 571 1698 625 Filium
1749 569 1995 624 declarat

419 659 579 729 eique
626 660 730 714 sub
774 660 999 715 honoris
1045 661 1207 717 titulo
1248 663 1504 733 injuriam
1554 662 1880 718 atrociorem
1912 660 1995 716 fa—

424 752 532 807 cit?
581 749 718 805 Cum
770 752 913 819 enim
977 752 1216 820 Spiritus
1266 756 1677 824 processionem
1734 769 1890 810 suam
1957 770 1987 809 a

421 841 581 897 Patre
607 851 772 911 atque
823 842 892 897 ab
937 854 1147 899 aeterno
1179 845 1391 915 plenam
1437 845 1695 913 nullaque
1730 861 1795 899 ex
1836 858 1990 915 parte

416 932 755 989 deficientem
791 935 1013 1002 habeat,
1049 952 1345 1008 quamnam
1381 938 1544 992 aliam
1578 938 1992 1007 productionem

415 1030 511 1076 aut
536 1024 857 1081 substantiae
891 1025 1278 1083 formationem
1307 1029 1536 1083 conﬁcta
1569 1030 1638 1082 ah
1667 1027 1802 1098 ipsis
1825 1042 1993 1083 causa

413 1117 615 1184 poterit
643 1117 872 1188 largiri?

483 1211 574 1265 45.
616 1208 908 1278 Quomodo
956 1228 1086 1269 vero
1124 1228 1233 1268 non
1283 1214 1418 1284 ipsis
1467 1213 1706 1284 Spiritus
1753 1212 1806 1267 in
1849 1210 1991 1265 duos

411 1300 706 1369 dividetur,
737 1318 972 1374 quorum
1008 1305 1147 1361 alter
1186 1322 1218 1362 a
1246 1306 1424 1373 Patre,
1466 1321 1594 1361 vera
1625 1321 1691 1361 ac
1726 1305 1988 1375 primaria

410 1409 602 1459 causa,
645 1396 905 1466 procedat
939 1392 1121 1467 (Pater
1155 1399 1356 1469 quippe
1399 1398 1605 1453 nullam
1655 1398 1818 1451 aliam
1863 1411 1990 1451 cau-

410 1502 527 1543 sam
575 1488 884 1557 agnoscit);
941 1489 1080 1545 alter
1125 1505 1255 1546 vero
1298 1506 1330 1545 e
1378 1488 1623 1547 secunda
1656 1499 1992 1557 causataque

410 1595 578 1635 causa
611 1579 803 1650 (Filius
836 1581 1039 1652 quippe
1069 1595 1288 1637 causam
1328 1581 1416 1637 sui
1446 1582 1697 1652 agnoscit
1723 1579 1986 1648 Patrem),

409 1671 599 1741 sicque
626 1688 733 1726 non
762 1672 956 1728 ordine
982 1673 1249 1728 duntaxat
1282 1683 1339 1729 et
1363 1674 1629 1730 relatione
1664 1680 1831 1743 atque
1859 1687 1990 1727 cau-

408 1761 626 1818 salitate
656 1764 1066 1819 distinctionem
1105 1763 1344 1835 Spiritus
1374 1780 1439 1821 ac
1468 1765 1840 1821 diversitatem
1881 1766 1990 1819 hae-

407 1852 548 1906 resis
574 1851 732 1907 nobis
764 1852 986 1908 exhibet
1012 1860 1068 1909 et
1106 1853 1160 1909 in
1195 1854 1436 1909 medium
1474 1853 1750 1925 producit,
1794 1869 1984 1908 verum

405 1951 460 1997 et
490 1942 543 1997 in
575 1945 1006 2014 quaternitatem
1035 1944 1160 1999 loco
1189 1944 1480 2001 Trinitatis
1509 1943 1725 2002 Numen
1754 1960 1788 2000 ιι
1825 1946 1986 2001 nobis

405 2038 693 2091 adoratum
749 2037 1055 2106 propellere
1104 2036 1316 2105 audet;
1363 2037 1476 2093 imo
1510 2037 1719 2093 omittit
1769 2037 1983 2092 nullum

402 2128 672 2195 studium,
707 2137 766 2182 ut
799 2127 934 2182 nihil
963 2127 1015 2180 in
1039 2128 1391 2184 sanctissima
1412 2143 1709 2198 rerumque
1737 2128 1984 2183 omnium

402 2221 708 2277 conditrice
745 2217 1018 2275 Trinitate
1066 2219 1137 2274 ab
1177 2218 1398 2289 injuriis
1447 2228 1668 2276 maneat
1716 2221 1982 2275 immune.

472 2313 567 2368 Η.
608 2311 1118 2378 Verumeninwero,
1144 2312 1191 2368 si
1224 2326 1392 2367 causa
1422 2310 1664 2383 Spiritus
1689 2312 1761 2366 sit
1788 2310 1982 2378 Filius,

402 2404 699 2473 utriusque
743 2411 930 2457 autem
981 2416 1151 2457 causa
1195 2400 1268 2457 sit
1328 2399 1513 2469 Pater,
1563 2390 1874 2472 reperietur
1929 2404 1981 2455 in

312 2504 315 2505 '
399 2496 642 2568 perfecta
675 2504 730 2552 et
768 2495 1095 2567 perfectrice
1140 2493 1412 2551 Trinitate
1445 2510 1613 2552 causa
1648 2496 1898 2566 quaedam
1950 2512 1981 2551 a

402 2587 746 2659 perfectione
798 2585 1035 2656 prepriae
1084 2585 1385 2656 primaeque
1425 2599 1609 2639 causa:
1668 2593 1882 2640 remota
1929 2594 1983 2638 et

401 2678 750 2749 imperfecta,
782 2687 837 2734 et
877 2676 1203 2749 imperfecta
1234 2677 1419 2748 potius
1453 2691 1519 2732 ac
1559 2676 1869 2731 semicausa
1898 2675 1982 2730 vel

399 2771 731 2843 composita,
766 2785 833 2825 ex
876 2770 1198 2839 imperfecta
1232 2776 1399 2838 atque
1438 2765 1681 2838 perfecta
1706 2771 1980 2838 composi-

402 2864 611 2919 tionem
641 2860 979 2931 suscipiens.
1025 2860 1229 2931 Estque
1260 2861 1365 2916 hoc
1394 2859 1515 2916 loco
1546 2858 1977 2924 observandum,

2096 569 2343 638 ρασχεῖν,
2393 569 2509 632 πῶς
2555 571 2617 622 οὐ
2647 572 2846 641 μᾶλλον
2891 575 3250 645 ἀποφανετται
3283 578 3376 633 τὸν
3423 579 3552 634 Υἰὺν
3582 596 3685 634 πε-

2097 659 2486 729 ριυσρισμένον
2511 662 2615 715 καὶ
2641 664 2810 732 τιμῆς
2846 665 3080 736 εόνόματι
3111 670 3559 741 κακουργοτέραν
3580 672 3681 743 τὴν

2099 748 2258 832 ὓϐριν
2293 754 2472 816 cretei;
2520 757 2616 807 καὶ
2654 757 2764 823 γὰρ
2806 755 2901 809 τοῦ
2951 759 3267 829 Πνεύματος
3318 762 3591 832 πατρόθεν
3618 764 3678 832 ἐξ

2097 816 2267 894 ἀϊδίου
2294 843 2393 912 τὴν
2420 816 2746 915 ἐκπόρευσιν
2774 848 2997 918 ἀνενδεῆ
3025 816 3386 921 κεκτημένου,
3417 816 3579 918 viola;

2095 930 2261 999 ἄλλης
2290 934 2622 1003 προαγωγῆς
2667 935 2700 1005 ἢ
2743 938 3057 1002 οὐσιώσεως
3093 941 3155 994 τὸ
3190 943 3546 1012 συμπλασθὶν
3578 946 3670 998 αὒ-

2093 1023 2208 1085 τοίς
2246 1023 2420 1079 αἴτιον
2450 1028 2925 1100 ἐπιγνωσθήσεται
2955 1032 3231 1103 χορηγόν;

2168 1208 2282 1280 μγ’.
2317 1210 2439 1276 Πῶς
2483 1212 2650 1268 δὀὐκ
2694 1216 2777 1279 εἰς
2822 1216 2920 1270 δύο
2962 1219 3150 1283 αὐτοῖς
3188 1221 3677 1293 διαμερισθξσεται

2094 1300 2156 1354 τὸ
2206 1301 2432 1372 Πνεῦμα
2460 1318 2475 1369 ;
2514 1303 2576 1356 τὸ
2622 1306 2721 1375 μὲν
2751 1308 2816 1360 ὲκ
2845 1307 2938 1362 τοῦ
2970 1311 3181 1381 Παπρδς
3216 1314 3313 1366 καὶ
3352 1314 3429 1376 ὡς
3461 1315 3675 1384 ἀληθῶς

2093 1394 2189 1447 καὶ
2217 1396 2455 1463 πρώτως
2494 1399 2674 1451 αἰτίου
2709 1402 2900 1469 προϊὸν
2932 1404 3197 1468 (ἀναίτιος
3229 1406 3360 1476 γάρ)
3376 1423 3400 1438 έο
3428 1407 3494 1460 τὸ
3522 1409 3578 1461 δὲ
3612 1411 3677 1462 ἐκ

2091 1480 2187 1536 τοῦ
2220 1483 2477 1554 δευτέρου
2521 1485 2617 1539 καὶ⁸
2653 1487 2897 1540 αἰτιατοῦ
2940 1489 3061 1559 (οὐκ
3099 1492 3340 1545 ἀναίτιον
3375 1493 3507 1563 γάρ)
3532 1507 3547 1524 '
3583 1495 3677 1546 καὶ

2091 1574 2265 1638 οὕτως
2308 1574 2355 1628 δ’
2393 1576 2455 1630 οὐ
2485 1577 2641 1643 τάξει
2690 1577 2829 1650 μόνῃ
2862 1581 2956 1633 καὶ
3001 1580 3184 1650 σχέσει
3238 1585 3333 1635 καὶ
3380 1582 3531 1653 αἰτίᾳ
3576 1583 3675 1655 την

2092 1668 2187 1721 τοῦ
2210 1667 2536 1739 ηΠνεῦματος
2565 1670 2863 1740 ἑτερότητα
2890 1675 2989 1724 καὶ
3010 1673 3369 1744 παραλλαγὴν
3393 1676 3427 1744 ή
3464 1676 3674 1745 αἵρεσις

2090 1760 2515 1832 δραματωργεῖ,
2555 1760 2693 1816 ἀλλά
2734 1763 2828 1816 καὶ
2869 1766 2949 1828 εἰς
2990 1767 3227 1837 τετράδα
3279 1767 3401 1821 ἀντὶ
3444 1767 3673 1838 Τριάθος

2089 1851 2150 1905 τὸ
2179 1851 2341 1915 σέϐας
2381 1854 2413 1923 ὴ
2424 1853 2540 1922 μῶν
2570 1855 2907 1909 ἀπωθεῖσθαι
2942 1857 3138 1928 τολμᾷ,
3195 1860 3396 1928 μᾶλλον
3441 1858 3488 1910 δ’
3518 1858 3672 1911 οὐδὲν

2089 1944 2416 2015 ἀνύϐριστον
2442 1946 2766 2000 καταλιπεῖν
2797 1949 2908 2002 τῶν
2939 1950 2997 2002 ὲν
3018 1952 3082 2021 τῇ
3117 1951 3453 2021 ὐπεραγάθῳ
3479 1951 3671 2023 Τριάδι

2090 2039 2184 2091 καὶ
2229 2038 2561 2110 Δημιουργῷ
2615 2038 2709 2091 τοῦ
2766 2044 2969 2106 παντὸς
3025 2043 3283 2112 οὐδεμίαν
3339 2045 3670 2113 παραλείπει

2091 2131 2353 2203 σπουδήν.

2161 2312 2268 2384 μδ¹.
2300 2317 2412 2370 Καὶ
2435 2316 2542 2389 μὴν
2576 2318 2626 2371 εἰ
2649 2319 2821 2384 αἴτιος
2848 2320 2951 2391 μὲν
2975 2321 3072 2375 τοῦ
3101 2319 3422 2391 Πνεῦματος
3455 2321 3488 2374 ὁ
3521 2320 3671 2386 Υἱδς,

2087 2406 2294 2475 ἀμφοῖν
2322 2407 2369 2460 δ’
2391 2410 2564 2474 αἴτιος
2594 2412 2622 2462 ό
2669 2410 2878 2481 Πατὴρ,
2912 2412 3274 2483 εὐρεθήσεταί
3321 2429 3375 2465 τι
3407 2412 3586 2466 αἴτιον
3610 2415 3671 2465 ἐν

2084 2502 2153 2570 τῇ
2187 2498 2370 2571 τελείᾳ
2399 2502 2493 2555 καὶ
2522 2503 2841 2573 τελειοποιῷ
2869 2504 3064 2574 Τριάδι
3095 2503 3190 2558 τοῦ
3221 2506 3320 2570 μὲν
3344 2504 3551 2574 κυρίως
3576 2508 3670 2557 καὶ

2085 2587 2306 2658 πρώτου
2332 2593 2508 2645 αἰτίου
2542 2593 2643 2663 τῆς
2687 2593 3036 2666 τελειότητος
3079 2595 3516 2665 ἀπεληλαμένον,
3546 2599 3673 2650 ἀτε-

2076 2682 2174 2745 λὲς
2198 2682 2255 2736 δὲ
2294 2683 2388 2737 καὶ
2419 2684 2692 2755 ἡμίτομον
2716 2687 2751 2754 ἢ
2786 2687 3064 2752 σύνθετον,
3100 2687 3160 2753 ἐξ
3188 2687 3416 2750 ἀτελοῦς
3451 2689 3543 2741 καὶ
3584 2705 3674 2741 τε-

2076 2774 2230 2828 λείου
2266 2775 2365 2847 τὴν
2399 2775 2647 2830 σύνθεσιν
2688 2777 3113 2849 ἀναδεδεγμὲνον
3155 2779 3259 2850 (ί).
3301 2780 3412 2832 Καὶ
3448 2783 3671 2833 σκοπεῖν

2080 2864 2317 2929 ἔξεστιν,
2361 2867 2511 2929 ὅπως
2546 2868 2580 2937 ἡ
2626 2866 2725 2936 μὲν
2772 2866 3067 2937 μυθολογία
3107 2869 3167 2921 ὲν
3192 2871 3307 2932 τοῖς
3338 2870 3398 2921 ἐν
3455 2868 3666 2937 γενέσει

400 2955 550 3025 quod
604 2962 854 3007 veterum
920 2952 1258 3024 mythologia
1309 2952 1365 3006 in
1422 2951 1587 3007 rebus
1640 2951 1977 3021 generationi

2086 2954 2178 3008 καὶ
2210 2956 2388 3027 φθορᾷ
2411 2959 2536 3020 τοὺς
2565 2957 3032 3029 ἱπποκενταύρους
3054 2960 3220 3013 πάλαι
3243 2960 3509 3024 παίζουσα
3533 2960 3666 3012 ἀναε-

398 3045 858 3116 corruptionique
887 3043 1144 3098 obnoxiis
1180 3042 1647 3114 hippocentauros
1690 3041 1823 3096 olim
1878 3058 1975 3112 per

2086 3046 2332 3111 πλάττει,
2375 3049 2410 3118 ἡ
2455 3047 2512 3101 δὲ
2564 3048 2831 3120 θεομαχία
2880 3051 2939 3103 ἐν
2975 3053 3089 3113 τοῖς
3121 3050 3319 3114 ἀϊδίοις
3360 3052 3453 3104 καὶ
3499 3052 3662 3105 ἀναλ-

395 3138 582 3207 jocum
627 3135 913 3192 conﬁnxit.
985 3136 1055 3189 At
1109 3135 1341 3189 istorum
1393 3133 1648 3205 impietas
1703 3133 1758 3188 in
1813 3133 1979 3188 rebus

2086 3136 2331 3202 λοιώτοις
2356 3140 2392 3210 ἢ
2428 3139 2489 3193 τὸ
2518 3142 2790 3211 ἡμίτομον
2817 3141 2849 3212 ἢ
2882 3144 2942 3194 τὸ
2971 3143 3034 3207 ἐξ
3070 3143 3248 3196 αἰτίου
3275 3160 3335 3196 τε
3366 3143 3459 3198 καὶ
3487 3144 3660 3196 αἰτια-

400 3229 748 3300 sempiternis
799 3237 966 3298 atque
1010 3227 1447 3283 immutabilibus
1478 3226 1563 3282 vel
1610 3228 1973 3282 semicausam

398 3322 485 3376 vel
527 3335 747 3377 causam
798 3334 864 3376 ex
915 3332 1082 3376 causa
1126 3326 1180 3373 et
1218 3326 1448 3374 causam
1495 3317 1786 3373 confictam
1833 3318 1979 3373 serio

399 3413 698 3483 praedicare
748 3426 857 3467 non
912 3410 1299 3478 exhorrescit;
1335 3425 1570 3481 quorum
1615 3419 1869 3464 neutrum
1909 3411 1978 3464 ab

401 3504 822 3576 imperfectione
871 3521 930 3561 se
985 3504 1214 3570 eximit;
1273 3514 1574 3575 utrumque
1635 3502 1805 3569 enim,
1851 3502 1979 3556 licet

400 3609 651 3654 mutuam
710 3598 851 3653 inter
901 3613 963 3651 se
1020 3612 1257 3667 pugnam
1312 3606 1643 3651 conservent
1700 3594 1772 3660 (is
1827 3596 1975 3651 enim

398 3700 483 3748 est
530 3690 711 3762 impia:
755 3690 1038 3747 sententiae
1086 3689 1322 3759 fructus)
1376 3690 1431 3742 in
1491 3687 1741 3743 eamdem
1794 3698 1974 3743 tamen

404 3780 841 3852 imperfectiouis
872 3790 1059 3837 notam
1093 3779 1445 3837 conveniunt.

476 3872 569 3927 45.
609 3871 817 3929 Praeter
845 3881 1031 3928 autem
1049 3873 1226 3937 dicta,
1257 3871 1304 3928 si
1330 3885 1472 3927 unus
1502 3880 1585 3926 est
1620 3870 1888 3941 Spiritus,
1923 3879 1979 3925 et

400 3964 709 4020 eminenter
755 3975 924 4035 atque
952 3964 1174 4035 proprie
1204 3980 1369 4029 unus,
1403 3962 1875 4034 quemadmodum
1922 3954 1978 4018 et

400 4053 563 4110 Pater
592 4065 645 4110 ct
675 4054 845 4111 Filius
877 4070 1004 4110 vere
1042 4066 1210 4126 atque
1260 4056 1610 4111 inetiabiliter
1635 4070 1797 4121 unus,
1834 4070 1977 4124 quo-

403 4146 568 4202 modo
601 4162 707 4203 non
739 4146 993 4218 iniquum
1041 4148 1209 4203 simul
1245 4156 1301 4203 et
1340 4148 1644 4205 absurdum
1689 4148 1854 4203 fuerit
1889 4162 1980 4218 ge-

402 4239 579 4294 minas
613 4239 791 4295 eidem
819 4254 1017 4295 causas
1041 4240 1353 4296 adscribere
1370 4242 1395 4293 ἓ

961 4352 1413 4411 REFUTATIO.

473 4466 618 4523 XIX.
651 4467 709 4522 Si
743 4468 874 4522 dum
898 4482 962 4523 ex
991 4466 1128 4522 Filio
1151 4469 1314 4525 etiam
1335 4472 1573 4541 Spiritus
1598 4472 1864 4527 exsistere
1895 4470 1976 4524 di-

2085 3229 2180 3284 τοῦ
2212 3231 2705 3301 συμπεπλασμένον
2729 3236 2904 3286 αἰτιον
2924 3234 2984 3287 οὑ
3013 3239 3240 3303 φρίττει·
3265 3236 3406 3304 μετά
3433 3236 3665 3305 σπουδῆς

2084 3322 2522 3393 τερατολογοῦσα
2542 3341 2557 3356 ο
2589 3325 2686 3377 καὶ
2726 3326 3010 3396 οὐδέτερον
3042 3327 3225 3380 αὐτῶν
3256 3328 3318 3380 τὸ
3348 3326 3539 3390 ἀτελὲς
3565 3345 3668 3380 παο

2084 3415 2326 3483 ραχωρεί
2378 3412 2738 3482 διαφεύγειν·
2799 3414 3061 3483 ἑκάτερον
3115 3416 3223 3483 γὰρ
3274 3417 3323 3467 εἰ
3381 3416 3481 3468 καὶ
3528 3415 3667 3486 πρὸς

2078 3505 2291 3575 ἄλληλα
2335 3504 2700 3575 προϐάλλεται
2741 3506 3105 3576 διαμάχεσθαι
3129 3507 3384 3576 (τοιαῦτα
3427 3510 3536 3575 γὰρ
3566 3512 3669 3577 τῆς

2083 3596 2317 3659 ἀσεϐοῦς
2365 3599 2576 3667 σπορᾶς
2603 3592 2676 3651 ’τὰ
2720 3599 3010 3669 γεώργια),
3059 3601 3209 3667 ὅμως
3254 3601 3334 3661 είς
3365 3600 3466 3670 τὴν
3496 3601 3671 3669 αὐτὴν

2082 3687 2175 3742 τοῦ
2206 3687 2431 3752 ἀτελοῦς
2456 3687 2622 3759 ὓϐριν
2644 3690 2812 3760 ἄμφω
2838 3693 3088 3758 συνάγει.

2157 3876 2260 3948 με’.
2285 3878 2468 3948 Χωρλς
2492 3878 2549 3931 δὲ
2574 3879 2683 3931 τῶν
2708 3879 3032 3948 εἰρημένων,
3065 3880 3113 3933 εἰ
3138 3879 3199 3931 ἓν
3221 3881 3333 3932 ἐστι
3353 3880 3414 3933 τὸ
3440 3879 3664 3950 Πνεῦμα

2084 3970 2179 4026 καὶ
2208 3970 2503 4041 ὑπερφυῶς
2530 3987 2589 4023 τε
2622 3970 2715 4024 καὶ
2742 3970 2947 4039 κυρίως
2966 3970 3048 4033 ἐν,
3078 3969 3269 4041 ὥσπερ
3299 3972 3393 4025 καὶ
3415 3974 3443 4024 ό
3473 3971 3661 4040 Πατὴρ

2082 4064 2182 4118 καὶ
2211 4063 2240 4115 ὁ
2274 4062 2402 4127 Υἰὺς
2448 4063 2759 4133 εἰλικρινῶς
2808 4080 2867 4115 τε
2920 4063 3013 4116 καὶ
3044 4063 3186 4131 ὑπὲρ
3233 4063 3392 4130 λόγον
3424 4062 3507 4128 ἓν,
3547 4063 3662 4124 πῶς

2082 4155 2215 4209 αὐτὸ
2244 4154 2321 4225 (2)
2346 4156 2408 4208 τὸ
2439 4155 2692 4209 δυαδικδν
2729 4156 2839 4208 τῶν
2866 4156 3060 4209 αἰτίων
3105 4157 3206 4209 οὐκ
3244 4155 3515 4227 ἔκθεσμον
3545 4154 3660 4224 ἃμα

2082 4246 2175 4301 καὶ
2206 4247 2465 4301 ἀδύνατον
2490 4247 2927 4319 ὲπιγράφεσθαις

2639 4363 3109 4421 ΑΝΤΙΡΡΗΣΙΣ.

2157 4478 2258 4532 18'.
2286 4477 2347 4531 El
2371 4477 2461 4530 διὰ
2488 4476 2645 4530 τοῦτό
2676 4492 2758 4529 σοι
2806 4476 3012 4540 ἀτελῶς
3042 4478 3106 4530 ἐκ
3136 4478 3352 4547 Πατρὺς
3397 4476 3662 4549 ὑπάρχειν

401 4560 567 4625 citur,
601 4567 889 4629 propterea
939 4559 1262 4630 imperfecte
1291 4576 1359 4617 ex
1401 4561 1561 4618 Patre
1599 4562 1977 4618 exsistentiam

2086 4568 2141 4621 τὸ
2165 4569 2407 4638 Πνεῦμα’
2423 4568 2590 4631 δοκεῖ,
2623 4569 2671 4620 εἰ
2710 4568 2804 4621 καὶ
2844 4568 2908 4621 ὲκ
2937 4567 3031 4621 τοῦ
3082 4567 3213 4620 Υίοῦ
3241 4543 3456 4637 λέγοιτο
3489 4543 3664 4636 ὑπάρ-

402 4650 610 4705 habcre
667 4649 764 4703 tibi
831 4648 1069 4716 videtur,
1114 4652 1271 4720 quasi
1327 4651 1571 4720 ejusdem
1623 4651 1979 4706 subsistentia

2086 4677 2198 4729 χειν
2223 4658 2379 4725 αὐτὸ,
2398 4659 2472 4719 ὡς
2502 4658 2600 4727 τῆς
2623 4658 2785 4710 αὑτοῦ
2816 4656 3103 4729 ὑπάρξεως
3134 4660 3273 4728 τάχα
3301 4658 3665 4730 μεριζομένης

403 4740 657 4809 protinus
687 4740 741 4794 in
772 4739 827 4794 id
852 4742 997 4810 quod
1021 4756 1086 4797 ex
1108 4741 1268 4796 Patre
1292 4753 1344 4796 et
1381 4740 1432 4795 id
1457 4744 1603 4812 quod
1638 4758 1705 4797 ex
1736 4741 1874 4797 Filio
1897 4752 1982 4797 est

2086 4752 2164 4814 εἰς
2189 4750 2251 4803 τὸ
2276 4751 2341 4801 ὲκ
2366 4750 2460 4800 τοῦ
2488 4749 2700 4818 [ἰατρὸς
2732 4751 2825 4804 καὶ
2856 4749 2915 4801 τὸ
2949 4752 3013 4802 ἐκ
3058 4748 3153 4802 τοῦ
3199 4750 3353 4812 Υἰοῦ,
3386 4749 3520 4802 ἀλλά
3547 4748 3664 4801 δια-

403 4831 678 4887 dividatur
706 4848 719 4884 :
755 4835 871 4888 haec
906 4834 1108 4889 mentis
1132 4833 1358 4887 omnino
1388 4844 1514 4888 sunt
1542 4848 1663 4903 quae
1693 4834 1829 4889 nihil
1860 4850 1980 4888 ma-

2086 4839 2232 4902 νοίας
2269 4839 2430 4892 τοῦτό
2476 4840 2591 4892 ἐστι
2646 4839 2817 4909 μηδὲν
2873 4841 3018 4908 μέγα
3067 4840 3477 4910 φανταζομένης
3537 4841 3671 4911 περὶ

404 4938 571 4996 gnum
630 4926 913 4997 imaginari
991 4927 1170 4981 valeat
1206 4926 1260 4979 in
1293 4926 1447 4979 beata
1493 4926 1583 4979 illa
1653 4941 1981 4997 omnemque

2086 4934 2181 5000 τῆς
2212 4930 2487 5002 μακαρίας
2537 4930 2753 5000 ἐκείνης
2791 4928 3009 4997 φύσεως
3061 4933 3154 4985 καὶ
3205 4932 3438 5000 φυσικὸν
3489 4932 3665 4985 πάντα

402 5020 707 5074 naturalem
765 5022 1033 5075 rationem
1089 5017 1387 5074 excedente
1441 5027 1664 5073 natura.
1723 5019 1781 5072 Si
1830 5021 1979 5074 enim

2086 5020 2238 5090 λόγον
2279 5019 2738 5091 ὑπερϐαινούσης.
2785 5019 2850 5073 Εἰ
2879 5021 2989 5089 γὰρ
3021 5022 3113 5074 καὶ
3162 5022 3411 5085 ἀνενδεὲς
3451 5023 3547 5076 καὶ
3580 5023 3664 5074 τὲ-

399 5113 607 5179 ahsque
631 5111 739 5163 ullo
766 5110 982 5165 defectu
1014 5118 1068 5163 et
1092 5107 1364 5179 perfectus
1394 5109 1621 5163 omnino
1644 5110 1881 5179 Spiritus
1912 5126 1978 5165 ex

2086 5112 2227 5164 λειον
2261 5111 2477 5183 πρόεισι
2513 5111 2574 5163 τὸ
2603 5110 2827 5180 Πνεῦμα
2855 5113 2921 5164 ἐκ
2947 5110 3043 5162 τοῦ
3090 5110 3325 5181 Πατρὸς,
3355 5109 3472 5163 ἀλλ’
3501 5110 3535 5179 ἡ
3574 5126 3662 5162 τε-

400 5199 561 5255 Patre
590 5201 960 5272 progreditur,
982 5211 1221 5255 attamen
1247 5198 1513 5268 perfectio
1538 5200 1702 5272 hujus
1724 5215 1981 5271 progres-

402 5292 579 5348 sionis
630 5294 799 5357 illius,
843 5295 989 5347 sicut
1044 5294 1157 5361 ipse
1216 5293 1366 5371 novit
1407 5294 1500 5364 qui
1555 5293 1827 5364 profunda
1881 5293 1974 5348 Dei

398 5394 698 5448 scrutatur,
753 5386 889 5449 haec,
919 5384 1165 5454 inquam,
1214 5384 1480 5456 perfectio
1526 5397 1631 5450 est,
1681 5388 1826 5454 quod
1870 5401 1977 5439 non

398 5478 649 5544 proxime
701 5487 757 5532 et
806 5478 1141 5544 immediate,
1176 5479 1269 5533 sed
1332 5494 1428 5548 per
1470 5476 1671 5532 Filium
1727 5494 1791 5531 ex
1817 5475 1982 5531 Palte

401 5572 606 5640 prodit.
662 5571 901 5626 Omnino
953 5574 1098 5626 cnim
1158 5574 1537 5627 contradicere
1583 5570 1723 5625 haud
1777 5573 1983 5643 poteris

475 5729 748 5801 (ηιξκιε.
801 5731 963 5787 habet
994 5748 1009 5786 :
1038 5734 1129 5786 ml.
1168 5731 1431 5801 ἡμίθετον
1472 5732 1565 5783 καὶ
1609 5727 1867 5783 σθνθετον
1923 5730 1983 5795 ἐξ

402 5798 626 5862 ἀτελοῦς
687 5816 746 5853 τε
807 5803 902 5855 καὶ
953 5803 1161 5855 τελείου
1192 5798 1323 5871 σὴν
1389 5800 1639 5854 σύνθεσιν
1674 5801 1983 5868 ἀναδεδειγὲ

2081 5201 2293 5271 λειότης
2322 5201 2421 5271 τῆς
2452 5198 2620 5253 αὐτοῦ
2664 5198 2891 5270 προόδου
2924 5195 3104 5261 καθὼς
3135 5197 3266 5250 αὐτὸ
3299 5194 3407 5250 οἶδε
3434 5198 3500 5249 τὰ
3528 5184 3666 5266 βᾶθη

2080 5292 2175 5346 τοῦ
2207 5291 2347 5345 Θεοῦ
2394 5290 2654 5361 ἐρευνῶν,
2702 5288 2841 5359 αὓτη
2883 5289 3001 5341 ἐστὶ
3033 5287 3094 5342 τὸ
3248 5287 3532 5357 προσεχῶς
3576 5287 3669 5339 καὶ

2082 5384 2326 5452 ἀμέσως,
2347 5383 2480 5435 ἀλλά
2507 5381 2597 5435 διὰ
2623 5380 2717 5434 τοῦ
2747 5380 2874 5433 Υἱοῦ
2903 5381 3151 5451 προϊέναι
3177 5377 3311 5431 αὐτὸ
3330 5379 3395 5430 ὲκ
3421 5378 3663 5446 Πατρό;”

2082 5479 2303 5536 πάντως
2334 5476 2441 5542 γὰρ
2476 5474 2575 5526 οὐκ
2615 5474 2681 5529 ἂν
2721 5473 3000 5526 ἀντειπεῖν
3030 5472 3176 5541 ἔχοις
3211 5469 3290 5541 τῷ
3336 5470 3445 5530 τοίς
3476 5470 3697 5543 Δαμαο.

2085 5567 2218 5621 σκοῦ
2252 5568 2346 5619 καί
2378 5568 2479 5636 τῆς
2513 5560 2841 5635 οἰκουμένης
2888 5563 3138 5637 φωστῆρι
3175 5561 3266 5618 τὸν
3294 5559 3517 5631 Πατέρα
3548 5558 3666 5612 θεοο

2087 5745 2273 5798 μενον.
2394 5746 2427 5798 ξ

2159 5798 2235 5870 (2)
2272 5797 2426 5868 Αὐτῷ
2464 5795 2623 5850 habet
2654 5804 2705 5850 et
2730 5795 2894 5849 Laur.
