4042 6412
405 404 506 476 ’781

1187 403 1628 472 REFUTA'I‘IO
1670 398 2043 470 ΡΗΟἸΙΑΝΙ
2085 398 2303 468 LIBRI
2345 401 2440 468 DE
2482 403 2795 471 SPIRI'I'U
2838 411 2896 469 S.

3575 408 3679 471 7'82

403 527 650 597 λογοῦντι
711 524 984 597 προϐολέα
1057 523 1146 576 διὰ
1201 523 1376 592 Λόγου
1431 524 1524 576 τοῦ
1596 519 1996 594 ἐκφαντορικοῦ

2116 522 2308 575 eximio
2335 522 2585 577 Damasci
2619 534 2671 576 et
2717 531 2989 574 terrarum
3041 519 3190 574 orbis
3233 517 3426 574 lumini
3465 513 3684 575 Patrem

410 621 762 691 Πνεύματος·
803 621 894 673 καὶ
924 620 1006 672 ὅτι
1047 619 1146 688 μὲν
1178 618 1392 687 πρόεισι
1422 619 1482 670 10
1515 617 1739 687 Πνεῦμα
1785 617 1872 670 διὰ
1903 616 1998 669 τοῦ

409 712 564 778 Υίοῦ,
597 713 691 766 καὶ
713 713 777 766 ὲκ
800 710 895 765 τοῦ
928 711 1060 764 Υίοῦ
1090 711 1310 779 λέγεται
1345 711 1628 779 προϊέναι’
1669 711 1752 762 ὅτι
1780 708 1837 761 δὲ
1866 709 2003 776 ἀμε-

412 807 632 877 ρίστως,
679 805 780 858 ούκ
825 805 905 867 είς
938 803 1126 866 ἀτελὲς
1164 803 1258 855 καὶ
1307 802 1511 856 τέλειον
1557 799 1812 873 διῄρηται
1841 818 1868 870 ξ
1906 800 2004 854 καὶ

407 899 568 952 τοῦτο
612 897 751 952 κάπὶ
802 896 896 949 τοῦ
948 895 1402 965 παραδείγματος
1453 894 1548 947 τοῦ
1603 894 1754 964 ἡλίου
1781 892 1857 966 (ί)
1902 893 2005 962 τῆς

410 993 630 1053 ἀκτῖνος
656 989 752 1042 καὶ
774 986 870 1040 τοῦ
902 990 1081 1056 φωτὸς
1108 986 1256 1040 ἐστιν
1289 987 1419 1039 ἰδεῖν
1445 1002 1458 1016 ·
1490 985 1606 1054 φῶς
1629 987 1740 1056 γὰρ
1779 985 2005 1056 ἡλιακὸν

408 1084 496 1138 διὰ
525 1082 626 1151 τῆς
652 1083 869 1142 ἀκτῖνος
912 1078 1130 1141 πάντως
1161 1078 1410 1149 πρόεισιν
1445 1079 1508 1130 ἐκ
1539 1076 1634 1131 τοῦ
1673 1077 1880 1144 δίσκου,
1909 1077 2005 1132 καὶ

409 1177 510 1228 οὐκ
541 1177 606 1227 ἐκ
635 1175 800 1242 μόνου
823 1170 922 1224 τοῦ
957 1171 1144 1224 δίσκου
1165 1187 1179 1202 ·
1223 1169 1337 1224 ἀλλ’
1366 1171 1519 1224 οὐδὲν
1563 1171 1624 1224 τὸ
1647 1170 1853 1223 τέλειον
1905 1171 2005 1240 τῆς

408 1271 476 1322 ὲκ
494 1267 588 1322 τοῦ
614 1267 801 1320 δίσκου
826 1265 1009 1326 αἰτίας
1037 1264 1130 1318 τοῦ
1167 1265 1345 1333 φωτὸς
1369 1262 1678 1334 ἐλυμήνατο
1711 1265 1744 1334 ἡ
1776 1263 1866 1317 διὰ
1901 1263 2005 1333 τῆς

411 1364 630 1424 ἀκτῖνος
663 1360 758 1413 τοῦ
791 1359 969 1428 φωτὸς
1016 1357 1276 1428 πρόοδοςθ
1310 1358 1434 1410 ἐπεὶ
1465 1357 1690 1426 τοιαύτη
1728 1358 1811 1420 τίς
1856 1359 2005 1409 ἐστιν

412 1456 447 1524 ὴ
480 1452 577 1505 τοῦ
619 1450 768 1522 ἡλίου
813 1449 1000 1519 φύσις,
1055 1449 1198 1502 ὥστε
1246 1449 1440 1519 χρόνου
1490 1449 1584 1501 καὶ
1635 1449 2006 1518 διαστήματος

416 1543 801 1613 μεσιτεύοντος
852 1541 970 1609 ἅμα
999 1540 1110 1592 τῶν
1164 1539 1495 1609 ἀμφοτέρων
1523 1537 1784 1591 αἰτιατῶν
1829 1539 2005 1592 αἴτιον

411 1636 578 1689 αὐτὸν
604 1628 764 1698 εἶναι,
789 1625 864 1686 ὧν
891 1631 978 1684 διὰ
1008 1631 1104 1684 τοῦ
1129 1631 1317 1700 ἑτέρου
1348 1629 1408 1683 10
1432 1630 1619 1701 ἕτερον
1643 1631 1708 1682 ὲκ
1734 1628 1826 1682 τοῦ
1855 1628 2006 1698 πρώ-

414 1744 508 1782 του
540 1726 719 1780 αἰτίου
761 1724 1155 1794 προσέρχεται.

472 1819 656 1873 ’Πάλιν
684 1815 742 1869 δὲ
773 1817 823 1869 εί
877 1816 968 1870 διά
1000 1815 1059 1868 τὸ
1104 1814 1200 1882 τὴν
1231 1813 1328 1868 τοῦ
1373 1813 1696 1883 Πνεύματος
1742 1813 2004 1884 ἐπιγινώ-

425 1910 642 1966 σκεσθαι
710 1909 970 1978 ἰδιότητα,
1031 1909 1090 1961 ἐν
1133 1902 1302 1976 ᾧτοῦ
1363 1907 1578 1976 Πατρός
1626 1904 2004 1974 ἐκπορεύεται,

418 2002 679 2065 ὡσαύτως
709 2002 767 2056 δὲ
799 2002 896 2056 καὶ
923 2001 1025 2070 τὴν
1053 1998 1147 2053 τοῦ
1180 1997 1334 2061 Υίοῦ,
1370 2001 1428 2052 ὲν
1470 1995 1514 2067 ᾧ
1540 1990 1696 2061 οὗτος
1725 2000 2004 2067 γεννᾶται,

413 2093 609 2165 λογίζῃ
639 2095 767 2156 τοὺς
814 2093 910 2145 καὶ
940 2095 1004 2145 ὲκ
1045 2089 1142 2143 106
1177 2089 1310 2144 Υἱοῦ
1353 2089 1611 2157 λέγοντας
1667 2089 1800 2142 αὐτὸ
1846 2090 2009 2143 ἐκπο-

416 2185 677 2258 ρεύεσθαι
710 2186 956 2239 πλείοσιν
1002 2181 1261 2253 ίδιώμασι
1310 2181 1646 2236 διαστέλλειν
1685 2181 1748 2235 10
1779 2181 2007 2252 Πνεῦμα

413 2279 510 2332 τοῦ
541 2278 756 2348 Πατρὺς
781 2279 926 2351 ἥπερ
957 2277 1048 2330 τὸν
1077 2275 1227 2341 Υίὺν,
1266 2275 1584 2344 ἐπισφαλῶς
1616 2276 1708 2328 καὶ
1734 2274 1798 2328 οὐ
1825 2273 2008 2338 καλῶς

416 2371 581 2427 τοῦτο
617 2371 844 2440 λογίζῃ·
881 2369 932 2421 εί
973 2370 1082 2440 γὰρ
1113 2367 1221 2440 ἰδίᾳ
1257 2367 1356 2437 μὲν
1395 2367 1459 2420 ὲκ
1491 2367 1587 2421 τοῦ
1635 2367 1867 2439 Πατρδς,
1901 2368 2009 2438 ίδίᾳ

416 2463 564 2530 δὲέκ
592 2461 687 2514 τοῦ
717 2459 848 2512 Υίοῦ
883 2455 952 2530 ἦν
982 2463 1042 2512 10
1074 2458 1301 2528 Πνεῦμα
1347 2457 1802 2528 ἐκπορευόμενον,
1834 2457 2007 2521 οὕτως

363 2599 370 2602 .
416 2555 484 2608 ἂν
513 2549 628 2624 εἶχε
654 2551 714 2606 10
740 2550 966 2622 ίσχυρδν
996 2551 1024 2604 ό
1051 2548 1162 2602 τῶν
1211 2549 1617 2618 πεπλασμένων
1670 2549 1751 2601 σοι
1787 2549 2010 2618 ἰδιωμά-

417 2661 529 2697 των
553 2643 892 2711 πλεονασμὸς
920 2639 1015 2694 καλ⁸
1042 2638 1400 2707 ἐπηκολούθει
1431 2638 1498 2693 ἃν
1525 2637 1602 2705 τῷ
1633 2639 1744 2692 τῶν
1777 2639 2007 2708 ίδιωμά-

417 2750 528 2788 των
575 2732 784 2788 τούτων
835 2730 1165 2802 πλεονασμῷ
1211 2731 1308 2784 καὶ
1354 2730 1416 2783 10
1465 2729 1676 2784 πλείοσι
1726 2732 2009 2800 διαφοραῖς

413 2822 831 2880 διαστέλλεσθαι
861 2823 920 2876 10
949 2823 1177 2892 Πνεῦμα
1204 2821 1299 2876 τοῦ
1330 2822 1544 2891 Πατρὸς
1569 2823 1714 2894 ἥπερ
1742 2824 1834 2877 τὸν
1856 2825 2005 2890 Υίὸν,

422 2917 520 2972 καὶ
550 2916 619 2970 τὰ
669 2915 805 2968 ἄλλα
833 2916 933 2969 ὅσα
965 2917 1031 2968 ὲκ
1065 2915 1162 2985 τῆς
1213 2913 1407 2985 διπλῆς
1453 2915 1834 2985 ὲκπορεύσεως
1879 2918 2009 2970 ἀνα-

424 3010 714 3082 φαίνεσθαι
770 3009 1103 3081 ἀπαριθμεῖς
1153 3009 1372 3064 ἄτοπα·
1421 3007 1518 3060 νῦν
1569 3007 1615 3058 δ’
1650 3009 1732 3062 ὅτι
1772 3010 1872 3078 μία
1927 3011 2010 3075 τίς

424 3110 544 3160 ἐστι
579 3105 674 3159 καὶ
709 3102 855 3174 ἁπλῆ
889 3103 922 3173 ἡ
956 3103 1022 3153 ὲκ
1052 3099 1269 3171 110190;
1311 3100 1638 3168 ὲκπόρευσις
1665 3101 1730 3153 δι’
1755 3100 1884 3154 Υἱοῦ
1915 3101 2009 3156 τοῦ

425 3195 747 3266 Πνεύματος
779 3194 876 3246 τοῦ
911 3191 1091 3259 ἁγίου,
1122 3189 1245 3243 οὔτε
1270 3189 1434 3244 διπλᾶ
1456 3194 1562 3244 εἱσι
1587 3192 1655 3244 τὰ
1681 3191 2011 3262 ἀφορίζονται

421 3289 520 3343 τοῦ
557 3287 772 3358 Πατρὺς
799 3285 858 3338 10
892 3283 1121 3352 Πνεῦμα
1175 3282 1459 3352 ίδιώματα,
1495 3280 1617 3335 οὔτε
1659 3283 1716 3334 10
1773 3285 2014 3352 ἰσότιμον

417 3381 792 3450 δυσφημεῖται
841 3375 1071 3443 Πνεῦμα
1099 3372 1313 3442 Θατέρῳ
1367 3372 1572 3426 τούτων
1613 3373 2014 3444 ὑποϐεϐηκέναι

429 3473 526 3528 τοῦ
553 3470 684 3526 Υίοῦ
713 3471 814 3538 τῆς
838 3465 1114 3539 ὁμοφυοῦς
1143 3465 1280 3536 πρὸς
1301 3465 1393 3517 10v
1425 3465 1646 3536 Πατέρα
1672 3466 2013 3534 συγγενείας,

422 3563 522 3618 καὶ
584 3541 685 3615 διὰ.
733 3559 906 3613 ταῦτα
950 3557 1064 3611 οὐδ’
1124 3557 1159 3626 ἡ
1207 3555 1301 3608 τοῦ
1367 3556 1700 3609 Μακεδονίου
1746 3557 1886 3612 κατὰ
1919 3557 2014 3611 τοῦ

424 3652 745 3722 Πνεύματος
796 3647 1051 3703 ἀναδύσει
1096 3645 1292 3702 λύσσα.
1335 3646 1444 3698 Καὶ
1494 3646 1696 3714 πάλιν,
1751 3648 1845 3700 καὶ
1893 3647 2015 3702 οὐδὲ

424 3745 520 3800 τοῦ
557 3741 871 3812 Πνεύματός
906 3743 1022 3792 ἐστι
1046 3738 1106 3791 τὸ
1155 3738 1235 3800 εἰς
1271 3737 1446 3808 ἀρχὰς
1495 3738 1864 3806 ἀναφέρεσθαι
1894 3739 2014 3792 δια-

427 3839 651 3908 φόρους,
688 3833 886 3888 ὁπόθεν
930 3829 1219 3885 ὰκολουθεί
1263 3829 1324 3880 10
1355 3831 1433 3893 εἰς
1492 3828 1795 3899 πολύαρχον
1838 3831 2013 3901 ἀρχὴν

427 3929 560 3985 αὐτὸ
591 3923 983 3996 ἀναφέρεσθαιι

501 4021 702 4076 Ἐτιδὲ
755 4020 801 4071 εί
851 4017 942 4070 διὰ
989 4016 1051 4068 10
1085 4017 1364 4068 κοινωνεῖν
1392 4012 1483 4068 10v
1529 4015 1657 4068 Υίὺν
1709 4015 1786 4086 τῷ
1838 4016 2015 4087 Πατρὶ

423 4115 568 4170 κατά
598 4114 659 4168 10
691 4111 782 4166 διὰ
805 4110 897 4164 τοῦ
929 4107 1061 4161 Υἱοῦ
1097 4107 1161 4162 ὲκ
1189 4108 1284 4161 τοῦ
1313 4109 1526 4178 110190;
1558 4109 1691 4160 αὐτὸ
1715 4109 2015 4180 ἐκπορεύε-

425 4209 552 4261 σθαι
588 4207 686 4276 τῆς
730 4202 850 4256 κατ’
882 4199 1072 4254 οὐσίαν
1111 4201 1390 4270 πατρικῆς
1440 4202 1760 4270 συγγενείας
1797 4202 1858 4254 τὸ
1881 4204 2013 4272 ὁμο-

420 4303 604 4355 ούσιον
629 4296 853 4368 Πνεῦμα
883 4291 1305 4365 ὑπερορίζεσθαι
1335 4293 1456 4356 οἴει,
1485 4293 1561 4356 ὼς
1596 4294 1670 4362 μὴ
1697 4293 1793 4364 τῆς
1822 4309 2013 4347 κοινω.

421 4395 546 4456 νίας
581 4392 786 4460 ταύτης
810 4390 922 4451 τοῖς
960 4386 1270 4457 όμοουσίοις
1293 4385 1461 4438 αὑτοῦ
1512 4387 1759 4455 μετέχον,
1792 4385 1912 4438 τότε
1947 4387 2014 4439 ἂν

420 4479 542 4552 εἶχε
574 4481 633 4535 τὸ
671 4479 912 4550 ἰσχυρὸν,
942 4477 1034 4530 ὅτε
1083 4473 1252 4546 μηδέν
1286 4491 1338 4528 τι
1376 4475 1627 4546 μηδόλως
1661 4472 1729 4548 ἦν
1761 4477 2015 4547 εὑρίσκε-

2104 631 2195 684 per
2218 614 2419 669 Filium
2453 615 2823 683 productorem
2859 613 3257 682 manifestantis
3292 611 3526 682 Spiritus
3550 631 3688 684 pra:—

2106 709 2352 775 dicanti;
2418 719 2472 764 et
2522 711 2650 778 quia
2713 708 2952 779 Spiritus
3004 707 3254 776 procedit
3311 723 3406 777 per
3464 704 3690 773 Filium,

2104 803 2270 858 etiam
2313 821 2379 858 ex
2426 802 2569 858 Filio
2602 805 2898 874 procedere
2931 802 3168 866 dicitur;
3228 811 3281 856 ct
3317 803 3446 871 quia
3483 803 3691 870 absque

2105 893 2378 950 divisione
2429 895 2480 949 id
2518 896 2598 962 tit,
2632 895 2861 949 minime
2889 894 2940 948 in
2978 894 3282 965 perfectum
3312 905 3365 946 et
3399 894 3694 962 imperfec-

2109 999 2223 1043 tum
2247 988 2459 1045 divisus
2492 999 2596 1043 est.
2630 987 2743 1044 lloc
2775 1003 2996 1058 quoque
3024 1003 3090 1042 ex
3125 987 3376 1056 exemplo
3404 987 3564 1048 solis,
3597 1001 3691 1041 ra-

2106 1079 2179 1134 dii
2208 1088 2372 1150 atque
2397 1079 2624 1136 luminis
2655 1095 2880 1136 cernere
2917 1078 3084 1134 licet:
3116 1078 3300 1133 lumen
3339 1079 3482 1131 enim
3515 1079 3694 1132 solare

2104 1184 2204 1240 per
2245 1170 2461 1225 radium
2494 1172 2720 1228 omnino
2761 1186 2828 1226 ex
2877 1171 3033 1226 disco
3076 1169 3443 1240 progreditur,
3476 1186 3584 1223 non
3627 1186 3695 1225 ex

2107 1261 2259 1317 disco
2293 1263 2446 1331 solo;
2481 1279 2658 1333 neque
2691 1272 2880 1317 tamen
2931 1262 3324 1333 perfectionem
3353 1264 3697 1316 causalitatis

2107 1371 2176 1410 ex
2217 1356 2373 1411 disco
2427 1358 2480 1411 in
2517 1357 2722 1411 lumine
2772 1357 3005 1410 destruit
3051 1357 3295 1423 ejusdem
3341 1371 3436 1424 per
3484 1355 3695 1406 radium

2109 1449 2448 1520 progressio,
2513 1465 2636 1504 cum
2687 1450 2813 1504 talis
2865 1451 2936 1504 sit
2999 1449 3134 1502 solis
3183 1458 3381 1500 natura
3434 1457 3492 1499 ut
3546 1448 3698 1500 nullo

2109 1553 2356 1613 tempore
2398 1553 2564 1611 atque
2603 1542 2784 1611 SpaliO
2833 1543 3109 1596 mediante
3162 1541 3328 1595 simul
3374 1540 3589 1594 causali
3629 1541 3701 1594 sit

2109 1647 2298 1698 causa,
2335 1647 2569 1701 quorum
2615 1632 2851 1686 alterum
2887 1643 2984 1701 per
3010 1633 3242 1686 alterum
3273 1647 3337 1686 ex
3367 1633 3544 1701 prima
3576 1647 3702 1703 pro-

2107 1722 2353 1794 greditur
2385 1738 2576 1779 causa.

2185 1815 2430 1870 Rursum
2456 1815 2502 1871 si
2528 1824 2842 1888 propterea,
2877 1813 3005 1886 quia
3031 1813 3270 1883 Spiritus
3309 1814 3616 1886 preprietas
3643 1816 3700 1869 in

2116 1922 2182 1962 eo
2224 1907 2564 1978 agnoscitur,
2622 1908 2769 1976 quod
2820 1907 3045 1963 aPatre
3094 1907 3390 1975 procedat;
3443 1906 3701 1962 similiter

2117 2011 2246 2052 vero
2284 1997 2592 2068 proprietas
2628 1995 2750 2050 Filii
2791 1997 2847 2051 in
2899 2010 2988 2061 eo,
3046 1996 3192 2065 quod
3240 1999 3353 2066 ipse
3383 2006 3696 2066 generetur,

2116 2101 2213 2144 eos
2241 2089 2335 2156 qui
2367 2089 2533 2143 etiam
2572 2103 2641 2144 ex
2696 2086 2836 2158 Filio
2881 2086 3146 2157 Spiritum
3185 2087 3481 2157 procedere
3512 2088 3703 2142 dicunt

2116 2181 2364 2253 pluribus
2400 2180 2834 2252 proprietatibus
2871 2178 3138 2250 distingui
3176 2179 3430 2234 eumdem
3463 2195 3492 2234 a
3540 2179 3703 2234 Patre

2115 2273 2402 2330 existimas
2425 2288 2590 2345 quam
2615 2272 2816 2329 Filium
2860 2271 3008 2342 (cap.
3030 2270 3122 2342 '52)
3151 2289 3163 2325 :
3192 2271 3498 2342 periculose
3523 2281 3574 2326 ct
3593 2287 3700 2325 neu

2115 2373 2266 2421 recte
2323 2365 2379 2421 id
2425 2365 2730 2420 existimas.
2783 2363 2840 2420 Si
2897 2364 3046 2419 enim
3094 2363 3328 2419 seorsim
3367 2364 3590 2433 quidem
3635 2379 3702 2418 ex

2115 2457 2301 2524 Patre,
2333 2458 2564 2513 seorsim
2599 2471 2730 2511 vero
2776 2472 2842 2510 ex
2874 2454 3037 2522 Filio,
3063 2453 3304 2524 Spiritus
3345 2454 3487 2510 foret
3514 2471 3707 2524 prcce-
3746 2526 3747 2529 η

2118 2551 2285 2605 dens:
2312 2550 2390 2604 sic
2412 2565 2600 2606 revera
2619 2549 2933 2604 ﬁrmitatem
2966 2546 3190 2603 haberet
3211 2547 3570 2602 coutictarum
3597 2567 3623 2601 a
3655 2563 3705 2602 te

2116 2641 2515 2712 proprietatum
2567 2651 2965 2710 augmentum,
3010 2641 3248 2710 huicque
3294 2650 3591 2710 augmento
3637 2659 3705 2694 ac

2118 2737 2440 2804 pleonasmo
2493 2732 2908 2803 consequentiae
2971 2737 3114 2786 nexu
3173 2741 3598 2786 connecteretur
3650 2747 3707 2787 ιιι

2119 2827 2373 2898 pluribus
2425 2821 2749 2881 diﬂerentiis
2812 2823 3078 2894 distingui
3137 2839 3167 2878 a
3218 2823 3383 2879 Patre
3440 2826 3704 2896 Spiritum

2119 2933 2282 2987 quam
2320 2917 2540 2982 Filinm,
2591 2915 2842 2972 similiter
2886 2925 3081 2971 czetera
3117 2933 3340 2985 quoque
3393 2933 3515 2986 quae
3542 2920 3706 2974 veluti

2120 3027 2184 3064 ex
2249 3011 2451 3080 duplici
2525 3009 2880 3078 processione
2935 3009 3332 3077 consequentia
3391 3025 3706 3068 euumeras.

2120 3099 2278 3158 Nunc
2309 3118 2435 3157 vero
2465 3103 2592 3172 quia
2636 3117 2746 3156 una
2783 3100 3108 3170 et-simplex
3145 3111 3227 3156 est
3258 3100 3497 3172 Spiritus
3527 3106 3707 3161 sancti

2121 3211 2186 3250 ex
2211 3193 2372 3248 Patre
2393 3209 2488 3264 per
2514 3193 2713 3248 Filium
2744 3191 3046 3262 processio,
3095 3207 3274 3261 neque
3297 3192 3536 3262 duplicia
3571 3207 3705 3250 sunt

2122 3290 2382 3344 idiemata
2415 3302 2444 3342 a
2482 3287 2642 3341 Patre
2672 3285 2939 3356 Spiritum
2971 3285 3337 3353 secernentia,
3368 3302 3544 3356 neque
3578 3287 3706 3357 Spi-

2120 3383 2263 3437 ritus
2297 3380 2494 3436 horum
2537 3380 2709 3435 altero
2766 3378 2998 3434 inferior
3042 3392 3166 3432 esse
3199 3377 3335 3432 Filio
3379 3378 3431 3432 in
3477 3382 3708 3450 azqnali-

2119 3482 2229 3530 tate
2255 3470 2746 3529 consubstantialis
2778 3486 2902 3526 cum
2933 3469 3095 3526 Patre
3123 3469 3435 3536 afﬁnitatis,
3464 3487 3575 3526 non
3610 3472 3709 3527 oh-

2119 3575 2300 3623 stante
2339 3567 2564 3623 honoris
2595 3566 2854 3637 puritate,
2897 3564 3353 3635 blasphematur;
3404 3574 3568 3635 atque
3623 3567 3708 3620 id.

2119 3659 2267 3714 circo
2317 3674 2494 3729 neque
2546 3657 2850 3713 Macedonii
2911 3667 3103 3712 contra
3135 3655 3404 3727 Spiritum
3463 3671 3708 3730 emerget

2120 3751 2370 3806 insania:
2403 3751 2534 3807 item
2570 3767 2747 3822 neque
2786 3748 3028 3820 Spiritus
3059 3761 3143 3805 est
3176 3749 3232 3802 in
3265 3750 3479 3804 diversa
3515 3752 3705 3806 referri

2117 3842 2413 3913 principia,
2474 3843 2612 3897 adeo
2664 3852 2724 3897 ut
2775 3851 3062 3914 sequatur,
3111 3841 3267 3896 illum
3317 3841 3374 3896 in
3423 3845 3705 3915 multiplex

2118 3933 2446 4003 principium
2485 3926 2678 3987 referri
2708 3931 2811 4005 (a).

2186 4024 2384 4080 Adhuc
2415 4025 2460 4080 si
2496 4037 2715 4095 propter
2743 4023 2871 4078 Filii
2901 4039 3025 4080 cum
3055 4023 3218 4081 Patre
3258 4029 3703 4085 communionem

2118 4115 2418 4172 secundum
2449 4115 2594 4185 quod
2627 4130 2723 4186 per
2758 4113 2961 4169 Filium
2992 4129 3060 4171 ex
3096 4115 3260 4172 Patre
3303 4120 3551 4187 procedit
3581 4121 3706 4190 Spi-

2118 4210 2278 4276 ritus,
2318 4223 2347 4263 a
2385 4218 2612 4280 paterna
2647 4208 2952 4264 secundum
2983 4210 3347 4266 substantiam
3379 4213 3704 4282 cognatione

2117 4297 2650 4353 censubstantialem
2683 4295 2950 4368 Spiritum
2994 4299 3284 4356 arbitraris
3323 4301 3539 4357 excludi
3584 4312 3705 4356 tan-

2116 4404 2280 4460 quam
2325 4389 2491 4459 hujus
2523 4390 2933 4446 communionis
2970 4405 3095 4445 cum
3143 4392 3704 4449 consubstantialibus

2118 4483 2222 4538 sibi
2273 4483 2418 4537 haud
2461 4483 2783 4553 participem
2817 4483 2960 4554 (cap.
3008 4485 3100 4554 54)
3137 4501 3153 4538 :
3187 4484 3282 4540 sed
3310 4494 3443 4558 tunc
3480 4489 3700 4554 quidem

423 4574 554 4631 σθαι
599 4572 828 4644 φυσικὸν
881 4568 1087 4639 ἀγαθὸν
1139 4569 1322 4638 μόνοις
1369 4571 1483 4632 τοῖς
1533 4569 1650 4623 δυσὶ
1701 4568 2009 4640 προσώποις

2120 4575 2338 4630 lirmum
2373 4575 2728 4644 consisteret,
2764 4577 2986 4645 quando
3017 4576 3228 4632 nullum
3256 4579 3484 4634 omnino
3518 4591 3705 4650 posset

419 4665 732 4736 ἐνυπάρχον
764 4663 993 4727 κοινῶς’
1025 4665 1123 4720 νῦν
1153 4666 1199 4720 δ’
1229 4663 1352 4720 ἐπεὶ
1389 4665 1416 4716 ό
1453 4661 1581 4725 Υἱὸς
1613 4663 1848 4731 φυσικὸν
1876 4662 2015 4730 ἀγα-

420 4755 516 4809 θὸν
552 4755 667 4825 ἔχει
703 4755 883 4808 κοινὸν
905 4752 981 4824 τῷ
1010 4756 1205 4826 Πατρὶ,
1233 4755 1318 4807 ὅτι
1341 4753 1401 4806 10
1430 4753 1524 4807 106
1548 4753 1762 4825 Πατρός
1790 4753 2015 4824 Πνεῦμὰ

421 4849 541 4901 ἐστι
569 4847 662 4901 καὶ
695 4846 922 4916 Πνεῦμα
953 4845 1117 4899 αὑτοῦ
1150 4846 1243 4899 καὶ
1278 4847 1361 4898 ὅτι
1393 4845 1670 4916 ἐκπέμπει
1707 4845 1802 4898 καὶ
1849 4843 2014 4909 αὐτὸς

419 4943 484 4994 10
522 4939 770 5011 Πνεῦμα,
798 4939 989 5009 ὥσπερ
1016 4937 1112 4991 καὶ
1138 4939 1166 4991 ὁ
1203 4936 1415 5008 Πατὴρ,
1449 4937 1509 4990 τὸ
1541 4936 1742 5008 σαθρὸν
1779 4935 1873 4990 τοῦ
1909 4939 2011 5009 ῥη-

420 5033 609 5098 θέντος
659 5030 1023 5102 συλλογισμοῦ
1068 5029 1376 5101 πρόδηλονο
1424 5027 1613 5100 ὥσπερ
1660 5031 1768 5098 γὰρ
1801 5030 1829 5082 ὁ
1861 5029 2009 5094 Υιδς,

420 5130 471 5182 εί
524 5127 620 5182 καὶ
665 5127 846 5181 πάντα
884 5126 956 5178 τὰ
991 5123 1200 5194 φυσικὰ
1247 5120 1434 5192 ἀγαθά
1473 5121 1566 5174 τοῦ
1617 5120 1832 5192 110190;
1870 5121 2008 5191 ἔχει,

417 5220 525 5272 οὐκ
568 5217 684 5288 ἔχει
717 5216 775 5270 δὲ
803 5217 898 5269 xai.
931 5216 992 5269 10
1014 5216 1234 5287 γεννᾷν,
1267 5214 1496 5283 φυσικὸν
1541 5213 1745 5281 ἀγαθὸν
1775 5211 1870 5265 τοῦ
1902 5214 2012 5266 Παι

419 5307 550 5381 τρδς
579 5307 661 5373 0v,
694 5308 756 5360 ού
787 5306 874 5360 διά
913 5304 1070 5358 τοῦτο
1115 5305 1216 5371 τῆς
1247 5305 1342 5357 τοῦ
1374 5302 1587 5373 Πατρδς
1620 5301 1836 5371 φύσεως
1871 5305 2010 5357 ἁπο-

415 5400 552 5466 δὲει,
592 5399 736 5452 οὕτω
763 5399 859 5453 καὶ
897 5397 956 5450 10
989 5396 1237 5467 Πνεῦμα,
1270 5397 1319 5448 εί
1355 5395 1448 5449 κοιλ⁵
1495 5393 1629 5447 αὐτὸ
1660 5393 1876 5446 πάντων
1902 5394 2010 5446 τῶν

418 5492 516 5547 τοῦ
547 5492 763 5562 Πατρδς
809 5491 1026 5563 μετέχει
1064 5487 1309 5559 φυσικῶν
1360 5487 1603 5556 ἀγαθῶν,
1655 5487 1756 5540 οὐκ
1797 5485 1910 5557 ἔχει
1953 5489 2009 5541 δὲ

490 5652 569 5724 (Ι)
597 5651 856 5724 Eamdem
885 5649 1179 5724 imaginem
1243 5647 1446 5724 extollit
1483 5648 1689 5703 Beccus
1723 5647 1816 5701 Or.
1855 5646 1914 5717 ll,
1942 5649 2011 5704 de

419 5718 657 5794 deposit.
687 5739 742 5776 η.
775 5723 862 5787 t5,
994 5719 1130 5794 O.__ll
1164 5737 1215 5789 p.
1243 5718 1433 5794 53:59.

490 5788 570 5864 (α)
619 5793 743 5850 Haec
800 5793 866 5847 ad
923 5790 1098 5846 Photii
1131 5788 1251 5864 cap.
1282 5790 1352 5845 55
1412 5788 1717 5864 responsio,
1762 5789 1806 5842 si
1826 5790 2008 5846 adhuc

424 5862 561 5933 Opus
619 5872 762 5918 esset
790 5864 1139 5934 probatione,
1185 5863 1488 5916 luculenter
1525 5862 1806 5930 probaret,
1843 5876 1872 5914 α
1908 5876 2007 5916 no-

2120 4665 2349 4735 reperiri
2401 4668 2660 4721 naturale
2713 4667 2942 4732 bonum,
3003 4666 3148 4737 quod
3192 4667 3407 4724 duabus
3438 4671 3706 4726 duntaxat

2119 4758 2371 4829 personis
2414 4758 2546 4812 insit
2591 4759 3006 4824 communiter;
3064 4773 3213 4813 nunc
3259 4774 3412 4824 vero,
3441 4763 3704 4829 quoniam

2117 4848 2288 4904 Filius
2331 4847 2586 4902 naturale
2639 4847 2887 4918 possidet
2938 4848 3139 4903 bonum
3181 4865 3307 4904 cum
3358 4849 3518 4907 Patre
3549 4869 3706 4907 com-

2117 4955 2304 5007 mune,
2357 4940 2488 5009 quia
2539 4938 2783 5010 Spiritus
2833 4938 3014 4996 Patris
3058 4952 3141 4996 est
3191 4959 3411 5014 quoque
3458 4943 3707 5015 Spiritus

2118 5031 2288 5103 ipsius
2329 5042 2384 5086 et
2435 5033 2566 5100 quia
2619 5033 2821 5087 emittit
2863 5042 2918 5087 et
2961 5033 3079 5102 ipse
3126 5034 3702 5107 Spiritum,quemad-

2118 5124 2340 5178 modum
2384 5133 2437 5179 et
2465 5123 2649 5190 Pater,
2701 5126 2929 5181 evidens
2979 5135 3064 5181 est
3105 5128 3348 5196 praedicti
3397 5128 3703 5199 syllogismi

2115 5215 2429 5271 inﬁrmitas.
2476 5215 2634 5271 Sicut
2676 5217 2822 5272 enim
2878 5215 3078 5282 Filius,
3125 5221 3229 5274 etsi
3292 5220 3476 5273 omnia
3538 5221 3704 5275 habet

2116 5308 2390 5364 naturalia
2441 5307 2622 5365 Patris
2669 5309 2836 5374 bona,
2891 5325 3004 5364 non
3051 5320 3234 5365 tamen
3278 5311 3441 5365 habet
3485 5326 3704 5383 quoque

2114 5401 2409 5469 generandi
2443 5403 2573 5467 vim,
2599 5417 2721 5472 qua:
2746 5403 2995 5456 naturale
3023 5400 3200 5456 Patris
3225 5403 3424 5457 bonum
3460 5406 3699 5469 exsistit,

2114 5510 2222 5548 non
2253 5495 2376 5550 ideo
2411 5506 2621 5550 natura:
2657 5494 2836 5550 Patris
2878 5511 3080 5566 expers
3110 5506 3193 5550 est
3223 5514 3237 5550 :
3268 5496 3340 5550 ita
3373 5507 3426 5551 et
3464 5498 3701 5567 Spiritus

2112 5653 2197 5708 bis
2254 5667 2397 5709 reete
2457 5652 2775 5723 Πνεύματος
2828 5651 3062 5720 positum
3115 5649 3306 5716 fuisse,
3348 5653 3437 5708 ubi
3486 5656 3703 5711 codices

2112 5728 2284 5794 nostri
2324 5726 2636 5779 habuerunt
2667 5724 2900 5794 Πατρός.
2938 5724 3161 5794 Beatam
3216 5723 3502 5780 lectionem
3533 5734 3695 5782 e.ia.u

2113 5794 2167 5848 in
2194 5793 2369 5851 Photii
2396 5805 2542 5850 textu
2574 5805 2717 5849 tenet
2744 5792 2912 5848 cedex
2941 5792 3364 5851 Laurentianus.
