  <div class='ocr_page' id='page_1' title='image "/cluster/home/n/w/nwhite01/storage/ocr_20150623/141/coo.31924054870468/395.png"; bbox 0 0 4042 6396; ppageno 0'>
   <div class='ocr_carea' id='block_1_1' title="bbox 407 371 511 433">
    <p class='ocr_par' dir='ltr' id='par_1_1' title="bbox 407 371 511 433">
     <span class='ocr_line' id='line_1_1' title="bbox 407 371 511 433; baseline -0.029 0"><span class='ocrx_word' id='word_1_1' title='bbox 407 371 511 433; x_wconf 73' lang='lat'><strong>783</strong></span> 
     </span>
    </p>
   </div>
   <div class='ocr_carea' id='block_1_2' title="bbox 1439 368 2619 430">
    <p class='ocr_par' dir='ltr' id='par_1_2' title="bbox 1439 368 2619 430">
     <span class='ocr_line' id='line_1_2' title="bbox 1439 368 2619 430; baseline -0.001 0"><span class='ocrx_word' id='word_1_2' title='bbox 1439 368 1646 430; x_wconf 67' lang='lat' dir='ltr'><strong>JOAN.</strong></span> <span class='ocrx_word' id='word_1_3' title='bbox 1693 368 1904 428; x_wconf 72' lang='lat' dir='ltr'><strong>VECCI</strong></span> <span class='ocrx_word' id='word_1_4' title='bbox 1957 369 2069 428; x_wconf 74' lang='grc' dir='ltr'><strong>(ΣΡ.</strong></span> <span class='ocrx_word' id='word_1_5' title='bbox 2111 368 2619 430; x_wconf 66' lang='grc' dir='ltr'><strong>ΡΑΤΠΙΛΒΟΠΕ</strong></span> 
     </span>
    </p>
   </div>
   <div class='ocr_carea' id='block_1_3' title="bbox 3562 381 3667 441">
    <p class='ocr_par' dir='ltr' id='par_1_3' title="bbox 3562 381 3667 441">
     <span class='ocr_line' id='line_1_3' title="bbox 3562 381 3667 441; baseline 0.01 -1"><span class='ocrx_word' id='word_1_6' title='bbox 3562 381 3667 441; x_wconf 63' lang='lat' dir='ltr'><strong>78’s</strong></span> 
     </span>
    </p>
   </div>
   <div class='ocr_carea' id='block_1_4' title="bbox 402 481 1972 558">
    <p class='ocr_par' dir='ltr' id='par_1_4' title="bbox 402 481 1964 552">
     <span class='ocr_line' id='line_1_4' title="bbox 402 481 1964 552; baseline -0.001 -16"><span class='ocrx_word' id='word_1_7' title='bbox 402 488 504 540; x_wconf 66' lang='lat' dir='ltr'><strong>nisi</strong></span> <span class='ocrx_word' id='word_1_8' title='bbox 544 486 788 540; x_wconf 90' lang='lat' dir='ltr'><strong>omnium</strong></span> <span class='ocrx_word' id='word_1_9' title='bbox 820 481 1151 538; x_wconf 74' lang='lat' dir='ltr'><strong>naturalium</strong></span> <span class='ocrx_word' id='word_1_10' title='bbox 1182 481 1356 534; x_wconf 86' lang='lat' dir='ltr'><strong>Patris</strong></span> <span class='ocrx_word' id='word_1_11' title='bbox 1387 481 1654 535; x_wconf 89' lang='lat' dir='ltr'><strong>bonorum</strong></span> <span class='ocrx_word' id='word_1_12' title='bbox 1711 491 1794 536; x_wconf 87' lang='lat' dir='ltr'><strong>est</strong></span> <span class='ocrx_word' id='word_1_13' title='bbox 1827 483 1964 552; x_wconf 91' lang='lat' dir='ltr'><strong>parti</strong></span> 
     </span>
    </p>
   </div>
   <div class='ocr_carea' id='block_1_5' title="bbox 2075 481 3674 558">
    <p class='ocr_par' dir='ltr' id='par_1_5' title="bbox 2101 481 3674 558">
     <span class='ocr_line' id='line_1_5' title="bbox 2101 481 3674 558; baseline 0.009 -26"><span class='ocrx_word' id='word_1_14' title='bbox 2101 481 2281 534; x_wconf 75' lang='grc' dir='ltr'>καὶτὸ</span> <span class='ocrx_word' id='word_1_15' title='bbox 2331 482 2636 551; x_wconf 77' lang='grc' dir='ltr'><strong>ἐκπέμπειν</strong></span> <span class='ocrx_word' id='word_1_16' title='bbox 2687 483 2928 553; x_wconf 73' lang='grc' dir='ltr'>Πνεῦμα,</span> <span class='ocrx_word' id='word_1_17' title='bbox 2969 489 3194 554; x_wconf 76' lang='grc' dir='ltr'>φυσικὸν</span> <span class='ocrx_word' id='word_1_18' title='bbox 3247 491 3448 558; x_wconf 63' lang='grc' dir='ltr'>ἀγαθὸν</span> <span class='ocrx_word' id='word_1_19' title='bbox 3490 491 3546 546; x_wconf 71' lang='grc' dir='ltr'><strong>ὃν</strong></span> <span class='ocrx_word' id='word_1_20' title='bbox 3577 498 3674 547; x_wconf 66' lang='grc' dir='ltr'>το.)</span> 
     </span>
    </p>
   </div>
   <div class='ocr_carea' id='block_1_6' title="bbox 402 572 1981 649">
    <p class='ocr_par' dir='ltr' id='par_1_6' title="bbox 402 572 1981 649">
     <span class='ocr_line' id='line_1_6' title="bbox 402 572 1981 649; baseline -0.004 -17"><span class='ocrx_word' id='word_1_21' title='bbox 402 594 554 649; x_wconf 87' lang='lat' dir='ltr'><strong>eeps,</strong></span> <span class='ocrx_word' id='word_1_22' title='bbox 605 593 714 630; x_wconf 89' lang='lat' dir='ltr'><strong>non</strong></span> <span class='ocrx_word' id='word_1_23' title='bbox 773 577 936 629; x_wconf 96' lang='lat' dir='ltr'><strong>habet</strong></span> <span class='ocrx_word' id='word_1_24' title='bbox 995 590 1124 628; x_wconf 84' lang='lat' dir='ltr'><strong>vero</strong></span> <span class='ocrx_word' id='word_1_25' title='bbox 1180 573 1464 626; x_wconf 86' lang='lat' dir='ltr'><strong>emittendi</strong></span> <span class='ocrx_word' id='word_1_26' title='bbox 1508 572 1748 642; x_wconf 73' lang='lat' dir='ltr'><strong>Spiritus</strong></span> <span class='ocrx_word' id='word_1_27' title='bbox 1793 582 1981 642; x_wconf 88' lang='lat' dir='ltr'><strong>poten-</strong></span> 
     </span>
    </p>
   </div>
   <div class='ocr_carea' id='block_1_7' title="bbox 404 663 1981 738">
    <p class='ocr_par' dir='ltr' id='par_1_7' title="bbox 404 663 1981 738">
     <span class='ocr_line' id='line_1_7' title="bbox 404 663 1981 738; baseline -0.003 -15"><span class='ocrx_word' id='word_1_28' title='bbox 404 671 562 732; x_wconf 85' lang='lat' dir='ltr'><strong>tiam,</strong></span> <span class='ocrx_word' id='word_1_29' title='bbox 597 684 718 738; x_wconf 78' lang='lat' dir='ltr'><strong>qua:</strong></span> <span class='ocrx_word' id='word_1_30' title='bbox 749 665 997 720; x_wconf 84' lang='lat' dir='ltr'><strong>naturale</strong></span> <span class='ocrx_word' id='word_1_31' title='bbox 1027 663 1206 717; x_wconf 83' lang='lat' dir='ltr'><strong>Patris</strong></span> <span class='ocrx_word' id='word_1_32' title='bbox 1249 663 1454 717; x_wconf 83' lang='lat' dir='ltr'><strong>bonum</strong></span> <span class='ocrx_word' id='word_1_33' title='bbox 1491 673 1595 730; x_wconf 86' lang='lat' dir='ltr'><strong>est,</strong></span> <span class='ocrx_word' id='word_1_34' title='bbox 1647 664 1769 718; x_wconf 90' lang='lat' dir='ltr'><strong>ideo</strong></span> <span class='ocrx_word' id='word_1_35' title='bbox 1797 668 1981 720; x_wconf 75' lang='lat' dir='ltr'><strong>neuti~</strong></span> 
     </span>
    </p>
   </div>
   <div class='ocr_carea' id='block_1_8' title="bbox 347 755 1393 841">
    <p class='ocr_par' dir='ltr' id='par_1_8' title="bbox 347 755 1393 841">
     <span class='ocr_line' id='line_1_8' title="bbox 347 755 1393 841; baseline -0.007 -26"><span class='ocrx_word' id='word_1_36' title='bbox 347 819 358 841; x_wconf 44' lang='grc' dir='ltr'>ι</span> <span class='ocrx_word' id='word_1_37' title='bbox 404 776 568 832; x_wconf 88' lang='lat' dir='ltr'><strong>quam</strong></span> <span class='ocrx_word' id='word_1_38' title='bbox 610 767 816 812; x_wconf 61' lang='lat' dir='ltr'><strong>natura;</strong></span> <span class='ocrx_word' id='word_1_39' title='bbox 851 755 1030 810; x_wconf 84' lang='lat' dir='ltr'><strong>Patris</strong></span> <span class='ocrx_word' id='word_1_40' title='bbox 1061 763 1145 808; x_wconf 92' lang='lat' dir='ltr'><strong>est</strong></span> <span class='ocrx_word' id='word_1_41' title='bbox 1173 769 1393 823; x_wconf 78' lang='lat' dir='ltr'><strong>expers.</strong></span> 
     </span>
    </p>
   </div>
   <div class='ocr_carea' id='block_1_9' title="bbox 474 846 1980 918">
    <p class='ocr_par' dir='ltr' id='par_1_9' title="bbox 474 846 1980 918">
     <span class='ocr_line' id='line_1_9' title="bbox 474 846 1980 918; baseline -0.003 -14"><span class='ocrx_word' id='word_1_42' title='bbox 474 851 628 916; x_wconf 84' lang='lat' dir='ltr'><strong>Quod</strong></span> <span class='ocrx_word' id='word_1_43' title='bbox 664 863 790 902; x_wconf 85' lang='lat' dir='ltr'><strong>vero</strong></span> <span class='ocrx_word' id='word_1_44' title='bbox 826 847 1067 908; x_wconf 76' lang='lat' dir='ltr'><strong>dubitas,</strong></span> <span class='ocrx_word' id='word_1_45' title='bbox 1121 861 1190 900; x_wconf 92' lang='lat' dir='ltr'><strong>an</strong></span> <span class='ocrx_word' id='word_1_46' title='bbox 1231 846 1421 900; x_wconf 85' lang='lat' dir='ltr'><strong>eadem</strong></span> <span class='ocrx_word' id='word_1_47' title='bbox 1469 847 1824 916; x_wconf 85' lang='lat' dir='ltr'><strong>proccssione</strong></span> <span class='ocrx_word' id='word_1_48' title='bbox 1853 864 1980 918; x_wconf 84' lang='lat' dir='ltr'><strong>pro-</strong></span> 
     </span>
    </p>
   </div>
   <div class='ocr_carea' id='block_1_10' title="bbox 403 938 1970 1010">
    <p class='ocr_par' dir='ltr' id='par_1_10' title="bbox 403 938 1970 1010">
     <span class='ocr_line' id='line_1_10' title="bbox 403 938 1970 1010; baseline -0.004 -12"><span class='ocrx_word' id='word_1_49' title='bbox 403 945 559 998; x_wconf 81' lang='lat' dir='ltr'><strong>cedat</strong></span> <span class='ocrx_word' id='word_1_50' title='bbox 592 941 826 1010; x_wconf 86' lang='lat' dir='ltr'><strong>Spiritus</strong></span> <span class='ocrx_word' id='word_1_51' title='bbox 857 955 922 994; x_wconf 83' lang='lat' dir='ltr'><strong>ex</strong></span> <span class='ocrx_word' id='word_1_52' title='bbox 959 938 1097 992; x_wconf 88' lang='lat' dir='ltr'><strong>Filio</strong></span> <span class='ocrx_word' id='word_1_53' title='bbox 1119 953 1185 992; x_wconf 87' lang='lat' dir='ltr'><strong>an</strong></span> <span class='ocrx_word' id='word_1_54' title='bbox 1212 945 1451 1007; x_wconf 70' lang='lat' dir='ltr'><strong>paterna:</strong></span> <span class='ocrx_word' id='word_1_55' title='bbox 1481 939 1780 1004; x_wconf 84' lang='lat' dir='ltr'><strong>contraria,</strong></span> <span class='ocrx_word' id='word_1_56' title='bbox 1809 949 1970 1009; x_wconf 87' lang='lat' dir='ltr'><strong>atque</strong></span> 
     </span>
    </p>
   </div>
   <div class='ocr_carea' id='block_1_11' title="bbox 400 1029 1978 1103">
    <p class='ocr_par' dir='ltr' id='par_1_11' title="bbox 400 1029 1978 1103">
     <span class='ocr_line' id='line_1_11' title="bbox 400 1029 1978 1103; baseline -0.002 -16"><span class='ocrx_word' id='word_1_57' title='bbox 400 1031 768 1103; x_wconf 80' lang='lat' dir='ltr'><strong>processionis</strong></span> <span class='ocrx_word' id='word_1_58' title='bbox 801 1029 1144 1084; x_wconf 86' lang='lat' dir='ltr'><strong>identitatem</strong></span> <span class='ocrx_word' id='word_1_59' title='bbox 1179 1029 1499 1084; x_wconf 85' lang='lat' dir='ltr'><strong>idiomatum</strong></span> <span class='ocrx_word' id='word_1_60' title='bbox 1534 1030 1978 1084; x_wconf 89' lang='lat' dir='ltr'><strong>communionem</strong></span> 
     </span>
    </p>
   </div>
   <div class='ocr_carea' id='block_1_12' title="bbox 400 1119 1982 1192">
    <p class='ocr_par' dir='ltr' id='par_1_12' title="bbox 400 1119 1982 1192">
     <span class='ocr_line' id='line_1_12' title="bbox 400 1119 1982 1192; baseline -0.003 -12"><span class='ocrx_word' id='word_1_61' title='bbox 400 1140 522 1180; x_wconf 88' lang='lat' dir='ltr'><strong>esse</strong></span> <span class='ocrx_word' id='word_1_62' title='bbox 551 1124 836 1179; x_wconf 72' lang='lat' dir='ltr'><strong>existimas</strong></span> <span class='ocrx_word' id='word_1_63' title='bbox 891 1121 1035 1192; x_wconf 88' lang='lat' dir='ltr'><strong>(eap.</strong></span> <span class='ocrx_word' id='word_1_64' title='bbox 1069 1121 1188 1190; x_wconf 82' lang='lat'><strong>&#39;55),</strong></span> <span class='ocrx_word' id='word_1_65' title='bbox 1247 1120 1300 1174; x_wconf 87' lang='lat' dir='ltr'><strong>id</strong></span> <span class='ocrx_word' id='word_1_66' title='bbox 1331 1136 1397 1175; x_wconf 79' lang='lat' dir='ltr'><strong>ex</strong></span> <span class='ocrx_word' id='word_1_67' title='bbox 1428 1135 1494 1176; x_wconf 93' lang='lat' dir='ltr'><strong>eo</strong></span> <span class='ocrx_word' id='word_1_68' title='bbox 1527 1119 1854 1176; x_wconf 86' lang='lat' dir='ltr'><strong>solutionem</strong></span> <span class='ocrx_word' id='word_1_69' title='bbox 1887 1124 1982 1176; x_wconf 89' lang='lat' dir='ltr'><strong>ha-</strong></span> 
     </span>
    </p>
   </div>
   <div class='ocr_carea' id='block_1_13' title="bbox 399 1210 1979 1286">
    <p class='ocr_par' dir='ltr' id='par_1_13' title="bbox 399 1210 1979 1286">
     <span class='ocr_line' id='line_1_13' title="bbox 399 1210 1979 1286; baseline -0.004 -14"><span class='ocrx_word' id='word_1_70' title='bbox 399 1217 512 1279; x_wconf 92' lang='lat' dir='ltr'><strong>bet,</strong></span> <span class='ocrx_word' id='word_1_71' title='bbox 542 1214 688 1286; x_wconf 88' lang='lat' dir='ltr'><strong>quod</strong></span> <span class='ocrx_word' id='word_1_72' title='bbox 718 1213 944 1267; x_wconf 89' lang='lat' dir='ltr'><strong>minime</strong></span> <span class='ocrx_word' id='word_1_73' title='bbox 974 1211 1157 1266; x_wconf 88' lang='lat' dir='ltr'><strong>Patris</strong></span> <span class='ocrx_word' id='word_1_74' title='bbox 1183 1221 1264 1265; x_wconf 90' lang='lat' dir='ltr'><strong>est</strong></span> <span class='ocrx_word' id='word_1_75' title='bbox 1289 1211 1614 1281; x_wconf 87' lang='lat' dir='ltr'><strong>pr0prietas,</strong></span> <span class='ocrx_word' id='word_1_76' title='bbox 1647 1211 1828 1282; x_wconf 88' lang='lat' dir='ltr'><strong>ipsum</strong></span> <span class='ocrx_word' id='word_1_77' title='bbox 1854 1210 1979 1280; x_wconf 86' lang='lat' dir='ltr'><strong>Spi-</strong></span> 
     </span>
    </p>
   </div>
   <div class='ocr_carea' id='block_1_14' title="bbox 397 1303 1979 1375">
    <p class='ocr_par' dir='ltr' id='par_1_14' title="bbox 397 1303 1979 1375">
     <span class='ocr_line' id='line_1_14' title="bbox 397 1303 1979 1375; baseline -0.003 -14"><span class='ocrx_word' id='word_1_78' title='bbox 397 1308 563 1362; x_wconf 85' lang='lat' dir='ltr'><strong>ritum</strong></span> <span class='ocrx_word' id='word_1_79' title='bbox 593 1306 918 1375; x_wconf 83' lang='lat' dir='ltr'><strong>producere,</strong></span> <span class='ocrx_word' id='word_1_80' title='bbox 955 1303 1214 1372; x_wconf 88' lang='lat' dir='ltr'><strong>quoniam</strong></span> <span class='ocrx_word' id='word_1_81' title='bbox 1241 1303 1378 1357; x_wconf 91' lang='lat' dir='ltr'><strong>nihil</strong></span> <span class='ocrx_word' id='word_1_82' title='bbox 1411 1316 1602 1357; x_wconf 88' lang='lat' dir='ltr'><strong>eorum</strong></span> <span class='ocrx_word' id='word_1_83' title='bbox 1637 1318 1979 1372; x_wconf 67' lang='lat' dir='ltr'><strong>quascunque</strong></span> 
     </span>
    </p>
   </div>
   <div class='ocr_carea' id='block_1_15' title="bbox 397 1392 1979 1464">
    <p class='ocr_par' dir='ltr' id='par_1_15' title="bbox 397 1392 1979 1464">
     <span class='ocr_line' id='line_1_15' title="bbox 397 1392 1979 1464; baseline -0.004 -12"><span class='ocrx_word' id='word_1_84' title='bbox 397 1413 468 1453; x_wconf 83' lang='lat' dir='ltr'><strong>ex</strong></span> <span class='ocrx_word' id='word_1_85' title='bbox 520 1396 682 1450; x_wconf 83' lang='lat' dir='ltr'><strong>Patre</strong></span> <span class='ocrx_word' id='word_1_86' title='bbox 742 1410 841 1464; x_wconf 86' lang='lat' dir='ltr'><strong>per</strong></span> <span class='ocrx_word' id='word_1_87' title='bbox 886 1393 1084 1448; x_wconf 84' lang='lat' dir='ltr'><strong>Filium</strong></span> <span class='ocrx_word' id='word_1_88' title='bbox 1137 1393 1418 1458; x_wconf 86' lang='lat' dir='ltr'><strong>dicuntur,</strong></span> <span class='ocrx_word' id='word_1_89' title='bbox 1481 1392 1664 1448; x_wconf 90' lang='lat' dir='ltr'><strong>Patris</strong></span> <span class='ocrx_word' id='word_1_90' title='bbox 1718 1401 1804 1448; x_wconf 92' lang='lat' dir='ltr'><strong>est</strong></span> <span class='ocrx_word' id='word_1_91' title='bbox 1853 1409 1979 1463; x_wconf 89' lang='lat' dir='ltr'><strong>pro-</strong></span> 
     </span>
    </p>
   </div>
   <div class='ocr_carea' id='block_1_16' title="bbox 397 1484 1977 1558">
    <p class='ocr_par' dir='ltr' id='par_1_16' title="bbox 397 1484 1977 1558">
     <span class='ocr_line' id='line_1_16' title="bbox 397 1484 1977 1558; baseline 0 -18"><span class='ocrx_word' id='word_1_92' title='bbox 397 1487 613 1558; x_wconf 86' lang='lat' dir='ltr'><strong>prium;</strong></span> <span class='ocrx_word' id='word_1_93' title='bbox 649 1485 790 1538; x_wconf 85' lang='lat' dir='ltr'><strong>unde</strong></span> <span class='ocrx_word' id='word_1_94' title='bbox 841 1495 895 1537; x_wconf 89' lang='lat' dir='ltr'><strong>et</strong></span> <span class='ocrx_word' id='word_1_95' title='bbox 947 1499 1054 1538; x_wconf 91' lang='lat' dir='ltr'><strong>una</strong></span> <span class='ocrx_word' id='word_1_96' title='bbox 1107 1499 1232 1538; x_wconf 91' lang='lat' dir='ltr'><strong>eum</strong></span> <span class='ocrx_word' id='word_1_97' title='bbox 1283 1484 1654 1540; x_wconf 79' lang='lat' dir='ltr'><strong>Marcionibus</strong></span> <span class='ocrx_word' id='word_1_98' title='bbox 1700 1485 1977 1540; x_wconf 79' lang='lat' dir='ltr'><strong>Mauentcs</strong></span> 
     </span>
    </p>
   </div>
   <div class='ocr_carea' id='block_1_17' title="bbox 397 1577 1976 1651">
    <p class='ocr_par' dir='ltr' id='par_1_17' title="bbox 397 1577 1976 1651">
     <span class='ocr_line' id='line_1_17' title="bbox 397 1577 1976 1651; baseline -0.001 -19"><span class='ocrx_word' id='word_1_99' title='bbox 397 1596 617 1651; x_wconf 89' lang='lat' dir='ltr'><strong>quoque</strong></span> <span class='ocrx_word' id='word_1_100' title='bbox 647 1580 710 1631; x_wconf 89' lang='lat' dir='ltr'><strong>ad</strong></span> <span class='ocrx_word' id='word_1_101' title='bbox 739 1578 971 1630; x_wconf 90' lang='lat' dir='ltr'><strong>nihilum</strong></span> <span class='ocrx_word' id='word_1_102' title='bbox 1023 1577 1189 1647; x_wconf 77' lang='lat' dir='ltr'><strong>redigi</strong></span> <span class='ocrx_word' id='word_1_103' title='bbox 1223 1578 1595 1647; x_wconf 83' lang='lat' dir='ltr'><strong>consequitur.</strong></span> <span class='ocrx_word' id='word_1_104' title='bbox 1641 1577 1844 1632; x_wconf 66' lang='lat' dir='ltr'><strong>Praeter</strong></span> <span class='ocrx_word' id='word_1_105' title='bbox 1864 1577 1976 1648; x_wconf 85' lang='lat' dir='ltr'><strong>jam</strong></span> 
     </span>
    </p>
   </div>
   <div class='ocr_carea' id='block_1_18' title="bbox 395 1669 1977 1741">
    <p class='ocr_par' dir='ltr' id='par_1_18' title="bbox 395 1669 1977 1741">
     <span class='ocr_line' id='line_1_18' title="bbox 395 1669 1977 1741; baseline -0.001 -15"><span class='ocrx_word' id='word_1_106' title='bbox 395 1674 536 1728; x_wconf 81' lang='lat' dir='ltr'><strong>dicta</strong></span> <span class='ocrx_word' id='word_1_107' title='bbox 558 1672 696 1741; x_wconf 89' lang='lat' dir='ltr'><strong>(cap.</strong></span> <span class='ocrx_word' id='word_1_108' title='bbox 735 1669 826 1738; x_wconf 83' lang='lat'><strong>56)</strong></span> <span class='ocrx_word' id='word_1_109' title='bbox 865 1669 1122 1738; x_wconf 82' lang='lat' dir='ltr'><strong>quoniam</strong></span> <span class='ocrx_word' id='word_1_110' title='bbox 1159 1684 1321 1723; x_wconf 90' lang='lat' dir='ltr'><strong>omne</strong></span> <span class='ocrx_word' id='word_1_111' title='bbox 1351 1670 1496 1738; x_wconf 91' lang='lat' dir='ltr'><strong>quod</strong></span> <span class='ocrx_word' id='word_1_112' title='bbox 1531 1685 1636 1724; x_wconf 93' lang='lat' dir='ltr'><strong>non</strong></span> <span class='ocrx_word' id='word_1_113' title='bbox 1666 1679 1748 1724; x_wconf 91' lang='lat' dir='ltr'><strong>est</strong></span> <span class='ocrx_word' id='word_1_114' title='bbox 1785 1685 1977 1739; x_wconf 85' lang='lat' dir='ltr'><strong>super-</strong></span> 
     </span>
    </p>
   </div>
   <div class='ocr_carea' id='block_1_19' title="bbox 397 1759 1976 1832">
    <p class='ocr_par' dir='ltr' id='par_1_19' title="bbox 397 1759 1976 1832">
     <span class='ocr_line' id='line_1_19' title="bbox 397 1759 1976 1832; baseline -0.002 -14"><span class='ocrx_word' id='word_1_115' title='bbox 397 1764 662 1818; x_wconf 83' lang='lat' dir='ltr'><strong>natuialis</strong></span> <span class='ocrx_word' id='word_1_116' title='bbox 695 1759 984 1816; x_wconf 87' lang='lat' dir='ltr'><strong>Trinitatis</strong></span> <span class='ocrx_word' id='word_1_117' title='bbox 1015 1776 1332 1826; x_wconf 88' lang='lat' dir='ltr'><strong>commune,</strong></span> <span class='ocrx_word' id='word_1_118' title='bbox 1383 1763 1548 1816; x_wconf 91' lang='lat' dir='ltr'><strong>unius</strong></span> <span class='ocrx_word' id='word_1_119' title='bbox 1589 1762 1754 1817; x_wconf 89' lang='lat' dir='ltr'><strong>trium</strong></span> <span class='ocrx_word' id='word_1_120' title='bbox 1789 1777 1976 1832; x_wconf 84' lang='lat' dir='ltr'><strong>perso-</strong></span> 
     </span>
    </p>
   </div>
   <div class='ocr_carea' id='block_1_20' title="bbox 2092 573 3676 650">
    <p class='ocr_par' dir='ltr' id='par_1_20' title="bbox 2092 573 3676 650">
     <span class='ocr_line' id='line_1_20' title="bbox 2092 573 3676 650; baseline 0.01 -26"><span class='ocrx_word' id='word_1_121' title='bbox 2092 573 2324 644; x_wconf 71' lang='grc' dir='ltr'>Πατρδς,</span> <span class='ocrx_word' id='word_1_122' title='bbox 2367 576 2425 626; x_wconf 82' lang='grc' dir='ltr'><strong>ού</strong></span> <span class='ocrx_word' id='word_1_123' title='bbox 2459 576 2545 626; x_wconf 71' lang='grc' dir='ltr'><strong>διὰ</strong></span> <span class='ocrx_word' id='word_1_124' title='bbox 2583 575 2737 628; x_wconf 84' lang='grc' dir='ltr'>τοῦτο</span> <span class='ocrx_word' id='word_1_125' title='bbox 2777 579 2873 646; x_wconf 79' lang='grc' dir='ltr'><strong>τῆς</strong></span> <span class='ocrx_word' id='word_1_126' title='bbox 2919 579 3010 631; x_wconf 86' lang='grc' dir='ltr'><strong>τοῦ</strong></span> <span class='ocrx_word' id='word_1_127' title='bbox 3048 581 3257 650; x_wconf 80' lang='grc' dir='ltr'>Πατρὸς</span> <span class='ocrx_word' id='word_1_128' title='bbox 3290 583 3505 650; x_wconf 82' lang='grc' dir='ltr'>φύσεως</span> <span class='ocrx_word' id='word_1_129' title='bbox 3537 589 3676 640; x_wconf 83' lang='grc' dir='ltr'>ἁπο-</span> 
     </span>
    </p>
   </div>
   <div class='ocr_carea' id='block_1_21' title="bbox 2087 665 2218 718">
    <p class='ocr_par' dir='ltr' id='par_1_21' title="bbox 2087 665 2218 718">
     <span class='ocr_line' id='line_1_21' title="bbox 2087 665 2218 718; baseline 0.015 -2"><span class='ocrx_word' id='word_1_130' title='bbox 2087 665 2218 718; x_wconf 87' lang='grc' dir='ltr'>δέει.</span> 
     </span>
    </p>
   </div>
   <div class='ocr_carea' id='block_1_22' title="bbox 2159 854 3673 935">
    <p class='ocr_par' dir='ltr' id='par_1_22' title="bbox 2159 854 3673 935">
     <span class='ocr_line' id='line_1_22' title="bbox 2159 854 3673 935; baseline 0.009 -27"><span class='ocrx_word' id='word_1_131' title='bbox 2159 854 2327 908; x_wconf 84' lang='grc' dir='ltr'>Πάλιν</span> <span class='ocrx_word' id='word_1_132' title='bbox 2357 855 2416 907; x_wconf 79' lang='grc' dir='ltr'>τὸ</span> <span class='ocrx_word' id='word_1_133' title='bbox 2449 855 2729 927; x_wconf 78' lang='grc' dir='ltr'>διαπορεῖν</span> <span class='ocrx_word' id='word_1_134' title='bbox 2762 874 2843 920; x_wconf 82' lang='grc' dir='ltr'><strong>σε,</strong></span> <span class='ocrx_word' id='word_1_135' title='bbox 2897 860 3125 930; x_wconf 83' lang='grc' dir='ltr'>πότερον</span> <span class='ocrx_word' id='word_1_136' title='bbox 3158 861 3259 930; x_wconf 85' lang='grc' dir='ltr'>τὴν</span> <span class='ocrx_word' id='word_1_137' title='bbox 3294 865 3468 935; x_wconf 79' lang='grc' dir='ltr'>αὐτὴν</span> <span class='ocrx_word' id='word_1_138' title='bbox 3505 867 3673 922; x_wconf 78' lang='grc' dir='ltr'>ἐκπόο</span> 
     </span>
    </p>
   </div>
   <div class='ocr_carea' id='block_1_23' title="bbox 2089 945 3674 1022">
    <p class='ocr_par' dir='ltr' id='par_1_23' title="bbox 2089 945 3674 1022">
     <span class='ocr_line' id='line_1_23' title="bbox 2089 945 3674 1022; baseline 0.007 -26"><span class='ocrx_word' id='word_1_139' title='bbox 2089 959 2276 1012; x_wconf 87' lang='grc' dir='ltr'>ρευσιν</span> <span class='ocrx_word' id='word_1_140' title='bbox 2309 945 2673 1015; x_wconf 71' lang='grc' dir='ltr'><strong>ἐκπορεύεται</strong></span> <span class='ocrx_word' id='word_1_141' title='bbox 2704 946 2796 999; x_wconf 89' lang='grc' dir='ltr'><strong>τοῦ</strong></span> <span class='ocrx_word' id='word_1_142' title='bbox 2830 946 2960 999; x_wconf 85' lang='grc' dir='ltr'>Υἱοῦ</span> <span class='ocrx_word' id='word_1_143' title='bbox 2995 949 3055 1000; x_wconf 80' lang='grc' dir='ltr'>τὸ</span> <span class='ocrx_word' id='word_1_144' title='bbox 3090 950 3336 1018; x_wconf 80' lang='grc' dir='ltr'><strong>Πνεῦμα,</strong></span> <span class='ocrx_word' id='word_1_145' title='bbox 3363 951 3396 1021; x_wconf 78' lang='grc' dir='ltr'>ἢ</span> <span class='ocrx_word' id='word_1_146' title='bbox 3427 953 3526 1022; x_wconf 79' lang='grc' dir='ltr'>τῆς</span> <span class='ocrx_word' id='word_1_147' title='bbox 3561 971 3674 1007; x_wconf 89' lang='grc' dir='ltr'>πα-</span> 
     </span>
    </p>
   </div>
   <div class='ocr_carea' id='block_1_24' title="bbox 2083 1036 3678 1114">
    <p class='ocr_par' dir='ltr' id='par_1_24' title="bbox 2083 1036 3678 1114">
     <span class='ocr_line' id='line_1_24' title="bbox 2083 1036 3678 1114; baseline 0.004 -25"><span class='ocrx_word' id='word_1_148' title='bbox 2083 1036 2266 1108; x_wconf 78' lang='grc' dir='ltr'>τρῴας</span> <span class='ocrx_word' id='word_1_149' title='bbox 2292 1036 2591 1101; x_wconf 85' lang='grc' dir='ltr'>ἀντίθετον,</span> <span class='ocrx_word' id='word_1_150' title='bbox 2625 1038 2720 1091; x_wconf 78' lang='grc' dir='ltr'>κα).</span> <span class='ocrx_word' id='word_1_151' title='bbox 2754 1038 3007 1091; x_wconf 80' lang='grc' dir='ltr'><strong>κοίνωσιν</strong></span> <span class='ocrx_word' id='word_1_152' title='bbox 3038 1039 3145 1092; x_wconf 91' lang='grc' dir='ltr'><strong>τῶν</strong></span> <span class='ocrx_word' id='word_1_153' title='bbox 3197 1040 3474 1110; x_wconf 83' lang='grc' dir='ltr'>ἱδιοτήτων</span> <span class='ocrx_word' id='word_1_154' title='bbox 3520 1045 3678 1114; x_wconf 77' lang='grc' dir='ltr'>ἠγεῖ-</span> 
     </span>
    </p>
   </div>
   <div class='ocr_carea' id='block_1_25' title="bbox 2083 1127 3674 1205">
    <p class='ocr_par' dir='ltr' id='par_1_25' title="bbox 2083 1127 3674 1205">
     <span class='ocr_line' id='line_1_25' title="bbox 2083 1127 3674 1205; baseline 0.008 -27"><span class='ocrx_word' id='word_1_155' title='bbox 2083 1127 2210 1180; x_wconf 85' lang='grc' dir='ltr'>σθαί</span> <span class='ocrx_word' id='word_1_156' title='bbox 2250 1145 2308 1180; x_wconf 90' lang='grc' dir='ltr'><strong>σε</strong></span> <span class='ocrx_word' id='word_1_157' title='bbox 2353 1128 2452 1197; x_wconf 86' lang='grc' dir='ltr'>τῆς</span> <span class='ocrx_word' id='word_1_158' title='bbox 2487 1129 2867 1198; x_wconf 82' lang='grc' dir='ltr'>ἐκπορεύσεως</span> <span class='ocrx_word' id='word_1_159' title='bbox 2901 1129 2997 1200; x_wconf 82' lang='grc' dir='ltr'>τὴν</span> <span class='ocrx_word' id='word_1_160' title='bbox 3041 1131 3372 1202; x_wconf 86' lang='grc' dir='ltr'>ταυτότητα,</span> <span class='ocrx_word' id='word_1_161' title='bbox 3407 1134 3518 1202; x_wconf 78' lang='grc' dir='ltr'>ἔχει</span> <span class='ocrx_word' id='word_1_162' title='bbox 3571 1137 3674 1205; x_wconf 80' lang='grc' dir='ltr'>τὴν</span> 
     </span>
    </p>
   </div>
   <div class='ocr_carea' id='block_1_26' title="bbox 2082 1217 3674 1297">
    <p class='ocr_par' dir='ltr' id='par_1_26' title="bbox 2082 1217 3674 1297">
     <span class='ocr_line' id='line_1_26' title="bbox 2082 1217 3674 1297; baseline 0.005 -28"><span class='ocrx_word' id='word_1_163' title='bbox 2082 1219 2235 1271; x_wconf 89' lang='grc' dir='ltr'>λύσιν</span> <span class='ocrx_word' id='word_1_164' title='bbox 2264 1222 2326 1273; x_wconf 77' lang='grc' dir='ltr'>ἐκ</span> <span class='ocrx_word' id='word_1_165' title='bbox 2355 1222 2448 1272; x_wconf 92' lang='grc' dir='ltr'><strong>τοῦ</strong></span> <span class='ocrx_word' id='word_1_166' title='bbox 2475 1222 2550 1291; x_wconf 79' lang='grc' dir='ltr'>μὴ</span> <span class='ocrx_word' id='word_1_167' title='bbox 2579 1221 2842 1290; x_wconf 83' lang='grc' dir='ltr'><strong>πατρικὸν</strong></span> <span class='ocrx_word' id='word_1_168' title='bbox 2872 1217 3010 1274; x_wconf 70' lang='grc' dir='ltr'>εἶναι</span> <span class='ocrx_word' id='word_1_169' title='bbox 3038 1222 3231 1292; x_wconf 88' lang='grc' dir='ltr'>ίδίωμα</span> <span class='ocrx_word' id='word_1_170' title='bbox 3255 1223 3317 1275; x_wconf 82' lang='grc' dir='ltr'><strong>τὸ</strong></span> <span class='ocrx_word' id='word_1_171' title='bbox 3339 1223 3428 1276; x_wconf 80' lang='grc' dir='ltr'>τὸν</span> <span class='ocrx_word' id='word_1_172' title='bbox 3452 1226 3674 1297; x_wconf 79' lang='grc' dir='ltr'>Πατέρα</span> 
     </span>
    </p>
   </div>
   <div class='ocr_carea' id='block_1_27' title="bbox 2082 1310 3670 1382">
    <p class='ocr_par' dir='ltr' id='par_1_27' title="bbox 2082 1310 3670 1382">
     <span class='ocr_line' id='line_1_27' title="bbox 2082 1310 3670 1382; baseline 0.004 -20"><span class='ocrx_word' id='word_1_173' title='bbox 2082 1311 2142 1362; x_wconf 80' lang='grc' dir='ltr'>τὸ</span> <span class='ocrx_word' id='word_1_174' title='bbox 2179 1310 2402 1381; x_wconf 82' lang='grc' dir='ltr'><strong>Πνεῦμα</strong></span> <span class='ocrx_word' id='word_1_175' title='bbox 2434 1312 2731 1380; x_wconf 77' lang='grc' dir='ltr'>προάγεινο</span> <span class='ocrx_word' id='word_1_176' title='bbox 2767 1313 2888 1364; x_wconf 75' lang='grc' dir='ltr'>ἐπεὶ</span> <span class='ocrx_word' id='word_1_177' title='bbox 2927 1312 3094 1382; x_wconf 85' lang='grc' dir='ltr'>μηδέν</span> <span class='ocrx_word' id='word_1_178' title='bbox 3125 1330 3177 1366; x_wconf 92' lang='grc' dir='ltr'><strong>τι</strong></span> <span class='ocrx_word' id='word_1_179' title='bbox 3216 1313 3322 1366; x_wconf 90' lang='grc' dir='ltr'><strong>τῶν</strong></span> <span class='ocrx_word' id='word_1_180' title='bbox 3357 1315 3457 1367; x_wconf 83' lang='grc' dir='ltr'>ὅσα</span> <span class='ocrx_word' id='word_1_181' title='bbox 3485 1318 3550 1368; x_wconf 86' lang='grc' dir='ltr'>ὲκ</span> <span class='ocrx_word' id='word_1_182' title='bbox 3572 1317 3670 1369; x_wconf 91' lang='grc' dir='ltr'><strong>τοῦ</strong></span> 
     </span>
    </p>
   </div>
   <div class='ocr_carea' id='block_1_28' title="bbox 2081 1397 3667 1473">
    <p class='ocr_par' dir='ltr' id='par_1_28' title="bbox 2081 1397 3667 1473">
     <span class='ocr_line' id='line_1_28' title="bbox 2081 1397 3667 1473; baseline 0.006 -25"><span class='ocrx_word' id='word_1_183' title='bbox 2081 1397 2300 1466; x_wconf 70' lang='grc' dir='ltr'>Πατρδς»</span> <span class='ocrx_word' id='word_1_184' title='bbox 2320 1397 2408 1450; x_wconf 83' lang='grc' dir='ltr'>διὰ</span> <span class='ocrx_word' id='word_1_185' title='bbox 2429 1397 2521 1451; x_wconf 92' lang='grc' dir='ltr'><strong>τοῦ</strong></span> <span class='ocrx_word' id='word_1_186' title='bbox 2551 1399 2680 1452; x_wconf 87' lang='grc' dir='ltr'>Υἰοῦ</span> <span class='ocrx_word' id='word_1_187' title='bbox 2713 1399 2958 1468; x_wconf 82' lang='grc' dir='ltr'>λέγεται,</span> <span class='ocrx_word' id='word_1_188' title='bbox 2980 1399 3109 1452; x_wconf 77' lang='grc' dir='ltr'>ἴδιον</span> <span class='ocrx_word' id='word_1_189' title='bbox 3129 1400 3223 1454; x_wconf 85' lang='grc' dir='ltr'><strong>τοῦ</strong></span> <span class='ocrx_word' id='word_1_190' title='bbox 3247 1402 3460 1473; x_wconf 81' lang='grc' dir='ltr'>Πατρός</span> <span class='ocrx_word' id='word_1_191' title='bbox 3482 1405 3630 1458; x_wconf 79' lang='grc' dir='ltr'>ἐστιν</span> <span class='ocrx_word' id='word_1_192' title='bbox 3653 1421 3667 1436; x_wconf 89' lang='grc'><strong>·</strong></span> 
     </span>
    </p>
   </div>
   <div class='ocr_carea' id='block_1_29' title="bbox 2079 1487 3667 1565">
    <p class='ocr_par' dir='ltr' id='par_1_29' title="bbox 2079 1487 3667 1565">
     <span class='ocr_line' id='line_1_29' title="bbox 2079 1487 3667 1565; baseline 0.007 -26"><span class='ocrx_word' id='word_1_193' title='bbox 2079 1487 2204 1540; x_wconf 84' lang='grc' dir='ltr'>ὅθεν</span> <span class='ocrx_word' id='word_1_194' title='bbox 2235 1487 2331 1540; x_wconf 76' lang='grc' dir='ltr'>καὶ</span> <span class='ocrx_word' id='word_1_195' title='bbox 2361 1489 2646 1543; x_wconf 84' lang='grc' dir='ltr'>ἀκολουθεί</span> <span class='ocrx_word' id='word_1_196' title='bbox 2680 1492 2792 1552; x_wconf 82' lang='grc' dir='ltr'>τοῖς</span> <span class='ocrx_word' id='word_1_197' title='bbox 2836 1491 3127 1560; x_wconf 84' lang='grc' dir='ltr'>Μαρκίωσι</span> <span class='ocrx_word' id='word_1_198' title='bbox 3161 1495 3667 1565; x_wconf 84' lang='grc' dir='ltr'>συγκαταργείσθαι</span> 
     </span>
    </p>
   </div>
   <div class='ocr_carea' id='block_1_30' title="bbox 2079 1575 3668 1652">
    <p class='ocr_par' dir='ltr' id='par_1_30' title="bbox 2079 1575 3668 1652">
     <span class='ocr_line' id='line_1_30' title="bbox 2079 1575 3668 1652; baseline 0.006 -21"><span class='ocrx_word' id='word_1_199' title='bbox 2079 1577 2205 1641; x_wconf 81' lang='grc' dir='ltr'>τοὺς</span> <span class='ocrx_word' id='word_1_200' title='bbox 2234 1579 2544 1642; x_wconf 84' lang='grc' dir='ltr'>Μάνεντας.</span> <span class='ocrx_word' id='word_1_201' title='bbox 2595 1575 2718 1632; x_wconf 69' lang='grc' dir='ltr'><strong>Ἐπὶ</strong></span> <span class='ocrx_word' id='word_1_202' title='bbox 2759 1580 2818 1632; x_wconf 83' lang='grc' dir='ltr'>δὲ</span> <span class='ocrx_word' id='word_1_203' title='bbox 2847 1583 2959 1645; x_wconf 82' lang='grc' dir='ltr'>τοῖς</span> <span class='ocrx_word' id='word_1_204' title='bbox 2991 1582 3306 1651; x_wconf 72' lang='grc' dir='ltr'><strong>εἰρημένοις</strong></span> <span class='ocrx_word' id='word_1_205' title='bbox 3339 1585 3529 1652; x_wconf 80' lang='grc' dir='ltr'>ἐπειδὴ</span> <span class='ocrx_word' id='word_1_206' title='bbox 3555 1589 3668 1641; x_wconf 81' lang='grc' dir='ltr'>πᾶν</span> 
     </span>
    </p>
   </div>
   <div class='ocr_carea' id='block_1_31' title="bbox 2079 1662 3669 1742">
    <p class='ocr_par' dir='ltr' id='par_1_31' title="bbox 2079 1662 3669 1742">
     <span class='ocr_line' id='line_1_31' title="bbox 2079 1662 3669 1742; baseline 0.005 -19"><span class='ocrx_word' id='word_1_207' title='bbox 2079 1671 2217 1741; x_wconf 85' lang='grc' dir='ltr'>ὅπερ</span> <span class='ocrx_word' id='word_1_208' title='bbox 2250 1671 2352 1723; x_wconf 81' lang='grc' dir='ltr'><strong>οὐκ</strong></span> <span class='ocrx_word' id='word_1_209' title='bbox 2394 1669 2508 1723; x_wconf 81' lang='grc' dir='ltr'>ἔστι</span> <span class='ocrx_word' id='word_1_210' title='bbox 2546 1671 2644 1740; x_wconf 83' lang='grc' dir='ltr'>τῆς</span> <span class='ocrx_word' id='word_1_211' title='bbox 2681 1671 2993 1742; x_wconf 76' lang='grc' dir='ltr'>ὑπερφυοῦς</span> <span class='ocrx_word' id='word_1_212' title='bbox 3030 1662 3264 1741; x_wconf 80' lang='grc' dir='ltr'>Τριάδος</span> <span class='ocrx_word' id='word_1_213' title='bbox 3311 1675 3512 1742; x_wconf 80' lang='grc' dir='ltr'>κοινὸν,</span> <span class='ocrx_word' id='word_1_214' title='bbox 3547 1677 3669 1740; x_wconf 76' lang='grc' dir='ltr'>ἑνὸς</span> 
     </span>
    </p>
   </div>
   <div class='ocr_carea' id='block_1_32' title="bbox 2078 1756 3666 1834">
    <p class='ocr_par' dir='ltr' id='par_1_32' title="bbox 2078 1756 3666 1834">
     <span class='ocr_line' id='line_1_32' title="bbox 2078 1756 3666 1834; baseline 0.004 -20"><span class='ocrx_word' id='word_1_215' title='bbox 2078 1761 2189 1815; x_wconf 91' lang='grc' dir='ltr'><strong>τῶν</strong></span> <span class='ocrx_word' id='word_1_216' title='bbox 2217 1760 2388 1831; x_wconf 83' lang='grc' dir='ltr'>τριῶν</span> <span class='ocrx_word' id='word_1_217' title='bbox 2433 1756 2573 1815; x_wconf 78' lang='grc' dir='ltr'>εἶναι</span> <span class='ocrx_word' id='word_1_218' title='bbox 2622 1764 2746 1816; x_wconf 82' lang='grc' dir='ltr'>κατ’</span> <span class='ocrx_word' id='word_1_219' title='bbox 2799 1763 3047 1831; x_wconf 82' lang='grc' dir='ltr'>ἀνάγκην</span> <span class='ocrx_word' id='word_1_220' title='bbox 3099 1763 3474 1834; x_wconf 79' lang='grc' dir='ltr'><strong>διωρισμένως</strong></span> <span class='ocrx_word' id='word_1_221' title='bbox 3511 1767 3666 1832; x_wconf 81' lang='grc' dir='ltr'>δοξά-</span> 
     </span>
    </p>
   </div>
   <div class='ocr_carea' id='block_1_33' title="bbox 394 1837 1972 1926">
    <p class='ocr_par' dir='ltr' id='par_1_33' title="bbox 394 1853 1972 1918">
     <span class='ocr_line' id='line_1_33' title="bbox 394 1853 1972 1918; baseline -0.001 -8"><span class='ocrx_word' id='word_1_222' title='bbox 394 1871 588 1911; x_wconf 90' lang='lat' dir='ltr'><strong>narum</strong></span> <span class='ocrx_word' id='word_1_223' title='bbox 619 1853 931 1909; x_wconf 86' lang='lat' dir='ltr'><strong>necessario</strong></span> <span class='ocrx_word' id='word_1_224' title='bbox 988 1868 1108 1908; x_wconf 88' lang='lat' dir='ltr'><strong>esse</strong></span> <span class='ocrx_word' id='word_1_225' title='bbox 1161 1853 1384 1908; x_wconf 80' lang='lat' dir='ltr'><strong>deﬁnite</strong></span> <span class='ocrx_word' id='word_1_226' title='bbox 1429 1868 1643 1918; x_wconf 85' lang='lat' dir='ltr'><strong>censes,</strong></span> <span class='ocrx_word' id='word_1_227' title='bbox 1689 1864 1749 1908; x_wconf 88' lang='lat' dir='ltr'><strong>ut</strong></span> <span class='ocrx_word' id='word_1_228' title='bbox 1780 1855 1972 1908; x_wconf 79' lang='lat' dir='ltr'><strong>exinde</strong></span> 
     </span>
    </p>
   </div>
   <div class='ocr_carea' id='block_1_34' title="bbox 2075 1837 3668 1926">
    <p class='ocr_par' dir='ltr' id='par_1_34' title="bbox 2079 1849 3668 1926">
     <span class='ocr_line' id='line_1_34' title="bbox 2079 1849 3668 1926; baseline 0.004 -24"><span class='ocrx_word' id='word_1_229' title='bbox 2079 1851 2213 1916; x_wconf 76' lang='grc' dir='ltr'>ξεις,</span> <span class='ocrx_word' id='word_1_230' title='bbox 2250 1849 2319 1902; x_wconf 81' lang='grc' dir='ltr'>ἵν’</span> <span class='ocrx_word' id='word_1_231' title='bbox 2349 1849 2600 1903; x_wconf 74' lang='grc' dir='ltr'>ἐντεῦθεν</span> <span class='ocrx_word' id='word_1_232' title='bbox 2633 1850 2952 1918; x_wconf 78' lang='grc' dir='ltr'><strong>ἀναγκαίως</strong></span> <span class='ocrx_word' id='word_1_233' title='bbox 2995 1856 3378 1924; x_wconf 76' lang='grc' dir='ltr'>συμπερανῇς,</span> <span class='ocrx_word' id='word_1_234' title='bbox 3405 1855 3439 1925; x_wconf 85' lang='grc' dir='ltr'>ἢ</span> <span class='ocrx_word' id='word_1_235' title='bbox 3475 1857 3537 1908; x_wconf 75' lang='grc' dir='ltr'>ἐκ</span> <span class='ocrx_word' id='word_1_236' title='bbox 3567 1856 3668 1926; x_wconf 77' lang='lat' dir='ltr'><strong>p.6-</strong></span> 
     </span>
    </p>
   </div>
   <div class='ocr_carea' id='block_1_35' title="bbox 393 1941 1976 2013">
    <p class='ocr_par' dir='ltr' id='par_1_35' title="bbox 393 1941 1976 2013">
     <span class='ocr_line' id='line_1_35' title="bbox 393 1941 1976 2013; baseline -0.003 -13"><span class='ocrx_word' id='word_1_237' title='bbox 393 1946 720 2000; x_wconf 86' lang='lat' dir='ltr'><strong>necessitate</strong></span> <span class='ocrx_word' id='word_1_238' title='bbox 749 1944 918 2013; x_wconf 81' lang='lat' dir='ltr'><strong>logica</strong></span> <span class='ocrx_word' id='word_1_239' title='bbox 948 1943 1198 2010; x_wconf 79' lang='lat' dir='ltr'><strong>colligas,</strong></span> <span class='ocrx_word' id='word_1_240' title='bbox 1247 1948 1343 1995; x_wconf 90' lang='lat' dir='ltr'><strong>aut</strong></span> <span class='ocrx_word' id='word_1_241' title='bbox 1396 1955 1462 1996; x_wconf 79' lang='lat' dir='ltr'><strong>ex</strong></span> <span class='ocrx_word' id='word_1_242' title='bbox 1501 1941 1618 1995; x_wconf 91' lang='lat' dir='ltr'><strong>solo</strong></span> <span class='ocrx_word' id='word_1_243' title='bbox 1649 1941 1807 1996; x_wconf 85' lang='lat' dir='ltr'><strong>Patre</strong></span> <span class='ocrx_word' id='word_1_244' title='bbox 1853 1957 1976 2012; x_wconf 82' lang='lat' dir='ltr'><strong>pro-</strong></span> 
     </span>
    </p>
   </div>
   <div class='ocr_carea' id='block_1_36' title="bbox 389 2031 1972 2105">
    <p class='ocr_par' dir='ltr' id='par_1_36' title="bbox 389 2031 1972 2105">
     <span class='ocr_line' id='line_1_36' title="bbox 389 2031 1972 2105; baseline -0.004 -14"><span class='ocrx_word' id='word_1_245' title='bbox 389 2038 586 2092; x_wconf 88' lang='lat' dir='ltr'><strong>cedere</strong></span> <span class='ocrx_word' id='word_1_246' title='bbox 634 2033 902 2105; x_wconf 88' lang='lat' dir='ltr'><strong>Spiritum</strong></span> <span class='ocrx_word' id='word_1_247' title='bbox 953 2045 1206 2088; x_wconf 83' lang='lat' dir='ltr'><strong>sanetum</strong></span> <span class='ocrx_word' id='word_1_248' title='bbox 1252 2042 1348 2086; x_wconf 91' lang='lat' dir='ltr'><strong>aut</strong></span> <span class='ocrx_word' id='word_1_249' title='bbox 1381 2048 1446 2086; x_wconf 79' lang='lat' dir='ltr'><strong>ex</strong></span> <span class='ocrx_word' id='word_1_250' title='bbox 1484 2033 1602 2085; x_wconf 87' lang='lat' dir='ltr'><strong>solo</strong></span> <span class='ocrx_word' id='word_1_251' title='bbox 1645 2031 1807 2096; x_wconf 88' lang='lat' dir='ltr'><strong>Filio,</strong></span> <span class='ocrx_word' id='word_1_252' title='bbox 1867 2049 1972 2102; x_wconf 91' lang='lat' dir='ltr'><strong>qua</strong></span> 
     </span>
    </p>
   </div>
   <div class='ocr_carea' id='block_1_37' title="bbox 391 2119 1976 2190">
    <p class='ocr_par' dir='ltr' id='par_1_37' title="bbox 391 2119 1976 2190">
     <span class='ocr_line' id='line_1_37' title="bbox 391 2119 1976 2190; baseline -0.001 -13"><span class='ocrx_word' id='word_1_253' title='bbox 391 2123 754 2178; x_wconf 81' lang='lat' dir='ltr'><strong>conclusione</strong></span> <span class='ocrx_word' id='word_1_254' title='bbox 783 2136 881 2176; x_wconf 90' lang='lat' dir='ltr'><strong>eos</strong></span> <span class='ocrx_word' id='word_1_255' title='bbox 906 2121 997 2190; x_wconf 91' lang='lat' dir='ltr'><strong>qui</strong></span> <span class='ocrx_word' id='word_1_256' title='bbox 1049 2135 1112 2174; x_wconf 82' lang='lat' dir='ltr'><strong>ex</strong></span> <span class='ocrx_word' id='word_1_257' title='bbox 1150 2119 1288 2174; x_wconf 85' lang='lat' dir='ltr'><strong>Filio</strong></span> <span class='ocrx_word' id='word_1_258' title='bbox 1320 2119 1588 2189; x_wconf 81' lang='lat' dir='ltr'><strong>Spiritum</strong></span> <span class='ocrx_word' id='word_1_259' title='bbox 1635 2136 1756 2176; x_wconf 87' lang='lat' dir='ltr'><strong>esse</strong></span> <span class='ocrx_word' id='word_1_260' title='bbox 1786 2121 1976 2176; x_wconf 90' lang='lat' dir='ltr'><strong>dicunt</strong></span> 
     </span>
    </p>
   </div>
   <div class='ocr_carea' id='block_1_38' title="bbox 390 2209 1974 2282">
    <p class='ocr_par' dir='ltr' id='par_1_38' title="bbox 390 2209 1974 2282">
     <span class='ocr_line' id='line_1_38' title="bbox 390 2209 1974 2282; baseline 0 -15"><span class='ocrx_word' id='word_1_261' title='bbox 390 2215 447 2268; x_wconf 90' lang='lat' dir='ltr'><strong>in</strong></span> <span class='ocrx_word' id='word_1_262' title='bbox 482 2221 693 2267; x_wconf 87' lang='lat' dir='ltr'><strong>tantum</strong></span> <span class='ocrx_word' id='word_1_263' title='bbox 735 2211 1088 2282; x_wconf 63' lang='lat' dir='ltr'><strong>hlasphemim</strong></span> <span class='ocrx_word' id='word_1_264' title='bbox 1118 2209 1310 2281; x_wconf 88' lang='lat' dir='ltr'><strong>dejicis</strong></span> <span class='ocrx_word' id='word_1_265' title='bbox 1345 2210 1690 2277; x_wconf 89' lang='lat' dir='ltr'><strong>barathrum,</strong></span> <span class='ocrx_word' id='word_1_266' title='bbox 1721 2220 1778 2264; x_wconf 91' lang='lat' dir='ltr'><strong>ut</strong></span> <span class='ocrx_word' id='word_1_267' title='bbox 1807 2222 1859 2266; x_wconf 91' lang='lat' dir='ltr'><strong>et</strong></span> <span class='ocrx_word' id='word_1_268' title='bbox 1881 2227 1974 2281; x_wconf 81' lang='lat' dir='ltr'><strong>ge-</strong></span> 
     </span>
    </p>
   </div>
   <div class='ocr_carea' id='block_1_39' title="bbox 401 2303 1971 2374">
    <p class='ocr_par' dir='ltr' id='par_1_39' title="bbox 401 2303 1971 2374">
     <span class='ocr_line' id='line_1_39' title="bbox 401 2303 1971 2374; baseline -0.003 -10"><span class='ocrx_word' id='word_1_269' title='bbox 401 2311 738 2364; x_wconf 89' lang='lat' dir='ltr'><strong>nerationem</strong></span> <span class='ocrx_word' id='word_1_270' title='bbox 765 2321 891 2362; x_wconf 89' lang='lat' dir='ltr'><strong>cum</strong></span> <span class='ocrx_word' id='word_1_271' title='bbox 943 2305 1244 2374; x_wconf 86' lang='lat' dir='ltr'><strong>spiratione</strong></span> <span class='ocrx_word' id='word_1_272' title='bbox 1299 2313 1644 2359; x_wconf 89' lang='lat' dir='ltr'><strong>commutare</strong></span> <span class='ocrx_word' id='word_1_273' title='bbox 1676 2313 1729 2360; x_wconf 92' lang='lat' dir='ltr'><strong>et</strong></span> <span class='ocrx_word' id='word_1_274' title='bbox 1755 2303 1971 2360; x_wconf 90' lang='lat' dir='ltr'><strong>Patrem</strong></span> 
     </span>
    </p>
   </div>
   <div class='ocr_carea' id='block_1_40' title="bbox 383 2395 1970 2454">
    <p class='ocr_par' dir='ltr' id='par_1_40' title="bbox 383 2395 1970 2454">
     <span class='ocr_line' id='line_1_40' title="bbox 383 2395 1970 2454; baseline -0.004 0"><span class='ocrx_word' id='word_1_275' title='bbox 383 2415 458 2454; x_wconf 73' lang='lat' dir='ltr'><strong>ex</strong></span> <span class='ocrx_word' id='word_1_276' title='bbox 491 2398 630 2452; x_wconf 80' lang='lat' dir='ltr'><strong>Filio</strong></span> <span class='ocrx_word' id='word_1_277' title='bbox 682 2411 803 2452; x_wconf 90' lang='lat' dir='ltr'><strong>esse</strong></span> <span class='ocrx_word' id='word_1_278' title='bbox 841 2395 1186 2450; x_wconf 84' lang='lat' dir='ltr'><strong>comminisci</strong></span> <span class='ocrx_word' id='word_1_279' title='bbox 1235 2395 1562 2450; x_wconf 82' lang='lat' dir='ltr'><strong>videantur!</strong></span> <span class='ocrx_word' id='word_1_280' title='bbox 1613 2395 1840 2452; x_wconf 88' lang='lat' dir='ltr'><strong>Obsistit</strong></span> <span class='ocrx_word' id='word_1_281' title='bbox 1876 2396 1970 2451; x_wconf 88' lang='lat' dir='ltr'><strong>tibi</strong></span> 
     </span>
    </p>
   </div>
   <div class='ocr_carea' id='block_1_41' title="bbox 381 2471 1972 2558">
    <p class='ocr_par' dir='ltr' id='par_1_41' title="bbox 381 2471 1972 2558">
     <span class='ocr_line' id='line_1_41' title="bbox 381 2471 1972 2558; baseline -0.005 -11"><span class='ocrx_word' id='word_1_282' title='bbox 381 2501 443 2547; x_wconf 80' lang='lat' dir='ltr'><strong>et</strong></span> <span class='ocrx_word' id='word_1_283' title='bbox 469 2507 537 2545; x_wconf 80' lang='lat' dir='ltr'><strong>ex</strong></span> <span class='ocrx_word' id='word_1_284' title='bbox 566 2471 796 2544; x_wconf 81' lang='lat' dir='ltr'><strong>adverso</strong></span> <span class='ocrx_word' id='word_1_285' title='bbox 822 2496 930 2542; x_wconf 83' lang='lat' dir='ltr'><strong>stat</strong></span> <span class='ocrx_word' id='word_1_286' title='bbox 954 2487 1253 2555; x_wconf 74' lang='lat' dir='ltr'><strong>Gregorius</strong></span> <span class='ocrx_word' id='word_1_287' title='bbox 1288 2487 1575 2558; x_wconf 67' lang='lat' dir='ltr'><strong>theologia:</strong></span> <span class='ocrx_word' id='word_1_288' title='bbox 1611 2503 1788 2552; x_wconf 90' lang='lat' dir='ltr'><strong>mens,</strong></span> <span class='ocrx_word' id='word_1_289' title='bbox 1825 2503 1972 2540; x_wconf 82' lang='lat' dir='ltr'><strong>com-</strong></span> 
     </span>
    </p>
   </div>
   <div class='ocr_carea' id='block_1_42' title="bbox 379 2579 1970 2650">
    <p class='ocr_par' dir='ltr' id='par_1_42' title="bbox 379 2579 1970 2650">
     <span class='ocr_line' id='line_1_42' title="bbox 379 2579 1970 2650; baseline -0.005 -10"><span class='ocrx_word' id='word_1_290' title='bbox 379 2601 544 2640; x_wconf 77' lang='lat' dir='ltr'><strong>mune</strong></span> <span class='ocrx_word' id='word_1_291' title='bbox 611 2598 733 2639; x_wconf 89' lang='lat' dir='ltr'><strong>esse</strong></span> <span class='ocrx_word' id='word_1_292' title='bbox 783 2581 972 2637; x_wconf 86' lang='lat' dir='ltr'><strong>dicens</strong></span> <span class='ocrx_word' id='word_1_293' title='bbox 1020 2579 1166 2635; x_wconf 83' lang='lat' dir='ltr'><strong>Filio</strong></span> <span class='ocrx_word' id='word_1_294' title='bbox 1204 2597 1267 2632; x_wconf 84' lang='lat' dir='ltr'><strong>ac</strong></span> <span class='ocrx_word' id='word_1_295' title='bbox 1311 2589 1492 2634; x_wconf 73' lang='lat' dir='ltr'><strong>sancto</strong></span> <span class='ocrx_word' id='word_1_296' title='bbox 1545 2579 1798 2649; x_wconf 81' lang='lat' dir='ltr'><strong>Spiritui,</strong></span> <span class='ocrx_word' id='word_1_297' title='bbox 1831 2580 1970 2650; x_wconf 86' lang='lat' dir='ltr'><strong>quod</strong></span> 
     </span>
    </p>
   </div>
   <div class='ocr_carea' id='block_1_43' title="bbox 387 2673 1970 2742">
    <p class='ocr_par' dir='ltr' id='par_1_43' title="bbox 387 2673 1970 2742">
     <span class='ocr_line' id='line_1_43' title="bbox 387 2673 1970 2742; baseline -0.004 -9"><span class='ocrx_word' id='word_1_298' title='bbox 387 2687 608 2733; x_wconf 74' lang='lat' dir='ltr'><strong>suntex</strong></span> <span class='ocrx_word' id='word_1_299' title='bbox 646 2675 832 2741; x_wconf 82' lang='lat' dir='ltr'><strong>Patre,</strong></span> <span class='ocrx_word' id='word_1_300' title='bbox 885 2683 1048 2742; x_wconf 89' lang='lat' dir='ltr'><strong>atque</strong></span> <span class='ocrx_word' id='word_1_301' title='bbox 1091 2674 1288 2727; x_wconf 76' lang='lat' dir='ltr'><strong>exinde</strong></span> <span class='ocrx_word' id='word_1_302' title='bbox 1337 2673 1624 2742; x_wconf 84' lang='lat' dir='ltr'><strong>perspicue</strong></span> <span class='ocrx_word' id='word_1_303' title='bbox 1677 2674 1970 2726; x_wconf 90' lang='lat' dir='ltr'><strong>mendaces</strong></span> 
     </span>
    </p>
   </div>
   <div class='ocr_carea' id='block_1_44' title="bbox 375 2763 1970 2842">
    <p class='ocr_par' dir='ltr' id='par_1_44' title="bbox 375 2763 1970 2842">
     <span class='ocr_line' id='line_1_44' title="bbox 375 2763 1970 2842; baseline -0.006 -16"><span class='ocrx_word' id='word_1_304' title='bbox 375 2785 626 2842; x_wconf 73' lang='lat' dir='ltr'><strong>arguens</strong></span> <span class='ocrx_word' id='word_1_305' title='bbox 652 2783 768 2832; x_wconf 86' lang='lat' dir='ltr'><strong>eos,</strong></span> <span class='ocrx_word' id='word_1_306' title='bbox 820 2767 911 2837; x_wconf 83' lang='lat' dir='ltr'><strong>qui</strong></span> <span class='ocrx_word' id='word_1_307' title='bbox 943 2766 1130 2820; x_wconf 87' lang='lat' dir='ltr'><strong>dicunt</strong></span> <span class='ocrx_word' id='word_1_308' title='bbox 1159 2784 1170 2820; x_wconf 95' lang='lat'>:</span> <span class='ocrx_word' id='word_1_309' title='bbox 1198 2765 1576 2833; x_wconf 82' lang='lat' dir='ltr'><strong>Quodcunque</strong></span> <span class='ocrx_word' id='word_1_310' title='bbox 1630 2763 1683 2817; x_wconf 91' lang='lat' dir='ltr'><strong>in</strong></span> <span class='ocrx_word' id='word_1_311' title='bbox 1716 2779 1970 2832; x_wconf 86' lang='lat' dir='ltr'><strong>superes-</strong></span> 
     </span>
    </p>
   </div>
   <div class='ocr_carea' id='block_1_45' title="bbox 387 2855 1969 2927">
    <p class='ocr_par' dir='ltr' id='par_1_45' title="bbox 387 2855 1969 2927">
     <span class='ocr_line' id='line_1_45' title="bbox 387 2855 1969 2927; baseline -0.006 -8"><span class='ocrx_word' id='word_1_312' title='bbox 387 2861 606 2919; x_wconf 86' lang='lat' dir='ltr'><strong>sentiali</strong></span> <span class='ocrx_word' id='word_1_313' title='bbox 633 2859 900 2915; x_wconf 85' lang='lat' dir='ltr'><strong>Trinitate</strong></span> <span class='ocrx_word' id='word_1_314' title='bbox 927 2866 980 2913; x_wconf 93' lang='lat' dir='ltr'><strong>et</strong></span> <span class='ocrx_word' id='word_1_315' title='bbox 1008 2859 1279 2927; x_wconf 75' lang='lat' dir='ltr'><strong>cogitatur</strong></span> <span class='ocrx_word' id='word_1_316' title='bbox 1307 2867 1361 2911; x_wconf 89' lang='lat' dir='ltr'><strong>et</strong></span> <span class='ocrx_word' id='word_1_317' title='bbox 1399 2857 1606 2912; x_wconf 90' lang='lat' dir='ltr'><strong>dicitur</strong></span> <span class='ocrx_word' id='word_1_318' title='bbox 1625 2893 1640 2919; x_wconf 91' lang='lat'><strong>,</strong></span> <span class='ocrx_word' id='word_1_319' title='bbox 1693 2855 1776 2909; x_wconf 80' lang='lat' dir='ltr'><strong>vel</strong></span> <span class='ocrx_word' id='word_1_320' title='bbox 1804 2856 1969 2910; x_wconf 88' lang='lat' dir='ltr'><strong>trium</strong></span> 
     </span>
    </p>
   </div>
   <div class='ocr_carea' id='block_1_46' title="bbox 372 2948 1446 3017">
    <p class='ocr_par' dir='ltr' id='par_1_46' title="bbox 372 2948 1446 3017">
     <span class='ocr_line' id='line_1_46' title="bbox 372 2948 1446 3017; baseline -0.007 -7"><span class='ocrx_word' id='word_1_321' title='bbox 372 2963 474 3010; x_wconf 78' lang='lat' dir='ltr'><strong>.est</strong></span> <span class='ocrx_word' id='word_1_322' title='bbox 509 2965 803 3013; x_wconf 81' lang='lat' dir='ltr'><strong>commune</strong></span> <span class='ocrx_word' id='word_1_323' title='bbox 834 2949 916 3004; x_wconf 80' lang='lat' dir='ltr'><strong>vei</strong></span> <span class='ocrx_word' id='word_1_324' title='bbox 949 2948 1111 3004; x_wconf 84' lang='lat' dir='ltr'><strong>unius</strong></span> <span class='ocrx_word' id='word_1_325' title='bbox 1141 2949 1446 3017; x_wconf 86' lang='lat' dir='ltr'><strong>proprium.</strong></span> 
     </span>
    </p>
   </div>
   <div class='ocr_carea' id='block_1_47' title="bbox 451 3033 1970 3111">
    <p class='ocr_par' dir='ltr' id='par_1_47' title="bbox 451 3033 1970 3111">
     <span class='ocr_line' id='line_1_47' title="bbox 451 3033 1970 3111; baseline -0.002 -12"><span class='ocrx_word' id='word_1_326' title='bbox 451 3046 732 3099; x_wconf 72' lang='lat' dir='ltr'><strong>Praeterea</strong></span> <span class='ocrx_word' id='word_1_327' title='bbox 783 3041 1042 3110; x_wconf 89' lang='lat' dir='ltr'><strong>quoniam</strong></span> <span class='ocrx_word' id='word_1_328' title='bbox 1086 3033 1186 3095; x_wconf 78' lang='lat' dir='ltr'><strong>tibi</strong></span> <span class='ocrx_word' id='word_1_329' title='bbox 1242 3040 1522 3094; x_wconf 81' lang='lat' dir='ltr'><strong>innovatio</strong></span> <span class='ocrx_word' id='word_1_330' title='bbox 1555 3041 1802 3111; x_wconf 74' lang='lat' dir='ltr'><strong>quaedam</strong></span> <span class='ocrx_word' id='word_1_331' title='bbox 1845 3057 1970 3097; x_wconf 90' lang='lat' dir='ltr'><strong>esse</strong></span> 
     </span>
    </p>
   </div>
   <div class='ocr_carea' id='block_1_48' title="bbox 385 3131 1968 3203">
    <p class='ocr_par' dir='ltr' id='par_1_48' title="bbox 385 3131 1968 3203">
     <span class='ocr_line' id='line_1_48' title="bbox 385 3131 1968 3203; baseline 0.001 -17"><span class='ocrx_word' id='word_1_332' title='bbox 385 3135 608 3190; x_wconf 83' lang='lat' dir='ltr'><strong>videtur</strong></span> <span class='ocrx_word' id='word_1_333' title='bbox 644 3133 794 3203; x_wconf 83' lang='lat' dir='ltr'><strong>(cap.</strong></span> <span class='ocrx_word' id='word_1_334' title='bbox 821 3131 912 3202; x_wconf 79' lang='grc'>57)</span> <span class='ocrx_word' id='word_1_335' title='bbox 951 3131 1095 3186; x_wconf 91' lang='lat' dir='ltr'><strong>circa</strong></span> <span class='ocrx_word' id='word_1_336' title='bbox 1129 3131 1415 3201; x_wconf 85' lang='lat' dir='ltr'><strong>Spiritum,</strong></span> <span class='ocrx_word' id='word_1_337' title='bbox 1463 3132 1510 3187; x_wconf 90' lang='lat' dir='ltr'><strong>si</strong></span> <span class='ocrx_word' id='word_1_338' title='bbox 1540 3133 1594 3186; x_wconf 89' lang='lat' dir='ltr'><strong>.is</strong></span> <span class='ocrx_word' id='word_1_339' title='bbox 1619 3148 1682 3186; x_wconf 83' lang='lat' dir='ltr'><strong>ex</strong></span> <span class='ocrx_word' id='word_1_340' title='bbox 1722 3131 1884 3188; x_wconf 86' lang='lat' dir='ltr'><strong>Patre</strong></span> <span class='ocrx_word' id='word_1_341' title='bbox 1915 3144 1968 3190; x_wconf 91' lang='lat' dir='ltr'><strong>et</strong></span> 
     </span>
    </p>
   </div>
   <div class='ocr_carea' id='block_1_49' title="bbox 375 3223 1967 3298">
    <p class='ocr_par' dir='ltr' id='par_1_49' title="bbox 375 3223 1967 3298">
     <span class='ocr_line' id='line_1_49' title="bbox 375 3223 1967 3298; baseline -0.001 -16"><span class='ocrx_word' id='word_1_342' title='bbox 375 3227 532 3283; x_wconf 82' lang='lat' dir='ltr'><strong>&#39;Filio</strong></span> <span class='ocrx_word' id='word_1_343' title='bbox 595 3227 920 3296; x_wconf 88' lang='lat' dir='ltr'><strong>procedens,</strong></span> <span class='ocrx_word' id='word_1_344' title='bbox 950 3239 1055 3278; x_wconf 91' lang='lat' dir='ltr'><strong>non</strong></span> <span class='ocrx_word' id='word_1_345' title='bbox 1085 3224 1247 3278; x_wconf 88' lang='lat' dir='ltr'><strong>etiam</strong></span> <span class='ocrx_word' id='word_1_346' title='bbox 1317 3223 1430 3294; x_wconf 91' lang='lat' dir='ltr'><strong>ipse</strong></span> <span class='ocrx_word' id='word_1_347' title='bbox 1483 3224 1627 3279; x_wconf 89' lang='lat' dir='ltr'><strong>aliud</strong></span> <span class='ocrx_word' id='word_1_348' title='bbox 1669 3226 1967 3298; x_wconf 88' lang='lat' dir='ltr'><strong>quidquam</strong></span> 
     </span>
    </p>
   </div>
   <div class='ocr_carea' id='block_1_50' title="bbox 385 3315 1972 3386">
    <p class='ocr_par' dir='ltr' id='par_1_50' title="bbox 385 3315 1972 3386">
     <span class='ocr_line' id='line_1_50' title="bbox 385 3315 1972 3386; baseline -0.002 -12"><span class='ocrx_word' id='word_1_349' title='bbox 385 3319 589 3374; x_wconf 89' lang='lat' dir='ltr'><strong>mittit:</strong></span> <span class='ocrx_word' id='word_1_350' title='bbox 615 3317 719 3372; x_wconf 88' lang='lat' dir='ltr'><strong>hoc</strong></span> <span class='ocrx_word' id='word_1_351' title='bbox 734 3316 1048 3386; x_wconf 84' lang='lat' dir='ltr'><strong>neutiquam</strong></span> <span class='ocrx_word' id='word_1_352' title='bbox 1075 3315 1480 3370; x_wconf 84' lang='lat' dir='ltr'><strong>inuovationcm</strong></span> <span class='ocrx_word' id='word_1_353' title='bbox 1521 3331 1642 3372; x_wconf 90' lang='lat' dir='ltr'><strong>esse</strong></span> <span class='ocrx_word' id='word_1_354' title='bbox 1671 3332 1829 3373; x_wconf 85' lang='lat' dir='ltr'><strong>verus</strong></span> <span class='ocrx_word' id='word_1_355' title='bbox 1857 3333 1972 3373; x_wconf 84' lang='lat' dir='ltr'><strong>ser-</strong></span> 
     </span>
    </p>
   </div>
   <div class='ocr_carea' id='block_1_51' title="bbox 386 3405 1970 3477">
    <p class='ocr_par' dir='ltr' id='par_1_51' title="bbox 386 3405 1970 3477">
     <span class='ocr_line' id='line_1_51' title="bbox 386 3405 1970 3477; baseline -0.002 -11"><span class='ocrx_word' id='word_1_356' title='bbox 386 3427 480 3466; x_wconf 88' lang='lat' dir='ltr'><strong>mo</strong></span> <span class='ocrx_word' id='word_1_357' title='bbox 529 3426 594 3464; x_wconf 81' lang='lat' dir='ltr'><strong>ex</strong></span> <span class='ocrx_word' id='word_1_358' title='bbox 639 3425 703 3463; x_wconf 90' lang='lat' dir='ltr'><strong>eo</strong></span> <span class='ocrx_word' id='word_1_359' title='bbox 753 3407 1125 3472; x_wconf 85' lang='lat' dir='ltr'><strong>demonstrat,</strong></span> <span class='ocrx_word' id='word_1_360' title='bbox 1158 3406 1302 3476; x_wconf 92' lang='lat' dir='ltr'><strong>quod</strong></span> <span class='ocrx_word' id='word_1_361' title='bbox 1337 3405 1578 3477; x_wconf 88' lang='lat' dir='ltr'><strong>Spiritus</strong></span> <span class='ocrx_word' id='word_1_362' title='bbox 1631 3407 1851 3477; x_wconf 86' lang='lat' dir='ltr'><strong>quidem</strong></span> <span class='ocrx_word' id='word_1_363' title='bbox 1904 3423 1970 3463; x_wconf 86' lang='lat' dir='ltr'><strong>ex</strong></span> 
     </span>
    </p>
   </div>
   <div class='ocr_carea' id='block_1_52' title="bbox 381 3495 1972 3568">
    <p class='ocr_par' dir='ltr' id='par_1_52' title="bbox 381 3495 1972 3568">
     <span class='ocr_line' id='line_1_52' title="bbox 381 3495 1972 3568; baseline -0.001 -13"><span class='ocrx_word' id='word_1_364' title='bbox 381 3503 546 3555; x_wconf 72' lang='lat' dir='ltr'><strong>Paire</strong></span> <span class='ocrx_word' id='word_1_365' title='bbox 586 3507 671 3553; x_wconf 92' lang='lat' dir='ltr'><strong>est</strong></span> <span class='ocrx_word' id='word_1_366' title='bbox 713 3513 808 3566; x_wconf 90' lang='lat' dir='ltr'><strong>per</strong></span> <span class='ocrx_word' id='word_1_367' title='bbox 843 3495 1069 3562; x_wconf 86' lang='lat' dir='ltr'><strong>Filium,</strong></span> <span class='ocrx_word' id='word_1_368' title='bbox 1104 3511 1209 3550; x_wconf 91' lang='lat' dir='ltr'><strong>non</strong></span> <span class='ocrx_word' id='word_1_369' title='bbox 1245 3506 1427 3550; x_wconf 90' lang='lat' dir='ltr'><strong>autem</strong></span> <span class='ocrx_word' id='word_1_370' title='bbox 1468 3513 1566 3568; x_wconf 85' lang='lat' dir='ltr'><strong>per</strong></span> <span class='ocrx_word' id='word_1_371' title='bbox 1597 3496 1862 3568; x_wconf 89' lang='lat' dir='ltr'><strong>Spiritum</strong></span> <span class='ocrx_word' id='word_1_372' title='bbox 1889 3509 1972 3554; x_wconf 91' lang='lat' dir='ltr'><strong>est</strong></span> 
     </span>
    </p>
   </div>
   <div class='ocr_carea' id='block_1_53' title="bbox 385 3585 1973 3660">
    <p class='ocr_par' dir='ltr' id='par_1_53' title="bbox 385 3585 1973 3660">
     <span class='ocr_line' id='line_1_53' title="bbox 385 3585 1973 3660; baseline 0.001 -18"><span class='ocrx_word' id='word_1_373' title='bbox 385 3591 518 3660; x_wconf 89' lang='lat' dir='ltr'><strong>quid</strong></span> <span class='ocrx_word' id='word_1_374' title='bbox 546 3585 872 3642; x_wconf 87' lang='lat' dir='ltr'><strong>aliud.&#39;Nam</strong></span> <span class='ocrx_word' id='word_1_375' title='bbox 901 3601 1089 3640; x_wconf 85' lang='lat' dir='ltr'><strong>verum</strong></span> <span class='ocrx_word' id='word_1_376' title='bbox 1123 3595 1210 3641; x_wconf 88' lang='lat' dir='ltr'><strong>est</strong></span> <span class='ocrx_word' id='word_1_377' title='bbox 1245 3586 1454 3650; x_wconf 89' lang='lat' dir='ltr'><strong>dicere,</strong></span> <span class='ocrx_word' id='word_1_378' title='bbox 1495 3603 1592 3657; x_wconf 81' lang='lat' dir='ltr'><strong>per</strong></span> <span class='ocrx_word' id='word_1_379' title='bbox 1613 3585 1814 3641; x_wconf 82' lang='lat' dir='ltr'><strong>Filium</strong></span> <span class='ocrx_word' id='word_1_380' title='bbox 1851 3603 1973 3643; x_wconf 91' lang='lat' dir='ltr'><strong>esse</strong></span> 
     </span>
    </p>
   </div>
   <div class='ocr_carea' id='block_1_54' title="bbox 387 3675 1970 3750">
    <p class='ocr_par' dir='ltr' id='par_1_54' title="bbox 387 3675 1970 3750">
     <span class='ocr_line' id='line_1_54' title="bbox 387 3675 1970 3750; baseline 0.001 -22"><span class='ocrx_word' id='word_1_381' title='bbox 387 3680 652 3750; x_wconf 64' lang='lat' dir='ltr'><strong>I‘pililuul</strong></span> <span class='ocrx_word' id='word_1_382' title='bbox 687 3694 750 3732; x_wconf 81' lang='lat' dir='ltr'><strong>ex</strong></span> <span class='ocrx_word' id='word_1_383' title='bbox 785 3678 944 3730; x_wconf 86' lang='lat' dir='ltr'><strong>Patre</strong></span> <span class='ocrx_word' id='word_1_384' title='bbox 994 3685 1048 3729; x_wconf 89' lang='lat' dir='ltr'><strong>et</strong></span> <span class='ocrx_word' id='word_1_385' title='bbox 1085 3691 1208 3732; x_wconf 87' lang='lat' dir='ltr'><strong>esse</strong></span> <span class='ocrx_word' id='word_1_386' title='bbox 1230 3691 1295 3730; x_wconf 82' lang='lat' dir='ltr'><strong>ex</strong></span> <span class='ocrx_word' id='word_1_387' title='bbox 1339 3685 1606 3745; x_wconf 89' lang='lat' dir='ltr'><strong>utroque;</strong></span> <span class='ocrx_word' id='word_1_388' title='bbox 1667 3692 1764 3746; x_wconf 88' lang='lat' dir='ltr'><strong>per</strong></span> <span class='ocrx_word' id='word_1_389' title='bbox 1797 3675 1970 3746; x_wconf 89' lang='lat' dir='ltr'><strong>Spiri-</strong></span> 
     </span>
    </p>
   </div>
   <div class='ocr_carea' id='block_1_55' title="bbox 388 3766 1970 3836">
    <p class='ocr_par' dir='ltr' id='par_1_55' title="bbox 388 3766 1970 3836">
     <span class='ocr_line' id='line_1_55' title="bbox 388 3766 1970 3836; baseline -0.003 -12"><span class='ocrx_word' id='word_1_390' title='bbox 388 3783 502 3824; x_wconf 79' lang='lat' dir='ltr'><strong>t-uiu</strong></span> <span class='ocrx_word' id='word_1_391' title='bbox 539 3785 669 3823; x_wconf 64' lang='grc' dir='ltr'><strong>νς·το</strong></span> <span class='ocrx_word' id='word_1_392' title='bbox 706 3769 838 3822; x_wconf 91' lang='lat' dir='ltr'><strong>nihil</strong></span> <span class='ocrx_word' id='word_1_393' title='bbox 870 3766 1020 3822; x_wconf 84' lang='lat' dir='ltr'><strong>aliud</strong></span> <span class='ocrx_word' id='word_1_394' title='bbox 1047 3778 1131 3822; x_wconf 85' lang='lat' dir='ltr'><strong>est</strong></span> <span class='ocrx_word' id='word_1_395' title='bbox 1163 3782 1227 3821; x_wconf 83' lang='lat' dir='ltr'><strong>ex</strong></span> <span class='ocrx_word' id='word_1_396' title='bbox 1256 3767 1454 3821; x_wconf 85' lang='lat' dir='ltr'><strong>Patre:</strong></span> <span class='ocrx_word' id='word_1_397' title='bbox 1490 3783 1598 3821; x_wconf 86' lang='lat' dir='ltr'><strong>non</strong></span> <span class='ocrx_word' id='word_1_398' title='bbox 1627 3776 1802 3835; x_wconf 85' lang='lat' dir='ltr'><strong>potest</strong></span> <span class='ocrx_word' id='word_1_399' title='bbox 1840 3782 1970 3836; x_wconf 83' lang='lat' dir='ltr'><strong>ergo</strong></span> 
     </span>
    </p>
   </div>
   <div class='ocr_carea' id='block_1_56' title="bbox 388 3859 1972 3931">
    <p class='ocr_par' dir='ltr' id='par_1_56' title="bbox 388 3859 1972 3931">
     <span class='ocr_line' id='line_1_56' title="bbox 388 3859 1972 3931; baseline -0.001 -15"><span class='ocrx_word' id='word_1_400' title='bbox 388 3864 498 3918; x_wconf 91' lang='lat' dir='ltr'><strong>dici</strong></span> <span class='ocrx_word' id='word_1_401' title='bbox 543 3865 590 3917; x_wconf 79' lang='lat' dir='ltr'><strong>a‘l</strong></span> <span class='ocrx_word' id='word_1_402' title='bbox 618 3862 687 3916; x_wconf 90' lang='lat' dir='ltr'><strong>ud</strong></span> <span class='ocrx_word' id='word_1_403' title='bbox 730 3861 1029 3931; x_wconf 83' lang='lat' dir='ltr'><strong>quodpiam</strong></span> <span class='ocrx_word' id='word_1_404' title='bbox 1066 3876 1132 3914; x_wconf 77' lang='lat' dir='ltr'><strong>ex</strong></span> <span class='ocrx_word' id='word_1_405' title='bbox 1177 3859 1383 3930; x_wconf 85' lang='lat' dir='ltr'><strong>Spiritu</strong></span> <span class='ocrx_word' id='word_1_406' title='bbox 1417 3874 1560 3914; x_wconf 90' lang='lat' dir='ltr'><strong>esse.</strong></span> <span class='ocrx_word' id='word_1_407' title='bbox 1613 3860 1677 3914; x_wconf 90' lang='lat' dir='ltr'><strong>Et</strong></span> <span class='ocrx_word' id='word_1_408' title='bbox 1705 3861 1852 3914; x_wconf 88' lang='lat' dir='ltr'><strong>nulla</strong></span> <span class='ocrx_word' id='word_1_409' title='bbox 1883 3860 1972 3914; x_wconf 90' lang='lat' dir='ltr'><strong>hic</strong></span> 
     </span>
    </p>
   </div>
   <div class='ocr_carea' id='block_1_57' title="bbox 385 3953 1969 4022">
    <p class='ocr_par' dir='ltr' id='par_1_57' title="bbox 385 3953 1969 4022">
     <span class='ocr_line' id='line_1_57' title="bbox 385 3953 1969 4022; baseline -0.004 -12"><span class='ocrx_word' id='word_1_410' title='bbox 385 3965 646 4010; x_wconf 78' lang='lat' dir='ltr'><strong>czeterum</strong></span> <span class='ocrx_word' id='word_1_411' title='bbox 683 3953 920 4022; x_wconf 86' lang='lat' dir='ltr'><strong>Spiritus</strong></span> <span class='ocrx_word' id='word_1_412' title='bbox 958 3953 1237 4006; x_wconf 82' lang='lat' dir='ltr'><strong>innovatio</strong></span> <span class='ocrx_word' id='word_1_413' title='bbox 1272 3961 1514 4021; x_wconf 87' lang='lat' dir='ltr'><strong>apparet,</strong></span> <span class='ocrx_word' id='word_1_414' title='bbox 1557 3953 1660 4006; x_wconf 81' lang='lat' dir='ltr'><strong>etsi</strong></span> <span class='ocrx_word' id='word_1_415' title='bbox 1693 3966 1801 4005; x_wconf 91' lang='lat' dir='ltr'><strong>non</strong></span> <span class='ocrx_word' id='word_1_416' title='bbox 1840 3968 1969 4021; x_wconf 88' lang='lat' dir='ltr'><strong>pro-</strong></span> 
     </span>
    </p>
   </div>
   <div class='ocr_carea' id='block_1_58' title="bbox 385 4042 1972 4114">
    <p class='ocr_par' dir='ltr' id='par_1_58' title="bbox 385 4042 1972 4114">
     <span class='ocr_line' id='line_1_58' title="bbox 385 4042 1972 4114; baseline -0.002 -14"><span class='ocrx_word' id='word_1_417' title='bbox 385 4045 534 4101; x_wconf 85' lang='lat' dir='ltr'><strong>cedit</strong></span> <span class='ocrx_word' id='word_1_418' title='bbox 560 4060 625 4098; x_wconf 79' lang='lat' dir='ltr'><strong>ex</strong></span> <span class='ocrx_word' id='word_1_419' title='bbox 653 4044 773 4113; x_wconf 91' lang='lat' dir='ltr'><strong>ipso</strong></span> <span class='ocrx_word' id='word_1_420' title='bbox 807 4042 954 4097; x_wconf 89' lang='lat' dir='ltr'><strong>aliud</strong></span> <span class='ocrx_word' id='word_1_421' title='bbox 993 4043 1319 4114; x_wconf 90' lang='lat' dir='ltr'><strong>quidquam,</strong></span> <span class='ocrx_word' id='word_1_422' title='bbox 1346 4057 1512 4112; x_wconf 88' lang='lat' dir='ltr'><strong>quam</strong></span> <span class='ocrx_word' id='word_1_423' title='bbox 1549 4044 1682 4096; x_wconf 90' lang='lat' dir='ltr'><strong>nihil</strong></span> <span class='ocrx_word' id='word_1_424' title='bbox 1716 4044 1864 4097; x_wconf 89' lang='lat' dir='ltr'><strong>aliud</strong></span> <span class='ocrx_word' id='word_1_425' title='bbox 1900 4044 1972 4098; x_wconf 90' lang='lat' dir='ltr'><strong>sit</strong></span> 
     </span>
    </p>
   </div>
   <div class='ocr_carea' id='block_1_59' title="bbox 384 4135 1968 4206">
    <p class='ocr_par' dir='ltr' id='par_1_59' title="bbox 384 4135 1968 4206">
     <span class='ocr_line' id='line_1_59' title="bbox 384 4135 1968 4206; baseline -0.003 -13"><span class='ocrx_word' id='word_1_426' title='bbox 384 4155 453 4194; x_wconf 79' lang='lat' dir='ltr'><strong>ex</strong></span> <span class='ocrx_word' id='word_1_427' title='bbox 514 4138 674 4192; x_wconf 88' lang='lat' dir='ltr'><strong>Patre</strong></span> <span class='ocrx_word' id='word_1_428' title='bbox 731 4151 825 4206; x_wconf 90' lang='lat' dir='ltr'><strong>per</strong></span> <span class='ocrx_word' id='word_1_429' title='bbox 860 4137 1040 4206; x_wconf 88' lang='lat' dir='ltr'><strong>ipsum</strong></span> <span class='ocrx_word' id='word_1_430' title='bbox 1107 4135 1378 4203; x_wconf 84' lang='lat' dir='ltr'><strong>ejusmodi</strong></span> <span class='ocrx_word' id='word_1_431' title='bbox 1441 4150 1660 4205; x_wconf 89' lang='lat' dir='ltr'><strong>quoque</strong></span> <span class='ocrx_word' id='word_1_432' title='bbox 1715 4145 1800 4191; x_wconf 89' lang='lat' dir='ltr'><strong>est</strong></span> <span class='ocrx_word' id='word_1_433' title='bbox 1864 4138 1968 4201; x_wconf 87' lang='lat' dir='ltr'><strong>eis,</strong></span> 
     </span>
    </p>
   </div>
   <div class='ocr_carea' id='block_1_60' title="bbox 283 4230 1972 4302">
    <p class='ocr_par' dir='ltr' id='par_1_60' title="bbox 283 4230 1972 4302">
     <span class='ocr_line' id='line_1_60' title="bbox 283 4230 1972 4302; baseline -0.002 -17"><span class='ocrx_word' id='word_1_434' title='bbox 283 4299 287 4302; x_wconf 19' lang='grc' dir='ltr'>ι</span> <span class='ocrx_word' id='word_1_435' title='bbox 387 4248 550 4301; x_wconf 86' lang='lat' dir='ltr'><strong>quem</strong></span> <span class='ocrx_word' id='word_1_436' title='bbox 593 4241 772 4300; x_wconf 80' lang='lat' dir='ltr'><strong>putas,</strong></span> <span class='ocrx_word' id='word_1_437' title='bbox 837 4243 1147 4298; x_wconf 87' lang='lat' dir='ltr'><strong>propensus</strong></span> <span class='ocrx_word' id='word_1_438' title='bbox 1195 4231 1246 4280; x_wconf 93' lang='lat' dir='ltr'><strong>iu</strong></span> <span class='ocrx_word' id='word_1_439' title='bbox 1281 4230 1508 4282; x_wconf 88' lang='lat' dir='ltr'><strong>alteram</strong></span> <span class='ocrx_word' id='word_1_440' title='bbox 1557 4239 1764 4298; x_wconf 84' lang='lat' dir='ltr'><strong>partem</strong></span> <span class='ocrx_word' id='word_1_441' title='bbox 1817 4230 1972 4282; x_wconf 81' lang='lat' dir='ltr'><strong>favor</strong></span> 
     </span>
    </p>
   </div>
   <div class='ocr_carea' id='block_1_61' title="bbox 384 4317 1970 4389">
    <p class='ocr_par' dir='ltr' id='par_1_61' title="bbox 384 4317 1970 4389">
     <span class='ocr_line' id='line_1_61' title="bbox 384 4317 1970 4389; baseline -0.003 -11"><span class='ocrx_word' id='word_1_442' title='bbox 384 4321 678 4388; x_wconf 81' lang='lat' dir='ltr'><strong>Patrisque</strong></span> <span class='ocrx_word' id='word_1_443' title='bbox 709 4320 877 4372; x_wconf 87' lang='lat' dir='ltr'><strong>nimia</strong></span> <span class='ocrx_word' id='word_1_444' title='bbox 914 4319 966 4372; x_wconf 93' lang='lat' dir='ltr'><strong>in</strong></span> <span class='ocrx_word' id='word_1_445' title='bbox 994 4317 1200 4372; x_wconf 77' lang='lat' dir='ltr'><strong>Filium</strong></span> <span class='ocrx_word' id='word_1_446' title='bbox 1237 4317 1487 4386; x_wconf 72' lang='lat' dir='ltr'><strong>aﬂ‘ectio;</strong></span> <span class='ocrx_word' id='word_1_447' title='bbox 1538 4329 1704 4389; x_wconf 86' lang='lat' dir='ltr'><strong>atque</strong></span> <span class='ocrx_word' id='word_1_448' title='bbox 1738 4321 1970 4388; x_wconf 81' lang='lat' dir='ltr'><strong>privatio</strong></span> 
     </span>
    </p>
   </div>
   <div class='ocr_carea' id='block_1_62' title="bbox 387 4410 1967 4481">
    <p class='ocr_par' dir='ltr' id='par_1_62' title="bbox 387 4410 1967 4481">
     <span class='ocr_line' id='line_1_62' title="bbox 387 4410 1967 4481; baseline -0.002 -13"><span class='ocrx_word' id='word_1_449' title='bbox 387 4422 444 4468; x_wconf 87' lang='lat' dir='ltr'><strong>et</strong></span> <span class='ocrx_word' id='word_1_450' title='bbox 497 4412 866 4473; x_wconf 66' lang='lat' dir='ltr'><strong>defraudatis),</strong></span> <span class='ocrx_word' id='word_1_451' title='bbox 946 4426 1054 4481; x_wconf 91' lang='lat' dir='ltr'><strong>qua</strong></span> <span class='ocrx_word' id='word_1_452' title='bbox 1107 4410 1345 4480; x_wconf 87' lang='lat' dir='ltr'><strong>Spiritus</strong></span> <span class='ocrx_word' id='word_1_453' title='bbox 1405 4412 1708 4480; x_wconf 66' lang='lat' dir='ltr'><strong>aaqualibus</strong></span> <span class='ocrx_word' id='word_1_454' title='bbox 1746 4411 1967 4481; x_wconf 84' lang='lat' dir='ltr'><strong>juribus</strong></span> 
     </span>
    </p>
   </div>
   <div class='ocr_carea' id='block_1_63' title="bbox 2077 1941 3664 2017">
    <p class='ocr_par' dir='ltr' id='par_1_63' title="bbox 2077 1941 3664 2017">
     <span class='ocr_line' id='line_1_63' title="bbox 2077 1941 3664 2017; baseline 0.003 -22"><span class='ocrx_word' id='word_1_455' title='bbox 2077 1959 2168 1996; x_wconf 86' lang='grc' dir='ltr'><strong>νου</strong></span> <span class='ocrx_word' id='word_1_456' title='bbox 2198 1942 2292 1995; x_wconf 90' lang='grc' dir='ltr'><strong>τοῦ</strong></span> <span class='ocrx_word' id='word_1_457' title='bbox 2326 1941 2540 2013; x_wconf 75' lang='grc' dir='ltr'>Πατρὸς</span> <span class='ocrx_word' id='word_1_458' title='bbox 2566 1941 2628 1995; x_wconf 78' lang='grc' dir='ltr'>τὸ</span> <span class='ocrx_word' id='word_1_459' title='bbox 2672 1943 2893 2012; x_wconf 80' lang='grc' dir='ltr'>Πνεῦμα</span> <span class='ocrx_word' id='word_1_460' title='bbox 2937 1944 2997 1996; x_wconf 86' lang='grc' dir='ltr'><strong>τὸ</strong></span> <span class='ocrx_word' id='word_1_461' title='bbox 3032 1945 3187 2012; x_wconf 74' lang='grc' dir='ltr'>ἅγιον</span> <span class='ocrx_word' id='word_1_462' title='bbox 3237 1947 3664 2017; x_wconf 72' lang='grc' dir='ltr'>ἐκπορεύεσθαι,</span> 
     </span>
    </p>
   </div>
   <div class='ocr_carea' id='block_1_64' title="bbox 2076 2027 3671 2106">
    <p class='ocr_par' dir='ltr' id='par_1_64' title="bbox 2076 2027 3671 2106">
     <span class='ocr_line' id='line_1_64' title="bbox 2076 2027 3671 2106; baseline 0.002 -18"><span class='ocrx_word' id='word_1_463' title='bbox 2076 2035 2108 2106; x_wconf 83' lang='grc' dir='ltr'>ἢ</span> <span class='ocrx_word' id='word_1_464' title='bbox 2139 2036 2204 2088; x_wconf 82' lang='grc' dir='ltr'>ὲκ</span> <span class='ocrx_word' id='word_1_465' title='bbox 2247 2035 2410 2104; x_wconf 76' lang='grc' dir='ltr'>μόνον</span> <span class='ocrx_word' id='word_1_466' title='bbox 2439 2033 2532 2088; x_wconf 89' lang='grc' dir='ltr'><strong>τοῦ</strong></span> <span class='ocrx_word' id='word_1_467' title='bbox 2568 2033 2715 2096; x_wconf 83' lang='grc' dir='ltr'>Υίοῦ,</span> <span class='ocrx_word' id='word_1_468' title='bbox 2750 2027 2794 2101; x_wconf 83' lang='grc' dir='ltr'><strong>ᾧ</strong></span> <span class='ocrx_word' id='word_1_469' title='bbox 2836 2051 2942 2088; x_wconf 87' lang='grc' dir='ltr'>τινι</span> <span class='ocrx_word' id='word_1_470' title='bbox 2985 2035 3415 2106; x_wconf 84' lang='grc' dir='ltr'>συμπεράσματι</span> <span class='ocrx_word' id='word_1_471' title='bbox 3447 2039 3574 2100; x_wconf 83' lang='grc' dir='ltr'>τοὺς</span> <span class='ocrx_word' id='word_1_472' title='bbox 3600 2039 3671 2092; x_wconf 78' lang='grc' dir='ltr'>ἐκ</span> 
     </span>
    </p>
   </div>
   <div class='ocr_carea' id='block_1_65' title="bbox 2073 2120 3671 2194">
    <p class='ocr_par' dir='ltr' id='par_1_65' title="bbox 2073 2120 3671 2194">
     <span class='ocr_line' id='line_1_65' title="bbox 2073 2120 3671 2194; baseline 0.002 -18"><span class='ocrx_word' id='word_1_473' title='bbox 2073 2123 2168 2177; x_wconf 90' lang='grc' dir='ltr'><strong>τοῦ</strong></span> <span class='ocrx_word' id='word_1_474' title='bbox 2197 2122 2327 2177; x_wconf 83' lang='grc' dir='ltr'>Υίόῦ</span> <span class='ocrx_word' id='word_1_475' title='bbox 2353 2123 2611 2189; x_wconf 87' lang='grc' dir='ltr'>λέγοντας</span> <span class='ocrx_word' id='word_1_476' title='bbox 2641 2120 2782 2176; x_wconf 76' lang='grc' dir='ltr'>εἶναι</span> <span class='ocrx_word' id='word_1_477' title='bbox 2827 2123 2889 2177; x_wconf 75' lang='grc' dir='ltr'>τὸ</span> <span class='ocrx_word' id='word_1_478' title='bbox 2923 2123 3148 2193; x_wconf 84' lang='grc' dir='ltr'>Πνεῦμα</span> <span class='ocrx_word' id='word_1_479' title='bbox 3185 2125 3265 2188; x_wconf 86' lang='grc' dir='ltr'><strong>είς</strong></span> <span class='ocrx_word' id='word_1_480' title='bbox 3313 2125 3471 2178; x_wconf 85' lang='grc' dir='ltr'>τόσον</span> <span class='ocrx_word' id='word_1_481' title='bbox 3504 2125 3671 2194; x_wconf 85' lang='grc' dir='ltr'>βλασ-</span> 
     </span>
    </p>
   </div>
   <div class='ocr_carea' id='block_1_66' title="bbox 2075 2214 3667 2290">
    <p class='ocr_par' dir='ltr' id='par_1_66' title="bbox 2075 2214 3667 2290">
     <span class='ocr_line' id='line_1_66' title="bbox 2075 2214 3667 2290; baseline 0 -20"><span class='ocrx_word' id='word_1_482' title='bbox 2075 2215 2285 2285; x_wconf 81' lang='grc' dir='ltr'>φημίας</span> <span class='ocrx_word' id='word_1_483' title='bbox 2326 2217 2584 2290; x_wconf 72' lang='grc' dir='ltr'>ἀπάγεις,</span> <span class='ocrx_word' id='word_1_484' title='bbox 2627 2214 2702 2278; x_wconf 84' lang='grc' dir='ltr'><strong>ῶς</strong></span> <span class='ocrx_word' id='word_1_485' title='bbox 2737 2215 2834 2269; x_wconf 75' lang='grc' dir='ltr'><strong>καὶ</strong></span> <span class='ocrx_word' id='word_1_486' title='bbox 2878 2215 2978 2286; x_wconf 86' lang='grc' dir='ltr'>τὴν</span> <span class='ocrx_word' id='word_1_487' title='bbox 3028 2217 3283 2285; x_wconf 81' lang='grc' dir='ltr'><strong>γέννησιν</strong></span> <span class='ocrx_word' id='word_1_488' title='bbox 3308 2219 3375 2286; x_wconf 82' lang='grc' dir='ltr'>τῇ</span> <span class='ocrx_word' id='word_1_489' title='bbox 3420 2217 3667 2288; x_wconf 78' lang='grc' dir='ltr'>προῦολῇ</span> 
     </span>
    </p>
   </div>
   <div class='ocr_carea' id='block_1_67' title="bbox 2077 2306 3669 2380">
    <p class='ocr_par' dir='ltr' id='par_1_67' title="bbox 2077 2306 3669 2380">
     <span class='ocr_line' id='line_1_67' title="bbox 2077 2306 3669 2380; baseline 0.003 -22"><span class='ocrx_word' id='word_1_490' title='bbox 2077 2306 2540 2377; x_wconf 86' lang='grc' dir='ltr'>συμμετατιθέναι</span> <span class='ocrx_word' id='word_1_491' title='bbox 2570 2308 2667 2362; x_wconf 83' lang='grc' dir='ltr'>καὶ</span> <span class='ocrx_word' id='word_1_492' title='bbox 2716 2306 2808 2360; x_wconf 85' lang='grc' dir='ltr'>τὸν</span> <span class='ocrx_word' id='word_1_493' title='bbox 2839 2307 3060 2379; x_wconf 82' lang='grc' dir='ltr'>Πατέρα</span> <span class='ocrx_word' id='word_1_494' title='bbox 3101 2309 3165 2359; x_wconf 83' lang='grc' dir='ltr'>ὲκ</span> <span class='ocrx_word' id='word_1_495' title='bbox 3202 2307 3294 2360; x_wconf 88' lang='grc' dir='ltr'><strong>τοῦ</strong></span> <span class='ocrx_word' id='word_1_496' title='bbox 3334 2307 3466 2360; x_wconf 85' lang='grc' dir='ltr'>Υίοῦ</span> <span class='ocrx_word' id='word_1_497' title='bbox 3501 2325 3669 2380; x_wconf 90' lang='grc' dir='ltr'>τερα-</span> 
     </span>
    </p>
   </div>
   <div class='ocr_carea' id='block_1_68' title="bbox 2072 2398 3664 2472">
    <p class='ocr_par' dir='ltr' id='par_1_68' title="bbox 2072 2398 3664 2472">
     <span class='ocr_line' id='line_1_68' title="bbox 2072 2398 3664 2472; baseline 0.003 -21"><span class='ocrx_word' id='word_1_498' title='bbox 2072 2399 2348 2468; x_wconf 86' lang='grc' dir='ltr'>τολογεῖν·</span> <span class='ocrx_word' id='word_1_499' title='bbox 2383 2398 2831 2452; x_wconf 84' lang='grc' dir='ltr'>ἀντικαθίσταταί</span> <span class='ocrx_word' id='word_1_500' title='bbox 2861 2416 2943 2451; x_wconf 93' lang='grc' dir='ltr'><strong>σοι</strong></span> <span class='ocrx_word' id='word_1_501' title='bbox 2969 2401 3070 2468; x_wconf 84' lang='grc' dir='ltr'>τῆς</span> <span class='ocrx_word' id='word_1_502' title='bbox 3115 2398 3398 2466; x_wconf 81' lang='grc' dir='ltr'>θεολογίας</span> <span class='ocrx_word' id='word_1_503' title='bbox 3444 2401 3664 2472; x_wconf 81' lang='grc' dir='ltr'>Γρηγό-</span> 
     </span>
    </p>
   </div>
   <div class='ocr_carea' id='block_1_69' title="bbox 2075 2489 3666 2564">
    <p class='ocr_par' dir='ltr' id='par_1_69' title="bbox 2075 2489 3666 2564">
     <span class='ocr_line' id='line_1_69' title="bbox 2075 2489 3666 2564; baseline 0.001 -20"><span class='ocrx_word' id='word_1_504' title='bbox 2075 2509 2189 2564; x_wconf 86' lang='grc' dir='ltr'>ριος</span> <span class='ocrx_word' id='word_1_505' title='bbox 2220 2491 2365 2557; x_wconf 84' lang='grc' dir='ltr'>νοῦς,</span> <span class='ocrx_word' id='word_1_506' title='bbox 2401 2491 2612 2545; x_wconf 72' lang='grc' dir='ltr'>κοινὸν</span> <span class='ocrx_word' id='word_1_507' title='bbox 2644 2489 2782 2544; x_wconf 73' lang='grc' dir='ltr'>εἶναι</span> <span class='ocrx_word' id='word_1_508' title='bbox 2805 2492 2986 2560; x_wconf 84' lang='grc' dir='ltr'>λέγων</span> <span class='ocrx_word' id='word_1_509' title='bbox 3021 2491 3129 2556; x_wconf 82' lang='grc' dir='ltr'><strong>Υίῷ</strong></span> <span class='ocrx_word' id='word_1_510' title='bbox 3161 2491 3261 2545; x_wconf 81' lang='grc' dir='ltr'>καὶ</span> <span class='ocrx_word' id='word_1_511' title='bbox 3289 2492 3438 2560; x_wconf 78' lang='grc' dir='ltr'><strong>ἀγΙῳ</strong></span> <span class='ocrx_word' id='word_1_512' title='bbox 3467 2494 3628 2546; x_wconf 76' lang='grc' dir='ltr'>Πνεύ</span> <span class='ocrx_word' id='word_1_513' title='bbox 3648 2522 3666 2535; x_wconf 80' lang='grc' dir='ltr'><strong>ο</strong></span> 
     </span>
    </p>
   </div>
   <div class='ocr_carea' id='block_1_70' title="bbox 2067 2582 3665 2654">
    <p class='ocr_par' dir='ltr' id='par_1_70' title="bbox 2067 2582 3665 2654">
     <span class='ocr_line' id='line_1_70' title="bbox 2067 2582 3665 2654; baseline 0.001 -18"><span class='ocrx_word' id='word_1_514' title='bbox 2067 2599 2208 2651; x_wconf 66' lang='lat' dir='ltr'><strong>yart</strong></span> <span class='ocrx_word' id='word_1_515' title='bbox 2234 2584 2297 2636; x_wconf 72' lang='grc' dir='ltr'><strong>τε»</strong></span> <span class='ocrx_word' id='word_1_516' title='bbox 2330 2583 2399 2636; x_wconf 82' lang='grc' dir='ltr'>ἐκ</span> <span class='ocrx_word' id='word_1_517' title='bbox 2425 2583 2528 2636; x_wconf 85' lang='grc' dir='ltr'><strong>τοῦ</strong></span> <span class='ocrx_word' id='word_1_518' title='bbox 2565 2583 2818 2650; x_wconf 72' lang='grc' dir='ltr'>Πατρός,</span> <span class='ocrx_word' id='word_1_519' title='bbox 2850 2582 3140 2636; x_wconf 85' lang='grc' dir='ltr'>κάντεῦθεν</span> <span class='ocrx_word' id='word_1_520' title='bbox 3167 2584 3353 2653; x_wconf 83' lang='grc' dir='ltr'>σαφῶς</span> <span class='ocrx_word' id='word_1_521' title='bbox 3378 2587 3665 2654; x_wconf 86' lang='grc' dir='ltr'>παριστῶν</span> 
     </span>
    </p>
   </div>
   <div class='ocr_carea' id='block_1_71' title="bbox 2071 2671 3664 2746">
    <p class='ocr_par' dir='ltr' id='par_1_71' title="bbox 2071 2671 3664 2746">
     <span class='ocr_line' id='line_1_71' title="bbox 2071 2671 3664 2746; baseline 0.003 -22"><span class='ocrx_word' id='word_1_522' title='bbox 2071 2673 2285 2740; x_wconf 71' lang='grc' dir='ltr'>ψευδεῖς</span> <span class='ocrx_word' id='word_1_523' title='bbox 2343 2671 2483 2726; x_wconf 74' lang='grc' dir='ltr'>εἶναι</span> <span class='ocrx_word' id='word_1_524' title='bbox 2539 2675 2664 2736; x_wconf 79' lang='grc' dir='ltr'>τοὺς</span> <span class='ocrx_word' id='word_1_525' title='bbox 2719 2674 3010 2741; x_wconf 74' lang='grc' dir='ltr'>λέγοντας·</span> <span class='ocrx_word' id='word_1_526' title='bbox 3069 2677 3176 2729; x_wconf 83' lang='grc' dir='ltr'>πᾶν</span> <span class='ocrx_word' id='word_1_527' title='bbox 3230 2677 3370 2746; x_wconf 81' lang='grc' dir='ltr'>ὅπερ</span> <span class='ocrx_word' id='word_1_528' title='bbox 3422 2677 3515 2729; x_wconf 72' lang='grc' dir='ltr'>ἐπὶ</span> <span class='ocrx_word' id='word_1_529' title='bbox 3561 2678 3664 2744; x_wconf 80' lang='grc' dir='ltr'>τῆς</span> 
     </span>
    </p>
   </div>
   <div class='ocr_carea' id='block_1_72' title="bbox 2077 2762 3666 2838">
    <p class='ocr_par' dir='ltr' id='par_1_72' title="bbox 2077 2762 3666 2838">
     <span class='ocr_line' id='line_1_72' title="bbox 2077 2762 3666 2838; baseline 0.005 -24"><span class='ocrx_word' id='word_1_530' title='bbox 2077 2762 2402 2832; x_wconf 71' lang='grc' dir='ltr'>ὕπερουσίου</span> <span class='ocrx_word' id='word_1_531' title='bbox 2462 2762 2692 2831; x_wconf 84' lang='grc' dir='ltr'>Τριάδος</span> <span class='ocrx_word' id='word_1_532' title='bbox 2728 2763 2822 2817; x_wconf 76' lang='grc' dir='ltr'>καὶ</span> <span class='ocrx_word' id='word_1_533' title='bbox 2860 2767 3062 2818; x_wconf 78' lang='grc' dir='ltr'>νοεῖται</span> <span class='ocrx_word' id='word_1_534' title='bbox 3099 2767 3194 2820; x_wconf 82' lang='grc' dir='ltr'>καὶ</span> <span class='ocrx_word' id='word_1_535' title='bbox 3231 2767 3448 2835; x_wconf 74' lang='grc' dir='ltr'>λέγεται</span> <span class='ocrx_word' id='word_1_536' title='bbox 3483 2769 3516 2838; x_wconf 74' lang='grc' dir='ltr'>ἢ</span> <span class='ocrx_word' id='word_1_537' title='bbox 3549 2785 3666 2822; x_wconf 84' lang='grc' dir='ltr'>κοι-</span> 
     </span>
    </p>
   </div>
   <div class='ocr_carea' id='block_1_73' title="bbox 2072 2851 3036 2927">
    <p class='ocr_par' dir='ltr' id='par_1_73' title="bbox 2072 2851 3036 2927">
     <span class='ocr_line' id='line_1_73' title="bbox 2072 2851 3036 2927; baseline 0.006 -23"><span class='ocrx_word' id='word_1_538' title='bbox 2072 2851 2160 2906; x_wconf 87' lang='grc' dir='ltr'><strong>νόν</strong></span> <span class='ocrx_word' id='word_1_539' title='bbox 2189 2853 2308 2909; x_wconf 74' lang='grc' dir='ltr'>ἐστι</span> <span class='ocrx_word' id='word_1_540' title='bbox 2337 2853 2446 2906; x_wconf 90' lang='grc' dir='ltr'><strong>τῶν</strong></span> <span class='ocrx_word' id='word_1_541' title='bbox 2476 2854 2641 2925; x_wconf 83' lang='grc' dir='ltr'>τριῶν</span> <span class='ocrx_word' id='word_1_542' title='bbox 2677 2855 2709 2927; x_wconf 85' lang='grc' dir='ltr'>ἢ</span> <span class='ocrx_word' id='word_1_543' title='bbox 2736 2855 2855 2919; x_wconf 75' lang='grc' dir='ltr'>ἑνὸς</span> <span class='ocrx_word' id='word_1_544' title='bbox 2883 2854 3036 2910; x_wconf 83' lang='grc' dir='ltr'>ῐδιον.</span> 
     </span>
    </p>
   </div>
   <div class='ocr_carea' id='block_1_74' title="bbox 2149 3033 3657 3104">
    <p class='ocr_par' dir='ltr' id='par_1_74' title="bbox 2149 3033 3657 3104">
     <span class='ocr_line' id='line_1_74' title="bbox 2149 3033 3657 3104; baseline 0.004 -17"><span class='ocrx_word' id='word_1_545' title='bbox 2149 3035 2270 3087; x_wconf 85' lang='grc' dir='ltr'>Ἔτι</span> <span class='ocrx_word' id='word_1_546' title='bbox 2301 3035 2358 3087; x_wconf 84' lang='grc' dir='ltr'>δὲ</span> <span class='ocrx_word' id='word_1_547' title='bbox 2382 3034 2570 3104; x_wconf 78' lang='grc' dir='ltr'>ἐπειδὴ</span> <span class='ocrx_word' id='word_1_548' title='bbox 2607 3033 2926 3104; x_wconf 80' lang='grc' dir='ltr'>καινοτομία</span> <span class='ocrx_word' id='word_1_549' title='bbox 2960 3051 3043 3097; x_wconf 88' lang='grc' dir='ltr'><strong>τις</strong></span> <span class='ocrx_word' id='word_1_550' title='bbox 3071 3034 3218 3088; x_wconf 88' lang='grc' dir='ltr'>δοκεί</span> <span class='ocrx_word' id='word_1_551' title='bbox 3246 3054 3328 3090; x_wconf 94' lang='grc' dir='ltr'><strong>σοι</strong></span> <span class='ocrx_word' id='word_1_552' title='bbox 3357 3039 3451 3092; x_wconf 92' lang='grc' dir='ltr'><strong>τοῦ</strong></span> <span class='ocrx_word' id='word_1_553' title='bbox 3483 3039 3657 3093; x_wconf 59' lang='grc' dir='ltr'>Πεύ-</span> 
     </span>
    </p>
   </div>
   <div class='ocr_carea' id='block_1_75' title="bbox 1997 3125 3654 3228">
    <p class='ocr_par' dir='ltr' id='par_1_75' title="bbox 1997 3125 3654 3228">
     <span class='ocr_line' id='line_1_75' title="bbox 1997 3125 3654 3228; baseline 0.004 -50"><span class='ocrx_word' id='word_1_554' title='bbox 1997 3170 2044 3228; x_wconf 74' lang='lat' dir='ltr'><strong>c</strong></span> <span class='ocrx_word' id='word_1_555' title='bbox 2081 3144 2270 3194; x_wconf 76' lang='grc' dir='ltr'>ματος,</span> <span class='ocrx_word' id='word_1_556' title='bbox 2301 3128 2396 3180; x_wconf 79' lang='grc' dir='ltr'><strong>ἐὰν</strong></span> <span class='ocrx_word' id='word_1_557' title='bbox 2429 3129 2494 3180; x_wconf 81' lang='grc' dir='ltr'>ὲκ</span> <span class='ocrx_word' id='word_1_558' title='bbox 2523 3125 2733 3197; x_wconf 81' lang='grc' dir='ltr'>Πατρδς</span> <span class='ocrx_word' id='word_1_559' title='bbox 2779 3127 2872 3180; x_wconf 84' lang='grc' dir='ltr'><strong>καὶ</strong></span> <span class='ocrx_word' id='word_1_560' title='bbox 2907 3125 3037 3180; x_wconf 84' lang='grc' dir='ltr'>Υίοῦ</span> <span class='ocrx_word' id='word_1_561' title='bbox 3081 3127 3240 3182; x_wconf 87' lang='grc' dir='ltr'>τοῦτο</span> <span class='ocrx_word' id='word_1_562' title='bbox 3288 3132 3654 3201; x_wconf 80' lang='grc' dir='ltr'>ἐκπορευόμε-</span> 
     </span>
    </p>
   </div>
   <div class='ocr_carea' id='block_1_76' title="bbox 2078 3218 3656 3292">
    <p class='ocr_par' dir='ltr' id='par_1_76' title="bbox 2078 3218 3656 3292">
     <span class='ocr_line' id='line_1_76' title="bbox 2078 3218 3656 3292; baseline 0.002 -20"><span class='ocrx_word' id='word_1_563' title='bbox 2078 3236 2166 3272; x_wconf 86' lang='grc' dir='ltr'><strong>νον</strong></span> <span class='ocrx_word' id='word_1_564' title='bbox 2194 3219 2315 3288; x_wconf 75' lang='grc' dir='ltr'>οὐχ).</span> <span class='ocrx_word' id='word_1_565' title='bbox 2359 3219 2454 3273; x_wconf 73' lang='grc' dir='ltr'><strong>καὶ</strong></span> <span class='ocrx_word' id='word_1_566' title='bbox 2489 3218 2619 3273; x_wconf 84' lang='grc' dir='ltr'>αὐτὸ</span> <span class='ocrx_word' id='word_1_567' title='bbox 2667 3218 2855 3288; x_wconf 75' lang='grc' dir='ltr'>ἕτερόν</span> <span class='ocrx_word' id='word_1_568' title='bbox 2887 3234 2938 3271; x_wconf 89' lang='grc' dir='ltr'><strong>τι</strong></span> <span class='ocrx_word' id='word_1_569' title='bbox 2988 3218 3249 3291; x_wconf 74' lang='grc' dir='ltr'>ὲκπέμπῇ</span> <span class='ocrx_word' id='word_1_570' title='bbox 3286 3222 3384 3290; x_wconf 85' lang='grc' dir='ltr'>(ι),</span> <span class='ocrx_word' id='word_1_571' title='bbox 3420 3223 3496 3292; x_wconf 79' lang='grc' dir='ltr'>μὴ</span> <span class='ocrx_word' id='word_1_572' title='bbox 3536 3239 3656 3276; x_wconf 85' lang='grc' dir='ltr'>κοι-</span> 
     </span>
    </p>
   </div>
   <div class='ocr_carea' id='block_1_77' title="bbox 2075 3310 3658 3382">
    <p class='ocr_par' dir='ltr' id='par_1_77' title="bbox 2075 3310 3658 3382">
     <span class='ocr_line' id='line_1_77' title="bbox 2075 3310 3658 3382; baseline 0.003 -19"><span class='ocrx_word' id='word_1_573' title='bbox 2075 3311 2334 3379; x_wconf 90' lang='grc' dir='ltr'>νοτομίαν</span> <span class='ocrx_word' id='word_1_574' title='bbox 2368 3311 2526 3364; x_wconf 89' lang='grc' dir='ltr'>τοῦτο</span> <span class='ocrx_word' id='word_1_575' title='bbox 2555 3313 2583 3364; x_wconf 84' lang='grc' dir='ltr'><strong>δ</strong></span> <span class='ocrx_word' id='word_1_576' title='bbox 2623 3311 2826 3382; x_wconf 77' lang='grc' dir='ltr'>ἀληθὴς</span> <span class='ocrx_word' id='word_1_577' title='bbox 2860 3310 3210 3364; x_wconf 82' lang='grc' dir='ltr'>ἀποδείκνυσι</span> <span class='ocrx_word' id='word_1_578' title='bbox 3250 3312 3428 3381; x_wconf 68' lang='grc' dir='ltr'>λόγος,</span> <span class='ocrx_word' id='word_1_579' title='bbox 3463 3316 3527 3365; x_wconf 82' lang='grc' dir='ltr'>ὲκ</span> <span class='ocrx_word' id='word_1_580' title='bbox 3564 3312 3658 3368; x_wconf 86' lang='grc' dir='ltr'><strong>τοῦ</strong></span> 
     </span>
    </p>
   </div>
   <div class='ocr_carea' id='block_1_78' title="bbox 2075 3396 3659 3476">
    <p class='ocr_par' dir='ltr' id='par_1_78' title="bbox 2075 3396 3659 3476">
     <span class='ocr_line' id='line_1_78' title="bbox 2075 3396 3659 3476; baseline 0.001 -22"><span class='ocrx_word' id='word_1_581' title='bbox 2075 3396 2215 3454; x_wconf 71' lang='grc' dir='ltr'>εἶναι</span> <span class='ocrx_word' id='word_1_582' title='bbox 2246 3403 2341 3472; x_wconf 87' lang='grc' dir='ltr'>μὲν</span> <span class='ocrx_word' id='word_1_583' title='bbox 2384 3402 2443 3455; x_wconf 85' lang='grc' dir='ltr'><strong>τὸ</strong></span> <span class='ocrx_word' id='word_1_584' title='bbox 2495 3401 2716 3472; x_wconf 83' lang='grc' dir='ltr'>Πνεῦμα</span> <span class='ocrx_word' id='word_1_585' title='bbox 2763 3405 2826 3454; x_wconf 83' lang='grc' dir='ltr'>ὲκ</span> <span class='ocrx_word' id='word_1_586' title='bbox 2856 3402 2950 3454; x_wconf 88' lang='grc' dir='ltr'><strong>τοῦ</strong></span> <span class='ocrx_word' id='word_1_587' title='bbox 2989 3401 3200 3471; x_wconf 84' lang='grc' dir='ltr'>Πατρδς</span> <span class='ocrx_word' id='word_1_588' title='bbox 3243 3402 3332 3456; x_wconf 82' lang='grc' dir='ltr'>διὰ</span> <span class='ocrx_word' id='word_1_589' title='bbox 3374 3403 3529 3468; x_wconf 81' lang='grc' dir='ltr'>Υίοῦ,</span> <span class='ocrx_word' id='word_1_590' title='bbox 3581 3407 3659 3476; x_wconf 77' lang='grc' dir='ltr'>μὴ</span> 
     </span>
    </p>
   </div>
   <div class='ocr_carea' id='block_1_79' title="bbox 2074 3487 3661 3567">
    <p class='ocr_par' dir='ltr' id='par_1_79' title="bbox 2074 3487 3661 3567">
     <span class='ocr_line' id='line_1_79' title="bbox 2074 3487 3661 3567; baseline 0.004 -23"><span class='ocrx_word' id='word_1_591' title='bbox 2074 3487 2214 3545; x_wconf 82' lang='grc' dir='ltr'>εἶναι</span> <span class='ocrx_word' id='word_1_592' title='bbox 2270 3492 2325 3546; x_wconf 82' lang='grc' dir='ltr'>δὲ</span> <span class='ocrx_word' id='word_1_593' title='bbox 2365 3493 2451 3546; x_wconf 79' lang='grc' dir='ltr'><strong>διὰ</strong></span> <span class='ocrx_word' id='word_1_594' title='bbox 2509 3493 2601 3546; x_wconf 88' lang='grc' dir='ltr'><strong>τοῦ</strong></span> <span class='ocrx_word' id='word_1_595' title='bbox 2636 3493 2949 3562; x_wconf 85' lang='grc' dir='ltr'>Πνεῦματος</span> <span class='ocrx_word' id='word_1_596' title='bbox 3002 3495 3231 3564; x_wconf 70' lang='grc' dir='ltr'>ἕτερον·</span> <span class='ocrx_word' id='word_1_597' title='bbox 3274 3495 3357 3548; x_wconf 84' lang='grc' dir='ltr'>ὅτι</span> <span class='ocrx_word' id='word_1_598' title='bbox 3409 3497 3518 3567; x_wconf 76' lang='grc' dir='ltr'>γὰρ</span> <span class='ocrx_word' id='word_1_599' title='bbox 3569 3497 3661 3550; x_wconf 77' lang='grc' dir='ltr'>διὰ</span> 
     </span>
    </p>
   </div>
   <div class='ocr_carea' id='block_1_80' title="bbox 2076 3583 3660 3657">
    <p class='ocr_par' dir='ltr' id='par_1_80' title="bbox 2076 3583 3660 3657">
     <span class='ocr_line' id='line_1_80' title="bbox 2076 3583 3660 3657; baseline 0.003 -21"><span class='ocrx_word' id='word_1_600' title='bbox 2076 3584 2207 3637; x_wconf 82' lang='grc' dir='ltr'>Υίοῦ</span> <span class='ocrx_word' id='word_1_601' title='bbox 2245 3583 2306 3638; x_wconf 81' lang='grc' dir='ltr'><strong>τὸ</strong></span> <span class='ocrx_word' id='word_1_602' title='bbox 2350 3585 2573 3653; x_wconf 56' lang='grc' dir='ltr'>Πνεῦμα</span> <span class='ocrx_word' id='word_1_603' title='bbox 2619 3585 2682 3637; x_wconf 80' lang='grc' dir='ltr'>ἐκ</span> <span class='ocrx_word' id='word_1_604' title='bbox 2713 3584 2807 3637; x_wconf 86' lang='grc' dir='ltr'><strong>τοῦ</strong></span> <span class='ocrx_word' id='word_1_605' title='bbox 2847 3587 3079 3655; x_wconf 80' lang='grc' dir='ltr'>Πατρὸς,</span> <span class='ocrx_word' id='word_1_606' title='bbox 3115 3590 3208 3644; x_wconf 84' lang='grc' dir='ltr'><strong>καὶ</strong></span> <span class='ocrx_word' id='word_1_607' title='bbox 3245 3589 3304 3652; x_wconf 76' lang='grc' dir='ltr'><strong>ἐξ</strong></span> <span class='ocrx_word' id='word_1_608' title='bbox 3345 3589 3546 3657; x_wconf 81' lang='grc' dir='ltr'>ἀμφοῖν</span> <span class='ocrx_word' id='word_1_609' title='bbox 3572 3589 3660 3641; x_wconf 82' lang='grc' dir='ltr'><strong>λέο</strong></span> 
     </span>
    </p>
   </div>
   <div class='ocr_carea' id='block_1_81' title="bbox 2074 3676 3658 3748">
    <p class='ocr_par' dir='ltr' id='par_1_81' title="bbox 2074 3676 3658 3748">
     <span class='ocr_line' id='line_1_81' title="bbox 2074 3676 3658 3748; baseline 0.003 -22"><span class='ocrx_word' id='word_1_610' title='bbox 2074 3692 2192 3741; x_wconf 88' lang='grc' dir='ltr'>γειν</span> <span class='ocrx_word' id='word_1_611' title='bbox 2234 3676 2368 3729; x_wconf 76' lang='grc' dir='ltr'>αὐτὸ</span> <span class='ocrx_word' id='word_1_612' title='bbox 2416 3677 2611 3746; x_wconf 80' lang='grc' dir='ltr'>ἀληθές</span> <span class='ocrx_word' id='word_1_613' title='bbox 2650 3677 2796 3728; x_wconf 72' lang='grc' dir='ltr'><strong>ἐστι⁹</strong></span> <span class='ocrx_word' id='word_1_614' title='bbox 2847 3678 2929 3729; x_wconf 82' lang='grc' dir='ltr'><strong>ὅτι</strong></span> <span class='ocrx_word' id='word_1_615' title='bbox 2960 3679 3014 3730; x_wconf 81' lang='grc' dir='ltr'>δὲ</span> <span class='ocrx_word' id='word_1_616' title='bbox 3060 3679 3148 3732; x_wconf 84' lang='grc' dir='ltr'>διὰ</span> <span class='ocrx_word' id='word_1_617' title='bbox 3190 3679 3283 3732; x_wconf 86' lang='grc' dir='ltr'><strong>τοῦ</strong></span> <span class='ocrx_word' id='word_1_618' title='bbox 3338 3679 3658 3748; x_wconf 66' lang='grc' dir='ltr'>Πιυεύματος</span> 
     </span>
    </p>
   </div>
   <div class='ocr_carea' id='block_1_82' title="bbox 2073 3769 3657 3840">
    <p class='ocr_par' dir='ltr' id='par_1_82' title="bbox 2073 3769 3657 3840">
     <span class='ocr_line' id='line_1_82' title="bbox 2073 3769 3657 3840; baseline 0.001 -20"><span class='ocrx_word' id='word_1_619' title='bbox 2073 3770 2225 3822; x_wconf 66' lang='grc' dir='ltr'>οὐδὲν</span> <span class='ocrx_word' id='word_1_620' title='bbox 2271 3769 2456 3838; x_wconf 78' lang='grc' dir='ltr'>ἕτερόν</span> <span class='ocrx_word' id='word_1_621' title='bbox 2509 3771 2656 3822; x_wconf 77' lang='grc' dir='ltr'>ἐστιν</span> <span class='ocrx_word' id='word_1_622' title='bbox 2699 3770 2762 3822; x_wconf 81' lang='grc' dir='ltr'><strong>ἐκ</strong></span> <span class='ocrx_word' id='word_1_623' title='bbox 2816 3771 3048 3839; x_wconf 82' lang='grc' dir='ltr'>Πατρὺς,</span> <span class='ocrx_word' id='word_1_624' title='bbox 3085 3772 3201 3833; x_wconf 87' lang='grc' dir='ltr'><strong>πῶς</strong></span> <span class='ocrx_word' id='word_1_625' title='bbox 3249 3773 3312 3824; x_wconf 85' lang='grc' dir='ltr'>ἂν</span> <span class='ocrx_word' id='word_1_626' title='bbox 3342 3773 3426 3840; x_wconf 78' lang='grc' dir='ltr'>εἴη</span> <span class='ocrx_word' id='word_1_627' title='bbox 3478 3771 3657 3837; x_wconf 81' lang='grc' dir='ltr'>λέγειν</span> 
     </span>
    </p>
   </div>
   <div class='ocr_carea' id='block_1_83' title="bbox 2073 3859 3654 3930">
    <p class='ocr_par' dir='ltr' id='par_1_83' title="bbox 2073 3859 3654 3930">
     <span class='ocr_line' id='line_1_83' title="bbox 2073 3859 3654 3930; baseline 0.001 -19"><span class='ocrx_word' id='word_1_628' title='bbox 2073 3859 2167 3911; x_wconf 75' lang='grc' dir='ltr'>καὶ</span> <span class='ocrx_word' id='word_1_629' title='bbox 2197 3859 2383 3922; x_wconf 77' lang='grc' dir='ltr'>ἕτερόν</span> <span class='ocrx_word' id='word_1_630' title='bbox 2411 3877 2464 3912; x_wconf 90' lang='grc' dir='ltr'><strong>τι</strong></span> <span class='ocrx_word' id='word_1_631' title='bbox 2516 3859 2879 3930; x_wconf 77' lang='grc' dir='ltr'>προέρχεσθαι</span> <span class='ocrx_word' id='word_1_632' title='bbox 2929 3863 2994 3914; x_wconf 83' lang='grc' dir='ltr'>ἐκ</span> <span class='ocrx_word' id='word_1_633' title='bbox 3024 3863 3116 3914; x_wconf 87' lang='grc' dir='ltr'><strong>τοῦ</strong></span> <span class='ocrx_word' id='word_1_634' title='bbox 3173 3862 3526 3930; x_wconf 79' lang='grc' dir='ltr'>Πνεῦματος;</span> <span class='ocrx_word' id='word_1_635' title='bbox 3561 3861 3654 3913; x_wconf 72' lang='grc' dir='ltr'><strong>καὶ</strong></span> 
     </span>
    </p>
   </div>
   <div class='ocr_carea' id='block_1_84' title="bbox 2073 3948 3652 4021">
    <p class='ocr_par' dir='ltr' id='par_1_84' title="bbox 2073 3948 3652 4021">
     <span class='ocr_line' id='line_1_84' title="bbox 2073 3948 3652 4021; baseline 0.001 -21"><span class='ocrx_word' id='word_1_636' title='bbox 2073 3948 2300 4017; x_wconf 81' lang='grc' dir='ltr'>οὐδεμία</span> <span class='ocrx_word' id='word_1_637' title='bbox 2341 3949 2659 4017; x_wconf 81' lang='grc' dir='ltr'>καινοτομία</span> <span class='ocrx_word' id='word_1_638' title='bbox 2712 3950 2895 4002; x_wconf 70' lang='grc' dir='ltr'>λοιπὸν</span> <span class='ocrx_word' id='word_1_639' title='bbox 2924 3950 3018 4003; x_wconf 87' lang='grc' dir='ltr'><strong>τοῦ</strong></span> <span class='ocrx_word' id='word_1_640' title='bbox 3058 3951 3374 4021; x_wconf 78' lang='grc' dir='ltr'>Πνεῦματος</span> <span class='ocrx_word' id='word_1_641' title='bbox 3424 3950 3652 4018; x_wconf 76' lang='grc' dir='ltr'>ἀναφαί-</span> 
     </span>
    </p>
   </div>
   <div class='ocr_carea' id='block_1_85' title="bbox 2073 4036 3654 4112">
    <p class='ocr_par' dir='ltr' id='par_1_85' title="bbox 2073 4036 3654 4112">
     <span class='ocr_line' id='line_1_85' title="bbox 2073 4036 3654 4112; baseline 0.002 -23"><span class='ocrx_word' id='word_1_642' title='bbox 2073 4055 2244 4102; x_wconf 90' lang='grc' dir='ltr'>νεται,</span> <span class='ocrx_word' id='word_1_643' title='bbox 2279 4038 2326 4089; x_wconf 84' lang='grc' dir='ltr'>εἰ</span> <span class='ocrx_word' id='word_1_644' title='bbox 2354 4038 2446 4090; x_wconf 77' lang='grc' dir='ltr'><strong>καὶ</strong></span> <span class='ocrx_word' id='word_1_645' title='bbox 2483 4036 2559 4106; x_wconf 80' lang='grc' dir='ltr'><strong>μὴ</strong></span> <span class='ocrx_word' id='word_1_646' title='bbox 2601 4037 2787 4108; x_wconf 78' lang='grc' dir='ltr'>ἕτερόν</span> <span class='ocrx_word' id='word_1_647' title='bbox 2821 4056 2872 4092; x_wconf 91' lang='grc' dir='ltr'><strong>τι</strong></span> <span class='ocrx_word' id='word_1_648' title='bbox 2905 4040 3071 4092; x_wconf 75' lang='grc' dir='ltr'>αὑτοῦ</span> <span class='ocrx_word' id='word_1_649' title='bbox 3118 4043 3497 4112; x_wconf 78' lang='grc' dir='ltr'>ἐκπορεύεται,</span> <span class='ocrx_word' id='word_1_650' title='bbox 3534 4041 3654 4094; x_wconf 75' lang='grc' dir='ltr'>ἐπεὶ</span> 
     </span>
    </p>
   </div>
   <div class='ocr_carea' id='block_1_86' title="bbox 2077 4129 3648 4201">
    <p class='ocr_par' dir='ltr' id='par_1_86' title="bbox 2077 4129 3648 4201">
     <span class='ocr_line' id='line_1_86' title="bbox 2077 4129 3648 4201; baseline 0.003 -21"><span class='ocrx_word' id='word_1_651' title='bbox 2077 4129 2242 4198; x_wconf 77' lang='grc' dir='ltr'>μηδὲν</span> <span class='ocrx_word' id='word_1_652' title='bbox 2289 4129 2340 4181; x_wconf 82' lang='grc' dir='ltr'><strong>τί</strong></span> <span class='ocrx_word' id='word_1_653' title='bbox 2389 4130 2538 4182; x_wconf 74' lang='grc' dir='ltr'>ἐστιν</span> <span class='ocrx_word' id='word_1_654' title='bbox 2587 4129 2774 4200; x_wconf 73' lang='grc' dir='ltr'>ἕτερον</span> <span class='ocrx_word' id='word_1_655' title='bbox 2825 4132 2888 4183; x_wconf 72' lang='grc' dir='ltr'><strong>ἐκ</strong></span> <span class='ocrx_word' id='word_1_656' title='bbox 2936 4131 3029 4182; x_wconf 90' lang='grc' dir='ltr'><strong>τοῦ</strong></span> <span class='ocrx_word' id='word_1_657' title='bbox 3083 4132 3296 4201; x_wconf 72' lang='grc' dir='ltr'>Πατρὸς</span> <span class='ocrx_word' id='word_1_658' title='bbox 3344 4131 3413 4184; x_wconf 87' lang='grc' dir='ltr'>δι’</span> <span class='ocrx_word' id='word_1_659' title='bbox 3463 4129 3648 4184; x_wconf 82' lang='grc' dir='ltr'>αὐτοῦ.</span> 
     </span>
    </p>
   </div>
   <div class='ocr_carea' id='block_1_87' title="bbox 2085 4221 3650 4294">
    <p class='ocr_par' dir='ltr' id='par_1_87' title="bbox 2085 4221 3650 4294">
     <span class='ocr_line' id='line_1_87' title="bbox 2085 4221 3650 4294; baseline 0.003 -23"><span class='ocrx_word' id='word_1_660' title='bbox 2085 4221 2303 4275; x_wconf 80' lang='grc' dir='ltr'><strong>Ὀποῖόν</strong></span> <span class='ocrx_word' id='word_1_661' title='bbox 2338 4222 2390 4273; x_wconf 87' lang='grc' dir='ltr'><strong>τί</strong></span> <span class='ocrx_word' id='word_1_662' title='bbox 2445 4224 2560 4274; x_wconf 75' lang='grc' dir='ltr'>ἐστι</span> <span class='ocrx_word' id='word_1_663' title='bbox 2615 4224 2710 4276; x_wconf 78' lang='grc' dir='ltr'>καὶ</span> <span class='ocrx_word' id='word_1_664' title='bbox 2743 4223 2778 4292; x_wconf 77' lang='grc' dir='ltr'>ἠ</span> <span class='ocrx_word' id='word_1_665' title='bbox 2822 4225 3153 4294; x_wconf 73' lang='grc' dir='ltr'>νομιζομένη</span> <span class='ocrx_word' id='word_1_666' title='bbox 3188 4241 3268 4276; x_wconf 84' lang='grc' dir='ltr'><strong>σοι</strong></span> <span class='ocrx_word' id='word_1_667' title='bbox 3311 4224 3650 4293; x_wconf 79' lang='grc' dir='ltr'>ἑτεροκλινὴς</span> 
     </span>
    </p>
   </div>
   <div class='ocr_carea' id='block_1_88' title="bbox 2078 4314 3652 4385">
    <p class='ocr_par' dir='ltr' id='par_1_88' title="bbox 2078 4314 3652 4385">
     <span class='ocr_line' id='line_1_88' title="bbox 2078 4314 3652 4385; baseline 0 -19"><span class='ocrx_word' id='word_1_668' title='bbox 2078 4314 2362 4383; x_wconf 73' lang='grc' dir='ltr'>φιλοτιμία</span> <span class='ocrx_word' id='word_1_669' title='bbox 2385 4314 2478 4364; x_wconf 87' lang='grc' dir='ltr'><strong>τοῦ</strong></span> <span class='ocrx_word' id='word_1_670' title='bbox 2518 4315 2728 4383; x_wconf 78' lang='grc' dir='ltr'>Πατρὸς</span> <span class='ocrx_word' id='word_1_671' title='bbox 2771 4315 2907 4383; x_wconf 73' lang='grc' dir='ltr'>πρὸς</span> <span class='ocrx_word' id='word_1_672' title='bbox 2939 4314 3030 4366; x_wconf 73' lang='grc' dir='ltr'>τὸν</span> <span class='ocrx_word' id='word_1_673' title='bbox 3054 4314 3180 4366; x_wconf 77' lang='grc' dir='ltr'>Υίὸν</span> <span class='ocrx_word' id='word_1_674' title='bbox 3203 4317 3294 4369; x_wconf 66' lang='grc' dir='ltr'>καὶ</span> <span class='ocrx_word' id='word_1_675' title='bbox 3323 4318 3355 4385; x_wconf 82' lang='grc' dir='ltr'>ἡ</span> <span class='ocrx_word' id='word_1_676' title='bbox 3383 4315 3491 4367; x_wconf 87' lang='grc' dir='ltr'><strong>τῶν</strong></span> <span class='ocrx_word' id='word_1_677' title='bbox 3525 4315 3652 4367; x_wconf 80' lang='grc' dir='ltr'>ἴσων</span> 
     </span>
    </p>
   </div>
   <div class='ocr_carea' id='block_1_89' title="bbox 2073 4403 3653 4476">
    <p class='ocr_par' dir='ltr' id='par_1_89' title="bbox 2073 4403 3653 4476">
     <span class='ocr_line' id='line_1_89' title="bbox 2073 4403 3653 4476; baseline 0 -18"><span class='ocrx_word' id='word_1_678' title='bbox 2073 4404 2250 4476; x_wconf 84' lang='grc' dir='ltr'>γερῶν</span> <span class='ocrx_word' id='word_1_679' title='bbox 2286 4407 2378 4457; x_wconf 87' lang='grc' dir='ltr'><strong>τοῦ</strong></span> <span class='ocrx_word' id='word_1_680' title='bbox 2417 4403 2736 4474; x_wconf 83' lang='grc' dir='ltr'>Πνεύματος</span> <span class='ocrx_word' id='word_1_681' title='bbox 2770 4406 3158 4474; x_wconf 82' lang='grc' dir='ltr'>ἀποστέρησις,</span> <span class='ocrx_word' id='word_1_682' title='bbox 3197 4408 3244 4458; x_wconf 85' lang='grc' dir='ltr'><strong>εί</strong></span> <span class='ocrx_word' id='word_1_683' title='bbox 3278 4407 3354 4475; x_wconf 80' lang='grc' dir='ltr'>μὴ</span> <span class='ocrx_word' id='word_1_684' title='bbox 3389 4407 3485 4459; x_wconf 79' lang='grc' dir='ltr'>καὶ</span> <span class='ocrx_word' id='word_1_685' title='bbox 3524 4405 3653 4458; x_wconf 68' lang='grc' dir='ltr'>αὐτὸ</span> 
     </span>
    </p>
   </div>
   <div class='ocr_carea' id='block_1_90' title="bbox 391 4495 1972 4576">
    <p class='ocr_par' dir='ltr' id='par_1_90' title="bbox 391 4502 1970 4576">
     <span class='ocr_line' id='line_1_90' title="bbox 391 4502 1970 4576; baseline -0.003 -15"><span class='ocrx_word' id='word_1_686' title='bbox 391 4505 680 4576; x_wconf 86' lang='lat' dir='ltr'><strong>spolietur,</strong></span> <span class='ocrx_word' id='word_1_687' title='bbox 730 4506 835 4560; x_wconf 91' lang='lat' dir='ltr'><strong>nisi</strong></span> <span class='ocrx_word' id='word_1_688' title='bbox 873 4516 925 4558; x_wconf 88' lang='lat' dir='ltr'><strong>et</strong></span> <span class='ocrx_word' id='word_1_689' title='bbox 959 4505 1076 4574; x_wconf 88' lang='lat' dir='ltr'><strong>ipse</strong></span> <span class='ocrx_word' id='word_1_690' title='bbox 1117 4519 1182 4558; x_wconf 79' lang='lat' dir='ltr'><strong>ex</strong></span> <span class='ocrx_word' id='word_1_691' title='bbox 1210 4504 1402 4559; x_wconf 86' lang='lat' dir='ltr'><strong>eadem</strong></span> <span class='ocrx_word' id='word_1_692' title='bbox 1453 4520 1579 4558; x_wconf 91' lang='lat' dir='ltr'><strong>cum</strong></span> <span class='ocrx_word' id='word_1_693' title='bbox 1609 4502 1750 4560; x_wconf 78' lang='lat' dir='ltr'><strong>Filio</strong></span> <span class='ocrx_word' id='word_1_694' title='bbox 1805 4519 1970 4559; x_wconf 86' lang='lat' dir='ltr'><strong>causa</strong></span> 
     </span>
    </p>
   </div>
   <div class='ocr_carea' id='block_1_91' title="bbox 2075 4495 3650 4576">
    <p class='ocr_par' dir='ltr' id='par_1_91' title="bbox 2075 4495 3650 4568">
     <span class='ocr_line' id='line_1_91' title="bbox 2075 4495 3650 4568; baseline 0.001 -20"><span class='ocrx_word' id='word_1_695' title='bbox 2075 4499 2137 4550; x_wconf 77' lang='grc' dir='ltr'>ἐκ</span> <span class='ocrx_word' id='word_1_696' title='bbox 2162 4495 2262 4566; x_wconf 81' lang='grc' dir='ltr'><strong>τῆς</strong></span> <span class='ocrx_word' id='word_1_697' title='bbox 2309 4496 2477 4566; x_wconf 74' lang='grc' dir='ltr'>αὐτῆς</span> <span class='ocrx_word' id='word_1_698' title='bbox 2514 4497 2592 4566; x_wconf 78' lang='grc' dir='ltr'>τῷ</span> <span class='ocrx_word' id='word_1_699' title='bbox 2618 4495 2732 4566; x_wconf 80' lang='grc' dir='ltr'><strong>Υἰῷ</strong></span> <span class='ocrx_word' id='word_1_700' title='bbox 2767 4497 3046 4567; x_wconf 84' lang='grc' dir='ltr'>δμοτίμως</span> <span class='ocrx_word' id='word_1_701' title='bbox 3077 4499 3445 4568; x_wconf 70' lang='grc' dir='ltr'>προεληλυθὸς</span> <span class='ocrx_word' id='word_1_702' title='bbox 3474 4500 3650 4562; x_wconf 82' lang='grc' dir='ltr'>αξτῐας</span> 
     </span>
    </p>
   </div>
   <div class='ocr_carea' id='block_1_92' title="bbox 386 4595 1962 4665">
    <p class='ocr_par' dir='ltr' id='par_1_92' title="bbox 386 4595 1962 4665">
     <span class='ocr_line' id='line_1_92' title="bbox 386 4595 1962 4665; baseline 0 -17"><span class='ocrx_word' id='word_1_703' title='bbox 386 4597 508 4664; x_wconf 85' lang='lat' dir='ltr'><strong>pari</strong></span> <span class='ocrx_word' id='word_1_704' title='bbox 547 4597 754 4650; x_wconf 86' lang='lat' dir='ltr'><strong>honore</strong></span> <span class='ocrx_word' id='word_1_705' title='bbox 787 4609 1114 4665; x_wconf 82' lang='lat' dir='ltr'><strong>progressus</strong></span> <span class='ocrx_word' id='word_1_706' title='bbox 1162 4595 1306 4648; x_wconf 88' lang='lat' dir='ltr'><strong>aliud</strong></span> <span class='ocrx_word' id='word_1_707' title='bbox 1349 4596 1644 4665; x_wconf 82' lang='lat' dir='ltr'><strong>quidquam</strong></span> <span class='ocrx_word' id='word_1_708' title='bbox 1695 4601 1962 4664; x_wconf 84' lang='lat' dir='ltr'><strong>producat</strong></span> 
     </span>
    </p>
   </div>
   <div class='ocr_carea' id='block_1_93' title="bbox 391 4687 1972 4761">
    <p class='ocr_par' dir='ltr' id='par_1_93' title="bbox 391 4687 1972 4761">
     <span class='ocr_line' id='line_1_93' title="bbox 391 4687 1972 4761; baseline -0.002 -18"><span class='ocrx_word' id='word_1_709' title='bbox 391 4693 579 4761; x_wconf 83' lang='lat' dir='ltr'><strong>(eaput</strong></span> <span class='ocrx_word' id='word_1_710' title='bbox 606 4690 720 4756; x_wconf 75' lang='lat'><strong>38).</strong></span> <span class='ocrx_word' id='word_1_711' title='bbox 747 4687 897 4742; x_wconf 83' lang='lat' dir='ltr'><strong>Scito</strong></span> <span class='ocrx_word' id='word_1_712' title='bbox 921 4691 1088 4751; x_wconf 89' lang='lat' dir='ltr'><strong>enim,</strong></span> <span class='ocrx_word' id='word_1_713' title='bbox 1125 4688 1228 4741; x_wconf 92' lang='lat' dir='ltr'><strong>hoc</strong></span> <span class='ocrx_word' id='word_1_714' title='bbox 1254 4704 1358 4741; x_wconf 87' lang='lat' dir='ltr'><strong>non</strong></span> <span class='ocrx_word' id='word_1_715' title='bbox 1387 4703 1506 4741; x_wconf 87' lang='lat' dir='ltr'><strong>esse</strong></span> <span class='ocrx_word' id='word_1_716' title='bbox 1535 4689 1837 4741; x_wconf 82' lang='lat' dir='ltr'><strong>secundum</strong></span> <span class='ocrx_word' id='word_1_717' title='bbox 1871 4689 1972 4741; x_wconf 79' lang='lat' dir='ltr'><strong>ali-</strong></span> 
     </span>
    </p>
   </div>
   <div class='ocr_carea' id='block_1_94' title="bbox 393 4780 1969 4852">
    <p class='ocr_par' dir='ltr' id='par_1_94' title="bbox 393 4780 1969 4852">
     <span class='ocr_line' id='line_1_94' title="bbox 393 4780 1969 4852; baseline -0.004 -16"><span class='ocrx_word' id='word_1_718' title='bbox 393 4797 557 4852; x_wconf 83' lang='lat' dir='ltr'><strong>quem</strong></span> <span class='ocrx_word' id='word_1_719' title='bbox 599 4784 776 4836; x_wconf 81' lang='lat' dir='ltr'><strong>Patris</strong></span> <span class='ocrx_word' id='word_1_720' title='bbox 823 4797 948 4852; x_wconf 77' lang='lat' dir='ltr'><strong>erga</strong></span> <span class='ocrx_word' id='word_1_721' title='bbox 1004 4780 1199 4835; x_wconf 82' lang='lat' dir='ltr'><strong>Filium</strong></span> <span class='ocrx_word' id='word_1_722' title='bbox 1245 4781 1484 4833; x_wconf 78' lang='lat' dir='ltr'><strong>favorem</strong></span> <span class='ocrx_word' id='word_1_723' title='bbox 1541 4780 1969 4848; x_wconf 83' lang='lat' dir='ltr'><strong>propensiorem,</strong></span> 
     </span>
    </p>
   </div>
   <div class='ocr_carea' id='block_1_95' title="bbox 399 4868 1969 4944">
    <p class='ocr_par' dir='ltr' id='par_1_95' title="bbox 399 4868 1969 4944">
     <span class='ocr_line' id='line_1_95' title="bbox 399 4868 1969 4944; baseline -0.003 -16"><span class='ocrx_word' id='word_1_724' title='bbox 399 4892 592 4930; x_wconf 65' lang='lat' dir='ltr'><strong>verum</strong></span> <span class='ocrx_word' id='word_1_725' title='bbox 628 4875 753 4944; x_wconf 86' lang='lat' dir='ltr'><strong>quia</strong></span> <span class='ocrx_word' id='word_1_726' title='bbox 804 4875 974 4928; x_wconf 78' lang='lat' dir='ltr'><strong>Filius</strong></span> <span class='ocrx_word' id='word_1_727' title='bbox 999 4873 1216 4942; x_wconf 87' lang='lat' dir='ltr'><strong>quidem</strong></span> <span class='ocrx_word' id='word_1_728' title='bbox 1257 4881 1338 4926; x_wconf 83' lang='lat' dir='ltr'><strong>est</strong></span> <span class='ocrx_word' id='word_1_729' title='bbox 1387 4871 1437 4922; x_wconf 90' lang='lat' dir='ltr'><strong>in</strong></span> <span class='ocrx_word' id='word_1_730' title='bbox 1486 4869 1558 4922; x_wconf 77' lang='grc' dir='ltr'><strong>Τι’</strong></span> <span class='ocrx_word' id='word_1_731' title='bbox 1584 4871 1751 4924; x_wconf 76' lang='lat' dir='ltr'><strong>nitate</strong></span> <span class='ocrx_word' id='word_1_732' title='bbox 1780 4868 1969 4934; x_wconf 81' lang='lat' dir='ltr'><strong>Filius,</strong></span> 
     </span>
    </p>
   </div>
   <div class='ocr_carea' id='block_1_96' title="bbox 389 4960 1967 5038">
    <p class='ocr_par' dir='ltr' id='par_1_96' title="bbox 389 4960 1967 5038">
     <span class='ocr_line' id='line_1_96' title="bbox 389 4960 1967 5038; baseline -0.004 -16"><span class='ocrx_word' id='word_1_733' title='bbox 389 4968 630 5038; x_wconf 86' lang='lat' dir='ltr'><strong>Spiritus</strong></span> <span class='ocrx_word' id='word_1_734' title='bbox 663 4982 786 5022; x_wconf 84' lang='lat' dir='ltr'><strong>vero</strong></span> <span class='ocrx_word' id='word_1_735' title='bbox 816 4966 1059 5035; x_wconf 74' lang='lat' dir='ltr'><strong>Spiritus</strong></span> <span class='ocrx_word' id='word_1_736' title='bbox 1100 4969 1354 5028; x_wconf 57' lang='lat' dir='ltr'><strong>sanctus,</strong></span> <span class='ocrx_word' id='word_1_737' title='bbox 1393 4970 1444 5015; x_wconf 87' lang='lat' dir='ltr'><strong>et</strong></span> <span class='ocrx_word' id='word_1_738' title='bbox 1481 4977 1657 5031; x_wconf 87' lang='lat' dir='ltr'><strong>neque</strong></span> <span class='ocrx_word' id='word_1_739' title='bbox 1689 4960 1856 5015; x_wconf 85' lang='lat' dir='ltr'><strong>Filius</strong></span> <span class='ocrx_word' id='word_1_740' title='bbox 1885 4971 1967 5016; x_wconf 78' lang='lat' dir='ltr'><strong>est</strong></span> 
     </span>
    </p>
   </div>
   <div class='ocr_carea' id='block_1_97' title="bbox 399 5048 1967 5124">
    <p class='ocr_par' dir='ltr' id='par_1_97' title="bbox 399 5048 1967 5124">
     <span class='ocr_line' id='line_1_97' title="bbox 399 5048 1967 5124; baseline -0.001 -18"><span class='ocrx_word' id='word_1_741' title='bbox 399 5055 659 5124; x_wconf 70' lang='lat' dir='ltr'><strong>Spiritus,</strong></span> <span class='ocrx_word' id='word_1_742' title='bbox 709 5069 886 5123; x_wconf 86' lang='lat' dir='ltr'><strong>neque</strong></span> <span class='ocrx_word' id='word_1_743' title='bbox 934 5051 1106 5106; x_wconf 82' lang='lat' dir='ltr'><strong>Filius</strong></span> <span class='ocrx_word' id='word_1_744' title='bbox 1143 5051 1404 5120; x_wconf 84' lang='lat' dir='ltr'><strong>Spiritus,</strong></span> <span class='ocrx_word' id='word_1_745' title='bbox 1449 5065 1513 5103; x_wconf 84' lang='lat' dir='ltr'><strong>ex</strong></span> <span class='ocrx_word' id='word_1_746' title='bbox 1564 5048 1702 5104; x_wconf 83' lang='lat' dir='ltr'><strong>Filio</strong></span> <span class='ocrx_word' id='word_1_747' title='bbox 1748 5051 1967 5119; x_wconf 82' lang='lat' dir='ltr'><strong>quidem</strong></span> 
     </span>
    </p>
   </div>
   <div class='ocr_carea' id='block_1_98' title="bbox 397 5143 1968 5216">
    <p class='ocr_par' dir='ltr' id='par_1_98' title="bbox 397 5143 1968 5216">
     <span class='ocr_line' id='line_1_98' title="bbox 397 5143 1968 5216; baseline -0.004 -14"><span class='ocrx_word' id='word_1_748' title='bbox 397 5151 600 5202; x_wconf 83' lang='lat' dir='ltr'><strong>dicitur</strong></span> <span class='ocrx_word' id='word_1_749' title='bbox 648 5163 768 5201; x_wconf 85' lang='lat' dir='ltr'><strong>esse</strong></span> <span class='ocrx_word' id='word_1_750' title='bbox 823 5147 1085 5216; x_wconf 81' lang='lat' dir='ltr'><strong>Spiritus,</strong></span> <span class='ocrx_word' id='word_1_751' title='bbox 1137 5145 1287 5213; x_wconf 89' lang='lat' dir='ltr'><strong>quia.</strong></span> <span class='ocrx_word' id='word_1_752' title='bbox 1328 5143 1404 5196; x_wconf 76' lang='lat' dir='ltr'><strong>Ex</strong></span> <span class='ocrx_word' id='word_1_753' title='bbox 1447 5143 1608 5197; x_wconf 81' lang='lat' dir='ltr'><strong>Patre</strong></span> <span class='ocrx_word' id='word_1_754' title='bbox 1638 5160 1736 5213; x_wconf 88' lang='lat' dir='ltr'><strong>per</strong></span> <span class='ocrx_word' id='word_1_755' title='bbox 1772 5143 1968 5198; x_wconf 76' lang='lat' dir='ltr'><strong>Filium</strong></span> 
     </span>
    </p>
   </div>
   <div class='ocr_carea' id='block_1_99' title="bbox 395 5233 1970 5303">
    <p class='ocr_par' dir='ltr' id='par_1_99' title="bbox 395 5233 1970 5303">
     <span class='ocr_line' id='line_1_99' title="bbox 395 5233 1970 5303; baseline -0.003 -11"><span class='ocrx_word' id='word_1_756' title='bbox 395 5248 512 5296; x_wconf 86' lang='lat' dir='ltr'><strong>est:</strong></span> <span class='ocrx_word' id='word_1_757' title='bbox 547 5253 611 5292; x_wconf 81' lang='lat' dir='ltr'><strong>ex</strong></span> <span class='ocrx_word' id='word_1_758' title='bbox 650 5237 858 5303; x_wconf 84' lang='lat' dir='ltr'><strong>Spiritu</strong></span> <span class='ocrx_word' id='word_1_759' title='bbox 900 5250 1025 5287; x_wconf 63' lang='lat' dir='ltr'><strong>vero</strong></span> <span class='ocrx_word' id='word_1_760' title='bbox 1059 5233 1193 5286; x_wconf 90' lang='lat' dir='ltr'><strong>nihil</strong></span> <span class='ocrx_word' id='word_1_761' title='bbox 1241 5233 1389 5287; x_wconf 89' lang='lat' dir='ltr'><strong>aliud</strong></span> <span class='ocrx_word' id='word_1_762' title='bbox 1437 5234 1638 5286; x_wconf 89' lang='lat' dir='ltr'><strong>dicitur</strong></span> <span class='ocrx_word' id='word_1_763' title='bbox 1671 5249 1812 5297; x_wconf 74' lang='lat' dir='ltr'><strong>esse,</strong></span> <span class='ocrx_word' id='word_1_764' title='bbox 1843 5236 1970 5303; x_wconf 84' lang='lat' dir='ltr'><strong>quia</strong></span> 
     </span>
    </p>
   </div>
   <div class='ocr_carea' id='block_1_100' title="bbox 395 5323 1374 5393">
    <p class='ocr_par' dir='ltr' id='par_1_100' title="bbox 395 5323 1374 5393">
     <span class='ocr_line' id='line_1_100' title="bbox 395 5323 1374 5393; baseline -0.006 -11"><span class='ocrx_word' id='word_1_765' title='bbox 395 5330 530 5382; x_wconf 84' lang='lat' dir='ltr'><strong>nihil</strong></span> <span class='ocrx_word' id='word_1_766' title='bbox 561 5339 646 5383; x_wconf 89' lang='lat' dir='ltr'><strong>est</strong></span> <span class='ocrx_word' id='word_1_767' title='bbox 675 5344 741 5381; x_wconf 78' lang='lat' dir='ltr'><strong>ex</strong></span> <span class='ocrx_word' id='word_1_768' title='bbox 778 5329 935 5379; x_wconf 77' lang='lat' dir='ltr'><strong>l’atre</strong></span> <span class='ocrx_word' id='word_1_769' title='bbox 959 5339 1053 5393; x_wconf 90' lang='lat' dir='ltr'><strong>per</strong></span> <span class='ocrx_word' id='word_1_770' title='bbox 1086 5323 1374 5391; x_wconf 91' lang='lat' dir='ltr'><strong>Spiritum.</strong></span> 
     </span>
    </p>
   </div>
   <div class='ocr_carea' id='block_1_101' title="bbox 466 5416 1972 5488">
    <p class='ocr_par' dir='ltr' id='par_1_101' title="bbox 466 5416 1972 5488">
     <span class='ocr_line' id='line_1_101' title="bbox 466 5416 1972 5488; baseline -0.005 -11"><span class='ocrx_word' id='word_1_771' title='bbox 466 5423 706 5478; x_wconf 74' lang='lat' dir='ltr'><strong>Rursum</strong></span> <span class='ocrx_word' id='word_1_772' title='bbox 740 5421 884 5488; x_wconf 78' lang='lat' dir='ltr'><strong>(cap.</strong></span> <span class='ocrx_word' id='word_1_773' title='bbox 912 5417 1002 5486; x_wconf 82' lang='lat'><strong>59)</strong></span> <span class='ocrx_word' id='word_1_774' title='bbox 1025 5419 1153 5470; x_wconf 90' lang='lat' dir='ltr'><strong>dum</strong></span> <span class='ocrx_word' id='word_1_775' title='bbox 1180 5419 1230 5470; x_wconf 90' lang='lat' dir='ltr'><strong>in</strong></span> <span class='ocrx_word' id='word_1_776' title='bbox 1253 5433 1475 5471; x_wconf 65' lang='lat' dir='ltr'><strong>caus:vm</strong></span> <span class='ocrx_word' id='word_1_777' title='bbox 1513 5416 1725 5472; x_wconf 88' lang='lat' dir='ltr'><strong>Patrem</strong></span> <span class='ocrx_word' id='word_1_778' title='bbox 1749 5417 1972 5470; x_wconf 84' lang='lat' dir='ltr'><strong>Filium-</strong></span> 
     </span>
    </p>
   </div>
   <div class='ocr_carea' id='block_1_102' title="bbox 395 5513 1974 5584">
    <p class='ocr_par' dir='ltr' id='par_1_102' title="bbox 395 5513 1974 5584">
     <span class='ocr_line' id='line_1_102' title="bbox 395 5513 1974 5584; baseline -0.003 -15"><span class='ocrx_word' id='word_1_779' title='bbox 395 5531 500 5584; x_wconf 83' lang='lat' dir='ltr'><strong>que</strong></span> <span class='ocrx_word' id='word_1_780' title='bbox 534 5514 736 5569; x_wconf 70' lang='lat' dir='ltr'><strong>dividis</strong></span> <span class='ocrx_word' id='word_1_781' title='bbox 769 5523 821 5566; x_wconf 83' lang='lat' dir='ltr'><strong>et</strong></span> <span class='ocrx_word' id='word_1_782' title='bbox 866 5513 1039 5580; x_wconf 76' lang='lat' dir='ltr'><strong>magis</strong></span> <span class='ocrx_word' id='word_1_783' title='bbox 1072 5529 1134 5566; x_wconf 86' lang='lat' dir='ltr'><strong>ac</strong></span> <span class='ocrx_word' id='word_1_784' title='bbox 1167 5514 1345 5567; x_wconf 87' lang='lat' dir='ltr'><strong>minus</strong></span> <span class='ocrx_word' id='word_1_785' title='bbox 1376 5513 1428 5564; x_wconf 90' lang='lat' dir='ltr'><strong>in</strong></span> <span class='ocrx_word' id='word_1_786' title='bbox 1461 5515 1780 5566; x_wconf 85' lang='lat' dir='ltr'><strong>causatione</strong></span> <span class='ocrx_word' id='word_1_787' title='bbox 1812 5521 1974 5578; x_wconf 84' lang='lat' dir='ltr'><strong>atque</strong></span> 
     </span>
    </p>
   </div>
   <div class='ocr_carea' id='block_1_103' title="bbox 400 5603 1976 5674">
    <p class='ocr_par' dir='ltr' id='par_1_103' title="bbox 400 5603 1976 5674">
     <span class='ocr_line' id='line_1_103' title="bbox 400 5603 1976 5674; baseline -0.002 -17"><span class='ocrx_word' id='word_1_788' title='bbox 400 5607 728 5662; x_wconf 68' lang='lat' dir='ltr'><strong>adscititium</strong></span> <span class='ocrx_word' id='word_1_789' title='bbox 780 5617 836 5659; x_wconf 89' lang='lat' dir='ltr'><strong>et</strong></span> <span class='ocrx_word' id='word_1_790' title='bbox 879 5621 1130 5674; x_wconf 80' lang='lat' dir='ltr'><strong>Spurium</strong></span> <span class='ocrx_word' id='word_1_791' title='bbox 1176 5607 1317 5658; x_wconf 89' lang='lat' dir='ltr'><strong>inter</strong></span> <span class='ocrx_word' id='word_1_792' title='bbox 1354 5619 1448 5658; x_wconf 88' lang='lat' dir='ltr'><strong>eos</strong></span> <span class='ocrx_word' id='word_1_793' title='bbox 1481 5603 1746 5672; x_wconf 68' lang='lat' dir='ltr'><strong>contingis</strong></span> <span class='ocrx_word' id='word_1_794' title='bbox 1787 5612 1838 5655; x_wconf 83' lang='lat' dir='ltr'><strong>et</strong></span> <span class='ocrx_word' id='word_1_795' title='bbox 1876 5603 1976 5654; x_wconf 87' lang='lat' dir='ltr'><strong>du-</strong></span> 
     </span>
    </p>
   </div>
   <div class='ocr_carea' id='block_1_104' title="bbox 470 5745 1029 5854">
    <p class='ocr_par' dir='ltr' id='par_1_104' title="bbox 470 5745 1029 5854">
     <span class='ocr_line' id='line_1_104' title="bbox 470 5745 1029 5854; baseline 0.005 -18"><span class='ocrx_word' id='word_1_796' title='bbox 470 5745 697 5854; x_wconf 56' lang='lat' dir='ltr'><strong>“iCOLL</strong></span> <span class='ocrx_word' id='word_1_797' title='bbox 735 5787 1029 5853; x_wconf 73' lang='grc' dir='ltr'>ἐκπέμπει.</span> 
     </span>
    </p>
   </div>
   <div class='ocr_carea' id='block_1_105' title="bbox 2075 4587 3650 4661">
    <p class='ocr_par' dir='ltr' id='par_1_105' title="bbox 2075 4587 3650 4661">
     <span class='ocr_line' id='line_1_105' title="bbox 2075 4587 3650 4661; baseline 0.001 -21"><span class='ocrx_word' id='word_1_798' title='bbox 2075 4590 2261 4660; x_wconf 72' lang='grc' dir='ltr'>ἕτερόν</span> <span class='ocrx_word' id='word_1_799' title='bbox 2307 4606 2360 4642; x_wconf 90' lang='grc' dir='ltr'><strong>τι</strong></span> <span class='ocrx_word' id='word_1_800' title='bbox 2413 4587 2702 4658; x_wconf 77' lang='grc' dir='ltr'>προίησινο</span> <span class='ocrx_word' id='word_1_801' title='bbox 2750 4588 2858 4642; x_wconf 74' lang='grc' dir='ltr'>ἴσθι</span> <span class='ocrx_word' id='word_1_802' title='bbox 2889 4590 3018 4661; x_wconf 85' lang='grc' dir='ltr'>γὰρ,</span> <span class='ocrx_word' id='word_1_803' title='bbox 3063 4589 3138 4652; x_wconf 86' lang='grc' dir='ltr'>ὼς</span> <span class='ocrx_word' id='word_1_804' title='bbox 3185 4591 3307 4659; x_wconf 66' lang='grc' dir='ltr'>οὐχ)</span> <span class='ocrx_word' id='word_1_805' title='bbox 3357 4593 3500 4644; x_wconf 86' lang='grc' dir='ltr'>κατά</span> <span class='ocrx_word' id='word_1_806' title='bbox 3532 4607 3650 4642; x_wconf 87' lang='grc' dir='ltr'>τινα</span> 
     </span>
    </p>
   </div>
   <div class='ocr_carea' id='block_1_106' title="bbox 2075 4678 3653 4750">
    <p class='ocr_par' dir='ltr' id='par_1_106' title="bbox 2075 4678 3653 4750">
     <span class='ocr_line' id='line_1_106' title="bbox 2075 4678 3653 4750; baseline -0.001 -17"><span class='ocrx_word' id='word_1_807' title='bbox 2075 4680 2394 4750; x_wconf 82' lang='grc' dir='ltr'>ἑτεροκλινῆ</span> <span class='ocrx_word' id='word_1_808' title='bbox 2451 4678 2762 4748; x_wconf 78' lang='grc' dir='ltr'>φιλοτιμίαν</span> <span class='ocrx_word' id='word_1_809' title='bbox 2811 4680 2904 4731; x_wconf 90' lang='grc' dir='ltr'><strong>τοῦ</strong></span> <span class='ocrx_word' id='word_1_810' title='bbox 2959 4679 3169 4748; x_wconf 82' lang='grc' dir='ltr'>Πατρὸς</span> <span class='ocrx_word' id='word_1_811' title='bbox 3204 4680 3339 4749; x_wconf 80' lang='grc' dir='ltr'>πρὸς</span> <span class='ocrx_word' id='word_1_812' title='bbox 3394 4681 3485 4733; x_wconf 82' lang='grc' dir='ltr'><strong>τὸν</strong></span> <span class='ocrx_word' id='word_1_813' title='bbox 3528 4680 3653 4732; x_wconf 78' lang='grc' dir='ltr'>Υίὸν</span> 
     </span>
    </p>
   </div>
   <div class='ocr_carea' id='block_1_107' title="bbox 2075 4768 3656 4840">
    <p class='ocr_par' dir='ltr' id='par_1_107' title="bbox 2075 4768 3656 4840">
     <span class='ocr_line' id='line_1_107' title="bbox 2075 4768 3656 4840; baseline 0 -18"><span class='ocrx_word' id='word_1_814' title='bbox 2075 4773 2219 4822; x_wconf 82' lang='grc' dir='ltr'>τοῦτ’</span> <span class='ocrx_word' id='word_1_815' title='bbox 2246 4770 2414 4833; x_wconf 83' lang='grc' dir='ltr'>ἔστιν,</span> <span class='ocrx_word' id='word_1_816' title='bbox 2455 4768 2570 4821; x_wconf 80' lang='grc' dir='ltr'>ἀλλ’</span> <span class='ocrx_word' id='word_1_817' title='bbox 2606 4770 2728 4822; x_wconf 69' lang='grc' dir='ltr'>ἐπεὶ</span> <span class='ocrx_word' id='word_1_818' title='bbox 2755 4769 2880 4831; x_wconf 73' lang='grc' dir='ltr'>Υἱὸς</span> <span class='ocrx_word' id='word_1_819' title='bbox 2918 4771 3017 4840; x_wconf 83' lang='grc' dir='ltr'><strong>μέν</strong></span> <span class='ocrx_word' id='word_1_820' title='bbox 3045 4771 3192 4822; x_wconf 77' lang='grc' dir='ltr'>ἐστιν</span> <span class='ocrx_word' id='word_1_821' title='bbox 3219 4771 3276 4822; x_wconf 83' lang='grc' dir='ltr'>ὲν</span> <span class='ocrx_word' id='word_1_822' title='bbox 3309 4773 3371 4840; x_wconf 85' lang='grc' dir='ltr'>τῇ</span> <span class='ocrx_word' id='word_1_823' title='bbox 3409 4769 3598 4840; x_wconf 86' lang='grc' dir='ltr'>Τριάδι</span> <span class='ocrx_word' id='word_1_824' title='bbox 3627 4773 3656 4822; x_wconf 82' lang='grc' dir='ltr'>ὀ</span> 
     </span>
    </p>
   </div>
   <div class='ocr_carea' id='block_1_108' title="bbox 2077 4859 3657 4930">
    <p class='ocr_par' dir='ltr' id='par_1_108' title="bbox 2077 4859 3657 4930">
     <span class='ocr_line' id='line_1_108' title="bbox 2077 4859 3657 4930; baseline 0.001 -17"><span class='ocrx_word' id='word_1_825' title='bbox 2077 4862 2222 4923; x_wconf 60' lang='grc' dir='ltr'>Υίδς,</span> <span class='ocrx_word' id='word_1_826' title='bbox 2282 4860 2503 4930; x_wconf 81' lang='grc' dir='ltr'>Πνεῦμα</span> <span class='ocrx_word' id='word_1_827' title='bbox 2536 4859 2590 4911; x_wconf 81' lang='grc' dir='ltr'>δὲ</span> <span class='ocrx_word' id='word_1_828' title='bbox 2638 4860 2695 4912; x_wconf 71' lang='grc' dir='ltr'>τὸ</span> <span class='ocrx_word' id='word_1_829' title='bbox 2747 4859 2972 4930; x_wconf 86' lang='grc' dir='ltr'>Πνεῦμα</span> <span class='ocrx_word' id='word_1_830' title='bbox 3011 4860 3071 4913; x_wconf 82' lang='grc' dir='ltr'>τὸ</span> <span class='ocrx_word' id='word_1_831' title='bbox 3125 4863 3301 4930; x_wconf 76' lang='grc' dir='ltr'>ἂγιον,</span> <span class='ocrx_word' id='word_1_832' title='bbox 3335 4863 3428 4914; x_wconf 68' lang='grc' dir='ltr'><strong>καὶ</strong></span> <span class='ocrx_word' id='word_1_833' title='bbox 3481 4860 3596 4914; x_wconf 81' lang='grc' dir='ltr'>οὐθ’</span> <span class='ocrx_word' id='word_1_834' title='bbox 3629 4865 3657 4915; x_wconf 80' lang='grc' dir='ltr'><strong><em>ὁ</em></strong></span> 
     </span>
    </p>
   </div>
   <div class='ocr_carea' id='block_1_109' title="bbox 2077 4949 3655 5022">
    <p class='ocr_par' dir='ltr' id='par_1_109' title="bbox 2077 4949 3655 5022">
     <span class='ocr_line' id='line_1_109' title="bbox 2077 4949 3655 5022; baseline 0 -18"><span class='ocrx_word' id='word_1_835' title='bbox 2077 4953 2202 5014; x_wconf 77' lang='grc' dir='ltr'>Υἱὸς</span> <span class='ocrx_word' id='word_1_836' title='bbox 2259 4951 2487 5021; x_wconf 83' lang='grc' dir='ltr'>Πνεῦμὰ</span> <span class='ocrx_word' id='word_1_837' title='bbox 2518 4954 2688 5017; x_wconf 81' lang='grc' dir='ltr'>ἐστιν,</span> <span class='ocrx_word' id='word_1_838' title='bbox 2737 4949 2860 5003; x_wconf 72' lang='grc' dir='ltr'>οὔτε</span> <span class='ocrx_word' id='word_1_839' title='bbox 2899 4951 2958 5004; x_wconf 79' lang='grc' dir='ltr'><strong>τὸ</strong></span> <span class='ocrx_word' id='word_1_840' title='bbox 3002 4952 3227 5020; x_wconf 82' lang='grc' dir='ltr'>Πνεῦμα</span> <span class='ocrx_word' id='word_1_841' title='bbox 3263 4952 3411 5018; x_wconf 78' lang='grc' dir='ltr'>Υἱὸς,</span> <span class='ocrx_word' id='word_1_842' title='bbox 3459 4953 3522 5005; x_wconf 83' lang='grc' dir='ltr'>ὲκ</span> <span class='ocrx_word' id='word_1_843' title='bbox 3560 4953 3655 5022; x_wconf 82' lang='grc' dir='ltr'>μὲν</span> 
     </span>
    </p>
   </div>
   <div class='ocr_carea' id='block_1_110' title="bbox 2076 5040 3654 5114">
    <p class='ocr_par' dir='ltr' id='par_1_110' title="bbox 2076 5040 3654 5114">
     <span class='ocr_line' id='line_1_110' title="bbox 2076 5040 3654 5114; baseline -0.003 -17"><span class='ocrx_word' id='word_1_844' title='bbox 2076 5045 2166 5097; x_wconf 83' lang='grc' dir='ltr'><strong>τοῦ</strong></span> <span class='ocrx_word' id='word_1_845' title='bbox 2205 5044 2335 5097; x_wconf 80' lang='grc' dir='ltr'>Υίοῦ</span> <span class='ocrx_word' id='word_1_846' title='bbox 2367 5044 2587 5111; x_wconf 82' lang='grc' dir='ltr'>λέγεται</span> <span class='ocrx_word' id='word_1_847' title='bbox 2623 5040 2758 5096; x_wconf 80' lang='grc' dir='ltr'>εἶναι</span> <span class='ocrx_word' id='word_1_848' title='bbox 2789 5043 2849 5095; x_wconf 86' lang='grc' dir='ltr'><strong>τὸ</strong></span> <span class='ocrx_word' id='word_1_849' title='bbox 2884 5042 3110 5114; x_wconf 86' lang='grc' dir='ltr'>Πνεῦμα</span> <span class='ocrx_word' id='word_1_850' title='bbox 3139 5043 3228 5096; x_wconf 75' lang='grc' dir='ltr'>διὰ</span> <span class='ocrx_word' id='word_1_851' title='bbox 3256 5043 3317 5096; x_wconf 81' lang='grc' dir='ltr'><strong>τὸ</strong></span> <span class='ocrx_word' id='word_1_852' title='bbox 3357 5047 3421 5097; x_wconf 82' lang='grc' dir='ltr'>ἐκ</span> <span class='ocrx_word' id='word_1_853' title='bbox 3447 5044 3654 5114; x_wconf 79' lang='grc' dir='ltr'>Πατρὸς</span> 
     </span>
    </p>
   </div>
   <div class='ocr_carea' id='block_1_111' title="bbox 2073 5132 3656 5204">
    <p class='ocr_par' dir='ltr' id='par_1_111' title="bbox 2073 5132 3656 5204">
     <span class='ocr_line' id='line_1_111' title="bbox 2073 5132 3656 5204; baseline -0.003 -15"><span class='ocrx_word' id='word_1_854' title='bbox 2073 5140 2139 5190; x_wconf 82' lang='grc' dir='ltr'>δι’</span> <span class='ocrx_word' id='word_1_855' title='bbox 2172 5136 2302 5189; x_wconf 87' lang='grc' dir='ltr'>Υίοῦ</span> <span class='ocrx_word' id='word_1_856' title='bbox 2359 5132 2496 5190; x_wconf 83' lang='grc' dir='ltr'>εἶναι</span> <span class='ocrx_word' id='word_1_857' title='bbox 2531 5136 2696 5190; x_wconf 82' lang='grc' dir='ltr'>αὑτό·</span> <span class='ocrx_word' id='word_1_858' title='bbox 2732 5137 2797 5188; x_wconf 83' lang='grc' dir='ltr'>ὲκ</span> <span class='ocrx_word' id='word_1_859' title='bbox 2829 5136 2884 5188; x_wconf 85' lang='grc' dir='ltr'>δὲ</span> <span class='ocrx_word' id='word_1_860' title='bbox 2913 5135 3007 5188; x_wconf 90' lang='grc' dir='ltr'><strong>τοῦ</strong></span> <span class='ocrx_word' id='word_1_861' title='bbox 3065 5135 3381 5204; x_wconf 83' lang='grc' dir='ltr'>Πνεύματος</span> <span class='ocrx_word' id='word_1_862' title='bbox 3429 5135 3579 5188; x_wconf 77' lang='grc' dir='ltr'>οὐδέν</span> <span class='ocrx_word' id='word_1_863' title='bbox 3608 5151 3656 5186; x_wconf 87' lang='grc' dir='ltr'><strong>τι</strong></span> 
     </span>
    </p>
   </div>
   <div class='ocr_carea' id='block_1_112' title="bbox 2075 5224 3658 5299">
    <p class='ocr_par' dir='ltr' id='par_1_112' title="bbox 2075 5224 3658 5299">
     <span class='ocr_line' id='line_1_112' title="bbox 2075 5224 3658 5299; baseline -0.001 -20"><span class='ocrx_word' id='word_1_864' title='bbox 2075 5230 2290 5298; x_wconf 73' lang='grc' dir='ltr'>λέγεται</span> <span class='ocrx_word' id='word_1_865' title='bbox 2329 5231 2516 5299; x_wconf 75' lang='grc' dir='ltr'>ἕτερον</span> <span class='ocrx_word' id='word_1_866' title='bbox 2545 5230 2630 5282; x_wconf 76' lang='grc' dir='ltr'><strong>διὰ</strong></span> <span class='ocrx_word' id='word_1_867' title='bbox 2687 5229 2747 5281; x_wconf 79' lang='grc' dir='ltr'><strong>τὸ</strong></span> <span class='ocrx_word' id='word_1_868' title='bbox 2782 5228 2948 5298; x_wconf 82' lang='grc' dir='ltr'>μηδέν</span> <span class='ocrx_word' id='word_1_869' title='bbox 2977 5246 3029 5282; x_wconf 88' lang='grc' dir='ltr'><strong>τι</strong></span> <span class='ocrx_word' id='word_1_870' title='bbox 3060 5224 3198 5281; x_wconf 83' lang='grc' dir='ltr'>εἶναι</span> <span class='ocrx_word' id='word_1_871' title='bbox 3234 5227 3322 5280; x_wconf 71' lang='grc' dir='ltr'><strong>διὰ</strong></span> <span class='ocrx_word' id='word_1_872' title='bbox 3352 5227 3444 5280; x_wconf 90' lang='grc' dir='ltr'><strong>τοῦ</strong></span> <span class='ocrx_word' id='word_1_873' title='bbox 3492 5229 3658 5280; x_wconf 78' lang='grc' dir='ltr'>Πνεύ-</span> 
     </span>
    </p>
   </div>
   <div class='ocr_carea' id='block_1_113' title="bbox 2078 5309 2604 5391">
    <p class='ocr_par' dir='ltr' id='par_1_113' title="bbox 2078 5323 2604 5391">
     <span class='ocr_line' id='line_1_113' title="bbox 2078 5323 2604 5391; baseline 0.004 -19"><span class='ocrx_word' id='word_1_874' title='bbox 2078 5340 2244 5390; x_wconf 79' lang='grc' dir='ltr'>ματος</span> <span class='ocrx_word' id='word_1_875' title='bbox 2279 5324 2339 5373; x_wconf 78' lang='grc' dir='ltr'><strong>ἐκ</strong></span> <span class='ocrx_word' id='word_1_876' title='bbox 2373 5323 2604 5391; x_wconf 75' lang='grc' dir='ltr'>Πατρός.</span> 
     </span>
    </p>
   </div>
   <div class='ocr_carea' id='block_1_114' title="bbox 2151 5412 3654 5485">
    <p class='ocr_par' dir='ltr' id='par_1_114' title="bbox 2151 5412 3654 5485">
     <span class='ocr_line' id='line_1_114' title="bbox 2151 5412 3654 5485; baseline -0.001 -19"><span class='ocrx_word' id='word_1_877' title='bbox 2151 5415 2316 5466; x_wconf 75' lang='grc' dir='ltr'>Πάλιν</span> <span class='ocrx_word' id='word_1_878' title='bbox 2352 5415 2427 5474; x_wconf 61' lang='lat' dir='ltr'><strong>ei,&quot;</strong></span> <span class='ocrx_word' id='word_1_879' title='bbox 2457 5416 2628 5466; x_wconf 72' lang='grc' dir='ltr'>αἴτιον</span> <span class='ocrx_word' id='word_1_880' title='bbox 2651 5415 2742 5465; x_wconf 72' lang='grc' dir='ltr'>τὸν</span> <span class='ocrx_word' id='word_1_881' title='bbox 2776 5413 2992 5485; x_wconf 82' lang='grc' dir='ltr'>Πατέρα</span> <span class='ocrx_word' id='word_1_882' title='bbox 3025 5413 3119 5466; x_wconf 79' lang='grc' dir='ltr'>κα).</span> <span class='ocrx_word' id='word_1_883' title='bbox 3149 5413 3238 5466; x_wconf 88' lang='grc' dir='ltr'><strong>τὸν</strong></span> <span class='ocrx_word' id='word_1_884' title='bbox 3267 5413 3396 5465; x_wconf 85' lang='grc' dir='ltr'>Υίὸν</span> <span class='ocrx_word' id='word_1_885' title='bbox 3431 5412 3654 5479; x_wconf 64' lang='grc' dir='ltr'>διαιρῶν</span> 
     </span>
    </p>
   </div>
   <div class='ocr_carea' id='block_1_115' title="bbox 2075 5500 3656 5576">
    <p class='ocr_par' dir='ltr' id='par_1_115' title="bbox 2075 5500 3656 5576">
     <span class='ocr_line' id='line_1_115' title="bbox 2075 5500 3656 5576; baseline -0.003 -18"><span class='ocrx_word' id='word_1_886' title='bbox 2075 5508 2165 5559; x_wconf 65' lang='grc' dir='ltr'><strong>καὶ</strong></span> <span class='ocrx_word' id='word_1_887' title='bbox 2190 5507 2246 5557; x_wconf 68' lang='grc' dir='ltr'>τὸ</span> <span class='ocrx_word' id='word_1_888' title='bbox 2276 5505 2475 5573; x_wconf 66' lang='grc' dir='ltr'>μᾶλλον</span> <span class='ocrx_word' id='word_1_889' title='bbox 2500 5507 2593 5559; x_wconf 80' lang='grc' dir='ltr'><strong>καὶ</strong></span> <span class='ocrx_word' id='word_1_890' title='bbox 2621 5500 2780 5576; x_wconf 82' lang='grc' dir='ltr'>ἧττον</span> <span class='ocrx_word' id='word_1_891' title='bbox 2813 5505 2910 5573; x_wconf 79' lang='grc' dir='ltr'>τῆς</span> <span class='ocrx_word' id='word_1_892' title='bbox 2931 5505 3111 5567; x_wconf 76' lang='grc' dir='ltr'>αἰτίας</span> <span class='ocrx_word' id='word_1_893' title='bbox 3137 5504 3229 5557; x_wconf 83' lang='grc' dir='ltr'><strong>καὶ</strong></span> <span class='ocrx_word' id='word_1_894' title='bbox 3252 5503 3310 5556; x_wconf 85' lang='grc' dir='ltr'><strong>τὸ</strong></span> <span class='ocrx_word' id='word_1_895' title='bbox 3335 5505 3656 5556; x_wconf 77' lang='grc' dir='ltr'>ἐπείσακτον</span> 
     </span>
    </p>
   </div>
   <div class='ocr_carea' id='block_1_116' title="bbox 2077 5596 3654 5669">
    <p class='ocr_par' dir='ltr' id='par_1_116' title="bbox 2077 5596 3654 5669">
     <span class='ocr_line' id='line_1_116' title="bbox 2077 5596 3654 5669; baseline -0.004 -17"><span class='ocrx_word' id='word_1_896' title='bbox 2077 5599 2168 5652; x_wconf 67' lang='grc' dir='ltr'><strong>καὶ</strong></span> <span class='ocrx_word' id='word_1_897' title='bbox 2201 5599 2348 5651; x_wconf 67' lang='grc' dir='ltr'>νόθον</span> <span class='ocrx_word' id='word_1_898' title='bbox 2382 5599 2581 5669; x_wconf 55' lang='lat' dir='ltr'><strong>ptri-239</strong></span> <span class='ocrx_word' id='word_1_899' title='bbox 2609 5596 2700 5651; x_wconf 80' lang='grc' dir='ltr'><strong>τού</strong></span> <span class='ocrx_word' id='word_1_900' title='bbox 2718 5616 2815 5651; x_wconf 75' lang='grc' dir='ltr'><strong>των</strong></span> <span class='ocrx_word' id='word_1_901' title='bbox 2838 5599 3202 5667; x_wconf 73' lang='grc' dir='ltr'>συμπλαττων</span> <span class='ocrx_word' id='word_1_902' title='bbox 3236 5598 3328 5650; x_wconf 72' lang='grc' dir='ltr'><strong>καὶ</strong></span> <span class='ocrx_word' id='word_1_903' title='bbox 3354 5597 3654 5665; x_wconf 77' lang='grc' dir='ltr'>διαπορῶν,</span> 
     </span>
    </p>
   </div>
  </div>
