4042 6392
399 349 504 418 785

1137 355 1588 421 REFUTA'FIO
1615 355 1988 422 Pl-IUTI‘ANI
2054 358 2272 421 LIBRI"
2313 360 2408 420 DE
2452 351 2761 459 ειςιιιιτι]
2801 360 2858 420 S.

3546 360 3648 422 756

397 469 514 531 πῶς
561 463 741 520 λαϐὼν
789 467 816 520 ὀ
851 457 978 532 Υἰὸς
1025 469 1174 539 παρὰ
1224 468 1320 523 τοῦ
1365 472 1579 543 Πατρὺς
1615 473 1676 524 τὸ
1715 474 1979 542 προάγειν

2087 473 2228 525 hium
2274 487 2483 535 moves,
2523 457 2799 539 Quomodo
2841 467 3015 524 Filius
3059 485 3089 524 a
3133 463 3292 524 Patre
3325 480 3541 534 nactus,
3593 483 3652 525 ut

394 557 634 627 ὁμοφυὲς
662 557 848 628 ἕτερον
878 560 939 610 ού
970 559 1272 629 μετέδωκεν
1301 559 1448 630 αύτῷ
1482 562 1580 629 τῆς
1610 561 1780 630 αὐτῆς
1815 562 1972 616 δυνά-

399 665 544 715 μεως
574 648 663 699 καὶ
696 652 884 718 τιμῆς,
937 650 1024 702 ἵνα
1057 649 1187 702 αὐτὸ
1233 651 1390 702 πάλιν
1416 652 1686 719 ὁμοφυοῦς
1738 654 1973 706 ὑποστά-

396 754 533 800 σεως
556 739 767 809 προόδῳ
793 740 1200 809 ἐναγλαῖζηται,
1226 741 1377 793 οὐδὲν
1417 742 1603 812 ἕτερον
1633 745 1711 805 εἰς
1753 742 1974 812 ἔλεγχον

395 828 501 880 τῶν
530 829 852 899 παραλόγως
885 830 1025 882 οὕτω
1077 847 1161 883 σοι
1215 831 1602 900 πλαττομένων
1653 833 1906 902 εὑρήσεις
1942 831 1974 900 ἢ

392 919 484 971 τὸν
515 919 994 988 δογματικώτατον
1031 921 1297 990 Κύριλλον
1322 923 1385 975 ἐκ
1418 923 1512 975 τοῦ
1540 923 1670 975 Υἱοῦ
1706 924 1895 992 προϊὸν
1917 924 1978 976 τὸ

397 1009 620 1078 Πνεῦμα
651 1011 1004 1078 θεολογοῦντα
1029 1031 1042 1044 ·
1074 1009 1228 1072 οὗτος
1265 1011 1359 1064 καὶ
1395 1015 1504 1084 γὰρ
1531 1015 1587 1066 ἐν
1610 1017 1675 1083 τῇ
1711 1014 1978 1085 ἑρμηνείᾳ

392 1101 486 1152 τοῦ
521 1100 662 1153 κατὰ
703 1101 956 1168 Ἰωάννην
1004 1105 1337 1172 Εὑαγγελίου
1374 1108 1543 1168 οὕτως
1576 1109 1679 1173 ἔφη
1708 1119 1722 1133 ’
1755 1108 1836 1158 Οὐ
1865 1103 1978 1173 τὰρ

393 1191 717 1256 ἀλλότριον
743 1191 852 1257 τῆς
883 1194 987 1246 τοῦ
1038 1197 1422 1264 Μονογενοῦς
1455 1198 1672 1260 οὐσίας
1704 1194 1770 1247 τὸ
1805 1193 1978 1262 ἅγιον

393 1281 618 1334 νοεῖται
640 1284 886 1351 Πνεῦμα
904 1299 916 1311 ⁸
949 1286 1184 1352 πρόεισι
1204 1287 1272 1340 δὲ
1295 1285 1562 1355 φυσικῶς
1587 1287 1654 1353 ἐξ
1673 1283 1973 1354 αὐτοῦ(1)·

395 1373 489 1424 καί
531 1372 691 1424 πάλιν
722 1374 778 1424 ἐν
809 1373 884 1441 τῷ
913 1378 1080 1444 τρίτῳ
1109 1377 1215 1430 τῶν
1260 1379 1396 1448 πρὸς
1435 1379 1693 1448 Ἑρμείαν
1720 1396 1732 1407 ·
1771 1380 1975 1443 Ἀθρει

393 1464 472 1530 δὴ
529 1460 644 1518 οὖν
679 1465 777 1517 καὶ
824 1466 919 1519 διὰ
969 1469 1196 1522 τούτων
1253 1471 1323 1536 ἐξ
1375 1471 1528 1525 ἰδίου
1575 1471 1974 1538 πληρώματος

395 1555 676 1624 προϊέντα
707 1559 814 1610 τᾶν
853 1560 988 1613 Υίὸν
1012 1561 1078 1613 τὸ
1113 1560 1269 1615 ἴδιον
1293 1561 1480 1616 αὐτοῦ
1510 1561 1608 1616 καὶ
1636 1559 1974 1627 ἐναποϐλή-

2080 564 2223 618 aliud
2262 563 2733 617 cousubstautiale
2787 561 3079 629 producat,
3124 577 3232 615 non
3265 560 3368 630 ipsi
3405 563 3653 616 eanidem

2083 659 2333 708 virtutem
2367 655 2733 724 eumdemque
2763 655 3025 708 honorem
3059 655 3569 716 communicaverit,
3596 661 3657 707 ut

2080 756 2133 801 et
2163 748 2278 815 ipse
2313 747 2498 801 itidem
2539 745 2765 817 gloriam
2813 745 3017 800 habeat
3071 744 3238 798 alium
3284 745 3653 801 consubstan-

2080 839 2262 892 tialem
2298 839 2631 907 producendi
2675 838 2818 908 (cap.
2871 837 2964 908 40)
3011 855 3025 892 :
3075 837 3213 892 nihil
3242 837 3389 892 aliud
3419 837 3485 892 ad
3510 827 3656 891 relu-

2081 929 2242 984 tanda
2297 929 2432 984 adeo
2487 938 2693 984 temere
2732 945 2762 983 a
2799 937 2852 984 te
2877 929 3111 984 conﬁcta
3160 929 3402 997 reperies
3443 927 3548 982 nisi
3601 929 3654 981 in

2080 1021 2425 1092 dogmatibus
2447 1021 2827 1076 acutissimum
2843 1019 3126 1090 Cyrillum,
3151 1020 3245 1090 qui
3276 1035 3340 1074 ex
3363 1018 3502 1073 Filio
3528 1033 3657 1088 pro-

2077 1111 2334 1165 deuntem
2376 1110 2638 1179 Spiritum
2685 1109 2975 1179 praedicat.
3009 1109 3111 1164 Hic
3152 1109 3298 1164 enim
3330 1108 3384 1163 in
3430 1109 3659 1175 Exposi-

2079 1203 2227 1258 tione
2261 1201 2536 1271 Evangelii
2580 1202 2879 1256 secundum
2931 1200 3196 1254 Joannem
3244 1201 3317 1254 ita
3371 1201 3652 1266 loquitur:

2081 1292 2205 1347 Non
2255 1293 2394 1346 enim
2436 1293 2641 1346 alienus
2688 1308 2721 1344 a
2767 1291 3065 1346 substantia
3107 1289 3380 1360 Unigeniti
3424 1290 3659 1359 Spiritus

2077 1395 2293 1439 sanctus
2326 1384 2659 1454 intelligitur,
2674 1384 2764 1438 sed
2797 1400 2862 1438 ex
2891 1385 3006 1452 ipso
3035 1384 3357 1438 naturaliter
3383 1381 3660 1453 progredi-

2077 1482 2184 1527 tur.
2220 1471 2288 1526 Et
2325 1487 2544 1526 rursum
2580 1472 2721 1526 libro
2763 1473 2926 1527 tertio
2958 1473 3025 1526 ad
3062 1471 3341 1526 Hermiam
3374 1489 3388 1526 :
3431 1471 3661 1524 Proinde

2071 1565 2208 1631 ride,
2244 1563 2478 1625 obsecro,
2508 1565 2668 1616 etiam
2724 1579 2789 1616 ea:
2839 1563 2918 1617 his
2962 1562 3168 1617 Filium
3203 1563 3480 1632 proprium
3505 1576 3663 1616 suum

395 1666 510 1714 τως
531 1649 874 1716 ἐμπεφυκὸς
896 1651 1066 1719 ἅγιον
1087 1653 1348 1721 Πνεῦμα,
1382 1655 1457 1706 δι’
1488 1649 1560 1708 οὗ
1590 1652 1759 1708 πᾶσα
1799 1652 1972 1717 δόσις

2082 1666 2124 1710 et
2151 1657 2368 1709 insitum
2412 1656 2514 1716 ita,
2578 1663 2635 1708 ut
2669 1670 2772 1707 non
2807 1655 3123 1724 abjiciatur,
3176 1653 3442 1724 Spiritum
3495 1669 3658 1707 sanc-

400 1741 587 1810 ἀγαθή
617 1742 715 1810 (:2).
748 1741 904 1794 Οὕτω
946 1744 1075 1808 γοῦν
1115 1743 1209 1796 τοῦ
1263 1745 1498 1812 μεγάλου
1544 1744 1826 1816 εἰρηκότος
1858 1744 1972 1795 Κυ-

2082 1757 2207 1810 tum,
2241 1762 2332 1814 per
2361 1761 2508 1814 quem
2537 1761 2688 1798 onme
2704 1746 2903 1813 panum
2936 1745 3154 1807 donum,
3193 1746 3256 1800 de
3283 1762 3383 1799 sua
3407 1744 3674 1813 plenitu--

410 1833 579 1900 ρίλλον
620 1833 681 1883 τὸ
729 1835 949 1906 Πνεῦμα
983 1838 1046 1886 ὲκ
1086 1835 1178 1887 τοῦ
1216 1835 1344 1888 Υίοῦ
1379 1835 1586 1904 προϊὸν,
1632 1837 1976 1904 κατήργηται.

2082 1838 2200 1890 dine
2223 1837 2517 1890 demisisse.
2585 1834 2724 1889 Cum
2753 1835 2920 1902 igitur
2967 1835 3070 1890 hoc
3107 1847 3269 1905 pacto
3305 1850 3536 1904 magnus
3560 1833 3637 1902 Cy
3656 1833 3675 1874 ι’

407 1923 506 1988 μὲν
539 1925 566 1987 ἡ
597 1925 675 1983 εἱς
707 1924 876 1975 αἴτιον
908 1927 997 1975 καὶ
1029 1925 1197 1977 αἴτιον
1231 1925 1494 1994 διαίρεσις
1519 1924 1610 1978 τοῦ
1641 1925 1852 1993 Πατρὸς
1883 1924 1980 1976 καὶ

397 2013 491 2066 τνιῦ
523 2015 674 2076 Υἱοῦ,
727 2017 908 2069 καὶτὸ
966 2018 1164 2087 μᾶλλον
1211 2019 1306 2071 καὶ
1335 2013 1496 2088 ἦττον
1545 2017 1640 2072 καὶ
1680 2017 1832 2071 νόθον
1881 2018 1980 2086 τῆς

397 2107 576 2169 αἰτίας
611 2108 706 2160 καὶ
733 2109 1052 2163 ἐπείσακτον
1087 2125 1103 2142 ο
1135 2110 1478 2180 κατήργηται
1507 2110 1564 2162 δὲ
1595 2110 1657 2162 τὸ
1683 2108 1979 2177 διαπορεῖν,

399 2199 514 2262 πῶς
541 2201 568 2251 ὁ
590 2199 716 2262 Υἱὸς
741 2202 996 2272 προάγων
1025 2201 1084 2254 τὸ
1113 2202 1337 2272 Πνεῦμα
1367 2202 1426 2252 οὐ
1455 2201 1808 2272 μεταδίδωσιν
1830 2199 1981 2268 αὐτῷ

399 2292 496 2358 τῆς
527 2292 698 2360 αὐτῆς
726 2291 1007 2362 δυνάμεως
1032 2293 1122 2345 καὶ
1148 2294 1313 2362 τιμῆς
1355 2293 1442 2345 διὰ
1471 2293 1530 2346 τὸ
1563 2293 1747 2360 κοινὴν
1770 2291 1979 2344 ἔννοιαν

398 2377 560 2447 εἶναι,
613 2382 780 2451 μηδέν
807 2399 858 2436 τι
910 2382 1018 2435 τῶν
1067 2382 1322 2436 τοιούτων
1351 2381 1664 2453 φρονεῑσθαι
1714 2381 1793 2452 τῷ
1836 2381 1978 2451 ἁγίῳ

400 2474 673 2545 Κυρίλλῳ.

2085 1925 2244 1980 rillus
2280 1923 2544 1994 Spiritum
2573 1937 2640 1977 ex
2675 1923 2812 1978 Filio
2842 1922 3041 1977 dixerit
3073 1923 3454 1992 prodeuntem,
3479 1921 3661 1975 inanis

2084 2016 2248 2087 plane
2289 2014 2498 2069 reddita
2536 2020 2591 2067 et
2632 2013 2918 2083 proﬂigata
2975 2020 3062 2068 est
3109 2012 3202 2067 illa
3248 2013 3302 2066 in
3349 2025 3573 2067 causam
3605 2017 3664 2066 et

2086 2121 2310 2163 causam
2348 2105 2545 2160 divisio
2579 2104 2759 2160 Patris
2780 2115 2834 2159 et
2857 2103 3158 2173 Filii,ill_ud
3190 2104 3370 2172 magis
3391 2111 3445 2157 et
3476 2101 3662 2157 minus

2086 2199 2139 2253 in
2175 2199 2518 2262 causatione,
2550 2199 2800 2266 spurium
2839 2196 2973 2250 illud
3008 2207 3065 2251 et
3098 2194 3458 2256 adscititium,
3483 2195 3664 2249 inanis

2083 2305 2302 2360 quoque
2332 2288 2524 2344 eﬂeeta
2558 2297 2643 2342 est
2683 2289 2773 2343 illa
2817 2287 3092 2344 dubitatio
3117 2327 3133 2352 ,
3177 2289 3455 2358 quomodo
3490 2285 3664 2342 Filius

2085 2381 2348 2450 Spiritum
2379 2379 2687 2449 producens
2723 2393 2830 2432 non
2873 2379 3247 2450 commupicet
3276 2379 3378 2450 ipsi
3413 2376 3662 2432 eamdem

2084 2473 2338 2526 virtutem
2385 2471 2753 2538 eumdemque
2796 2470 3105 2537 honorem,
3157 2471 3286 2540 quia
3345 2468 3661 2526 communis

398 2581 593 2625 sensus
625 2570 850 2644 ﬂagitat,
897 2585 956 2632 ut
986 2577 1212 2632 minime
1285 2577 1675 2643 admittamus,
1705 2576 2002 2647 cogitatum
2043 2584 2234 2628 sancto
2274 2569 2482 2642 Cyrillo
2526 2569 2694 2626 fuisse
2787 2570 2993 2640 aliquid
3030 2584 3094 2625 ex
3139 2568 3411 2640 ejusmodi
3463 2567 3661 2623 absur-

478 2751 755 2822 Ὡσαύτως
774 2760 868 2813 καὶ
889 2763 944 2815 ὲν
965 2756 1044 2823 οἷς
1065 2762 1420 2833 παρακατιὼν
1442 2763 1640 2832 λέγεις,
1666 2763 1802 2835 μήτε
1821 2761 1981 2815 θείων

317 2917 324 2923 ἢ
397 2843 631 2900 ἀκοῦσαι
676 2848 891 2918 λογίων,
940 2852 1156 2923 μείζονα
1195 2854 1291 2907 τοῦ
1343 2850 1658 2925 [ῐνεύματος
1713 2855 1803 2909 τδν
1831 2853 1979 2918 Υἱδν,

402 2934 541 3003 μήτε
571 2935 694 2990 νοῦν
741 2941 942 3011 εύσεόἧ
988 2944 1187 3018 ἁλῶναι
1225 2944 1380 2997 τοῦτο
1428 2946 1776 3015 διανοηθέντα
1799 2987 1812 3008 ,
1851 2945 1984 2998 61:6-

2161 2753 2341 2808 Simili
2374 2753 2533 2808 modo
2557 2755 2718 2809 etiam
2766 2753 2922 2819 illud,
2970 2753 3116 2824 quod
3179 2752 3503 2822 procedente
3531 2765 3660 2807 ora-

2089 2846 2234 2901 tione
2265 2848 2492 2908 asseris,
2533 2861 2713 2916 neque
2743 2847 2796 2900 in
2820 2846 3022 2902 divinis
3049 2846 3229 2899 audiri
3267 2846 3527 2911 oraculis,
3560 2859 3658 2899 nc-

2087 2953 2195 3006 que
2223 2938 2374 3007 pium
2413 2952 2635 2992 sensum
2691 2937 2744 2990 id
2789 2939 3117 3006 cogitantem
3145 2935 3497 3006 deprehendi,
3539 2951 3660 2990 ma-

401 3024 494 3076 θεν
547 3028 642 3080 καὶ
694 3032 794 3100 τῆς
857 3035 1129 3104 πατρικῆς
1183 3035 1480 3105 ὲγγύτητος
1540 3037 1870 3107 πορρωτέρω
1921 3038 1979 3090 τὸ

2084 3030 2258 3098 jorem
2293 3029 2494 3098 Spiritu
2539 3043 2661 3084 esse
2696 3027 2920 3093 Filium,
2957 3029 3098 3082 unde
3145 3038 3200 3082 et
3245 3028 3592 3084 remotiorem
3627 3043 3658 3082 a

403 3114 627 3185 Πνεῦμα
653 3121 825 3183 ποιεῖς
862 3124 955 3175 καὶ
979 3121 1040 3175 τὸ
1073 3122 1324 3192 δεύτερον
1369 3105 1641 3192 εὑρίσκεις
1671 3123 1979 3192 ύποφυόμε-

2082 3120 2408 3190 cognatione
2443 3135 2570 3174 cum
2599 3117 2760 3175 Patre
2784 3119 3050 3189 Spiritum
3072 3118 3364 3174 constituis
3399 3121 3543 3189 (cap.
3566 3120 3660 3186 41)

397 3225 491 3260 νον
529 3209 734 3264 αἴτιον
781 3215 876 3266 καὶ
925 3214 1024 3284 τὴν
1082 3217 1546 3285 μεμηχανημένην
1601 3216 1699 3284 τῆς
1742 3213 1980 3285 ζπρώτης

399 3297 579 3362 αἰτίας
613 3300 767 3371 ὖὸριν
796 3303 888 3355 καί
922 3307 1010 3356 τὸν
1046 3306 1126 3364 εἰς
1173 3304 1269 3357 δύο
1299 3305 1390 3358 τοῦ
1429 3304 1746 3375 Πνεοὸματος
1787 3305 1980 3373 διαμε-

403 3392 618 3458 ρισμὸν,
650 3392 739 3445 τὸν
765 3396 831 3447 ὲκ
855 3395 947 3448 τοῦ
980 3397 1218 3450 ἀναιτίου
1249 3398 1344 3449 καὶ
1375 3397 1590 3466 πρώτου
1643 3395 1824 3449 αἰτίου
1844 3410 1858 3424 '
1889 3397 1981 3448 καὶ

399 3481 492 3532 τὸν
523 3483 586 3534 ἐκ
632 3483 728 3536 τοῦ
779 3487 1025 3538 αἰτιατοῦ
1071 3489 1165 3540 καὶ
1215 3488 1498 3558 δευτέρου,
1535 3488 1626 3540 καὶ
1681 3487 1741 3539 τὸ
1788 3487 1865 3549 εἰς
1899 3503 1982 3538 τε·

399 3571 573 3640 τράδα
596 3575 718 3627 ἀντί
761 3577 984 3646 Τριάδος
1025 3578 1315 3649 τολμηρῶς
1359 3579 1679 3658 προχωροῦν
1717 3579 1882 3642 σέϐας
1908 3593 1922 3608 ⁸
1954 3580 1983 3631 ὁ

405 3665 576 3734 μέγας
607 3667 894 3736 ἀπελέγξει
938 3687 998 3722 σε
1041 3669 1366 3734 Ἀθανάσιος
1391 3673 1449 3724 ὲν
1478 3669 1556 3741 τῷ
1589 3669 1730 3727 κατὰ
1779 3673 1984 3741 Ἀρεια-

402 3755 508 3808 νῶν
568 3756 767 3828 πρώτῳ
808 3760 973 3830 λόγῳ,
1010 3756 1135 3832 oili}
1194 3763 1334 3832 ἀρχή
1364 3777 1378 3791 ”
1411 3765 1483 3817 Al
1525 3761 1642 3831 μὲν
1695 3764 1980 3831 αἱρέσεις,

402 3847 540 3902 ὅσαι
573 3849 681 3918 τῆς
716 3850 1003 3919 ἀληθείας
1041 3853 1448 3920 ἐπινοήσασαι
1484 3855 1711 3922 μανίαν
1740 3853 1982 3920 ἑαυταῖς

403 3943 654 4009 φανεραί
705 3944 1101 4013 τυγχάνουσι,
1151 3947 1281 4015 περί¹
1325 3946 1419 3998 τοῦ
1450 3945 1580 3998 Υἰοῦ
1619 3946 1792 4015 λέγων
1837 3945 1985 3999 οὕτω

405 4032 584 4101 ῥητῶς
607 4051 622 4065 ·
660 4033 791 4100 Τοῖς
823 4035 892 4088 δὲ
918 4037 1216 4104 μαθηταῖς
1250 4037 1364 4104 τὴν
1395 4038 1648 4105 θεότητα
1681 4037 1778 4092 καί
1799 4054 1982 4108 μεγα-

401 4125 682 4190 λειότητα
695 4125 934 4192 δεικνὺς
952 4128 1193 4194 ἑαυτοῦ,
1217 4130 1415 4183 οὺνέτι
1443 4129 1739 4183 ἐλάττονα
1766 4130 1985 4184 ἑαυτὸν

404 4215 512 4269 τοῦ
545 4219 906 4286 Πνεύματος,
955 4219 1114 4274 ἀλλὰ
1156 4217 1398 4290 μείζονα
1421 4221 1497 4291 (5)
1531 4221 1633 4275 καὶ
1663 4218 1802 4276 ἶσον
1835 4222 1980 4275 ὄντα

403 4309 718 4374 σημαίνων
745 4310 948 4365 ἐδίδου
999 4312 1114 4380 μὲν
1171 4311 1237 4365 τὸ
1289 4313 1530 4381 Πνεῦμα
1567 4312 1665 4365 καὶ
1721 4314 1932 4382 ἔλεγεν
1962 4329 1980 4345 ο

411 4417 430 4448 ι
479 4399 626 4466 Ἐγὼ
665 4400 812 4454 αὐτὸ
842 4401 1229 4457 ἀποστέλλω·
1274 4391 1554 4468 κακεῖνος
1583 4403 1701 4473 ,ἐμὲ
1736 4401 1983 4467 δοξάσει

406 4491 504 4543 καί
541 4487 657 4544 ὅσα
687 4493 947 4561 ἀκούσῃ,
974 4495 1258 4566 λαλήσει.
1291 4515 1310 4548 ι

475 4672 659 4728 Ταῦτα
685 4675 858 4745 λέγων
900 4679 927 4731 ὁ
959 4678 1110 4749 ἅγιος
1138 4679 1238 4752 τὴν
1280 4681 1460 4735 αἰτίαν
1507 4683 1742 4737 δείκνυσι
1771 4699 1982 4752 προφα-

405 4766 531 4829 νῶς,
567 4768 690 4820 καθ’
736 4769 804 4840 ἣν
836 4770 996 4841 δοτὴρ
1041 4773 1132 4824 τοῦ
1189 4773 1507 4842 Πνεύματός
1555 4777 1701 4829 ἐστιν
1735 4777 1762 4828 ὁ
1789 4775 1937 4844 ,Υἰός
1963 4791 1978 4806 °

402 4856 571 4910 εἰπὼν
603 4857 712 4930 γὰρ
739 4857 814 4922 ὡς
842 4861 870 4912 ὁ
901 4860 1106 4929 Κύριος
1139 4863 1362 4932 μείζονα
1393 4864 1486 4917 τοῦ
1516 4865 1834 4934 Πνεύματος
1862 4864 1984 4918 ἐαυ-

402 4949 495 5000 τὸν
525 4948 655 5002 ὄντα
690 4951 971 5020 σημαίνων
1016 4951 1186 5005 ἐδίδου
1217 4954 1366 5019 αὐτὸ,
1398 4954 1665 5024 δεδήλωκε
1699 4955 1982 5026 καθαρῶς,

403 5039 479 5100 ὡς
505 5039 570 5091 δι’
596 5039 750 5094 οὐδὲν
778 5040 904 5094 ἄλλο
953 5041 1114 5113 δοτὴρ
1143 5042 1237 5096 τοῦ
1279 5044 1592 5114 Πνεύματός
1631 5045 1778 5099 ἐστιν
1818 5048 1844 5098 ὁ
1873 5047 1986 5099 Σω-

403 5132 529 5200 τὴρ,
564 5133 678 5186 ἀλλ’
709 5134 741 5204 ἢ
776 5134 864 5188 διά
909 5135 970 5187 τὸ
997 5136 1055 5202 ἐξ
1089 5135 1250 5198 αὑτοῦ
1298 5137 1568 5208 ὑπάρχειν
1611 5139 1779 5191 αὑτόο
1815 5137 1984 5192 καἰεί

407 5223 584 5292 βούλει
622 5226 680 5292 ἐξ
738 5227 930 5297 ἐτέρας
977 5229 1254 5300 γραφικῆς
1304 5231 1608 5300 μαρτυρίας
1661 5232 1751 5284 τὸν
1802 5230 1980 5298 λόγον,

408 5318 660 5387 συστήσω
698 5335 780 5372 σοι
803 5335 818 5351 ο
853 5321 947 5373 καί
979 5320 1088 5392 γὰρ
1119 5322 1147 5374 ὀ
1179 5322 1237 5374 ἐν
1286 5322 1462 5390 ἁγίοις
1505 5321 1982 5393 δογματικὼτατος

405 5409 502 5461 καί⁵
527 5408 597 5460 τὰ
623 5408 738 5462 θεῖα
759 5411 926 5472 πολὺς
960 5411 1309 5476 Ἀναστάσιος
1332 5412 1474 5466 οὕτω
1505 5415 1637 5482 φησί
1657 5429 1670 5443 ο
1701 5413 1810 5470 Καὶ
1834 5415 1984 5484 γοῦν

475 5569 551 5640 (1)
573 5569 760 5640 Cyrill.
785 5570 836 5624 in
873 5569 1029 5625 Joan.
1084 5571 1220 5635 XVI,
1258 5575 1455 5625 citatur
1480 5587 1508 5624 a
1561 5571 1732 5625 Becco
1757 5573 1976 5639 stepius,

414 5647 471 5692 ul
495 5638 677 5710 Epigr.
707 5639 751 5692 ν
789 5641 902 5710 (Gr.
933 5647 1076 5697 orlh.
1102 5653 1233 5696 tum.
1271 5643 1325 5704 Il,
1360 5661 1409 5710 p.
1445 5644 1592 5708 570.)

484 5710 561 5782 (ἓ)
613 5709 762 5782 idem
816 5709 998 5781 Cyrilli
1062 5726 1232 5768 textus
1266 5729 1350 5781 ap.
1403 5713 1558 5767 Bccc.
1613 5713 1795 5782 Epigr.
1847 5711 1977 5773 Vlil,

415 5777 474 5833 (ἓν
511 5778 574 5834 Ο.
610 5780 672 5846 ll,
695 5781 816 5836 589.

2085 3221 2248 3280 atque
2284 3211 2579 3265 secundam
2612 3209 2819 3279 reperis
2855 3209 3207 3276 pullulaotem
3236 3223 3484 3274 causam,
3520 3223 3659 3278 pra:-

2085 3312 2232 3356 tcrea
2264 3311 2316 3355 et
2359 3301 2720 3372 excogitatam
2760 3300 2918 3370 primi
2963 3299 3222 3369 principii
3267 3299 3657 3354 contumeliam

2087 3395 2230 3464 (cap.
2263 3393 2377 3461 ιε),
2411 3393 2537 3447 item
2563 3391 2806 3462 Spiritus
2841 3392 3013 3446 sancti
3058 3391 3112 3444 in
3145 3391 3281 3445 duos
3311 3391 3663 3457 divisionem,

2086 3488 2316 3539 alterum
2367 3501 2432 3537 ex
2468 3500 2574 3536 non
2622 3495 2842 3538 causata
2881 3493 2935 3539 et
2975 3487 3150 3553 prima
3193 3497 3384 3547 causa,
3429 3483 3659 3536 alterum

2088 3592 2156 3632 ex
2191 3592 2354 3632 causa
2383 3587 2606 3630 causata
2633 3586 2799 3645 atque
2827 3577 3087 3637 secunda,
3119 3586 3172 3627 et
3201 3573 3411 3628 Nuincn
3443 3575 3497 3628 in
3525 3590 3662 3645 qua-

2085 3669 2396 3722 ternitatem
2430 3668 2549 3721 loco
2572 3667 2858 3722 Trinitatis
2892 3682 3087 3734 magna
3118 3681 3242 3720 cum
3270 3667 3497 3721 audacia
3534 3683 3662 3736 pro-

2086 3758 2302 3829 pulsum
2345 3758 2488 3829 (cap.
2535 3757 2800 3828 45),ista,
2829 3760 3074 3826 inquam,
3147 3772 3376 3826 magnus
3452 3758 3664 3813 refellet

2085 3851 2420 3905 Athanasius
2464 3851 2637 3919 prima
2675 3852 3138 3904 contraArianos
3186 3849 3459 3915 oratiOne,
3506 3849 3661 3915 cujus

2085 3942 2299 3997 initium
2355 3959 2368 3995 :
2415 3940 2655 3996 ereses
2701 3958 3025 4012 qutrcunque
3055 3941 3330 3997 veritatem
3373 3941 3662 4008 apprehen-

2085 4037 2295 4098 derunt,
2329 4036 2599 4088 insaniam
2635 4035 2832 4100 sibi...,
2873 4037 2939 4089 de
2971 4034 3106 4089 Filio
3149 4035 3378 4104 loquens
3415 4035 3498 4088 his
3527 4033 3662 4102 ipsis

2085 4128 2268 4182 verbis
2309 4143 2324 4180 :
2356 4127 2647 4196 Discipulis
2696 4143 2816 4181 vero
2864 4128 3118 4181 deitatem
3158 4137 3207 4180 et
3241 4125 3660 4196 magnitudinem

2084 4234 2234 4286 suam
2279 4227 2549 4272 ostentans
2591 4234 2697 4271 non
2737 4220 2992 4271 minorem
3048 4218 3278 4288 amplius
3323 4217 3660 4285 semetipsum

2085 4311 2314 4380 Spiritu,
2367 4313 2457 4364 sed
2491 4311 2748 4380 majorem
2795 4319 2845 4364 et
2891 4309 3146 4378 (aqualem
3183 4309 3492 4379 significans
3521 4313 3662 4360 etar-

2075 4399 2324 4465 ‘giebatur
2349 4397 2608 4467 Spiritum
2643 4408 2692 4452 et
2719 4398 2937 4452 aiebat:
2983 4415 3001 4449 ι
3044 4397 3154 4468 Ego
3179 4397 3334 4451 illum
3361 4401 3592 4450 mittam.
3633 4415 3663 4449 ι

2016 4479 2058 4534 Ῑ)
2087 4490 2182 4544 Et:
2221 4507 2238 4540 ι
2265 4490 2364 4544 Ille
2381 4490 2718 4559 clariﬁcnbit.
2752 4509 2770 4542 ι
2797 4489 2893 4545 Et:
2924 4508 2944 4542 ι
2969 4490 3321 4555 ριιτοσιιηιαιιε
3347 4489 3552 4556 audiet,
3575 4489 3660 4542 la-

2083 4591 2294 4651 quetur.
2334 4601 2353 4634 ι

2155 4672 2280 4728 [hec
2305 4674 2492 4730 dicens
2516 4685 2742 4730 sanctus
2781 4689 3005 4729 causam
3048 4684 3234 4744 aperte
3280 4675 3542 4739 ostendit,
3573 4688 3665 4730 sea-

2087 4767 2323 4822 cundum
2360 4783 2524 4838 quam
2560 4766 2798 4837 Spiritus
2822 4767 2998 4822 sancti
3029 4767 3189 4822 dator
3214 4778 3299 4822 est
3327 4767 3520 4822 Filius.
3571 4766 3662 4819 Di-

2085 4861 2259 4916 cendo
2303 4860 2472 4925 enim,
2527 4859 2819 4914 Dominum
2871 4856 3078 4927 Spiritu
3129 4856 3393 4926 majm-em
3440 4857 3663 4912 semeti-

2087 4968 2243 5023 psum
2278 4951 2672 5022 signiﬁcantem
2702 4966 2828 5007 eum
2857 4951 3098 5015 dedisse,
3155 4951 3300 5006 cla-rc
3357 4951 3658 5016 denotavit,

2089 5045 2432 5102 Servatorem
2466 5045 2538 5098 ob
2575 5043 2711 5098 nihil
2743 5044 2892 5099 aliud
2945 5043 3185 5114 Spiritus
3227 5059 3348 5099 esse
3383 5043 3651 5105 datorem,

2086 5135 2191 5190 nisi
2233 5146 2542 5206 propterea,
2572 5136 2714 5204 quod
2750 5135 2840 5192 hie
2867 5149 2934 5190 ex
2961 5135 3081 5205 ipso
3118 5135 3354 5190 exsistit.
3397 5133 3575 5202 Atque
3608 5135 3657 5188 si

2087 5226 2192 5281 alio
2235 5228 2426 5280 litteris
2456 5227 2774 5296 consignato
2819 5227 3134 5281 testimonio
3178 5227 3314 5280 idem
3352 5239 3514 5279 nosse
3550 5225 3654 5290 vis,

2088 5317 2140 5371 id
2172 5318 2265 5372 tihi
2306 5318 2607 5372 exhibebo.
2627 5319 2836 5372 Etenim
2879 5317 2933 5372 in
2995 5317 3344 5386 dogmatibus
3379 5316 3658 5371 tradendis

2086 5409 2459 5478 peritissimus
2499 5421 2550 5463 et
2587 5411 2640 5463 in
2681 5409 2880 5464 divinis
2928 5411 3089 5464 rebus
3133 5408 3394 5475 copiosus
3425 5408 3658 5462 Anasta-

2163 5570 2238 5637 (5)
2293 5567 2471 5621 Multis
2505 5571 2555 5623 in
2589 5570 2740 5635 locis,
2800 5579 2858 5623 ut
2906 5566 2998 5622 Or.
3054 5565 3120 5620 de
3159 5581 3251 5637 un.
3297 5561 3439 5620 Eccl.
3474 5579 3505 5637 η
3560 5565 3653 5630 27,

2087 5636 2314 5707 alzisque
2371 5640 2573 5696 Beccus
2629 5640 2729 5692 hoc
2779 5646 2924 5693 textu
2957 5639 3159 5707 utitur,
3205 5636 3404 5703 dequo
3433 5636 3656 5707 uberius

2087 5703 2481 5818 disputavimus
2558 5709 2936 5764 Animadvers.
3005 5707 3060 5760 in
3115 5706 3299 5761 ~Phnl.
3370 5717 3474 5762 art.
3545 5703 3654 5771 ιν,

2092 5795 2260 5837 χιον

2092 5808 2126 5849 δ
2158 5808 2260 5837 seu.
