4042 6430
431 341 535 406 789

1157 374 1168 384 -
1206 326 1649 397 REFUTATIO
1686 324 2055 395 ΡΗΟΤΙΑΝΙ
2101 330 2313 390 LIBRI
2350 322 2447 390 DE
2489 318 2809 389 SPIRITU‘
2843 323 2903 383 S.

3587 313 3694 377 790

425 455 519 507 τὸν
555 451 771 522 Πατέρα
803 439 981 506 αῦτοῦῘ
1015 440 1290 521 διάκρισιν
1324 449 1439 520 ἔχει
1476 448 1525 518 (6
1559 446 1657 516 μὲν
1679 447 1789 517 γὰρ
1821 444 2015 530 Πατὴρ

2137 459 2189 498 :x
2249 441 2492 512 ingenito
2554 438 2714 492 Patre
2782 433 3141 506 progrediens
3213 427 3554 486 inconfusam
3625 426 3693 481 ad

428 545 581 617 μένει
626 543 944 613 ἀγέννητος,
974 543 1038 598 τδ
1068 543 1127 598 δὲ
1180 542 1404 612 Πνεῦμα
1456 537 1832 609 ὲκπορευτδν),
1877 526 2019 590 οὕτω

426 635 523 691 καὶ
549 637 612 689 ὲκ
626 633 722 689 τοῦ
742 633 873 688 Υἱοῦ
903 633 1090 705 προϊὸν
1116 631 1218 687 ἀσύ
1227 648 1338 703 μφυ
1348 646 1471 700 ρτον
1494 629 1593 699 τὴν
1622 627 1760 698 πρὸς
1780 627 1872 679 τὸν
1893 624 2019 677 Υἱὸν

431 725 803 797 ῦποστατικὴν
831 725 993 779 αὐτοῦ
1012 723 1286 796 διάκρισιν
1311 721 1450 794 ἔχει,
1474 720 1570 775 καὶ
1592 717 1730 791 πρὸς
1759 716 2019 787 οὐδεμίαν

432 817 699 888 σύγχυσιν
747 806 1000 885 οὐδαμῶς
1045 813 1386 885 ἀναφύρεται
1440 812 1501 882 (6
1543 809 1644 881 μὲν
1704 808 1819 877 γὰρ,
1868 807 2020 878 μένει

430 908 563 973 Υἱὸς
585 905 957 978 γεννητῦς,ιτὸ
982 906 1040 961 δὲ
1075 905 1301 976 Πνεῦμα
1331 899 1689 975 ὲκτέορευτόν)
1717 913 1730 928 ⁶
1759 898 1884 952 ἐπεὶ
1913 894 2018 968 γὰρ

378 987 383 992 ’
430 1004 498 1071 τῇ
528 999 669 1071 αὐτῇ
697 998 965 1069 διακρίσει
987 996 1313 1068 ἀμφοτέρων
1334 995 1677 1067 διακέκριται
1692 991 1764 1057 ,τὸ
1795 989 2020 1060 Πνεῦμα

430 1090 495 1144 τὺ
522 1089 830 1159 meum
863 1089 1000 1161 πρὸς
1039 1104 1160 1143 τινα
1196 1085 1458 1159 σύγχυσιν
1490 1083 1857 1155 ἁναφύρηται,
1895 1080 2020 1149 γέν-

433 1196 589 1249 νησις
632 1179 728 1234 καὶ
774 1177 1100 1250 ἑκπόρευσις
1127 1177 1214 1231 διὰ
1244 1177 1307 1232 τδ
1348 1177 1413 1231 δκ
1459 1175 1553 1230 τοῦ
1596 1171 1855 1244 γεννητοῦ
1885 1169 2016 1225 Υῑοῦ

432 1272 494 1326 τδ
522 1269 863 1346 δκπορευτδν
883 1270 1188 1343 προελθεῖν,
1227 1270 1449 1341 εὔδηλον
1473 1268 1549 1331 ὡς
1581 1266 1735 1322 ἔσται
1770 1282 1857 1328 τις
1890 1263 2021 1332 σύγ-

432 1379 591 1433 χυσις
650 1361 979 1433 ἀγεννησῑας
1028 1379 1088 1415 τε
1133 1362 1226 1415 καὶ
1281 1358 1658 1430 ὲκπορεύσεως
1712 1358 1801 1412 διὰ
1841 1356 1902 1410 τὸ
1950 1354 2011 1421 ἐξ

435 1452 733 1523 ἁγεννήτου
781 1451 994 1522 Πατρδς
1035 1450 1098 1504 τὸ
1129 1451 1460 1523 ἑκπορευτδν
1509 1448 1828 1521 προελθεῖν·
1883 1442 2020 1500 ἀλλὰ

440 1543 548 1617 μὴν
581 1543 684 1597 οὐκ
712 1541 827 1597 ἔστι
855 1543 917 1597 τὸ
944 1542 1214 1615 δεύτερον,
1249 1543 1359 1598 οὐδ’
1388 1541 1496 1614 ἄρα
1529 1543 1590 1596 τὸ
1615 1542 1853 1611 πρῶτονε

1035 1821 1420 1879 ΚΕῙΜΕΝΟΝ.

443 2114 604 2165 ⁴[τος
650 2098 932 2168 συντηρῶν
980 2097 1220 2167 ἀξίωμα,
1249 2098 1391 2154 οὕτω
1442 2102 1539 2156 καὶ
1583 2103 1649 2156 τὸ
1696 2101 1922 2173 Πνεῦμα
1964 2103 2025 2156 τὸ

446 2187 713 2256 πανὰγιον
736 2187 1100 2259 ἐκπορεύεται
1131 2189 1226 2258 μὲν
1250 2189 1345 2243 τοῦ
1375 2191 1608 2264 Πατρδς,
1645 2192 1796 2262 μένει
1821 2192 1866 2245 δ’
1894 2192 2028 2263 ἀμε-

443 2278 733 2348 τάϐλητον,
768 2280 947 2351 ἑαυτῷ
975 2281 1273 2351 συντηροῦν
1301 2280 1362 2336 τὸ
1382 2282 1714 2355 ὲκπορευτόν
1739 2299 1753 2316 ·
1783 2285 1877 2338 καὶ
1906 2283 2026 2337 καθ’

443 2372 502 2423 ὃν
529 2370 688 2441 λόγον
716 2371 778 2439 ἐξ
820 2372 1062 2425 ἁναιτίου
1097 2371 1191 2426 τοῦ
1239 2374 1452 2444 Πατρὸς
1480 2374 1541 2427 τὸ
1589 2374 1815 2446 Πνεῦμα
1840 2375 2029 2444 προϊὸν

445 2464 636 2537 ἑτέρου
666 2462 920 2534 γέννησιν
945 2463 980 2534 ἢ
1010 2463 1338 2533 ὲκπόρευσιν
1380 2465 1439 2516 οὐ
1475 2464 1749 2534 θεουργεϊ,
1783 2463 1904 2517 οὐδὲ
1941 2463 2041 2527 διά.⁸

450 2573 597 2620 τινος
638 2555 938 2626 μεταϐολῆς
970 2555 1069 2624 τὴν
1102 2556 1431 2627 ὲκπόρευσιν
1462 2555 1626 2611 αὐτοῦ
1675 2559 1990 2627 καινοτομεῖ
2012 2573 2025 2588 ·

447 2645 591 2698 οὕτω
618 2643 684 2715 δὴ
716 2646 812 2698 καὶ
840 2646 869 2698 6
903 2643 1033 2708 Υἱὸς
1058 2645 1398 2716 γεννώμενος
1429 2645 1490 2711 ἐξ
1511 2647 1754 2701 ἀναιτίου
1789 2647 1882 2700 τοῦ
1917 2648 2031 2699 Πα-

448 2736 577 2805 τρὸς
611 2733 738 2788 οὔτε
787 2735 875 2790 διὰ
899 2736 1225 2806 γεννήσεως,
1257 2737 1318 2790 οὐ
1375 2737 1502 2808 μὴν,
1533 2737 1649 2791 ἀλλ’
1680 2738 1801 2795 οὐδὲ
1845 2737 1913 2792 δι’
1940 2741 2033 2790 ἐκ⁴

454 2827 769 2898 πιορεύσεως
801 2826 1060 2897 οὐδεμίαν
1089 2826 1157 2882 ἂν
1191 2828 1481 2900 θεουργίαν
1513 2830 1726 2894 οὐδενὸς
1760 2830 2033 2899 ὁμοφυοῦς

450 2917 739 2987 ἀνάσχοιτο
785 2916 1106 2983 ὑποϐαλεῖν,
1127 2917 1248 2970 οὐδὲ
1306 2918 1542 2991 σχέσεως
1576 2919 1768 2991 ἐτέρας
1813 2919 2052 2973 ἔπεισα--

453 3009 610 3079 γωγῇ
639 3006 702 3060 τὸ
730 3006 1024 3080 προνόμιον
1058 3006 1393 3065 ἑπινοθεύειν
1424 3012 1519 3081 τῆς
1562 3011 1828 3082 υἱότητος.

1012 3192 1487 3254 ΑΝΤΙΡΡΗΣΙΣζ

529 3286 658 3339 KA'.
707 3285 792 3349 ἀς
825 3283 1025 3349 ἔοικεν,
1070 3286 1424 3356 οὐδεμίανσὺ
1471 3286 1652 3357 βούλει
1694 3286 1877 3343 δοῦναι
1921 3283 2039 3343 6t:-

456 3376 630 3460 φορὰν
673 3375 768 3430 ἐπὶ
806 3376 887 3447 τῷ
927 3377 1156 3449 αἰτιατῷ
1183 3377 1276 3432 τοῦ
1311 3378 1440 3432 Υἱοῦ
1465 3396 1525 3432 τε
1556 3378 1653 3432 καὶ
1700 3380 2039 3450 Πνεύματος,

458 3465 672 3521 καὶδιὰ.
710 3465 870 3520 τοῦτο
918 3468 1269 3538 καινοτομίας
1302 3470 1682 3540 ἑκπορεύσεων
1728 3472 1825 3524 καὶ
1851 3470 2041 3542 θεουρο

459 3560 583 3622 γιας
615 3557 878 3628 ὁμοφυῶν
915 3575 1078 3612 τινων
1126 3561 1525 3631 τερατολογεῖς.
1568 3561 1709 3615 Ἀλλ’
1741 3563 1769 3616 6
1806 3562 2043 3632 θεολογι-

458 3650 703 3713 κώτατος
754 3649 977 3716 Νύσσης
1028 3650 1295 3722 διαφορὰν
1339 3651 1433 3705 τοῦ
1481 3652 1726 3706 αἰτιατοῦ
1776 3651 1952 3721 λέγων
1981 3655 2042 3706 τὸ

462 3738 564 3808 μὲν
594 3738 876 3809 προσεχῶς
909 3740 973 3792 ὲκ
1004 3739 1101 3793 τοῦ
1134 3739 1375 3812 πρώτου,
1411 3742 1470 3794 τὸ
1498 3740 1557 3795 δὲ
1587 3742 1676 3795 διὰ
1716 3740 1811 3795 τοῦ
1840 3758 2043 3812 προσε-

460 3832 571 3901 χῶς
601 3834 665 3885 ἐκ
709 3831 802 3885 τοῦ
836 3832 1054 3903 πρώτου
1108 3833 1586 3905 προέρχεσθαι,.ὲκ
1626 3835 1727 3903 τῆς
1779 3833 2043 3905 διαφορᾶς

459 3923 662 3993 ταύτης
697 3922 882 3975 δίδωσι
936 3925 1100 3990 νοεῖν,
1129 3923 1191 3976 τὸ
1241 3925 1339 3994 μὲν
1388 3923 1477 3977 διὰ
1530 3923 1624 3977 τοῦ
1673 3922 1805 3978 Υἰοῦ
1848 3927 1915 3976 ὲκ
1945 3924 2042 3977 τοῦ

462 4014 678 4084 Πατρδς
705 4016 896 4086 προϊὸν
921 4013 1145 4085 Πνεῦμα
1174 4011 1313 4070 εἶναι
1363 4017 1457 4068 καὶ
1501 4014 1562 4081 ἐξ
1594 4016 1818 4086 ἀμφοῖν,
1862 4016 1920 4083 ὲξ
1946 4016 2046 4069 a6-

461 4106 558 4159 τοῦ
592 4107 649 4160 δὲ
688 4102 832 4160 εἶναι
879 4106 1066 4179 μηδὲν,
1124 4110 1246 4162 ἐπεὶ
1296 4109 1462 4182 μηδὲν
1512 4109 1750 4181 ὀμοφυές
1804 4110 1920 4163 ἐστι
1975 4109 2044 4163 δι’

465 4194 652 4249 αὐτοῦ.

1050 4392 1436 4449 KEIMENON.

2051 1788 2112 1848 Β,

523 1916 722 1982 Ὠσπερ
755 1915 813 1969 δὲ
844 1915 1005 1967 πάλιν
1028 1918 1055 1967 6
1089 1916 1216 1976 Υἱὸς
1248 1909 1506 1984 γεννᾶται
1542 1918 1643 1987 μὲν
1685 1917 1747 1970 ἑκ
1783 1916 1875 1971 τοῦ
1911 1919 2035 1972 Παον
2089 1900 2092 1903 λ

345 2040 353 2048 ο
445 2007 592 2075 τρὸς,
625 2006 868 2075 διαμένει
902 2006 945 2058 δ’
972 2006 1039 2060 ἂν
1069 2007 1429 2061 ἀναλλοίωτον
1461 2008 1641 2078 ἑαυτῷ
1679 2013 1740 2062 τὸ
1772 2011 1869 2078 τῆς
1909 2010 2022 2064 υἱό-

2118 535 2334 592 Patrem
2388 549 2544 591 suam
2609 540 2757 588 tenet
2819 528 3230 586 distinctionem
3295 525 3466 595 (nam
3534 522 3696 576 Pater

2120 629 2394 699 ingenitus
2428 632 2646 691 manet,
2684 624 2921 695 Spiritus
2959 637 3088 677 vero
3123 616 3462 692 procedens)
3484 655 3499 678 ,
3537 614 3611 670 ita
3643 619 3700 666 et

2117 735 2183 773 ex
2207 719 2347 774 Filio
2376 717 2635 787 prodiens
2662 715 3012 770 inconfusam
3049 713 3215 766 habet
3244 724 3398 765 suam
3436 718 3700 777 persona-

2121 812 2225 866 lem
2254 810 2666 866 distinctionem
2704 809 2771 863 ad
2805 806 3006 861 Filium
3040 813 3094 859 et
3128 803 3183 858 in
3222 801 3427 856 nullam
3468 809 3700 868 prorsus

2119 902 2502 962 confusionem
2551 902 2910 971 permiscetur
2947 886 2975 970 ~(
2995 907 3183 952 manet
3241 906 3476 962 namque
3526 887 3699 944 Filius

2119 996 2361 1068 genitus,
2391 993 2626 1064 SpiritIIs
2650 1007 2779 1046 vero
2809 987 3154 1061 procedens).
3189 984 3326 1040 Nam
3353 999 3475 1039 cum
3507 980 3700 1036 eadem

2121 1088 2480 1145 distinctione
2509 1084 2751 1156 Spiritus
2779 1092 3005 1140 sanctus
3038 1082 3111 1138 sit
3141 1080 3207 1134 ab
3237 1087 3474 1146 utroque
3501 1071 3702 1128 distin-

2129 1188 2278 1249 ctus,
2297 1179 2343 1237 si
2370 1178 2436 1235 ad
2458 1194 2620 1250 quam
2649 1175 3028 1232 confusionem
3055 1171 3449 1245 permisceatur
3472 1178 3701 1238 genera-

2124 1272 2197 1327 tio
2226 1278 2282 1326 et
2310 1270 2593 1342 processio
2641 1269 2851 1323 idcirco
2898 1267 3044 1338 quod
3096 1280 3162 1319 ex
3203 1262 3344 1317 Filio
3388 1260 3571 1331 genito
3612 1256 3704 1310 ille

2119 1363 2212 1434 qui
2246 1360 2494 1433 procedit
2524 1359 2922 1431 progrediatur,
2961 1354 3312 1427 perspicuum
3347 1361 3455 1415 est,
3490 1348 3606 1403 forc
3646 1354 3703 1400 et

2121 1450 2501 1506 confusionem
2541 1449 2832 1518 quamdam
2896 1440 3336 1501 innascihilitatis
3382 1448 3435 1494 et
3485 1451 3707 1507 proces-

2122 1541 2333 1607 sionis,
2377 1540 2580 1596 idcirco
2598 1540 2743 1609 quod
2790 1554 2857 1594 ex
2901 1534 3213 1592 innascibili
3264 1533 3425 1588 Patre
3472 1529 3563 1586 ille
3610 1529 3704 1598 qui

2123 1631 2372 1704 procedit
2416 1631 2819 1700 pregrediatnr.
2867 1628 2975 1683 Sed
3024 1626 3329 1683 secundum
3378 1626 3556 1677 locum
3599 1619 3708 1683 mi-

2127 1727 2273 1779 nime
2306 1722 2488 1788 habet,
2522 1736 2652 1792 ergo
2689 1738 2786 1776 nec
2817 1721 3077 1789 primum.

2769 1810 3071 1866 TEXTUS.

2201 1904 2264 1961 Et
2295 1906 2458 1963 sicuti
2488 1922 2679 1961 rursus
2706 1903 2882 1959 Filius
2906 1904 3125 1974 quidem
3157 1912 3446 1971 generatur
3472 1914 3498 1953 a
3526 1896 3708 1965 Patre,

2127 2006 2412 2065 permanet
2451 2004 2629 2050 tamen
2671 1995 3018 2049 inalteratam
3055 1992 3156 2046 sibi
3199 2004 3534 2043 conservans
3575 1985 3711 2039 lilia-

2131 2085 2297 2141 tionis
2328 2086 2671 2156 dignitatem,
2706 2085 2782 2138 ita
2811 2093 2865 2138 et
2892 2082 3280 2137 sanctissimus
3316 2077 3553 2149 Spiritus
3581 2089 3711 2145 pro-

2131 2177 2274 2233 cedit
2303 2177 2522 2247 quidem
2560 2192 2591 2230 a
2624 2174 2817 2241 Patre,
2858 2184 3041 2229 manct
3097 2186 3224 2225 vero
3260 2171 3708 2225 incommutatam

2131 2267 2238 2323 sibi
2275 2282 2500 2321 servans
2531 2264 2904 2336 processionis
2937 2263 3240 2329 rationem;
3275 2271 3329 2315 et
3360 2274 3470 2330 qua
3501 2258 3715 2313 ratione

2135 2356 2388 2426 Spiritus
2416 2372 2480 2411 ex
2520 2355 2682 2411 Patre
2716 2355 2922 2410 nullam
2954 2362 3287 2425 agnoscente
3324 2365 3546 2407 causam
3579 2364 3712 2419 pro-

2133 2446 2288 2502 dicus
2327 2448 2555 2502 alterius
2588 2447 3000 2517 generationem
3039 2455 3092 2499 et
3128 2442 3536 2515 processiouem
3573 2440 3715 2495 divi-

2135 2555 2256 2596 nam
2310 2554 2418 2594 non
2471 2549 2769 2609 operatur,
2824 2554 2925 2595 nec
2978 2554 3071 2609 per
3123 2537 3290 2592 ullam
3344 2533 3703 2589 mutationem

2135 2631 2547 2701 processionem
2581 2646 2736 2685 suam
2790 2630 3050 2694 innovat,
3091 2628 3166 2683 ita
3198 2641 3331 2683 sane
3360 2631 3416 2681 et
3445 2621 3618 2680 Filius
3645 2638 3714 2679 ex

2134 2719 2299 2778 Putre
2327 2721 2589 2793 principii-
2618 2730 2838 2791 experte
2870 2727 3164 2792 generatus
3197 2732 3376 2788 neque
3420 2730 3518 2786 per
3549 2727 3715 2784 gene-

2137 2817 2430 2880 rationem,
2458 2813 2572 2868 imo
2602 2829 2729 2867 vero
2756 2828 2930 2883 neque
2959 2827 3056 2883 per
3083 2810 3490 2883 processionem
3517 2809 3715 2877 poterit

2137 2909 2302 2965 ullam
2339 2907 2499 2964 aliam
2529 2904 3055 2963 consubstantialem
3093 2916 3383 2977 personam
3414 2900 3719 2973 producere

2142 3011 2238 3057 aut
2294 3001 2455 3055 aliam
2514 2999 2997 3071 super-inducendo
3056 2997 3378 3051 relationem
3439 2993 3718 3048 Iilintionis

2063 3126 2112 3188 ε
2142 3093 2456 3149 adulterare
2482 3091 2925 3164 prterogativam.

2705 3181 3151 3239 REFUTATIO.

2216 3272 2359 3331 XXI.
2397 3260 2639 3341 Nullam,
2668 3284 2731 3332 ut
2758 3276 2997 3342 videtur,
3026 3274 3333 3330 concedere
3362 3276 3442 3328 vis
3468 3270 3726 3327 differen-

2146 3373 2277 3427 tiam
2329 3371 2382 3425 in
2414 3370 2727 3442 principiali
2774 3369 2986 3425 ratione
3009 3407 3024 3434 ,
3059 3383 3181 3438 quae
3209 3378 3321 3422 tum
3353 3366 3490 3421 Filio
3518 3377 3723 3419 conre-

2146 3467 2229 3520 nit
2252 3476 2364 3521 tum
2394 3463 2651 3535 Spiritui;
2682 3473 2735 3517 et
2767 3462 2975 3518 idcirco
3005 3460 3385 3516 innovationes
3420 3456 3728 3529 processio-

2143 3574 2275 3612 num
2311 3567 2366 3612 et
2399 3554 2955 3613 consubstantialiu-m
3002 3537 3369 3624 quorumdam
3412 3550 3727 3622 productio-

2145 3664 2243 3703 nes
2281 3659 2633 3704 monstruose
2679 3647 2973 3716 contingis.
3016 3643 3217 3701 Verum
3274 3658 3526 3698 summus
3578 3641 3726 3697 inter

2149 3741 2431 3810 theologos
2486 3738 2794 3812 Nyssenus,
2847 3739 2977 3792 dum
3034 3737 3332 3792 discrimen
3391 3730 3727 3789 causaiitatis

2146 3841 2388 3896 enarrat,
2421 3831 2551 3885 illud
2587 3829 2902 3886 immediate
2951 3843 3019 3882 ex
3049 3828 3229 3899 primo
3254 3866 3269 3891 ,
3306 3826 3417 3881 hoc.
3454 3839 3584 3879 vero
3626 3837 3723 3893 per

2147 3925 2200 3980 id
2243 3926 2389 3996 quod
2438 3926 2753 3982 immediate
2799 3940 2863 3980 ex
2912 3925 3091 3994 primo
3134 3922 3463 3993 procedere,
3507 3935 3573 3974 ex
3619 3920 3725 3973 hoc

2147 4019 2464 4074 discrimine
2487 4020 2607 4088 ipso
2636 4020 2729 4075 dat
2759 4017 3083 4090 intelligere,
3110 4015 3368 4086 Spiritum
3398 4028 3494 4084 per
3522 4009 3719 4066 Filium

2145 4130 2212 4169 ex
2251 4114 2411 4168 Patre
2459 4113 2821 4182 prodeuntem
2862 4119 2916 4168 et
2945 4127 3011 4166 ex
3061 4118 3297 4179 utroque
3338 4123 3480 4168 esse.
3506 4122 3569 4162 ex
3603 4105 3725 4176 ipso

2149 4222 2280 4262 vero
2323 4221 2443 4262 esse
2498 4205 2658 4269 nihil,
2704 4220 2828 4258 cum
2880 4203 3028 4258 nulla
3078 4202 3184 4258 alia
3234 4199 3728 4271 consubstantialis

2146 4315 2384 4372 persona
2419 4315 2513 4369 pcr
2545 4299 2723 4368 ipsum
2761 4298 3014 4353 exsistat.

2790 4390 3085 4447 TEXTUS.

466 4508 477 4525 ν
540 4486 649 4555 μζ),
692 4485 900 4538 Ἐκεῖνο
924 4484 978 4537 δὲ
1013 4488 1090 4557 μὴ
1119 4486 1440 4558 καθορῶντα
1477 4487 1699 4552 δικαίως
1727 4488 1792 4543 ἄν
1827 4506 1883 4543 σε
1906 4506 2037 4560 γρα-

2220 4482 2313 4541 47.
2360 4486 2495 4541 ΙΗιιιι
2548 4496 2728 4541 autem
2780 4487 2822 4538 si
2874 4486 3013 4540 nolis
3063 4485 3397 4555 intelligere;
3449 4483 3644 4537 merito
3677 4492 3729 4536 te

465 4578 669 4647 φοιμην
716 4577 963 4630 ἑκουσίου
1010 4581 1333 4649 πηρώσεως.
1392 4579 1455 4633 Εἰ
1494 4580 1594 4648 μὲν
1636 4581 1743 4652 γὰρ
1788 4582 1928 4635 κατὰ
1954 4582 2047 4636 τὸν

464 4668 622 4738 λόγον
647 4670 749 4739 τῆς
780 4667 999 4738 φύσεως
1028 4671 1057 4723 6
1089 4669 1278 4740 Πατὴρ
1312 4671 1672 4742 προϐάλλεται
1707 4672 1769 4727 τὸ
1800 4673 2044 4743 Πνεῦμα,

464 4761 563 4831 τῆς
603 4761 774 4833 αὐτῆς
817 4760 874 4814 δὲ
905 4760 1124 4830 φύσεως
1171 4761 1204 4831 ἡ
1255 4762 1448 4832 Τριὰς,
1481 4763 1604 4817 τότε
1655 4763 1719 4835 δὴ
1753 4764 1871 4817 τότε
1908 4765 2048 4834 μετὰ

465 4854 680 4908 πολλῶν
724 4855 819 4908 καὶ
851 4854 1027 4908 ἄλλων
1070 4855 1349 4922 συγγενῶν
1385 4856 1776 4928 ἀτοπημάτων,
1804 4857 1870 4912 ἐκ
1902 4874 2048 4923 τινος

466 4948 534 5000 ἂν
562 4947 814 5018 ἀφορμῆς
846 4946 1101 5017 ἐξώρμας
1131 4944 1449 5015 μυθολογεῖν
1503 4950 1562 5001 τὸ
1597 4949 1932 5021 δυσσέϐημα.
1970 4952 2046 5004 Οὐ

464 5040 574 5109 γὰρ
609 5040 769 5108 μόνον
794 5039 876 5101 εἰς
905 5037 1174 5108 προϐολὲα
1202 5036 1297 5091 τοῦ
1330 5038 1644 5107 Πνεύματος
1666 5044 1694 5094 6
1723 5042 1848 5103 Υἱὸς
1876 5043 1941 5095 ἄν
1965 5059 2049 5095 σοι

471 5130 849 5199 μετεϐάλλετο,
900 5128 1036 5184 ἀλλὰ
1092 5131 1186 5182 καὶ
1214 5128 1347 5183 αὐτὸ
1394 5130 1455 5184 τὸ
1485 5131 1709 5200 Πνεῦμα
1749 5134 1828 5195 εἷς
1860 5150 1920 5186 τε
1949 5134 2049 5205 τὴν

466 5222 561 5278 τοῦ
590 5223 720 5277 Υἱοῦ
751 5223 1008 5293 γέννησιν
1050 5222 1144 5278 καὶ
1174 5222 1274 5294 τὴν
1301 5223 1441 5277 ἰδίαν
1481 5224 1751 5294 προϐολὴν
1794 5226 2050 5297 ἑτέμνετό

465 5332 527 5368 τε
558 5316 652 5370 καὶ
699 5314 1122 5387 κατεμερίζετο·
1157 5316 1250 5369 καὶ
1278 5315 1404 5383 σιγὴ
1453 5313 1625 5369 τᾶλλα
1657 5316 1849 5388 ἐχέτω,
1880 5319 1962 5372 ὅτι
1988 5337 2047 5373 τε

467 5406 712 5476 ἄμεινον,
741 5406 832 5459 καὶ
867 5403 984 5458 οὐδὲ
1016 5405 1094 5475 τῷ
1119 5406 1329 5476 ῥήματι
1352 5409 1421 5459 τὰ
1452 5407 1772 5477 ἀτοπώτερα
1816 5411 1891 5480 μὴ
1918 5428 2050 5483 προ-

470 5497 749 5567 φερόμενα
801 5499 913 5560 τοῖς
947 5496 1211 5567 νουνεχῶς
1267 5498 1358 5550 καὶ
1399 5497 1496 5550 σὺν
1545 5498 1804 5572 εὐλαϐείᾳ
1847 5501 2049 5575 διερευ⁸

470 5588 634 5642 νῶσιν
663 5589 763 5643 οὐκ
794 5588 988 5659 ἄδηλον
1033 5589 1146 5660 ἔχει
1182 5589 1282 5660 τὴν
1324 5592 1673 5661 κατανόησιν.
1721 5593 1860 5646 ’Δλλ’
1907 5595 2048 5649 οὕτω

474 5682 574 5751 μὲν
614 5683 663 5734 εἰ
692 5682 771 5752 τῷ
816 5682 960 5752 λόγῳ
1010 5684 1107 5751 τῆς
1133 5681 1366 5749 φύσεως,
1403 5682 1524 5753 οὐχὶ
1571 5683 1628 5736 δὲ
1659 5683 1734 5754 τῷ
1775 5685 1917 5755 λόγῳ
1949 5690 2048 5756 τῆς

476 5773 610 5838 ἰδίας
641 5776 986 5838 ὑποστάσεως
1013 5774 1040 5827 6
1068 5772 1250 5844 Πατὴρ
1273 5774 1330 5828 τὸ
1364 5774 1586 5846 Πνεῦμα
1616 5777 1671 5831 εἴ
1696 5795 1777 5845 τις
1809 5782 2044 5848 προϐάλ-

2149 4588 2468 4649 spontanea:
2512 4593 2738 4647 arguam
2789 4575 3074 4632 caecitatis.
3124 4575 3180 4630 Si
3229 4577 3375 4630 enim
3421 4574 3727 4629 secundum

2150 4673 2419 4727 rationem
2469 4682 2676 4730 natura:
2723 4668 2886 4725 Pater
2936 4669 3194 4742 producit
3244 4668 3551 4738 Spiritum,
3601 4682 3731 4723 cum

2148 4767 2393 4836 ejusdem
2429 4776 2635 4820 natura:
2677 4765 2751 4819 sit
2779 4761 3048 4831 Trinitas,
3093 4771 3224 4819 tunc
3272 4776 3404 4817 sane
3453 4776 3562 4816 una
3601 4775 3749 4816 cum'

2150 4858 2338 4914 multis
2389 4859 2510 4914 aliis
2571 4856 2825 4914 ainnibus
2887 4855 3146 4913 absurdis
3198 4865 3344 4912 esset
3399 4853 3495 4909 tibi
3543 4853 3731 4922 aliqua

2149 4953 2370 5007 occasio
2438 4950 2620 5021 impiae
2673 4950 2837 5020 hujus
2896 4948 3097 5005 fabula:
3151 4947 3549 5020 confingendte.
3609 4945 3730 5001 Non

2155 5046 2303 5100 enitn
2336 5045 2514 5117 solum
2539 5043 2592 5098 in
2622 5044 3006 5113 productorem
3037 5041 3279 5112 Spiritus
3302 5055 3495 5110 posses
3528 5037 3726 5092 Filium

2150 5145 2487 5201 convertere,
2512 5135 2606 5189 sed
2635 5135 2930 5204 ipsummet
2956 5132 3229 5204 Spiritum
3261 5142 3374 5185 tum
3402 5130 3456 5184 in
3489 5126 3611 5183 Filii
3639 5142 3733 5197 ge-

2152 5228 2490 5282 nerationem
2533 5234 2643 5279 tum
2698 5225 2752 5280 in
2808 5225 3076 5296 suiipsius
3119 5222 3539 5294 productionem
3585 5219 3733 5275 scin-

2150 5320 2280 5376 dere
2330 5333 2395 5372 ac
2443 5315 2668 5387 partiri,
2716 5318 2922 5386 pressis
2970 5316 3188 5371 interim
3239 5314 3459 5370 silentio
3513 5312 3731 5368 caeteris

2153 5410 2426 5473 absurdis,
2457 5424 2580 5479 quae
2610 5409 2773 5465 etiam
2807 5408 2960 5464 nullo
2990 5406 3206 5477 prodita
3243 5405 3408 5460 verbo
3438 5418 3467 5459 a
3494 5404 3734 5475 pruden-

2153 5505 2298 5559 tibus
2349 5503 2563 5573 piisque
2610 5500 3120 5573 perserutatoribus
3146 5480 3362 5554 ‘melius
3404 5512 3469 5555 ac
3512 5496 3732 5553 facilius

2152 5595 2552 5664 intelliguntur.
2607 5593 2786 5661 Atque
2837 5578 2907 5644 ita
2950 5589 3289 5660 quidemfsi
3340 5589 3467 5659 quis
3514 5587 3731 5643 ratione

2152 5696 2392 5747 natm-te,
2440 5701 2547 5739 non
2595 5698 2721 5738 ιονο
2762 5682 2976 5735 ratione
3026 5681 3385 5752 bypostaseos
3434 5681 3667 5753 propria:
3696 5696 3728 5737 a

2153 5778 2311 5836 Patre
2346 5777 2610 5849 Spiritum
2643 5775 2871 5847 produci
2910 5775 3151 5844 fingeret.
3184 5774 3321 5831 Cum
3355 5784 3536 5832 tamen
3568 5774 3725 5831 Pater
