4042 6406
362 326 459 391 791

1397 331 1611 393 JOAN.
1657 332 1865 392 VECCI
1910 333 2017 392 (ΖΡ.
2061 332 2571 395 ΡΑἸἪΙΑΒΕΙΙΕ

3525 330 3631 394 702

354 453 463 508 qua
513 437 674 495 Pater
719 437 985 509 Spiritum
1035 439 1340 509 producere
1390 450 1445 495 et
1495 440 1668 497 sacris
1728 441 1933 495 dicatur

2047 441 2235 494 λεσθαι
2257 441 2661 513 τερατεὺσοιτο.
2698 442 2758 495 Εἰ
2784 441 2842 494 δὲ
2876 440 3014 495 mea
3056 440 3245 510 Πατὴρ
3277 441 3307 494 ὁ
3341 441 3529 512 Πατὴρ
3565 444 3629 495 ia-

354 532 604 602 Eloqm'is
635 541 691 588 et
744 548 775 588 a
820 533 1109 589 catholicis
1156 535 1609 592 constantissime
1651 537 1933 602 credatur,

355 622 603 692 profecto
650 638 756 680 nec
802 623 997 687 Filius,
1048 633 1323 695 quatenus
1372 626 1543 684 Filius
1588 628 1936 699 praedicatur,

356 729 454 780 per
498 713 737 783 Spiritus
786 715 1199 784 productionem
1242 717 1526 774 ﬁliationis
1569 718 1799 791 gradum
1833 719 1937 774 sibi

354 805 671 859 imznutabit
705 820 808 860 nec
849 804 995 860 Patri
1044 805 1358 877 ademptam
1388 806 1458 863 ad
1501 822 1562 864 se
1604 807 1784 863 trahet
1811 806 1938 876 Spi-

352 898 495 952 ritus
547 898 946 965 causationem,
998 900 1461 969 quemadmodum
1508 915 1611 956 nec
1658 900 1940 957 causatio.

352 1004 475 1042 nem
530 990 891 1060 paratissima:
945 993 1366 1062 purissimaque
1390 1009 1503 1049 sua:
1545 994 1936 1065 generationis.

351 1083 539 1152 Neque
569 1084 714 1138 enim
760 1100 991 1155 prorsus
1039 1087 1154 1142 haec
1187 1098 1316 1142 sunt
1358 1096 1596 1155 naturae,
1634 1087 1936 1143 secundum

349 1186 518 1239 quam
554 1175 867 1234 communio
900 1175 1251 1243 praedicatur,
1283 1176 1379 1233 sed
1410 1176 1777 1248 ltypostaseos
1807 1193 1937 1248 pro-

350 1265 635 1332 prietates,
671 1281 770 1335 per
798 1282 937 1336 quas
966 1267 1207 1322 divinam
1246 1269 1301 1322 in
1328 1269 1598 1326 Trinitate
1626 1271 1937 1327 distinctio—

348 1373 475 1412 nem
512 1360 861 1419 conﬁtentur.

688 1505 697 1509 _
921 1449 1209 1507 REFUTA
1227 1451 1371 1511 7'10.

422 1539 592 1595 XXII.
636 1541 714 1595 Tu
748 1544 970 1611 quidem
1019 1546 1223 1615 sat-pius
1263 1558 1315 1600 et
1352 1548 1404 1600 in
1440 1547 1630 1602 multis
1669 1549 1937 1605 orationis

348 1633 601 1702 partibus
647 1634 852 1688 asseris
874 1676 888 1699 ,
934 1651 1041 1690 non
1074 1636 1290 1694 ratione
1323 1649 1568 1702 naturze,
1601 1638 1693 1693 sed
1728 1641 1939 1696 ratione

350 1740 601 1794 personat
645 1726 865 1781 I'atretn
900 1742 1123 1782 causam
1165 1745 1286 1784 esse
1320 1746 1511 1785 eorum
1548 1746 1670 1800 quae
1698 1748 1762 1787 ex
1794 1733 1935 1803 ipso,

2047 536 2348 606 ρολογείται
2378 536 2704 606 προϐάλλειν
2743 537 2802 589 τὸ
2828 533 3054 605 Πνεῦμα
3083 538 3178 589 καὶ
3199 538 3315 599 τοῖς
3345 536 3630 589 εὐσεϐέσιν

2041 627 2140 680 οὐκ
2174 628 2584 690 ἐπιδιστάζεται
2607 644 2621 658 ·
2650 627 2776 682 οὐτε
2808 630 2837 680 ὁ
2866 628 3016 693 Υίὸς,
3061 628 3198 680 καθὸ
3234 628 3566 696 θεολογεῖται
3599 629 3630 680 ὁ

2042 718 2192 784 Υἱὸς,
2223 718 2310 772 διὰ
2348 720 2446 790 τῆς
2486 718 2581 772 τοῦ
2615 720 2938 791 Πνεῦματος
2981 719 3259 790 προϐολῆς
3290 720 3352 772 τδ
3382 719 3484 788 τῆς
3518 721 3631 772 υἱό-

2040 826 2200 880 τητος
2245 812 2635 881 καινοτομήοει
2694 793 2930 882 ἀξίωμα,
2967 810 3090 864 οὐδὲ
3127 811 3206 882 τῷ
3237 811 3414 880 Πατρὶ
3467 828 3627 880 crept-

2041 901 2215 970 κόψας
2234 903 2315 966 εἰς
2345 902 2539 956 ἑαυτὸν
2567 905 2899 973 μεταστήσει
2921 903 3022 971 τὴν
3045 901 3224 956 αἰτίαν
3252 901 3347 954 τοῦ
3378 902 3624 972 προϐλή-

2044 1008 2235 1061 ματος,
2265 992 2457 1063 ῶσπερ
2487 993 2610 1047 οὐδὲ
2649 993 2751 1063 τῆς
2788 993 2921 1064 περὶ
2966 992 3130 1046 αὑτὸν
3158 991 3528 1046 ἀστασιάστου
3566 1007 3628 1044 τε

2042 1087 2137 1148 καὶ
2163 1085 2466 1157 ἁρῥεὺστου
2510 1066 2843 1161 γεννήσεως.
2887 1086 2962 1138 Οὑ
2994 1085 3104 1156 γάρ
3149 1088 3321 1163 ἐστιν,
3366 1085 3469 1137 οὐκ
3512 1082 3629 1137 ἐστι

2040 1175 2213 1230 ταῦτα
2245 1176 2482 1246 φύσεως,
2516 1177 2638 1232 καθ’
2680 1177 2748 1249 ἣν
2790 1179 2820 1247 ἡ
2876 1176 3133 1231 κοινωνία
3178 1174 3482 1240 δοξάζεται,
3513 1174 3627 1230 ἀλλ’

2042 1269 2394 1335 ὑποστάσεως
2432 1271 2722 1346 ἰδιώματα,
2757 1270 2826 1325 δι’
2858 1266 2935 1328 ὧν
2960 1271 3060 1349 τὴν
3099 1266 3157 1323 ὲν
3189 1273 3258 1343 τῇ
3283 1268 3478 1340 Τριάδι
3509 1269 3626 1324 θεο-

2041 1360 2310 1435 λογοῦμεν
2339 1362 2639 1433 διάκρισιν.

2601 1457 3072 1515 ΑΝΤΙΡΡΗΣΙΣ.

2040 1547 2079 1607 ι,
2113 1541 2241 1597 KB'.
2280 1543 2351 1598 Σὺ
2394 1544 2795 1614 μὲνπολλάκις
2829 1547 2924 1600 καὶ
2972 1550 3032 1600 ὲν
3078 1546 3300 1610 πολλαῖς
3332 1545 3426 1599 τοῦ
3465 1545 3625 1613 λόγου

2041 1638 2375 1704 περικοπαίς
2411 1636 2570 1707 ἔφης,
2627 1639 2703 1707 μὴ
2752 1636 2830 1707 τῷ
2863 1638 3009 1707 λόγῳ
3053 1637 3154 1707 τῆς
3191 1636 3428 1706 φύσεως,
3458 1636 3539 1707 τῷ
3566 1635 3626 1688 δὲ

2042 1726 2185 1799 λόγῳ
2212 1728 2315 1799 τῆς
2345 1730 2697 1792 ὑποστάσεως
2728 1732 2820 1784 τὸν
2857 1731 3076 1803 Πατέρα
3118 1730 3295 1784 αἴτιον
3328 1725 3468 1782 εἶναι
3513 1733 3624 1781 τῶν

350 1824 405 1868 et
435 1814 698 1871 caecitatis
744 1817 932 1886 arguis
987 1819 1180 1875 italqu
1237 1830 1424 1891 utpote
1472 1837 1580 1876 non
1634 1824 1778 1879 iiliro
1831 1826 1933 1880 ltoc

2040 1819 2102 1884 ἐξ
2150 1795 2338 1886 αὐτοῦ,
2375 1823 2467 1875 καὶ
2525 1823 2826 1892 πηρώσεως
2884 1795 3073 1893 γράιρῃ
3126 1822 3220 1875 τὸν
3273 1820 3497 1886 Ἰταλὸν.
3549 1820 3624 1883 ὡς

350 1908 802 1977 pet'spicienlem,
830 1911 992 1981 eique
1028 1912 1365 1982 impietatem
1400 1925 1454 1969 et
1484 1917 1934 1985 superstitionem

348 1998 542 2055 fraude
563 2002 1000 2059 circumventam
1033 2006 1232 2076 objicis
1260 2008 1481 2078 aliaque
1512 2009 1563 2064 id
1592 2025 1782 2079 genus,
1815 2027 1937 2080 quze

346 2088 648 2158 proferenti
696 2102 958 2157 aeternam
1005 2095 1413 2153 damnationem
1466 2101 1780 2170 acquirunt.
1822 2101 1936 2173 Ego

344 2196 478 2238 vero
504 2184 744 2249 maxime
781 2201 881 2257 pro
933 2196 985 2243 te
1023 2189 1211 2256 timeo,
1251 2206 1319 2249 ne
1349 2193 1479 2247 dum
1534 2175 1738 2269 impetu
1770 2210 1935 2266 quam

348 2274 743 2339 vellentissimo
814 2295 915 2349 pro
978 2282 1180 2350 pietate
1240 2295 1583 2355 pugnaturus
1651 2287 1933 2356 prodis,a

345 2378 499 2428 recto
529 2372 751 2436 tramite
778 2372 990 2438 inscius
1012 2377 1239 2432 omnino
1269 2378 1562 2443 deﬂectas;
1592 2379 1765 2439 multa
1788 2379 1933 2435 enim

349 2464 486 2523 mihi
526 2465 783 2529 videntur
828 2467 1106 2531 inventam
1145 2485 1179 2533 a
1220 2479 1274 2526 le
1304 2472 1738 2544 propositionem
1776 2472 1935 2550 sequi

344 2555 604 2619 absurda.
654 2556 733 2613 Ac
774 2559 956 2631 primo
1005 2561 1229 2632 quidem
1283 2565 1415 2633 quia
1467 2581 1495 2618 a
1548 2574 1600 2629 te
1646 2566 1767 2639 ipso
1812 2580 1933 2627 eam

344 2641 657 2697 couiimisti
680 2652 739 2703 ut
762 2646 1035 2725 quoddam
1086 2649 1355 2717 dogmatis
1385 2650 1715 2721 principium
1749 2667 1765 2704 :
1806 2652 1936 2721 quid

341 2734 492 2799 enim
518 2734 662 2811 ejus,
688 2752 853 2807 quam
881 2740 1026 2808 quod
1057 2740 1194 2795 dicis
1223 2748 1275 2796 et
1306 2756 1402 2811 pro
1431 2743 1685 2814 dogmate
1714 2743 1934 2816 statuis,

346 2823 495 2893 quod
547 2838 711 2884 nemo
772 2843 1015 2897 ttnquam
1063 2830 1257 2884 statuit
1311 2833 1672 2887 sanctorum?
1726 2831 1935 2893 Deinde

349 2934 479 2972 vero
516 2921 645 2987 quia
687 2917 782 2980 illa
817 2922 981 2975 etiam
1017 2923 1240 2985 Patrum
1276 2924 1548 2983 doctrinis
1587 2926 1931 2991 adversatur,

347 3010 487 3063 Nam
542 3011 710 3065 dicito
755 3011 929 3066 mihi:
986 3014 1030 3067 si
1089 3013 1215 3084 quis
1263 3016 1411 3075 dit-at
1464 3017 1677 3074 ratione
1725 3028 1935 3082 naturae

352 3102 565 3153 νειμ-ειη
616 3101 921 3171 producere
973 3102 1276 3173 Spiritum,
1327 3121 1460 3169 num
1513 3106 1601 3163 hic
1647 3119 1933 3179 propterea

346 3194 477 3260 quia
510 3193 757 3263 ejusdem
806 3206 1016 3261 naturae
1059 3209 1143 3251 est
1179 3198 1460 3266 Trinitas,
1507 3217 1613 3259 nou
1661 3202 1838 3257 solum
1875 3203 1932 3257 in

347 3287 726 3363 produt-torem
749 3286 986 3357 Spiritus
1004 3287 1202 3344 Filium
1224 3291 1547 3361 transferre,
1564 3308 1752 3349 rerum
1771 3295 1934 3355 etiam

347 3380 529 3458 ipsum
575 3380 843 3457 Spiritum
891 3383 944 3435 in
990 3380 1110 3436 Filii
1151 3386 1560 3454 generationem
1607 3398 1660 3442 et
1708 3388 1761 3440 in
1806 3403 1933 3457 pro-

347 3472 521 3552 priam
548 3473 961 3542 productionem
983 3476 1227 3533 dividere
1248 3493 1311 3535 ac
1331 3480 1581 3545 scindere
1598 3481 1938 3539 censebitur?

348 3561 547 3629 Verum
600 3564 792 3622 Patres
838 3569 1009 3629 nostri
1054 3585 1123 3625 ex
1170 3571 1412 3627 essentia
1458 3570 1640 3628 Patris
1682 3574 1934 3643 generari

349 3654 549 3720 Filium
598 3657 876 3721 tradentes
918 3660 1070 3723 nullo
1108 3662 1337 3718 omnino
1383 3663 1580 3723 timore
1614 3673 1931 3722 conimove-

344 3747 574 3813 bantur,
625 3766 692 3804 ne
731 3752 896 3821 quis,
945 3764 1237 3833 propterea
1281 3755 1425 3825 quod
1461 3765 1649 3811 sanrta
1692 3755 1934 3815 Trinitas

346 3840 589 3909 ejusdem
622 3853 706 3899 est
737 3854 968 3910 naturae,
994 3845 1381 3919 arbitraretur,
1401 3848 1564 3903 etiam
1597 3848 1719 3904 Filii
1742 3864 1936 3915 essen-

345 3935 475 4001 tiam
525 3947 877 4011 generantem
930 3952 1056 3999 esse
1109 3938 1176 3993 ad
1224 3940 1398 3997 instar
1427 3942 1678 4005 esst'ntiie
1728 3942 1932 3998 Patris.

344 4027 642 4093 Quomodo,
683 4029 850 4097 igitur
892 4045 1002 4087 non
1058 4046 1119 4086 es
1165 4032 1400 4092 veritus,
1449 4048 1574 4095 cum
1623 4033 1818 4101 Patres
1864 4051 1929 4091 ex

343 4120 593 4176 essentia
636 4121 819 4176 Patris
865 4121 1169 4191 praedicent
1192 4123 1391 4183 Filium
1436 4134 1490 4181 et
1533 4125 1711 4181 Patris
1738 4142 1934 4183 essen-

342 4209 480 4264 tiam
506 4209 696 4265 dicant
732 4225 855 4268 csse
894 4220 1245 4282 generautem
1268 4253 1287 4281 ,
1331 4214 1449 4283 ipse
1486 4213 1666 4272 Patris
1706 4199 1931 4280 causam

330 4298 402 4356 in
436 4301 704 4357 rationem
733 4312 947 4359 natura:
970 4312 1026 4365 et
1054 4306 1321 4363 rationem
1350 4306 1661 4379 bypostasis
1684 4309 1932 4365 dividere

1964 3136 2008 3195 C

2039 1912 2181 1983 τάχα
2213 1912 2373 1965 τοῦτο
2401 1914 2478 1983 μὴ
2532 1913 2867 1984 συνορῶντα,
2911 1915 3006 1967 καὶ
3042 1913 3301 1966 ἀσέϐειαν
3329 1910 3494 1963 αὐτοῦ
3531 1910 3624 1962 καὶ

2039 2003 2466 2074 πεπλανημένην
2511 2004 2937 2074 δεισιδαιμονίαν
2974 2005 3324 2073 κατηγορεῖς,
3353 2004 3449 2056 καὶ
3485 2002 3623 2056 ἄλλα

2037 2093 2182 2159 τινὰ,
2217 2094 2363 2165 άπερ
2398 2094 2537 2148 εἰσιν
2570 2094 2791 2148 αἰωνίου
2820 2093 2900 2164 τῷ
2948 2094 3163 2163 λέγοντι
3192 2094 3462 2163 κρίματος
3492 2092 3628 2162 πρό-

2040 2185 2187 2259 ξενα.
2230 2185 2375 2256 Ἐγὼ
2410 2187 2469 2241 δὲ
2512 2188 2747 2259 μάλιστα
2798 2186 2948 2241 δέδια
2979 2188 3107 2258 περὶ
3152 2187 3259 2251 σοὶ,
3292 2187 3504 2257 μήποτε
3531 2185 3627 2237 τὸν

2038 2276 2181 2347 ὑπὲρ
2213 2277 2314 2348 τῆς
2341 2276 2630 2342 εὐσεϐείας
2673 2277 2864 2346 ἀγῶνα
2909 2277 3270 2349 ἀκατασχέτῳ
3317 2277 3467 2347 ῥύμῃ
3501 2292 3627 2329 ποι-

2036 2367 2270 2437 οὑμενος
2301 2368 2474 2442 λάθῃς
2505 2370 2669 2432 αὐτὸς
2710 2368 2811 2424 τοῦ
2859 2368 3052 2434 εὐθέος
3085 2368 3453 2441 παρασυρείς.
3488 2369 3628 2422 Πολι

2023 2463 2129 2517 -λαὶ
2151 2465 2261 2534 γάρ
2291 2481 2382 2534 μοι
2412 2465 2631 2519 δοκοῦσι
2657 2468 2723 2537 τῇ
2773 2465 3122 2540 ὲφευρημένῃ
3157 2483 3241 2520 σοι
3284 2464 3458 2536 ταύτῃ
3495 2481 3631 2535 προ-

2035 2556 2191 2610 τάσει
2235 2556 2305 2611 τὰ
2353 2558 2530 2613 ἄτοπα
2562 2558 2795 2613 ἔπεσθαι
2818 2576 2836 2594 ο
2866 2561 3082 2630 πρῶτον
3141 2559 3244 2633 μὲν
3283 2559 3365 2612 δτι
3412 2556 3628 2613 οἴκοθεν

2037 2651 2243 2721 ταύτην
2290 2650 2512 2705 ἐπλάσω
2563 2650 2640 2716 ὥς
2680 2668 2803 2705 τινα
2849 2651 3025 2723 ἀρχὴν
3074 2651 3376 2722 δόγματος·
3422 2652 3522 2703 καὶ
3573 2648 3643 2702 τί

2037 2741 2149 2812 γὰρ
2177 2742 2374 2797 κάκιον
2397 2740 2494 2795 τοῦ
2520 2742 2701 2810 λέγειν
2735 2744 2830 2796 καὶ
2852 2743 3203 2813 δογματίζειν
3236 2760 3316 2809 σε,
3346 2742 3491 2813 ἅπερ
3514 2742 3623 2795 τῶν

2038 2832 2211 2900 ἁγίων
2234 2833 2409 2888 οὐδείς
2438 2850 2569 2887 ποτε
2616 2833 3042 2905 δεδογμάτικενς
3074 2834 3269 2897 ἔπειτα
3306 2834 3388 2900 δὲ,
3415 2835 3498 2887 δτι
3528 2833 3617 2886 καὶ

2037 2927 2157 2986 ταῖς
2186 2924 2296 2979 τῶν
2329 2925 2591 2996 Πατέρων
2622 2925 2767 2996 αὑτη
2798 2925 3097 2979 ἀντιϐαίνει
3125 2926 3432 2998 θεολογίαις
3452 2942 3469 2957 ο
3501 2922 3619 2977 είπδ

2036 3016 2147 3088 γάρ
2182 3034 2294 3087 μοι,
2332 3018 2381 3069 εί
2428 3018 2506 3088 τῷ
2546 3017 2688 3086 λόγῳ
2723 3006 2822 3086 τῆς
2857 3017 3076 3086 φύσεως
3113 3019 3231 3088 ἐρεῖ
3270 3034 3354 3078 τις
3399 3017 3488 3070 τὸν
3511 3017 3620 3069 Πα-

2038 3109 2172 3178 τέρα
2202 3109 2264 3162 τὸ
2294 3108 2520 3178 Πνεῦμα
2567 3108 2991 3180 προϐάλλεσθαι,
3038 3104 3149 3179 ἆρά
3188 3124 3251 3175 γε
3299 3106 3389 3160 διὰ
3435 3109 3496 3160 τὺ
3521 3106 3619 3175 τῆς

2040 3201 2207 3271 αὐτῆς
2239 3200 2454 3267 φύσεως
2498 3197 2642 3254 εἶναι
2698 3201 2797 3269 τὴν
2844 3201 3051 3273 Τριάδα
3100 3199 3424 3271 κριθήσεται
3469 3191 3616 3261 οὗτος

2041 3291 2116 3361 μὴ
2155 3292 2316 3360 μόνον
2341 3292 2421 3355 είς
2463 3291 2733 3361 προϐολέα
2757 3290 2853 3344 τοῦ
2892 3290 3213 3360 Πνεύματος
3239 3290 3330 3342 τὺν
3377 3289 3502 3342 Υἰον
3531 3306 3625 3358 με·

2036 3383 2343 3450 ταϐάλλειν,
2372 3382 2507 3437 ἀλλὰ
2533 3384 2627 3437 καὶ
2655 3384 2789 3437 αὐτὸ
2812 3383 2873 3436 τὸ
2892 3382 3121 3453 Πνεῦμα
3144 3383 3223 3445 είς
3244 3388 3342 3448 τὴν
3374 3381 3466 3434 τοῦ
3490 3379 3622 3433 Υἱειὺ

2035 3474 2290 3544 γέννησιν
2344 3474 2437 3528 καὶ
2464 3475 2565 3543 τὴν
2615 3473 2753 3528 ίδίαν
2787 3472 3061 3545 προϐολὴν
3091 3467 3486 3542 καταμερίζειν
3531 3477 3626 3523 καὶ

2034 3566 2293 3635 τέμνεινς
2332 3564 2451 3619 ἀλλ’
2494 3567 2541 3619 oi
2583 3565 2828 3636 Πατὲρες
2856 3565 3015 3637 ἡμῶν
3059 3567 3121 3619 ἐκ
3157 3565 3257 3632 τῆς
3290 3564 3480 3626 οὐσίας
3528 3563 3626 3616 τοῦ

2038 3656 2251 3726 Πατρὺς
2285 3656 2583 3725 γεννᾶσθαι
2606 3656 3028 3728 θεολογήσαντες
3059 3657 3151 3710 τὸν
3179 3657 3329 3720 Υίδ’ν,
3361 3655 3625 3725 οὐδεμίαν

2035 3751 2200 3821 ἔσχον
2227 3750 2454 3815 δειλίαν,
2485 3751 2699 3821 μήποτε
2732 3750 2821 3805 διὰ
2848 3750 2910 3804 τὸ
2949 3750 3047 3823 τῆς
3079 3751 3251 3820 αὐτῆς
3281 3749 3497 3819 φύσεως
3523 3750 3626 3819 τὴν

2034 3841 2199 3911 ᾁγίαν
2248 3835 2389 3904 εἶναι
2438 3840 2647 3911 Τριάδα
2684 3840 2931 3911 οἰήσαιτό
2974 3859 3060 3905 τις
3100 3840 3196 3894 καὶ
3228 3840 3327 3911 τὴν
3362 3840 3459 3893 τοῦ
3490 3839 3624 3893 Tini

2035 3931 2228 3996 οὐσίαν
2256 3918 2586 4004 γεννητικὴν
2617 3928 2757 3986 εἶναι
2792 3933 2933 3995 κατὰ
2963 3933 3062 4003 τὴν
3101 3931 3198 3985 τοῦ
3232 3933 3473 4003 Πατρός
3507 3933 3623 3996 πῶς

2036 4025 2168 4095 γοῦν
2195 4026 2257 4079 οὐ
2310 4025 2488 4086 δέδιας
2521 4027 2587 4078 ὲκ
2612 4026 2711 4097 τῆς
2747 4027 2936 4089 οὐσίας
2979 4025 3076 4091 τοῦ
3108 4026 3324 4095 Πατρὸς
3368 4025 3460 4078 τὸν
3496 4026 3626 4080 Υἰδν

2035 4120 2144 4173 τῶν
2174 4119 2439 4190 Πατέρων
2466 4117 2865 4185 θεολογούντων
2909 4119 3003 4171 καὶ
3040 4119 3140 4186 τὴν
3166 4117 3357 4171 οὐσίαν
3384 4118 3480 4170 τοῦ
3515 4117 3627 4170 Πα-

2034 4212 2161 4282 τρδς
2181 4211 2509 4280 γεννητικὴν
2530 4204 2672 4262 εἶναι
2691 4208 2981 4276 λεγόντων,
3004 4207 3175 4271 οὕτως
3203 4209 3264 4259 τὸ
3287 4206 3382 4260 τοῦ
3409 4207 3624 4276 Πατρδς

2036 4305 2208 4357 αῐτιον
2242 4306 2322 4366 εἰς
2354 4303 2511 4370 λόγον
2541 4303 2756 4371 φύσεως
2783 4301 2878 4354 καὶ
2908 4301 3066 4368 λόγον
3094 4302 3446 4363 ὑποστάσεως
3493 4300 3625 4353 διαι-

342 4406 512 4465 υ,ιαιιθ
538 4411 740 4467 negare
774 4397 1021 4467 quidem,
1061 4397 1277 4455 Patrem
1309 4416 1434 4456 esse
1468 4417 1692 4458 causam
1718 4405 1930 4458 ratione

2039 4402 2174 4469 ρεῖν,
2218 4398 2316 4455 καὶ
2364 4396 2731 4467 άπαρνεϊσοαι
2780 4395 2880 4461 μὲν
2913 4395 3085 4448 αἴτιον
3114 4391 3254 4448 εἶναι
3285 4396 3376 4456 τὸν
3405 4394 3625 4464 Πατέρα

341 4498 588 4555 naturae;
614 4504 870 4545 asserere
889 4505 1020 4544 vero
1043 4505 1107 4552 ac
1134 4494 1329 4547 docere
1350 4497 1466 4550 sola
1493 4495 1706 4550 ratione
1732 4496 1933 4566 Itypos-

2038 4495 2116 4566 τῷ
2141 4494 2286 4565 λόγῳ
2312 4493 2410 4564 τῆς
2440 4491 2679 4563 φύσεως,
2708 4489 3056 4561 δογματίζειν
3083 4488 3141 4541 δὲ
3182 4489 3330 4559 μόνῳ
3363 4486 3621 4557 τῷ⁶λόγῳ

343 4583 479 4639 tasis
532 4596 757 4637 causam
809 4598 968 4646 esse,
1030 4584 1187 4654 quasi
1242 4601 1374 4642 vero
1422 4587 1679 4643 essentiaa
1729 4603 1928 4658 expers

344 4673 530 4729 Patris
569 4674 882 4744 hypostasis
915 4670 1201 4731 emitteret
1230 4692 1294 4731 ea
1335 4693 1460 4748 quae
1497 4686 1626 4732 sunt
1672 4692 1736 4735 ex
1777 4679 1931 4747 ipsa?

344 4765 535 4838 Neque
574 4778 771 4822 natura
805 4768 983 4824 Patris
1008 4807 1024 4831 ,
1071 4784 1104 4824 o
1142 4771 1339 4835 homo,
1394 4770 1609 4839 absque
1648 4771 1928 4841 hypostasi

344 4871 450 4924 rst,
499 4861 721 4930 quando
768 4863 894 4941 quis
937 4863 1197 4932 praedicet
1238 4878 1305 4919 ex
1347 4863 1588 4917 essentia
1635 4872 1689 4917 et
1736 4874 1932 4917 natura

344 4952 527 5009 Patris
571 4951 772 5009 Filium
823 4966 988 5027 atque
1037 4955 1343 5024 Spiritum;
1396 4969 1575 5026 neque
1619 4955 1931 5027 hypostasis

344 5045 554 5117 absque
590 5048 826 5103 essentia
848 5088 865 5116 ,
894 5047 1117 5119 quando
1158 5045 1285 5116 quis
1321 5061 1389 5102 ex
1436 5047 1714 5117 itypOSlaSi
1750 5046 1929 5102 Patris

347 5140 604 5223 progredi
641 5141 788 5195 dicat
828 5158 950 5212 quae
983 5150 1203 5195 suntex
1244 5142 1380 5208 ipsa.
1424 5139 1503 5193 Tu
1540 5150 1720 5195 autem
1756 5142 1929 5210 proti-

345 5250 470 5302 nus,
502 5234 547 5289 si
594 5236 755 5291 audis
797 5234 994 5289 Filium
1024 5250 1089 5288 ex
1133 5231 1295 5286 Patre
1330 5231 1495 5288 Deum
1538 5251 1602 5289 ex
1650 5233 1759 5289 Deo
1782 5250 1925 5301 esse,

342 5340 454 5381 non
500 5344 564 5384 ex
602 5329 840 5383 essentia
881 5344 947 5382 ac
991 5327 1193 5381 deitate
1239 5324 1418 5380 Patris
1463 5326 1582 5380 Filii
1631 5329 1927 5384 essentiam

349 5419 719 5486 deitatemque
752 5419 924 5479 dices,
960 5433 1025 5470 ne
1055 5424 1337 5485 propterea
1376 5417 1521 5485 quod
1554 5415 1800 5485 ejusdem
1839 5429 1932 5467 na-

348 5524 485 5566 tura:
508 5524 591 5567 est
622 5522 813 5567 saneta
842 5510 1085 5564 Trinitas
1114 5510 1370 5578 praedicta
1393 5525 1421 5562 a
1449 5518 1499 5562 te
1522 5517 1931 5576 consequantur

2033 4588 2132 4657 τῆς
2161 4586 2515 4648 ὑποστάσεως
2542 4586 2717 4638 αῐτιον
2746 4580 2907 4647 εἶναι,
2946 4581 3137 4652 ὥσπερ
3168 4581 3235 4635 ἂν
3264 4577 3332 4653 ἦν
3373 4580 3621 4633 ἁνοὺσιον

2033 4679 2132 4749 τὴν
2174 4678 2268 4731 τοῦ
2311 4676 2521 4746 [ἰατρὸς
2566 4675 2863 4729 ὑπόστασιν
2917 4673 3166 4744 προϊέναι
3203 4673 3271 4725 τά
3318 4671 3379 4736 ἐξ
3409 4671 3579 4740 αὐτῆς
3605 4686 3622 4704 ο

2035 4769 2291 4839 ἄνθρωπε
2319 4766 2434 4822 οὐθ’
2459 4762 2503 4839 τίς
2515 4767 2677 4838 φύσις
2696 4765 2792 4819 τοῦ
2816 4766 3034 4835 Πατρδς
3055 4762 3425 4825 ἀνυπόστατός
3447 4762 3621 4824 ἐστιν,

2033 4862 2163 4916 ὅταν
2190 4877 2275 4924 τις
2301 4861 2366 4914 ὲκ
2396 4859 2495 4929 τῆς
2520 4858 2706 4923 οὐσίας
2755 4859 2851 4912 καὶ
2879 4857 3098 4927 φύσεως
3131 4854 3227 4908 τοῦ
3278 4853 3488 4923 Πατρὸς
3526 4852 3626 4905 τὸν

2036 4955 2164 5008 Υἱὺν
2192 4955 2283 5008 καὶ
2311 4954 2372 5007 τὸ
2400 4952 2628 5024 Πνεῦμα
2655 4952 2902 5022 θεολογῇ,
2927 4950 3043 5003 οὐθ’
3074 4951 3106 5019 ἠ
3137 4949 3437 5011 ὑπόστασις
3464 4947 3627 5001 ἀνού-

2036 5062 2167 5110 σιος,
2199 5046 2326 5099 ὅταν
2346 5062 2429 5107 τις
2463 5045 2528 5095 ὲκ
2551 5044 2644 5112 τῆς
2669 5042 3022 5103 ὑποστάσεως
3051 5037 3144 5092 τοῦ
3175 5038 3387 5110 Πατρὸς
3418 5038 3625 5106 προέρ-

2035 5138 2229 5210 χεσθαι
2261 5136 2399 5210 λέγῃ
2427 5136 2497 5189 τὰ
2535 5138 2593 5202 ἐξ
2623 5135 2794 5203 αὐτῆς
2819 5151 2833 5165 ο
2870 5133 2937 5187 σύ
2986 5132 3043 5195 δὲ
3072 5131 3214 5201 τάχα
3240 5130 3337 5183 καὶ
3374 5129 3465 5182 τὸν
3494 5128 3627 5182 Υίὸν

2034 5234 2098 5286 ἐκ
2131 5231 2341 5299 Πατρὶς
2391 5228 2524 5282 Θεὸν
2552 5228 2617 5281 ὲκ
2664 5225 2798 5279 Θεοῦ
2833 5221 2976 5278 εἶναι
3024 5224 3241 5277 ἀκούων
3280 5224 3379 5275 οὐκ
3418 5223 3483 5275 ὲκ
3525 5224 3626 5290 τῆς

2032 5323 2220 5388 οὐσίας
2250 5323 2342 5376 καὶ
2381 5320 2634 5389 Θεότητος
2662 5318 2754 5371 τοῦ
2788 5315 3000 5386 [ἰατρὸς
3026 5316 3124 5384 τὴν
3151 5314 3248 5368 τοῦ
3273 5315 3401 5367 Υἱοῦ
3429 5314 3624 5367 οὐσίαν
3672 5314 3681 5323 ¹

2033 5417 2178 5485 ἐρεῖς
2207 5417 2300 5468 καὶ
2342 5414 2592 5484 θεότητα,
2626 5412 2715 5463 ἵνα
2764 5411 2840 5480 μὴ
2870 5408 2958 5462 διὰ
2983 5407 3045 5461 τὸ
3074 5411 3173 5478 τῆς
3203 5406 3375 5476 αὐτῆς
3406 5405 3625 5476 φύσεως

2034 5515 2132 5577 τὴν
2159 5507 2320 5576 ἁγίαν
2367 5504 2506 5558 εἶναι
2535 5504 2762 5574 Τριάδα,
2807 5502 2877 5555 τὰ
2924 5500 3306 5575 προρρηθέντα
3359 5515 3442 5553 σοι
3491 5502 3628 5553 ἁκο-

346 5604 607 5659 absurda.
650 5605 861 5658 Etenim
906 5620 1030 5655 eum
1078 5601 1247 5656 Filius
1302 5603 1393 5669 qtti
1437 5600 1798 5669 principiatus
1851 5608 1933 5655 est

2038 5600 2350 5669 λουθήσειεν
2385 5598 2599 5651 ἄτοπα·
2641 5595 2828 5666 ἐπειδὴ
2879 5595 2989 5665 γὰρ
3036 5599 3065 5648 ὁ
3106 5594 3235 5658 Υἱὸς
3271 5592 3512 5656 αἰτιατδς
3548 5591 3628 5646 ὢν

353 5710 415 5749 ex
454 5698 720 5771 principio
756 5695 912 5759 Patre
948 5696 1089 5749 Deus
1128 5712 1191 5749 ex
1226 5695 1333 5749 Deo
1367 5694 1454 5753 sit,
1492 5694 1535 5746 si
1574 5693 1782 5746 ratione
1811 5708 1933 5762 per—

353 5802 497 5845 textae
547 5792 876 5861 principium
930 5807 1025 5846 seu
1069 5805 1232 5845 causa
1282 5798 1365 5843 est
1414 5788 1611 5854 Pater,
1659 5787 1813 5857 quasi
1858 5786 1928 5841 ab

2041 5691 2100 5753 ἐξ
2130 5693 2302 5744 αἰτίου
2330 5690 2541 5760 Πατρὸς
2572 5689 2701 5751 Θεὸς
2732 5691 2878 5742 ἐστιν
2906 5689 2970 5741 ὲκ
2998 5686 3154 5750 Θεοῦ,
3185 5687 3233 5739 εί
3262 5686 3337 5755 τῷ
3360 5685 3505 5754 λόγῳ
3528 5685 3627 5755 τῆς

2051 5785 2401 5847 ὑποστάσεως
2442 5782 2610 5845 αἴτιός
2671 5782 2815 5834 ἐστιν
2864 5782 2892 5834 ὁ
2951 5780 3159 5852 Πατὴρ,
3213 5775 3403 5848 ὥσπερ
3460 5777 3526 5831 ἂν
3574 5776 3622 5827 εί
