4042 6394
265 366 380 429 793

1025 361 1463 422 BEFUTATIO
1507 351 1881 420 Pl-lOTtANI
1926 352 2141 411 LIBRI
2187 351 2281 410 DE
2324 347 2637 408 SPIRITU
2681 346 2766 406 3..

3419 338 3528 406 794

245 467 556 546 διῃρημένη
586 473 684 540 τῆς
730 471 897 541 αὐτῆς
926 472 1113 533 οὐσίας
1147 472 1241 523 καὶ
1277 469 1493 536 φύσεως
1525 469 1558 535 ἡ
1602 464 1839 519 ὑπόσται-

1946 460 2134 514 eadem
2190 460 2426 514 essentia
2489 467 2544 511 et
2600 465 2794 510 natura
2839 452 3148 524 hypostasis
3199 451 3267 505 sit
3324 451 3524 513 divisa,

252 584 342 629 σις
372 562 463 633 ἦν,
494 566 546 616 τί
576 559 723 618 ’ἄλλο
773 563 1100 632 ἀνακύψειεν
1140 562 1226 624 ἂν,
1262 562 1294 632 ἢ
1322 562 1458 614 Θεὸν
1497 561 1587 611 τὸν
1618 556 1836 626 Πατέρα

250 659 352 711 καὶ
388 657 519 709 Θεὸν
545 656 636 708 τὸν
690 655 817 708 Υἱὸν
846 655 926 726 τῷ
981 655 1123 726 λόγῳ
1175 655 1271 724 τῆς
1325 653 1696 712 ὑποστάσεως,
1741 648 1838 702 καὶ

247 748 372 816 (ﬁxi
426 746 502 816 τῷ
539 746 682 816 λόγῳ
715 745 812 814 τῆς
858 746 1073 813 φύσεως
1126 743 1508 813 δογματίζεινς
1577 741 1730 794 Ἐπεὶ
1779 741 1836 792 δὲ

250 839 456 902 λέγεις.
491 838 566 900 ὡς
619 838 754 890 καθὸ
787 838 972 907 Πατὴρ
1004 839 1032 887 6
1082 838 1272 906 Πατὴρ
1320 835 1672 905 ίερολογείται
1703 847 1837 900 προ-

252 931 474 982 ϐάλλειν
509 929 570 981 τὸ
602 929 824 997 Πνεῦμα
856 932 950 984 καὶ
977 933 1091 990 τοῖς
1124 930 1402 982 εὐσεϐέσιν
1432 929 1529 979 οὐκ
1558 923 1836 980 ἐπιδιστά-

255 1018 446 1083 ζεσθαι
490 1019 648 1070 τοῦτο
691 1018 1010 1083 διαὸεὸαεοί,
1054 1019 1163 1086 ἐγὼ
1200 1021 1309 1080 τοῖς
1355 1016 1603 1069 εὐσεϐέσι
1650 1014 1833 1067 διαϐε-

255 1109 517 1178 ϐαιοῦμαι
577 1110 844 1178 μηδέποτε
907 1112 1150 1178 ἐντυχεῖν
1209 1109 1458 1176 θεολογίᾳ
1520 1107 1663 1168 τινὸς
1728 1104 1834 1158 τῶν

259 1199 401 1249 Πατέ
414 1215 520 1267 ρων
551 1199 612 1249 ὲκ
639 1199 732 1250 τοῦ
769 1199 979 1268 Πατρὸς
1003 1199 1137 1252 καθὸ
1178 1200 1389 1268 Πατρὸς
1421 1193 1558 1249 εἶναι
1589 1197 1834 1264 λέγοντος

253 1289 315 1339 τὸ
345 1287 568 1356 Πνεῦμα
600 1289 656 1340 τὸ
683 1290 856 1352 ἅγιον,
892 1289 1029 1342 ἀλλά
1061 1291 1194 1344 καθὸ
1222 1289 1452 1361 ἀρχικοῦ
1490 1289 1686 1353 αἰτίου,
1715 1288 1836 1358 οὐχὶ

255 1381 542 1448 προσεχῶς
567 1381 623 1445 ἐξ
655 1381 821 1433 αὐτοῦ
850 1383 1273 1452 προερχόμενον,
1303 1381 1438 1433 ἀλλά
1466 1381 1554 1433 διὰ
1583 1379 1678 1432 τοῦ
1703 1381 1832 1434 Υἱοῦ

255 1471 690 1541 ἐκπορευόμενον
744 1472 804 1536 ἐξ
851 1473 1048 1537 αὐτοῦ,
1099 1475 1264 1542 μηδὲν
1309 1473 1403 1525 τοῦ
1445 1475 1542 1544 τῆς
1591 1473 1834 1543 υἰότητος

256 1563 750 1632 καινοτομουμένου
790 1564 1121 1633 ἀξιώματος.

847 1655 1239 1710 ΚΕΙΜΕΝΟΝ.

336 1753 445 1814 μην.
473 1740 626 1798 Εἶεν·
658 1745 792 1798 ἀλλὰ
834 1746 943 1814 γάρ
968 1747 1100 1813 φασί
1126 1764 1266 1808 τινες
1302 1749 1378 1818 (Ι)
1410 1749 1533 1810 τοὺς
1576 1748 1832 1818 αἰρεσιὼ-

1943 550 2070 618 quid
2101 549 2245 604 aliud
2278 556 2542 617 emerget,
2576 547 2682 600 nisi
2715 557 2770 599 ut
2803 545 2972 597 Deum
3015 541 3228 600 Patrem
3257 549 3312 596 et
3349 542 3521 595 Detttn

1941 641 2140 694 Filium
2171 641 2379 693 ratione
2413 639 2795 708 hypostaseos,
2828 644 2881 689 et
2923 649 3028 687 non
3068 636 3280 687 ratione
3317 641 3526 686 naturae

1941 731 2273 786 doceamus?
2317 729 2589 794 Quoniam
2635 743 2760 782 vero
2792 727 2929 780 dicis
2989 725 3228 787 Patrem,
3257 733 3527 792 quatenus

1943 832 2027 876 est
2077 821 2258 883 Pater,
2310 818 2572 888 Spiritum
2623 819 2926 887 producere
2981 815 3261 885 praedic-ari
3310 823 3362 866 et
3400 829 3528 867 vere

1945 913 2237 966 catholicis
2273 911 2378 965 hoc
2419 911 2471 963 in
2510 910 2676 962 dubio
2714 909 2951 978 positum
3001 921 3107 959 non
3141 920 3260 959 esse
3308 918 3527 959 asseve-

1939 1023 2060 1069 ras,
2101 999 2207 1075 ego
2249 1020 2374 1059 vere
2415 1003 2702 1058 catholicis
2757 1016 3012 1056 assevero
3070 1013 3344 1066 nunquam
3385 995 3526 1059 fore,

1942 1107 2002 1152 ut
2040 1098 2321 1151 inveniant
2360 1095 2689 1164 theologiam
2727 1093 2964 1161 alicujus
3005 1106 3072 1145 ex
3117 1089 3396 1152 Patribus,
3429 1087 3526 1157 qui

1939 1189 2086 1243 dicat
2116 1187 2377 1256 Spiritum
2413 1195 2664 1242 sanctum
2692 1201 2756 1239 ex
2783 1184 2944 1238 Patre
2978 1196 3101 1236 esse
3125 1190 3397 1251 quatenus
3415 1177 3524 1232 Pa-

1940 1287 2022 1334 ter
2060 1289 2165 1344 est,
2198 1279 2293 1334 sed
2346 1278 2524 1334 solum
2561 1278 2806 1332 dicentes
2858 1284 3131 1342 quatenus
3165 1286 3334 1327 causa
3373 1270 3523 1339 priu-

1940 1371 2165 1440 cipalis,
2196 1385 2264 1425 ex
2294 1384 2362 1425 eo
2401 1369 2656 1440 progredi
2689 1367 2978 1438 Spiritum,
3017 1379 3127 1418 non
3158 1363 3402 1433 proxime
3429 1361 3521 1414 sed

1941 1477 2034 1529 per
2066 1461 2261 1515 Filium
2315 1475 2440 1515 eum
2482 1460 2800 1531 procedere,
2852 1457 2976 1512 Filii
3007 1456 3266 1528 dignitate
3318 1453 3521 1508 nullam

1939 1551 2166 1604 omnino
2201 1549 2607 1604 innovationem
2639 1550 2903 1618 patiente.

2573 1638 2858 1694 TEXTUS

2009 1734 2097 1789 48.
2145 1732 2290 1789 Esto.
2341 1733 2412 1788 At
2469 1733 2726 1803 inquiunt
2779 1731 3027 1785 nonnulli
3089 1729 3376 1784 haereticos
3441 1727 3527 1782 di-

266 1853 365 1897 τας
393 1836 602 1900 λέγειν’
641 1854 659 1886 ι
704 1836 826 1898 Πῶς
854 1836 908 1887 δὲ
936 1836 1026 1902 τὸν
1078 1837 1293 1905 κήρυκα
1342 1837 1442 1904 τῆς
1493 1838 1838 1906 Ἐκκλησῖας,

1944 1842 2069 1882 cere
2104 1845 2118 1881 :
2157 1845 2176 1878 ι
2211 1827 2499 1894 Quomodo
2527 1831 2638 1880 min
2672 1824 2960 1879 manifeste
2994 1822 3292 1890 repudiatis
3326 1833 3531 1890 praeco-

266 1926 358 1977 τὸν
387 1926 486 1993 τῆς
529 1926 853 1992 οἰκουμένης
897 1927 1216 1980 διδάσκει).ον
1247 1929 1345 1980 οὐκ
1397 1928 1464 1980 ἂν
1494 1928 1708 1997 ἁλοίητε
1737 1946 1842 1981 πα-

261 2019 667 2086 ραγραφόμενοι
699 2017 910 2069 Παῦλον
936 2057 951 2079 ,
987 2019 1193 2070 ἐκεῖνον
1221 2017 1313 2070 τὸν
1351 2020 1601 2087 οὐράνιον
1630 2020 1842 2089 ἄνθρω-

256 2123 381 2168 πον,
407 2106 465 2168 ὃς
499 2107 644 2176 μέγα
674 2125 730 2160 τε
760 2107 852 2160 καὶ
886 2107 962 2170 ὡς
995 2107 1210 2178 ἀληθῶς
1252 2109 1498 2177 οὐράνιον
1525 2110 1840 2179 ἀνακέκρα-

255 2213 386 2264 γεν⁸
437 2198 902 2262 Ἐξαπέστειλεν
934 2202 967 2253 ό
1015 2200 1158 2264 Oeric
1185 2199 1252 2252 τὸ
1290 2200 1532 2267 Πνεῦμα
1559 2201 1667 2254 τοῦ
1704 2200 1842 2254 Υιοῦ

258 2288 442 2341 αυτοῦ
464 2292 550 2352 εις
579 2291 686 2354 τὰς
723 2290 970 2357 καρδίας
1003 2289 1172 2359 ὑμῶν
1193 2291 1292 2360 (2),
1326 2291 1540 2360 κρᾶζον
1561 2290 1775 2348 ’Ἄσϐἅ
1809 2294 1842 2345 δ

255 2377 458 2444 Πατήρ
481 2394 499 2442 ;
526 2397 543 2427 ι
569 2378 630 2429 Et
654 2375 745 2430 οῦν
764 2378 974 2438 Παῦλος
1001 2377 1150 2431 ότῶν
1181 2378 1354 2447 ὀρθῶν
1382 2377 1667 2446 δογμάτων
1696 2377 1839 2446 γνὼ-

260 2485 380 2536 μων
405 2470 466 2520 τὸ
511 2467 738 2538 Πνεῦμα
790 2471 938 2538 λέγει
983 2471 1048 2523 ὲκ
1096 2469 1190 2522 τοῦ
1249 2468 1378 2522 Υἱοῦ
1424 2469 1838 2539 ἐκπορεύεσθαι,

257 2555 377 2618 πῶς
412 2557 462 2608 οἱ
493 2557 566 2626 μὴ
593 2556 752 2610 τοῦτο
775 2558 1206 2628 παραδεχόμενοι
1234 2559 1399 2611 αὐτὸν
1424 2558 1521 2611 τὸν
1551 2577 1841 2628 μυσταγω-

253 2649 354 2716 γὸν
395 2648 504 2700 τῶν
550 2649 819 2718 οὐρανίων
861 2650 922 2703 οὐ
969 2651 1422 2721 παραγράφονται
1451 2652 1565 2720 (3);
1603 2652 1712 2704 Καὶ
1759 2652 1842 2715 τίς

258 2741 377 2790 ἐστι
413 2739 626 2792 Παῦλον
651 2740 742 2792 τὸν
784 2739 988 2811 θεωρὸν
1011 2739 1120 2804 τῶν
1157 2743 1482 2812 ἀπορρήτων
1517 2741 1576 2804 ὃς
1607 2742 1841 2804 ἁπάσαις

254 2828 458 2899 ψήφοις
491 2831 915 2899 παραγράφεται
951 2830 1019 2898 ;6
1042 2831 1179 2902 πρὸς
1207 2833 1296 2884 τὸν
1326 2833 1645 2886 διδάσκαλον
1673 2833 1840 2886 αὐτοῦ

257 2922 356 2974 καὶ
377 2921 554 2975 κοινὸν
575 2923 852 2992 Δεσπότην
873 2923 1365 2993 ἀντιφθεγγόμενον
1389 2925 1648 2990 ἐπιδεῖξαι
1674 2941 1840 2977 σπου-

253 3008 520 3080 (Sd-{comi}
577 3011 607 3063 6
656 3011 756 3082 τὴν
795 3010 931 3082 πρὸς
979 3011 1140 3064 αὐτὸν
1191 3015 1510 3081 συμφωνίαν
1544 3013 1722 3082 αὐτοῦ,
1755 3014 1844 3068 διὰ

258 3101 606 3168 σεδάσματος
644 3103 792 3170 ἄγων
819 3103 917 3156 καὶ
949 3102 1238 3172 ἀνυμνῶν;
1265 3105 1325 3159 Ei
1363 3105 1470 3174 γὰρ
1492 3106 1521 3156 6
1562 3105 1840 3176 Δεσπότης

261 3193 365 3262 μὲν
398 3195 462 3245 ὲκ
488 3192 581 3246 τοῦ
629 3195 843 3265 Πατρὸς
869 3196 930 3248 τὸ
979 3198 1204 3267 Πνεῦμα
1246 3197 1636 3268 ἐκπορεύεσθαι
1669 3215 1839 3268 μυστ-

258 3287 491 3351 αγωγεί,
541 3287 752 3338 Παῦλον
782 3287 905 3357 δὲή
966 3289 1180 3359 αἵρεσις
1229 3290 1578 3360 δογματίζειν
1628 3292 1836 3358 εἰσάγει

256 3377 324 3429 ὲκ
355 3375 450 3428 τοῦ
483 3375 636 3442 Υίοῦ,
667 3378 748 3440 τίς
781 3377 846 3431 ἂν
881 3379 964 3449 εῐη
1003 3381 1030 3432 6
1079 3382 1604 3452 παραγραφόμενοςς
1640 3383 1840 3452 μᾶλλον

257 3467 317 3518 δὲ
354 3467 382 3518 6
414 3465 758 3536 γραφόμενος
809 3466 970 3521 αὐτὸν
1014 3467 1338 3538 δεσποτικῆς
1392 3469 1697 3539 ἀντιλογίας
1743 3473 1840 3525 καὶ

256 3556 421 3624 δίκην
468 3557 710 3624 ἄφυκτον
755 3555 851 3609 τοῦ
901 3558 1248 3629 τολμήματος
1292 3563 1607 3631 χρεωστεῐν.
1651 3563 1838 3633 Ὁρᾷς,

260 3648 416 3703 ὅπως
467 3647 635 3713 ἔγνως
691 3649 784 3700 τὸν
833 3649 934 3718 τῆς
983 3650 1308 3722 οἰκουμένης
1354 3652 1674 3706 διδάσκαλον
1731 3654 1840 3707 τῶν

254 3737 659 3791 διδασκαλικῶν
691 3738 868 3809 γερῶν
897 3739 976 3812 μὴ
1017 3741 1362 3812 ἀποστερεῖν,
1389 3744 1538 3808 ὅπως
1563 3744 1654 3796 τὸν
1703 3743 1842 3814 πρὸς

252 3830 362 3897 τὴν
388 3829 670 3883 εὐσέϐειαν
704 3829 894 3899 ὁδηγὸν
939 3831 1061 3885 ἀντὶ
1086 3831 1180 3885 τοῦ
1212 3833 1282 3886 δι’
1325 3835 1510 3898 αἰδοῦς
1552 3835 1712 3904 ἄγειιν
1747 3839 1842 3890 καὶ

256 3920 610 3990 σεϐάσματος
653 3924 938 3995 ὲπιρῤήτῳ
979 3922 1170 3997 γνώμῃ
1212 3926 1540 3998 δυσφημεῖς.
1585 3928 1724 3981 Ἀλλ’
1751 3929 1843 3982 οὐ·

253 4013 348 4066 ὀὲν
372 4014 405 4082 ἡ
435 4015 647 4085 αἵρεσις
671 4017 986 4086 καινότερον
1013 4017 1106 4070 τοῦ
1137 4018 1402 4089 συνήθους
1430 4023 1593 4078 ποιεῖ.
1640 4022 1708 4076 Ἦ
1730 4023 1840 4095 γάρ

257 4103 428 4158 αὐτὸν
457 4108 912 4177 συκοφαντήσασα
939 4109 1029 4162 τὸν
1079 4108 1206 4164 Υίὸν
1247 4113 1341 4165 καὶ
1382 4113 1556 4182 Λόγον
1581 4113 1674 4168 τοῦ
1705 4116 1840 4169 Θεοῦ

256 4195 342 4256 εἰς
373 4195 672 4266 διαφωνίαν
714 4200 986 4267 ἐκπεσεῖν,
1019 4201 1135 4266 πῶς
1164 4203 1263 4256 οὐκ
1312 4204 1579 4257 ἀκόλουθα
1614 4207 1841 4277 πράττει

258 4287 433 4356 ἑαυτῇ
480 4288 573 4340 καὶ
601 4288 693 4341 τὸν
741 4289 906 4344 αὐτοῦ
936 4292 1162 4363 γνήσιον
1193 4292 1500 4365 θεράποντα
1537 4297 1631 4349 καὶ
1659 4297 1839 4368 μαθη-

259 4377 361 4448 τὴν
416 4377 497 4440 είς
546 4379 856 4447 ἀντιλογίαν
898 4383 1275 4438 ἀντανιστῶσα
1327 4389 1420 4439 καὶ
1463 4389 1841 4456 φιλονεικοῦσα

1945 1933 2068 1971 nem
2119 1917 2271 1972 illum
2324 1918 2582 1974 Ecclesiae
2625 1916 2888 1985 orbisque
2941 1914 3222 1968 doctorem
3273 1910 3530 1972 Paulum,

1943 2010 2224 2064 cmlestem
2257 2010 2408 2062 illum
2446 2009 2650 2072 virum,
2679 2008 2771 2078 qui
2805 2005 3009 2076 ingenti
3040 2019 3275 2071 vereque
3317 2001 3528 2056 caelesti

1943 2101 2218 2154 exclamat
2265 2113 2438 2159 voce:
2490 2097 2644 2152 Misit
2699 2098 2836 2152 Deus
2880 2095 3140 2163 Spiritum
3178 2093 3310 2147 Filii
3353 2091 3434 2144 sui
3474 2091 3530 2142 in

1943 2192 2108 2244 corda
2143 2201 2326 2245 nostra
2356 2191 2674 2245 clamantem
2699 2206 2719 2244 :
2752 2189 2898 2243 Abba
2929 2187 3094 2242 Pater
3127 2186 3254 2257 (a)«?
3290 2203 3308 2236 ι
3340 2183 3395 2236 Si
3431 2181 3534 2251 igi-

1944 2294 2033 2341 tur
2076 2285 2279 2340 Paulus
2324 2285 2642 2356 dogmatum
2691 2292 2968 2338 rectorum
3016 2295 3206 2336 norma
3260 2275 3524 2347 Spiritum

1943 2375 2080 2432 dicit
2125 2390 2158 2432 e
2203 2374 2348 2431 Filio
2397 2375 2731 2446 procedere,
2783 2372 3060 2441 quomodo
3111 2371 3205 2442 qni
3265 2369 3369 2422 hoc
3418 2381 3525 2420 non

1943 2469 2257 2533 admittunt,
2280 2469 2461 2538 ipsum
2491 2469 2876 2538 mysteriorum
2907 2465 3212 2520 calestium
3244 2461 3524 2515 doctorem

1945 2573 2052 2613 non
2086 2559 2506 2630 repudiant?—
2532 2559 2603 2613 At
2641 2558 2788 2628 quis,
2825 2571 3047 2627 quaeso,
3093 2553 3323 2609 Paulum
3373 2565 3530 2604 arca-

1944 2661 2142 2702 norum
2201 2649 2588 2718 mysteriorum
2644 2647 2927 2702 doctorem
2983 2643 3212 2700 calculis
3268 2639 3528 2696 omnibus

1945 2739 2201 2808 respuit?
2238 2756 2305 2793 an
2353 2740 2400 2794 is
2444 2741 2536 2808 qui
2585 2753 2711 2794 eum
2760 2737 2982 2792 Christo
3029 2735 3292 2806 magistro
3329 2747 3431 2788 suo
3473 2738 3532 2785 et

1945 2830 2228 2885 communi
2281 2830 2512 2884 Domino
2551 2828 3023 2884 contradicentem
3071 2823 3363 2880 ostendere
3400 2819 3532 2874 niti-

1945 2929 2058 2984 tur,
2087 2936 2154 2974 an
2185 2935 2316 2975 vero
2344 2919 2438 2989 qui
2475 2918 2646 2988 ipsius
2673 2933 2796 2973 cum
2830 2917 2924 2972 illo
2949 2914 3369 2971 consensionem
3398 2926 3531 2965 con-

1945 3012 2298 3081 cordiamque
2325 3019 2601 3065 reveretur
2630 3025 2696 3065 ac
2713 3008 2988 3065 celebrat?
3014 3006 3071 3061 Si
3092 3006 3234 3060 enim
3265 3003 3528 3057 Dominus

1945 3102 2164 3171 quidem
2195 3101 2458 3171 Spiritum
2488 3117 2551 3156 ex
2579 3101 2736 3156 Patre
2763 3101 3058 3170 procedere
3088 3099 3268 3158 docet,
3297 3093 3526 3148 Paulum

1945 3209 2072 3249 vero
2125 3194 2337 3248 inducit
2385 3195 2609 3249 heresis
2662 3203 2996 3249 asserentem
3056 3205 3120 3244 ex
3165 3187 3337 3252 Filio,
3383 3197 3530 3252 uter,

1941 3301 2149 3356 quaso,
2199 3287 2352 3340 illum
2395 3285 2682 3355 repudiat?
2721 3285 2835 3339 1ηὶο
2871 3284 3055 3354 potius
3087 3282 3135 3336 is
3169 3281 3319 3334 illum
3357 3293 3524 3346 repu-

1942 3379 2089 3442 diat,
2138 3379 2230 3448 qui
2270 3379 2727 3433 contradictionis
2761 3376 3029 3432 adversus
3066 3373 3359 3429 Dominum
3398 3384 3524 3424 eum

1942 3478 2164 3524 accusat
2227 3469 2708 3539 incvitabilemqtte
2763 3467 3088 3524 temeritatis
3143 3481 3362 3535 [)(Bll'dlll
3419 3460 3525 3517 sibi

1943 3561 2225 3628 acquirere
2270 3574 2392 3614 eum
2442 3560 2744 3615 contendit.
2783 3559 2982 3623 Vides,
3043 3555 3319 3628 quomodo
3373 3552 3526 3609 orbis

1942 3649 2182 3703 universi
2237 3649 2516 3704 doctorem
2564 3649 2810 3704 doctoris
2861 3649 3072 3703 honore
3118 3647 3260 3701 haud
3318 3659 3523 3700 exuere

1943 3741 2123 3806 nosti,
2161 3741 2438 3809 quomodo
2484 3756 2643 3808 eum,
2677 3742 2769 3810 qui
2814 3754 2915 3794 nos
2962 3741 3026 3793 ad
3077 3739 3332 3808 pietatem
3374 3736 3527 3790 ducit

1944 3847 2055 3886 non
2098 3833 2450 3888 veneratione
2479 3833 2812 3903 obsequiove
2845 3829 3218 3900 prosequeris,
3248 3828 3342 3884 sed
3379 3826 3526 3880 infa-

1945 3923 2053 3977 ntia
2099 3932 2262 3993 atque
2313 3923 2614 3994 ignominia
2663 3924 2956 3994 inspergis.
3011 3922 3114 3976 Sed
3164 3920 3299 3974 nihil
3329 3927 3526 3989 praeter

1944 4031 2152 4070 morem
2201 4031 2360 4069 suum
2410 4017 2498 4072 hic
2544 4017 2657 4087 agit
2693 4017 2938 4072 haeresis.
2993 4016 3124 4081 Quae
3169 4015 3314 4069 enim
3345 4013 3525 4082 ipsum

1943 4108 2136 4174 Filium
2165 4108 2514 4178 Yerbumque
2537 4108 2633 4162 Dei
2661 4110 2996 4164 calumniata
3017 4109 3139 4169 fuit.
3162 4107 3306 4175 quod
3336 4117 3524 4160 secum

1944 4200 2060 4269 ipse
2089 4199 2383 4269 alfquando
2410 4203 2687 4271 pugnarit,
2719 4202 2999 4272 quomodo
3025 4216 3131 4255 non
3157 4200 3260 4255 sibi
3287 4213 3526 4254 consen-

1943 4299 2104 4347 tanea
2132 4292 2283 4362 facit,
2313 4293 2443 4348 dum
2471 4302 2525 4349 et
2557 4293 2857 4364 genuinum
2883 4295 3006 4364 ejus
3034 4293 3297 4347 famulum
3328 4301 3384 4346 et
3409 4291 3526 4346 dis-

1944 4383 2186 4453 cipulum
2239 4385 2346 4455 ipsi
2400 4386 2676 4441 contraria
2727 4386 2997 4442 dicentem
3046 4383 3241 4452 objicit
3285 4395 3526 4450 eumque

258 4467 540 4533 δεῖξαιτοῦ
574 4469 896 4525 διδασκάλου
926 4473 1444 4546 διωρθωτήν;-μθ⁷.
1472 4477 1580 4531 Ποῦ
1611 4479 1666 4532 δὲ
1698 4481 1839 4534 Παῦ-

1956 4474 2240 4530 ostendere
2264 4475 2457 4530 nititur
2477 4475 2719 4546 Magistri
2748 4476 2832 4532 sui
2860 4484 3230 4530 correctorem
3245 4472 3430 4527 2—49.
3453 4472 3526 4526 At

256 4560 354 4624 λος
377 4559 444 4614 ἂν
462 4561 640 4629 ἑλέγει
663 4561 740 4633 (4)
764 4562 824 4615 τὸ
848 4564 1071 4638 Πνεῦμα
1089 4567 1523 4636 ἐκπορεύεσθαι
1547 4571 1640 4624 τοῦ
1671 4573 1798 4626 Υίοῦ
1823 4594 1838 4639 ;

256 4653 417 4706 εἶναι
451 4653 552 4722 μὲν
587 4655 694 4725 γὰρ
736 4655 842 4710 τοῦ
885 4659 1023 4711 Υἱοῡ
1055 4659 1200 4729 (οὐδὲ
1246 4661 1354 4731 γὰρ
1396 4663 1711 4733 ἀλλότριονα
1763 4668 1840 4737 μὴ

255 4745 531 4814 γένοιτοι)
572 4748 820 4811 κάκεῖνος
840 4745 988 4811 εἶπε,
1021 4751 1113 4802 καὶ
1163 4751 1315 4820 ήτοῦ
1364 4753 1500 4806 Θεοῦ
1545 4755 1841 4826 Ἐκκλησία

255 4836 617 4906 συνομολογεί
642 4839 736 4892 καὶ
783 4841 1170 4894 συνεπίσταται
1197 4857 1211 4871 ο
1253 4843 1639 4920 ἐκπορεύεται
1677 4847 1732 4899 δὲ
1762 4847 1840 4918 (5)

253 4929 328 4981 ἐκ
371 4927 482 4982 τοῦ
523 4930 683 4994 Υίοῦ,
737 4930 860 4987 οὐτε
911 4931 1002 4984 διά
1053 4935 1152 5003 τῆς
1209 4934 1420 4987 ἐκείνου
1473 4937 1838 5009 θεορῤήμονος

255 5017 507 5088 γλώττης
551 5021 933 5090 προελήλυθεν,
965 5024 1023 5087 οὐ
1073 5023 1198 5093 μὴν,
1233 5024 1350 5077 ἀλλ’
1392 5026 1511 5080 οὐδὲ
1539 5029 1648 5081 τῶν
1687 5031 1840 5083 εὐσε-

255 5107 370 5160 6ὦν
392 5109 566 5172 οὐδεὶς
597 5109 818 5179 (πολλοῦ
851 5130 912 5181 γε
933 5114 1030 5167 καὶ
1051 5115 1130 5168 δεῖ
1161 5118 1524 5183 συκοφαντίας
1562 5121 1838 5190 τοιαύτης)

255 5199 560 5272 ιγράψατο,
593 5203 710 5261 ἀλλ’
763 5205 872 5259 οὐδ’
911 5206 1048 5277 ἀκοῇ
1105 5207 1164 5260 τὸ
1220 5207 1503 5280 δύσφημον
1553 5212 1840 5285 ἀνάσχοιτο

329 5360 409 5430 (Ι)
442 5361 605 5418 Laur.
637 5379 780 5418 τινα.

331 5431 411 5513 (ᾖ)
472 5432 619 5486 Lion.
672 5445 728 5489 et
786 5434 858 5490 al.
912 5450 1042 5492 cum
1097 5453 1218 5494 nov.
1275 5437 1340 5494 T.
1393 5439 1640 5510 pluribus
1674 5445 1833 5501 codd.

391 5519 442 5556 ν.

391 5519 442 5556 ν.
1480 5519 1483 5520 ⁷

298 5519 402 5656 μδ)
455 5571 565 5656 Sic
595 5571 850 5656 Laurent.
896 5575 1013 5632 Col.
1042 5587 1095 5632 et
1141 5581 1238 5647 al.,
1271 5580 1414 5636 Mon.
1439 5585 1639 5640 omissa
1669 5588 1838 5656 parti-

255 5643 392 5716 cula
410 5651 590 5716 negat.
613 5646 1034 5716 παραδέχονται.

326 5714 402 5777 (ω
437 5713 747 5780 ἰχνορωπε,
778 5713 924 5783 λέγει
948 5719 1106 5772 Luttt'.

337 5783 414 5852 κεί)
447 5783 510 5834 At
545 5798 658 5854 pos
696 5787 1051 5858 ἐκπορεύεται,
1091 5794 1236 5848 dust
1265 5796 1310 5846 in
1341 5796 1501 5851 Laur.

1944 4565 2198 4634 ubinam,
2260 4582 2481 4637 quaso,
2518 4568 2749 4623 ‘Paulus
2803 4567 3057 4630 aﬂirmat,
3104 4565 3368 4636 Spiritum
3401 4581 3526 4634 pro-

1945 4657 2128 4711 cedere
2169 4673 2198 4712 a
2233 4657 2412 4714 Filio?
2447 4659 2577 4715 Εεεε
2606 4661 2826 4730 quidem
2862 4660 3125 4730 Spiritum
3160 4656 3290 4712 Filii
3321 4662 3526 4728 (neque

1943 4749 2089 4804 enim
2123 4749 2335 4806 alienus
2366 4761 2471 4818 est,
2499 4752 2662 4822 absit)
2695 4760 2750 4808 et
2781 4753 2871 4808 ille
2895 4753 3035 4808 dixit
3065 4763 3118 4808 et
3148 4752 3243 4808 Dei
3277 4753 3523 4808 Ecclesia

1943 4841 2235 4896 conﬁtetur
2283 4858 2350 4898 ac
2391 4842 2684 4912 praediCat;
2721 4845 3001 4913 procedere
3041 4853 3222 4900 autem
3268 4861 3333 4900 ex
3377 4843 3524 4899 Filio

1944 4948 2121 5001 neque
2153 4949 2218 4988 ex
2261 4934 2406 4990 illius
2441 4935 2626 4990 divina
2666 4938 2850 5006 lingua
2883 4938 3106 5006 prodiit,
3150 4953 3324 5006 neque
3375 4938 3522 4991 ullus

1947 5041 2186 5096 unquam
2223 5029 2618 5084 catholicorum
2653 5031 2813 5086 talem
2850 5032 2899 5084 ei
2943 5031 3275 5086 calumniam
3315 5030 3526 5086 aﬂinxit

1942 5117 2060 5171 suis
2111 5119 2364 5187 scriptis;
2404 5130 2614 5175 tantum
2663 5124 2854 5186 abest,
2911 5133 2969 5177 ut
3004 5124 3055 5176 id
3097 5125 3297 5179 factum
3335 5123 3521 5186 fuerit,

1943 5215 2002 5261 ut
2054 5223 2155 5262 nec
2202 5210 2394 5263 audire
2435 5213 2708 5280 ejusmodi
2764 5213 3158 5282 blaSphemiam
3214 5213 3522 5269 catholicus

2009 5371 2087 5445 (α)
2137 5373 2217 5426 Ad
2279 5374 2422 5427 hunc
2492 5385 2693 5445 textum
2737 5388 2921 5445 revera
2961 5373 3134 5428 Latini
3185 5372 3296 5429 fere
3329 5389 3521 5430 omnes

1938 5443 2257 5514 prevocattt.
2324 5447 2460 5513 Aug.
2528 5447 2595 5500 de
2647 5443 2800 5514 Trin.
2851 5443 2938 5508 IV,
2969 5447 3061 5510 20,
3098 5445 3296 5512 aliique
3329 5445 3518 5499 Patres

1939 5500 2080 5582 apud
2109 5513 2291 5570 Petav.
2332 5500 2574 5570 de‘ll'rin.
2607 5516 2644 5569 l.
2683 5500 2792 5578 VII,
2817 5531 2866 5568 c.
2891 5500 2942 5569 4'.
2976 5500 3306 5573 Ha'tratniuts
3327 5525 3518 5570 contra

1938 5585 2256 5638 Gt':I‘Ct)t‘ttlll
2305 5588 2551 5654 opposita
2597 5587 2658 5640 L.
2691 5585 2729 5646 Ι,
2763 5599 2812 5638 c.
2846 5585 2898 5647 4,
2970 5585 3022 5648 6,
3057 5587 3108 5636 7.
3155 5584 3379 5652 (Patrol.
3421 5586 3512 5639 lat.

1941 5665 1977 5706 ι.
2009 5655 2198 5716 CXXI,
2234 5673 2282 5723 p.
2317 5659 2441 5718 232,
2481 5659 2608 5711 ⁸256.
2644 5656 2791 5726 25⁸.)
2817 5655 2883 5726 S.
2914 5655 3103 5708 Petrus
3132 5656 3282 5710 Dum.
3311 5654 3512 5726 Opusc.

1945 5726 1982 5788 Ι,
2015 5747 2061 5780 c.
2111 5731 2185 5778 ευ.
2228 5731 2489 5795 (i’.tlrt,tl.t
2534 5725 2740 5788 CXLV,
2783 5740 2833 5794 p.
2871 5725 2962 5792 57,
2991 5726 3102 5796 58.)
