4042 6400
267 400 369 480 801

1029 396 1472 473 REFUTATIO
1511 400 1880 468 PHOTIANI
1914 386 2135 462 ‘LlBRl
2178 397 2275 458 DE
2309 386 2625 457 SPIRITU
2661 393 2722 452 S.

3431 380 3538 445 8θὲ

265 533 333 586 δι’
365 523 441 585 ὧν
481 545 560 583 σοι
592 527 683 582 καὶ
713 526 773 580 τί)
823 526 922 597 τῆς
957 526 1213 586 ἀπονοίας
1255 522 1350 577 καὶ
1377 519 1678 592 παρανοίας
1720 535 1853 586 στη-

1960 528 2071 576 ces,
2100 511 2301 581 quibus
2336 508 2574 563 vesania:
2596 501 2998 572 dcmcntiaeque
3031 507 3142 555 tua:
3172 497 3350 553 malus
3407 513 3545 552 con-

266 623 538 675 λιτεύεται
578 619 1000 689 κακομήχανον;
1054 616 1431 685 Ἱερολογεῖται
1477 613 1539 665 τὸ
1584 612 1849 678 πανὰγιον

270 712 519 781 Πνεῦμα,
544 710 769 781 Πνεῦμα
796 708 1014 777 σοφίας,
1044 707 1269 781 Πνεῦμα
1299 704 1586 767 συνέσεως,
1621 701 1851 769 Πνεῦμα

268 802 549 873 γνώσεως,
603 799 823 869 Πνεῦμα
879 799 1122 867 ἀγάπης,
1172 793 1398 863 Πνεῦμα
1447 789 1849 862 σωφρονισμοῦ,

268 894 495 963 Πνεῦμα
526 890 820 952 υἱοθεσίας.
851 891 936 944 Οὐ
969 889 1080 960 γὰρ
1120 886 1388 952 ἐλάϐετε,
1421 885 1575 955 φησὶ,
1616 883 1854 952 πνεῦμα

271 987 557 1051 δουλείας
588 987 676 1050 είς
718 984 929 1052 φόϐον,
963 985 992 1036 ὁ
1029 982 1093 1035 τὸ
1141 981 1442 1049 ἁνὲσπερον
1471 979 1570 1047 τῆς
1595 976 1854 1047 ἀληθείας

274 1078 386 1148 φῶς
411 1077 488 1147 τῷ
516 1076 610 1131 τοῦ
657 1074 810 1146 ἡλίου
838 1074 1026 1146 δρόμῳ
1081 1071 1503 1135 σννεξαπλώσας
1533 1070 1631 1123 καὶ
1672 1071 1854 1123 πᾶσαν

266 1169 367 1239 τὴν
424 1167 531 1237 γῆν
583 1169 703 1229 ταῖς
750 1166 970 1225 ἐκεῖθεν
1023 1167 1209 1220 ἀκτῖσι
1281 1163 1591 1235 περιλαϐὼν
1617 1203 1633 1228 ,
1691 1165 1856 1219 ἀλλὰ

269 1262 514 1331 Πνεῦμα
563 1261 906 1326 υἱοθεσίας·
954 1259 1047 1313 καὶ
1094 1258 1275 1324 πάλιν,
1332 1260 1415 1311 Οὐ
1474 1259 1584 1328 γὰρ
1632 1257 1857 1310 ἔδωκεν

267 1352 409 1423 ὑμῖν
431 1352 670 1421 πνεῦμα
702 1351 1003 1417 δουλείας,
1037 1349 1199 1405 ἀλλὰ
1220 1349 1465 1418 Πνεῦμα
1497 1350 1722 1418 σοφίας
1747 1348 1850 1401 καὶ

269 1446 506 1516 ἀγάπης
556 1445 656 1498 καί
707 1442 1160 1512 σωφρονισμοῦ.
1216 1444 1326 1496 Καὶ
1370 1443 1434 1512 δὴ
1488 1442 1583 1495 καὶ
1629 1439 1855 1510 Πνεῦμα

271 1539 505 1599 πίστεως
549 1535 767 1603 λέγεται
804 1534 899 1588 καὶ
939 1533 1291 1603 ἐπαγγελίας,
1324 1534 1414 1586 καὶ
1447 1532 1729 1602 δυνάμεως
1763 1532 1857 1586 καὶ

271 1625 685 1696 ἀποκαλύψεως,
739 1624 932 1695 βουλῆς
957 1640 1017 1676 τε
1070 1625 1167 1679 καὶ
1212 1623 1394 1695 ίσχύος
1436 1626 1529 1677 καὶ
1573 1622 1856 1685 εὐσεϐείας

270 1722 363 1773 καὶ
390 1717 696 1790 πραότητος
716 1732 732 1748 ⁶
773 1717 909 1771 Ἐὰν
956 1717 1055 1771 καί
1090 1715 1418 1787 προληφθῇ
1450 1714 1764 1784 ἄνθρωπος
1785 1714 1857 1767 ἐν

275 1827 391 1865 τινι
426 1807 867 1877 παραπτώματι,
898 1808 1090 1877 ὑμεῖς,
1134 1812 1319 1878 φησιν,
1352 1809 1410 1863 οί
1438 1805 1852 1874 πνευματικοί,

1956 606 2160 660 l‘utetur
2211 602 2418 657 dolus?
2468 588 2805 655 Praedicatur
2858 594 3242 651 sanctissimus
3302 591 3543 661 Spiritus

1955 697 2197 766 Spiritus
2234 694 2540 764 sapientiae,
2583 691 2821 761 Spiritus
2867 686 3131 749 scientiae,
3189 684 3429 753 Spiritus
3457 685 3545 737 di-

1956 788 2228 851 lectionis,
2267 784 2506 852 Spiritus
2540 782 2915 844 eoutiuentite,
2949 779 3194 847 Spiritus
3228 777 3547 844 adoptionis

1954 881 2217 934 lllinrnm.
2255 877 2377 932 Non
2426 877 2567 930 enim
2598 875 2876 943 accepistis
2918 873 3165 942 spiritum
3193 871 3460 924 serritutis
3492 870 3546 922 iu

1957 973 2195 1027 timorem
2223 969 2321 1038 (alt
2372 968 2594 1032 Paulus,
2627 968 2720 1038 qui
2782 966 2957 1021 lucem
2989 963 3237 1018 veritatis
3263 976 3544 1030 nunquam

1956 1070 2437 1133 vesperascentem
2486 1073 2819 1130 quacunque
2857 1058 2992 1112 solis
3022 1070 3220 1111 cursus
3245 1054 3549 1124 porrigitur

1955 1153 2283 1225 prOpagavit
2335 1160 2650 1220 terramque
2690 1150 3006 1203 universam
3059 1147 3211 1200 illius
3265 1143 3439 1199 radiis
3466 1151 3553 1196 est

1955 1244 2323 1316 complexus),
2357 1245 2446 1299 sed
2493 1243 2755 1313 Spiritum
2809 1240 3112 1308 adoptionis
3162 1238 3421 1307 ﬁliorum.
3486 1236 3551 1288 Et

1957 1352 2179 1393 rursum
2210 1354 2226 1393 :
2280 1335 2404 1391 Non
2431 1339 2573 1392 enim
2608 1337 2756 1389 dedit
2784 1335 2927 1389 vobis
2976 1333 3227 1403 spiritum
3261 1329 3549 1391 servitutis,

1956 1432 2048 1487 sed
2078 1430 2344 1502 Spiritum
2398 1431 2674 1500 sapientia:
2707 1437 2756 1483 et
2794 1426 3095 1482 dilectionis
3139 1433 3189 1479 et
3217 1421 3550 1478 sobrietatis.

1957 1522 2074 1579 imo
2111 1533 2167 1579 et
2220 1523 2461 1594 Spiritus
2521 1522 2646 1577 ﬁdei
2713 1521 2923 1575 dicitur
2972 1527 3027 1573 et
3068 1514 3455 1588 promissionis
3499 1520 3555 1567 et
3586 1556 3603 1571 κ

1958 1616 2179 1672 virtutis
2221 1625 2277 1671 et
2308 1614 2684 1679 revelationis,
2720 1610 2938 1667 consilii
2968 1610 3132 1665 etiam
3172 1616 3227 1663 et
3277 1602 3554 1659 fortitudi-

1959 1713 2046 1764 nis
2073 1719 2126 1764 et
2153 1709 2371 1779 pietatis
2413 1714 2468 1763 et
2496 1704 2937 1761 mansuetudinis
2967 1720 2981 1757 :
3018 1700 3088 1756 Et
3119 1702 3166 1755 si
3205 1713 3555 1770 ραι-σεσωρε-

1962 1813 2046 1858 tus
2078 1801 2239 1872 fuerit
2267 1803 2444 1865 homo,
2501 1798 2703 1869 inquit,
2740 1798 2798 1851 in
2859 1796 3043 1867 aliqua
3078 1794 3298 1859 delicto,
3336 1808 3425 1847 vos
3456 1792 3549 1863 qui

281 1899 643 1969 καταρτίζετε
669 1902 857 1955 αὑτὸν
879 1901 951 1955 ἐν
970 1903 1266 1972 πνεύματι
1313 1901 1670 1969 πραότητος,
1698 1900 1850 1953 Παῦ-

1959 1897 2262 1966 spirituates
2319 1895 2466 1959 estis,
2512 1892 2759 1946 instruite
2797 1906 2916 1944 eum
2950 1891 3007 1943 in
3045 1887 3241 1958 spiritu
3296 1901 3556 1940 nimisan-

274 1991 423 2060 λοςή
468 1990 663 2061 πυρίνη
700 1990 923 2060 γλῶσσα
972 1991 1064 2043 τοῦ
1100 1991 1440 2060 Πνεύματος.
1490 1992 1602 2046 Καὶ
1651 1992 1716 2062 δὴ
1755 1989 1851 2044 καὶ

269 2085 493 2154 Πνεῦμα
543 2084 893 2153 αίσθήσεωςο
938 2082 1086 2151 λέγει
1145 2082 1253 2152 γὰρ
1305 2084 1374 2138 τὰ
1427 2084 1641 2153 Λόγια·
1691 2083 1850 2140 Ἰδοὺ

265 2173 535 2241 κέκληκα
559 2174 628 2237 ἐξ
666 2173 962 2242 ὀνόματος
995 2173 1103 2226 τὸν
1134 2173 1454 2241 Βασελεήλ
1477 2190 1491 2206 ο
1523 2174 1853 2242 ἐπλήρωσα

269 2263 454 2319 αὐτὸν
487 2265 732 2334 Πνεῦμα
757 2265 981 2334 σοφίας
1013 2264 1112 2318 καὶ
1140 2265 1482 2334 ἐπιστήμης
1510 2266 1609 2320 καί
1640 2266 1852 2336 αισθή-

266 2374 441 2423 σεως.
474 2360 547 2411 Οὐ
581 2358 710 2428 μὴν,
738 2357 873 2410 ἀλλὰ
904 2357 999 2411 καὶ
1021 2356 1403 2422 ταπεινώσεως
1432 2359 1654 2428 λέγεται
1680 2360 1851 2413 Πνεῦ-

270 2467 371 2521 μα,
397 2447 471 2512 ὥς
523 2466 626 2501 που
656 2448 948 2518 ψάλλουσιν
993 2451 1044 2502 οἱ
1075 2449 1261 2513 παῖδες
1291 2448 1370 2520 τῷ
1425 2453 1559 2521 πυρὶ
1603 2450 1849 2518 δροσιζό-

269 2557 422 2612 μενοι
449 2553 464 2570 °
508 2539 663 2594 Ἀλλ’
692 2539 764 2594 ἐν
800 2540 974 2610 ψυχῇ
1015 2541 1490 2612 συντετριμμένῃ
1529 2542 1630 2597 καὶ
1664 2543 1852 2597 Uret}-

258 2648 404 2701 ματι
454 2630 874 2697 ταπεινώσεως
927 2632 1465 2703 προσδεχθείημεν.
1534 2633 1696 2687 Ἀλλὰ
1755 2636 1850 2688 καὶ

263 2723 503 2793 κρίσεως
550 2723 777 2793 Πνεῦμα
824 2724 923 2776 καὶ
953 2725 1202 2788 καύσεως
1245 2724 1488 2794 λέγεται,
1521 2725 1587 2779 δι’
1617 2719 1692 2781 ὧν
1713 2727 1746 2797 ή
1768 2743 1851 2779 τι-

268 2813 559 2883 μωρητική
589 2829 650 2866 τε
699 2813 795 2868 καὶ
837 2812 1146 2887 καθαρτικὴ
1186 2816 1283 2870 τοῦ
1321 2817 1639 2887 Πνεύματος
1670 2819 1851 2887 ὲμφα-

263 2905 475 2968 νίζεται
525 2904 777 2975 δύναμις.
829 2907 940 2959 Καὶ
973 2907 1078 2979 γὰρ
1120 2907 1348 2968 Ἡσαΐας
1397 2906 1497 2978 βοᾷ
1521 2923 1536 2938 ·
1577 2905 1859 2976 Καθαριεῖ

264 2996 491 3065 αὐτοὺς
520 2991 739 3066 Κύριος
784 3000 1086 3068 Πνεύματι
1112 3000 1370 3068 κρίσεως
1414 2999 1514 3055 καὶ
1549 2999 1852 3069 Πνεύματι

263 3091 562 3157 καύσεως.
606 3091 765 3145 Ἀλλὰ
795 3090 902 3164 μὴν
926 3090 1018 3145 καί
1041 3091 1269 3163 Πνεῦμα
1296 3092 1630 3163 πληρώσεως
1647 3106 1662 3121 ·
1693 3095 1721 3146 ὁ
1745 3092 1851 3146 τῶν

264 3185 564 3253 προφητῶν
596 3184 1053 3254 συμπαθέστατος
1083 3184 1355 3257 Ἱερεμίας
1384 3184 1534 3254 λέγει
1558 3201 1573 3216 ⁸
1611 3184 1681 3240 Ἠ
1709 3183 1852 3251 ὁδὸς

264 3268 380 3337 τῆς
410 3271 701 3341 θυγατρὸς
728 3272 837 3326 τοῦ
884 3272 1042 3328 ,2αοῦ
1078 3291 1200 3343 μου
1234 3274 1347 3328 οὐκ
1376 3275 1464 3341 εις
1509 3274 1683 3346 ἅγιον
1709 3276 1851 3330 οὔτε

262 3368 356 3430 είς
394 3365 658 3433 καθαρὸν
697 3367 941 3436 Πνεῦμα
975 3368 1374 3435 πληρώσεως·
1423 3369 1543 3423 ἀντὶ
1593 3352 1695 3424 τοῦ
1717 3386 1731 3401 ο
1770 3367 1847 3424 Ού

263 3457 627 3527 πεπλήρωται
668 3457 912 3526 καθαροῦ
952 3459 1044 3512 καὶ
1088 3458 1248 3525 ἁγίου
1288 3458 1626 3530 Πνεύματος.
1657 3460 1723 3514 Τί
1753 3456 1846 3516 οῦν

259 3550 356 3604 διὰ
386 3549 543 3603 τοῦτο
573 3549 638 3602 σὺ
668 3549 766 3620 τὴν
791 3549 961 3619 ὀφρὺν
1000 3552 1247 3622 ἀνασπᾷς
1274 3567 1290 3616 ;
1341 3554 1406 3604 in
1432 3551 1542 3605 τῶν
1568 3553 1841 3624 χαρισμά-

259 3658 401 3705 των,
434 3640 576 3709 ἅπερ
600 3641 734 3693 αὐτὸ
763 3644 988 3711 χορηγεῖ
1017 3642 1112 3695 καὶ
1154 3642 1462 3714 χαρίζεται,
1491 3643 1552 3696 τὸ
1584 3645 1847 3712 πανάγιον

262 3733 636 3803 θεομαχήσεις
673 3732 1069 3802 ἐκπορεύεσθαι
1095 3733 1320 3802 Πνεῦμα
1366 3734 1460 3788 καὶ
1487 3734 1586 3805 τὴν
1615 3734 1848 3807 ὓπαρξιν

260 3825 367 3878 καὶ
401 3824 498 3891 τὴν
531 3825 859 3895 ἐκπόρευσιν
890 3825 1098 3878 ἐκεῖθεν
1131 3826 1350 3880 ἑλκύσαι
1375 3843 1392 3893 ;
1428 3826 1520 3880 καὶ
1554 3829 1628 3898 μή
1665 3844 1725 3880 σε
1749 3830 1849 3898 τῆς

259 3913 580 3986 ἀσεϐείαςὴ
611 3914 948 3986 πρόσκλησις
984 3918 1050 3969 ὲκ
1077 3916 1184 3970 τῶν
1225 3916 1416 3982 δεξιῶν
1461 3920 1852 3991 ὑποδραμοῦσα

262 4009 371 4076 τὴν
401 4003 500 4075 σὴν
519 4006 786 4076 ἀναπείσῃ
815 4006 1274 4076 κατασοφίζεσθαι
1296 4011 1722 4080 σωτηρίαν.”οτι
1753 4012 1853 4081 μὲν

262 4095 384 4166 γὰρ
416 4095 445 4146 ὁ
472 4095 600 4158 Υἱὸς
632 4096 724 4148 καὶ
752 4097 920 4164 Λόγο;
952 4098 1045 4151 τοῦ
1073 4098 1206 4152 Θεοῦ
1240 4100 1334 4154 καὶ
1362 4100 1531 4171 Σοφία
1561 4104 1654 4156 καὶ
1684 4105 1855 4156 Δύνα-

267 4202 365 4255 μις
414 4184 509 4237 καὶ
554 4184 804 4252 Ἀλήθεια
833 4187 945 4248 τοῖς
1005 4185 1171 4254 ἱεροῖς
1215 4187 1373 4257 ἡμῶν
1420 4189 1857 4259 ἀνακηρύττεται

265 4277 495 4344 Δόγοις,
544 4277 710 4328 πᾶσιν
766 4277 798 4346 ἠ
835 4276 1033 4344 γνῶσις
1083 4278 1425 4349 ὲξήπλωται·
1459 4282 1540 4333 ὅτι
1580 4280 1638 4333 δὲ
1674 4283 1768 4334 καὶ
1797 4280 1859 4333 τὸ

265 4369 542 4436 πανὰγιον
578 4367 802 4434 Πνεῦμα
853 4370 914 4421 οὐ
951 4368 1109 4438 μόνον
1145 4370 1362 4439 λέγεται
1395 4372 1488 4425 τοῦ
1524 4371 1680 4437 Υίοῦ,
1719 4373 1858 4426 ἀλλὰ

266 4464 367 4516 καὶ
396 4461 506 4513 τῶν
534 4460 910 4531 χαρισμάτων,
939 4457 1013 4516 ὧν
1033 4466 1130 4534 τῆς
1156 4464 1419 4536 διανομῆς
1441 4466 1501 4518 τὸ
1529 4465 1694 4537 κῦρος
1721 4466 1857 4538 ἔχει,

1959 1987 2158 2041 tudinis
2193 1984 2594 2056 (lenitatis).lta
2621 1982 2848 2047 Paulus,
2878 1981 3045 2051 ignita
3075 1978 3311 2047 Spiritus
3344 1978 3554 2047 lingua.

1954 2078 2177 2133 Dicitur
2206 2078 2373 2133 etiam
2413 2067 2652 2146 Spiritus
2682 2074 3023 2130 sensationis
3049 2089 3063 2139 ;
3089 2073 3166 2126 ait
3222 2070 3375 2125 enim
3398 2069 3549 2125 Scri-

1953 2180 2109 2239 ptura
2141 2187 2155 2225 :
2187 2169 2319 2223 Ecce
2350 2167 2531 2224 vocavi
2558 2183 2625 2223 ea:
2662 2166 2877 2221 nomine
2906 2163 3139 2219 Beseleel
3160 2181 3181 2229 ;
3208 2162 3402 2234 repleri
3434 2177 3557 2216 eum

1954 2260 2162 2331 Spiritu
2203 2260 2482 2331 sapientia:
2516 2266 2567 2314 et
2596 2257 2835 2312 srientia:
2863 2264 2913 2310 et
2942 2253 3282 2309 sensationis.
3315 2250 3435 2307 Non
3465 2265 3558 2306 St)-

1955 2355 2067 2409 lnm
2100 2353 2226 2416 hoc,
2258 2365 2450 2406 verum
2486 2360 2540 2403 et
2565 2349 2810 2418 Spiritus
2837 2346 3191 2411 humilitatis,
3255 2354 3314 2398 ut
3343 2352 3554 2399 canunt
3608 2388 3617 2395 .

1951 2446 2108 2515 pueri
2146 2445 2200 2498 in
2264 2443 2390 2512 igne
2447 2441 2790 2511 refrigerium
2847 2440 2992 2494 nacti
3037 2455 3052 2493 :
3102 2435 3206 2491 Sed
3268 2437 3324 2490 in
3374 2436 3554 2490 animo

1951 2537 2180 2591 contrito
2205 2543 2255 2589 et
2288 2535 2343 2588 in
2376 2534 2585 2603 Spiritu
2616 2531 2944 2585 humilitatis
3004 2528 3388 2598 suscipiamus,
3442 2524 3551 2580 Sed

1951 2640 2004 2684 et
2050 2628 2290 2698 Spiritus
2329 2625 2524 2697 judieii
2559 2633 2613 2680 et
2661 2624 2896 2689 ardoris,
2932 2623 3133 2692 quibus
3168 2621 3349 2676 verbis
3391 2619 3557 2673 ultrix

1951 2729 2006 2776 et
2044 2720 2334 2790 purgatrix
2362 2717 2609 2787 Spiritus
2655 2717 2829 2770 virtus
2867 2713 3273 2767 manifestatur.
3327 2708 3542 2763 Etenim

1952 2810 2123 2869 Isaias
2149 2811 2392 2867 clamat:
2443 2807 2710 2877 Purgabit
2756 2822 2845 2861 eos
2902 2806 3163 2859 Dominus
3202 2803 3409 2872 Spiritu
3460 2801 3555 2871 ju-

1952 2905 2081 2960 dicii
2133 2912 2184 2958 et
2259 2902 2520 2966 ardoris;
2581 2901 2677 2955 sed
2732 2912 2783 2954 et
2834 2899 3093 2968 Spiritus
3166 2895 3554 2964 plenitudinis,

1954 3012 2191 3067 namque
2246 2997 2514 3067 pr0pheta
2556 2996 2652 3066 qui
2700 2992 2877 3063 magis
2943 2990 3289 3060 compatiens
3336 2987 3555 3043 caeteris

1952 3097 2078 3156 est,
2123 3087 2391 3144 Jeremias
2446 3080 2607 3144 :Via
2665 3086 2796 3157 ﬁlia:
2851 3081 3024 3147 Sion,
3060 3081 3274 3151 inquit,
3333 3095 3435 3133 non
3498 3079 3556 3133 in

1952 3191 2196 3236 sanctum
2221 3196 2315 3235 nec
2353 3181 2410 3234 in
2437 3195 2629 3248 purum
2670 3176 2931 3248 Spiritum
2952 3174 3323 3245 plenitudinis,
3362 3185 3463 3241 pro
3489 3184 3558 3227 eo

1954 3281 2012 3327 ut
2037 3273 2246 3328 diceret
2279 3270 2438 3327 :Non
2471 3272 2677 3341 repleta
2713 3279 2798 3325 est
2829 3282 2970 3339 puro
3010 3275 3066 3322 et
3096 3273 3289 3322 sancto
3315 3262 3548 3333 Spiritu.

1955 3363 2101 3430 Quid
2130 3363 2298 3437 ergo!
2335 3365 2531 3420 ldeone
2558 3372 2615 3418 tu
2640 3360 2934 3434 supercilio
2960 3368 3242 3416 contracto
3281 3372 3348 3412 ex
3369 3355 3554 3422 dapis,

1954 3472 2077 3528 quae
2115 3459 2204 3513 ille
2242 3459 2476 3531 largitur
2505 3455 3106 3527 ae‘donat,procedere
3135 3452 3548 3509 sanctissimum

1956 3549 2224 3614 Spiritum
2273 3551 2441 3619 impia
2492 3549 2915 3604 ratiocinatione
2969 3544 3266 3601 aﬂirtnabis
3302 3557 3369 3598 ac
3421 3539 3558 3596 sub-

1952 3641 2259 3696 sistentiam
2299 3656 2364 3695 ac
2396 3641 2807 3711 processionetn
2859 3653 3017 3694 suam
3096 3638 3225 3692 inde
3271 3634 3489 3689 trahere
3531 3633 3556 3687 τ

1955 3733 2036 3788 Ne
2090 3734 2257 3804 igitur
2314 3743 2369 3789 te
2412 3734 2670 3804 impietas
2707 3730 3101 3787 blandimentis
3143 3729 3261 3783 suis
3312 3727 3554 3797 pelliciat

1954 3824 2020 3879 ad
2048 3821 2291 3879 fallacias
2308 3833 2498 3879 contra
2527 3833 2674 3876 tuam
2695 3823 2868 3891 ipsius
2899 3821 3131 3877 salutem
3165 3817 3544 3876 consuendas.

1960 3914 2115 3982 Quod
2136 3917 2282 3971 enim
2317 3917 2489 3972 Filius
2525 3925 2578 3970 et
2613 3898 2897 3988 (Verbum
2933 3918 3026 3982 et}
3068 3909 3309 3966 Verbum
3343 3905 3421 3981 (a)
3454 3905 3548 3975 Dei

1960 4021 2015 4066 et
2045 4010 2312 4080 sapientia
2343 4019 2398 4065 et
2444 4009 2619 4063 virtus
2647 4018 2700 4064 et
2750 4008 2955 4063 veritas
2991 4007 3045 4061 in
3113 4004 3289 4061 sacris
3344 4004 3553 4057 nostris

1964 4102 2263 4159 Codicibus
2283 4111 2652 4171 nuncupetur,
2684 4101 2889 4155 nemini
2922 4108 3136 4159 nonest
3159 4097 3509 4152 notissimum
3533 4113 3552 4164 ;

1963 4184 2110 4269 quod
2158 4207 2338 4251 autem
2393 4206 2449 4250 et
2481 4194 2865 4249 sanctissimus
2906 4193 3148 4262 Spiritus
3205 4206 3314 4245 non
3371 4190 3550 4246 solum
3628 4242 3629 4245 η

1965 4292 2184 4347 dicatur
2208 4289 2446 4360 Spiritus
2476 4287 2620 4353 Filii,
2654 4288 2749 4344 scd
2790 4288 2954 4342 etiam
2992 4286 3232 4356 Spiritus
3257 4285 3552 4348 donorum,

1964 4398 2198 4455 quorum
2242 4382 2753 4436 distribuendorum
2795 4387 3128 4450 potestatem
3172 4378 3354 4441 habet,
3391 4392 3550 4446 teque

1964 4487 2048 4533 est
2076 4478 2144 4532 iis
2171 4476 2538 4546 exploratum,
2567 4477 2662 4546 qui
2705 4472 3045 4530 intellectum
3094 4486 3160 4527 ac
3185 4485 3413 4526 sensum
3449 4471 3547 4523 ha-

264 4552 471 4623 ἐπίσης
497 4551 526 4603 ὁ
567 4552 690 4605 νοῦν
722 4551 867 4623 ἔχειν
911 4553 1212 4625 ἠξιωμένος
1259 4556 1497 4627 Χριστοῦ
1531 4559 1854 4613 συνεπίστα-

1968 4568 2089 4623 bent
2118 4567 2346 4623 Christi.

259 4662 384 4702 ται.

341 4733 444 4807 νη’.
484 4736 786 4808 Τοιγαροῦν
812 4737 842 4789 ὁ
881 4754 974 4802 σος
1019 4752 1182 4810 νομος
1223 4741 1470 4808 ἐπιτάξει
1517 4760 1622 4811 σοι,
1657 4745 1861 4816 μᾶλλον

256 4829 325 4881 δὲ
364 4833 792 4898 συναναγκάσει,
850 4832 925 4902 μὴ
972 4832 1131 4901 μόνον
1172 4834 1235 4884 ὲκ
1282 4833 1377 4885 τοῦ
1408 4834 1538 4889 Υἱοῦ
1596 4834 1777 4905 λέγειν
1804 4837 1863 4890 τὸ

262 4919 502 4991 Πνεῦμα
542 4921 962 4993 ἐκπορεύεσθαι,
991 4920 1124 4975 διότι
1169 4921 1264 4975 τοῦ
1295 4924 1425 4977 Υίοῦ
1453 4926 1692 4994 λέγεται,
1727 4928 1864 4982 ἀλλὰ

263 5015 367 5068 καὶ
401 5016 467 5067 ἐκ
513 5014 613 5078 τῆς
649 5016 923 5078 συνέσεως
969 5018 1064 5068 καὶ
1112 5018 1177 5069 ἐκ
1220 5017 1319 5086 τῆς
1350 5017 1459 5074 τῶν
1504 5022 1864 5091 χαρισμάτων

260 5107 538 5177 διανομῆς
580 5110 676 5160 καὶ
724 5108 832 5161 ἀπ’)
875 5108 986 5160 τῶν
1042 5111 1253 5180 μυρίων
1312 5109 1488 5164 ἄλλων
1541 5111 1865 5185 θεοπρεπῶν

260 5198 571 5271 ἐνεργειῶν
597 5216 656 5252 τε
682 5200 777 5252 καὶ
814 5199 1122 5269 δυνάμεων,
1156 5195 1230 5253 ὧν
1252 5201 1313 5254 τὸ
1345 5203 1606 5271 πανάγιον
1640 5205 1861 5276 Πνεῦμα

260 5292 428 5362 πηγὴ
468 5293 566 5345 καὶ
610 5295 842 5363 χορηγὸς
884 5291 1243 5363 δοξολογεῖται
1291 5299 1384 5348 καὶ
1414 5297 1864 5367 ἐπιγινώσκεται,

261 5389 514 5461 μάλιστα
545 5389 601 5442 δὲ
650 5391 716 5443 ἐκ
759 5391 857 5459 τῆς
891 5387 1127 5455 πίστεως
1170 5393 1263 5444 καὶ
1295 5394 1394 5463 τῆς
1437 5394 1860 5466 ἀποκαλύψεως,

256 5485 370 5553 τῆς
400 5482 735 5552 ἐπαγγελίας
778 5500 836 5535 τε
876 5483 968 5536 καὶ
997 5485 1095 5555 τῆς
1138 5486 1372 5556 κρίσεως
1415 5489 1512 5542 καὶ
1546 5490 1819 5553 συνέσεως
1845 5506 1860 5521 ο

259 5574 357 5631 ὅτι
390 5576 528 5648 μηδὲ
573 5578 902 5644 κακουργεῖν
947 5593 1029 5636 σοι
1063 5580 1328 5650 πάρεστιν
1362 5582 1496 5652 μηδὲ
1522 5582 1641 5636 λίαν
1675 5558 1869 5653 βουλοέ

262 5671 425 5744 μένῳ
448 5669 660 5733 τούτοις
689 5668 1047 5742 ὀνομάζεσθαι
1080 5673 1170 5724 τὸν
1199 5672 1346 5728 Υξόν.

345 5825 427 5895 (α)
457 5821 622 5879 Laur.
655 5823 748 5877 καὶ
773 5825 940 5894 Λόγος
969 5827 1060 5881 καὶ
1095 5828 1264 5897 Λῦγος
1297 5829 1387 5883 τοῦ
1423 5829 1582 5884 Θεοῦ.

2035 4759 2126 4814 58.
2161 4758 2270 4812 Lex
2306 4757 2471 4829 igitur
2506 4765 2595 4811 tua
2627 4756 2724 4811 tibi
2751 4754 3054 4826 prmcipiet,
3086 4755 3198 4809 imo
3232 4754 3416 4825 potius
3460 4769 3559 4809 co-

1966 4863 2048 4922 get
2087 4865 2359 4915 asserere,
2386 4868 2493 4904 non
2517 4852 2695 4907 solum
2720 4849 2986 4920 Spiritum
3006 4864 3037 4903 a
3062 4848 3203 4904 Filio
3232 4851 3554 4919 procedere,

1966 4942 2093 5011 quia
2120 4938 2361 5009 Spiritus
2402 4941 2524 4995 Filii
2552 4942 2777 5007 dicitur,
2810 4941 2904 4995 sed
2938 4941 3103 4994 etiam
3143 4941 3213 4994 ab
3248 4941 3559 5010 intelligen-

1968 5034 2040 5088 tia
2080 5044 2135 5089 et
2165 5034 2402 5088 aliorum
2436 5034 2712 5089 donorum
2752 5033 3138 5089 distributione
3163 5044 3218 5088 et
3250 5049 3281 5089 a
3330 5049 3558 5089 sexcen-

1968 5129 2037 5182 tis
2071 5127 2195 5182 aliis
2235 5128 2434 5182 divinis
2470 5128 2879 5198 operationibus
2908 5130 3299 5192 acvirtutibus,
3321 5143 3556 5197 quarum

1969 5219 2352 5273 sanctissimus
2394 5216 2634 5287 Spiritus
2684 5218 2808 5273 fons
2862 5229 2917 5274 et
2956 5219 3184 5289 largitor
3223 5218 3557 5287 praedicatur

1969 5321 2131 5379 atque
2156 5312 2497 5371 agnoscitur,
2527 5311 2802 5380 praecipue
2826 5327 2956 5366 vero
2984 5327 3012 5364 a
3036 5310 3159 5376 tide,
3195 5310 3555 5373 revelatione,

1971 5401 2358 5471 promissione,
2384 5401 2593 5472 judicio
2622 5413 2675 5457 et
2737 5403 3133 5474 intriligentia,’
3156 5402 3420 5471 quoniam
3453 5416 3554 5454 ne.

1968 5512 2245 5565 quaquam
2282 5512 2480 5567 negare
2513 5508 2690 5566 potes,
2724 5497 2850 5551 licet
2881 5498 2933 5551 id
2960 5496 3258 5549 admodum
3292 5511 3403 5563 prae
3429 5510 3548 5549 tua-

1970 5591 2216 5661 lignitate
2251 5588 2404 5655 velis,
2440 5587 2635 5645 Filium
2663 5590 2746 5644 his
2782 5588 3099 5643 numinibus
3136 5587 3411 5660 insigniri.
