4042 6394
505 362 613 427 803

1545 359 1760 422 JOAN.
1799 360 2012 421 VECCl
2054 361 2164 422 (1P.
2208 362 2725 425 PATRIARCl-Mi

3667 359 3785 428 854

581 477 670 532 59.
704 475 860 543 Quod
896 477 943 532 si
985 477 1108 546 quis
1141 475 1194 529 in
1228 474 1313 530 his
1365 489 1464 545 per
1523 475 1786 544 Spiritum
1824 475 2093 528 existimet

2272 476 2368 532 v0'.
2405 479 2467 530 Εί
2500 479 2554 532 δέ
2598 496 2682 542 τις
2711 480 2768 532 ἐν
2811 477 3015 543 τούτοις
3063 477 3305 547 Πνεῦμα
3340 474 3549 537 νομίσοι
3598 493 3792 544 παρα-

511 569 687 639 accipi
716 585 824 624 non
862 571 1041 640 ipsum
1075 567 1489 624 sanctissimum
1517 577 1569 623 et
1601 567 2094 623 consubtantialem

507 662 654 716 Patri
695 678 761 716 ac
806 659 944 715 Filio
989 660 1279 729 Spiritum,
1317 659 1413 715 sed
1443 660 1757 715 emanantia
1791 659 1917 714 inde
1949 660 2091 712 dona

509 769 604 809 seu
629 755 980 817 charismata,
1004 768 1124 822 qua:
1151 769 1217 808 eo
1243 753 1389 823 quod
1422 753 1488 808 ad
1517 753 1668 808 illum
1697 753 2012 807 referuntur
2045 762 2099 806 et

507 847 574 901 ab
613 846 709 899 illo
757 846 1192 911 distribuuntur,
1228 846 1465 916 Spiritus
1517 861 1722 900 nomen
1757 847 1954 900 sortita
1987 846 2097 900 sint

507 939 634 1007 (sibi
682 938 1032 1010 adsciverint)
1060 959 1072 994 :
1105 956 1423 1010 quanquam
1478 939 1917 1010 multatpossem
1945 947 2097 1011 (con-

504 1039 588 1084 tra
627 1029 761 1100 hoc)
797 1031 1030 1097 aﬂerre,
1069 1046 1133 1085 ea
1183 1041 1362 1086 tamen
1413 1032 1469 1086 in
1517 1031 1808 1102 praesentia
1857 1047 1965 1086 non
2005 1047 2098 1086 re-

504 1121 703 1178 feram.
761 1123 928 1178 Cur?
968 1124 1144 1190 Quia,
1179 1125 1305 1179 licet
1363 1125 1468 1180 hoc
1513 1125 1870 1188 concedatur,
1923 1123 2094 1178 nihilo

503 1225 688 1271 tamen
723 1216 906 1270 minus
963 1216 1190 1285 iniquus
1225 1217 1473 1285 ipsorum
1507 1226 1740 1272 conatus
1783 1214 2092 1282 refellitur;

503 1307 770 1378 quoniam
811 1309 957 1361 enim
994 1308 1141 1361 dona
1191 1308 1284 1362 illa
1323 1309 1586 1362 dicuntur
1626 1323 1746 1362 esse
1791 1306 1934 1360 dona
1968 1308 2095 1375 Spi-

504 1399 671 1461 ritus,
715 1412 857 1452 nova
887 1409 1069 1452 autem
1125 1399 1352 1454 istorum
1384 1399 1468 1453 lex
1520 1399 1810 1470 praecipit,
1859 1409 1919 1453 ut
1969 1399 2095 1454 inde

509 1486 783 1558 Spiritum
844 1487 1144 1556 procedere
1205 1489 1605 1559 praedicamus,
1661 1487 1822 1557 cujus
1867 1497 1922 1542 et
1972 1503 2095 1544 esse

505 1578 746 1642 dicitur,
793 1591 902 1630 non
969 1577 1206 1648 amplius
1261 1577 1612 1633 aﬂirtnahunt
1667 1594 1698 1632 a
1747 1577 1954 1648 Spiritu
2000 1578 2094 1634 illo

503 1669 734 1740 produci
779 1669 946 1734 dona,
991 1685 1225 1739 quorum
1271 1671 1388 1740 ipse
1437 1671 1642 1726 dicitur
1680 1670 1956 1742 Spiritus,
1995 1671 2092 1728 sed

503 1762 624 1816 vice
678 1777 836 1818 versa
913 1771 1167 1817 asserent
1237 1763 1306 1817 ab
1370 1763 1733 1834 intelligentia
1799 1765 2094 1834 procedere

2201 567 2577 639 λαμϐάνεσθαι
2597 571 2698 624 οὐκ
2723 571 2854 624 αὐτὸ
2876 572 2936 624 τὸ
2963 571 3229 638 πανάγιον
3257 569 3354 623 καὶ
3376 567 3663 639 ὀμοούσιον
3688 567 3795 620 τοῦ

2199 663 2414 734 Πατρὸς
2473 665 2566 718 καὶ
2615 664 2710 717 τοῦ
2767 663 2896 717 Υἱοῦ
2950 662 3192 734 Πνεῦμα,
3257 660 3395 715 ἀλλὰ
3445 659 3514 714 τὰ
3569 659 3796 713 ἐκεῖθεν

2201 753 2431 825 βρύοντα
2461 755 2799 826 χαρίσματα,
2832 755 2966 808 διότι
3003 754 3138 826 πρὸς
3165 755 3341 807 ἐκεῖνο
3368 753 3465 823 τὴν
3501 752 3794 819 ἀναφοράν

2198 846 2438 916 ἔχεικαὶ
2485 847 2615 901 αὐτὸ
2645 847 2818 900 ταῦτα
2861 847 3132 916 διανέμει,
3171 845 3269 916 τὴν
3320 844 3413 897 τοῦ
3463 843 3793 911 Πνεύματος

2198 938 2520 1008 ἐπωνυμίαν
2558 937 2969 1002 οἰκειώσασθαι,
3003 938 3179 991 καίτοι
3221 937 3394 990 πολλά
3423 936 3602 1004 λέγειν
3642 936 3796 1004 ἔχων

2198 1032 2346 1102 ὅμως
2377 1031 2470 1084 νῦν
2509 1033 2610 1085 οὐκ
2640 1032 2768 1102 ἐρῶ.
2818 1031 2916 1084 Διά
2941 1031 3027 1096 τίς
3067 1029 3209 1084 Διότι
3240 1031 3288 1082 εί
3320 1032 3414 1082 καὶ
3459 1028 3618 1082 τοῦτο
3651 1044 3797 1096 συγ-

2197 1125 2517 1196 χωρηθείη,
2567 1125 2720 1177 οὐδὲν
2769 1123 2986 1178 ἔλαττον
3036 1122 3217 1176 αὐτῶν
3271 1121 3632 1190 ἀπελέγχεται
3687 1121 3800 1190 τῆς

2198 1220 2546 1287 παρανομίας
2576 1217 2638 1270 τὸ
2666 1216 3006 1286 ἐπιχείρημα
3031 1229 3046 1245 ⁸
3098 1214 3220 1266 ἐπεὶ
3247 1214 3354 1284 γὰρ
3391 1213 3488 1266 τοῦ
3525 1214 3796 1282 Πνεύμα-

2197 1326 2287 1372 τος
2317 1309 2542 1377 λέγεται
2585 1311 2653 1362 τά
2685 1308 3026 1378 χαρίσματα,
3051 1308 3079 1359 ὁ
3121 1306 3180 1358 δὲ
3213 1305 3396 1368 καινὸς
3429 1305 3612 1368 αὐτοῖς
3660 1307 3802 1356 ἐπι-

2197 1400 2386 1453 τάσσει
2405 1399 2591 1469 νόμος,
2616 1397 2825 1451 ἐκεῖθεν
2851 1397 3103 1468 προϊέναι
3134 1393 3432 1465 κηρύσσειν
3447 1395 3508 1447 τὸ
3532 1398 3794 1464 Πνεῦμα,

2196 1483 2258 1542 οὗ
2288 1487 2381 1540 καὶ¹
2410 1483 2550 1540 εἶναι
2579 1485 2822 1555 λέγεται,
2869 1485 3054 1539 οὐκέτι
3079 1485 3137 1538 τὸ
3171 1484 3395 1555 Πνεῦμα
3423 1480 3499 1538 ὦν
3539 1485 3793 1553 λέγεται,

2195 1578 2371 1632 ταῦτα
2425 1578 2688 1649 προάγειν
2737 1577 2974 1647 ἐροῦσιν,
3006 1576 3120 1630 ἀλλ’
3173 1576 3629 1646 ἀντιστρέψαντες
3678 1582 3795 1649 φη-

2200 1688 2354 1726 σουσι
2395 1673 2493 1741 τῆς
2542 1670 2812 1733 συνέσεως
2855 1667 3252 1738 ἐκπορεύεσθαι
3304 1671 3398 1720 καὶ
3443 1669 3693 1734 προϊέναι
3728 1668 3797 1720 τὸ

2198 1764 2443 1835 χάρισμα
2499 1764 2596 1816 καὶ
2629 1761 2728 1832 τῆς
2779 1761 2975 1828 σοφίας
3025 1760 3119 1814 καὶ
3157 1759 3263 1813 τῶν
3301 1759 3476 1812 ἄλλων
3523 1760 3792 1812 ἁπάντων

505 1868 572 1908 ac
602 1857 826 1925 prodire
855 1857 1085 1922 donum,
1121 1870 1221 1911 nec
1255 1871 1362 1909 non
1395 1871 1424 1909 a
1453 1856 1725 1924 sapientia
1763 1857 2093 1926 exterisque

2329 1831 2746 1925 προειρημένων
2769 1868 2780 1877 ’
2817 1850 2958 1904 ὥστε
2985 1851 3046 1904 οὑ
3073 1850 3132 1903 τὸ
3159 1851 3400 1921 χάρισμα
3426 1850 3544 1921 ἦτοι
3570 1850 3658 1904 διὰ
3681 1850 3786 1903 τοῦ

501 1948 762 2004 omnibus
827 1964 992 2018 supra
1060 1945 1411 2013 memoratis;
1463 1962 1635 2016 quare
1689 1961 1801 2001 non
1857 1947 2084 2013 donum,

499 2035 621 2091 sive
682 2052 777 2106 per
844 2037 1047 2092 donum
1105 2037 1391 2106 spirituale
1454 2037 1569 2107 ipse
1630 2036 1866 2108 Spiritus
1935 2040 2096 2096 intel-

501 2127 787 2196 ligentiam
820 2127 1072 2198 largitur,
1109 2128 1192 2182 vel
1219 2127 1546 2198 sapientiam
1582 2129 1662 2182 vel
1698 2131 1976 2192 virtutem,
2011 2131 2094 2186 vel

501 2219 848 2285 tiliationem,
884 2220 968 2272 vel
1019 2218 1430 2282 revelationem,
1468 2220 1547 2272 vel
1584 2219 1766 2284 Iidem,
1814 2221 1894 2273 vcl
1925 2221 2097 2288 pieta-

435 2381 440 2384 _
503 2319 657 2375 tem;
691 2309 786 2365 sed
815 2319 1002 2364 contra
1038 2309 1221 2379 potius
1254 2306 1610 2379 intelligentia
1645 2318 1698 2363 et
1735 2311 1997 2365 revelatio
2041 2321 2096 2366 et

503 2403 637 2456 ﬁdes
667 2409 722 2456 et
752 2400 1029 2456 sobrietas
1089 2401 1401 2470 producunt
1431 2402 1605 2466 dona,
1637 2407 1760 2470 quae
1793 2401 1886 2455 tibi
1917 2402 2094 2471 placet

504 2491 772 2562 Spiritum
821 2491 1130 2560 appellare,
1183 2501 1236 2546 et
1294 2491 1525 2558 aliorum
1585 2492 1864 2558 quodlibet
1899 2492 2090 2548 eodem

503 2581 690 2636 modo.
750 2581 868 2635 lino
930 2596 1058 2635 vero
1096 2581 1141 2635 si
1175 2581 1454 2650 quodlibet
1506 2581 1710 2634 donum
1788 2584 2094 2654 nuncupari

502 2673 772 2744 Spiritum
811 2673 1124 2737 arbitraris,
1157 2674 1348 2742 utique
1375 2687 1499 2727 cum
1536 2672 1804 2726 donorum
1858 2689 2092 2730 numero

502 2764 716 2834 copiam
759 2779 978 2833 quoque
1033 2780 1200 2833 auges
1248 2763 1540 2833 spirituum
1579 2764 1823 2842 nihilque
1862 2766 2090 2832 proinde

503 2872 603 2926 per
658 2867 710 2911 te
771 2856 951 2911 dill‘ert
1003 2857 1272 2927 Spiritum
1305 2857 1488 2912 dicere
1531 2857 1611 2909 vel
1651 2857 1896 2923 donum;
1935 2858 2094 2926 cujus

503 2959 689 3003 autem
723 2948 926 3003 dicitur
976 2963 1098 3004 esse
1135 2947 1376 3017 Spiritus
1404 2986 1420 3013 ,
1472 2947 1598 3000 inde
1633 2962 1731 3016 per
1775 2947 1920 3015 leges
1970 2956 2093 3001 tuas

509 3041 772 3096 statuitur
825 3040 959 3096 illud
1017 3040 1315 3109 procedere
1369 3047 1538 3108 atque
1581 3039 1828 3108 produci.
1865 3039 2090 3109 Singula

505 3132 678 3203 igitur
711 3133 853 3186 dona
881 3147 977 3188 seu
1009 3131 1251 3200 singulos
1283 3129 1507 3200 spiritus
1560 3129 1805 3184 bifariam
1856 3146 2050 3186 secans
2074 3169 2088 3194 ,

507 3241 609 3298 pro
642 3239 752 3280 uno
785 3223 970 3296 plures
995 3221 1198 3277 eﬂieies
1236 3223 1460 3292 spiritus
1489 3263 1503 3286 ,
1551 3237 1786 3292 quorum
1835 3223 1974 3277 alter
2025 3225 2097 3276 sit

506 3319 648 3374 dans
677 3356 692 3381 ,
729 3317 868 3372 alter
902 3316 972 3372 sit
1001 3316 1165 3371 datus
1187 3355 1204 3381 ,
1261 3323 1317 3369 et
1370 3316 1509 3370 alter
1563 3317 1868 3382 producens
1897 3357 1911 3382 ,
1957 3315 2095 3369 alter

503 3410 848 3481 productus,
908 3409 1046 3465 ﬁdes
1110 3409 1376 3463 nimirum
1438 3410 1750 3478 producens
1809 3410 1995 3474 tidem,
2042 3417 2098 3462 et

502 3503 861 3576 intelligentia
893 3501 1328 3572 intelligentiam,
1353 3501 1484 3572 quid
1512 3518 1649 3572 opus
1681 3510 1895 3570 tempus
1924 3511 2098 3558 terere

504 3606 630 3652 tuas
662 3596 893 3667 ineptias
925 3594 1262 3650 recensendo
1294 3593 1318 3646 ?

569 3847 661 3902 60.
710 3845 966 3901 Sedenim
1011 3853 1069 3899 et
1120 3843 1224 3898 hoc
1271 3855 1463 3897 contra
1517 3857 1578 3897 se
1642 3842 1816 3912 ipsam
1870 3842 2094 3896 tueresis

503 3937 742 4006 collegit.
770 3935 1167 3990 Sanctissimus
1199 3932 1437 4003 Spiritus
1465 3934 1656 3987 tribuit
1703 3937 1842 3989 dona
1877 3935 2092 4004 dignis;

505 4028 732 4082 hmresis
787 4036 969 4080 autent
1032 4040 1140 4079 non
1193 4034 1451 4080 contenta
1486 4064 1500 4089 ,
1535 4035 1592 4079 ut
1639 4036 1900 4095 apparet,
1933 4025 2094 4094 hujus

503 4119 894 4176 distributione
943 4118 1146 4173 scindit
1200 4119 1316 4172 hzec
1369 4127 1424 4172 et
1454 4119 1780 4172 comminuit
1812 4127 1866 4171 et
1901 4118 2095 4172 dividit

505 4211 561 4265 in
596 4192 779 4280 plures
830 4219 1035 4279 partes,
1072 4217 1131 4263 ut
1181 4210 1397 4272 habeat,
1432 4213 1580 4263 unde
1625 4218 1928 4262 sectatores
1959 4223 2088 4263 suos

508 4297 766 4368 pluribus
792 4298 975 4352 adhuc
1013 4309 1178 4368 atque
1230 4299 1579 4354 uberioribus
1632 4309 1953 4367 compenset
1994 4300 2096 4354 d0-

507 4389 634 4456 nis;
669 4389 859 4460 sicque
912 4391 1112 4444 tuentis
1168 4391 1389 4446 illorum
1429 4392 1674 4445 turbatio
1734 4399 1788 4445 et
1841 4389 2094 4446 confusio

505 4497 686 4538 rerum
725 4491 978 4537 naturam
1012 4492 1068 4538 ct
1099 4484 1348 4538 ordinem
1395 4485 1658 4553 pervertit
1700 4493 1753 4538 et
1783 4483 2090 4551 confundit,

505 4576 798 4646 primaque
833 4576 1130 4646 impietatis
1183 4577 1326 4632 satio
1383 4576 1703 4632 innumeras
1747 4577 1922 4646 gignit
1981 4575 2092 4632 hae-

516 4683 694 4722 reses.
730 4669 930 4722 Verum
998 4671 1213 4725 tametsi
1301 4671 1433 4725 satis
1486 4669 1602 4723 hazc
1635 4680 1760 4723 sunt
1811 4669 2093 4725 ﬂectendis

506 4759 728 4828 iis,qui
783 4775 890 4811 non
948 4763 1160 4829 penitus
1222 4776 1345 4815 sese
1413 4761 1678 4829 impietati
1747 4761 2090 4825 devoverint,

507 4851 686 4918 iisque
732 4849 1118 4919 confutandis,
1151 4853 1244 4922 qui
1297 4852 1634 4918 impudentia
1681 4853 1757 4905 uti
1795 4854 1991 4922 velintj,
2039 4861 2092 4908 et

508 4944 577 4998 iis
623 4943 716 5013 qui
773 4946 1226 5014 superstitionem
1287 4952 1518 5009 amant,
1557 4945 1626 4998 ab
1702 4959 1891 4998 errore
1936 4954 2088 5000 re'vo-

507 5037 698 5092 candis
724 5078 739 5104 ,
779 5047 1019 5091 attamen
1058 5052 1160 5091 nec
1195 5037 1406 5106 reliqua
1433 5038 1865 5107 praetermittatur.
1893 5036 2092 5107 Egi-o-

507 5129 738 5182 tantium
810 5129 958 5182 enim
1046 5128 1188 5182 alius
1270 5131 1413 5193 hac,
1493 5131 1632 5186 alius
1693 5129 1782 5184 illa
1815 5146 1940 5184 cura
2011 5131 2094 5185 vel

507 5223 699 5278 morbo
753 5222 966 5277 levatur
1021 5222 1104 5277 vel
1138 5221 1412 5278 evincitur
1468 5232 1660 5292 sponte
1715 5232 1769 5278 et
1838 5239 1935 5278 sua
1994 5239 2093 5278 vo-

506 5313 734 5368 luntatls
761 5313 1004 5383 nequitia
1051 5315 1391 5371 insanabilis.
1433 5315 1800 5382 Quamobrem
1866 5331 1932 5368 ne
1989 5316 2092 5370 ista

503 5405 726 5476 quidem
802 5409 1200 5476 praetereunda.

573 5700 650 5769 (l)
681 5701 938 5755 Laurent.
1007 5701 1423 5767 συναυξάνεται.

590 5774 664 5836 ιιι)
697 5771 860 5825 Laur.
895 5773 1046 5827 οιδὲν
1071 5785 1129 5828 ut
1162 5775 1334 5828 Vatie.
1363 5775 1400 5827 ί.
1433 5774 1534 5826 203
1564 5789 1612 5824 λ.

2198 1944 2568 2016 πνευματικοῦ
2609 1944 2949 2015 χαρίσματος
2987 1943 3050 1996 τδ
3078 1942 3300 2012 Πνεῦμα
3331 1943 3450 1994 οὐδὲ
3490 1941 3588 2012 τὴν
3625 1942 3794 1995 σύνε-

2198 2056 2284 2092 σιν
2329 2039 2554 2110 χορηγεῖ
2591 2037 2711 2090 οὐδὲ
2757 2036 2856 2104 τὴν
2909 2036 3102 2104 σοφίαν
3135 2035 3167 2104 ἢ
3203 2034 3300 2105 τὴν
3350 2033 3604 2102 δύναμιν,
3659 2035 3794 2088 οὐδὲ

2197 2128 2298 2198 τὴν
2322 2125 2599 2182 υἱοθεσίαν
2627 2126 2750 2180 οὐδὲ
2777 2126 2876 2196 τὴν
2900 2125 3265 2193 ἀποκάλυψιν,
3296 2125 3416 2177 οὐδὲ
3438 2125 3541 2192 τὴν
3573 2125 3792 2192 πίστιν,

2197 2220 2316 2275 οὐδὲ
2352 2220 2450 2290 τὴν
2476 2217 2790 2274 εὐσέϐειαν·
2839 2217 2976 2274 ἀλλὰ
3009 2217 3210 2286 μᾶλλον
3244 2217 3556 2271 τούναντίον
3591 2219 3627 2289 ἡ
3660 2218 3798 2271 σύν-

2196 2331 2312 2378 εσις
2357 2315 2455 2368 καὶ
2480 2315 2513 2383 ἡ
2551 2312 2896 2382 ἀποκάλυψις
2937 2310 3090 2381 καὶὴ
3123 2310 3374 2364 εὐσέϐεια
3405 2310 3499 2363 καὶ
3539 2312 3573 2381 ἡ
3602 2313 3794 2376 πίστις

2198 2407 2291 2460 καὶ
2322 2407 2350 2459 ὁ
2389 2406 2768 2476 σωφρονισμδς
2822 2403 3125 2474 προάγουσι
3159 2403 3229 2454 τά
3264 2403 3600 2472 χαρίσματα,
3641 2403 3794 2472 ἅπερ

2198 2511 2282 2551 σοι
2317 2498 2470 2566 φίλον
2494 2497 2681 2551 καλεῖν
2711 2495 3022 2565 πνεύματα,
3053 2494 3147 2548 καὶ
3175 2494 3284 2547 τῶν
3316 2495 3491 2558 ἄλλως
3519 2495 3791 2559 ὡσαύτως

2195 2588 2450 2649 ἐταστον,
2503 2587 2704 2658 μᾶλλον
2733 2587 2791 2640 δὲ
2823 2588 2984 2656 εῐπερ
3011 2585 3243 2640 ἕκαστον
3271 2585 3380 2638 τῶν
3423 2587 3792 2656 χαρισμάτων

2199 2679 2416 2748 πνεῦμά
2449 2696 2532 2732 σοι
2561 2677 2846 2731 καλεῖσθαι
2882 2675 3167 2745 νομίζεται
3189 2676 3286 2728 καὶ
3312 2675 3390 2744 τῷ
3420 2675 3644 2747 ἀριθμῷ
3673 2678 3792 2729 τῶι

2194 2770 2413 2840 δωρεῶν
2453 2770 2513 2822 τὸ
2550 2769 2750 2838 πλῆθος
2795 2769 2903 2822 τῶν
2944 2767 3272 2838 πνευμάτων
3320 2766 3648 2832 συναύξεται
3678 2768 3790 2838 (1),

2196 2865 2289 2916 καὶ
2331 2864 2482 2917 οὐδὲν
2532 2863 2770 2917 ἐνταῦθά
2820 2879 2905 2916 σοι
2952 2859 3180 2929 Πνεῦμα
3230 2861 3474 2930 εἰπεῖνῆ
3529 2862 3788 2932 χάρισμα

2195 2955 2444 3026 διαφέρει
2467 2973 2482 2986 ο
2514 2949 2573 3009 οὗ
2596 2955 2652 3008 δὲ
2695 2955 2916 3024 λέγεται
2965 2948 3103 3008 εἶναι
3131 2953 3194 3006 τὸ
3233 2951 3477 3023 Πνεῦμα,
3507 2952 3720 3006 ἐκεῖθεν
3747 2956 3786 3023 ἡ

2199 3048 2266 3116 σὴ
2313 3047 2600 3116 νομοθεσία
2656 3044 3024 3117 προέρχεσθαί
3052 3061 3112 3098 τε
3161 3045 3258 3098 καὶ
3306 3043 3640 3115 προάγεσθαι
3687 3061 3786 3096 κε-

2195 3139 2341 3192 λεύει
2363 3156 2377 3171 ’
2416 3140 2644 3192 ἕκαστον
2672 3139 2781 3209 ἄρα
2809 3140 2872 3191 σὺ
2900 3137 3010 3190 τῶν
3043 3136 3398 3208 χαρισμάτων
3423 3135 3455 3207 ἣ
3487 3136 3588 3189 τῶν
3614 3152 3787 3187 πνευ-

2202 3231 2386 3301 μάτων
2417 3231 2494 3291 είς
2525 3229 2620 3282 δύο
2650 3228 2834 3300 τεμὼν
2861 3227 2977 3283 ἀνθ’
3007 3228 3126 3292 ἐνὸς
3172 3227 3343 3280 πλείω
3372 3227 3618 3296 ποιήσεις
3638 3265 3654 3290 ,
3710 3227 3784 3280 ἵν’

2194 3317 2228 3393 ᾖ
2265 3322 2324 3372 τὸ
2363 3322 2460 3390 μὲν
2489 3319 2784 3390 χορηγοῦν,
2817 3319 2876 3371 τὺ
2902 3317 2960 3372 δὲ
2989 3318 3420 3390 χορηγούμενον,
3456 3317 3550 3371 καὶ
3582 3317 3642 3370 τὸ
3677 3319 3782 3387 μὲν

2197 3417 2459 3485 προάγον,
2493 3414 2554 3466 τὸ
2582 3413 2638 3467 δὲ
2669 3413 3066 3483 προαγόμενον,
3095 3413 3128 3483 ἡ
3160 3413 3342 3476 πίστις
3368 3412 3465 3465 καὶ
3493 3411 3528 3481 η
3561 3410 3787 3474 σύνεσις

2198 3505 2410 3558 σύνεσιν
2479 3503 2575 3558 καὶ⁸
2621 3504 2894 3572 αἴσθησιν,
2945 3504 3041 3558 καὶ
3091 3503 3256 3556 πόσον
3301 3503 3368 3556 άν
3412 3519 3494 3564 τις
3540 3519 3791 3556 καταναά

2195 3594 2564 3667 λώσηχρόνον
2592 3593 2684 3646 τὸν
2736 3594 2828 3646 σὺν
2862 3591 3212 3664 διερχόμενος
3256 3589 3457 3661 λῆρονι
3506 3589 3633 3662 [ξω.
3662 3593 3792 3645 Διό-

2196 3697 2300 3751 περ
2335 3681 2458 3734 οὐδέ
2494 3681 2571 3751 (Ξ)
2602 3679 2774 3734 ταῦτα
2803 3681 3049 3751 παριδεῖν
3077 3681 3287 3734 δίκαιον
3319 3679 3444 3752 (⁸5)].

2266 3842 2328 3907 ξ’.
2370 3842 2532 3896 Ἀλλὰ
2581 3843 2689 3912 γάρ
2736 3843 2832 3897 καὶ
2873 3842 3031 3898 τοῦτο
3080 3843 3205 3897 καθ’
3251 3845 3450 3914 ἑαυτῆς
3478 3846 3512 3916 ἡ
3568 3845 3787 3916 αἵρεσις

2197 3934 2455 4002 συνάγει’
2497 3934 2558 3987 τὸ
2611 3935 2712 4004 μὲν
2763 3934 3032 4001 πανάγιον
3066 3933 3294 4004 Πνεῦμα
3337 3935 3587 4004 διανεμεῖ
3619 3938 3785 4005 χαρίο

2196 4041 2376 4092 σματα
2447 4028 2560 4089 τοῖς
2627 4025 2797 4092 ἀξίοις
2827 4042 2844 4059 ⁶
2897 4025 3036 4097 αῦτη
3089 4026 3145 4080 δὲ
3195 4028 3408 4092 οὐδενὶ,
3461 4027 3538 4091 ώς
3581 4026 3785 4092 ἔοικεν,

2196 4117 2563 4187 ἀρεσκομένη,
2599 4117 2721 4170 ούδέ
2770 4119 2836 4189 τῇ
2864 4117 3054 4171 τούτου
3086 4117 3336 4188 διανομῇ,
3373 4119 3562 4189 τέμνει
3607 4116 3787 4174 ταῦτα

2195 4209 2290 4261 καὶ
2315 4209 2572 4262 λεπτύνει
2631 4210 2726 4264 καὶ
2760 4212 2840 4274 είς
2874 4211 3095 4274 πλειους
3147 4213 3342 4282 μοίρας
3392 4214 3783 4282 καταμερίζει,

2197 4299 2264 4354 ἶν’
2308 4300 2422 4371 ἔχοι
2468 4303 2594 4366 τοὺς
2627 4303 2764 4373 αὐτῇ
2808 4303 3165 4374 πειθομένους
3217 4305 3616 4375 φιλοτιμεῖσθαι
3660 4307 3786 4368 ταῖς

2194 4393 2424 4464 δωρεαῖς
2452 4393 2542 4445 ἐπὶ
2573 4394 2775 4464 μᾶλλόν
2803 4411 2863 4447 τε
2899 4399 2993 4448 καὶ
3044 4395 3456 4465 δαψιλέστερον·
3491 4399 3585 4450 καὶ
3615 4397 3782 4465 γέγοο

2196 4501 2285 4538 νεν
2310 4486 2493 4547 αὐτοῖς
2522 4487 2554 4555 ἠ
2586 4486 2684 4556 τῆς
2723 4486 2962 4550 διανοίας
3004 4488 3216 4557 ταραχὴ
3248 4489 3342 4541 καὶ
3379 4490 3640 4558 σὲγχυσις
3684 4488 3784 4558 τὴν

2194 4576 2304 4630 τῶν
2337 4578 2680 4647 πραγμάτων
2714 4578 2877 4648 φύσιν
2909 4581 3003 4633 καὶ
3043 4579 3198 4646 τάξιν
3223 4584 3302 4642 εἰς
3342 4581 3658 4651 ἀνατροπὴν
3688 4582 3785 4634 καὶ

2195 4668 2412 4740 φυρμὸν
2462 4672 2897 4741 περιτρέπουσα,
2929 4672 3027 4725 καὶ
3062 4675 3096 4744 ἡ
3150 4673 3341 4744 πρώτη
3379 4673 3656 4744 καταϐολὴ
3688 4672 3781 4726 τοῦ

2193 4760 2605 4832 δυσσεϐήματος
2661 4763 2862 4834 μυρίας
2911 4765 3152 4834 αἱρέσεις
3180 4767 3569 4818 ἀποτίκτουτα.
3621 4766 3782 4820 Ἀλλά

2193 4853 2304 4924 γάρ
2336 4856 2385 4906 εἰ
2433 4854 2531 4907 καὶ
2574 4855 2946 4926 ἀποχρώντως
2977 4858 3089 4927 ἔχει
3119 4857 3295 4908 ταῦτα
3327 4857 3531 4908 πείθειν
3559 4875 3618 4910 τε
3653 4860 3782 4920 τοὺς

2197 4949 2273 5016 μὴ
2315 4947 2596 5011 παντελῶς
2631 4950 2710 5012 είς
2750 4949 3006 5003 ἀσέϐειαν
3055 4949 3471 5020 ἀποϐεϐηκότας
3523 4950 3620 5003 καὶ
3656 4950 3780 5012 τοὺς

2194 5037 2575 5107 ἀναισχυντεῖν
2622 5039 2915 5110 ἑλομένους
2963 5040 3262 5112 διελέγχειν
3317 5043 3410 5095 καὶ
3459 5044 3587 5107 τοὺς
3619 5043 3782 5096 δεισιο

2193 5127 2472 5199 δαιμονεῖν
2500 5131 2879 5194 ἐπικλιθέντας
2913 5133 3374 5201 ἐπανορθοῦσθαι,
3403 5134 3518 5186 ἀλλ’
3540 5134 3633 5187 οὖν
3659 5135 3778 5188 οὑδέ

2193 5217 2264 5271 τά
2299 5219 2556 5274 λείποντα
2584 5221 3020 5292 παραλείψομεν.
3057 5221 3251 5285 ’Ἄλλος
3280 5224 3380 5292 μὲν
3415 5224 3521 5296 γάρ
3551 5224 3661 5276 τῶν
3694 5239 3780 5275 vo-

2197 5309 2436 5364 σούντων
2495 5312 2660 5381 ἐτέρᾳ
2715 5311 3005 5382 θεραπεία,
3041 5312 3226 5382 ἕτερος
3278 5314 3334 5365 δὲ
3387 5313 3454 5364 δι’
3504 5314 3697 5384 ἐτέρας
3744 5313 3775 5381 ἢ

2197 5405 2607 5458 ἀπαλλάσσεται
2658 5405 2753 5457 τοῦ
2807 5408 3200 5478 νοσήματο;,ἦ
3261 5407 3400 5459 ἑκὼν
3445 5406 3777 5476 διελέγχεται

2195 5497 2289 5550 καὶ
2323 5497 2411 5550 διὰ
2446 5497 2749 5567 μοχθηρίαν
2779 5500 3005 5568 γνώμης
3050 5498 3110 5552 τὸ
3140 5499 3355 5551 ἀνίατον
3388 5498 3775 5568 ὑφιστάμενος.

2192 5697 2200 5704 ’
2272 5699 2348 5767 (5)
2381 5696 2436 5751 In
2460 5697 2602 5753 Mon.
2646 5700 2767 5753 cod.
2805 5698 2956 5752 fJGl
2989 5699 3042 5756 b.
3077 5715 3200 5768 cap.
3238 5697 3339 5756 λϐ.
3385 5697 3440 5751 1η
3518 5697 3773 5751 Laurent.

2199 5770 2352 5822 uncis
2394 5770 2602 5823 inclusa
2635 5786 2834 5824 omissa
2879 5783 3030 5824 sunt.
