4042 6392
264 406 377 471 805

827 518 931 571 AN
936 517 1155 571 TIPPH
1158 515 1225 568 ΣΙ
1227 516 1273 567 Σ
1276 554 1291 569 .

337 632 469 691 κε’.
504 632 566 690 El
600 632 697 703 μὲν
742 632 822 694 εἰς
866 630 998 698 μίαν
1032 629 1127 684 καὶ
1168 628 1270 700 τὴν
1315 625 1487 695 αὐτὴν
1514 621 1854 693 λαμϐάνεται

256 730 478 784 ἔννοιαν
507 725 566 779 τὸ
603 723 701 778 τοῦ
752 722 1071 794 Πνεύματος
1104 721 1297 790 ὄνομα,
1326 717 1423 771 καὶ
1466 717 1594 769 ὅταν
1629 711 1855 783 Πνεῦμα

255 820 399 875 Υἱοῦ
427 820 658 889 λέγηται
687 816 782 869 καὶ
810 816 939 870 ὅταν
969 811 1192 882 Πνεῦμα
1219 809 1487 871 συνέσεως
1512 807 1606 859 καὶ
1631 804 1856 874 Πνεῦμα

252 912 518 983 γνώσεως
554 910 650 964 καὶ
695 907 921 978 Πνεῦμα
958 904 1183 976 ἀγάπης
1220 903 1314 957 καί⁵
1347 901 1456 955 τῶν
1492 898 1666 954 ἄλλων
1701 915 1857 969 χαρι-

257 1006 489 1076 σμάτων
539 1000 777 1073 καλῆται
825 1000 885 1054 τὸ
941 999 1194 1068 Πνεῦμα,
1243 993 1558 1062 συλλογίζου
1590 991 1687 1046 καὶ
1736 990 1854 1076 eos

254 1075 387 1151 νοῦν
430 1095 574 1167 ἔχειν
612 1092 851 1162 Χριστοῦ
888 1090 1284 1163 βρενθυόμενος
1318 1087 1394 1158 (l)
1435 1086 1685 1155 ἀνάγκην
1714 1075 1853 1138 εἶναι

252 1205 386 1242 τινα
439 1189 568 1249 τοὺς
622 1184 881 1254 λέγοντας
929 1184 992 1237 τὸ
1030 1184 1257 1254 Πνεῦμα
1304 1177 1704 1261 ἐκπορεύεσθαι
1753 1176 1852 1230 τοῦ

257 1281 417 1346 Υἱοῦ,
442 1280 576 1334 διότι
604 1278 699 1332 τοῦ
720 1278 852 1332 Υἱοῦ
882 1278 1120 1346 λέγεται,
1152 1278 1333 1346 λέγειν
1357 1275 1453 1329 καὶ
1484 1274 1550 1327 ὲκ
1567 1271 1668 1340 τῆς
1694 1271 1846 1325 συνέ-

259 1389 402 1435 σεως
433 1372 528 1426 καὶ
586 1373 686 1442 τῆς
734 1370 842 1423 τῶν
874 1368 1230 1441 χαρισμάτων
1287 1366 1550 1437 διανομῆς
1601 1364 1695 1419 καὶ
1745 1362 1852 1416 τῶν

257 1463 445 1518 ἄλλων
488 1462 783 1532 ἐνεργειῶν
812 1461 907 1515 καὶ
949 1460 1234 1530 δυνάμεων
1267 1458 1401 1514 αὐτὸ
1428 1454 1848 1527 ἐκπορεύεσθαι.

257 1553 324 1606 El
354 1553 399 1607 δ’
427 1555 462 1624 ἠ
504 1552 614 1606 τῶν
658 1552 941 1623 ὀνομάτων
984 1552 1218 1623 διαφορὰ
1264 1553 1358 1605 τὸν
1409 1545 1648 1602 τοιοῦτον
1682 1563 1852 1600 κατα·

262 1645 403 1699 σείει
442 1645 824 1714 συλλογισμὸν,
869 1644 1070 1715 μᾶλλον
1105 1645 1162 1697 δὲ
1208 1641 1644 1714 παραλογισμδν,
1676 1639 1764 1693 διὰ
1797 1638 1851 1693 τί

259 1740 380 1801 τοῖς
411 1738 573 1800 θείοις
603 1737 910 1804 ἀντιλέγεις
951 1736 1250 1808 Πατράσιν,
1281 1735 1438 1805 οἵπερ
1471 1734 1560 1787 διὰ
1592 1732 1687 1787 τοῦ
1717 1730 1847 1785 Υῐοῦ

265 1844 331 1881 τε
362 1827 460 1881 καὶ
502 1829 565 1881 ὲκ
592 1827 686 1882 τοῦ
732 1827 863 1881 Υἱοῦ
897 1823 1036 1882 εἶναι
1073 1827 1133 1881 τὸ
1178 1827 1402 1897 Πνεῦμα
1455 1827 1735 1896 εἰρήκασι,
1762 1823 1850 1877 διὰ

267 1918 333 1972 τὸ
372 1920 519 1989 παρὰ
559 1920 633 1990 τῷ
687 1920 1209 1991 ἀποστόλῳθῐιαύλῳ
1254 1918 1479 1989 Πνεῦμα
1531 1917 1663 1971 Υἱοῦ
1719 1916 1851 1970 αὐτὸ

261 2010 520 2078 λέγεσθαι
543 2028 559 2078 ;
591 2013 688 2065 καὶ
712 2013 801 2066 ῖνα
822 2012 961 2081 τάχα
986 2011 1062 2082 μὴ
1094 2011 1172 2075 εἷς
1202 2011 1413 2081 μακρὸν
1438 2010 1734 2081 ἀναρτησω
1759 2008 1851 2062 τὸν

258 2098 489 2168 ἔλεγχον
538 2099 636 2153 τοῦ
686 2100 934 2153 ἐντεῦθεν
972 2101 1327 2169 σοφίσματος,
1371 2098 1532 2165 ὀλίγα
1581 2098 1706 2178 τινὰ
1740 2096 1851 2150 τῖύν

256 2191 357 2244 τοῦ
385 2192 833 2263 χρυσορρἡονος
853 2194 1118 2263 ῥημάτων
1144 2191 1513 2262 προϐήσομαι,
1544 2190 1690 2260 ἅπερ
1714 2191 1853 2243 ἐκεῖ·

262 2299 356 2346 νος
378 2284 458 2345 εις
486 2282 727 2353 δήλωσιν
760 2285 984 2353 εἴρηκεν
1007 2283 1110 2352 τῆς
1139 2283 1404 2352 διαφορᾶς
1431 2281 1540 2334 τῶν
1567 2281 1852 2351 ὀνομάτων
1923 2326 1941 2347 ,

254 2373 358 2427 τοῦ
389 2375 734 2444 Πνεῦματος,
762 2372 958 2427 ὁπόθεν
985 2374 1046 2427 τὸ
1072 2374 1316 2442 σόφισμα
1345 2372 1712 2426 διασέσεισται
1737 2372 1852 2435 τοῖς

258 2461 613 2533 βουλομένοις
662 2462 1075 2533 συλλογίζεσθαι
1125 2465 1235 2517 κάκ
1278 2461 1386 2516 τῶν
1428 2463 1648 2516 οἰκείων
1694 2480 1853 2534 χαρι-

256 2554 488 2621 σμάτων
538 2553 602 2607 τὸ
647 2553 873 2624 Πνεῦμα
929 2553 1294 2624 προάγεσθαι,
1344 2553 1394 2607 ει
1450 2554 1516 2606 ἐκ
1568 2553 1662 2607 τοῦ
1719 2553 1850 2608 Υῑοῦ

253 2642 538 2712 προῆκται
577 2644 710 2696 αὐτὸ
753 2643 829 2707 ὡς
857 2643 1082 2714 Πνεῦμα
1121 2643 1253 2696 Υἱοῦ
1281 2659 1295 2673 ·
1328 2644 1387 2696 έν
1429 2636 1474 2711 ᾦ
1500 2643 1609 2713 γὰρ
1644 2646 1851 2709 ἐκεῖνος

253 2733 393 2802 περὶ
432 2731 528 2786 τοῦ
593 2731 862 2800 παναγίου
908 2731 1227 2802 Πνεύματος
1282 2732 1659 2802 συνεγράψατο
1707 2731 1852 2801 λόγῳ

253 2820 436 2886 οὕτως
464 2822 560 2876 ἐπὶ
599 2822 800 2889 λέξεων
850 2822 991 2893 ἔφη·
1029 2822 1105 2877 Τὸ
1138 2821 1384 2891 Πνεῦμα
1428 2822 1495 2875 τὸ
1531 2806 1707 2892 ἅγιον
1736 2822 1853 2890 τὴν

250 2912 376 2983 μὲν
407 2913 603 2982 φύσιν
636 2912 814 2967 ἐστὶν
840 2914 1202 2982 ἀδιαίρετον,
1232 2913 1336 2968 ἅτε
1361 2912 1430 2966 δὲ
1452 2913 1564 2982 τῆς
1594 2913 1852 2980 ἀδιαιρέ-

253 3020 371 3058 του
401 3004 501 3056 καὶ
531 3004 859 3073 ἀμερίστου
878 3005 1121 3073 φύσεως
1163 3004 1483 3072 προελθόν.
1523 3005 1743 3073 Ὄνομα
1782 3002 1852 3056 δὲ

252 3096 451 3151 αὐτοῦ
488 3097 730 3166 Πνεῦμα
767 3096 961 3168 ἅγιον,
992 3096 1236 3166 Πνεῦμα
1262 3097 1572 3164 ἀληθείας,
1605 3096 1851 3167 Πνεῦμα

1038 396 1487 491 ,ΒΕΕΗΤΑΤΙΟ
1527 394 1904 458 ΡΗΟΤΙΑΝΙ
1945 392 2162 455 LIBRI
2206 392 2303 453 DE
2348 393 2663 455 SPIBITU
2703 392 2766 453 S.

1880 512 1933 569 Α

251 3185 369 3238 τοῦ
409 3185 579 3251 Θεοῦ,
617 3178 864 3255 Πνεῦμα
891 3186 1133 3254 Κυρίου,
1179 3185 1421 3254 Πνεῦμα
1459 3185 1567 3239 τοῦ
1594 3186 1849 3255 Πατρὸς,
1881 3217 1926 3280 c

250 3277 506 3348 Πνεῦμα
559 3278 670 3332 τοῦ
731 3278 890 3344 Υίοῦ,
949 3277 1195 3347 Πνεῦμα
1234 3277 1493 3345 Χριστοῦ
1513 3276 1612 3349 (‘2).
1651 3277 1843 3332 Ταῦτα

248 3369 353 3423 τὰν
378 3369 642 3438 ὀνόματα
686 3367 800 3437 τῆς
843 3369 1018 3438 ἁγίας
1057 3367 1156 3421 καὶ
1188 3366 1496 3438 ἁχράντου
1543 3367 1857 3437 δυνάμεως

246 3460 367 3516 τοῦ
403 3462 575 3530 ἁγίου
598 3460 733 3514 ἐστὶ
770 3461 870 3514 καὶ
899 3460 1330 3529 προσκυνητοῦ
1367 3461 1722 3531 Πνεύματος
1756 3460 1859 3531 (3).

253 3551 437 3606 Ἔστι
461 3552 530 3604 δὲ
567 3553 731 3606 ἄλλα
769 3553 1057 3622 ὀνόματα,
1098 3549 1136 3606 d
1169 3554 1242 3605 οὐ
1285 3549 1735 3621 προσγράφεται
1777 3549 1860 3615 τῷ

244 3644 408 3715 ἁγίῳ
457 3645 783 3719 Πνεύματι,
837 3645 999 3699 ἀλλὰ
1041 3642 1115 3711 τῇ
1160 3642 1412 3712 δυνάμει
1462 3643 1562 3697 καὶ
1591 3644 1862 3713 ἐνεργείᾳ

243 3734 469 3800 αὑτοῦ,
500 3732 631 3789 οἷον
653 3742 711 3791 αἱ
750 3736 960 3805 δωρεαὶ
993 3734 1182 3789 αὐτοῦ
1205 3754 1216 3765 ’
1246 3738 1402 3804 λέγω
1425 3735 1493 3787 δὲ
1521 3735 1619 3791 καὶ
1658 3749 1849 3803 προσ-

243 3828 666 3898 διασαφηνίζω
691 3829 807 3893 τὴν
840 3830 1090 3883 ἔννοιαν
1117 3830 1216 3883 καὶ
1252 3827 1454 3896 ἐπάγω
1485 3827 1600 3894 τὴν
1625 3843 1853 3894 μαρτυ-

235 3924 400 3991 ρίαν
424 3923 501 3991 (4)
524 3937 538 3953 ’
573 3923 684 3976 ἐὰν
715 3921 799 3988 δῷ
827 3923 893 3977 τὸ
916 3922 1160 3990 Πνεῦμα
1185 3923 1252 3974 τὸ
1283 3919 1455 3990 ἅγιον
1480 3918 1709 3999 δωρεάν
1733 3936 1851 3972 τινι

240 4018 338 4088 μὴ
380 4016 585 4086 ἔχοντι
625 4017 875 4085 σοφίαν,
923 4014 1009 4084 μὴ
1052 4015 1257 4083 ἔχοντι
1293 4012 1545 4083 γνῶσιν,
1571 4011 1733 4066 ἀλλὰ
1766 4009 1850 4076 δῷ

245 4104 418 4171 αὐτῷ
442 4108 646 4175 μόνην
680 4110 892 4159 πίστιν
923 4104 1026 4175 (5),
1062 4103 1334 4157 καλεῖται
1367 4101 1558 4170 δωρεὰ
1597 4100 1726 4154 ἐκεῖ
1750 4100 1852 4153 καὶ

249 4196 503 4268 Πνεῦμα
550 4199 813 4261 πίστεως
837 4213 851 4227 ’
882 4195 993 4249 ἐάν
1033 4212 1127 4261 τις
1170 4194 1326 4264 λάϐῃ
1364 4193 1586 4265 σοφίας
1629 4191 1845 4260 δῶρον,

249 4293 528 4347 καλεῖται
553 4293 591 4361 ἠ
628 4291 817 4360 δωρεά
855 4289 1099 4360 Πνεῦμα
1134 4290 1358 4359 σοφίας
1391 4288 1493 4361 (6).
1527 4287 1709 4342 Ὅταν
1753 4305 1847 4355 τις

250 4386 368 4456 ἔχῃ
401 4385 666 4455 χάρισμα
694 4385 953 4453 ἀγάπης,
980 4383 1239 4454 λέγεται,
1289 4382 1381 4437 ὅτι
1404 4380 1651 4451 Πνεῦμα
1694 4380 1844 4451 ἁγά-

249 4494 376 4546 πης
400 4476 432 4530 ἔ
435 4494 528 4546 χει
558 4476 656 4549 (7).
687 4477 796 4531 Kal
831 4475 1030 4530 πάντα
1051 4475 1122 4530 τὰ
1146 4476 1489 4546 χαρίσματα
1515 4474 1620 4530 τοῦ
1647 4475 1840 4529 Πνεύ-

2524 500 2966 559 REFUTATIO.
3656 499 3669 509 ’

2029 614 2199 671 XXV.
2236 614 2292 671 Si
2323 616 2376 670 in
2413 632 2579 671 unum
2617 616 2983 686 euntdemque
3017 629 3241 671 sensum
3271 615 3546 687 accipitur

1956 701 2156 761 nomen
2187 705 2444 776 Spiritus,
2475 715 2590 761 tum
2618 707 2842 778 qnando
2886 706 3125 777 Spiritus
3163 705 3289 762 Filii
3322 707 3548 776 dicitur,

1956 810 2073 855 tum
2113 799 2332 871 quando
2354 798 2594 870 Spiritus
2625 801 2995 872 intelligentiae
3026 810 3079 856 et
3101 799 3341 870 Spiritus
3374 801 3556 856 scien-

1955 893 2046 948 tia:
2079 903 2133 948 et
2159 892 2398 963 Spiritus
2427 893 2742 949 dilectionis
2774 893 3118 965 aliorumque
3143 895 3539 949 charismatum

1955 985 2268 1056 appellatur
2296 1025 2312 1051 ,
2358 985 2692 1041 ratiocinare
2738 995 2793 1041 et
2821 995 2909 1053 tu,
2942 988 3034 1057 qui
3079 1003 3302 1042 sensum
3336 986 3555 1042 Christi

1961 1068 2164 1136 habere
2210 1079 2498 1151 gloriaris,
2531 1095 2759 1136 necesse
2793 1082 3031 1152 quodam
3082 1083 3247 1136 modo
3274 1098 3401 1137 esse
3424 1123 3438 1147 ,
3492 1090 3558 1137 ut

1954 1171 2048 1242 qui
2076 1172 2264 1226 dicunt
2288 1170 2553 1240 Spiritum
2578 1187 2642 1226 ex
2668 1168 2825 1236 Filio,
2846 1171 2975 1242 quia
2998 1170 3121 1226 Filii
3150 1173 3369 1240 dicitur,
3389 1173 3559 1227 etiam

1952 1277 2020 1318 ex
2056 1263 2414 1334 intelligentia
2458 1272 2513 1319 et
2571 1278 2639 1318 ex
2669 1263 2942 1318 donorum
2988 1264 3373 1321 distributione
3403 1277 3458 1321 et
3490 1283 3558 1323 ex

1952 1356 2166 1410 caeteris
2225 1354 2632 1426 operationibus
2681 1365 2737 1412 et
2778 1357 3071 1412 virtutibus
3111 1358 3368 1412 eumdem
3428 1362 3552 1413 esse

1952 1444 2248 1501 aliirment.
2308 1445 2367 1501 Si
2400 1462 2533 1503 vero
2592 1450 2879 1503 nominum
2927 1448 3232 1505 differentia
3288 1449 3560 1519 ejusmodi

1951 1539 2297 1594 ratiocinium
2349 1540 2539 1595 evertit
2586 1581 2604 1607 ,
2668 1543 2779 1596 imo
2838 1543 3010 1610 magis
3079 1541 3506 1612 paralogismum
3544 1584 3557 1606 ,

1952 1645 2115 1700 quam
2171 1630 2241 1684 ob
2271 1645 2495 1686 causam
2548 1632 2686 1685 divis
2735 1633 3071 1688 contradicis
3125 1631 3427 1695 Patribus.
3463 1627 3558 1701 qui

1952 1735 2046 1790 per
2072 1718 2270 1774 Filium
2300 1731 2354 1776 et
2380 1736 2445 1777 ex
2473 1721 2615 1777 Filio
2648 1722 2912 1793 Spiritum
2946 1739 3069 1781 esse
3093 1724 3353 1780 dixerunt
3384 1763 3399 1787 ,
3427 1726 3559 1795 quia

1953 1811 2095 1879 apud
2145 1811 2375 1866 Paulum
2445 1815 2756 1884 apostolum
2806 1814 3050 1885 Spiritus
3105 1814 3232 1870 Filii
3287 1816 3560 1871 vocatur?

1963 1899 2032 1956 Et
2071 1916 2140 1956 ne
2191 1901 2400 1957 diutius
2441 1903 2496 1957 in
2546 1904 2845 1960 refellendo
2891 1907 3167 1976 ejusmodi
3220 1906 3562 1976 sOphisma‘.e

1961 1995 2242 2062 immorer,
2276 2011 2449 2065 pauca
2483 1997 2729 2066 quaedam
2760 1999 3035 2068 proferam
3085 1990 3560 2071 ex'Chrysostomi

1962 2085 2187 2152 verbis,
2223 2102 2348 2154 quas
2406 2087 2500 2142 ille
2558 2089 2786 2158 pratulit
2827 2088 2894 2143 ad
2947 2090 3344 2145 ostendendam
3379 2089 3560 2144 nomi-

1962 2192 2095 2231 num
2150 2176 2397 2247 Spiritus
2447 2178 2838 2247 differentiam,
2870 2184 3016 2236 nnde
3066 2181 3348 2252 sophisma
3396 2183 3560 2253 plane

1963 2282 2223 2324 eversum
2253 2277 2308 2323 et
2331 2269 2607 2325 sublatum
2640 2282 2724 2327 est
2756 2272 2824 2327 iis
2855 2274 2948 2342 qui
2981 2273 3316 2330 concludere
3341 2275 3557 2340 volunt,

1965 2362 2130 2415 etiam
2170 2378 2236 2417 ex
2272 2365 2515 2434 propriis
2567 2365 2688 2420 suis
2715 2365 2877 2422 donis
2921 2367 3187 2436 Spititum
3241 2370 3557 2438 procedere.

1961 2455 2075 2510 εἰπε
2113 2452 2257 2511 Filio
2280 2456 2357 2511 sit
2389 2457 2696 2526 productus
2721 2460 3034 2516 censendus
3066 2470 3123 2515 ut
3156 2472 3283 2532 pote
3314 2452 3559 2533 Spiritus

1965 2540 2091 2597 Filii
2123 2560 2139 2597 :
2173 2543 2271 2598 llle
2301 2546 2447 2599 enim
2501 2546 2643 2601 libro
2666 2586 2681 2612 ,
2730 2563 2893 2615 quem
2942 2548 3008 2602 de
3039 2549 3395 2607 sanctissimo
3427 2551 3557 2622 Spi-

1957 2635 2068 2689 ritu
2118 2637 2494 2707 conscripsit.
2549 2638 2636 2694 his
2703 2640 2842 2709 ipsis
2890 2641 3074 2697 verbis
3130 2643 3200 2696 ita
3263 2644 3558 2714 loquitur:

1959 2725 2192 2796 Spiritus
2249 2738 2467 2783 sanctus
2527 2732 2703 2800 quoad
2748 2742 3000 2786 naturam
3030 2745 3110 2788 est
3154 2735 3555 2804 inseparabilis,

1963 2825 2146 2886 utpote
2212 2833 2276 2871 ea:
2336 2819 2686 2887 inseparabili
2746 2829 2795 2874 et
2829 2822 3143 2879 indivisibili
3200 2836 3396 2880 natura
3429 2844 3557 2897 pro-

1958 2923 2171 2978 gressus
2195 2923 2217 2974 ;
2249 2926 2439 2964 nomen
2474 2928 2594 2965 vero
2626 2911 2740 2979 eius
2775 2910 3016 2982 Spiritus
3045 2928 3286 2979 sanctus.
3320 2918 3556 2990 Spiritus

1958 3002 2198 3056 veritatis
2221 3043 2236 3065 ,
2268 3000 2503 3070 Spiritus
2540 3003 2675 3070 Dei,
2715 3002 2950 3075 Spiritus
3013 3007 3262 3075 Domini,
3317 3010 3559 3081 Spiritus

1959 3089 2172 3159 Patris,
2225 3090 2465 3163 Spiritus
2523 3092 2675 3161 Filii,
2716 3093 2950 3164 Spiritus
2990 3098 3213 3156 Christi.
3268 3100 3400 3157 Han:
3431 3113 3556 3158 sunt

1960 3186 2180 3237 nomina
2220 3196 2422 3240 sancta:
2459 3193 2511 3238 et
2550 3188 2858 3256 purissima:
2897 3190 3110 3244 virtutis
3140 3195 3316 3247 sancti
3346 3203 3395 3246 et
3424 3196 3556 3249 ado-

1959 3275 2122 3328 randi
2190 3274 2448 3343 Spiritus.
2513 3276 2649 3331 Sunt
2703 3287 2751 3333 et
2802 3280 2918 3333 alia
2977 3284 3216 3347 nomina,
3265 3301 3384 3355 qute
3448 3303 3554 3341 non

1958 3368 2306 3421 ascribuntur
2341 3367 2571 3436 Spiritui
2624 3382 2834 3436 sancto,
2865 3376 2956 3427 sed
2991 3375 3177 3429 virtuti
3217 3377 3362 3431 illius
3397 3388 3553 3449 atque

1957 3459 2274 3527 operationi,
2309 3470 2364 3513 ut
2396 3472 2518 3515 sunt
2552 3463 2692 3517 dona
2732 3465 2872 3533 ejus.
2914 3466 3042 3520 Dico
3085 3484 3206 3521 vero
3237 3478 3285 3522 et
3338 3470 3555 3539 insuper

1957 3552 2171 3605 declare
2222 3557 2536 3608 sententiam
2566 3595 2581 3619 ,
2646 3567 2831 3623 postea
2889 3561 3247 3615 testimonium
3292 3565 3550 3618 snbindu-

1958 3651 2165 3698 cturus.
2226 3643 2289 3699 Si
2345 3648 2437 3701 dat
2501 3644 2737 3713 Spiritus
2786 3661 3004 3705 sanctus
3068 3655 3302 3722 cuipiam
3350 3656 3549 3711 donum

1961 3748 2064 3786 non
2094 3733 2309 3786 habenti
2345 3737 2689 3804 sapientiam.
2734 3742 3093 3808 nonnabenti
3122 3746 3425 3810 scientiam,
3459 3750 3552 3801 sed

1957 3825 2051 3877 dat
2085 3824 2188 3892 ipsi
2224 3826 2397 3879 solam
2427 3826 2612 3894 fidem,
2644 3828 2781 3881 illud
2818 3833 3018 3884 donum
3058 3843 3282 3888 vocatur
3331 3846 3380 3889 et
3423 3837 3548 3907 Spi-

1958 3917 2096 3971 ritus
2125 3917 2271 3985 fidei.
2303 3917 2365 3994 Si
2396 3921 2516 3988 quis
2548 3920 2744 3990 accipit
2786 3924 3067 3993 sapientia:
3096 3931 3317 3993 donum,
3353 3929 3550 3983 donum

1956 4008 2093 4062 illud
2157 4023 2381 4064 vocatur
2440 4009 2673 4078 Spiritus
2729 4016 3031 4085 sapientia.
3101 4018 3163 4073 Si
3223 4026 3339 4091 quis
3395 4022 3552 4077 habet

1958 4098 2158 4152 donum
2198 4098 2501 4153 dilectionis
2529 4140 2544 4164 ,
2585 4101 2786 4156 dicitur
2844 4104 3038 4160 habere
3092 4104 3353 4176 Spiritum
3407 4111 3549 4165 dile-

1960 4193 2180 4247 ctionis.
2209 4195 2278 4246 Et
2313 4193 2494 4246 omnia
2526 4195 2667 4248 dona
2705 4194 2940 4264 Spiritus
2973 4200 3144 4253 sancti
3176 4214 3553 4270 nunru,,antur

1955 4283 2212 4355 Spiritus.
2257 4282 2523 4349 Quoniam
2563 4286 2618 4339 id
2672 4290 2811 4356 quod
2858 4289 3095 4345 donatur
3147 4293 3377 4364 Spiritus
3421 4313 3549 4350 sun-

1951 4389 2067 4433 ctns
2124 4387 2243 4442 est,
2301 4388 2519 4431 vocatur
2563 4388 2614 4430 et
2677 4380 2934 4436 donatum
2991 4386 3229 4454 Spiritus
3301 4402 3542 4453 sanctus,
3604 4398 3608 4406 '

1949 4484 1998 4527 et
2029 4473 2225 4526 donum
2255 4471 2438 4526 eodem
2472 4473 2681 4526 nomine
2717 4486 2958 4543 vocatur,
2997 4496 3100 4546 qno
3140 4481 3388 4538 donator.

241 4587 442 4647 ματος
468 4571 739 4626 καλεῖται
789 4571 1034 4640 Πνεῦμα
1065 4571 1142 4641 (8)
1170 4587 1183 4601 ·
1217 4569 1428 4639 ἐπειδὴ
1468 4569 1580 4641 γὰρ
1648 4571 1714 4624 τὸ
1760 4566 2147 4637 δωρούμενον
2174 4568 2239 4622 τὸ
2311 4566 2558 4635 Πνεῦμα
2623 4568 2688 4621 τὸ
2723 4569 2896 4641 ἅγιόν
2960 4574 3114 4642 ἐστι,
3155 4577 3423 4632 καλεῖται
3446 4583 3548 4636 καὶ

246 4665 321 4719 τὸ
370 4664 756 4733 δωρούμενον
792 4663 1039 4732 Πνεῦμα
1090 4662 1282 4732 ἄτιον,
1337 4663 1609 4718 καλεῖται
1647 4660 1745 4717 καὶ
1777 4662 1845 4715 τὸ
1887 4657 2080 4732 δῶρον
2105 4662 2431 4730 ὁμωνύμως
2456 4658 2535 4725 τῷ
2564 4661 2865 4730 χαρίζοντι
2897 4666 2996 4738 (9).

323 4758 485 4843 Οῦτω
515 4758 598 4810 σοὶ
620 4757 811 4827 σαφῶς
835 4756 1009 4810 ταῦτα
1034 4755 1128 4809 τοῦ
1160 4758 1605 4828 χρυσορρήμονος
1634 4757 1845 4828 Πατρός

2026 4760 2162 4816 Cum
2201 4760 2317 4815 haec
2344 4762 2529 4832 itaque
2586 4762 2677 4816 tali
2713 4771 2873 4832 pacto
2924 4778 3148 4822 sanctus
3181 4766 3340 4823 Pater
3371 4767 3547 4843 Chry-

244 4840 704 4922 διηυὶιρινηκότος
754 4850 849 4903 καὶ
911 4847 1381 4919 παραδεδωκότος,
1436 4848 1513 4921 πῆ
1546 4851 1645 4920 μὲν
1695 4849 1845 4903 ἔστιν

246 4943 488 4995 ἀκοῦσαι
516 4940 578 4994 τὸ
603 4939 697 4994 τοῦ
753 4937 1070 5008 Πνεύματος
1113 4938 1286 5008 ὄνομα
1316 4939 1410 4990 καὶ
1437 4939 1630 5009 νοῆσαι
1666 4932 1846 4994 ἀὑτὸν

248 5036 344 5089 τὸν
386 5032 747 5104 Παρακλητον
775 5030 868 5085 καὶ
900 5029 1142 5082 συνιέναι
1178 5030 1307 5101 περὶ
1333 5030 1505 5100 αὐτῆς
1543 5032 1640 5101 τῆς
1678 5029 1844 5085 αὑτοῦ

249 5128 473 5199 φύσεως
531 5125 784 5197 εἰρῆσθαι
830 5123 890 5175 τὸ
938 5124 1131 5192 δνομα,
1165 5122 1243 5193 πῆ
1299 5123 1635 5176 δὲηάκοῦσαι
1684 5123 1849 5177 πάλιν

246 5220 429 5288 ὄνομα
459 5217 776 5287 Πκύματος
817 5214 914 5268 καὶ
943 5215 1135 5283 νοῆσαι
1166 5214 1327 5286 χάριν
1357 5215 1479 5268 τινὰ
1507 5212 1846 5284 δηλουμένην

326 5402 402 5471 (ί)
438 5399 575 5471 (10d.
623 5399 1050 5471 μρευθυόμενος.

325 5465 403 5541 (2)
446 5470 573 5526 Haec
623 5465 821 5523 eadem
869 5465 1084 5538 profert
1129 5465 1561 5541 BeccnsEpigr.
1592 5465 1840 5541 Vlll_Gr.

243 5537 395 5598 ort'b.
442 5543 482 5595 ll
518 5560 572 5610 p.
604 5541 819 5605 597,de
843 5553 998 5610 proc.
1031 5542 1124 5609 Sp.
1160 5538 1218 5593 S.
1255 5555 1303 5594 c.
1336 5537 1504 5606 11,ιι.
1537 5538 1590 5595 2.
1620 5537 1771 5594 6.0.
1799 5541 1841 5595 ι.

241 5629 303 5684 p.
341 5611 605 5684 3191520.
1551 5682 1560 5684 _
1667 5664 1673 5670 .

320 5684 401 5753 (ὃ)
460 5681 589 5737 Haec
645 5684 834 5738 eadem
868 5693 1187 5753 sequuntur
1235 5679 1483 5753 pluribus
1549 5682 1848 5750 interiectis

241 5753 289 5809 1.
320 5752 549 5824 c.'apnd
578 5755 808 5811 Beccnm
836 5752 874 5807 ll
911 5768 966 5821 ι).
994 5754 1119 5808 598.
1154 5754 1262 5822 l.‘p.
1299 5752 1423 5806 520.

327 5825 407 5890 (4)
440 5821 654 5881 ibidem
709 5834 833 5896 post
887 5826 991 5878 alia
1036 5824 1079 5877 ll
1120 5839 1175 5895 p.
1212 5821 1343 5878 7599.
1399 5824 1416 5875 l
1468 5839 1517 5895 p.
1568 5822 1692 5877 520.
1722 5821 1850 5877 Post

1956 4861 2233 4906 sostomus
2282 4852 2378 4907 tibi
2422 4852 2739 4910 distinxerit
2784 4866 2839 4910 et
2882 4857 3211 4926 tradiderit,
3248 4863 3548 4932 aliquando

1958 4944 2183 5013 quidem
2219 4952 2305 4997 est
2356 4947 2553 5001 audire
2610 4946 2853 5016 Spiritus
2901 4963 3101 5005 nomen
3130 4963 3187 5006 et
3238 4954 3546 5025 intelligere

1956 5033 2137 5103 ipsum
2189 5032 2539 5090 Paracletum
2596 5047 2762 5108 atque
2794 5039 3038 5108 cogitare
3065 5081 3080 5107 ,
3135 5041 3204 5097 de
3241 5044 3358 5114 ipsa
3398 5046 3544 5102 illius

1958 5136 2154 5179 natura
2213 5143 2412 5182 nomen
2470 5132 2778 5197 usurpari;
2832 5131 3131 5201 aliquando
3167 5147 3301 5188 vero
3356 5137 3549 5192 audire

1958 5234 2159 5273 nomen
2218 5218 2457 5291 Spiritus
2511 5231 2569 5276 ct
2626 5221 2930 5293 intelligere
2964 5224 3196 5294 gratiam
3250 5228 3545 5297 quamdam

1952 5397 2067 5452 haec
2105 5393 2275 5448 verba
2301 5404 2483 5449 textus
2513 5403 2699 5464 nosth
2729 5408 2948 5449 rursum
2988 5394 3144 5464 plura
3191 5397 3413 5451 omittit.

2024 5466 2099 5536 (5)
2117 5466 2333 5520 Desunt
2384 5466 2550 5518 verba
2610 5458 2723 5517 οἷόν
2782 5465 2890 5518 εισι
2943 5458 3131 5520 πολλοὶ
3176 5496 3241 5507 -
3295 5471 3386 5521 καὶ
3422 5472 3543 5535 ταῖς

1950 5538 2198 5610 Γραφαίς
2223 5537 2596 5610 πιστεύοντες.
2633 5605 2663 5610 ῃ
3268 5566 3271 5569 ,

2020 5605 2099 5679 (6)
2138 5612 2264 5679 Item
2293 5608 2328 5662 l.
2366 5623 2416 5661 c.
2443 5617 2563 5679 post
2596 5605 2723 5679 alia.

2027 5676 2104 5749 (7‘)
2140 5678 2201 5731 L.
2245 5693 2292 5733 c.
2329 5693 2385 5746 p.
2427 5678 2554 5731 600.
2594 5677 2611 5749 l
2644 5693 2696 5747 p.
2722 5676 2848 5749 521.

2027 5746 2104 5821 (8)
2138 5751 2213 5803 lb.
2249 5764 2300 5816 p.
2323 5748 2429 5803 599
2460 5752 2552 5802 litt.
2594 5746 2609 5798 l
2639 5764 2691 5816 p.
2718 5747 2843 5803 5⁸21.

2030 5825 2106 5893 (9;
2146 5822 2278 5889 11η)
2326 5822 2452 5874 ooo.
