4042 6388
468 361 579 426 807
1234 397 1285 427 ς-

1504 347 1720 412 JOAN.
1762 348 1979 412 VECCl
2020 347 2132 409 ΕΡ.
2176 344 2693 411 PATRIARCHIE

3636 353 3753 417 808

455 472 805 547 spiutualcm
864 467 1247 539 signiﬁcatam.
1297 462 1407 518 Cur
1457 472 1513 518 tu
1566 462 1708 517 hanc
1753 461 2042 515 nominum

2153 463 2552 533 πνευματικήν.
2617 462 2718 517 Διά
2761 464 2815 516 τι
2849 462 2983 533 παρ’
3029 464 3182 521 οὐδὲν
3238 466 3301 519 σὺ
3335 468 3432 538 τὴν
3482 470 3761 541 διαφορὰν

458 563 828 622 dtﬂ‘erentiam
872 561 1031 617 ﬂocci
1084 558 1296 613 habens
1336 555 1501 611 simul
1531 553 1820 610 contendis
1849 552 2046 608 Italum

458 657 730 727 Spiritum
765 670 831 709 ex
863 644 1006 706 Filio
1034 665 1153 704 esse
1180 650 1311 718 quia
1349 647 1592 717 Spiritus
1621 656 1703 702 est
1736 645 1861 701 Filii
1897 661 2048 701 asse-

456 758 668 802 rentcm
708 745 848 814 cogi,
889 753 946 796 ut
970 758 1036 797 ex
1074 741 1431 812 intelligentia
1467 748 1523 794 et
1552 754 1614 793 ex
1649 739 2045 794 charismatum

451 837 842 893 distributione
873 844 927 890 et.
971 850 1033 889 ex
1069 834 1283 888 caucris
1327 826 1741 903 operatiOnibus
1778 838 1833 885 et
1876 829 2048 885 virtu-

451 929 599 983 tibus
631 927 883 981 eumdem
931 939 1056 980 esse
1111 924 1305 987 dicat,
1365 936 1603 991 quorum
1659 920 2045 975 sanctissimus

450 1019 691 1090 Spiritus
758 1015 884 1072 fons
941 1024 1110 1085 atque
1171 1013 1413 1084 largitor
1485 1010 1829 1082 gloriﬁcatur
1864 1017 2048 1079 .atque

448 1109 825 1182 agnoscitur?
865 1107 984 1162 Itali
1040 1106 1260 1174 quidem
1308 1119 1405 1175 per
1451 1100 1650 1158 Filium
1706 1112 1760 1156 et
1792 1116 1859 1157 ex
1907 1091 2045 1154 Filio

449 1202 719 1273 Spiritum
751 1209 811 1255 ut
865 1196 990 1254 Filii
1033 1194 1301 1266 Spiritum
1336 1204 1650 1250 asserentes
1697 1193 1749 1247 id
1787 1207 1897 1247 non
1927 1190 2047 1246 sine

445 1295 658 1349 ratione
713 1307 893 1363 neque
954 1291 1143 1361 procul
1195 1304 1226 1343 a
1284 1285 1700 1356 Scripturarttm
1752 1282 2047 1337 traditione

447 1386 501 1441 id
532 1394 816 1450 asserunt;
859 1393 915 1438 tu
963 1399 1090 1436 rem
1123 1396 1250 1434 cum
1299 1379 1601 1449 donorum:
1622 1391 1855 1431 numero
1881 1375 2043 1430 simul

446 1479 635 1549 augeri
686 1478 899 1548 copiam
949 1476 1255 1545 Spiritnnm
1308 1475 1567 1545 nugando
1622 1487 1686 1526 ac
1746 1468 2045 1526 fabulando

447 1570 731 1624 aﬂirtnans
767 1614 780 1635 ,
838 1580 1006 1640 atque
1071 1569 1407 1622 charismata
1450 1580 1646 1621 secans
1682 1567 1737 1619 et
1787 1578 1887 1634 pro
1935 1578 2045 1617 uno

446 1664 631 1731 plures
698 1662 945 1729 faciens,
989 1674 1042 1715 et
1102 1662 1334 1714 alterum
1413 1655 1631 1729 quidem
1698 1654 2042 1727 producens,

2149 551 2356 622 ταύτην
2405 549 2514 603 τῶν
2567 551 2852 622 ὀνομάτων
2905 552 3188 624 τιθέμενος
3233 556 3785 625 συναναγκάζεσθαι

2150 641 2333 710 λέγεις
2380 643 2472 695 τὸν
2514 640 2712 697 Ἰταλὸν
2762 642 2994 713 λέγοντα
3019 647 3105 709 ,ἐκ
3154 644 3248 699 τοῦ
3308 645 3441 700 Υῐοῦ
3494 643 3634 702 εἶναι
3683 648 3760 701 τὸ

2151 734 2401 804 Πνεῦμα,
2429 734 2510 788 δτι
2539 734 2764 806 Πνεῦμά
2785 737 2901 790 ὲστι
2932 736 3025 790 τοῦ
3050 735 3182 790 Υῐοῦ
3211 737 3390 806 λέγειν
3421 739 3516 792 καὶ
3542 741 3607 793 ὲκ
3637 740 3753 810 τῆς

2149 826 2422 889 συνέσεως
2459 827 2555 880 καὶ
2584 828 2648 880 ἐκ
2685 827 2784 897 τῆς
2822 827 2931 880 τῶν
2959 828 3315 899 χαρισμάτων
3344 828 3620 899 διανομῆς
3645 828 3758 883 καὶ

2146 918 2258 971 τῶν
2293 918 2469 973 ἄλλων
2509 918 2802 990 ἐνεργειῶν
2851 920 2947 973 καὶ
2982 919 3266 990 δυνάμεων
3297 915 3438 974 εἶναι
3478 920 3632 987 αὐτὸ,
3663 914 3757 975 ὧν

2146 1004 2210 1061 τὸ
2238 1008 2507 1074 πανάγιον
2536 1008 2762 1080 Πνεῦμα
2795 1010 2949 1080 πηγὴ
2980 1011 3074 1063 καὶ
3105 1010 3341 1081 χορηγὸς
3372 1009 3747 1080 δοξολογεῖται

2147 1098 2244 1152 καὶ
2268 1100 2712 1168 ἐπιγινώσκεται.
2766 1099 2961 1153 Ἰταλοὶ
2996 1101 3096 1172 μὲν
3121 1100 3212 1153 διὰ
3235 1099 3370 1153 Υῑοῦ
3400 1101 3496 1153 καὶ
3520 1099 3577 1163 ἐξ
3604 1100 3753 1153 Υἱσῦ

2147 1192 2393 1255 εἰπόντες
2437 1190 2498 1244 τὸ
2546 1189 2776 1261 Πνεῦμα
2807 1190 2886 1256 ὡς
2933 1191 3161 1263 Πνεῦμα
3189 1190 3342 1255 Υἱοῦ,
3376 1194 3475 1246 οὐκ
3525 1191 3754 1259 ἀλόγως

2146 1280 2269 1337 οὐδὲ
2300 1283 2491 1354 mppx»
2522 1283 2623 1351 τῆς
2646 1283 2755 1336 τῶν
2789 1284 3024 1356 Γραφῶν
3064 1284 3417 1353 παραδόσεως
3444 1279 3597 1335 εἷπον
3620 1298 3636 1313 ·
3673 1285 3750 1337 σὺ

2145 1371 2203 1430 δὲ
2227 1374 2305 1446 τῷ
2351 1374 2574 1445 ἀριθμῷ
2600 1373 2709 1428 τῶν
2746 1375 2967 1444 δωρεῶν
3013 1375 3073 1428 τὸ
3111 1374 3315 1445 πλῆθος
3345 1374 3452 1428 τῶν
3480 1375 3744 1443 Πνευμά-

2145 1481 2255 1520 των
2285 1464 2712 1532 συναυξάνεσθαι
2752 1465 3130 1536 τερατολογῶν
3179 1466 3374 1520 καὶτὰ
3415 1466 3749 1536 χαρίσματα

2146 1558 2360 1629 τέμνων
2382 1559 2480 1612 καὶ
2510 1556 2628 1612 ἀνθ’
2655 1556 2774 1621 ἐνὸς
2822 1556 2995 1611 πλείω
3018 1555 3211 1622 ποιῶν,
3243 1573 3317 1609 κα
3381 1556 3439 1607 τὸ
3476 1556 3575 1624 μὲν
3602 1569 3748 1623 προι-

2145 1634 2278 1719 ἀγον
2325 1649 2643 1714 ἀποκαλῶν,
2675 1650 2736 1703 τδ
2763 1649 2821 1703 δὲ
2867 1649 3265 1719 προαγόμενον,
3318 1649 3414 1701 καὶ
3456 1646 3643 1699 πίστιν
3672 1647 3745 1697 ὲκ

446 1757 678 1810 alterum
759 1756 1083 1823 productum
1148 1762 1392 1816 vocans,
1461 1759 1517 1805 et
1545 1750 1704 1805 (idem
1778 1765 1842 1803 ex
1938 1748 2042 1802 [ide

2148 1741 2388 1805 πίστεως
2414 1741 2511 1795 καὶ
2560 1741 2775 1795 σύνεσιν
2804 1742 2867 1793 ὲκ
2911 1740 3182 1802 συνέσεως
3211 1736 3571 1808 προάγεσθαι,
3599 1735 3741 1805 ψευ-

444 1859 498 1903 et
571 1819 981 1918 intelligentiam
1052 1861 1116 1901 ex
1187 1843 1544 1915 intelligentia
1624 1841 1852 1913 produci
1932 1849 2043 1895 sta-

2148 1833 2250 1896 δῶς
2280 1834 2376 1888 καὶ
2421 1835 2502 1895 εἰς
2546 1833 2846 1903 πεισμονὴν
2901 1831 3217 1902 διαδολικὴν
3269 1829 3521 1900 ἀλλήλοις
3563 1827 3741 1882 ταῦτα

447 1949 607 1994 tuens
706 1974 724 2003 ,
780 1936 1114 1992 mendaciter
1147 1944 1202 1989 et
1289 1934 1344 1987 in
1411 1930 1738 1986 diabolicam
1814 1928 2041 1997 persua-

447 2032 658 2086 sionem
691 2030 807 2082 hare
848 2027 1033 2082 omnia
1076 2026 1178 2080 sibi
1217 2025 1454 2078 invicem
1518 2020 1838 2086 connectis,
1900 2019 2043 2072 haud

448 2136 661 2176 memor
727 2120 873 2173 illius
950 2113 1361 2180 damnationis,
1424 2126 1546 2182 quae
1579 2110 1673 2164 Dei
1740 2107 2041 2166 Ecclesiam

461 2211 842 2269 Scindentibus
875 2219 931 2265 et
986 2206 1378 2279 scparantibus
1410 2202 1614 2259 inﬂicta
1668 2210 1772 2256 est.

1084 2361 1393 2424 TEXTUS.

521 2465 613 2521 6|.
646 2463 700 2519 Si
721 2471 1013 2534 generatus
1040 2461 1260 2529 quidem
1288 2470 1369 2514 est
1391 2457 1568 2514 Filius
1587 2472 1618 2512 a
1641 2454 1824 2520 Patre,
1854 2459 2044 2523 prece-5

447 2558 527 2613 dit
558 2572 687 2613 vero
717 2556 959 2626 Spiritus
1009 2570 1038 2608 a
1076 2551 1236 2619 Filio,
1270 2551 1548 2623 quomodo
1578 2565 1687 2604 non
1716 2564 1782 2603 ex
1813 2547 1914 2601 bac
1943 2560 2041 2600 sua

447 2648 708 2719 opinione
740 2646 994 2717 impietas
1024 2645 1079 2700 in
1129 2643 1335 2715 nepotis
1364 2642 1739 2699 conditionem
1774 2636 2038 2706 Spiritum

453 2739 773 2796 amandabit
807 2748 860 2794 et
890 2736 1235 2793 tremendum
1271 2734 1564 2803 theologiae
1594 2740 1800 2785 nostra:
1840 2735 2041 2798 myste-

449 2834 590 2890 rium
630 2833 684 2887 in
711 2834 884 2889 risum
915 2839 970 2886 et
1002 2843 1178 2898 nugas
1211 2826 1485 2896 ablegabit
1511 2825 1535 2878 2

432 2956 437 2977 ι
524 2926 616 2980 62.
649 2922 850 2981 Videas
880 2931 1064 2978 autem
1098 2920 1228 2975 hinc
1258 2931 1479 2988 quoque
1514 2926 1805 2970 excessum
1848 2912 2042 2982 impie-

446 3018 599 3075 tatis.
633 3016 691 3071 Si
736 3015 986 3088 proxima
1044 3025 1209 3068 causa
1244 3009 1487 3080 Spiritus
1509 3018 1592 3062 est
1628 3006 1813 3070 Pater,
1842 3019 2041 3074 quem-

449 3102 745 3159 admodum
793 3110 849 3156 et
883 3100 1010 3155 Filii
1046 3101 1195 3170 (nam
1248 3097 1566 3152 immediate
1608 3105 1718 3150 tam
1759 3094 2042 3166 generatio

446 3210 609 3266 quam
638 3194 922 3266 processio
960 3191 1197 3256 exsistit,
1230 3204 1409 3259 neque
1438 3187 1585 3243 enim
1636 3186 1816 3241 medio
1856 3186 2041 3255 aliquo
2067 3163 2112 3224 Ο

446 3289 623 3345 Filius
688 3296 988 3360 generatur
1047 3286 1363 3356 pariterque
1421 3279 1740 3336 immediate
1803 3279 2041 3350 Spiritus

445 3379 745 3453 procedit),
776 3394 902 3435 cum
971 3378 1280 3448 impiorum
1312 3373 1569 3429 delirium
1601 3382 1814 3429 asserat
1849 3387 2043 3443 proced

445 3472 577 3527 dere
625 3474 792 3526 etiam
845 3485 876 3525 ι
930 3468 1079 3524 Filio
1126 3468 1420 3530 Spiritum,
1471 3464 1663 3520 eadem
1698 3466 1815 3534 ipsa
1850 3478 2040 3534 causa,

446 3560 706 3617 videlicet
751 3560 935 3627 Pater,
989 3568 1044 3615 et
1098 3568 1311 3614 remota
1371 3565 1426 3612 et.
1472 3555 1728 3628 proxima
1760 3570 1930 3611 causa
1959 3553 2044 3608 die

446 3653 620 3709 cenda
672 3652 776 3707 erit
807 3651 1051 3722 ejusdem
1078 3690 1094 3716 ,
1132 3652 1275 3720 quod
1312 3666 1492 3723 neque
1537 3651 1594 3706 in
1627 3647 1774 3704 ﬂuxa
1829 3648 1933 3702 hac
1963 3646 2045 3700 al-

448 3746 810 3815 terationique
842 3745 1078 3800 obnoxia
1112 3754 1308 3801 natura
1339 3744 1570 3815 cogitari
1602 3750 1808 3815 potest.

538 3934 629 3989 b5.
690 3932 932 3989 Videsne
972 3933 1273 4004 impietatis
1327 3933 1775 3989 absurditatem?
1824 3927 1957 3987 Vide
1985 3937 2042 3988 et

460 4026 604 4081 hanc
638 4026 746 4079 alia
785 4029 1019 4080 ratione.
1054 4025 1232 4080 Simul
1265 4025 1486 4095 quidem
1522 4041 1553 4080 a
1603 4025 1766 4079 Patre
1793 4024 2043 4095 generari

456 4118 660 4174 Filium
696 4128 750 4172 et
806 4118 969 4173 simul
1028 4117 1295 4188 Spiritum
1357 4117 1694 4188 procedere,
1746 4126 2042 4172 consenta-

450 4225 614 4263 neum
649 4221 733 4263 est
779 4222 949 4264 sacrae
1003 4208 1311 4279 theologiae,
1367 4224 1466 4263 nec
1511 4220 1540 4262 α
1571 4209 1784 4278 legibus
1848 4208 2045 4262 incor-

455 4316 642 4372 porea:
681 4301 1238 4370 supernatat-alisque
1284 4301 1607 4355 substantia:
1636 4300 1897 4354 alienum.
1922 4298 2042 4353 Jam

456 4410 591 4450 vero
626 4396 670 4449 si
702 4394 946 4464 Spiritus
983 4394 1147 4449 simui
1206 4404 1259 4448 et
1323 4409 1350 4448 a
1409 4394 1570 4448 Patre
1617 4395 1878 4461 procedat
1931 4401 2044 4447 eta

2144 1925 2322 1980 πάντα
2352 1925 2738 1996 ἐπισυνείρεις,
2777 1925 2853 1997 μὴ
2899 1925 3103 1987 συνιεὶς
3127 1924 3190 1975 τδ
3216 1920 3597 1993 ἐπηρτημένον
3637 1937 3744 1972 κα-

2142 2016 2392 2087 τάκριμα
2415 2019 2528 2080 τοῖς
2553 2016 2825 2087 διαιροῦσι
2855 2018 2952 2071 καὶ
2980 2015 3338 2085 ἀποσχίζουσι
3368 2012 3468 2084 τὴν
3508 2011 3744 2085 Ἐκκλη-

2143 2108 2265 2162 σίαν
2294 2107 2389 2161 τοῦ
2420 2108 2577 2162 Θεοῦ.

2747 2378 3138 2446 kEiMENoN.

2224 2469 2327 2549 ξαδ.
2357 2482 2418 2536 Εἰ
2446 2480 2766 2552 γεγέννηται
2824 2481 2923 2551 μὲν
2951 2483 2980 2534 6
3016 2483 3144 2543 Υἱὸς
3178 2484 3241 2534 ὲκ
3269 2481 3365 2534 τοῦ
3395 2483 3606 2555 Harpe;
3637 2482 3739 2553 (1),

2145 2570 2503 2640 ἐκπορεύεται
2548 2569 2603 2620 δὲ
2640 2569 2699 2621 τὸ
2739 2567 2962 2638 Πνεῦμα
2992 2571 3055 2622 ἐκ
3082 2568 3177 2622 τοῦ
3220 2569 3375 2635 Υῑοῦ,
3411 2573 3527 2634 πῶς
3566 2571 3683 2639 οὐχ).
3707 2574 3742 2641 ἡ

2145 2660 2433 2716 δυσσέϐεια
2490 2660 2634 2712 κατὰ
2682 2659 2782 2727 τὴν
2817 2657 3027 2713 οἰκείαν
3059 2660 3218 2726 δόξαν
3251 2661 3352 2713 οὐκ
3396 2661 3477 2724 εἰς
3522 2661 3746 2713 υἱωνὸν

2143 2749 2202 2802 τδ
2239 2748 2463 2819 Πνεῦμα
2502 2748 2578 2819 (2)
2609 2748 2967 2818 παραπέμψει
3002 2750 3093 2801 καὶ
3146 2751 3207 2802 τὸ
3242 2751 3468 2818 φρικτὸν
3489 2750 3591 2819 τῆς
3622 2749 3743 2802 θεο-

2143 2840 2329 2909 λογίας
2363 2838 2521 2911 ὴμῶν
2555 2841 2655 2893 οὐκ
2715 2841 2793 2902 εἰς
2833 2842 3078 2910 μακροὺς
3109 2841 3370 2894 ἀπεὶάσει
3402 2842 3474 2911 (3)
3490 2842 3690 2912 λήρους
3720 2862 3738 2910 ;

2218 2930 2317 3001 ξβ’.
2351 2932 2511 2996 ἰδοις
2543 2930 2588 2985 δ’
2619 2931 2685 2985 ἂν
2717 2932 3009 2986 κάντεῦθεν
3030 2932 3127 3003 τὴν
3160 2933 3463 3003 ὑπερϐολὴν
3493 2934 3585 2986 τοῦ
3608 2935 3744 2987 δυσ-

2146 3024 2475 3097 σεδήματος.
2519 3026 2581 3078 Ei
2614 3026 2883 3096 προσεχὲς
2920 3025 3022 3096 μέν
3054 3029 3201 3078 ἐστιν
3233 3026 3406 3080 αἴτιον
3437 3026 3531 3080 τοῦ
3566 3027 3746 3079 Πνεύ-

2151 3134 2319 3189 ματος
2345 3119 2373 3171 ὁ
2416 3118 2628 3189 Πατὴρ,
2657 3110 2850 3189 ὥσπερ
2893 3119 2990 3173 καὶ
3039 3120 3135 3173 τοῦ
3170 3116 3304 3174 Υῑοῦ
3330 3135 3345 3149 ·
3378 3119 3599 3187 ἀμέσως
3625 3119 3742 3188 γὰρ

2145 3210 2347 3282 ὁμοίως
2381 3210 2416 3281 ἦ
2469 3227 2531 3263 τε
2560 3210 2814 3280 γέννησις
2858 3213 2949 3263 καὶ
2992 3211 3025 3280 ἡ
3085 3211 3413 3281 ἐκπόρευσις
3435 3216 3451 3242 δ
3479 3211 3601 3265 οὐδὲ
3630 3215 3748 3282 γὰρ

2143 3299 2235 3355 διά
2273 3301 2440 3373 μέσου
2473 3301 2618 3365 τινὸς
2657 3302 2686 3354 6
2726 3301 2856 3365 Υἱὸς
2888 3304 3180 3369 γεννᾶταιο
3215 3303 3435 3373 ἀμέσως
3465 3302 3508 3355 δ’
3540 3303 3745 3373 ὁμοίως

2145 3396 2240 3449 καὶ
2269 3395 2329 3447 τὸ
2380 3392 2606 3464 Πνεῦμα
2655 3394 3055 3463 ἐκπορεύεταιο
3097 3392 3246 3463 λέγει
3278 3385 3336 3448 δὲ
3373 3394 3483 3448 ⁸ξῶν
3526 3394 3749 3449 ἀσεϐῶν

2144 3487 2173 3540 6
2199 3486 2370 3558 λῆρος
2420 3485 2820 3557 ἐκπορεύεσθαι
2859 3486 2920 3539 τὸ
2950 3484 3176 3557 Πνεῦμα
3229 3488 3322 3540 καὶ
3352 3488 3416 3541 ἐκ
3460 3487 3557 3539 τοῦ
3585 3479 3750 3552 Ῡὶοῦ,

2144 3580 2206 3633 τὸ
2243 3580 2375 3633 αὐτὸ
2407 3578 2484 3652 (4)
2524 3578 2592 3633 ἃν
2636 3580 2807 3632 αἴτιον
2831 3580 2859 3632 6
2893 3573 3082 3651 Πατὴρ
3110 3581 3207 3633 καζ
3229 3572 3421 3651 πόρρω
3452 3582 3548 3633 καὶ
3576 3582 3752 3649 προσ-

2144 3673 2267 3744 εχὲς
2314 3672 2489 3725 αἴτιον
2543 3666 2685 3724 εἶναι
2728 3669 2822 3724 τοῦ
2857 3661 3025 3724 αὑτοῦ
3061 3671 3421 3748 ἀναῤῥηθείτλ,
3450 3671 3592 3740 ὅπερ
3620 3670 3751 3722 οὐδὲ

2146 3764 2239 3818 ἐπὶ
2264 3763 2363 3833 τῆς
2395 3761 2627 3834 ῥεούσης
2662 3762 2756 3816 καὶ
2784 3761 3178 3834 ἀλλοιουμένης
3202 3760 3417 3833 φύσεως
3440 3760 3591 3815 ἐστιν
3625 3764 3744 3815 ἔπι-

2145 3859 2312 3913 νοεῖν.

2220 3948 2322 4020 ἔτ’.
2373 3943 2536 4022 Ὁρᾷς
2563 3949 2659 4005 τοῦ
2692 3940 2927 4020 δυσσεδή
2938 3954 3113 4020 ματος
3135 3948 3197 4002 τὸ
3224 3947 3535 4018 παράλογον
3556 3963 3571 4012 ;
3596 3945 3742 4016 Ὅρα

2145 4040 2465 4097 κάντεῦθεν.
2524 4040 2679 4113 ’Ἅμα
2725 4042 2825 4113 μὲν
2877 4032 2971 4095 τοῦ
3028 4039 3241 4112 Πατρὸς
3297 4039 3595 4109 γεννᾶσθαι
3646 4037 3745 4091 τὸν

2146 4136 2276 4190 Υἰδν
2305 4127 2401 4190 καὶ
2431 4120 2549 4206 ἅμα
2582 4135 2642 4187 τὸ
2690 4132 2916 4203 Πνεῦμα
2966 4131 3391 4205 ἐκπορεύεσθαι,
3443 4129 3742 4185 ἀκόλουθον

2145 4246 2207 4283 τε
2248 4227 2522 4317 θεολογεῖν
2554 4228 2651 4281 καὶ
2679 4227 2779 4295 τῆς
2819 4227 3114 4298 ἀσωμάτου
3165 4225 3262 4280 καὶ
3308 4222 3617 4294 ὑπερφυοῦς
3649 4221 3742 4275 ού-

2148 4321 2268 4384 σίας
2288 4311 2415 4383 τοῧς
2447 4319 2642 4388 νόμους
2676 4320 2794 4371 ἐστὶ
2824 4317 2900 4390 μὴ
2925 4319 3142 4387 ἀγνοεῖν
3160 4334 3174 4347 ·
3206 4315 3325 4386 ἅμα
3346 4315 3405 4368 δὲ
3432 4317 3493 4368 τὸ
3518 4311 3744 4382 Πνεῦμα

2147 4403 2544 4484 ἐκπορεύεσθαι
2588 4411 2686 4480 μὲν
2718 4409 2814 4464 τοῦ
2865 4409 3102 4480 Πατρδς,
3133 4407 3530 4479 ἐκπορεύεσθαι
3558 4405 3615 4460 δὲ
3646 4406 3744 4459 καὶ

452 4484 594 4541 Filio
626 4487 804 4557 (prius
854 4487 1003 4540 enim
1037 4496 1093 4539 et
1138 4485 1416 4555 posterius
1472 4500 1500 4538 a
1550 4485 1885 4552 sempiterna
1919 4481 2043 4535 Tri-

2148 4503 2240 4557 τοῦ
2275 4481 2407 4556 Tim)
2432 4519 2448 4534 ·
2493 4502 2554 4554 τὸ
2584 4502 2693 4573 γὰρ
2722 4509 2989 4570 πρότερον
3034 4502 3126 4554 καὶ
3157 4498 3387 4567 ’ὕστερον
3421 4501 3520 4570 τῆς
3568 4496 3743 4550 ἀϊδίου

458 4580 631 4633 nitate
687 4580 926 4633 atietmm
979 4580 1106 4645 est),
1136 4578 1447 4648 quumodo,
1481 4592 1689 4647 quazso,
1724 4575 2033 4659 diﬂ:erentia

452 4670 764 4727 divinarum
821 4686 1119 4725 causarum
1178 4686 1290 4724 non
1355 4668 1671 4725 diﬂerentes
1722 4671 1884 4723 etiam
1939 4670 2036 4739 by-

456 4776 707 4835 postases
739 4765 1043 4821 constituet
1083 4764 1523 4834 scissionemque
1568 4765 1790 4818 inducet
1821 4766 1872 4817 in
1905 4765 2038 4817 sim-

466 4858 593 4927 plici
635 4867 691 4910 et
720 4856 1002 4911 individua
1040 4855 1421 4925 singularique
1453 4855 1691 4925 Spiritus
1721 4854 2038 4926 ltypoStasi?

456 4946 535 5000 Ex
590 4947 779 5001 cadem
822 4949 969 5001 enim
1031 4948 1317 5018 hypostasi
1368 4949 1618 5003 diversas
1655 4950 1876 5019 prodire
1910 4967 2040 5020 ope-

455 5038 698 5092 rationes
729 5053 794 5093 ac
824 5041 1056 5092 virtutes
1086 5078 1101 5102 ,
1157 5038 1461 5107 praesertim
1521 5040 1575 5094 in
1642 5054 2038 5110 supernatura-s

458 5131 602 5185 libus
649 5138 1016 5199 nostramque
1071 5138 1312 5184 mentem
1374 5130 1817 5196 excedentibus,
1878 5134 2040 5190 facile

454 5234 544 5277 est
572 5222 853 5277 intellectu
889 5224 1339 5290 argnmentlsque
1358 5222 1662 5278 innumeris
1687 5224 2000 5280 declaratur
2023 5237 2038 5293 ;

458 5315 781 5386 liypostasin
846 5329 1016 5380 vero,
1072 5328 1195 5383 quae
1251 5315 1307 5372 in
1359 5316 1608 5371 diversas
1658 5333 1855 5373 causas
1897 5318 2042 5372 refe-

456 5418 632 5475 ratur,
682 5421 956 5477 nusquam
1014 5407 1260 5476 reperias
1291 5446 1306 5473 ,
1345 5409 1477 5468 quin
1526 5409 1690 5465 simul
1729 5426 1853 5465 cum
1889 5411 2042 5465 diﬂ‘e-

658 5566 756 5619 Ἐκ
786 5566 880 5618 τοῦ
911 5567 1120 5637 Πατρος
1151 5568 1178 5619 6
1216 5567 1343 5631 Υἱὸς
1376 5568 1520 5624 Moti.
1546 5579 1597 5623 et
1631 5568 1796 5624 Cons.

530 5636 608 5706 (2)
633 5637 716 5692 Al.
746 5637 860 5700 rid);
890 5636 1071 5707 0611i)
1100 5638 1322 5693 δυσσεὸ.
1353 5641 1494 5691 κατά
1526 5639 1624 5706 τὴν
1671 5659 1777 5694 ο.κ.
1810 5642 1857 5694 δ.
1897 5642 2040 5697 Man.

462 5706 577 5777 πῶς
624 5709 684 5759 οὐ
742 5710 881 5760 κατά
935 5706 1029 5777 τὴν
1062 5706 1180 5761 ίοὶκ
1226 5707 1277 5763 δ.
1338 5708 1588 5762 εὐσέϐεια
1633 5711 1731 5765 οὐκ
1780 5715 1858 5774 εἰς
1914 5715 2042 5766 Υἱὸν

462 5776 522 5826 τὸ
546 5777 641 5831 liv.
694 5777 855 5832 Laur.
896 5776 1109 5834 Colunt.
1138 5780 1251 5834 Pal.
1299 5789 1354 5834 ut
1417 5797 1603 5850 Supra,
1630 5800 1707 5837 sic
1728 5791 1778 5835 ct
1810 5782 2041 5839 Vindob.

2138 4594 2368 4662 Τριάδος
2402 4591 2719 4662 ἀλλότριονο
2755 4591 2873 4656 πῶς
2908 4593 3009 4666 οὐχ
3053 4594 3087 4663 ἡ
3119 4593 3351 4662 διαφορά
3398 4592 3510 4645 τῶν
3549 4591 3742 4663 θεουρο

2136 4685 2310 4752 γικῶν
2356 4680 2544 4736 αἰτίων
2583 4683 2877 4753 διαφόρους
2918 4685 2977 4737 ού
3013 4683 3326 4755 συναρτίσει
3370 4686 3469 4745 τὰς
3508 4683 3740 4736 ὑποστά-

2140 4786 2274 4839 σεις,
2321 4776 2417 4827 καὶ
2462 4774 2634 4844 τομὴν
2693 4778 2973 4846 ὲπαφήσει
3027 4776 3169 4829 κατὰ
3214 4776 3314 4845 τῆς
3368 4775 3621 4846 ἀτμήτου
3654 4774 3742 4829 καὶ

2140 4866 2320 4937 ἁπλῆς
2360 4869 2454 4920 καὶ
2488 4868 2693 4929 ἑνιαίας
2725 4868 2822 4920 τοῦ
2858 4868 3178 4936 ιινεύματος
3209 4867 3605 4933 ·ἔ›τιοστάσεως;
3632 4869 3744 4937 Τῆς

2144 4958 2243 5028 μὲν
2300 4957 2407 5027 γὰρ
2454 4957 2628 5027 αὐτῆς
2684 4959 3034 5026 ύφοστάσεως
3092 4959 3386 5027 διαφόρους
3440 4958 3734 5029 προελθεῖν

2142 5051 2431 5120 ἐνεργείας
2490 5067 2548 5101 τε
2607 5052 2700 5102 καὶ
2750 5049 3028 5120 δυνάμεις,
3079 5050 3319 5121 μάλιστά
3366 5068 3431 5119 γε
3492 5054 3589 5105 ἐπὶ
3639 5051 3747 5104 τῶν

2144 5141 2443 5211 ὑπερφυῶν
2483 5141 2577 5195 καὶ
2631 5144 2879 5212 κρεῖττον
2936 5143 3326 5212 ὑπισταμένων
3370 5143 3558 5211 λόγου,
3616 5144 3747 5216 ῥᾷόν

2142 5230 2203 5283 τέ
2239 5234 2354 5282 ἐστι
2389 5233 2621 5285 συνιδεῖν
2654 5233 2748 5284 καὶ
2785 5232 2958 5302 μυρία
2993 5231 3187 5285 λαϐεῖν
3210 5234 3277 5285 τὰ
3315 5234 3598 5305 μαρτύρια
3621 5249 3634 5262 ·
3665 5235 3747 5296 εἰς

2144 5322 2378 5392 διάφορα
2420 5322 2477 5375 δὲ
2510 5322 2605 5393 τὴν
2647 5324 3067 5394 ἀναφερομένην
3121 5326 3419 5380 ὑπόστασιν
3466 5328 3617 5382 αἴτια
3651 5329 3747 5381 οὐ·-

2144 5415 2330 5486 δαμῶς
2361 5415 2510 5468 ἐστιν
2544 5418 2724 5487 εὑρεῖν
2759 5414 2835 5486 μὴ
2873 5418 2951 5487 τῷ
2999 5419 3242 5490 διαφόρῳ
3294 5420 3405 5473 τῶν
3435 5421 3627 5475 αἰτίων
3652 5422 3748 5476 καὶ

2151 5572 2244 5628 Gr.
2265 5574 2343 5627 llt.
2374 5573 2480 5628 3‘.”
2524 5573 2564 5629 f.
2596 5567 2762 5630 2476.

2222 5644 2298 5718 (5)
2323 5645 2601 5718 ξυνελάσῃ
2624 5645 2769 5718 Moti.
2806 5656 2861 5718 et
2895 5646 2958 5702 ει

2224 5711 2300 5785 (si)
2329 5711 2497 5769 Laur.
2517 5711 2777 5769 ﬁctis-th
2803 5717 3000 5775 αἴτιον.
