4042 6400
278 1026 287 1033 ,
337 969 498 1024 τοῦτο
528 968 744 1031 πάντως
777 966 896 1031 ἑνός
929 969 1042 1020 ἐστι
1083 966 1193 1019 τῶν
1227 965 1431 1036 τριῶν·
1460 968 1493 1032 ἡ
1540 965 1597 1019 δὲ
1632 962 1726 1018 τοῦ
1762 960 1930 1016 Πνεῦ-

292 5994 317 6027 κ

338 391 444 454 8m
731 418 735 422 -
1114 387 1556 453 REFUTATIO
1595 380 1974 449 PHOTIANI
2014 378 2232 442 LIBRI
2272 377 2371 439 DE
2413 374 2731 438 SPIRITU
2764 374 2827 435 s.
3258 356 3267 366 '
3522 356 3626 420 8:0

338 505 516 576 αὐτὴν
581 505 659 577 μὴ
719 503 1098 576 συνδιαφέρειν
1151 507 1325 578 αὐτῆς
1385 506 1480 561 καὶ
1549 501 1933 573 συνδιατέμνε-

2059 496 2216 550 'entia
2250 508 2546 551 causarum
2586 492 2705 564 ipsa
2741 501 2963 560 quoque
3010 500 3040 540 a
3092 498 3150 539 se
3181 479 3397 539 diii'cral
3447 491 3509 531 ac
3541 481 3628 528 dt-

342 599 492 655 σθαι.

2063 590 2337 644 cindatur.
2650 660 2653 669 Α

413 692 510 762 ξδ’.
549 693 675 748 Ἐπὶ
715 693 772 750 δέ
827 710 892 764 γε
934 695 1049 758 τοῖς
1094 693 1407 765 εἰρημένοις
1459 693 1510 747 εί
1543 694 1651 747 πᾶν
1699 691 1838 762 ὅπερ
1870 691 1931 745 ἓν

2114 681 2207 736 64.
2255 679 2463 736 Pra-ter
2508 664 2691 733 autem
2734 674 2845 745 jam
2899 673 3045 730 dicta
3075 710 3091 737 ,
3161 667 3207 723 si
3235 664 3629 765 quodcunque

337 759 457 841 ἔστι
490 785 590 856 μὲν
618 784 698 856 τῷ
731 759 874 856 Osiri,
904 786 1005 839 οὐκ
1034 787 1092 839 ὲν
1133 759 1447 856 *τῇ-*ἑνότητι
1480 785 1539 839 δὲ
1569 784 1664 839 καὶ
1691 759 1933 854 ὁμοιρυῖᾳ

2066 781 2189 829 nest
2220 771 2445 839 quidem
2495 769 2609 826 Deo
2633 811 2647 835 ,
2702 782 2809 823 non
2844 775 3027 820 autem
3066 763 3120 818 in
3153 759 3366 815 unitate
3401 765 3455 810 et
3491 768 3628 809 con-

335 879 442 949 τῆς
490 848 1004 950 παντοιιρατορικῆς
1052 848 1250 948 ὁρᾶται
1318 848 1587 948 Τριάδος,
1632 848 1932 945 τοῦτο-δὴ,

2059 865 2515 923 ιυῦειειιιίειίιλιθ
2566 857 2965 931 omnipotentis
3019 852 3269 910 cernitur
3311 848 3628 911 Trinitatis,

2038 960 2092 1015 id
2124 959 2288 1030 plane
2324 958 2490 1033 unius
2535 967 2621 1011 est
2673 953 2840 1007 trium
2886 960 3288 1021 person-arum;
3344 953 3631 1012 proccssm

343 1078 518 1132 ματος
562 1060 891 1128 έκπόρευσις
921 1059 1021 1111 οὐκ
1072 1056 1191 1111 ἐστι
1235 1034 1336 1126 τῆς
1369 1059 1429 1111 ὲν
1472 1058 1542 1128 τῇ
1577 1054 1769 1128 Τριάδι
1802 1054 1940 1109 θεω-

2059 1068 2171 1108 rero
2214 1052 2462 1123 Spiritus
2495 1063 2608 1103 non
2644 1045 2766 1117 ejus
2797 1053 2882 1100 est
2914 1040 3159 1097 miriﬁca:
3196 1034 3424 1093 unitatis
3452 1046 3635 1132 ,q-quaa

343 1124 617 1230 ρουμὲνης
673 1124 993 1223 ὑπερφυοῦς
1047 1152 1251 1216 ένάδος,
1292 1124 1412 1215 ένὸς
1465 1124 1575 1221 ἄρα
1626 1124 1722 1203 ita“.
1771 1149 1935 1218 μόνου

2063 1162 2095 1200 u
2130 1133 2406 1199 Trinitate
2455 1140 2870 1203 consideratur;
2905 1147 3038 1202 ergo
3088 1130 3254 1185 unius
3282 1137 3367 1183 est
3417 1124 3633 1181 solum-

489 1221 599 1301 τῶν
623 1221 815 1316 τριῶν.
847 1247 1142 1318 [Ιροσέχειν
1176 1245 1235 1300 δὲ
1258 1246 1340 1299 δεῖ
1367 1246 1461 1299 καὶ
1493 1247 1562 1317 τῇ
1589 1241 1815 1315 τοιαύτῃ
1841 1241 1936 1296 τοῦ

2059 1241 2206 1293 nodo
2260 1238 2430 1292 trium
2505 1244 2891 1305 personarum.
2952 1221 3355 1281 Attendendum
3411 1231 3636 1290 quoque

337 1342 499 1410 λόγου
530 1311 818 1408 διασόιέψει
839 1353 853 1369 ο
876 1311 926 1392 εί
1103 1338 1468 1409 ἐκπορεύεται
1498 1311 1598 1408 μέν
1622 1334 1682 1390 ea
1710 1311 1939 1404 Πνεῦμα

2061 1328 2364 1400 tujusmodi
2403 1322 2832 1383 ratiocinationi.
2888 1320 2946 1376 Si
2983 1318 3225 1388 Spiritus
3262 1330 3290 1368 a
3340 1311 3479 1368 Filio
3505 1325 3634 1379 pro-

340 1408 441 1490 τοῦ
477 1433 633 1499 Υἱοῦ,
664 1433 764 1504 οὐχ
798 1431 1027 1502 ὕστερον
1058 1432 1117 1486 δὲ
1153 1432 1278 1486 οὐδὲ
1312 1431 1580 1503 πρότερον
1605 1431 1753 1502 ἢπερ
1778 1429 1940 1492 αὐτὸς

2059 1424 2225 1490 :edit,
2257 1438 2366 1477 non
2418 1428 2601 1477 autem
2649 1417 2810 1490 prius
2862 1413 3041 1486 neque
3095 1408 3416 1483 posterius,
3466 1420 3631 1476 quam

338 1527 602 1598 γεννᾶται
658 1499 866 1579 ὲκμτοῦ
912 1499 1129 1593 Πατρὸς
1180 1522 1276 1596 (ὡς
1327 1499 1668 1595 πορρωτάτω
1717 1499 1826 1592 γὰρ
1871 1521 1942 1576 τὰ

2068 1531 2163 1584 pse
2194 1530 2224 1569 a
2260 1513 2427 1569 Patre
2454 1522 2754 1584 generetur
2783 1510 2934 1580 (nam
2967 1521 3137 1578 quam
3166 1503 3487 1572 longissime
3519 1499 3636 1554 haec

341 1597 573 1690 γρονικὰ
613 1617 789 1671 ταῦτα
819 1618 1191 1687 προσρήματα
1234 1617 1332 1684 τῆς
1386 1615 1707 1686 ὑπεραῖδίου
1741 1615 1942 1684 Θεότη-

2059 1608 2310 1678 .emporis
2341 1605 2603 1662 adverbia
2656 1605 2725 1659 ab
2757 1613 2960 1658 arterna
2996 1600 3212 1656 Deitate
3244 1597 3491 1665 absunt),
3524 1609 3637 1664 quo

342 1686 456 1772 τος,
487 1711 548 1760 ὲν
581 1707 658 1778 τῷ
699 1706 997 1774 γεννᾶσθαι
1025 1686 1118 1758 τὸν
1170 1705 1301 1759 Υίὸν
1351 1707 1415 1759 ἐκ
1462 1704 1558 1758 τοῦ
1614 1703 1852 1775 Πατρὸς,
1885 1706 1942 1756 ἐν

2059 1710 2341 1771 momento
2392 1708 2687 1771 generatur
2712 1694 2885 1753 Filius
2929 1710 2960 1751 a
2995 1693 3161 1749 Patre
3189 1733 3203 1756 ,
3253 1706 3318 1747 eo
3350 1704 3483 1746 sane
3513 1686 3635 1757 Spi-

343 1800 520 1871 τούτῳ
564 1799 671 1867 ἄρα
701 1797 763 1851 τὸ
803 1795 1032 1868 Πνεῦμα
1081 1796 1445 1869 ἐκπορεύεται
1497 1794 1592 1849 τοῦ
1652 1795 1847 1865 Υἰοῦ)’
1892 1796 1940 1848 εἰ

2059 1793 2185 1847 ritus
2238 1808 2270 1847 a
2327 1792 2469 1848 Filio
2525 1792 2805 1862 procedet.
2859 1789 2916 1845 Si
2967 1804 3098 1862 ergo
3148 1790 3279 1844 dum
3330 1801 3425 1857 per
3471 1800 3637 1856 gene-

354 1890 449 1946 οῦν
472 1845 528 1943 ᾗ
559 1845 718 1957 ᾦΓδιὰ
760 1845 1076 1959 γεννήὲεως
1121 1845 1373 1960 πρόεισιν
1405 1890 1434 1942 ὁ
1470 1888 1619 1953 Υἱὸς,
1656 1888 1716 1940 ὲν
1763 1845 1942 1956 τόῦτῳ

2059 1886 2317 1941 rationem
2391 1885 2572 1956 prodit
2629 1886 2842 1951 Filius,
2896 1893 3009 1940 tum
3070 1899 3165 1954 per
3223 1882 3634 1954 processionem

346 1984 421 2037 δι’
443 1981 823 2054 έκπορεύσεως
858 1981 1092 2053 προάγει
1123 1981 1184 2035 τδ
1233 1980 1484 2052 Πνεῦμα,
1515 1979 1612 2035 καὶ
1646 1980 1942 2050 προάγοντι

2059 1980 2299 2046 producit
2359 1978 3043 2050 Spiritum,'sequeretur
3116 1977 3264 2032 hunc
3333 1991 3440 2030 una
3509 1990 3633 2027 cum

341 2097 403 2134 τε
439 2079 534 2132 καὶ
589 2078 955 2150 προαγομένῳ
1004 2077 1401 2146 συνυφίσταται
1449 2076 1631 2150 (τοῦτο
1683 2078 1793 2146 γὰρ
1839 2076 1942 2146 τῆς

2059 2069 2193 2125 Filio
2242 2070 2580 2139 producente
2629 2084 2695 2126 ac
2745 2069 3015 2140 producto
3073 2068 3334 2124 constitui
3385 2077 3440 2124 et
3487 2066 3636 2122 exsi-

346 2169 584 2234 ἁσεεοῦς
620 2170 901 2242 ένσπορᾶς
934 2169 996 2223 τὸ
1029 2167 1323 2240 γεώργιον)
1344 2186 1359 2201 ο
1400 2163 1524 2238 ὲνῷ
1554 2168 1664 2240 ἄρα
1688 2170 1942 2239 γεννᾶται

2059 2171 2194 2218 itere
2224 2163 2296 2234 (is
2327 2163 2473 2219 enim
2504 2163 2687 2234 impia:
2716 2162 2946 2219 sationis
2990 2161 3265 2229 fructus);
3301 2162 3431 2217 dum
3468 2161 3636 2231 igitur

342 2265 372 2316 ὁ
405 2263 554 2325 Υἱὸς,
590 2262 789 2330 ἐπίσης
822 2262 889 2315 ἂν
936 2260 1024 2331 εἴη
1065 2261 1126 2315 τὸ
1162 2261 1392 2331 Πνεῦμα
1422 2262 1519 2314 καὶ
1564 2260 1943 2333 συγγεννὼμε-

2059 2264 2341 2327 generatur
2373 2254 2584 2323 Filius,
2635 2265 2964 2327 sequeretur
3007 2254 3202 2309 eodem
3240 2253 3468 2309 instanti
3516 2255 3642 2325 Spi-

345 2369 437 2406 νον
463 2353 543 2423 τῷ
576 2352 692 2422 Υίῷ
725 2351 822 2405 καὶ
875 2349 1316 2421 ἐκπορευόμενον
1356 2350 1415 2418 ἐξ
1457 2349 1654 2405 αὐτοῦ·
1700 2349 1843 2403 ὥστε
1881 2350 1943 2404 τὸ

2059 2347 2213 2403 ritum
2251 2363 2474 2419 quoque
2509 2363 2616 2404 una
2653 2363 2776 2403 cum
2812 2346 2951 2402 Filio
2984 2346 3237 2418 generari
3269 2346 3417 2402 etab
3446 2348 3639 2403 eodem

346 2445 580 2516 Πνεῦμα
608 2443 866 2514 γεννητόν
897 2461 959 2497 τε
995 2443 1112 2514 ἅμα
1138 2444 1234 2498 καὶ
1276 2444 1608 2515 ὲκπορευτόν
1633 2460 1648 2477 ο
1682 2442 1943 2515 γεννητὸν

2059 2441 2384 2510 procedere;
2429 2453 2601 2511 quare
2653 2438 2895 2511 Spiritus
2942 2448 3238 2512 generatus
3288 2440 3454 2496 simul
3491 2441 3642 2497 exsi-

352 2521 476 2605 μὲν,
505 2537 588 2589 ὅτι
619 2534 697 2606 τῷ
729 2533 846 2605 Υἱῷ
872 2535 1202 2605 γεννωμένῳ
1246 2535 1631 2606 συμπρόεισιν,
1673 2536 1943 2606 ἐκπορευ-

2059 2542 2216 2589 steret
2251 2542 2308 2588 et
2338 2533 2650 2603 procedens
2675 2571 2690 2596 ,
2736 2543 3030 2604 generatus
3057 2532 3277 2603 quidem
3302 2570 3318 2596 ,
3366 2531 3498 2602 quia
3528 2547 3638 2594 una

346 2629 453 2703 τὸν
485 2627 569 2692 δὲ,
598 2628 680 2680 ὅτι
724 2625 920 2697 διπλῆν
951 2625 1215 2696 ὑπομένει
1253 2627 1355 2698 τὴν
1380 2627 1743 2698 ὲκπόρευσιν·
1785 2620 1860 2681 ὧν
1890 2625 1943 2680 τί

2059 2642 2173 2685 :um
2230 2626 2372 2683 Filio
2441 2638 2704 2697 generato
2775 2626 3064 2697 prodiret,
3117 2623 3426 2695 procedens
3481 2640 3637 2692 vero,

346 2718 415 2772 ἂν
443 2715 730 2789 φωραθείη
764 2717 901 2787 πρὸς
932 2714 1192 2770 ἀσέϐειαν
1219 2715 1252 2787 ἤ
1293 2718 1429 2788 πρὸς
1463 2719 1663 2789 μανίαν
1694 2717 1944 2790 χαλεπώ-

346 2827 509 2881 τερον
521 2827 538 2878 ;

424 2996 517 3067 ξε’.
566 3000 735 3074 Ὁρᾷς
759 3017 855 3055 σου
901 2999 975 3056 τὰ
1030 3001 1345 3073 σοφίσματα
1397 3002 1494 3055 καὶ
1550 2999 1660 3055 τῶν
1691 3001 1943 3073 χρήσεων

345 3092 452 3163 τὴν
477 3095 852 3166 παράχρησιν,
875 3095 955 3159 είς
981 3090 1094 3148 οἷόν
1122 3111 1183 3148 σε
1214 3093 1409 3164 βόθρον
1434 3092 1643 3163 πλάνης
1671 3092 1767 3146 καὶ
1789 3093 1945 3147 άπω-

2045 2720 2174 2793 quia
2223 2719 2503 2791 duplicem
2555 2727 2840 2789 pateretur
2908 2719 3345 2789 proccssionem.
3421 2717 3636 2786 Quibus

2045 2811 2181 2882 quid
2216 2810 2367 2865 aliud
2418 2810 2646 2880 reperiri
2702 2818 2869 2881 queat
2918 2818 3013 2865 aut
3057 2810 3235 2881 magis
3284 2810 3512 2881 impium
3544 2819 3642 2866 aut

2045 2903 2227 2975 magis
2273 2903 2532 2959 insanum
2558 2902 2583 2957 *ἒ

2115 2996 2207 3053 65.
2250 2993 2441 3063 Vides,
2481 2995 2537 3051 in
2565 2995 2783 3068 qualem
2830 2996 3036 3052 erroris
3079 2984 3520 3069 perditionisque
3556 2996 3641 3053 fo-

2043 3105 2202 3146 veam
2247 3103 2343 3147 tua
2373 3099 2428 3147 te
2475 3092 2817 3161 sophismata
2861 3106 3264 3161 sacrorumque
3296 3086 3646 3149 testimonio-

346 3186 500 3252 λείας
536 3187 850 3255 συνώθησε·
884 3189 979 3242 καὶ
1006 3188 1090 3242 ὅτι
1126 3189 1209 3251 τὸ,
1244 3188 1351 3242 Ἐκ
1397 3186 1505 3241 τοῦ
1547 3185 1699 3256 ἐμοῦ
1744 3184 1941 3255 λήψε-

2059 3202 2181 3242 rum
2209 3186 2418 3241 abusus
2452 3183 2867 3253 protruderint;
2912 3184 3084 3251 vides,
3122 3184 3273 3258 quod
3312 3186 3478 3241 verba
3519 3186 3641 3253 illa,

346 3296 471 3344 ται,
496 3280 592 3334 καὶ
612 3280 677 3349 δὴ
700 3281 897 3348 καὶτὸ,
924 3279 1357 3346 Ἐξαπέστειλε
1375 3282 1410 3335 ό
1434 3279 1583 3347 Θεὸς
1606 3279 1676 3334 τὸ
1695 3279 1944 3350 Πνεῦμα

348 3370 463 3426 τοῦ
496 3371 634 3426 Υὶοῦ
667 3371 878 3436 αὑτοῦ,
922 3372 983 3426 οὐ
1012 3373 1173 3443 μόνον
1202 3372 1460 3442 οὐδεμίαν
1509 3373 1839 3444 συνηγορίαν
1873 3374 1944 3443 τῇ

355 3466 427 3533 σῇ
465 3462 775 3534 βλασφήμῳ
802 3464 1136 3535 παρέχονται
1163 3463 1407 3535 γλώσσῃ,
1437 3463 1573 3518 ἀλλὰ
1598 3466 1693 3518 καὶ
1723 3464 1946 3519 πάντων

353 3553 560 3624 μᾶλλον
596 3551 698 3631 τὴν
722 3552 931 3624 τόλμαν
960 3540 1131 3625 αὐτῆς
1165 3554 1508 3626 διελέγχουσι
1541 3555 1636 3609 καί¹
1660 3555 1762 3626 τὴν
1789 3554 1945 3627 δίκην

349 3645 659 3714 ἐπάγουσιν
685 3646 951 3716 ἄφυκτον.
1289 3645 1295 3652 ’

881 3741 1351 3798 ΑΝΤΙΡΡΗΣΙΣ.
1846 3784 1853 3791 ,

425 3832 575 3899 KQ".
632 3830 779 3885 Πολύ
814 3848 899 3885 σοι
920 3832 986 3884 τὸ
1017 3830 1150 3903 περὶ
1172 3831 1283 3896 τὰς·
1325 3828 1627 3905 προτάσεις
1655 3833 1732 3906 (1)
1787 3832 1942 3887 ἔντεα

349 3940 483 3996 χνον
502 3925 597 3978 καὶ
629 3924 947 3995 περίεργον.
978 3923 1115 3979 Ἰδοὺ
1135 3924 1247 3996 γὰρ
1268 3924 1360 3979 τὸν
1382 3924 1512 3979 Υἰὸν
1532 3927 1597 3980 ὲκ
1619 3926 1946 3997 τοῦΠατρδς

349 4016 534 4084 λέγων
583 4016 685 4088 οὐχ
735 4016 853 4086 ἅμα
915 4015 1033 4086 Υίῷ
1084 4016 1183 4070 καὶ
1219 4017 1322 4089 τὴν
1377 4017 1449 4071 δι’
1506 4018 1674 4072 αὑτοῦ
1714 4019 1948 4083 πρόοδον

350 4109 425 4160 ὲκ
471 4107 686 4177 Πατρδς
718 4105 904 4175 λέγεις
952 4105 1050 4161 τοῦ
1090 4107 1411 4178 Πνεῦματος
1442 4150 1458 4175 ,
1506 4108 1634 4162 ἀλλ’
1679 4107 1756 4173 ὥς
1803 4126 1950 4173 τινος

355 4200 561 4275 χρόνου
614 4203 682 4273 τῇ
722 4200 958 4271 ὑπάρξει
984 4199 1080 4255 τοῦ
1108 4199 1240 4254 Υἰοῦ
1285 4203 1379 4255 καὶ
1430 4202 1759 4273 Πνεῦματος
1794 4219 1955 4272 μεσιιο

353 4294 615 4358 τεύοντος
646 4310 661 4325 ο
717 4293 808 4348 τὸν
838 4293 936 4363 μὲν
967 4293 1096 4348 Υίὸν
1125 4295 1190 4347 ἐκ
1206 4292 1310 4347 τοῦ
1343 4288 1562 4363 Πατρὸς
1613 4293 1797 4364 λέγεις
1857 4296 1954 4349 καὶ⁵

254 4386 261 4391 ’
356 4381 560 4451 στίζων
577 4384 813 4440 ἐνταῦθα
835 4386 1119 4457 ἐπιφέρει,
1138 4402 1153 4418 ο
1171 4385 1230 4439 τὸ
1249 4385 1306 4439 δὲ
1333 4385 1640 4456 Πνεῦμαὲκ
1669 4385 1762 4439 τοῦ
1791 4384 1951 4450 Υίοῦ,

355 4481 438 4543 ὡς
504 4480 563 4547 es
596 4479 769 4550 ἄλλης
814 4479 960 4550 τάχα
1014 4479 1218 4552 ἀρχῆς,
1260 4479 1349 4534 ἴνα
1394 4494 1480 4533 σοι
1541 4479 1570 4532 ό
1628 4478 1952 4550 πεπλασμέ-

360 4537 458 4637 vo;
514 4537 814 4642 γεννηθείη
888 4537 1341 4636 ’ῥιωνά’ςῗ”ίΑλλ’
1399 4572 1522 4626 οὐδὲ
1575 4573 1606 4625 ὁ
1666 4572 1793 4636 rte;
1846 4537 1953 4645 ἰδίᾳ
1984 4537 2029 4592 θ

358 4666 521 4738 παρὰ
566 4666 630 4720 τὸ
675 4661 907 4733 Πνεῦμα
967 4665 1032 4718 ὲκ
1070 4662 1167 4717 τοῦ
1230 4663 1448 4736 Πατρός
1502 4665 1675 4728 ἐστιν,
1716 4662 1842 4718 οὔτε
1892 4668 1955 4719 τὸ

359 4760 593 4830 Πνεῦμα
624 4762 688 4813 ἐκ
724 4757 820 4812 τοῦ
848 4757 982 4811 Υἰοῦ
1013 4756 1090 4822 ὡς
1120 4757 1182 4823 ἐξ
1202 4756 1390 4828 ιάλλης
1426 4759 1581 4830 παρὰ
1610 4758 1704 4811 τὸν
1731 4758 1958 4831 Πατέρα

362 4854 544 4926 ἀρχῆς
572 4855 711 4919 ἐστι,
753 4852 848 4905 καὶ
880 4850 969 4904 διὰ
997 4849 1159 4904 τοῦτο
1189 4849 1313 4903 οῦδὲ
1349 4851 1378 4903 ὁ
1438 4851 1831 4923 πεπλασμένος
1871 4868 1957 4907 σοι

362 4947 697 5018 γεγέννηται
727 4943 947 5008 υἱωνός.
971 4943 1132 5006 Ἰδοις
1161 4941 1207 4996 δ’
1238 4941 1304 4997 ἂν
1335 4942 1637 4997 κάντεῦθεν
1664 4947 1766 5015 τὴν
1789 4945 1957 5018 amp.

366 5040 533 5110 ϐολὴν
570 5057 669 5110 της
704 5035 983 5107 διαϐολῆς.
1032 5035 1105 5090 Σὺ
1133 5033 1238 5107 μὲν
1270 5036 1541 5106 προσεχὲς
1569 5036 1664 5090 τοῦ
1696 5038 1959 5108 Πνεῦμα-

365 5148 461 5196 τος
495 5131 671 5185 αἰτιον
697 5129 893 5201 ὥσπερ
916 5127 1136 5183 καὶτοῦ
1190 5127 1323 5182 Υἰοῦ
1356 5128 1453 5194 τδν
1507 5128 1732 5201 Πατέρα
1777 5130 1957 5202 λέγων

366 5226 466 5279 καὶ
494 5224 719 5295 ἀμέσως
750 5223 819 5276 ὲκ
849 5221 946 5275 τοῦ
1007 5220 1227 5290 Πατρδς
1249 5223 1350 5293 τὴν
1373 5219 1472 5275 τοῦ
1512 5220 1837 5292 Πνεῦματος
1869 5223 1958 5277 δο⁸

368 5318 551 5386 ξάζων
583 5315 935 5389 ὲκπόρευσιν,
963 5314 1224 5370 ἀσέϐειάν
1257 5331 1319 5368 τε
1344 5314 1454 5368 τῶν
1499 5313 1797 5385 Ῥωμαίων
1826 5333 1962 5372 κατ-

367 5413 599 5482 ηγορεῖς
644 5413 759 5464 κάκ
821 5407 920 5462 τοῦ
957 5407 1091 5461 Υἱοῦ
1119 5406 1394 5477 λεγόντων
1452 5407 1513 5462 τὸ
1550 5408 1800 5479 Πνεῦμα,
1863 5411 1960 5464 καὶ

371 5505 563 5577 πόρρω
590 5506 687 5556 καὶ
708 5484 984 5575 ⁵’προσεχὲς
1014 5501 1189 5555 αῐτιον
1223 5495 1367 5554 εἶναι
1389 5499 1484 5553 τοῦ
1512 5500 1682 5555 αὐτοῦ
1719 5503 1813 5555 τὸν
1845 5505 1962 5565 Πα-

367 5600 509 5669 τέρα
569 5598 714 5651 κατὰ
771 5596 975 5666 πολλὴν
1038 5594 1360 5665 συλλογίζου
1408 5599 1508 5669 τὴν
1537 5596 1743 5651 άδείαν.
1807 5596 1865 5649 Ὁ
1902 5598 1961 5651 δὲ

370 5691 597 5762 Νὑσσης
624 5690 929 5762 Γρηγόριος
975 5689 1147 5760 ψευδῆ
1178 5690 1277 5761 τὴν
1313 5689 1413 5763 σὴν
1445 5689 1798 5746 ἀποδείκνυσι
1827 5691 1962 5761 πρό-

441 5877 519 5952 (i)
554 5878 719 5934 Laur.
756 5876 1066 5947 προτέσεις.

623 5977 892 6070 Primae.
927 5975 1051 6073 Gtt.
1083 5971 1282 6035 CXLI.

2049 3279 2127 3336 De
2154 3296 2266 3336 meo
2310 3280 2557 3351 accipiet,
2581 3286 2635 3335 et
2667 3296 2681 3333 :
2715 3276 2865 3333 Misit
2896 3276 3034 3332 Deus
3080 3277 3341 3348 Spiritum
3361 3278 3496 3335 Filii
3532 3285 3641 3347 sui,

2048 3386 2161 3427 non
2224 3371 2405 3428 solum
2470 3370 2683 3426 nullum
2746 3371 3117 3441 patrocinium
3192 3370 3458 3426 exhibent
3496 3369 3646 3426 ωδε-

2046 3464 2258 3534 ριιεηιςε
2293 3471 2397 3519 tuae
2425 3464 2649 3535 linguze,
2693 3464 2787 3522 sed
2856 3466 3042 3534 potius
3078 3465 3442 3521 temeritatem
3494 3465 3642 3521 illius

2050 3556 2393 3625 redarguunt
2420 3556 2631 3626 tibique
2675 3557 2952 3627 judicium
2988 3572 3053 3613 ac
3097 3545 3432 3629 supplicium
3466 3557 3644 3614 inevi-

2048 3649 2216 3704 tabile
2253 3662 2567 3707 accersunt.
3055 3708 3062 3713 .

2614 3740 2765 3796 REF
2772 3740 2816 3797 U
2825 3738 2909 3796 TA
2923 3739 3068 3798 T10.

2123 3830 2317 3889 XXVI.
2358 3831 2530 3891 Multa
2564 3835 2864 3892 artiﬁciose
2905 3845 2961 3891 et
3007 3836 3229 3893 curiose
3261 3836 3408 3892 circa
3442 3837 3646 3908 princi-

2050 3929 2136 3994 pia
2173 3929 2401 3985 astruis.
2436 3929 2578 3984 Ecce
2622 3929 2770 3984 enim
2801 3930 2931 3985 dum
2960 3929 3159 3985 Filium
3203 3944 3267 3986 ex
3296 3930 3455 3987 Patre
3480 3932 3643 3996 dicis,

2051 4035 2161 4074 non
2190 4019 2356 4076 simul
2390 4036 2516 4076 cum
2552 4019 2693 4076 Filio
2723 4023 2888 4078 etiam
2927 4026 3370 4096 progressionem
3406 4024 3648 4096 Spiritus

2051 4114 2227 4168 sancti
2256 4115 2523 4184 ex_Patre
2555 4130 2650 4186 per
2679 4114 2884 4172 Filium
2915 4117 3148 4183 asseris,
3177 4119 3274 4174 sed
3309 4121 3469 4190 quasi
3511 4129 3651 4175 tem-

2051 4223 2157 4279 pus
2196 4209 2473 4277 quoddam
2516 4209 2661 4265 intcr
2694 4211 3080 4268 exsistentiam
3129 4210 3252 4268 Filii
3289 4230 3355 4270 ac
3406 4214 3650 4285 Spiritus

2054 4303 2127 4359 sit
2155 4301 2569 4369 intermedium,
2601 4298 2797 4358 Filium
2839 4303 3059 4374 quidem
3094 4318 3160 4360 ex
3208 4302 3374 4360 Patre
3409 4321 3655 4375 pronun:

2055 4397 2162 4453 tias
2184 4406 2239 4452 et
2269 4396 2436 4451 veluti
2467 4405 2732 4467 punctum
2771 4396 2861 4452 hic
2896 4411 3108 4468 ponens
3152 4396 3347 4464 infers,
3381 4396 3648 4469 Spiritum

2058 4505 2186 4546 vero
2231 4506 2297 4545 ex
2353 4486 2495 4546 Filio
2538 4499 2596 4546 ut
2642 4506 2707 4547 ex
2767 4491 2879 4545 alio
2931 4492 3184 4562 pratinus
3233 4492 3528 4565 principio,
3593 4504 3653 4550 ut

2060 4583 2188 4638 inde
2225 4584 2495 4640 coutictus
2525 4584 2613 4640 ille
2643 4594 2938 4641 enascatur
2975 4580 3170 4656 nepos.
3228 4584 3428 4641 Verum
3466 4601 3652 4657 neque

2058 4676 2231 4732 Filius
2270 4676 2506 4733 seorsim
2542 4691 2573 4731 a
2603 4677 2810 4748 Spiritu
2834 4694 2898 4734 ex
2930 4676 3090 4734 Patre
3114 4687 3219 4744 est,
3256 4692 3438 4748 nclue
3474 4678 3654 4750 Spiri~

2060 4778 2150 4826 tus
2179 4786 2242 4826 ex
2268 4770 2431 4836 Filio,
2450 4779 2512 4831 ut
2529 4786 2594 4826 ex
2624 4772 2732 4828 alio
2764 4778 2961 4842 praeter
2990 4770 3211 4827 Patrem
3246 4772 3557 4844 principio;
3592 4791 3658 4830 ac

2058 4874 2348 4936 propterea
2399 4880 2576 4936 neque
2623 4868 2896 4922 contictus
2947 4881 2979 4921 a
3022 4874 3075 4923 te
3125 4868 3408 4923 enascitur
3459 4882 3652 4938 nepos.

2059 4958 2165 5027 (Ad
2193 4973 2242 5013 c.
2281 4954 2371 5028 62)
2410 4955 2613 5015 Videas
2659 4959 2856 5015 exinde
2881 4974 3105 5031 quoque
3138 4960 3431 5016 calumniae
3461 4975 3654 5016 exces-

2061 5065 2204 5108 sum.
2238 5049 2454 5106 Patrem
2485 5052 2709 5123 quidem
2744 5038 2949 5110 asseris
2973 5068 3099 5110 esse
3135 5054 3440 5124 proximam
3476 5053 3653 5124 Spiri-

2062 5154 2153 5200 tus
2182 5159 2433 5211 causam,
2470 5145 2614 5200 sicut
2660 5154 2717 5200 et
2757 5145 2913 5216 Filii;
2953 5160 3006 5205 et
3053 5148 3367 5204 immediate
3391 5162 3456 5203 ex
3494 5146 3657 5204 Patre

2063 5237 2475 5307 processionem
2535 5234 2778 5304 Spiritus
2835 5240 3012 5294 sancti
3080 5240 3301 5305 statuis,
3353 5237 3657 5309 impietatis
3714 5232 3725 5241 ’

2064 5337 2246 5382 autem
2288 5327 2571 5386 Romanos
2606 5342 2838 5385 accusas
2876 5332 3045 5384 etiam
3099 5346 3164 5386 ex
3198 5327 3339 5385 Filio
3385 5329 3653 5402 Spiritum

2064 5422 2510 5491 pronuntiantes,
2554 5432 2610 5478 et
2652 5432 2923 5478 remotam
2970 5431 3023 5476 et
3053 5423 3361 5493 proximam
3406 5424 3655 5495 ejusdem

2062 5530 2185 5571 esse
2218 5531 2443 5572 causam
2499 5530 2696 5588 magna
2748 5530 2875 5572 cum
2909 5514 3245 5573 conlidentia
3285 5518 3659 5574 ratiocinaris.

2065 5613 2133 5665 At
2162 5609 2464 5681 Gregorius
2510 5609 2797 5682 Nyssenus
2834 5608 3036 5666 falsum
3093 5616 3247 5664 tuum
3298 5609 3656 5682 principium,

2066 5704 2215 5775 quod
2253 5704 2389 5760 dicit
2429 5703 2646 5761 Patrem
2681 5702 2989 5776 proximam
3033 5701 3276 5773 Spiritus
3303 5705 3480 5760 sancti
3518 5719 3658 5761 cau-

3207 5978 3281 6039 ‘25
