4042 6396
404 334 509 399 fil

1434 333 1649 396 JOAN.
1690 331 1909 395 VECCI
1942 322 2059 398 ΕΡ.
2096 335 2613 402 PATRIARCILE

3582 338 3691 409 813

411 465 554 511 sam,
583 448 844 531 ostendit,
882 448 1023 505 libro
1048 449 1225 520 primo
1255 448 1524 504 adversus
1564 447 1895 504 Eunomium
1925 449 1997 505 ita

2103 467 2263 505 τασιν
2329 451 2428 526 τὴν
2499 452 2773 522 λέγουσαν
2819 453 2912 508 τὸν
2973 455 3194 523 Πατέρα
3264 457 3539 529 προσεχὲς
3591 457 3690 518 τοῦ

411 541 671 613 inquiens
703 561 716 597 :
750 542 913 597 Pater
948 542 1160 612 quidem
1190 541 1300 594 sine
1343 541 1605 611 principio
1648 552 1695 595 et
1729 543 1995 612 ingenitus

412 634 771 708 inteiligitur;
802 652 867 690 ea:
892 652 951 688 eo
978 650 1098 688 vero
1133 633 1441 688 immediate
1481 644 1529 688 et
1567 635 1791 690 indivise
1816 636 2000 707 unige-

412 732 555 783 nitus
602 728 775 782 Filius
804 744 922 781 cum
954 726 1116 780 Putre
1143 726 1305 779 simul
1346 726 1701 797 intelligitur;
1744 744 1837 798 per
1859 728 1996 782 hunc

350 802 355 809 ’
411 830 587 875 autem
628 831 675 873 et
708 835 826 872 cum
876 819 1010 887 ipso,
1046 828 1336 888 antequam
1384 818 1564 873 inanis
1600 828 1648 873 et
1686 836 1790 873 non
1821 820 1996 873 subsi-

409 922 550 966 stens
603 912 658 965 in
712 910 886 965 medio
929 911 1194 980 perceptio
1247 911 1476 976 incidat,
1524 912 1708 965 statim
1761 909 1996 981 Spiritus

409 1014 625 1059 sanctus
664 1003 896 1074 jnnctim
931 1003 1248 1072 concipitur.

478 1284 616 1340 Cum
664 1282 833 1362 igitur
879 1281 1187 1351 propositio
1236 1289 1487 1341 statuens
1533 1280 1755 1337 Patrem
1813 1284 1999 1353 proxi-

406 1391 560 1429 mum
623 1372 863 1443 Spiritus
917 1371 1249 1443 principium
1308 1379 1367 1426 ut
1424 1371 1560 1427 falsa
1618 1372 1853 1429 reiutata
1902 1374 1995 1440 sit,

409 1468 669 1524 Patrihus
741 1468 950 1521 nostris
1024 1466 1295 1538 theologis
1375 1468 1751 1535 contradicts,
1834 1479 1997 1545 quot-

412 1571 549 1629 quot
599 1576 694 1628 per
737 1558 942 1613 Filium
986 1558 1246 1628 Spiritum
1291 1559 1585 1630 procedere
1628 1560 1999 1616 tradiderunt.

406 1649 519 1706 Nec
548 1652 675 1721 quia
728 1651 870 1706 haud
903 1650 1242 1720 proximum,
1286 1653 1398 1719 jam
1434 1661 1707 1707 remotum
1757 1654 1996 1723 Spiritus

406 1743 739 1814 principium
764 1741 1061 1809 estPater;
1094 1758 1221 1797 nam
1248 1754 1543 1806 remotum,
1571 1745 1717 1813 quod
1742 1745 1998 1815 proximo

408 1839 728 1906 opponitur,
765 1836 830 1891 ad
875 1850 941 1890 ea
994 1844 1231 1905 spectat,
1262 1851 1387 1906 qua;
1439 1837 1790 1891 intervallum
1830 1836 1997 1891 deno-

409 1935 528 1982 tant
558 1939 613 1983 et
660 1937 908 1997 tempore
942 1927 1026 1981 vel
1073 1927 1193 1981 loco
1228 1927 1313 1980 vel
1345 1928 1449 1981 alia
1486 1928 1742 1997 quapiam
1791 1929 2001 1982 distan-

407 2021 499 2075 tiae
531 2020 743 2075 ratione
770 2018 835 2072 ad
869 2018 1102 2072 invicem
1133 2017 1511 2073 habitudinem
1546 2022 1629 2073 vet
1660 2021 1994 2089 positionem

408 2113 495 2168 vel
530 2110 981 2181 coniunctionem
1016 2118 1072 2164 et
1102 2109 1359 2164 unionem
1391 2111 1698 2165 secundum
1729 2114 1904 2181 magis
1936 2127 2001 2169 ac

411 2205 597 2259 minus
633 2204 871 2269 habent;
901 2202 954 2256 in
988 2211 1182 2267 sancta
1211 2215 1340 2255 vero
1374 2201 1663 2268 Trinitate,
1700 2218 1825 2257 cum
1865 2204 2001 2258 nihil

410 2299 639 2367 cogitari
668 2303 834 2366 queat
881 2293 1119 2349 medium
1166 2291 1310 2346 inter
1344 2290 1558 2347 Patrem
1602 2304 1657 2348 et
1690 2292 1888 2347 Filium
1918 2295 2001 2349 vel

412 2390 652 2443 medium
688 2388 829 2441 inter
867 2382 1065 2440 Filium
1100 2394 1156 2439 et
1203 2383 1490 2453 Spiritum,
1522 2385 1834 2452 proximum
1871 2387 1998 2457 qui-

412 2484 535 2536 dem
587 2481 829 2550 Spiritus
856 2469 1196 2549 principium
1246 2494 1357 2531 non
1407 2478 1613 2532 dicitur
1643 2479 1823 2542 Pater,
1868 2482 1997 2549 quia

416 2592 525 2630 non
578 2574 915 2637 immediate,
950 2575 1042 2627 sed
1096 2588 1191 2640 per
1242 2572 1438 2626 Filium
1489 2589 1551 2625 cx
1598 2572 1715 2641 ipso
1764 2572 1999 2642 Spiritus

410 2668 692 2738 procedit:
739 2682 961 2737 rursum
1015 2680 1144 2719 vero
1193 2673 1464 2719 remotum
1522 2663 1759 2732 Spiritus
1797 2664 1999 2733 princi-

410 2760 561 2831 pium
600 2759 706 2813 dici
737 2760 949 2828 nequit,
986 2758 1117 2826 quia
1153 2757 1304 2811 nullo
1334 2757 1402 2809 ab
1432 2771 1500 2809 eo
1525 2756 1813 2810 intervallo
1847 2772 2001 2811 arce-

400 2854 506 2909 1nr
555 2861 611 2907 et
646 2861 933 2921 separatur
966 2850 1059 2919 qui
1110 2865 1207 2920 per
1233 2847 1433 2903 Filium
1466 2865 1527 2903 ex
1583 2850 1701 2919 ipso
1730 2850 1997 2920 procedit.

485 2945 722 2999 Videsne
776 2958 1062 2998 excessum
1112 2941 1443 2997 calumniae?
1506 2939 1642 2996 Vide
1689 2952 1744 2996 et
1780 2944 1999 2998 eximie.

2100 542 2422 613 Πνεύματος
2456 542 2657 611 αἴτιον,
2708 545 2768 599 ὲν
2797 544 2877 616 τῷ
2908 547 3114 618 πρώτῳ
3152 548 3262 602 τῶν
3331 550 3470 619 πρὸς
3520 548 3692 603 Εὑνό-

2103 642 2225 705 μιον
2271 635 2679 708 ἀντιῤῥητικῶν
2708 636 2849 691 οὑτω
2880 637 3058 706 λέγων
3088 653 3103 670 ·
3142 640 3348 710 Πατὴρ
3362 640 3483 709 μὲν
3504 640 3693 710 ἄναρ-

2099 744 2211 796 χος
2242 727 2345 781 και
2384 727 2724 799 ἁγέννητος
2764 730 3022 785 νοεῖται·
3059 732 3130 797 ἐξ
3182 735 3371 788 αὐτοῦ
3402 733 3472 788 δὲ
3532 734 3691 788 κατὰ

2099 819 2169 873 τὸ
2213 822 2517 891 προσεχὲς
2548 822 2930 891 ἀδιαστάτως
2962 828 2995 879 ό
3029 825 3371 896 μονογενὴς
3419 829 3554 892 Υἱὸς
3606 828 3695 893 τῷ

2097 914 2282 982 Πατρὶ
2311 914 2764 971 συνεπινοεῖται
2791 930 2807 947 ⁸
2840 916 2916 971 δι’
2939 919 3126 972 αὐτοῦ
3156 926 3253 974 καὶ
3297 920 3429 989 μετ’
3492 922 3690 975 αὐτοῦ

2099 1005 2243 1074 πρίν
2298 1022 2353 1060 τι
2381 1008 2568 1061 κενόν
2612 1024 2678 1061 τε
2719 1008 2819 1062 καὶ
2866 1010 3297 1066 ἀνυπόστατον
3342 1013 3439 1067 διὰ
3486 1014 3693 1083 μέσου

2100 1098 2529 1167 παρεμπεσεῖν.
2556 1101 2775 1170 νόημα,
2810 1102 3013 1169 εὐθὺς.
3042 1104 3144 1158 καὶ
3212 1105 3276 1158 τὸ
3331 1106 3577 1176 Πνεῦμα
3624 1107 3697 1160 τὸ

2098 1187 2272 1260 ἅγιον
2321 1191 2726 1262 συνημμένως
2755 1195 3280 1264 καταλαμϐάνεται
3306 1197 3409 1269 (1).

2184 1278 2468 1333 Ἐντεῦθεν
2493 1280 2624 1349 γοῦν
2656 1281 3032 1354 ἑληλεγμένης
3058 1283 3293 1352 ψεύδους
3321 1285 3421 1354 τῆς
3476 1285 3690 1356 προτά-

2102 1387 2242 1435 σεως
2293 1372 2393 1442 τῆς
2460 1371 2730 1445 λεγούσης
2813 1373 2906 1426 τὸν
2981 1376 3204 1445 Πατέρα
3261 1373 3534 1449 προσεχὲς
3592 1374 3695 1427 τοῦ

2101 1462 2421 1533 Πνεῦματος
2447 1466 2645 1530 αἴτιον,
2670 1461 2783 1529 τοῖς
2840 1465 3123 1533 θεολόγοις
3191 1466 3353 1536 ήμῶν
3402 1465 3567 1528 αὑτὸς
3588 1469 3693 1521 ἀν-

2101 1553 2338 1624 τιλέγεις
2394 1555 2694 1626 Πατράσιν,
2718 1557 2834 1611 ὅσοι
2872 1558 3301 1627 τεθεολογήκασι
3353 1559 3543 1612 τὸ³διὰ
3592 1557 3696 1611 τοῦ

2101 1647 2396 1720 Υἱοῦ.οὑχ
2429 1652 2512 1703 ὅτι
2564 1650 2622 1704 δὲ
2665 1650 2741 1722 μὴ
2802 1650 3095 1723 προσεχὲς,
3130 1653 3234 1723 ἤδη
3289 1651 3483 1723 τιόρρω
3538 1653 3695 1706 ἐστὶν

2102 1738 2278 1795 αἴτιον
2317 1740 2412 1794 τοῦ
2466 1741 2841 1812 Πνεύματοςὸ
2898 1744 3113 1814 Πατήρ·
3172 1744 3234 1796 τὸ
3270 1743 3383 1816 γὰρ
3451 1743 3693 1797 ἀντιδια-

2102 1830 2457 1902 στε).λόμενον
2478 1833 2556 1904 τῷ
2571 1835 2858 1905 προσεχῶς
2884 1836 3076 1906 πόρρω
3100 1834 3207 1888 τῶν
3240 1834 3694 1907 διαστηματικῶν

2101 1924 2341 1977 ἐστικαὶ
2378 1925 2555 1998 χρόνῳ
2598 1928 2632 1999 ἢ
2682 1928 2835 2000 τόπῳ
2890 1928 2922 2000 ἢ
2981 1930 3128 1998 ἄλλῳ
3170 1929 3281 1983 τινὶ
3308 1929 3693 1999 διαστήματος

2099 2014 2245 2085 λόγῳ
2273 2018 2374 2085 τὴν
2432 2018 2568 2088 πρὸς
2606 2019 2816 2091 ἄλληλα
2840 2020 3028 2091 σχέσιν
3055 2020 3085 2091 ἦ
3120 2021 3270 2074 θέσιν
3302 2022 3333 2093 ἢ
3388 2026 3692 2098 συναφείαν

2102 2106 2199 2159 καὶ
2258 2107 2457 2162 ἕνωσιν
2519 2113 2666 2166 κατὰ
2702 2112 2766 2165 τὸ
2826 2113 3033 2183 μᾶλλον
3094 2114 3190 2166 καὶ
3224 2110 3389 2184 ἦττον
3419 2116 3681 2186 ἑχόντων·

2101 2198 2195 2251 ἐπὶ
2227 2199 2283 2253 δὲ
2320 2200 2422 2271 τῆς
2464 2203 2630 2271 ἁγίας
2656 2204 2914 2275 Τριάδος,
2938 2205 3059 2258 ἐπεὶ
3097 2205 3248 2259 οὐδὲν
3268 2206 3418 2260 ἔστιν
3471 2207 3696 2277 ἒπινοῆ-

2105 2308 2196 2345 σαι
2236 2297 2402 2364 μέσον
2434 2296 2650 2365 Πατρὺς
2692 2297 2789 2350 καὶ
2832 2295 2960 2350 Υἰοῦ
3016 2297 3048 2368 ἦ
3091 2300 3261 2367 μέσον
3310 2299 3442 2353 Υἰοῦ
3480 2317 3539 2352 τε
3594 2305 3692 2356 καὶ

2104 2382 2450 2453 Πνεύματος,
2498 2385 2769 2455 προσεχὲς
2830 2385 2931 2455 μὲν
2962 2386 3136 2438 αἴτιον
3200 2387 3263 2439 οὐ
3322 2385 3545 2454 λέγεται
3594 2389 3693 2440 τοῦ

2101 2473 2424 2543 Πνεύματος
2459 2475 2487 2528 ὁ
2528 2476 2717 2547 Πατὴρ
2757 2476 2847 2529 διὰ
2898 2477 2956 2529 τὸ
2994 2478 3072 2547 μὴ
3118 2477 3361 2547 ἀμέσως.
3405 2478 3547 2533 ἀλλά
3600 2480 3693 2533 διὰ

2099 2565 2194 2620 τοῦ
2227 2566 2360 2620 Υἰοῦ
2393 2569 2453 2620 τὸ
2482 2567 2711 2639 Πνεῦμα
2742 2568 2800 2634 ἐξ
2833 2568 2999 2622 αὑτοῦ
3029 2570 3457 2639 ἐκπορεύεσθαι·
3493 2572 3687 2641 φεύγει

2100 2659 2157 2711 δὲ
2196 2659 2361 2713 πάλιν
2407 2661 2468 2713 τδ
2508 2660 2767 2730 λέγεσθαι
2821 2660 3013 2732 πόρρω
3079 2662 3176 2715 τοῦ
3235 2661 3558 2735 Πνεῦματος
3607 2667 3695 2719 αἴ-

2101 2768 2219 2804 τιον
2242 2752 2329 2805 διὰ
2359 2752 2421 2804 τὸ
2474 2753 2671 2824 μηδενὶ
2716 2753 3060 2821 διείργεσθαι
3116 2754 3285 2808 αὑτοῦ
3349 2758 3693 2828 διαστήματι

2106 2842 2167 2896 τὸ
2197 2842 2285 2896 διὰ
2318 2842 2414 2896 τοῦ
2446 2844 2582 2897 Υἱοῦ
2623 2845 3061 2915 ἐκπορευόμενον
3090 2847 3146 2913 ἐξ
3182 2848 3374 2905 αυτοῦ.

2185 2935 2353 3007 Ὁρᾷς
2369 2935 2468 3003 τῆς
2491 2934 2747 3006 διαϐολῆς
2778 2936 2877 3006 τὴν
2905 2939 3249 3009 ὑπερϐολήν;
3288 2941 3429 3013 Ὅρα
3460 2944 3693 2998 κάντεῦ-

413 3037 494 3092 Τυ
533 3038 756 3107 quidem
790 3035 1101 3091 divinarum
1159 3049 1452 3088 causarum
1488 3034 1824 3089 differentias
1856 3035 1999 3089 emn-

2107 3027 2233 3081 θεν.
2266 3028 2339 3081 Σὺ
2375 3023 2477 3096 μὲν
2506 3028 2774 3098 διαφορὰς
2805 3030 3146 3101 θεουργικῶν
3216 3034 3411 3088 αἰτίων
3463 3037 3698 3092 πλαττ-ό-

413 3147 549 3202 gcns
613 3130 925 3186 timerentes
987 3128 1150 3183 etiam
1226 3128 1551 3200 hypOslases
1607 3127 1862 3183 constitui
1921 3126 1999 3182 ai-

2109 3134 2269 3187 μενος
2310 3118 2611 3190 διαφόρους
2635 3122 2731 3174 καὶ
2759 3121 2860 3183 τὰς
2900 3122 3231 3189 ὑποστάσεις
3292 3131 3700 3201 συναπαρτίζε-

401 3227 600 3282 ﬁrmas
655 3232 705 3279 et
766 3223 1062 3280 scissiones

413 3317 712 3388 singularis
762 3317 1000 3385 Spiritus
1040 3325 1248 3370 natura:
1284 3315 1548 3383 consequi
1580 3325 1634 3369 et
1679 3316 1731 3369 in
1778 3316 1995 3370 diversa

411 3407 660 3461 eamdem
696 3405 1013 3475 hypostasiu
1067 3404 1258 3458 referri
1307 3405 1606 3474 principia;
1655 3405 1855 3459 veritas
1902 3421 2000 3459 au-

400 3511 522 3553 tem
563 3499 635 3553 ita
684 3514 743 3553 se
788 3498 991 3551 habet:
1028 3496 1086 3550 Si
1122 3494 1304 3550 Patris
1345 3496 1488 3550 foret
1522 3496 1762 3566 Spiritus
1800 3512 2000 3551 secun-

412 3594 544 3646 dum
600 3590 944 3660 personalem
992 3590 1389 3658 proprietatem
1444 3586 1646 3655 Patris,
1694 3588 1997 3643 secundum

420 3702 586 3757 quam
621 3701 649 3738 a
687 3682 824 3737 Filio
856 3693 941 3737 est
969 3682 1288 3746 distinctus,
1326 3697 1432 3736 non
1461 3692 1605 3735 esset
1634 3681 1870 3752 Spiritus
1907 3680 1998 3736 Fi-

398 3780 508 3847 lii;
544 3789 598 3833 et
631 3778 675 3833 si
705 3775 824 3831 Filii
857 3775 996 3831 foret
1028 3773 1275 3851 Spiritus
1311 3774 1613 3829 secundum
1654 3777 1997 3842 personalem

413 3870 804 3940 proprietatem
858 3865 1004 3931 Filii,
1041 3863 1344 3920 secundum
1388 3880 1549 3932 quam
1589 3862 1763 3918 Filius
1802 3864 2000 3918 distin-

413 3970 537 4013 ctus
564 3965 646 4012 est
680 3972 708 4009 a
741 3955 923 4018 Patre,
958 3971 1065 4007 non
1097 3964 1246 4008 esset
1282 3952 1524 4023 Spiritus
1560 3951 1757 4008 Patris.
1794 3951 1999 4007 Verum

418 4060 503 4105 est
539 4050 782 4118 Spiritus
824 4046 1004 4100 Patris
1046 4056 1099 4099 et
1147 4045 1385 4114 Spiritus
1430 4043 1551 4098 Filii
1587 4055 1645 4100 ut
1701 4045 1866 4100 uuitts
1908 4043 2000 4100 Dei

417 4143 689 4212 Spiritus;
742 4148 793 4195 et
849 4140 1110 4208 quoniam
1167 4138 1405 4207 Spiritus
1441 4146 1525 4191 est
1576 4138 1891 4201 amborum,
1944 4145 2004 4191 ut

417 4235 584 4288 unius
618 4232 712 4285 Dei
749 4231 1010 4301 Spiritus,
1040 4240 1094 4283 et
1126 4244 1193 4284 ex
1228 4229 1497 4283 ambobus
1528 4229 1805 4283 exsisleus
1843 4238 1904 4281 ut
1933 4242 2001 4281 ex

403 4342 528 4381 :uuo
574 4326 685 4380 Deo
721 4325 975 4390 exsistit;
1028 4333 1082 4377 et
1122 4323 1399 4392 quomodo
1446 4328 1707 4375 ca'terum
1765 4318 2001 4387 Spiritus

418 4426 643 4470 sanctus
692 4414 746 4468 iu
805 4413 916 4467 duo
970 4411 1190 4466 diversa
1238 4410 1508 4480 principia
1562 4407 1793 4462 relatam
1843 4409 2001 4463 habet

1148 3222 1447 3278 individua:
1499 3231 1553 3276 et
1619 3223 1883 3292 simplicis
1944 3230 1999 3276 et

2104 3210 2227 3262 σθαι
2257 3208 2439 3279 λέγεις
2475 3214 2571 3264 καὶ
2604 3212 2780 3281 τομὰς
2804 3214 2901 3284 τῆς
2956 3215 3207 3284 ἀτμήτου
3256 3220 3352 3271 καὶ
3386 3219 3565 3291 ἁπλῆς
3598 3223 3696 3273 καὶ

2102 3300 2315 3365 ἑνιαίας
2346 3300 2443 3355 τοῦ
2469 3301 2815 3368 Πνεῦματος.
2853 3305 3072 3374 φύσεως
3106 3307 3427 3363 ἀκολουθεῖν
3464 3315 3557 3365 καὶ
3611 3317 3694 3377 εἰς

2100 3394 2336 3466 διάφορα
2366 3395 2466 3466 τὴν
2499 3396 2670 3457 αὐτὴν
2699 3396 3007 3452 ὑπόστασιν
3071 3401 3444 3473 ἀναφέρεσθαι
3497 3408 3649 3461 αἴτια
3678 3425 3694 3441 ο

2099 3487 2163 3541 τὸ
2186 3487 2244 3540 δ’
2272 3488 2475 3560 ἀληθὲς
2507 3488 2681 3553 οὑτως
2712 3488 2838 3562 ἔχον
2884 3493 3033 3545 ἐστίν
3054 3510 3067 3522 ·
3102 3493 3164 3549 Εἰ
3222 3496 3315 3549 τοῦ
3345 3498 3566 3567 Πατρὸς
3620 3497 3689 3574 ἦν

2102 3581 2166 3633 τὸ
2200 3581 2433 3650 Πνεῦμα
2469 3582 2613 3636 κατά
2652 3582 3025 3655 ὑποστατικὴν
3055 3585 3300 3657 ἰδιότητα
3327 3588 3420 3643 τοῦ
3454 3592 3695 3664 Πατρὸς,

2103 3671 2231 3725 καθ’
2278 3671 2347 3742 ἢν
2375 3672 2404 3725 ό
2459 3672 2652 3742 Πατὴρ
2698 3672 3017 3727 odorat-cat
3066 3677 3162 3730 τοῦ
3194 3678 3349 3746 Υἱοῦ,
3398 3683 3498 3736 οὑκ
3525 3685 3591 3739 ἂν
3626 3683 3696 3756 ἦν

2103 3763 2334 3835 Πνεῦμα
2368 3764 2526 3819 Υἱοῦ·
2560 3767 2655 3819 καὶ
2688 3768 2736 3819 εἰ
2772 3767 2867 3820 τοῦ
2917 3768 3050 3822 Υἰοῦ
3098 3765 3166 3841 ἦν
3205 3774 3268 3824 τὸ
3298 3775 3522 3846 Πνεῦμα
3554 3784 3695 3831 κατὰ

2105 3855 2484 3927 ύποστατικὴν
2532 3857 2772 3929 ἰδιότητα
2822 3859 2917 3913 τοῦ
2982 3859 3132 3927 Υἰοῦ,
3189 3863 3312 3917 καθ’
3347 3865 3415 3935 ἣν
3475 3869 3503 3920 ό
3568 3868 3631 3921 Υὶ
3668 3889 3695 3934 ς

2103 3947 2419 4002 διέσταλται
2449 3948 2545 4002 τοῦ
2579 3950 2814 4020 Πατρδς,
2844 3951 2946 4005 οὑκ
2980 3951 3049 4006 ἂν
3085 3949 3154 4024 ἦν
3185 3955 3409 4027 Πνεῦμα
3437 3961 3677 4031 Πατρός

2103 4036 2222 4091 ἀλλ’
2289 4038 2406 4092 ἐστι
2460 4039 2687 4111 Πνεῦμα
2750 4041 2965 4114 Πατρὸς
3007 4049 3104 4097 καὶ
3161 4046 3569 4119 ΠνεῦμωΥἱοῦ,
3618 4055 3694 4117 ὼ;

2105 4129 2224 4194 ἑνὸς
2250 4131 2389 4184 Θεοῦ
2412 4131 2639 4203 Πνεῦμα
2665 4150 2680 4165 ο
2721 4135 2820 4188 καὶ
2847 4136 2971 4189 ἐπεὶ
3025 4137 3255 4211 Πνεῦμά
3281 4143 3429 4196 ἐστιν
3464 4145 3690 4213 ἀμφοῖν,

2101 4220 2178 4286 ὡς
2211 4223 2330 4286 ἑνὸς
2363 4223 2499 4278 Θεοῦ
2535 4224 2783 4297 Πνεῦμα,
2812 4228 2908 4281 καὶ
2933 4229 2992 4295 ἐξ
3022 4228 3228 4300 ἀμφοῖν
3255 4232 3506 4305 ὑπάρχον
3533 4236 3608 4300 ὡς
3630 4239 3689 4304 ἐξ

2105 4315 2225 4379 ὲνδς
2264 4317 2507 4389 ὑπάρχει
2539 4318 2700 4373 Θεοῦ.
2736 4321 2846 4374 Καὶ
2874 4323 2994 4385 πῶς
3045 4322 3238 4378 λοιπὸν
3289 4326 3368 4391 εὶς
3400 4329 3494 4383 δύο
3539 4331 3691 4385 αἴτια

2106 4410 2441 4480 διαφέροντα
2490 4412 2915 4485 ἀναφερομένην
2966 4416 3083 4489 ἔχει
3120 4419 3221 4489 τὴν
3285 4422 3489 4476 ἑαυτοῦ
3555 4426 3686 4495 μίαν

416 4525 580 4564 unam
624 4508 709 4564 sui
743 4507 917 4577 ipsius
964 4504 1328 4577 hypOstasiu?
1357 4501 1414 4557 Si
1468 4517 1597 4558 vero
1631 4503 1749 4572 ipse
1792 4517 1901 4557 non
1937 4518 1999 4556 ex

2111 4501 2419 4555 ὑπόστασιν
2479 4502 2540 4556 τδ
2600 4503 2830 4574 Πνεῦμα
2886 4506 2946 4558 τὸ
2989 4507 3185 4575 ἂγιον;
3223 4509 3399 4563 Αὐτοῦ
3431 4512 3487 4566 δὲ
3521 4514 3598 4585 μὴ
3630 4515 3690 4565 ἐκ

416 4603 633 4656 duobus
648 4599 864 4654 exsistit
888 4597 1189 4667 principiis,
1216 4610 1394 4665 neque
1422 4594 1652 4649 diversae
1677 4594 2000 4664 hypostases

418 4708 519 4763 pro
550 4690 700 4746 inani
734 4701 826 4743 tua
861 4706 926 4743 ac
960 4689 1099 4742 futili
1138 4689 1400 4757 opinione
1435 4685 1867 4751 constituentur,
1904 4702 1999 4741 ne-

418 4801 523 4852 que
556 4785 725 4838 sectio
756 4781 1005 4852 qumdam
1053 4781 1344 4835 inducetur
1379 4779 1431 4831 in
1480 4778 1797 4832 indivisibili
1830 4779 2001 4845 ipsius

416 4891 672 4948 persona.
713 4874 769 4928 Si
807 4890 933 4929 vero
980 4882 1037 4927 tu
1078 4872 1305 4925 omnino
1339 4882 1568 4948 necesse
1605 4883 1728 4922 esse
1776 4876 2004 4923 conten-

415 4942 524 5034 dis,
569 4979 627 5024 ut
660 4968 770 5023 duo
800 4969 1013 5023 diversa
1065 4964 1301 5033 Spiritus
1351 4942 1682 5015 ce‘nseantur
1733 4961 2000 5031 principia

410 5062 575 5117 Pater
622 5072 677 5116 et
725 5059 926 5123 Filius,
968 5058 1096 5127 quia
1149 5054 1452 5109 secundum
1514 5054 1827 5122 personales
1879 5069 2004 5123 pru-

414 5156 676 5227 prietates
730 5155 831 5222 ipsi
885 5153 955 5204 ab
1007 5149 1243 5202 invicem
1291 5144 1575 5208 differunt,
1618 5158 1748 5198 cave
1799 5159 1865 5198 ne
1908 5153 2001 5198 tua

414 5249 739 5320 imprudens
792 5242 1086 5298 curiositas
1134 5248 1298 5308 atque
1350 5248 1680 5306 praepostera
1733 5236 2001 5291 industria

416 5351 469 5397 te
505 5341 771 5410 impellat,
805 5347 863 5389 ut
893 5335 1034 5388 duos
1077 5333 1228 5386 dicas
1265 5332 1398 5385 deos
1434 5330 1650 5384 Patrem
1683 5338 1735 5383 et
1771 5327 1998 5393 Filium,

415 5434 546 5505 quia
576 5431 881 5488 secundum
914 5425 1161 5479 eamdem
1196 5424 1569 5493 pcrsunalium
1607 5421 2001 5492 proprietatum

416 5525 782 5585 diiierentiam
834 5520 939 5593 ipsi
985 5520 1053 5575 ab
1105 5519 1341 5574 invicem
1393 5517 1676 5572 dili‘erunt.
1729 5516 2003 5569 Ateuim-

489 5734 561 5803 (l)
587 5732 666 5786 Ita
707 5730 774 5786 ad
811 5727 1034 5803 verbum
1073 5724 1352 5803 ethdcnt_
1378 5720 1623 5803 ϐιοθρῙῇ
1664 5728 1873 5777 textum
1910 5721 2005 5779 dat

416 5791 622 5860 Recens
654 5813 818 5858 etiam
850 5799 1037 5870 Epigr.
1071 5796 1105 5884 l_
1125 5793 1219 5851 Gr.
1249 5792 1394 5851 orth.
1424 5808 1481 5863 p.

2110 4592 2204 4647 δύο
2236 4595 2431 4649 αἰτίων
2492 4595 2861 4666 ὑπάρχοντος,
2895 4597 3025 4651 οὔτε
3058 4600 3313 4673 διάφοροι
3359 4604 3691 4669 ὑποστάσεις

2109 4687 2178 4757 τῇ
2217 4687 2362 4739 κατὰ
2390 4685 2452 4738 σὲ
2485 4689 2789 4760 κενοφωνίᾳ
2820 4694 3341 4771 συναπαρτίζονται,
3376 4698 3502 4750 οὗτε
3557 4705 3695 4771 τομή

2109 4793 2192 4838 τις
2226 4779 2369 4831 κατὰ
2398 4778 2499 4848 τῆς
2520 4780 2770 4851 ἀτμήτου
2796 4783 3158 4850 ὑποστάσεως
3180 4788 3349 4843 αὑτοῦ
3378 4791 3693 4860 ἐπαφίεῖαι.

2110 4870 2173 4924 Ei
2206 4870 2263 4922 δὲ
2287 4871 2352 4924 σὺ
2380 4874 2562 4927 πᾶσαν
2583 4872 2762 4942 λέγεις
2785 4871 2926 4930 εἶναι
2951 4878 3220 4951 ἀνάγκην,
3251 4881 3348 4936 δὺο
3368 4883 3697 4956 διαφέροντα

2112 4962 2262 5017 αἴτια
2314 4963 2411 5017 τοῦ
2485 4966 2809 5038 Πνεύματος
2873 4968 3189 5040 λογίζεσθαι
3238 4976 3329 5029 τὸν
3357 4977 3575 5051 Πατέρα
3604 4985 3697 5034 καὶ

2112 5056 2202 5109 τὸν
2232 5057 2362 5111 Υἱὸν
2395 5056 2484 5111 διὰ
2524 5059 2588 5112 τὸ
2635 5062 2778 5114 κατά
2834 5063 2934 5127 τὰς
2988 5066 3361 5134 ὑποστατικὰς
3424 5073 3694 5145 ἰδιότητας

2112 5150 2357 5220 ἀλλήλων
2393 5151 2685 5223 διαφέρειν
2722 5156 2947 5223 αὐτοὺς,
2979 5158 3101 5228 ὅρα,
3139 5161 3355 5231 μήποτε
3388 5164 3449 5217 τὸ
3474 5166 3571 5236 τῆς
3598 5184 3691 5218 πο-

2110 5241 2576 5316 λυπραγμοσύνης
2637 5262 2731 5297 σου
2809 5247 3002 5319 ἄλογον
3049 5251 3320 5325 συνελασῃ
3356 5256 3434 5328 (2)
3485 5276 3543 5312 σε
3606 5260 3695 5313 δύο

2112 5334 2271 5396 θεοὺς
2322 5334 2501 5403 λέγειν
2534 5337 2626 5388 τὸν
2663 5339 2888 5410 Πατέρα
2932 5343 3025 5394 καὶ
3057 5344 3149 5396 τὸν
3181 5342 3421 5401 Υἰδνδιὰ
3471 5352 3531 5403 τὸ
3555 5355 3694 5406 κατά

2109 5427 2209 5496 τὴν
2235 5427 2403 5499 αὑτὴν
2459 5430 2725 5503 διαφορὰν
2791 5434 2898 5487 τῶν
2955 5436 3359 5495 ὑποστατικῶνι
3411 5443 3689 5516 ἱδιοτήτων

2112 5520 2362 5592 ἀλλήλων
2393 5522 2680 5594 διαφέρειν
2715 5526 2915 5591 αὐτούς
2944 5544 2957 5559 ο
3003 5529 3140 5584 ἀλλὰ
3169 5532 3277 5605 μὴν
3320 5536 3440 5607 οὑχὶ
3470 5538 3563 5591 δύο
3586 5539 3707 5595 θεοὶ.

2185 5731 2261 5800 (Ξ)
2285 5728 2420 5786 Cod.
2445 5727 2749 5783 συνελάσει.
