4042 6416
337 422 446 489 813

1100 364 1539 478 IiEFUTATIO
1580 415 1945 475 PHOTIANI
1988 416 2204 475 LIBRI
2248 415 2343 475 DE
2385 416 2700 476 SPIRITU
2740 417 2798 476 S.

3486 410 3589 474 8ιί

333 544 364 598 ὁ
413 541 600 610 Πατὴρ
629 542 736 593 εἰσι
765 538 859 591 καὶ
889 540 916 592 ὁ
938 536 1087 601 Υἱὸς,
1124 540 1173 590 εἰ
1207 536 1299 592 καὶ
1332 534 1582 606 ἀλλήλων
1623 536 1743 597 ταῖς
1771 534 1905 587 ὑπο-

2023 550 2139 589 voro
2170 551 2275 590 non
2308 537 2417 590 duo
2450 536 2521 590 dii
2564 544 2693 589 sunt
2726 532 2887 588 Pater
2918 538 2973 587 et
3019 529 3208 595 Filius,
3253 524 3380 583 licet
3410 528 3478 582 ab
3508 530 3592 584 iu-

336 633 628 694 στατικαῖς
687 631 975 700 διαφοραῖς
1017 629 1410 700 διαφέρουσινο
1476 625 1605 678 οὐδὲ
1656 624 1751 678 δύο
1800 624 1908 691 ἄρα

335 724 485 778 αῐτιά
501 723 662 787 εισιν,
687 724 736 776 ει
754 723 849 777 καὶ
875 721 1121 792 ἀλλήλων
1157 722 1278 784 ταῖς
1303 720 1699 780 ὑποστατικαῖς
1720 716 1908 786 διαφο-

334 816 458 887 ραῖς
475 814 849 885 διαφέρουσιν.

374 920 377 923 ·
416 907 543 959 Ἐπὶ
591 906 648 958 δὲ
671 907 783 968 τοῖς
826 902 1145 974 εἰρημένοις
1167 902 1288 956 οὐδ’
1330 900 1535 971 ἀληθές
1581 901 1700 954 ἐστι
1728 900 1822 954 καὶ
1851 900 1912 951 τὸ

329 999 512 1063 λέγειν
543 1015 601 1050 σε
630 997 719 1050 διὰ
764 997 824 1049 τὸ
860 997 935 1067 μὴ
975 991 1117 1049 εἴναι
1149 994 1241 1048 τοῦ
1277 994 1601 1064 Πνεύμοιτος
1659 990 1758 1063 τὴν
1813 993 1906 1043 ὲκ-

330 1092 593 1160 πόρευσιν
630 1089 728 1160 τῆς
755 1089 812 1142 ὲν
854 1091 919 1159 τῇ
954 1087 1143 1158 Τριάδι
1195 1085 1587 1155 θεωρουμένης
1649 1084 1902 1153 ὑπερφυ-

328 1183 426 1245 οῦς
478 1181 683 1242 ἐνάδος,
715 1181 832 1243 ἑνὸς
871 1180 1035 1249 μόνου
1062 1178 1174 1232 τῶν
1201 1177 1369 1247 τριῶν
1408 1177 1713 1246 ἑνέργειανξ
1753 1171 1895 1228 εἶναι

331 1277 424 1331 καὶ
475 1272 773 1345 προϐολήν.
800 1271 875 1324 Τὸ
906 1271 1016 1340 γὰρ
1047 1270 1274 1337 Πνεῦμα
1301 1269 1360 1320 τὸ
1385 1268 1567 1336 ἅγιον,
1602 1266 1792 1335 ὥσπερ
1814 1263 1909 1318 τοῦ

332 1368 571 1437 [ἰατρὸς.
618 1365 767 1419 οὕτω
790 1363 885 1418 καὶ
915 1362 1009 1415 τοῦ
1042 1360 1176 1415 Υἱοῦ
1209 1359 1362 1424 ζῶσά
1390 1376 1452 1411 τε
1498 1358 1594 1411 καὶ
1642 1356 1912 1425 οὑσιώδης

332 1455 692 1524 ἱερολογεῖται
715 1452 968 1521 ἐνέργεια
991 1467 1004 1482 ⁸
1038 1452 1133 1505 καὶ
1150 1451 1198 1502 εἰ
1223 1448 1382 1519 μόνον
1412 1444 1481 1519 ἦν
1506 1447 1637 1517 αὐτὸ
1664 1446 1759 1500 τοῦ
1796 1447 1929 1501 Παι.

326 1548 457 1618 ’πρὸς
500 1544 764 1614 προϐολὴ,
794 1544 893 1596 οὐκ
936 1542 1002 1597 ἂν
1060 1541 1223 1594 αὑτοῦ
1297 1539 1639 1608 προϐολεὺς
1689 1538 1786 1592 διὰ
1807 1540 1916 1593 Λό-

311 1630 439 1708 ’γου
472 1637 546 1708 (1)
571 1638 598 1689 ὁ
638 1635 829 1706 Πατὴρ
867 1632 1222 1702 ὲοεολογεῖτο.
1254 1633 1552 1703 Προσέχειν
1596 1631 1655 1686 δὲ
1703 1631 1785 1684 δεῖ
1818 1632 1915 1684 καὶ

328 1729 396 1795 τῇ
425 1724 650 1799 τοιαύτῃ
671 1721 765 1776 τοῦ
808 1722 968 1790 λόγου
998 1719 1304 1788 διασκέψει.
1333 1720 1448 1773 Νῦν
1469 1721 1565 1791 μὲν
1600 1720 1791 1791 πόρρω
1813 1720 1915 1790 τῆς

333 1817 645 1886 ὑπερσῖδξου
709 1814 958 1882 θεότητος
991 1814 1058 1868 τὰ
1088 1812 1313 1884 χρονικὰ
1370 1814 1738 1883 προσρηματα
1771 1807 1908 1866 εἶναι

2011 630 2185 684 vicem
2237 628 2594 699 bypostaticis
2630 626 2886 681 dilferant
2938 624 3411 697 proprietatibus,
3460 639 3592 693 ergo

2014 737 2188 793 neque
2214 722 2324 777 duo
2367 730 2495 777 sunt
2523 720 2816 791 principia,
2851 718 2980 773 licet
3030 718 3098 772 ab
3138 716 3378 771 invicem
3429 715 3588 770 diffe-

2014 824 2136 866 rant
2166 812 2588 881 proprietatibus
2618 808 2996 881 liypostaticis.

2085 902 2286 957 Practer
2350 903 2461 973 jam
2529 901 2670 956 dicta
2741 916 2915 968 neque
2966 899 3017 953 id
3067 914 3255 954 verum
3323 907 3407 954 est
3446 899 3592 966 quod

2016 994 2098 1050 ais
2141 1012 2155 1049 :
2204 1005 2492 1064 propterea
2550 992 2698 1062 quod
2748 991 2982 1061 Spiritus
3037 989 3317 1060 processio
3360 1005 3468 1045 non
3521 991 3595 1045 sit
3642 988 3645 993 ’

2016 1086 2245 1141 unitatis
2292 1068 2756 1156 supernaturalis,
2790 1099 2910 1154 quae
2939 1085 2995 1138 in
3026 1083 3294 1139 Trinitate
3323 1085 3591 1147 cernitur,

2014 1195 2133 1235 eam
2170 1179 2335 1234 unius
2365 1178 2639 1234 duntaxat
2673 1178 2838 1233 trium
2870 1177 3244 1246 operationem
3278 1191 3399 1232 esse
3422 1185 3588 1246 atque

2014 1271 2396 1327 emissionem.
2434 1270 2647 1326 Etenim
2705 1270 2942 1337 Spiritus
2986 1276 3245 1331 sanctus,
3290 1268 3452 1324 sicuti
3496 1269 3599 1323 Pa—

2016 1363 2139 1425 tris,
2186 1364 2260 1418 ita
2303 1378 2522 1433 quoque
2569 1361 2691 1417 Filii
2730 1363 2849 1417 viva
2897 1370 2951 1417 et
2995 1360 3306 1417 esscntialis
3351 1361 3596 1425 operatio

2013 1456 2380 1525 praedicatur;
2410 1466 2464 1511 et
2500 1455 2545 1511 si
2582 1456 2820 1526 Spiritus
2857 1454 3000 1511 foret
3040 1455 3213 1510 solius
3256 1453 3438 1511 Patris
3470 1469 3597 1522 pro.

2014 1548 2224 1613 ductio,
2258 1547 2401 1602 haud
2453 1546 2616 1602 Pater
2656 1561 2687 1601 a
2732 1546 2999 1617 “neclegis
3038 1546 3205 1615 ipsius
3238 1561 3338 1614 per
3375 1543 3599 1598 Verbum

2014 1640 2305 1709 productor
2335 1639 2630 1695 diceretur.
2665 1639 3076 1694 Attendendum
3109 1650 3330 1707 quoque
3372 1644 3456 1691 est
3492 1635 3596 1689 hu-

2012 1730 2257 1800 jnsmodi
2319 1728 2756 1785 ratiocinationi.
2821 1727 2986 1782 Modo
3043 1727 3265 1796 quidem
3331 1727 3602 1796 temporis

2020 1821 2278 1877 adverbia
2324 1821 2487 1890 longe
2537 1835 2567 1875 a
2624 1820 2964 1890 sempiterna
3010 1818 3221 1873 Deitate
3268 1818 3446 1875 aliena
3481 1833 3604 1874 esse

338 1910 635 1978 ὁμολογεῖς,
668 1907 765 1961 νῦν
798 1906 856 1959 δὲ
882 1907 1058 1976 λέγων
1089 1905 1541 1975 συλλογιστικῶς,
1565 1907 1640 1969 ὡς
1672 1908 1728 1959 ὲν
1759 1900 1803 1974 ᾧ
1828 1907 1916 1960 διὰ

2023 1913 2333 1978 conﬁteris;
2361 1913 2554 1966 amodo
2590 1921 2772 1966 autem
2811 1911 2940 1965 dum
2992 1911 3371 1965 ratiocinando
3420 1909 3599 1964 dicis:

330 2001 635 2069 γεννήσεως
660 2000 904 2070 πρόεισιν
925 1999 953 2052 ό
985 1998 1132 2064 Υἱὸς,
1170 1998 1227 2053 ἐν
1248 1997 1423 2067 τούτῳ
1451 1997 1517 2051 δι’
1536 1998 1918 2070 ἐκπορεύσεως

326 2093 390 2145 τὸ
415 2091 637 2161 Πνεῦμα
663 2089 898 2161 προάγει
944 2091 1039 2144 καὶ
1066 2089 1365 2161 προάγοντι
1411 2106 1472 2142 τε
1505 2091 1604 2143 καὶ
1662 2106 1908 2160 προαγο-

329 2178 481 2248 μένῳ
516 2178 932 2247 συνυφίσταται,
962 2177 1191 2248 χρονικὰ
1215 2178 1565 2248 διαστήματα
1599 2178 1676 2249 τῷ
1728 2181 1920 2232 συλλο-

326 2268 512 2340 γισμῷ
539 2268 1054 2341 τούτῳλὲπισοιρίζῃ,
1102 2270 1192 2323 ἵνα
1209 2268 1308 2341 τὴν
1351 2270 1666 2341 Ῥωμαϊκὴν
1722 2271 1916 2324 διαϐαο

327 2362 424 2433 ὶῇς
470 2361 796 2432 Ἐκκλησίαν
842 2360 918 2423 ὼς
962 2361 1022 2425 ἐξ
1054 2354 1130 2414 ὧν
1167 2361 1316 2431 λέγει
1345 2362 1607 2432 γεννητὸν
1638 2361 1756 2432 ἅμα
1815 2364 1912 2417 καὶ

323 2455 659 2525 ἑκπορευτδν
690 2450 830 2508 εἶναι
853 2455 912 2507 τὺ
966 2455 1216 2527 Πνεῦμα,
1276 2456 1674 2525 ὲμφαίνουσαν,
1726 2472 1919 2525 γεννηο

320 2549 419 2602 τὸν
452 2547 553 2618 μὲν
583 2546 654 2609 ὡς
678 2546 754 2617 τῷ
793 2545 903 2617 1⁸ἰῷ
947 2548 1273 2618 γεννωμένῳ
1303 2547 1625 2619 συμπροῐὺνη,
1653 2550 1920 2617 ἐκπορευ-

322 2643 419 2695 τὸν
442 2640 520 2706 δὲ,
548 2640 633 2694 ὅτι
666 2640 860 2712 διπλῆν
883 2636 1144 2711 ὑπομένει
1184 2641 1281 2712 τὴν
1305 2642 1651 2713 ἐκπόρευσιν.
1696 2641 1841 2695 Ἀ)λ’
1872 2642 1902 2694 ό

325 2730 484 2796 εἰδὼς
505 2734 606 2803 τὴν
636 2732 948 2805 Ῥωμαϊκὴν
984 2733 1308 2803 Ἐκκλησίαν
1331 2734 1559 2804 ἄχρονον
1590 2735 1687 2788 καὶ
1743 2734 1917 2789 ἀΐδιον

331 2824 397 2876 τὸ
421 2824 575 2879 Θεῖον
601 2824 950 2891 δοξάζουσαν,
995 2824 1294 2895 σατανικῆς
1350 2825 1772 2893 καταγνώσεται
1847 2841 1907 2878 σε

325 2917 525 2978 κακίας
555 2917 784 2971 τοιαῦτα
830 2918 954 2970 κατ’
1002 2918 1177 2988 αὐτῆς
1218 2916 1710 2987 συμπλαττόμενον
1736 2957 1751 2972 .
1807 2917 1916 2973 Οὐ-

321 3009 439 3072 δεὶς
465 3010 576 3081 γάρ
605 3010 755 3064 ἐστιν
779 3009 1035 3080 εὐσεϐὴς,
1074 3009 1134 3073 ὃς
1159 3010 1257 3080 οὐχ
1311 3009 1429 3080 ἅμα
1459 3010 1575 3081 Υἱῷ
1599 3011 1693 3063 καὶ
1721 3009 1817 3063 σὺν
1840 3008 1918 3080 τῷ

325 3100 444 3171 Υἱῷ
495 3101 823 3171 ὑφίστασθαι
843 3102 1056 3169 δοξάζει
1083 3103 1144 3155 τὸ
1182 3102 1409 3173 Πνεῦμα
1439 3103 1504 3156 ὲκ
1526 3102 1620 3156 τοῦ
1677 3103 1917 3172 Πατρὸς,

324 3193 457 3247 ἁλλ’
484 3190 607 3265 ὁὺχὶ
635 3196 728 3249 καὶ
758 3196 1021 3264 γεννητὸν
1053 3196 1145 3250 διὰ
1174 3195 1333 3248 τοῦτο
1354 3195 1413 3248 τὸ
1444 3193 1669 3265 [Ινεῦμά
1706 3196 1858 3248 ἐστιν
1896 3195 1912 3226 '°

322 3285 409 3337 ὅτι
438 3284 538 3355 τὴν
588 3283 817 3353 πρόοδον
841 3284 965 3353 ἅμα
997 3284 1096 3353 μὲν
1131 3283 1246 3353 Υἰῷ
1270 3285 1368 3338 καὶ
1386 3284 1484 3338 σὺν
1510 3283 1589 3352 τῷ
1610 3281 1748 3353 Υἱῷ,
1776 3281 1916 3352 πλὴν

326 3376 466 3435 ἀλλὰ
516 3379 610 3432 καὶ
646 3378 735 3433 διὰ
780 3377 874 3432 τοῦ
920 3379 1055 3432 Υἱοῦ
1086 3378 1428 3448 συναχρόνως
1453 3378 1556 3431 καὶ
1581 3378 1921 3441 ἀδιαστὰτως

324 3469 389 3539 ἦ,
419 3469 478 3522 τὸ
518 3468 852 3543 κυριώτερον
898 3472 1095 3533 εἰπεῖν,
1138 3471 1394 3540 apparo;
1441 3470 1553 3540 ἔχει
1596 3469 1662 3523 ὲκ
1691 3467 1785 3522 τοῦ
1813 3469 1922 3521 Πα-

323 3561 478 3631 τρὸς,
500 3562 559 3629 ἐξ
574 3565 778 3633 ἀμφοῖν
798 3562 1018 3630 λέγεται
1038 3560 1179 3617 εἶναι
1201 3564 1534 3633 ὲκπορευτδν
1557 3563 1664 3627 ἀεὶ,
1682 3560 1870 3632 Πνεῦμ
1884 3579 1919 3614 α

326 3654 578 3724 ὑπάρχον
594 3658 687 3710 καὶ
709 3656 966 3710 οὐδέποτε
1000 3656 1284 3725 γεννητόν.

324 3750 592 3807 incli‘abili
626 3749 791 3805 modo
822 3748 987 3805 habet
1016 3763 1080 3803 ex
1118 3747 1305 3813 Patre,
1336 3762 1401 3802 ex
1441 3756 1679 3817 utroque
1712 3746 1917 3802 dicitur

323 3859 608 3916 quaquam
642 3850 958 3914 generatus.

556 3924 563 3927 ’
947 3934 1340 3992 KEIMENON.

411 4028 574 4083 Ἀλλὰ
616 4028 710 4082 καὶ
764 4026 929 4098 μέχρι
976 4027 1125 4091 τινος
1170 4028 1251 4083 δεῖ
1284 4030 1571 4099 σχολάζειν
1594 4034 1711 4095 τοῖς
1742 4033 1898 4102 ἀκρι-

321 4122 440 4187 6ὦς
476 4122 576 4194 ἤδη
604 4121 701 4175 καὶ
718 4118 1046 4191 πολυμερῶς
1100 4119 1604 4193 ἀποδεδειγμένοις,
1649 4124 1769 4177 δεον
1816 4122 1916 4176 καὶ

320 4214 387 4269 εῖ
431 4233 483 4268 τι
539 4214 752 4286 ἕτερονέ
779 4214 963 4277 αὐτοῖς
1013 4212 1420 4285 προκομίζεται
1452 4217 1552 4288 τῆς
1575 4217 1915 4288 κακοσχόλου

321 4307 563 4378 γνώμης
594 4306 987 4378 διασκορπίσαι
1020 4325 1035 4375 ;

408 4399 517 4468 Eg’.
563 4394 889 4470 Ἀμόρόσιον
916 4401 1014 4453 καὶ
1053 4401 1419 4471 Αὐγουστῖνον
1455 4400 1557 4457 καῖ’
1588 4400 1931 4475 Ἱερώνυμον

321 4493 427 4548 καί
449 4510 599 4556 τινας
623 4491 849 4559 ἑτέρους
861 4492 940 4563 τῷ
961 4491 1190 4563 δόγματι
1207 4494 1307 4563 τῆς
1343 4492 1668 4564 Ἐκκλησὶας
1723 4496 1919 4546 ἀνταν-

329 4582 547 4639 ιστᾶσιο
571 4581 801 4651 καὶγὰρ
830 4597 994 4649 φασιν
1017 4582 1210 4644 αὐτοὺς
1233 4582 1296 4635 τὸ
1320 4582 1549 4652 Πνεῦμα
1571 4581 1921 4652 δογματίζειν

329 4672 741 4743 ἐκπορεύεσθαι
768 4673 868 4727 τοῦ
897 4671 1051 4727 Υἱοῦ.
1086 4673 1200 4728 Καὶ
1229 4673 1312 4727 δεῖ
1343 4676 1523 4744 ἱεροὺς
1557 4675 1806 4745 Πατέρας
1844 4674 1919 4745 μὴ

327 4766 654 4833 δυσσεϐείας
683 4766 929 4834 ὑπάγειν
952 4764 1287 4836 ἐγκλήματι.
1320 4767 1388 4818 Ἦ
1411 4771 1517 4837 γὰρ
1536 4766 1779 4828 εὐσεϐῶς
1811 4766 1923 4819 ἔδοι

329 4861 634 4932 γμὰτισαν,
654 4861 749 4920 καὶ
771 4860 878 4932 χρὴ
902 4860 1029 4923 τοὺς
1062 4861 1177 4914 ὅσοι
1203 4860 1450 4927 Πατέρας
1474 4860 1671 4924 αὐτοὺς
1695 4860 1924 4930 ἐπιγρά-

329 4971 548 5026 φονται,
565 4957 897 5025 συμφρονεῖν
912 4954 1091 5008 αὐτῶν
1122 4952 1200 5023 τῷ
1232 4957 1563 5023 φρονήματι,
1596 4954 1629 5022 ἢ
1663 4954 1772 5007 τῶν
1792 4953 1921 5007 δυσ-

332 5049 513 5102 σεὸὠν
530 5050 675 5118 εἰση]
691 5048 824 5119 ητὰς
850 5047 1136 5117 δογμάτων
1158 5048 1450 5115 γεγονότας
1475 5028 1761 5123 κάκείνους
1783 5045 1923 5116 μετὰ

328 5139 429 5193 τοῦ
494 5141 846 5211 φρονήματος
882 5139 955 5201 ὡς
990 5141 1206 5201 ἀσεϐεῖς
1255 5138 1704 5209 ἀποπέμπεσθαι.
1736 5138 1921 5192 Ταῦτα

327 5234 510 5299 τινες
549 5233 613 5286 Oi.
635 5233 911 5286 νεανίσκοι
946 5235 1049 5303 μὲν
1073 5233 1172 5303 τὴν
1189 5232 1471 5297 ἀπόνοιαν,
1502 5231 1735 5293 δεδιότες
1767 5230 1915 5303 [bo].

331 5326 704 5380 νεανίσκοι....
728 5324 1011 5397 ἅδειότες]
1040 5324 1094 5378 δε
1139 5325 1214 5396 μή
1240 5325 1341 5378 πού
1383 5342 1436 5378 τι
1463 5324 1570 5379 τῶν
1598 5325 1922 5395 ἀτολμήτων

331 5418 600 5487 διαφυγὸν
636 5418 821 5473 αὐτῶν
854 5417 953 5489 τὴν
1001 5419 1207 5491 τόλμαν
1255 5420 1560 5489 ἄπρακτον,
1608 5420 1708 5471 ὅσα
1739 5435 1804 5487 γε
1853 5421 1919 5489 τῇ

333 5511 488 5578 σφῶν
515 5512 711 5583 γνώμῃ
775 5514 871 5564 καὶ
918 5512 1122 5582 σπουδῇ
1161 5512 1397 5580 γένοιτο.
1450 5512 1588 5565 Οὐδὲ
1656 5514 1767 5584 γὰρ
1799 5512 1925 5567 οὐδ’

332 5604 570 5676 ἤρκεσεν
608 5604 792 5667 αὐτοῖς
829 5601 954 5656 οὔτε
990 5605 1087 5672 τῆς
1110 5604 1451 5673 Δεσπιιτικῆς
1509 5605 1694 5674 φωνῆς
1744 5609 1775 5675 ἡ
1808 5606 1922 5661 δια-

340 5695 555 5764 στροφὴ
582 5692 709 5747 οὔτε
737 5694 833 5748 τοῦ
872 5698 1115 5765 κὴρυκος
1155 5695 1349 5766 (2)τῆς
1380 5695 1665 5761 εὐσεϐείας
1711 5699 1744 5770 ἡ
1785 5698 1922 5768 πρὸς

400 5881 477 5953 (I)
511 5879 736 5940 Phrasis
788 5881 1015 5940 Joannis
1070 5882 1395 5939 Damasccnl
1454 5900 1598 5956 szrpe
1659 5886 1916 5955 aiicgnta.

1955 4554 1997 4606 Ι)

2023 2006 2146 2071 Quo
2191 2014 2471 2073 momento
2511 2003 2683 2058 Filius
2725 2018 2820 2072 per
2870 2003 3281 2071 generationem
3333 2000 3604 2070 procedit,

2019 2097 2212 2153 eodem
2263 2112 2360 2166 per
2414 2095 2825 2164 processiouem
2882 2089 3141 2163 pro'ducit
3193 2091 3487 2162 Spiritum,
3546 2102 3607 2145 et

2022 2189 2349 2260 producenti
2376 2198 2543 2258 atque
2581 2188 2845 2258 producto
2874 2187 3034 2241 simul
3065 2185 3280 2241 exsistit
3315 2193 3371 2240 et
3396 2185 3607 2240 consti-

2020 2283 2224 2346 tuitur,
2286 2280 2553 2349 temporis
2618 2279 2906 2334 intervalla
2955 2277 3226 2348 ejusmodi
3285 2278 3607 2348 syllogismo

2019 2371 2217 2426 callide
2261 2369 2469 2437 ellingis
2503 2378 2558 2424 et
2604 2368 2857 2424 obtrudis
2901 2368 2966 2422 ad
3014 2367 3459 2423 calumniamlam
3500 2365 3609 2420 Ro—

2019 2477 2309 2519 manorum
2348 2460 2676 2523 Ecclesiam,
2718 2460 2876 2529 quasi
2907 2475 2974 2514 ex
3007 2460 3075 2515 iis
3103 2474 3226 2529 quae
3254 2458 3455 2514 asserit
3483 2457 3609 2528 Spi-

2020 2552 2186 2607 ritum
2222 2562 2542 2622 generatum
2601 2553 2764 2607 simul
2808 2560 2864 2607 et
2922 2553 3307 2622 procedentem
3371 2562 3604 2616 astruat,

2018 2657 2338 2714 generatum
2393 2647 2613 2715 quidem
2653 2654 2839 2721 utpote
2873 2660 2999 2701 cum
3054 2644 3193 2701 Filio
3229 2656 3489 2715 generato
3532 2646 3609 2700 si-

2020 2736 2135 2791 mul
2187 2736 2574 2807 prodeuntem,
2628 2737 3016 2805 procedentem
3068 2754 3199 2791 vero
3244 2747 3433 2807 utpote
3480 2738 3609 2792 sub-

2019 2835 2240 2880 euntem
2280 2826 2554 2894 duplicem
2597 2828 3033 2895 processionem.
3071 2828 3270 2882 Verum
3314 2828 3407 2898 qui
3458 2830 3610 2883 novit

2019 2914 2323 2971 Romanam
2368 2914 2676 2969 Ecclesiam
2726 2918 2992 2973 Deitatem
3026 2919 3294 2988 temporis
3326 2929 3606 2989 expertem

2018 3019 2073 3063 et
2099 3008 2491 3077 sempiternam
2526 3008 2863 3078 gloriﬁcare,
2901 3011 3161 3065 salaniem
3196 3022 3246 3066 te
3268 2989 3606 3066 condemna-

2018 3101 2100 3157 bit
2125 3100 2345 3157 malitiae
2376 3100 2507 3155 talia
2535 3110 2730 3156 contra
2764 3101 2936 3172 ipsam
2961 3105 3388 3172 contingentem.
3436 3103 3612 3159 Nemo

2021 3194 2166 3247 enim
2194 3192 2407 3263 piorum
2451 3209 2516 3248 ac
2550 3193 2796 3248 ﬁdelium
2842 3204 2948 3258 est,
2985 3196 3077 3265 qui
3110 3212 3218 3251 non
3269 3197 3435 3251 simul
3472 3196 3613 3250 Filio

2026 3295 2190 3354 atquc
2239 3299 2345 3337 una
2376 3297 2503 3337 cum
2551 3282 2691 3338 Filio
2723 3283 2989 3354 Spiritum
3042 3286 3344 3342 subsistere
3391 3299 3613 3343 censeat

2031 3393 2098 3433 ex
2127 3377 2287 3432 Patre
2313 3393 2328 3443 ;
2360 3392 2535 3447 neque
2566 3386 2746 3430 tamen
2790 3376 2999 3433 idcirco
3037 3379 3279 3448 Spiritus
3320 3390 3613 3450 generatus

2029 3478 2134 3535 est,
2177 3471 2305 3540 quia
2353 3469 2797 3540 progressionem
2846 3470 3011 3525 simul
3060 3470 3201 3527 Filio
3249 3481 3304 3526 et
3336 3488 3443 3527 una
3487 3487 3612 3527 cum

2030 3561 2192 3627 Filio,
2250 3562 2362 3615 imo
2405 3561 2590 3632 potius
2624 3564 2791 3616 etiam
2827 3577 2923 3631 per
2965 3562 3168 3617 Filium
3228 3563 3436 3634 absque
3477 3571 3617 3618 tem-

2027 3669 2159 3724 pore
2192 3661 2247 3707 et
2295 3653 2581 3707 intervallo
2625 3654 2747 3715 vel,
2798 3663 2861 3708 ut
2900 3657 3075 3724 magis
3114 3656 3335 3725 proprie
3389 3654 3568 3710 dicam
3596 3695 3612 3720 ,

1992 3763 2115 3801 esse
2168 3747 2473 3817 procedens
2546 3760 2785 3815 semper.
2824 3745 3392 3824 Spiritus‘exsistens
3422 3758 3475 3804 et
3513 3763 3613 3803 ue-

2664 3931 2850 3987 ΤΕΧΤ
2861 3932 2969 3990 US.

2099 4026 2302 4082 Verum
2349 4039 2638 4095 quousque
2696 4026 2913 4080 tandem
2970 4027 3135 4083 rebus
3177 4028 3290 4099 jam
3351 4029 3507 4100 plene
3545 4048 3611 4088 ac

2028 4120 2389 4176 multifariam
2420 4120 2814 4175 demonstratis
2846 4121 3255 4177 immorandum
3309 4124 3451 4192 erit,
3485 4140 3609 4180 cum

2027 4212 2213 4283 potius
2261 4218 2517 4280 oporteat
2560 4210 2747 4273 etiam,
2788 4209 2833 4265 si
2869 4209 3001 4279 quid
3061 4211 3211 4265 aliud
3257 4227 3357 4280 pro
3398 4214 3621 4280 nequis-

2026 4308 2166 4361 sima
2200 4321 2299 4362 sua
2355 4305 2628 4361 sententia
2662 4302 2968 4374 proferunt,
3021 4304 3332 4375 dissipare?

2092 4399 2182 4455 66.
2221 4394 2568 4455 Ambrosium
2615 4406 2669 4451 et
2716 4397 3087 4466 Augustinum
3133 4407 3188 4450 et
3223 4395 3615 4466 Hieronymum

2026 4503 2080 4548 et
2133 4491 2427 4547 nonnullos
2492 4490 2631 4545 alios
2690 4489 2932 4559 dogmati
2992 4487 3252 4543 Ecclesiae
3309 4488 3614 4559 objiciunt;

2027 4585 2280 4655 inquiunt
2341 4582 2487 4638 enim
2542 4582 2611 4636 ab
2675 4581 2807 4651 ipsis
2857 4581 3065 4646 doceri,
3102 4579 3365 4651 Spiritum
3418 4596 3616 4650 proce-

2028 4678 2158 4733 dere
2185 4693 2253 4733 ex
2289 4675 2451 4733 Filio.
2483 4674 2711 4745 Oportet
2739 4683 2918 4728 autem
2946 4672 3145 4744 (aiunt)
3185 4680 3407 4728 sanctos
3421 4674 3618 4743 Patres

2028 4772 2331 4843 impietatis
2381 4771 2600 4828 crimini
2648 4784 2755 4824 non
2806 4767 3102 4835 subjicere.
3134 4766 3230 4820 Vel
3256 4766 3403 4822 enim
3435 4767 3522 4836 pie
3551 4781 3618 4820 ac

2030 4875 2180 4923 recte
2208 4864 2374 4921 locuti
2396 4871 2550 4930 sunt,
2571 4873 2626 4917 et
2651 4863 2853 4918 debent
2875 4860 3189 4931 quicunque
3211 4875 3306 4915 eos
3331 4869 3390 4914 ut
3427 4858 3619 4929 Patres

2031 4966 2357 5028 agnoscunt,
2388 4957 2632 5026 ipsorum
2657 4953 2940 5010 sententiae
2960 4954 3272 5008 consentire
3298 4967 3313 5018 ;
3344 4952 3427 5007 vel
3450 4952 3617 5022 impia

2028 5050 2266 5105 docuere
2298 5048 2582 5116 dagmata,
2611 5055 2665 5100 et
2701 5057 2832 5099 tunc
2864 5055 3080 5115 oportet
3105 5044 3230 5100 illos
3261 5058 3479 5114 quoque
3508 5058 3617 5098 una

2029 5159 2153 5196 cum
2232 5142 2476 5210 ipsorum
2555 5140 2805 5194 doctrina
2872 5138 3020 5193 velut
3080 5138 3278 5208 impios
3366 5137 3616 5205 rejicrre.

2028 5233 2157 5287 Haec
2186 5247 2319 5287 vero
2353 5232 2579 5300 quinam
2613 5217 2838 5289 dicunt?
2864 5228 2907 5284 li
2941 5229 3225 5295 nimirum,
3262 5228 3614 5298 quijuvenili

2031 5326 2160 5383 elati
2191 5324 2502 5395 arrogantia
2539 5333 2710 5393 atque
2741 5322 3046 5377 temeritate
3072 5330 3350 5383 verentur,
3379 5334 3446 5371 ne
3477 5318 3618 5372 forte

2028 5420 2325 5490 quidquam
2358 5416 2816 5488 gravissimorum
2869 5414 3177 5470 facinorum
3232 5412 3497 5466 infectum
3544 5410 3619 5465 ir-

2029 5512 2310 5581 ritumquc
2344 5509 2685 5579 relinquant,
2714 5516 2981 5579 quantum
3032 5507 3085 5559 in
3128 5504 3264 5576 ipsis
3293 5514 3397 5560 est.
3430 5503 3620 5573 Neque

2028 5605 2173 5656 enim
2228 5604 2362 5658 satis
2410 5602 2535 5658 istis’
2587 5601 2711 5666 fuit,
2760 5601 3103 5656 Dominicam
3150 5597 3482 5668 pervertisse
3523 5611 3623 5651 vo-

2029 5710 2168 5761 cem,
2199 5710 2376 5766 ncqnc
2399 5693 2616 5765 pietatis
2636 5696 2873 5764 praeconi
2900 5691 3196 5759 impietatis
3223 5690 3493 5748 inussisse
3518 5704 3620 5748 no~

2100 5867 2174 5939 (ἢ.)
2204 5866 2368 5924 Laur.
2395 5869 2516 5925 cod.
2546 5868 2707 5924 habet
2744 5856 3132 5939 κηρύγματος-
