4042 6390
392 373 497 433 H5
1416 366 1625 429 JOAN.
1668 367 1884 431 VECCI
1924 367 2042 429 CP.
2085 368 2600 429 PATlilARClL-E
3553 367 3660 430 816

399 504 544 555 tam;
589 490 683 544 sed
735 487 940 558 aliquid
997 485 1180 541 studio
1223 497 1324 540 suo
1370 482 1562 540 deesse
1607 485 1966 550 arbitrantur,

2096 487 2333 541 ὶσέὸειαν
2357 488 2578 555 διαϐολή
2608 503 2622 518 ο
2653 486 2781 540 ἀλλ’
2825 490 3016 554 ἀτελὲς
3060 489 3238 544 αὑτῶν
3296 488 3561 558 ἡγοῦνται
3603 492 3667 543 τὸ

397 585 504 640 nisi
545 593 600 638 et
640 584 880 636 rationes
918 579 1260 650 perquirant,
1298 579 1501 649 quibus
1525 593 1645 642 eos,
1681 593 1822 648 quos
1851 587 1974 633 tan-

2096 579 2432 649 ςπούδασμα,
2466 583 2514 634 εί
2571 582 2646 651 μὴ
2681 582 2776 633 καὶ
2801 581 2896 643 οὓς
2928 581 3180 652 Πατέρσς
3223 581 3456 652 ὑμνοῦσι
3489 583 3663 653 ζητή-

398 691 563 744 quam
617 671 809 727 Patres
859 669 1163 731 celebrant,
1222 667 1552 722 contumelia
1603 664 1860 719 alliciant.
1907 663 1977 716 At

2096 689 2239 726 roum
2268 671 2338 725 δι’
2374 665 2452 726 ὧν
2491 671 2891 742 ἐξυϐρίζουσιν.
2935 673 3163 736 Ἀπλοῦς
3201 673 3258 725 δὲ
3281 674 3378 742 τῆς
3405 673 3669 743 ἀληθείας

398 767 631 836 simplex
669 765 758 818 hic
788 777 1006 833 quoque
1034 773 1119 817 est
1153 759 1402 816 veritatis
1443 772 1649 820 sermo,
1686 757 1838 826 ipsos
1889 756 1976 812 his

2096 763 2514 835 Ξκαταισχύνων
2543 765 2743 828 αὐτοὺς
2772 765 3051 818 κάνταῦθα
3077 765 3262 833 λόγος,
3298 767 3520 830 Σύνετε,
3563 765 3659 818 λέ-

399 860 510 913 fere
539 857 717 911 verbis
750 854 1098 910 conTundens
1123 871 1137 907 :
1168 852 1382 915 Videte,
1418 866 1528 919 quo
1557 849 1738 915 ruitis,
1768 862 1976 919 quous-

2096 874 2194 926 γει,
2217 859 2340 910 ὅποι
2364 857 2618 929 φέρεσθε,
2651 857 2814 928 μέχρι
2849 857 2993 921 τίνος
3023 858 3179 928 ὑμῶν
3207 858 3299 913 τὸν
3328 858 3552 930 ὀλεθρον
3585 861 3669 923 εἰς

397 966 503 1017 que
535 959 767 1004 vestram
811 947 1111 1016 perniciem
1163 945 1221 1000 in
1262 943 1527 999 interiora
1569 941 1766 996 animae
1813 955 1980 1011 pcne-

2096 950 2219 1004 ιὺτὰ
2247 950 2316 1002 τὰ
2344 950 2442 1020 τῆς
2462 949 2642 1020 ψυχῆς
2668 949 3004 1022 ὲμδλθύνετε
3031 949 3238 1021 καίρια.

400 1041 560 1094 tralia
592 1039 947 1109 prOtruditis.

467 1157 555 1210 6'7.
599 1155 836 1221 Quinam
873 1164 1022 1220 sunt,
1059 1153 1154 1224 qui
1192 1166 1386 1209 sacros
1421 1152 1544 1208 illos
1581 1152 1731 1208 viros
1775 1164 1969 1206 revera

399 1251 619 1303 Patrum
651 1249 773 1304 loco
800 1247 1030 1310 habent,
1060 1262 1200 1316 quos
1235 1246 1373 1300 male
1403 1244 1617 1301 faustus
1653 1243 1979 1300 defectionis

400 1355 555 1394 amor
588 1355 685 1394 vos
724 1339 892 1394 veluti
927 1337 1600 1408 impietatis'protectnres
1645 1336 1698 1389 in
1740 1336 1977 1390 medium

2160 1156 2258 1222 ξζθ.
2308 1157 2464 1221 Τίνες
2499 1156 2750 1228 Πατέρας
2783 1157 2908 1219 τοὺς
2953 1156 3136 1226 ἱεροὺς
3159 1156 3362 1226 ἄνδρας
3411 1156 3489 1220 ὡς
3531 1156 3673 1228 ἀλη.

2081 1248 2193 1313 θῶς
2218 1248 2558 1318 νομίζουσιν,
2582 1249 2727 1310 οἴους
2756 1249 2832 1318 (1)
2864 1248 3177 1315 ἠνάγκασεν
3203 1248 3354 1318 ἡμᾶς
3377 1250 3404 1301 ὁ
3421 1248 3673 1320 δύσερως

2080 1343 2181 1411 τῆς
2249 1343 2594 1403 ἀποστασίας
2647 1343 2788 1412 ἔρως
2854 1341 3280 1412 ὑπερασπιστὰς
3325 1342 3674 1412 προκομίζεν

400 1433 647 1499 proferre
671 1431 887 1502 coegit?
938 1429 1174 1497 Quinam
1230 1428 1548 1498 religiosius
1601 1427 1710 1482 illis
1757 1427 1977 1482 Patrum

2096 1435 2180 1488 τοῦ
2227 1434 2644 1504 δυσσεὸήματος
2675 1450 2690 1499 ;
2733 1433 2894 1496 Τίνες
2922 1432 3110 1494 αὐτοῖς
3143 1432 3345 1500 μᾶλλον
3375 1431 3438 1484 τὸ
3468 1450 3674 1504 πατρι-

397 1525 521 1594 jura
554 1524 819 1579 servant?
847 1513 928 1578 An
956 1525 1049 1594 qui
1090 1533 1294 1594 negant
1341 1523 1461 1576 illos
1499 1521 1777 1575 ullatenus
1823 1535 1980 1573 com-

2096 1529 2180 1581 ιιδν
2205 1527 2532 1591 διασώζουσι
2567 1527 2819 1590 δίκαιον;
2855 1526 2918 1578 Oi
2944 1523 3112 1595 μηδὲν
3143 1524 3340 1585 αὑτοὺς
3375 1524 3670 1593 ἀντιφθέγ-

402 1621 552 1674 muni
588 1617 806 1672 Domini
857 1618 1254 1681 contradicere,
1286 1631 1352 1669 an
1383 1615 1476 1684 qui
1523 1615 1626 1668 hos
1662 1613 1886 1682 adigunt
1910 1613 1980 1666 ad

2096 1617 2281 1685 γεσθαι
2300 1615 2375 1685 τῷ
2403 1615 2571 1685 κοινῷ
2627 1617 2876 1687 Δεσπότῃ
2929 1614 3176 1684 μηδόλως
3206 1612 3671 1684 παραδεχόμενο,

402 1712 778 1767 testimonium
833 1711 951 1764 voci
1006 1709 1302 1764 Dominicze
1345 1707 1656 1778 oppositum
1719 1707 1982 1761 exhiben-

2083 1709 2116 1780 ἦ
2146 1711 2196 1763 οἱ
2227 1707 2453 1773 τούτους
2491 1709 2807 1778 βιαζόμενοι
2841 1708 2976 1779 πρὸς
3009 1707 3306 1762 ἀντίπαλον
3325 1709 3674 1777 καταστῆναι

403 1802 532 1854 dum
565 1810 617 1854 et
650 1800 715 1854 ad
742 1799 1065 1853 emirabilem
1102 1799 1250 1853 illam
1285 1799 1641 1868 theologiam,
1672 1813 1782 1868 qua
1820 1798 1982 1853 insti-

2096 1800 2187 1863 εἱς
2215 1801 2552 1869 Δεσποτικῆς
2579 1801 2764 1870 φωνῆς
2804 1799 3116 1869 μαρτυρίαν
3146 1799 3234 1872 ,(2)
3284 1800 3380 1852 καὶ
3413 1800 3514 1868 τὴν
3540 1799 3678 1852 θαυ-

402 1895 502 1946 tuti
553 1891 830 1946 credimus
863 1890 1126 1959 Spiritum
1163 1906 1193 1944 a
1251 1892 1411 1945 Patre
1461 1891 1776 1959 procedere,
1831 1905 1985 1946 com-

2096 1893 2305 1961 μαστὴν
2339 1894 2557 1962 ἐκείνην
2593 1893 3011 1962 μυσταγωγίαν,
3038 1891 3106 1944 δι’
3137 1870 3204 1963 ἧς
3225 1891 3584 1960 θεολογοῦμεν
3609 1891 3676 1944 τδ

405 1982 604 2037 mentis
637 1983 875 2051 propriis
903 1982 1296 2036 evertendam?
1330 1980 1539 2036 Etenim
1567 1981 1842 2050 quomodo
1875 1997 1981 2036 non

401 2085 488 2129 est
527 2073 910 2137 manifestum,
946 2073 1198 2126 haeresim
1237 2073 1403 2126 verbo
1439 2071 1660 2140 quidem
1707 2089 1983 2128 memora-

403 2167 476 2220 tis
530 2166 666 2221 viris
717 2180 912 2220 nomen
969 2164 1195 2219 Patrum
1251 2164 1493 2219 tribuere
1547 2164 1697 2218 omni
1755 2179 1984 2235 prorsus

408 2260 614 2312 honore
645 2257 845 2311 nudum
874 2255 978 2326 (l),
1017 2255 1176 2311 factis
1211 2265 1419 2320 autem,
1454 2256 1656 2326 quibus
1703 2258 1982 2326 preprium

405 2349 660 2415 placitum
730 2359 976 2404 astruere
1034 2348 1439 2413 machinantur,
1477 2349 1528 2402 in
1571 2359 1754 2418 partes
1791 2349 1986 2418 impio-

409 2458 530 2496 rum
573 2451 625 2496 et
659 2441 1105 2510 perniciosorum
1157 2441 1309 2509 ipsos
1356 2440 1658 2510 impellere,
1709 2441 1813 2496 nisi
1845 2440 1985 2496 forte

409 2535 509 2587 viri
553 2533 621 2587 ad
651 2532 836 2586 omnia
881 2531 1119 2587 audaces
1152 2531 1356 2587 talibus
1393 2529 1582 2588 Patres
1608 2547 1740 2587 suos
1779 2547 1987 2602 praero-

409 2625 604 2694 gativis
636 2625 894 2680 oblectavi
923 2633 978 2679 et
1010 2623 1233 2694 gloriari
1267 2623 1531 2679 credunt?

483 2904 574 2958 68.
617 2902 904 2958 Afﬁrmant
928 2901 1255 2957 Ambrosius
1285 2901 1370 2957 vel
1400 2900 1738 2972 Augustinus
1767 2901 1847 2955 vel
1877 2899 1995 2972 qui-

411 3012 631 3066 cunque
657 2997 795 3051 alius
815 2994 1114 3049 Dominicze
1137 2995 1258 3050 voci
1280 2995 1581 3050 contr‘aria.
1603 2995 1737 3062 Quis
1765 2995 1868 3048 hoc
1885 2993 1998 3048 ait?

412 3087 469 3143 Si
494 3105 616 3160 ego,
635 3089 823 3158 utique
847 3090 954 3143 tuis
975 3104 1091 3143 sum
1105 3085 1366 3143 Patribus
1385 3087 1659 3158 injurius;
1688 3089 1773 3142 sin
1792 3098 1920 3142 varo
1942 3096 1998 3142 tu

412 3183 633 3252 quidem
658 3183 879 3246 asseris,
904 3195 1005 3249 ego
1028 3190 1211 3234 autem
1236 3188 1378 3243 veto,
1401 3180 1591 3249 utique
1613 3189 1668 3232 tu
1694 3179 1816 3234 illos
1831 3177 2000 3232 aﬂicis

411 3275 638 3344 injuria,
664 3281 718 3327 et
751 3289 853 3343 ego
889 3282 940 3326 te
967 3271 1221 3327 Patribus
1251 3271 1517 3340 injurium
1541 3271 1871 3326 condemno.
1903 3269 1996 3333 At,

411 3365 614 3434 inquis,
641 3365 716 3418 illi
752 3365 866 3417 haec
891 3364 1253 3430 scripserunt,
1274 3372 1328 3416 et
1351 3362 1406 3415 in
1435 3363 1652 3416 illorum
1690 3360 1844 3416 libris
1871 3375 1998 3416 non-

410 3459 633 3521 tinetur,
656 3455 922 3525 Spiritum
943 3469 970 3507 a
990 3453 1126 3507 Filio
1147 3454 1458 3522 procedere.
1484 3453 1680 3508 Verum
1701 3453 1828 3521 quid
1851 3453 1956 3506 hoc
1975 3452 1998 3505 ?

413 3548 468 3602 Si
509 3550 655 3602 enim
706 3546 902 3600 melius
946 3546 1127 3599 edocti
1177 3543 1506 3598 sententiam
1541 3557 1651 3596 non
1689 3549 1994 3608 mutarunt,

415 3643 460 3695 si
487 3641 655 3709 justis
685 3639 846 3694 evicti
893 3638 1236 3708 argumentis
1268 3637 1336 3690 ab
1366 3649 1556 3690 errore
1603 3650 1714 3689 non
1749 3650 1995 3689 recesse-

409 3743 560 3797 runt,
625 3742 776 3786 tuum
831 3746 973 3800 opus
1016 3729 1152 3784 dicis
1208 3737 1472 3798 tuumque
1534 3727 1989 3782 inemendabilem

413 3830 662 3884 animum
698 3828 826 3899 (alia
861 3842 1052 3882 rursus
1087 3829 1201 3880 haec
1247 3834 1330 3880 est
1358 3824 1621 3880 adversus
1646 3823 1836 3879 Patres
1871 3836 1993 3880 tuos

409 3922 706 3989 calumnia)
766 3922 983 3974 illorum
1039 3920 1304 3974 doctrina:
1354 3931 1634 3991 acceptum
1685 3920 1876 3974 refers.
1917 3919 1974 3974 Si

410 4029 565 4078 vero,
599 4028 723 4082 qua:
774 4022 861 4066 est
912 4027 1093 4066 rerum
1148 4011 1516 4066 humanarum
1562 4013 1832 4076 conditio,
1865 4012 1994 4065 licet

412 4105 750 4173 caettn'oquin
805 4103 1028 4172 optimis
1085 4102 1399 4172 quibusque
1450 4104 1744 4158 virtutibus
1790 4103 1991 4169 ornati,

413 4198 495 4251 vel
545 4212 611 4250 ex
664 4196 974 4266 ignorantia
1045 4197 1278 4264 quadam
1326 4195 1466 4266 lapsi
1529 4196 1612 4251 vel
1661 4197 1991 4265 negligentia

411 4291 620 4359 abrepti
652 4299 805 4356 sunt,
861 4306 971 4343 non
1005 4298 1187 4343 tamen
1222 4289 1490 4343 admoniti
1543 4290 1864 4343 restiterunt
1900 4299 1994 4342 aut

410 4385 475 4437 ad
519 4383 896 4437 correctiones
944 4382 1188 4436 animum
1221 4382 1578 4450 pertinaciter
1624 4375 1988 4445 obdurabant,

409 4475 540 4544 quid
594 4476 698 4529 hoc
729 4477 796 4528 ad
843 4475 938 4528 te?
983 4473 1274 4539 Quomodo
1305 4488 1435 4528 vero
1488 4477 1540 4527 in
1582 4475 1670 4538 iis,
1707 4473 1802 4543 qui
1855 4473 1992 4526 nihil

2089 1982 2317 2052 Πνεῦμα
2345 1983 2437 2036 τοῦ
2468 1985 2678 2053 [ἰατρὸς
2697 1982 3118 2053 ἐκπορεύεσθαι,
3140 1983 3488 2054 διαστρέφειν
3511 1983 3678 2045 ἰδίαις

2088 2073 2524 2144 εὑρεσιλογίαις;
2551 2076 2664 2128 Καὶ
2715 2074 2836 2145 γὰρ¹
2866 2075 2984 2137 πῶς
3020 2075 3119 2128 οὑκ
3181 2075 3297 2128 ἐστι
3345 2072 3675 2144 κατάδηλον,

2087 2165 2163 2228 ὡς
2193 2166 2227 2236 ὴ
2291 2165 2510 2236 αἵρεσις
2555 2165 2763 2236 ῥήματι
2817 2165 2918 2235 μὲν
2951 2167 3076 2228 τοὺς
3097 2151 3444 2234 ἐἰρημένους
3474 2163 3677 2233 ἄνδρας

2091 2255 2344 2324 Πατέρας
2369 2255 2528 2308 καλεῖ
2553 2256 2656 2325 (5),
2688 2255 2882 2326 γυμνῷ
2913 2259 3022 2327 γὰρ
3047 2255 3139 2307 καὶ
3155 2254 3320 2324 τιμῆς
3351 2253 3576 2321 ἁπάσης
3609 2253 3675 2305 οὑ

2092 2345 2280 2414 φθονεῖ
2333 2345 2679 2416 μεταδιδόναι
2725 2347 2804 2416 τῷ
2851 2347 3079 2417 ὀνόματι
3112 2346 3187 2416 (4)
3221 2385 3236 2410 ,
3274 2345 3422 2416 ἔργῳ
3459 2345 3517 2399 δὲ
3577 2345 3679 2400 καὶ

2090 2437 2158 2508 τῇ
2191 2434 2685 2506 κατασκευαζούσῃ
2724 2438 2947 2505 μηχανῇ
2985 2436 3044 2486 τὸ
3077 2436 3278 2488 οἰκεῖον
3310 2433 3560 2504 βούλημα
3593 2432 3678 2494 εις

2091 2527 2193 2598 τὴν
2222 2525 2334 2580 τῶν
2357 2526 2646 2596 θεομάχων
2677 2525 2775 2580 καὶ
2833 2525 3179 2596 φθοροποιῶν
3225 2528 3422 2596 μοῖραν
3477 2524 3678 2587 αὐτοὺς

2095 2618 2516 2684 ἀπελαύνουσιν,
2549 2619 2597 2670 εί
2627 2621 2796 2687 μήπω
2820 2617 2927 2690 ἄρα
2953 2617 3004 2671 οἱ
3041 2616 3218 2669 πάντα
3246 2608 3529 2685 τολμηταὶ
3559 2631 3675 2666 τοι·

2097 2709 2277 2773 οὑτοις
2321 2710 2504 2763 αὑτῶν
2555 2709 2683 2774 τοὺς
2745 2711 3065 2780 προνομέοις
3117 2708 3439 2778 νομίζουσιν
3496 2709 3674 2774 ἐπαγ·

2097 2801 2374 2866 λαῖζεσθαι
2395 2818 2410 2867 ;

2174 2893 2284 2966 Eq’.
2340 2895 2587 2949 Ἀνεῖπεν
2619 2894 2696 2964 (5)
2739 2893 3068 2963 ’Δμϐρόσιος
3131 2893 3165 2963 ἢ
3221 2891 3590 2960 Αὑγουστῖνος
3639 2891 3675 2960 ἢ

2100 2990 2253 3051 ὅστις
2292 2988 2480 3060 ἕτερος
2528 2990 2628 3058 τῆς
2680 2987 3026 3057 Δεσποτικῆς
3067 2987 3253 3056 φωνῆς
3291 2987 3536 3040 ἐναντία.
3581 2984 3683 3047 Τίς

2100 3079 2262 3134 τοῦτό
2298 3095 2500 3148 φησιν;
2545 3078 2605 3130 Ei
2641 3079 2738 3148 μὲν
2778 3078 2911 3146 ἐγὼ,
2946 3078 3054 3131 τῶν
3095 3077 3203 3130 σῶν
3232 3078 3494 3148 Πατέρων
3522 3077 3685 3146 ὑϐρι-

2107 3172 2237 3242 στής
2269 3173 2386 3240 είμι
2408 3187 2420 3202 ·
2462 3172 2511 3223 εί
2539 3170 2595 3223 δὲ
2623 3171 2685 3222 σὺ
2717 3171 2814 3239 μὲν
2844 3169 3048 3238 λέγεις,
3072 3170 3186 3237 ἐγὼ
3242 3169 3298 3223 δὲ
3331 3170 3547 3234 κωλύω,
3612 3173 3681 3223 σὺ

2103 3262 2205 3333 μὲν
2225 3261 2493 3330 ὑδρίζεις,
2527 3259 2639 3328 ἐγὼ
2666 3259 2724 3312 δὲ
2761 3258 2822 3312 σὲ
2856 3260 2961 3312 τῶν
3000 3260 3261 3328 Πατέρων
3289 3259 3555 3330 ὑϐριστὴν
3584 3276 3693 3310 κα-

2100 3352 2503 3422 ταψηφίζομαι.
2548 3351 2738 3415 Ἀλλὰ,
2789 3351 2946 3420 φησὶ,
3004 3349 3318 3419 γεγράφασι
3368 3348 3544 3402 ταῦτα
3585 3349 3692 3400 καὶ

2097 3447 2208 3510 τοῖς
2249 3445 2476 3497 ἐκείνων
2507 3443 2691 3511 λόγοις
2745 3443 3166 3513 ἐμπεριέχεται,
3213 3443 3273 3495 τὺ
3335 3440 3561 3511 Πνεῦμα
3588 3440 3688 3494 τοῦ

2101 3537 2232 3592 Υἱοῦ
2265 3537 2691 3607 ἐκπορεύεσθαι.
2746 3536 2857 3588 Καὶ
2891 3535 2944 3587 τί
2990 3536 3186 3602 τοῦτος
3249 3535 3311 3586 Εἰ
3379 3535 3480 3604 μὲν
3534 3533 3687 3585 δεδα-

2099 3632 2323 3703 χθέντες
2357 3631 2418 3684 οὑ
2459 3629 2772 3700 μετέθεντο,
2805 3629 2991 3691 εῖτοῖς
3031 3627 3267 3690 δικαίοις
3314 3627 3565 3696 ἐλέγχοις
3617 3625 3682 3679 οὑ

2102 3725 2480 3796 μετεϐάλοντο,
2531 3725 2593 3778 τὺ
2617 3724 2708 3777 σὺν
2735 3723 2900 3792 ἔργον
2927 3723 3110 3791 λέγεις
3150 3725 3244 3776 κιὶ
3267 3723 3367 3791 τὴν
3395 3722 3496 3789 σὴν
3517 3724 3682 3776 ἀνου-

2099 3819 2326 3882 θέτητον
2361 3817 2591 3886 γνώμην
2623 3817 2642 3884 (
2673 3816 2810 3884 ἄλλη
2843 3815 3008 3869 πάλιν
3038 3814 3180 3884 αὕτη
3215 3816 3354 3868 κατὰ
3424 3814 3534 3866 τῶν
3569 3800 3684 3866 σῶν

2097 3912 2359 3982 Πατέρων
2402 3909 2793 3978 συκοφαντία)
2833 3909 2912 3970 είς
2945 3910 3044 3977 τὴν
3094 3906 3324 3958 ἐκείνων
3379 3905 3678 3974 ἀναφέρεις

2095 4001 2469 4056 διδασκαλίαν.
2493 4002 2554 4054 Εἰ
2579 4000 2658 4066 δὲ,
2682 3993 2768 4051 οἶα
2799 4000 2864 4051 τὰ
2889 3996 3224 4066 ἀνθρώπινα,
3255 3995 3432 4048 καίτοι
3458 3998 3522 4047 τὰ
3548 3994 3685 4048 ἄλλα

2094 4097 2207 4156 τοῖς
2239 4095 2481 4164 ἀρίστοις
2525 4089 2958 4161 ὲνευθυμοῦντες
3003 4088 3036 4160 ἦ
3111 4087 3306 4158 ἀγνοίᾳ.
3364 4089 3490 4142 τινὶ,
3525 4103 3684 4156 περι-

2097 4185 2352 4256 έπεσονῆ
2387 4185 2745 4255 παρορὰματι
2783 4182 3195 4252 ὑπηνέχθησαν,
3263 4182 3363 4234 οὑκ
3425 4183 3682 4234 ἀντεῖπον

2095 4278 2152 4332 δὲ
2193 4277 2591 4347 διδασκόμενοι,
2627 4277 2744 4330 οὑδὲ
2790 4277 2924 4347 πρὸς
2978 4277 3036 4328 τὸ
3083 4274 3371 4327 νουθετοῦν
3424 4273 3678 4342 ἀπηυθα-

2095 4370 2404 4433 δειάσαντο,
2435 4368 2488 4422 τί
2519 4369 2678 4422 τοῦτο
2709 4369 2844 4439 πρὸς
2875 4367 2979 4432 σέ;
3015 4366 3139 4429 Πῶς
3165 4365 3219 4418 δὲ
3249 4366 3508 4435 εὑρήσεις
3534 4367 3679 4414 ὲκεί-

2094 4481 2221 4527 νους
2273 4461 2606 4534 καταφυγὴν
2644 4456 2718 4515 ὧν
2744 4461 2898 4514 οὐδὲν
2941 4461 3132 4530 ὅμοιον
3168 4458 3304 4528 πρὸς
3331 4456 3399 4509 τὰ
3453 4455 3547 4518 σὰ,
3591 4457 3684 4524 τὴν

411 4569 591 4622 simile
643 4568 752 4622 tuis
809 4567 1056 4621 moribus
1104 4568 1435 4629 habuerunt,
1483 4566 1796 4636 perfugium
1847 4566 1993 4620 inve-

2101 4555 2342 4623 ἄφυκτον
2381 4554 2540 4623 δίκην
2573 4554 2915 4622 ἀποφυγεῖν;
2954 4552 3018 4603 Et
3045 4551 3154 4620 γὰρ
3202 4541 3278 4602 ὧν
3312 4549 3375 4600 σὺ
3405 4547 3504 4616 μὲν
3547 4547 3684 4598 ἁπο-

418 4661 538 4714 nies
571 4674 746 4728 paenae
783 4659 1117 4715 inevitabilis
1155 4659 1466 4713 evitandas?
1502 4658 1560 4712 Si
1599 4659 1750 4714 enim
1780 4673 1994 4722 eorum,

416 4753 623 4819 quibus
657 4761 712 4805 tu
765 4749 1033 4817 abundas,
1066 4753 1142 4806 illi
1187 4768 1252 4806 ne
1284 4753 1476 4806 leviter
1513 4751 1735 4820 quidem
1775 4751 1999 4820 partici-

417 4860 512 4912 pes
543 4843 674 4899 facti
706 4824 855 4909 sunt,
885 4846 978 4899 sed
1014 4847 1198 4913 potius
1221 4843 1477 4914 p1urimis
1507 4842 1633 4896 aliis
1661 4841 2000 4896 admirandae

413 4935 636 4990 virtutis
694 4937 1025 5006 pietatisque
1073 4935 1485 5000 'speciminibus
1537 4938 1714 4988 ornati
1773 4935 1998 5004 impium

414 5037 568 5079 tuum
602 5026 796 5097 dogma
818 5043 895 5081 ex
932 5026 1241 5097 ignorantia
1275 5033 1369 5078 aut
1397 5023 1722 5096 negligentia
1755 5042 2000 5096 pronun-

417 5121 644 5181 tiarunt,
687 5121 816 5188 quid
852 5129 906 5174 ttt
947 5121 1246 5173 humanum
1291 5119 1506 5172 illorum
1552 5119 1830 5174 defectum
1880 5127 2002 5173 tan-

420 5224 585 5278 quam
620 5209 790 5279 legem
842 5210 1008 5278 impie
1055 5208 1314 5263 credendi
1355 5209 1452 5263 tibi
1488 5210 1786 5265 constituis
1827 5225 2003 5280 exque

484 5403 660 5473 (a)lta
720 5402 1020 5459 Catiforus.
1065 5403 1227 5459 Juxta
1263 5404 1509 5462 diversas
1559 5405 1825 5461 lectiones
1851 5404 2003 5459 reddi

416 5483 607 5546 potest,
655 5476 735 5529 vel
766 5493 778 5528 :
815 5477 1044 5530 haeresin
1101 5477 1264 5530 verbo
1311 5478 1533 5546 quidem
1574 5479 1710 5530 istos
1743 5477 1890 5530 viros
1913 5489 2006 5529 vo-

415 5561 544 5599 care
596 5545 784 5599 Patres
835 5547 1005 5614 (nudo
1027 5547 1169 5600 enim
1212 5545 1433 5601 nomine
1467 5547 1613 5600 nulla
1646 5547 2006 5616 prohibentur

416 5617 617 5686 invidia
654 5631 871 5669 onmem
895 5619 974 5672 eis
1003 5619 1264 5671 exhibere
1288 5616 1606 5686 honorem),
1649 5619 1827 5681 reipsa
1854 5631 2005 5681 vero,

2103 4645 2286 4708 λαύεις
2318 4644 2550 4707 ἐκείνοις
2582 4644 2702 4697 οὑδὲ
2750 4643 2942 4712 γέγονε
2995 4641 3311 4711 μετασχεῖν,
3366 4635 3580 4690 πολλῶν
3640 4633 3682 4686 δ’

2103 4740 2281 4793 ἄλλων
2330 4739 2646 4806 προσόντων
2697 4737 2880 4800 αὑτοῖς
2921 4736 3205 4806 θαύματος
3259 4732 3450 4798 ἀξίων,
3498 4731 3566 4783 δι’
3613 4724 3684 4782 ὧν

2101 4834 2272 4904 ἀρετὴ
2293 4831 2589 4901 διαλάμπει
2618 4832 2711 4884 καὶ
2739 4831 3017 4892 εὐσέϐεια,
3075 4830 3136 4881 τὸ
3170 4828 3261 4881 σὺν
3295 4827 3354 4892 ἐξ
3403 4827 3627 4895 arvo-fa;
3655 4825 3687 4894 ἢ

2104 4925 2248 4978 κατὰ
2289 4925 2597 4995 παρόρασιν
2618 4923 2830 4994 ἐρρήθη
2867 4919 3288 4991 δυσσέϐημα,τί
3348 4920 3412 4972 τὸ
3464 4919 3685 4971 ἐκείνων

2104 5015 2456 5088 ἀνθρώπινον
2540 5016 2767 5085 ἥττημα
2837 5013 3001 5083 νόμον
3055 5012 3156 5081 μὲν
3219 5011 3361 5064 ὥστε
3410 5009 3690 5063 δυσσεὸεῐν

2113 5108 2295 5178 ἑαυτῴ
2324 5109 2724 5176 συνεισφέρεις,
2752 5108 2815 5158 ὲκ
2847 5105 2906 5158 δὲ
2937 5103 3035 5156 τοῦ
3080 5103 3173 5156 σοῦ
3199 5102 3367 5174 νόμου
3399 5100 3526 5164 τοὺς
3588 5116 3688 5168 μη·

2105 5202 2192 5255 δὲν
2213 5200 2425 5254 τοιοῦτο
2444 5198 2759 5270 νομοθετεῖν
2787 5196 3148 5268 φωραθέντας
3178 5195 3531 5264 παρανόμους
3555 5192 3687 5244 ἁπο-

2177 5410 2254 5478 (l)
2295 5406 2488 5473 Laur.,
2510 5405 2627 5473 οὓς,
2652 5416 2709 5459 ιιι
2728 5404 2938 5458 Monac.

2179 5480 2254 5550 (2)
2289 5478 2451 5532 Laur.
2483 5478 2807 5550 μαρτύριον.

2181 5547 2256 5620 (5)
2295 5550 2456 5620 μείω».
2495 5547 2657 5601 habet
2683 5547 2893 5620 καλεῖν.

2183 5609 2259 5688 (4)
2312 5617 2500 5679 Laur.,
2554 5619 2801 5686 πατέρας
2850 5616 3050 5688 καλεῖν
3093 5615 3188 5670 καὶ
3239 5613 3404 5686 τιμῆς
3466 5609 3680 5672 ἀπάτης

417 5694 521 5759 etc.
583 5685 716 5759 Vel:
754 5691 914 5759 verbo
977 5691 1196 5758 quidem
1269 5691 1418 5741 nudo
1471 5685 1669 5740 voeare
1725 5686 1993 5759 Patreset

2110 5693 2171 5745 οὐ
2195 5685 2428 5756 φθονεῖν
2465 5685 2808 5759 μεταδιδόναι
2838 5687 2933 5740 τοῦ
2966 5687 3252 5759 ὀνόματος.

417 5756 626 5822 alisque
671 5758 872 5809 invidia
939 5755 1120 5815 omnis
1179 5759 1404 5814 honoris
1433 5772 1529 5812 eos
1578 5757 1870 5826 participes
1889 5755 2004 5811 eiii-

420 5836 544 5878 cerc
569 5827 684 5879 solo
713 5832 952 5886 nomine.

2185 5752 2260 5832 (Ξῖ)
2285 5752 2479 5825 Laur.,
2515 5759 2615 5812 “Av
2646 5752 2824 5812 εἶπεν.
