4042 6432
439 383 545 447 817

1204 377 1654 442 REFUTATIO
1694 368 2068 436 ΡΗΟΊἾᾹΝΙ
2117 376 2325 436 LIBRI
2367 375 2466 436 DE
2507 368 2827 435 SPIRITU
2866 375 2927 433 S.

3600 369 3703 433 818

440 491 673 560 φαίνεις,
704 491 800 546 καὶ
841 490 1102 557 ἀσεϐείας
1131 491 1367 562 ἐσχάτης
1399 490 1458 542 ἐν
1487 487 1825 559 προσωπείῳ
1863 501 2022 556 στορ-

2145 502 2228 540 iac
2262 496 2354 542 tua
2400 486 2516 556 lege
2568 486 2714 551 illos,
2759 484 2851 554 qui
2906 481 2982 537 nil
3013 479 3282 552 ejusmodi
3323 479 3572 537 sanxisse
3613 481 3711 533 de-

440 585 542 653 γῆς
562 585 655 637 καὶ
681 583 899 648 εὐνοίας
915 583 1073 654 δίκην
1097 585 1348 646 ἀπαιτεῖς
1373 600 1388 649 ;
1415 581 1477 633 οὑ
1505 581 1614 650 γὰρ
1637 578 1780 632 καλά
1809 595 1890 631 σοι
1912 578 2024 631 τῶν

445 676 842 746 ἀγωνισμάτων
861 677 929 730 τά
949 677 1204 747 ἐπίχειρα
1230 675 1328 745 (1).
1363 673 1503 727 Ἀλλ’
1519 673 1621 742 ὅρα
1643 672 1742 741 τῆς
1765 670 2026 735 ἀσεϐείας

442 770 540 834 τὴν
569 765 878 836 ὑπερϐολὴν
908 767 1001 819 καὶ
1032 769 1132 835 τῆς
1161 765 1493 836 κακοσχόλου
1511 764 1738 833 γνώμης
1773 763 1833 814 τὸ
1860 761 2028 816 ἀσύν-

445 871 588 908 ετον.
622 856 718 919 Είς
752 857 1088 930 συνηγορίαν
1117 857 1316 925 ἄγουσι
1350 856 1443 908 τὸν
1480 853 1792 922 Δεσπότην,
1830 853 2028 919 πεφώ-

448 965 644 1017 ρανται
677 947 1163 1017 συκοφαντοῦντες
1182 965 1195 977 ⁸
1223 949 1492 1002 ἐκάλεσαν
1527 947 1872 1017 συνηγόρους
1896 948 2028 1011 τοὺς

447 1042 722 1110 μαθητὰς,
770 1040 1024 1097 ἑάλωσαν
1047 1041 1340 1104 κάκείνους
1367 1041 1460 1094 τὸν
1487 1040 1651 1094 αὑτὸν
1681 1041 1881 1110 τρόπον
1933 1057 2031 1093 πε-

449 1131 797 1201 ριϐάλλοντες
867 1133 1304 1201 συκοφαντίαις·
1362 1133 1679 1200 κατέφυγον
1723 1132 1887 1186 πάλιν
1945 1134 2030 1196 εἰς

448 1221 592 1273 Πατέ
603 1239 725 1290 ρας,
755 1223 851 1275 καλ⁵
871 1224 992 1277 ἀντὶ
1009 1223 1174 1293 τιμῆς
1207 1223 1453 1294 μεγάλην
1470 1222 1654 1277 αὑτῶν
1687 1239 1791 1276 κατ
1807 1223 2019 1293 ι-χέουσι

449 1312 820 1383 βλασφημίαν.

522 1592 620 1658 εον,
672 1595 783 1648 Καὶ
810 1595 1070 1666 Πατέρας
1129 1595 1230 1666 μὲν
1284 1596 1513 1652 καλοῦσι
1566 1598 1825 1669 (καλοῦσι
1859 1599 2031 1672 γ’ὰργς

446 1687 562 1740 ἀλλ’
592 1686 690 1755 οὑχ
741 1685 827 1740 ἵνα
847 1687 908 1740 τὸ
933 1687 1042 1739 τῶν
1112 1688 1376 1758 Πατέρων
1439 1690 1786 1760 ἀπονείμωσι
1840 1694 2034 1764 γέρας,

448 1779 561 1832 ἀλλ’
625 1778 690 1831 ἵν’
745 1779 1023 1849 εὑρήσωσι
1057 1780 1138 1833 δι’
1165 1772 1241 1835 ὧν
1300 1780 1368 1834 ἂν
1396 1782 1650 1848 γένοιντο
1682 1785 2030 1854 πατραλοῖαι.

455 1871 562 1924 Καὶ
578 1870 698 1923 οὑδὲ
717 1871 815 1942 τὴν
837 1870 933 1925 τοῦ
956 1865 1246 1926 θεσπεσίου
1269 1873 1484 1928 Παύλου
1509 1876 1794 1945 φρίττουσι
1820 1877 2027 1949 φωνὴν,

247 2005 254 2007 .
345 2022 354 2023 ί
451 1965 516 2033 ῆν
540 1963 697 2017 αὑτοὶ
733 1963 876 2017 κατά
923 1965 1033 2018 τῶν
1093 1967 1354 2036 Πατέρων
1403 1967 1588 2022 αὐτῶν
1649 1971 1788 2038 μετά
1831 1971 2033 2042 πολλῆς

448 2059 854 2130 ἀπορρίπτουσι
885 2060 982 2130 τῆς
1005 2062 1364 2131 κακουργίας.
1389 2063 1496 2114 Κα.
1520 2063 1628 2131 γὰρ
1660 2059 1816 2140 οὕτος
1868 2065 1897 2117 δ
1933 2067 2034 2138 τὴν

448 2151 701 2216 ἐξουσίαν
735 2152 918 2206 λαϐὼν
950 2155 1175 2223 δεσμεῖν
1208 2155 1305 2208 καὶ
1357 2152 1531 2218 λύειν,
1569 2157 1665 2209 καὶ
1704 2156 1764 2209 τὸ
1823 2158 1913 2211 τοῦ
1950 2157 2038 2211 δε-

450 2246 594 2316 σμοῦ
625 2247 860 2319 φοϐερὸν
897 2249 1017 2312 ἅμα
1049 2251 1140 2301 καὶ
1168 2249 1434 2318 κραταιὸν
1463 2249 1651 2320 (μέχρι
1692 2251 1804 2317 γὰρ
1860 2253 2034 2320 αὑτῆς

449 2338 788 2408 ἀναφέρεται
814 2339 911 2410 τῆς
937 2339 1220 2409 βασιλείας
1256 2340 1367 2392 τῶν
1413 2341 1710 2410 οὐρανῶν),
1746 2334 1906 2405 οὗτος
1960 2343 2025 2414 δὴ

452 2449 520 2498 με
533 2432 668 2503 γάλῃ
694 2434 790 2486 καὶ
826 2433 1131 2502 διαπρυσίῳ
1151 2434 1392 2502 κέκραγε
1414 2434 1478 2503 τῆ
1505 2437 1690 2504 φωνῇ·
1716 2436 1841 2488 Κᾶν
1865 2437 2037 2504 ἡμεῖς

447 2523 488 2590 ἢ
518 2523 775 2592 ἅγγελος
832 2524 902 2588 ἐξ
923 2523 1192 2593 οὐρανοῦ
1220 2525 1674 2594 Gaiana/(qtae
1723 2526 1866 2596 ὑμῖν
1896 2529 2037 2596 παρ’

448 2614 482 2669 ὃ
538 2615 1036 2686 εὐηγγελιζόμεθα
1104 2619 1270 2687 ὑμῖν,
1335 2619 1607 2687 ἀνάθεμα
1646 2622 1826 2675 ἔστω.
1883 2623 2039 2676 [παῦ-

449 2709 542 2773 λος
565 2712 598 2778 ἡ
647 2711 906 2779 ἀσίγητος
933 2713 1034 2779 τῆς
1075 2709 1403 2779 Ἐκκλησίας
1441 2710 1678 2778 σάλπγξ,
1716 2713 1744 2765 ὁ
1783 2712 2040 2777 τοσοῦτος

454 2805 549 2857 καὶ
591 2802 912 2872 τηλικοῦτος
958 2804 1086 2865 τοὺς
1137 2803 1292 2873 παρὰ
1325 2803 1386 2856 τὸ
1450 2803 1791 2873 Εὑαγγέλιον
1843 2805 2038 2874 ἕτερόν

343 2973 348 2976 Ι
451 2913 508 2949 τι
579 2896 902 2966 τολμῶντας
957 2896 1220 2964 φρόνημα
1283 2895 1472 2950 λαϐεῖν
1513 2895 1612 2952 καὶ
1665 2899 2033 2967 παρεισάγειν

451 2988 530 3059 τῷ
580 2987 884 3057 ἀναθέματι
935 2988 1346 3059 παραπέμπει·
1381 2990 1479 3044 καὶ
1529 2991 1589 3044 οὑ
1656 2993 1784 3054 τὼς
1841 2990 2041 3054 ἄλλους

459 3081 641 3152 μόνον,
661 3082 860 3144 οἵτινες
883 3082 1048 3136 τοῦτο
1069 3084 1432 3154 τολμήσειαν,
1465 3086 1629 3155 ἀραῖς
1687 3085 2039 3155 ἀνυπερϐλή-

2106 577 2384 648 prehensi
2421 587 2571 642 sunt,
2625 577 2842 646 iniquos
2887 574 3134 646 legisque
3183 573 3480 628 violatores
3522 564 3713 626 decla-

2127 687 2220 726 ras
2247 682 2616 740 extremzeque
2652 669 2949 737 impietatis
2990 668 3094 722 sub
3127 668 3329 721 amoris
3381 665 3713 720 benevolen-

2128 767 2326 835 tizeque
2353 766 2502 819 larva
2532 778 2656 820 reos
2683 763 2896 834 jutlicas
2917 763 2940 816 3
2965 762 3084 817 Non
3132 761 3273 815 bona
3319 768 3537 813 tuorum
3587 766 3718 811 sunt

2131 862 2439 916 studiorum
2467 871 2874 928 conatuumque
2899 857 3143 928 praemia.
3185 854 3292 909 Sed
3319 853 3440 908 vide
3469 852 3720 921 impieta-

2131 953 2202 1007 tis
2263 967 2550 1007 excessum
2606 950 2952 1020 improhique
2993 945 3362 1016 insipientiam
3419 943 3610 997 animi.
3659 940 3715 994 In

2135 1059 2296 1100 suum
2347 1044 2715 1114 patrocinium
2771 1050 2970 1096 vocant
3019 1040 3354 1094 Dominum:
3389 1033 3716 1106 deprehensi

2134 1137 2364 1193 fuerunt
2419 1137 2714 1191 mendaces
2769 1144 2825 1189 et
2869 1133 3334 1196 calumniatores;
3380 1130 3719 1184 advocarunt

2133 1243 2397 1303 patronos
2452 1229 2736 1300 apostolos
2775 1246 2789 1282 :
2827 1226 3065 1282 convicti
3126 1235 3255 1278 sunt
3311 1224 3446 1278 istos
3501 1237 3722 1291 quoque

2133 1323 2328 1378 eodem
2396 1323 2560 1377 modo
2613 1319 2910 1376 calumniis
2969 1317 3298 1383 allicientes;
3355 1313 3722 1382 confugerunt

2133 1431 2332 1472 rursus
2386 1416 2451 1471 ad
2487 1416 2671 1470 Patres
2705 1430 2720 1467 :
2757 1421 2812 1469 et
2843 1411 2966 1468 loco
3001 1410 3228 1466 honoris
3282 1408 3554 1478 ingentem
3588 1406 3723 1476 ipsis

2135 1508 2531 1578 blasphemiam
2567 1505 2880 1562 offundunt.

2207 1599 2295 1655 69.
2339 1598 2404 1654 Et
2435 1599 2626 1654 Patres
2668 1599 2887 1669 quidem
2944 1604 3160 1661 vocant,
3197 1595 3272 1651 ita
3315 1603 3418 1658 est,
3461 1593 3554 1648 sed
3603 1608 3710 1646 non

2139 1699 2201 1746 ut
2245 1682 2470 1748 Patrum
2506 1689 2610 1744 illis
2641 1690 2907 1745 honorem
2945 1689 3209 1748 tribuant,
3250 1701 3441 1739 verum
3478 1693 3537 1738 ut
3571 1683 3720 1737 inve-
3763 1741 3767 1746 1

2143 1784 2316 1846 niant,
2352 1798 2460 1853 qua
2517 1782 2729 1852 possint
2769 1780 2982 1836 ratione
3030 1780 3147 1834 ﬁeri
3198 1777 3504 1848 parricidae.
3541 1774 3726 1846 Neque

2138 1876 2247 1930 divi
2297 1875 2449 1930 Pauli
2497 1877 2928 1944 perhorrescunt
2983 1888 3196 1938 vorem,
3243 1886 3406 1942 quam
3445 1879 3627 1924 tamen
3673 1879 3726 1923 et

2139 1968 2240 2036 ipsi
2282 1977 2473 2023 contra
2507 1967 2694 2021 Patres
2750 1981 2882 2022 suos
2940 1981 3046 2020 non
3104 1965 3223 2020 sine
3258 1962 3467 2033 ingenti
3517 1963 3723 2015 malitia

2138 2056 2702 2127 contorquent.:llic
2762 2057 2909 2113 enim
2972 2058 3067 2127 qui
3126 2065 3458 2126 pOtestatem
3517 2055 3731 2125 accrpit

2142 2151 2345 2218 ligandi
2409 2167 2474 2206 ac
2524 2151 2793 2216 solvendi,
2851 2161 2908 2205 et
2966 2165 3100 2207 sane
3168 2149 3388 2206 vinculo
3444 2149 3732 2203 tremendo

2139 2243 2302 2298 si:qu
2333 2253 2390 2298 et
2421 2244 2603 2299 valido
2651 2245 2949 2314 (pertinget
2992 2243 3138 2297 enim
3178 2243 3246 2297 ad
3281 2243 3457 2309 ipsum
3495 2256 3729 2309 regnum

2139 2333 2456 2399 caelorum),
2486 2335 2600 2400 hic,
2633 2335 2882 2403 inquam,
2908 2333 3110 2401 ingenti
3155 2333 3418 2400 claraque
3463 2330 3735 2385 exclamat

2140 2443 2278 2482 voce
2321 2445 2334 2482 :
2377 2426 2523 2481 Licet
2565 2443 2660 2480 nos
2708 2435 2802 2479 aut
2846 2424 3066 2494 angelus
3110 2424 3175 2478 de
3230 2423 3358 2477 caelo
3410 2422 3736 2491 evangelizet

2140 2522 2284 2575 vobis
2315 2532 2672 2590 praztcrquam
2707 2517 2848 2589 quod
2897 2519 3371 2585 evangelizavimus
3401 2518 3565 2580 vobis,
3599 2533 3734 2570 anac

2143 2613 2316 2666 thema
2350 2612 2437 2666 sit.
2475 2610 2677 2665 Paulus
2709 2625 2909 2664 sonora
2959 2618 3012 2663 ct
3067 2623 3348 2676 nunquam
3405 2616 3592 2660 tacens
3633 2606 3734 2660 Ec-

2141 2706 2322 2762 clesiae
2381 2706 2530 2768 tuba,
2590 2705 2671 2758 vir
2720 2711 2905 2758 tantus
2951 2716 3016 2756 ac
3071 2701 3194 2756 talis
3217 2713 3336 2754 ‘eos
3389 2699 3482 2768 qui
3536 2707 3734 2768 praeter

2141 2799 2502 2868 Evangelium
2551 2797 2698 2851 aliud
2747 2797 3055 2866 quidquam
3115 2793 3319 2848 audent
3378 2802 3474 2846 aut
3531 2793 3736 2847 sentite

2145 2903 2240 2949 aut
2273 2893 2472 2947 docere
2519 2888 2853 2945 anathemati
2908 2887 3107 2943 tradit:
3176 2901 3354 2953 neque
3413 2885 3551 2942 alios
3593 2886 3734 2938 dun-

2145 2983 2427 3054 taxat,qui
2453 2971 2556 3038 hoc
2576 2979 2944 3046 iueriutausi',
2993 2979 3141 3033 diris
3177 2977 3464 3033 immensis
3492 2977 3736 3046 subjicit,

2147 3080 2244 3135 sed
2277 3086 2331 3134 et
2363 3078 2468 3134 sibi
2502 3075 2630 3147 ipsi,
2674 3075 2722 3132 si
2771 3090 2900 3130 reus
2947 3072 3213 3137 exsistat,
3251 3071 3499 3126 eamdem
3537 3071 3732 3126 indicit

451 3173 566 3234 τοῖς
593 3171 816 3240 ὑπάγει,
835 3172 972 3227 ἀλλά
989 3173 1086 3235 καὶ
1104 3174 1321 3238 ἐαυτδν,
1361 3173 1547 3244 ἔνοχος
1567 3176 1614 3228 εί
1647 3175 1864 3244 ὀφθείη,
1890 3176 2036 3248 πρὸς

2145 3187 2387 3244 patriam.
2431 3169 2544 3227 Nec
2601 3184 2668 3225 eo
2709 3183 2888 3238 usque
2926 3176 3191 3222 terrorem
3234 3167 3402 3236 hujus
3451 3167 3738 3221 sententiae

451 3265 555 3334 τὴν
577 3265 713 3335 ἴσην·
745 3267 980 3319 συνωθεῖ
1007 3267 1188 3338 δίκην.
1237 3267 1348 3322 Καὶ
1374 3268 1496 3322 οὑδὲ
1530 3267 1698 3339 μέχρι
1731 3267 1927 3322 τούτου
1977 3270 2039 3323 τὸ

455 3355 691 3426 φοϐερὸν
713 3358 810 3426 τῆς
841 3357 1175 3426 ἀποφάσεως
1207 3359 1573 3428 περιγράφει,
1609 3358 1748 3412 ἀλλά
1801 3359 1896 3414 καὶ
1948 3360 2040 3414 τὸν

454 3450 687 3519 οὐρανὸν
726 3449 890 3504 αὑτὸν
922 3450 1123 3520 ἐρευνᾷ
1148 3465 1162 3480 ο
1194 3451 1300 3504 κᾶν
1325 3450 1558 3518 ἄγγελον
1593 3451 1730 3522 εὕρῃ
1765 3453 1874 3514 τοῖς
1913 3453 2034 3506 οέπὶ

457 3543 559 3612 γῆς
580 3542 789 3595 ἐκεῖθεν
830 3543 1132 3596 ἐπιστάντα
1156 3543 1254 3596 καὶ
1275 3542 1465 3612 ἐτερόν
1501 3560 1554 3595 τι
1619 3544 1773 3614 παρᾶ
1833 3545 1894 3598 τὸ
1949 3546 2042 3599 εὑ-

457 3635 750 3703 αγγελικὸν
813 3633 1309 3704 εὐαγγελιζόμενον
1356 3638 1644 3706 κήρυγμα,
1692 3638 1807 3700 τοῖς
1831 3636 2044 3707 ὁμοίοις

454 3728 674 3794 δεσμοῖς
699 3727 998 3781 ὑποϐάλλει
1027 3729 1124 3780 καὶ
1142 3727 1222 3797 τῷ
1243 3727 1478 3798 διαϐόλῳ
1507 3731 1900 3800 παραπέμπει.
1933 3729 2044 3782 Καὶ

459 3821 524 3873 σὺ
561 3820 808 3890 Πατέρας
835 3819 1145 3886 ἀνακαλῶν,
1184 3819 1271 3889 ἐφ’
1307 3818 1466 3889 ὕϐρει
1521 3820 1622 3889 μὲν
1687 3821 1798 3874 τῶν
1836 3825 2047 3874 Δεσπο-

450 3914 628 3967 τικῶν
657 3915 968 3984 δογμάτων,
1007 3914 1107 3983 ἐφ’
1131 3913 1290 3984 ὕϐρει
1315 3912 1373 3966 δὲ
1405 3912 1499 3966 τοῦ
1536 3912 1920 3983 κηρύγματος,
1983 3909 2046 3967 οὑ

457 4007 718 4075 γεγόνασι
781 4009 1026 4076 κήρυκες
1059 4006 1112 4059 οί
1139 4004 1379 4076 μαθηταὶ
1403 4005 1508 4074 (2),
1546 4006 1636 4073 ἐφ’
1671 4005 1828 4076 ὕϐρει
1851 4007 2046 4060 πασῶν

455 4099 567 4151 τῶν
607 4099 1008 4168 οἰκουμενικῶν
1059 4093 1317 4160 συνόδων,
1371 4098 1460 4167 ἐφ’
1509 4096 1665 4168 ὕϐρει
1711 4099 1767 4151 δὲ
1816 4099 1915 4169 τῆς
1945 4099 2050 4154 ἀνά

459 4195 644 4248 πᾶσαν
674 4194 774 4264 τὴν
808 4193 1140 4264 οἰκουμένην
1175 4190 1594 4264 κηρυττομένης
1630 4191 1959 4261 εὑσεϐείας,ί
1985 4194 2047 4247 οὑ

458 4286 705 4356 φρίττεις
737 4285 858 4337 οὐδὲ
886 4286 1110 4353 τρέμεις
1149 4283 1271 4336 οὑδέ
1309 4283 1729 4353 καταπτήσσεις
1757 4283 1860 4351 τὴν
1885 4284 2050 4337 ἀπει-

461 4378 564 4447 λήν
591 4393 606 4444 ;
638 4376 776 4430 ἀλλὰ
803 4377 900 4430 καὶ
931 4377 1057 4439 τοὺς
1090 4376 1217 4439 σοὺς
1250 4375 1500 4444 Πατέρας
1530 4375 1578 4426 εί
1609 4373 1684 4445 μὴ
1706 4374 1912 4445 ταύτης
1935 4393 2053 4430 κοι-

461 4473 669 4534 νωνοὺς
729 4471 1002 4541 ποιήσεις,
1042 4469 1279 4522 ἀϐίωτόν
1333 4485 1416 4522 σοι
1464 4469 1554 4522 τὸν
1589 4468 1704 4539 βίον
1746 4471 1856 4541 ὴγῇ
1882 4487 1896 4500 ·
1955 4473 2051 4524 καὶ

2145 3267 2290 3322 sistit
2341 3281 2406 3320 ac
2455 3265 2701 3329 limitat;
2752 3263 2848 3320 sed
2904 3271 2959 3318 et
3010 3263 3180 3319 ctelos
3235 3261 3385 3331 ipsos
3434 3269 3734 3322 scrutatur,

2145 3359 2330 3427 ibique
2377 3357 2422 3412 si
2463 3358 2552 3412 vel
2590 3356 2846 3426 angelum
2885 3353 3130 3410 inveniat
3175 3353 3491 3409 hominibus
3546 3369 3576 3408 a
3631 3354 3754 3407 Deo.

2145 3449 2464 3518 praefectum
2506 3458 2562 3504 et
2606 3448 2755 3504 aliud
2794 3448 3078 3518 quidpiam
3125 3455 3321 3517 printer
3357 3446 3732 3516 evangelicam

2146 3517 2592 3614 praedicationem
2671 3543 3164 3613 evangelizantem,
3220 3541 3449 3610 paribus
3504 3538 3730 3608 subiicit

2147 3637 2381 3692 vinculis
2427 3646 2484 3692 et
2539 3637 2608 3694 ad
2674 3635 2955 3692 diabolum
3019 3633 3306 3690 amandat.
3341 3633 3407 3687 Et
3440 3641 3497 3687 tu
3552 3632 3742 3686 Patres

2149 3728 2391 3796 allegans
2425 3730 2478 3782 in
2514 3727 2909 3782 contumeliam
2941 3725 3355 3780 Dominicorum
3390 3723 3736 3793 dagmatum,

2151 3820 2202 3874 iu
2257 3819 2653 3874 contumeliam
2712 3815 3163 3888 praedicationis,
3239 3815 3399 3884 cujus
3457 3831 3742 3884 praecones

2150 3911 2483 3966 exstiterunt
2560 3909 2840 3980 apostoli,
2909 3910 2962 3964 in
3021 3909 3414 3963 contumeliam
3474 3911 3723 3963 omnium

2151 4004 2624 4058 mcumenicarum
2657 4002 3019 4074 synodorum,
3054 4002 3108 4056 in
3139 4002 3526 4056 contumeliam
3561 4004 3740 4071 pieta-
3805 3995 3826 4002 ”

2152 4098 2242 4160 tis,
2274 4113 2396 4168 quae
2431 4107 2544 4152 toto
2578 4097 2909 4166 praedicatur
2935 4098 3089 4158 orbe,
3116 4111 3223 4150 non
3261 4097 3457 4149 horres
3483 4110 3584 4150 nec
3610 4111 3744 4150 cou-

2154 4191 2430 4246 tremiscis
2465 4207 2566 4247 nec
2590 4190 2912 4261 expavescis
2943 4189 3164 4244 minas?
3189 4189 3294 4244 Sed
3322 4197 3373 4243 et
3405 4199 3529 4243 tuus
3551 4189 3740 4243 Patres

2151 4285 2261 4340 nisi
2288 4285 2406 4353 eius
2430 4283 2682 4339 criminis
2716 4282 3011 4352 participes
3049 4282 3294 4348 efﬁcias,
3325 4282 3734 4337 intolerabilem

2153 4379 2250 4434 tibi
2283 4381 2450 4432 vitam
2494 4377 2807 4432 arbitraris.
2861 4377 2929 4432 Et
2985 4375 3188 4431 Paulus
3243 4391 3314 4430 ne
3357 4375 3742 4445 incorpoream

2157 4472 2375 4541 quidem
2422 4482 2644 4524 veretur
2680 4478 2931 4524 naturam
2979 4483 3078 4523 nec
3118 4468 3338 4538 penitus
3379 4476 3562 4534 curat,
3596 4471 3743 4539 quod

461 4565 490 4615 ὁ
527 4561 628 4632 μὲν
676 4561 797 4614 οὑδὲ
826 4560 928 4630 τὴν
975 4560 1269 4630 ἀσώματον
1334 4557 1648 4613 εὑλαϐεῖται
1713 4559 1880 4628 φύσιν
1928 4560 2040 4614 οὑδὲ

2159 4561 2336 4628 angeli
2370 4572 2428 4615 ut
2460 4571 2667 4616 mentes
2699 4574 2847 4630 purae
2881 4575 3017 4630 pure
3054 4569 3220 4628 atque
3243 4560 3560 4616 immedlate
3590 4576 3747 4616 com-

462 4653 544 4706 ὅτι
573 4652 650 4715 ὡς
677 4650 797 4714 νόες
824 4650 1062 4720 καθαροὶ
1087 4651 1348 4720 καθαρῶς
1382 4653 1478 4722 καὶ
1512 4651 1736 4720 ἀμέσως
1759 4650 1839 4724 τῷ
1868 4652 2043 4724 κοινῷ

462 4745 863 4818 παριστάμενοι
921 4743 1190 4816 Δεσπότῃ,
1242 4745 1392 4798 οὐδὲν
1426 4744 1630 4798 τούτων
1677 4747 2052 4812 δυσωπήσεως

461 4837 719 4908 ἀφορμὴν
736 4838 994 4902 ποιεῖται,
1023 4836 1160 4889 ἀλλά
1186 4839 1302 4899 τοῖς
1329 4837 1594 4904 ἐπιγείοις
1618 4839 1673 4890 ἐν
1698 4840 1800 4909 ίσῳ
1827 4840 1964 4910 πρὸς
1993 4840 2053 4893 τ’)

461 4929 715 4999 ἀνάθεμα
744 4929 1026 4998 κατασπᾷ.
1058 4928 1131 4980 Σὺ
1158 4929 1215 4982 δὲ
1254 4927 1310 4982 Ἀ
1323 4930 1586 5001 μϐρόσινιν
1612 4931 1706 4984 καὶ
1747 4933 2052 5000 Αὑγουστῖι-

460 5039 552 5074 νον
577 5021 821 5084 καὶτοὺς
842 5019 1036 5084 ἄλλους
1067 5017 1195 5090 (φεῦ
1227 5019 1399 5090 τιμῆς
1419 5022 1672 5090 ὀλεθρίας
1708 5023 1721 5074 l
1760 5023 2054 5094 )Πατέρας

463 5112 648 5167 καλῶν
677 5112 822 5166 κατά
845 5113 946 5184 τῆς
971 5111 1314 5182 Δεσποτικῆς
1344 5112 1692 5177 ἀνθοπλίςων
1748 5131 2048 5183 μυσταγω-

463 5206 589 5272 γίας
613 5205 973 5275 ἀνεκτότερον
999 5204 1100 5257 οἴει
1126 5205 1186 5258 τὸ
1213 5203 1540 5275 κατάκριμα
1583 5205 1614 5274 ἦ
1646 5206 1786 5257 κατὰ
1816 5205 2048 5258 σεαυτοῦ

462 5297 497 5366 ἦ
525 5296 647 5350 κατ’
673 5295 900 5350 ἐκείνων
935 5295 1308 5361 tutandae”;
1343 5296 1418 5347 Οὐ
1458 5295 1568 5365 γὰρ
1612 5293 1790 5365 καλήν
1833 5312 1897 5362 γε
1953 5294 2054 5364 τὴν

465 5389 703 5461 ἀμοιϐὴν
727 5391 840 5452 τοῖς
869 5391 983 5452 σοῖς
1022 5389 1324 5458 ἀπονέμεις
1356 5389 1604 5458 Πατράσι
1629 5403 1646 5420 ο
1707 5389 1768 5440 οὑ
1807 5389 1952 5441 καλὰ
1983 5391 2053 5442 τά

463 5485 693 5551 τροφεῖα
757 5485 869 5545 τοῖς
916 5480 1347 5551 γεννησαμένοις
1423 5478 1804 5551 ἀντεισφέρεις
1841 5496 1854 5511 °
1916 5481 2054 5535 ἀλλὰ

467 5572 579 5642 γὰρ
612 5575 691 5635 είς
721 5573 819 5642 μὲν
851 5573 980 5637 τοὺς
1011 5571 1319 5643 μακαρίους
1334 5571 1538 5640 ἄνδρας
1561 5573 1827 5641 ἐκείνους,
1858 5573 2051 5644 ὥσπερ

467 5665 621 5720 οὐδὲν
643 5667 831 5732 αὑτοῖς
857 5668 966 5720 τῶν
997 5665 1106 5720 σῶν
1139 5666 1310 5737 μετῆν
1335 5667 1691 5737 σοφισμάτων
1745 5667 1848 5738 τῆς
1896 5667 2054 5722 ἀπει-

541 5821 618 5894 (-l)
645 5821 806 5881 Laur.
847 5824 987 5880 καλά.
1022 5843 1082 5894 γε
1117 5823 1225 5882 τῶν
1260 5824 1350 5896 ἀγ.
1383 5823 1651 5898 ἐπίχειρα.

2159 4655 2308 4708 muni
2344 4653 2611 4709 assistunt
2639 4655 2905 4718 Domino;
2941 4653 3077 4708 nihil
3107 4654 3336 4709 omnino
3361 4653 3558 4709 horum
3589 4671 3748 4710 vere-

2159 4757 2272 4811 tur,
2297 4747 2392 4802 sed
2418 4763 2573 4816 aeque
2600 4761 2664 4802 ac
2702 4756 2954 4802 terrenos
2987 4745 3237 4800 homines
3265 4747 3494 4816 angelos
3522 4762 3747 4818 quoque

2157 4841 2221 4892 ad
2281 4840 2588 4895 anathema
2621 4839 2910 4908 pertrahit.
2959 4839 3040 4894 Tu
3086 4855 3216 4895 vero
3269 4838 3628 4894 Ambrosium
3687 4849 3742 4894 et

2157 4933 2526 5003 Augustinum
2583 4945 2650 4989 et.
2685 4943 2914 4988 carteros
2971 4934 3101 5004 (heu
3151 4934 3518 5004 perniciosum
3572 4933 3748 4986 hono-

2157 5024 2335 5093 rem!)
2382 5021 2574 5078 Patres
2620 5039 2946 5093 nuncupans
2997 5033 3051 5078 et
3098 5023 3364 5078 adversus
3407 5023 3745 5077 Dominicam

2157 5113 2462 5168 doctrinam
2503 5115 2726 5170 eosdem
2781 5116 2833 5170 in
2893 5115 3068 5170 aciem
3129 5114 3436 5180 instruens,
3481 5114 3740 5168 leviorem

2157 5215 2318 5274 putas
2366 5208 2422 5261 iu
2473 5216 2527 5262 te
2576 5207 2660 5261 vel
2694 5209 2747 5261 in
2799 5207 2924 5262 illos
2963 5207 3374 5262 damnationem
3423 5205 3748 5259 accersere?

2157 5296 2274 5352 Non
2307 5297 2453 5350 enim
2483 5297 2680 5352 bonam
2718 5298 2827 5354 tuis
2858 5297 3116 5353 Patribus
3139 5296 3444 5352 mercedem
3473 5312 3572 5349 nec
3603 5296 3745 5349 bona

2157 5389 2501 5446 educationis
2552 5392 2776 5460 praemia
2819 5394 3159 5460 genitoribus
3209 5388 3482 5456 rependis.
3516 5386 3748 5442 Verum-

2163 5481 2449 5538 enimvero
2511 5485 2566 5538 in
2615 5485 2736 5540 illos
2779 5486 3001 5553 quidem
3032 5484 3224 5538 beatos
3258 5481 3447 5547 viros,
3476 5482 3748 5550 quemad-

2159 5577 2382 5632 modum
2413 5576 2518 5646 ipsi
2554 5576 2690 5630 nihil
2716 5576 2784 5630 de
2807 5575 2914 5629 tuis
2948 5574 3160 5628 cavillis
3194 5581 3402 5642 tuaque
3432 5572 3739 5643 pervicacia

2158 5683 2223 5724 ac
2253 5667 2531 5737 impietate
2554 5668 2978 5739 participabaut,
3016 5668 3090 5722 ita
3122 5682 3224 5722 nec
3257 5675 3410 5722 tuum
3451 5665 3748 5723 anathema

2235 5828 2311 5898 (2)
2345 5825 2504 5884 Laur.
2533 5827 2580 5880 οἳ
2607 5826 2892 5898 γεγόνασιν
2923 5825 2970 5879 οἱ
3007 5823 3270 5898 μαθηταί.
