4042 6432
372 330 482 395 819
530 368 531 373 η

1406 337 1618 397 ΙΟΑΝ.
1660 336 1873 399 VECCI
1915 337 2027 398 (ΞΡ.
2072 338 2585 405 PATRIARCII/E

3529 345 3640 410 89.0

382 454 687 524 pertingere
736 455 1010 510 ullatenus
1067 456 1284 523 valebit,
1343 465 1396 511 tu
1451 468 1629 512 tamen
1690 474 1757 513 eo
1808 458 1945 527 quod

2057 462 2209 525 θείας
2237 464 2334 517 καὶ
2361 463 2636 527 ἀσεϐείας,
2665 462 2840 527 οὑτως
2863 462 2983 516 οὐδὲ
3027 462 3086 516 τὸ
3108 461 3200 517 σὺν
3251 461 3501 533 ἀνάθεμα
3524 461 3642 532 χώ-

380 546 505 601 inde
539 558 697 617 putas
737 548 895 603 istam
945 548 1279 616 impietatem
1317 548 1633 605 confirmari
1686 560 1742 605 et
1796 566 1954 606 com-

381 641 636 705 probari,
675 642 961 695 luculentis
1013 640 1168 695 factis
1216 642 1365 696 omni
1418 658 1550 697 voce
1591 642 1795 697 clarius
1838 643 1951 698 cla-

379 732 656 786 mantibus
686 732 970 786 anathema
995 733 1047 787 in
1082 732 1205 788 illos
1232 733 1467 802 profers.

447 914 534 967 70.
579 912 764 983 Neque
789 915 892 970 hoc
943 915 1089 983 dico,
1119 932 1307 971 revera
1332 932 1676 987 qumcunque
1705 924 1760 971 tu
1796 931 1950 973 asse-

373 1012 471 1072 ris,
502 1009 572 1064 ab
616 1009 683 1065 iis
729 1009 799 1065 ita
836 1010 1109 1065 luculente
1164 1011 1341 1075 tradi;
1388 1028 1581 1065 verum
1616 1012 1741 1065 licet
1774 1010 1952 1066 conti-

371 1101 559 1167 gisset,
598 1100 720 1157 illos
772 1103 878 1157 tale
924 1103 1200 1173 quidpiam
1233 1090 1443 1157 dixisse
1493 1103 1769 1171 (homines
1804 1103 1947 1156 enim

370 1205 522 1248 erant
580 1210 678 1249 nec
724 1204 901 1264 potest
949 1210 1007 1249 se
1061 1196 1361 1249 immunem
1413 1195 1485 1249 ab
1523 1198 1671 1248 omni
1705 1196 1957 1249 humano.

370 1287 518 1354 lapsu
550 1296 810 1355 perpetuo
835 1302 1163 1341 conservare
1190 1288 1280 1356 qui
1308 1303 1374 1342 ex
1415 1287 1528 1340 luto
1559 1285 1812 1356 noxaque
1844 1303 1951 1341 ua-

370 1386 489 1429 tura
519 1383 756 1438 constat,
794 1377 906 1429 imo
937 1392 1331 1446 nonnunquam
1359 1377 1521 1429 etiam
1567 1375 1695 1430 viris
1728 1375 1951 1444 optimis

367 1468 741 1521 :tduaseuntur
781 1468 1225 1537 aliqua-vestigia
1279 1468 1664 1536 macularum),
1704 1476 1760 1522 et
1817 1468 1950 1522 licet

368 1560 510 1613 forte
546 1561 611 1613 ad
647 1560 865 1629 aliquod
895 1560 1215 1614 indecorum
1252 1576 1315 1614 ac
1347 1569 1503 1629 turpe
1532 1559 1946 1630 fuissentlapsi,

366 1669 466 1721 ego
502 1667 636 1707 sane
666 1654 866 1720 probos
903 1652 1092 1708 Noemi
1128 1654 1267 1708 filios
1305 1653 1550 1707 imitarer
1583 1660 1637 1707 ct
1663 1666 1761 1721 pro
1784 1653 1950 1707 vesti—

370 1742 567 1797 mentis
611 1743 831 1798 silentio
883 1742 1065 1813 potius
1091 1753 1255 1813 atque
1300 1744 1632 1813 gratitudine
1663 1752 1945 1813 paternam

366 1835 754 1904 turpitudinem
811 1836 1145 1906 obtegerent,
1194 1851 1299 1890 non
1329 1846 1534 1901 autent,
1580 1838 1659 1890 uti
1698 1845 1753 1889 tu
1784 1835 1944 1900 facis,

365 1927 557 1981 Chami
600 1942 861 1997 sequerer
905 1927 1250 1996 exemplum;
1300 1928 1410 1982 imo
1461 1943 1590 1982 vero
1654 1936 1713 1981 tu
1772 1926 1946 1981 multo

363 2019 616 2075 acerbius
636 2018 726 2073 illo
749 2018 1302 2088 atqueimpudentius
1326 2028 1570 2084 tuorum,
1595 2033 1732 2087 quos
1760 2032 1943 2083 vocas,

374 2112 598 2165 Patrum
638 2111 1032 2180 turpitudinem
1067 2111 1318 2180 evulsas.
1351 2110 1443 2163 lllc
1470 2111 1642 2173 enim,
1677 2126 1786 2164 non
1816 2110 1946 2180 quia

368 2199 649 2265 revelavit,
678 2199 769 2253 sed
801 2198 929 2269 quia
960 2212 1064 2251 non
1096 2197 1313 2259 velavit,
1352 2195 1789 2250 tiialedictionem
1821 2210 1945 2250 sus-

367 2288 568 2353 tinuit;
617 2299 673 2343 tu
710 2302 842 2342 vero
890 2297 944 2341 et
996 2286 1205 2341 revelas
1249 2297 1306 2339 et
1349 2285 1403 2339 in
1430 2285 1533 2338 hac
1570 2284 1797 2338 audacia
1833 2284 1947 2353 glo-

368 2381 563 2447 riaris;
591 2390 647 2435 et
688 2380 777 2434 ille
807 2378 1031 2448 quidem
1062 2377 1323 2433 fratribus
1352 2392 1613 2432 arcanum
1643 2374 1801 2431 effert
1839 2393 1854 2437 ;
1886 2383 1945 2430 tu

365 2486 499 2528 vero
524 2488 633 2526 non
666 2471 934 2527 fratribus
970 2485 1069 2525 nec
1097 2471 1189 2524 uni
1216 2477 1312 2524 aut
1342 2467 1521 2533 alteri,
1560 2468 1653 2525 sed
1682 2476 1943 2536 quantum

362 2574 448 2621 est
466 2581 532 2620 ex
553 2575 647 2620 tuo
673 2574 872 2619 conatu
894 2572 947 2618 et
968 2563 1299 2633 impudentia
1322 2562 1635 2615 universum
1659 2566 1813 2629 quasi
1843 2569 1948 2613 ter-

365 2672 547 2711 rarum
577 2657 765 2712 orbem
797 2656 1067 2710 theatrum
1096 2654 1437 2709 constituens
1470 2652 1672 2720 ingenti
1706 2656 1948 2721 promul-

362 2767 458 2821 με
485 2751 750 2812 clamore,
776 2758 899 2803 tuos
941 2748 1130 2802 Patres
1156 2746 1411 2801 sordibus
1437 2743 1611 2798 ftedos
1636 2758 1777 2807 esse,
1809 2753 1863 2796 et
1890 2743 1943 2797 iu

362 2847 603 2911 ipsoran
627 2839 959 2910 turpitudine
989 2836 1283 2893 luxuriaris
1303 2836 1477 2907 (debat
1494 2836 1697 2903 charis)
1722 2846 1772 2889 et
1793 2836 1949 2905 igno-

362 2935 532 2989 minia
561 2934 777 2990 illorqu
798 2926 1091 3003 gaudes‘et
1119 2931 1300 2985 socios
1330 2927 1563 2997 quaeris,—
1589 2943 1686 2996 per
1713 2944 1848 2997 quos
1877 2929 1944 2981 il-

363 3030 538 3082 lorum
576 3028 809 3093 dedecus
834 3040 899 3078 ac
924 3023 1326 3079 deformitatem
1360 3020 1414 3073 in
1446 3020 1719 3088 publicam
1748 3021 1945 3077 efferas

365 3118 543 3171 lucem
570 3123 624 3168 et
662 3113 981 3168 solemniter
1004 3112 1270 3170 celebres.

430 3210 524 3265 7i.
560 3207 709 3263 Dixit
734 3207 1078 3276 Augustinus
1106 3217 1159 3264 et
1189 3209 1555 3283 Hieronymus
1597 3209 1863 3280 Spiritum
1911 3219 1941 3259 a

299 3356 303 3361 .
376 3301 515 3357 Filio
572 3301 887 3373 procedere.
938 3300 1008 3354 Et
1061 3302 1205 3356 unde
1258 3313 1435 3372 potest
1469 3302 1656 3357 haberi
1697 3309 1790 3356 aut
1824 3297 1941 3354 dari

366 3397 519 3459 fides,
566 3403 690 3464 post
741 3402 822 3448 tot
864 3408 1039 3449 annos
1090 3394 1336 3464 elapsos,
1384 3411 1492 3449 non
1543 3409 1665 3449 esse
1720 3393 1941 3447 illorum

362 3488 564 3557 scripta
602 3502 698 3556 per
732 3486 996 3541 malitiam
1022 3485 1357 3556 depravata?
1410 3484 1598 3556 Neque
1621 3485 1767 3540 enim
1798 3484 1943 3538 arbi-

363 3580 495 3633 trari
527 3578 718 3644 debes,
756 3586 806 3634 te
845 3578 1020 3633 solum
1051 3595 1172 3634 esse
1203 3580 1268 3633 ad
1307 3580 1643 3648 impietatem
1675 3576 1941 3632 fervidum

360 3684 416 3726 ct
442 3683 493 3727 te
527 3673 705 3727 solum
735 3670 935 3725 audere
964 3687 1071 3726 non
1100 3672 1386 3738 audenda;
1416 3654 1508 3727 sed
1536 3671 1714 3742 potius
1743 3685 1809 3724 ex
1842 3669 1944 3723 hac

363 3767 481 3835 ipsa
512 3764 588 3819 tui
616 3763 784 3818 animi
814 3763 1101 3820 affectione
1123 3774 1334 3833 reputa,
1370 3774 1499 3818 tunc
1529 3777 1751 3834 quoque
1781 3760 1940 3816 facile

364 3859 534 3913 fuisse
582 3858 964 3912 versutissimo
1008 3857 1223 3927 generis
1265 3857 1494 3912 humani
1545 3856 1689 3911 hosti
1732 3853 1934 3909 talibus

362 3951 509 4007 vasis
543 3951 844 4006 abundare.

437 4042 524 4098 72.
571 4044 857 4110 Dixerunt,
884 4057 1023 4112 quos
1052 4050 1106 4096 tu
1133 4040 1378 4103 adducis,
1416 4040 1542 4095 ista.
1594 4037 1751 4106 Quod
1787 4037 1832 4092 si
1867 4038 1938 4092 ob

340 4118 603 4204 'aliquam
677 4133 1062 4188 necessitatem
1124 4131 1205 4185 vel
1260 4145 1596 4199 paganorum
1669 4124 1942 4182 insaniam

362 4235 744 4298 oppugnantes
776 4226 858 4281 vel
890 4226 1053 4278 aliam
1087 4224 1394 4278 haereticam
1423 4223 1739 4291 Opinionem
1773 4220 1941 4275 refel-

365 4320 558 4383 lentes,
595 4318 678 4371 vel
709 4319 1022 4373 auditorum
1053 4318 1394 4386 indulgentes
1419 4315 1725 4370 infirmitati
1760 4317 1845 4369 vel
1876 4316 1945 4369 ob

365 4409 569 4479 aliquid
602 4409 748 4463 aliud
787 4408 874 4464 his
906 4408 1110 4474 simile,
1161 4409 1342 4477 qualia
1396 4402 1575 4461 solent
1610 4406 1663 4458 in
1694 4406 1803 4459 vita
1838 4406 1945 4458 ltu-

2062 573 2162 622 ραν
2183 556 2407 625 εὑρήσει
2446 555 2749 611 διαϐαίνειν
2770 571 2783 587 ’
2823 557 2889 610 σὺ
2914 555 2972 608 δὲ
3010 555 3079 608 δι’
3105 548 3182 607 ὧν
3209 554 3360 622 ὅμως
3414 553 3637 607 ἐκεῖθεν

2059 649 2303 717 νομίζεις
2327 647 2388 701 τὸ
2432 648 2692 711 δυσσεϐὲς
2716 646 3162 717 συγκροτεῖσθαι,
3209 644 3482 719 λαμπροῖς
3534 642 3635 717 ἔρ-

2059 758 2178 810 γοις
2202 741 2299 795 καὶ
2328 744 2513 810 φωνῆς
2538 741 2755 812 ἀπάσης
2772 740 3149 810 γεγωνότερον
3176 738 3480 810 κεκραγόσι
3510 738 3641 792 κατ’

2033 834 2240 889 ἀὐτῶν
2274 834 2335 887 τὸ
2373 834 2623 902 ἀνάθεμα
2651 833 3030 904 προκομίζεις.

2083 924 2187 981 .ο’.
2237 923 2351 977 Καὶ
2397 925 2457 977 οὑ
2505 923 2664 979 τοῦτό
2729 942 2892 994 φημι,
2947 925 3031 977 ὅτι
3088 926 3309 987 πάντως
3350 923 3494 993 ἅπερ
3559 921 3627 975 σὺ

2056 1018 2415 1086 κατηγορεῖς,
2471 1015 2705 1079 ἐκείνοις
2748 1014 2891 1071 οὑτω
2944 1014 3263 1085 περιφανῶς
3315 1013 3646 1083 δογματίζε-

2053 1124 2169 1172 ται,
2201 1108 2318 1160 ἀλλ’
2345 1108 2396 1161 εί
2434 1108 2532 1161 καὶ
2554 1106 2797 1161 τοιοῦτόν
2814 1125 2867 1162 τι
2896 1109 3197 1161 συνέπεσεν
3224 1106 3426 1168 αὐτοὺς
3456 1104 3640 1156 εἰπεῖν

2055 1198 2358 1268 (ἅνθρωποι
2388 1193 2666 1269 γὰρξῆσαν
2712 1196 2808 1250 καὶ
2830 1194 3180 1264 ἀνθρωπίνου
3211 1191 3633 1262 παρολισθήμέν.⁶

2054 1307 2147 1353 τος
2197 1290 2296 1342 οὑκ
2325 1287 2442 1340 ἔστι
2472 1287 2765 1350 διαπαντὸς
2800 1286 3059 1357 ὑπεράνω
3104 1283 3369 1353 φέρεσθαι
3407 1280 3500 1333 τδν
3565 1281 3636 1332 ὲκ

2055 1376 2231 1447 πηλοῦ
2269 1376 2362 1430 καὶ
2388 1376 2620 1446 ῥεούσης
2648 1374 2780 1444 ὑλης
2812 1372 3173 1442 συγκείμενον
3198 1386 3212 1400 ·
3249 1370 3374 1423 ἔσθ’
3430 1370 3520 1422 ὅτε
3575 1369 3637 1421 δὲ

2052 1468 2148 1522 καὶ
2199 1470 2311 1531 τοῖς
2360 1467 2605 1537 ἀρίστοις
2661 1464 2954 1533 ὲπιφύεταί
3010 1480 3137 1517 τινα
3201 1461 3419 1532 κηλῖδος
3458 1459 3631 1530 ίχνη)’

2051 1558 2299 1615 ἀλλὀὑν
2336 1560 2389 1613 εῐ
2411 1575 2464 1611 τι
2492 1556 2925 1629 παρηνέχθησαν
2971 1552 3438 1625 ἐνασχημονῆσαι,
3504 1550 3640 1615 τοὺς

2053 1652 2406 1723 εὐγνώμονας
2436 1649 2505 1703 ἂν
2539 1647 2649 1702 τῶν
2676 1648 2771 1702 τοῦ
2810 1646 2936 1723 Νῶε
2967 1645 3176 1698 παίδων
3230 1635 3655 1723 ὲμιμησάμην,ξ

2050 1712 2148 1800 καί
2177 1712 2297 1799 ἀντὶ
2323 1712 2689 1812 πεῗριϐολαίων
2734 1720 3016 1811 τῇσιωπῇ.
3046 1712 3405 1807 μᾶλλον-και
3429 1712 3659 1805 εὐγνω-ζ

1984 1797 2024 1850 Β
2327 1797 2426 1902 τὴν
2486 1797 3139 1909 πατρικὴνηεπεκάλύψα
3196 1797 3638 1901 ἀσχημοσύνην,

2047 1928 2171 1998 οὐχὶ
2202 1927 2248 1981 δ’
2278 1926 2468 1993 ὥσπερ
2494 1928 2557 1978 σὺ
2590 1922 2730 1977 κατά
2750 1921 2841 1975 τὸν
2867 1922 3000 1992 Χάμ
3025 1918 3411 1991 διεπραξάμην
3428 1935 3443 1949 ·
3490 1918 3640 1987 μᾶλ-

2046 2019 2136 2073 λον
2164 2018 2221 2072 δὲ
2247 2023 2312 2072 σὺ
2367 2017 2504 2070 πολὺ
2538 2014 2867 2086 πικρότερον
2918 2012 3132 2065 ἐκείνου
3174 2010 3272 2064 καὶ
3315 2008 3638 2066 ἀναιδέστε-

2052 2127 2143 2183 ρον
2185 2109 2310 2174 τοὺς
2366 2107 2616 2178 Πατέρας
2673 2105 2767 2170 οὓς
2801 2105 3083 2176 (υλέγεις
3128 2103 3208 2166 είς
3239 2101 3638 2172 ἀσχημοσύνην

2050 2203 2413 2273 στηλιτεύειςο
2441 2201 2469 2253 ὁ
2505 2199 2603 2270 μὲν
2630 2197 2740 2266 γὰρ
2778 2198 2877 2267 οὑχ
2910 2197 2991 2250 ὅτι
3016 2193 3390 2264 ἀπεκάλυψεν,
3416 2192 3635 2244 ἀλλ’ὅτι

2051 2296 2126 2367 μὴ
2163 2292 2504 2361 ὲπεκάλυψε,
2527 2292 2627 2360 τὴν
2658 2292 2799 2360 ἀρὰν
2833 2290 3025 2360 ὑπέχει
3051 2304 3066 2320 ο
3112 2289 3178 2342 σὺ
3205 2285 3264 2341 δὲ
3298 2286 3393 2339 καὶ
3422 2286 3637 2338 ἀποκα-

2047 2390 2296 2454 λύπτεις,
2328 2388 2422 2442 καὶ
2445 2385 2686 2457 σεμνύνῃ
2720 2388 2787 2454 τῇ
2810 2383 2992 2454 τόλμῃ
3014 2398 3029 2413 ο
3053 2382 3150 2436 καὶ
3168 2383 3196 2435 ὁ
3227 2380 3328 2449 μὲν
3349 2381 3463 2442 τοῖς
3482 2376 3638 2431 ἀδελ-

2056 2486 2179 2551 φοῖς
2234 2482 2297 2534 τὸ
2349 2479 2666 2550 ἀπόρρητον
2723 2477 2974 2546 ἐκφέρει,
3014 2476 3080 2528 σὺ
3145 2474 3199 2527 δὲ
3224 2473 3324 2526 οὑκ
3357 2471 3636 2538 ἀδελφοῖς,

2048 2576 2170 2629 οὑδὲ
2202 2572 2339 2643 πρὸς
2372 2571 2471 2625 ἕνα
2505 2571 2539 2641 ἢ
2567 2570 2683 2633 δύο,
2716 2568 2845 2622 ἀλλ’
2888 2569 2990 2621 ὅσα
3021 2583 3086 2635 γε
3119 2568 3186 2638 τῇ
3211 2567 3276 2634 σῇ
3307 2562 3514 2633 σπουδῇ
3535 2560 3636 2614 καὶ

2048 2667 2415 2738 ἀναισχυντίᾳ
2446 2664 2547 2736 τὴν
2580 2662 2915 2731 οἰκουμένην
2948 2660 3179 2729 θέατρον
3213 2656 3455 2721 καθίζων
3489 2654 3653 2724 μέγα·

2053 2765 2152 2835 μὲν
2182 2759 2487 2824 σχλπίξεις,
2519 2759 2594 2821 ώς
2628 2758 2678 2809 oi.
2724 2754 2811 2807 col.
2848 2754 3095 2823 Πατέρες
3151 2747 3586 2821 ἐνασχημονοῦσι
3613 2761 3630 2776 ο

2050 2854 2460 2922 ὲνασελγαίνεις
2522 2849 2567 2903 δ’
2634 2848 2819 2902 αὐτῶν
2866 2847 2989 2908 ταῖς
3046 2842 3484 2914 ἀσχημοσύναις.
3539 2836 3633 2891 καὶ

2051 2946 2264 3018 τρυφᾷς
2292 2946 2392 3015 τὴν
2426 2940 2561 2998 κατ’
2597 2942 2829 2994 ἐκείνων
2856 2937 3084 3007 ἀτιμίαν
3111 2950 3129 2968 ο
3186 2933 3283 2986 καὶ
3319 2944 3625 2998 συγχορευ-

2050 3040 2147 3102 τάς
2191 3039 2376 3108 ζητεῖς
2398 3034 2467 3089 δι’
2493 3028 2567 3089 ὧν
2601 3033 2700 3104 τὴν
2743 3032 2969 3085 ἐκείνων
3001 3026 3162 3098 ὓϐριν
3229 3025 3326 3076 καὶ
3384 3023 3636 3093 ἀσχημτη

1971 3149 2017 3212 c
2054 3131 2222 3201 σύνην
2267 3132 2347 3192 εἰς
2390 3127 2453 3180 τὸ
2481 3125 2875 3195 λαμπρότατον
2903 3116 3329 3212 πανηγυρίζεις.

2126 3221 2225 3277 οα’.
2289 3218 2455 3273 Εἶπεν
2525 3217 2912 3284 Ἀὑγουστῖνος
2988 3212 3088 3265 καὶ
3154 3208 3482 3277 Ἱερώνυμος
3571 3202 3635 3257 τὸ

2054 3313 2281 3383 Πνεῦμα
2312 3313 2377 3365 ὲκ
2406 3307 2501 3362 τοῦ
2543 3307 2674 3360 Υἱοῦ
2703 3303 3126 3376 ἐκπορεύεσθαι.
3164 3300 3277 3355 Καὶ
3320 3296 3483 3352 πόθεν
3506 3293 3626 3347 ἐστι

2051 3407 2236 3461 λαϐεῖν
2268 3404 2300 3476 ἢ
2326 3402 2513 3457 δοῦναι
2553 3399 2760 3464 πίστιν,
2810 3397 3068 3451 τοσούτου
3100 3394 3392 3466 ρεύσαντος
3412 3390 3630 3461 χρόνου,

2051 3503 2134 3554 ὃτι
2178 3499 2254 3569 μὴ
2281 3494 2465 3551 αὑτῶν
2497 3490 2949 3560 κεκακούργηται
2979 3489 3047 3541 τὰ
3091 3486 3479 3553 συντάγματα;
3536 3479 3634 3550 Μὴ

2052 3594 2163 3664 γὰρ
2201 3593 2443 3660 νομίσεις
2471 3590 2549 3661 (2)
2595 3591 2755 3659 μόνον
2806 3582 3006 3637 σαυτὸν
3063 3576 3203 3633 εἶναι
3236 3576 3442 3646 θερμὸν
3491 3574 3629 3645 πρὸς

2053 3684 2312 3739 ἀσέϐειαν
2361 3682 2460 3735 καὶ
2485 3679 2761 3749 τολμηρ³ιν
2789 3674 2857 3729 τὰ
2890 3672 3197 3741 ἀτόλμητα,
3255 3666 3371 3721 ἀλλ’
3420 3667 3484 3719 ὲκ
3532 3665 3632 3735 τῆς

2054 3779 2153 3845 σῆς
2184 3773 2506 3843 ἀναλογίζου
2537 3770 2738 3841 μᾶλλον
2783 3766 3038 3837 γνώμης,
3089 3768 3171 3816 ὄτι
3201 3761 3299 3815 καὶ
3326 3757 3634 3830 τηνικαῦτα

2051 3868 2203 3922 οὐδὲν
2232 3866 2292 3920 τὸ
2322 3864 2532 3918 κωλύον
2560 3858 2629 3934 ἦν
2650 3859 2907 3913 τοιούτων
2940 3854 3153 3908 σκευῶν
3194 3850 3504 3922 εὐπορῆσαι
3540 3848 3634 3902 τὸν

2053 3960 2440 4029 πολυμήχανον
2468 3957 2566 4009 τοῦ
2600 3954 2794 4023 γένους
2820 3950 3038 4023 ἐχθρόν.
3471 4012 3490 4029 ο

2090 4087 2102 4099 ι
2123 4049 2226 4107 οϐ’.
2252 4049 2444 4114 Εἶπον,
2476 4047 2570 4109 οὓς
2609 4046 2673 4098 σὺ
2724 4042 2930 4111 λέγεις,
2956 4039 3156 4096 ταῦτα.
3203 4039 3265 4092 Εἰ
3294 4036 3352 4091 δὲ
3384 4035 3473 4089 διὰ
3510 4051 3635 4089 τινα

2055 4144 2379 4215 περίστασιν
2410 4140 2443 4210 ἦ
2472 4138 2610 4209 πρὸς
2655 4133 3015 4202 Ἑλληνιστῶν
3044 4130 3467 4201 ἀντιφερόμενοι
3490 4127 3624 4180 λύσ-

2055 4256 2154 4293 σαν
2182 4235 2215 4306 ἢ
2247 4235 2385 4305 πρὸς
2423 4230 2593 4298 ἄλλην
2618 4227 2908 4298 αίρετικὴν
2939 4224 3345 4295 διαμαχόμενοι
3400 4221 3559 4287 δόξαν
3590 4220 3625 4290 ἢ

2052 4331 2120 4400 τῇ
2184 4325 2295 4380 τῶν
2354 4320 2642 4394 ἀκροατῶν
2680 4316 3213 4387 συγκαταϐαίνοντες
3279 4312 3559 4383 ἀσθενείᾳ,
3593 4313 3626 4381 ἢ

2057 4424 2201 4477 πόσα
2233 4416 2464 4473 τοιαῦτα
2485 4414 2840 4482 καθεκάστην
2859 4412 2886 4464 ὁ
2915 4406 3260 4478 ἀνθρώπινος
3290 4405 3631 4459 ἐπιδείκνυσι

366 4513 527 4552 mana
576 4498 815 4566 quotidie
854 4498 1107 4568 ,evenire,
1157 4497 1226 4561 si,
1285 4497 1534 4566 inquam,
1584 4495 1654 4549 ob
1705 4494 1941 4564 aliquam

2055 4517 2186 4588 βίοςο
2206 4515 2254 4566 εί
2279 4511 2374 4565 οῦν
2403 4509 2632 4572 ἐκείνοις
2659 4507 2747 4561 διά
2768 4523 2820 4558 τι
2838 4506 3044 4557 τούτων
3064 4503 3096 4572 ἢ
3118 4503 3211 4557 καὶ
3229 4500 3317 4555 διὰ
3334 4500 3503 4553 πλείω
3522 4514 3633 4549 τοι-

362 4591 636 4660 cjusntodi
679 4604 906 4645 causam
961 4588 1078 4644 sive
1136 4590 1301 4641 etiam
1361 4589 1431 4643 ob
1478 4589 1666 4657 plures
1706 4586 1774 4641 iis
1809 4588 1947 4642 forte

365 4684 492 4737 talis
529 4698 632 4737 vox
670 4682 895 4746 excidit,
921 4682 1202 4751 quomodo
1253 4690 1308 4735 tu
1341 4681 1485 4750 quod
1527 4679 1607 4732 illi
1641 4695 1748 4733 non
1780 4695 1945 4735 sensu

365 4773 675 4843 dogmatiro
723 4771 1183 4838 pronuntiarunt,
1242 4785 1341 4840 pro
1398 4770 1652 4838 dogmate
1715 4786 1778 4825 ac
1828 4771 1949 4838 lege

367 4880 620 4931 sumens,
661 4865 756 4920 tibi
789 4855 1007 4933 quidem
1046 4866 1146 4935 ipsi
1177 4863 1590 4933 irreparabilem
1630 4878 1786 4919 creas
1822 4881 1946 4936 per-

366 4958 562 5012 niciem
587 4995 603 5021 ,
637 4955 762 5011 illos
792 4972 920 5012 vero
947 4957 1004 5011 in
1033 4967 1181 5011 tuam
1211 4954 1462 5025 abripere
1496 4955 1776 5010 vesaniam
1812 4971 1947 5012 con-

370 5050 590 5106 tendis?

932 5142 1383 5198 REFUTATIO.

390 5212 441 5235 κ

433 5280 651 5335 XXVII.
686 5281 823 5337 Cum
851 5280 1165 5344 Ambrosio,
1197 5281 1507 5350 Augustino
1526 5288 1581 5337 et
1611 5279 1946 5352 Hieronymo

364 5372 578 5428 veniam
625 5374 924 5439 concedas,
956 5372 1085 5427 licet
1132 5374 1201 5427 iis
1256 5374 1363 5429 tale
1412 5372 1714 5444 quidquam
1759 5375 1943 5443 eloqui

368 5468 650 5531 acciderit,
708 5466 871 5538 quasi
913 5481 1015 5536 pro
1049 5465 1158 5521 illis
1194 5465 1568 5531 defetisionem
1625 5466 1942 5531 instituens,

371 5559 515 5626 quod
546 5558 796 5614 homines
821 5572 887 5613 ex
922 5557 1038 5612 luto
1068 5568 1124 5613 et
1163 5558 1308 5614 fluxa
1339 5561 1566 5615 materia
1600 5560 1947 5631 compositos

436 5714 512 5780 (l)
548 5715 713 5771 Laur.
752 5717 849 5780 ὡς,
885 5726 944 5770 ιιι
970 5684 1145 5771 Va‘tic.

440 5784 515 5853 12)
548 5788 637 5857 Μὴ
662 5789 769 5858 γὰρ
811 5792 1034 5860 νομίσῃς
1070 5789 1238 5846 Laur.

2051 4609 2223 4675 αύτην
2263 4603 2493 4664 ἐκείνοις
2516 4603 2733 4671 ἀφεῖναι
2752 4601 3014 4653 συνέπεσε
3027 4599 3234 4667 φωνὴν,
3258 4596 3375 4656 πῶς
3396 4592 3461 4645 ab
3478 4590 3537 4643 τὸ
3560 4588 3634 4660 μὴ

2054 4699 2195 4754 κατὰ
2226 4693 2569 4766 δογματικὴν
2595 4693 2824 4756 ἐκείνοις
2855 4693 3067 4745 ἔννοιαν
3104 4688 3424 4760 εἰρημένον,
3457 4685 3632 4754 δόγμα

2054 4789 2149 4843 καὶ
2187 4787 2351 4857 νόμον
2380 4783 2551 4837 ποιῶν
2586 4782 2769 4852 σαυτῷ
2808 4783 2905 4852 μὲν
2939 4781 3240 4852 ἀνοήθητον
3256 4779 3331 4849 (3)
3349 4777 3451 4847 τὴν
3486 4772 3629 4828 ἀπώ-

2054 4880 2205 4931 λειαν
2241 4876 2495 4943 ἐπάγεις,
2521 4870 2763 4935 ἐκείνους
2790 4872 2850 4924 δὲ
2885 4870 3290 4941 συγκατασπᾷν
3316 4869 3384 4939 τῇ
3446 4866 3513 4937 σῇ
3544 4877 3631 4934 ιρι-

2055 4969 2317 5031 λονεικεῖς
2344 4965 2575 5037 ἀπονοίᾳ
2592 4964 2705 5038 (ί);

2625 5151 2723 5204 AN
2732 5150 3074 5204 ΤΙΡΡΗΣΙΣ.

2125 5294 2254 5365 ΚΖ’.
2294 5289 2446 5361 Ἐπεὶ
2475 5287 2527 5342 Ἀ
2541 5289 2789 5360 μϐροσίῳ
2806 5285 3262 5357 συγγιγνώσκεις,
3286 5284 3630 5355 Αὑγουστίνῳ

2055 5401 2114 5437 τε
2136 5384 2228 5437 καὶ
2259 5380 2596 5453 Ἱερωνύμῳ,
2627 5383 2676 5433 εί
2704 5380 2800 5433 καὶ
2815 5380 3056 5433 τοιοῦτόν
3088 5398 3135 5433 τι
3159 5379 3464 5441 ,συνέπεσεν
3493 5374 3630 5429 ὲκεί-

2058 5490 2168 5538 νοις
2197 5476 2394 5537 εἰπεῖν,
2428 5470 3017 5541 ὑπεραπολογούμενος
3047 5470 3239 5542 ὥσπερ
3267 5469 3492 5523 ἐκείνων
3534 5465 3626 5520 ἅτε

2067 5567 2141 5639 μὴ
2168 5565 2286 5619 ἐνὸν
2324 5565 2464 5634 ὑπὲρ
2491 5562 2843 5633 ἀνθρωπίνου
2897 5561 3378 5633 παρολισθήματος
3408 5559 3626 5614 διαπαν-

2128 5720 2206 5783 (5)
2248 5717 2395 5774 Fort.
2426 5714 2745 5784 ἀϐοήθητον.

2132 5782 2206 5857 (εί)
2248 5789 2411 5842 Laur.
2445 5782 2689 5857 ἀπωλείᾳ
2725 5800 2822 5855 pro
2864 5782 3111 5853 ἀπονοίᾳ.
