4042 6394
391 305 496 369 823

1421 319 1634 382 JOAN.
1677 324 1892 387 VECCl
1929 325 2039 388 (ΖΡ.
2080 324 2594 386 PATRIARCH/E

3552 321 3664 385 82':

391 423 538 491 ptis?
568 421 767 482 Vocem
801 430 1020 498 quidem
1068 431 1315 503 Πείρου-αι
1358 436 1412 489 in
1459 437 1611 492 Pauli
1661 439 1962 511 Evangeliis

2074 439 2495 512 εύαγγελισμοῖς
2555 441 2942 510 ἐκφαινόμενα,
2975 441 3074 495 οὐκ
3107 437 3220 495 οῖδα
3279 439 3400 504 πῶς
3461 438 3668 494 ἀπολο-

393 530 669 585 nusquam
708 520 834 590 quis
885 525 1138 593 reperiet,
1193 525 1286 580 Dei
1333 537 1516 583 tamen
1576 532 1819 588 Ecclesia
1852 549 1972 604 per-

391 609 581 675 spicue
607 626 726 666 eam
756 616 1013 684 praedicat
1041 627 1093 671 et
1118 634 1214 674 eos
1250 623 1343 690 qui
1385 639 1492 677 non
1529 625 1600 678 ita
1640 629 1886 682 sentiunt
1913 636 1973 682 ut

391 700 677 762 haereticos
723 709 999 777 reprobat.
1043 710 1230 782 Neque
1273 731 1423 779 vero,
1459 718 1586 786 quia
1632 717 1833 775 Paulus
1869 722 1970 777 has

392 809 558 851 voces
597 813 702 852 non
739 803 1138 869 pronuntiavit,
1165 806 1399 864 diversae
1421 818 1477 865 et
1512 810 1664 866 falsa'
1701 813 1968 882 pradica-

391 885 554 940 tionis
593 889 668 942 rei
699 887 1043 959 judicantur,
1087 897 1178 964 qui
1207 901 1552 966 postmodum
1589 918 1682 958 eas
1719 919 1968 973 pronun-

389 975 615 1042 tiarunt,
667 995 852 1036 verum
899 985 1026 1051 quia
1081 988 1387 1044 secundum
1440 980 1597 1046 Pau'li
1633 1003 1872 1048 mentem
1902 1011 1967 1051 ea

390 1068 758 1138 tradiderunt,
789 1074 926 1144 ipsis
951 1078 1166 1146 pietatis
1206 1079 1551 1150 praeconibus
1597 1086 1968 1142 adnumeran-

385 1169 492 1216 tttr.
517 1160 674 1228 Quod
702 1181 832 1223 vero
871 1169 938 1224 ad
972 1170 1118 1226 istud
1157 1174 1382 1240 attinet,
1414 1177 1557 1246 quod
1615 1179 1688 1250 (c.
1724 1179 1812 1250 τε)
1854 1181 1968 1234 Au-

384 1254 608 1319 gustino
630 1267 683 1312 et
705 1258 1000 1316 Ambrosio
1034 1265 1294 1334 ignoscis,
1331 1269 1375 1322 si
1409 1271 1480 1323 ob
1501 1271 1744 1339 aliquam
1775 1288 1966 1328 neces-

383 1349 604 1402 sitatem
637 1351 1158 1427 (circumstantiam)
1197 1359 1280 1414 vel
1331 1361 1647 1417 auditorum
1681 1363 1967 1434 indulgen-

384 1447 468 1493 tes
520 1440 847 1510 inlirmitati,
903 1448 987 1502 vel
1043 1449 1113 1504 ob
1154 1451 1301 1505 aliud
1365 1453 1546 1509 simile
1602 1470 1669 1509 ex
1719 1456 1808 1521 iis,
1841 1473 1964 1526 quae

383 1528 562 1583 solent
615 1532 668 1584 in
701 1535 828 1595 .vita
887 1537 1127 1594 humana
1180 1542 1425 1611 quotidie
1488 1547 1731 1613 evenire,
1799 1547 1962 1603 talem

381 1621 690 1677 emiserunt
742 1640 956 1692 vocem,
1021 1635 1300 1699 quomodo
1352 1651 1458 1689 non
1514 1635 1566 1690 id
1615 1636 1667 1691 itt
1714 1638 1962 1693 animum

385 1709 672 1779 induxisti,
707 1717 850 1784 quod
895 1719 1086 1776 Patres
1117 1725 1311 1788 nostri,
1351 1726 1444 1796 qui
1493 1727 1549 1782 in
1585 1728 1694 1784 illis
1717 1729 1962 1799 antiquis

2078 533 2309 602 γήσεται
2352 533 2506 598 οὗτος
2555 536 2666 598 τοῖς
2709 536 2769 588 τὸ
2797 536 3123 605 ὁμοούσιον
3156 535 3515 604 δογματίσασι
3544 532 3663 582 Πα-

2078 623 2270 694 τράσιν
2309 625 2491 696 ἡμῶν.
2524 624 2633 678 Ποῦ
2663 625 2772 698 γὰρ
2803 628 2897 680 καὶ
2927 626 3156 696 εὓρηται
3186 624 3342 678 τοῦτο
3395 617 3530 676 τῶν⁹
3563 619 3661 674 τοῦ

2078 717 2294 772 Παύλου
2345 720 2608 787 γραφῶν;
2639 718 2750 789 Τὴν
2803 719 2859 772 δέ
2893 720 3180 784 Θεοτόκος
3215 715 3397 786 φωνὴν
3463 715 3520 765 ἐν
3557 713 3666 783 μὲν

2075 813 2189 872 τοῖς
2219 810 2312 864 τοῦ
2367 811 2579 865 Παύλου
2625 811 2969 881 Εὑαγγελίοις
3003 811 3224 881 εὑρήσει
3281 826 3362 870 τις
3395 803 3666 874 οὐδαμοῦ,

2077 903 2110 970 ἡ
2142 901 2199 955 δέ
2227 901 2320 954 τοῦ
2349 901 2486 956 Θεοῦ
2546 905 2842 975 Ἐκκλησία
2899 905 3110 974 τρανῶς
3139 903 3401 974 κηρύττει
3457 883 3662 967 αὐτὴν,

2079 992 2172 1045 καὶ
2236 995 2361 1056 τοὶς
2423 995 2500 1066 μὴ
2571 995 2714 1048 οὕτω
2780 995 3108 1066 φρονοῦντας
3187 993 3263 1056 ὼς
3347 991 3667 1063 αἱρετικοῦς

2075 1085 2484 1140 ἀποὸἁλ>.εται’
2543 1089 2636 1140 καὶ
2682 1087 2782 1157 οὐχ
2831 1087 2912 1141 ὅτι
2967 1086 3042 1157 μὴ
3088 1085 3301 1148 Παῦλος
3326 1084 3425 1146 τὰς
3477 1081 3664 1146 λέξεις

2074 1179 2265 1249 εἴρηκε
2293 1177 2496 1242 ταύτας
2543 1174 3066 1252 παρευαγγελισμοῦ
3095 1178 3373 1247 κρίνονται
3427 1175 3476 1226 ot
3520 1171 3660 1225 ἐσύ-

2075 1287 2265 1340 στερον
2291 1272 2596 1341 εἰρηκότες,
2649 1271 2765 1325 ἀλλ’
2819 1271 2902 1324 ὅτι
2952 1270 3092 1323 κατὰ
3139 1269 3238 1338 τὴν
3291 1265 3387 1320 τοῦ
3438 1264 3664 1318 Παύλου

2071 1363 2310 1416 διάνοιαν
2359 1362 2744 1431 ἐδογμάτισαν,
2794 1356 2942 1416 οὗτοι
2993 1364 3108 1426 τοῖς
3163 1358 3360 1430 κήρυξι
3417 1357 3515 1426 τῆς
3567 1357 3668 1407 εὐ-

2074 1454 2293 1516 σεϐείας
2367 1453 2731 1524 ἐγκρίνονται.
2813 1454 2936 1507 Ὅτι
3015 1452 3072 1505 δέ
3129 1450 3289 1506 πάλιν
3344 1444 3666 1516 συγγιγνώ-

2075 1563 2225 1612 σκεις
2281 1547 2632 1617 Δύγουστίνῳ
2667 1547 2764 1600 καὶ
2825 1545 3163 1618 Ἀμὸροσίῳ,
3201 1544 3360 1612 εἴπερ
3408 1540 3496 1594 διά
3525 1554 3661 1592 τινα

2073 1642 2396 1710 περίστασιν
2445 1640 2479 1710 ἢ
2537 1643 2603 1712 τῇ
2671 1639 2782 1692 τῶν
2827 1638 3115 1711 ἀκροατῶν
3194 1633 3665 1704 σύγκαταῆαίνον-

2071 1749 2164 1796 τες
2221 1732 2477 1802 ἀσθενείᾳ
2527 1732 2560 1804 ἢ
2621 1731 2767 1786 πόσα
2819 1731 3168 1801 καθεκάστην
3225 1731 3256 1782 6
3309 1723 3657 1796 ἀνθρώπινος

381 1801 574 1858 diebus
600 1804 652 1858 in
691 1807 1040 1866 ﬁrmamento
1070 1812 1327 1872 Ecclesia:
1361 1828 1562 1874 nostra:
1612 1821 1760 1877 velut
1811 1834 1960 1878 astra

2069 1822 2397 1876 ἐπιδείκνυσι
2431 1823 2569 1894 βίος,
2621 1822 2878 1894 τοιαύτην
2927 1823 3112 1894 φωνήν
3152 1823 3352 1876 ἐκεῖνοι
3399 1819 3651 1887 ἀφῆκαν,

384 1894 675 1962 fulserunt,
707 1902 750 1955 si
810 1902 1028 1960 illorum
1057 1910 1263 1979 scripta
1309 1912 1392 1966 eis
1417 1913 1486 1967 ad
1519 1930 1713 1968 manus
1739 1931 1962 1983 venere,

380 1995 434 2040 et
474 1988 618 2056 ipsos
650 2005 750 2046 nos
803 1998 1212 2062 processionem
1259 1999 1502 2069 Spiritus
1540 2018 1604 2058 ex
1658 2002 1800 2059 Filio
1846 2019 1965 2074 pro-

383 2079 557 2136 fessos
589 2095 906 2141 sanctorum
953 2089 1123 2144 choro
1173 2091 1606 2150 adnumerarunt
1659 2106 1718 2152 et
1757 2096 1962 2154 Roma-

383 2188 506 2228 nam
538 2174 838 2232 Ecclesiam
865 2196 1054 2236 eorum
1089 2183 1258 2239 libros
1285 2187 1706 2256 amplectentem
1732 2190 1786 2244 in
1812 2205 1965 2246 corn-

383 2269 644 2325 munione
693 2271 1024 2340 habuerunt,
1076 2277 1239 2346 eique
1291 2290 1351 2334 ut
1387 2282 1548 2335 matri
1592 2283 1964 2340 Ecclesiarum

379 2359 772 2417 adhaeserunt?
812 2364 876 2419 Et
898 2368 1179 2434 quomodo
1200 2385 1311 2425 non
1346 2383 1406 2426 ut
1436 2387 1626 2427 eorum
1658 2373 1962 2446 discipulus

379 2466 475 2508 eos
517 2451 764 2510 imitatus
805 2473 928 2513 cum
967 2459 1254 2530 discipulis
1296 2463 1596 2530 Ambrosii,
1661 2467 1959 2536 Augustini

378 2553 540 2612 atque
563 2543 882 2621 Hieronymi
931 2550 986 2605 in
1017 2567 1205 2608 veram
1248 2558 1300 2609 itt
1348 2555 1571 2612 Christo
1605 2559 1960 2614 concordiam

377 2645 432 2690 et
467 2637 582 2707 ipse
607 2633 914 2698 convenisti
938 2643 961 2697 ἳ

2072 1914 2190 1976 πῶς
2220 1914 2321 1967 οὐκ
2351 1913 2604 1982 ἐλογίσω,
2635 1914 2784 1978 ὅπως
2851 1915 2900 1968 οί
2943 1917 3002 1968 ἐν
3051 1917 3170 1978 ταῖς
3222 1911 3479 1986 ἀρχαίαις
3511 1911 3656 1980 ήμέο

2075 2023 2197 2075 ραις
2230 2005 2466 2070 ἐκείναις
2493 2007 2552 2060 ἐν
2584 2007 2682 2060 τῶ
2737 2007 3108 2078 στερεώματι,
3173 2007 3272 2076 τῆς
3321 2001 3444 2057 καθ’
3496 2001 3654 2071 ἡμᾶς

2083 2096 2422 2168 Ἑκκλησίας
2447 2098 2858 2170 διαλάμψαντες
2889 2099 3136 2169 Πατέρες
3164 2097 3326 2168 ήμῶν
3357 2097 3471 2156 τοῖς
3499 2092 3652 2145 ἐκεί-

2073 2207 2181 2243 νων
2215 2191 2647 2260 συγγράμμασιν
2696 2193 3118 2262 ἐντυγχάνοντες
3163 2189 3364 2253 αύτούς
3411 2205 3469 2240 τε
3523 2184 3655 2248 τοὺς

2071 2282 2171 2354 τὴν
2202 2285 2264 2336 ἐκ
2307 2284 2404 2337 τοῦ
2455 2284 2588 2338 Υίοῦ
2641 2285 2971 2356 ἐκπόρευσιν
3020 2283 3315 2358 εἰρηκότας
3347 2281 3442 2334 τοῦ
3473 2275 3652 2333 Πνεύ-

2077 2391 2247 2445 ματος
2279 2374 2359 2444 τῷ
2395 2375 2505 2429 τῶν
2527 2375 2699 2445 ἁγίων
2730 2376 3103 2446 συνηρίθμουν
3129 2373 3276 2444 χορῷ
3309 2373 3405 2426 καὶ
3440 2369 3539 2441 τήν
3571 2367 3649 2422 τὰ

2073 2467 2488 2538 συγγράμματα
2513 2467 2695 2521 αὐτῶν
2723 2469 3120 2536 ἀσπαζομένην
3161 2464 3493 2535 Ἐκκλησίαν
3543 2459 3651 2527 τῆς

2084 2559 2306 2629 Ῥώμης
2330 2558 2663 2623 κοινωνικῶς
2689 2556 2837 2630 εῒχον
2882 2561 2978 2614 καὶ
3031 2560 3119 2623 ῶς-
3151 2558 3348 2628 μητέρι
3379 2555 3508 2608 τῶνμ
3529 2552 3656 2606 Ἐκ-

1985 2646 1996 2659 ⁴
2066 2650 2310 2721 κλησιῶν
2340 2653 2630 2721 προσεῖχον
2665 2653 2804 2722 αὐτῇ
2844 2653 2944 2723 (1)·
2974 2653 3069 2706 καὶ
3111 2653 3229 2714 πῶς
3269 2650 3369 2703 οὐκ
3403 2647 3653 2707 ἐκείνους

373 2731 450 2795 ὡς
495 2733 722 2788 ὲκείνων
751 2735 1002 2807 μαθητὴς
1056 2743 1444 2811 μιμησάμενος
1488 2743 1604 2805 τοῖς
1643 2739 1972 2814 ’Δμδροσίου
2012 2743 2108 2796 καὶ
2170 2744 2332 2808 αὐτὸς
2358 2743 2724 2813 Αύγουστίνου
2782 2762 2842 2799 τε
2877 2746 2973 2799 καὶ
3014 2743 3346 2817 Ἱερωνύμου
3379 2740 3652 2814 μαθηταῖς

381 2828 461 2889 εἰς
497 2828 592 2898 τὴν
639 2830 695 2882 ἐν
731 2829 957 2900 Χριστῷ
991 2832 1256 2901 συνῆλθες
1300 2835 1592 2904 ὁμόνοιανς

1019 2923 1322 2981 TEXTUS.

455 3039 546 3095 τι.
587 3039 734 3095 Dixit
759 3040 908 3096 orbis
937 3049 1208 3098 terrarum
1242 3058 1441 3113 praeco,
1466 3057 1797 3100 arcanorum
1826 3059 1960 3100 con-

2666 2927 3058 2982 KEIMENON.
3146 2994 3153 3004 ι

2138 3041 2238 3112 ογ’.
2277 3039 2445 3095 Εἶπεν
2473 3041 2502 3095 6
2535 3042 2636 3112 τῆς
2662 3041 2994 3112 οἰκουμένης
3026 3039 3225 3112 κήρυξ,
3257 3040 3286 3093 6
3329 3039 3439 3092 τῶν
3475 3040 3656 3110 ἀπορ-

377 3132 688 3202 tetnplator,
731 3134 825 3204 qui
860 3135 1159 3189 humanam
1207 3145 1458 3191 naturain
1490 3137 1798 3208 insignibus
1843 3139 1960 3193 suis

2069 3137 2252 3208 ρήτων
2279 3135 2510 3206 θεωρὸς,
2540 3137 2568 3190 6
2600 3135 2701 3207 τὴν
2733 3135 3090 3206 ἀνθρωπίνην
3126 3135 3293 3204 φύσιν
3347 3135 3462 3196 τοῖς
3516 3132 3650 3186 καθ’

378 3226 624 3282 moribus
648 3227 980 3293 nobilitavit,
1021 3229 1272 3285 dixitille
1308 3228 1571 3286 adversus
1595 3230 1962 3286 Athenienses

378 3325 574 3371 ornato
597 3333 661 3370 ac
694 3316 858 3372 ﬂuido
889 3317 1110 3373 dicendi
1141 3333 1340 3388 genere
1372 3319 1638 3389 pollentes
1665 3320 1962 3388 disputaris

380 3408 708 3479 illorumque
752 3411 969 3465 attimos
1025 3410 1254 3466 nimium
1300 3413 1474 3466 elatos
1524 3413 1856 3467 submittens
1900 3427 1964 3467 ac

377 3503 712 3569 deprimens,
780 3505 891 3558 imo
943 3505 1124 3573 potius
1175 3505 1242 3560 ad
1294 3506 1514 3560 illorum
1573 3506 1955 3561 inﬁrmitatem

377 3608 500 3649 sese
530 3595 980 3662 accommodans,
1009 3597 1140 3668 quid
1169 3598 1336 3668 igitur
1360 3598 1530 3653 dixit?
1558 3598 1875 3653 Prwtert’ens
1911 3606 1962 3652 et

376 3685 559 3740 videns
592 3686 884 3741 simulacra
911 3697 1084 3742 vestra
1112 3690 1288 3744 inveni
1320 3697 1369 3743 et
1405 3706 1582 3754 aram,
1623 3693 1803 3760 inqua
1831 3690 1963 3743 scri-

375 3789 520 3847 ptum
543 3789 657 3834 erat
694 3795 712 3833 :
745 3777 934 3849 Ignoto
959 3779 1091 3834 Deo.
1145 3781 1314 3845 Quem
1339 3782 1515 3851 :t'gitur
1542 3785 1844 3851 ignorantes
1874 3796 1962 3833 co-

375 3871 506 3936 litis,
535 3871 672 3925 hunc
698 3887 790 3943 ego
823 3874 1084 3927 annuntio
1121 3875 1286 3928 vobis.
1327 3873 1469 3939 Quid
1494 3873 1702 3944 igitur?
1735 3872 1832 3938 Ea,
1867 3886 1962 3942 per

375 3979 498 4032 qua:
527 3961 734 4018 Paulus
779 3963 1035 4020 Ecclesiae
1067 3966 1264 4020 doetor
1313 3967 1587 4035 sapientes
1638 3966 1958 4020 Graecorum

381 4057 761 4126 aucupabatur
787 4069 951 4126 atque
981 4074 1046 4113 ex
1076 4059 1357 4129 impietate
1386 4061 1451 4115 ad
1481 4060 1738 4130 pietatem
1767 4075 1962 4114 manu-

376 4151 588 4204 ducens
631 4152 1017 4215 transferebat,
1048 4167 1135 4217 ea,
1183 4153 1430 4222 inquam,
1481 4161 1539 4206 tu
1583 4169 1681 4222 pro
1705 4153 1960 4220 dogmate

377 4242 616 4312 accipies
661 4249 717 4298 et
772 4258 1026 4299 asserere
1066 4243 1321 4309 audebis,
1373 4261 1402 4300 a
1457 4244 1631 4300 Paulo
1684 4245 1957 4299 idolorum

375 4352 629 4392 eversore
679 4337 831 4391 illum
876 4337 1185 4407 praedicari,
1243 4355 1406 4409 quem
1461 4338 1747 4409 gentilium
1803 4352 1959 4392 error

375 4430 588 4486 colebat
647 4429 1078 4500 nominabatque
1118 4429 1365 4501 ignotum
1407 4429 1617 4489 Deum?
1653 4427 1772 4484 Non
1808 4427 1955 4482 enim

2066 3227 2265 3284 ἑαυτὸν
2309 3228 2668 3301 ’ἐξευγενίσας
2712 3227 2958 3298 τρόποιςο
3019 3222 3176 3281 εἶπεν
3244 3227 3456 3289 ἐκεῖνος
3508 3226 3655 3294 πρὸς

2063 3322 2191 3386 τοὺς
2237 3321 2592 3391 Ἐλληνιστάς
2625 3318 2807 3389 πολλῷ
2837 3319 2913 3389 τῷ
2947 3319 3092 3390 λόγῳ
3153 3319 3376 3390 ῥέοντας
3430 3319 3658 3387 ἀντιφε-

2069 3397 2300 3484 ρόμενος
2353 3413 2454 3466 καὶ¹
2502 3411 2601 3484 τὴν
2656 3411 2884 3465 ἐκείνων
2941 3412 3116 3484 ὀφρὺν
3174 3411 3288 3465 ἀνω
3320 3413 3652 3482 τεινομένην

2065 3507 2216 3561 κάτω
2269 3508 2704 3576 παρασκευάσας
2761 3505 2964 3569 νεύειν,
3031 3505 3235 3575 μᾶλλον
3268 3505 3324 3559 δὲ
3375 3505 3514 3574 πρὸς
3545 3505 3652 3574 τὴν

2062 3597 2348 3653 ἀσθένειαν
2375 3598 2556 3650 αὐτῶν
2591 3597 2932 3666 συγκατιὼν,
2961 3598 3016 3650 τί
3044 3594 3206 3664 εἶπες
3244 3597 3649 3666 Διερχόμενος

2062 3691 2162 3745 καὶ
2193 3689 2548 3758 ἀναθεωρῶν
2576 3691 2648 3745 τὰ
2675 3689 3032 3754 σεϐάσματα
3063 3688 3254 3759 ὑμῶν,
3308 3684 3494 3756 εὗρον
3544 3686 3653 3740 καί

2056 3785 2270 3853 βωμὸν
2313 3785 2384 3838 ἐν
2415 3776 2462 3850 ᾦ
2506 3782 2938 3852 ἐπεγέγραπτοο
2989 3783 3303 3852 Ἀγνώστῳ
3360 3779 3485 3846 Θεῷ
3511 3797 3525 3813 ·
3571 3778 3651 3833 ὃν

2061 3874 2178 3933 οὖν
2207 3877 2579 3946 ἀγνοοῦντες
2625 3876 2950 3941 εὐσεϐεῖτε,
2998 3875 3216 3951 τοῦτον
3267 3872 3385 3942 ἐγὼ
3428 3887 3650 3941 κατηγο

2062 3968 2259 4038 γέλλω
2286 3967 2452 4037 ὑμῖν.
2511 3967 2577 4020 Τί
2613 3963 2745 4025 οὖν;
2781 3969 2859 4021 Δι’
2891 3959 2968 4021 ὦν
2997 3967 3099 4038 τῆς
3141 3966 3473 4036 Ἑκκλησίας
3501 3968 3530 4018 6
3560 3966 3646 4018 6t-

2059 4059 2330 4123 δάσκαλος
2387 4061 2516 4122 τοὺς
2558 4058 2835 4130 Ἑλλήνων
2894 4059 3094 4128 σοφοὺς
3152 4058 3348 4129 ἐθήρα,
3396 4059 3492 4111 καὶ
3539 4058 3644 4128 τῆς

2061 4153 2320 4215 ἀσεϐείας
2351 4152 2490 4222 πρὸς
2517 4151 2618 4222 τὴν
2646 4152 2932 4206 εὐσέϐειαν
2965 4152 3332 4222 ἐχειραγώγει
3380 4154 3474 4205 καὶ
3507 4169 3642 4220 μετ-

2062 4245 2250 4314 έφερε,
2285 4243 2460 4297 ταῦτα
2520 4245 2584 4297 σὺ
2638 4243 2819 4313 δόγμα
2857 4245 3134 4313 ποιήσεις,
3197 4246 3291 4298 καὶ
3342 4244 3642 4317 κηρύττειν

2059 4337 2358 4408 τολμήσεις
2406 4337 2498 4391 τὸν
2535 4337 2874 4408 καθαιρέτην
2906 4337 3016 4390 τῶν
3052 4336 3290 4391 εἰδώλων
3329 4339 3642 4408 καταγγέλ-

2059 4428 2174 4481 λειν
2202 4428 2261 4482 ὃν
2290 4427 2516 4480 ἐσέϐετο
2537 4427 2633 4482 καὶ
2678 4427 2961 4499 ὠνόμαζεν
2989 4431 3017 4482 6
3056 4428 3413 4501 Ἑλληνισμὸς
3461 4432 3640 4498 ἀγνω-

377 4524 512 4577 utira
537 4523 799 4578 accedere
827 4523 989 4578 nobis
1013 4523 1174 4578 debet
1208 4523 1286 4577 tui
1323 4522 1525 4594 ingenii
1571 4522 1626 4576 in
1670 4521 1958 4576 fallacibus

2069 4537 2192 4574 στον
2246 4521 2422 4586 Θεόν;
2455 4520 2530 4574 Οὐ
2563 4520 2672 4590 γὰρ
2728 4491 3051 4590 θαυμαστόν
3089 4491 3282 4580 σουξτὸ
3315 4491 3416 4592 τῆς
3446 4491 3641 4588 σοιρίας

377 4615 606 4683 argutiis
649 4616 985 4670 consuendis
1031 4614 1275 4670 solertia.
1333 4614 1749 4670 Erectumerat
1789 4615 1963 4669 altare

379 4706 509 4759 illud
542 4705 706 4772 Pani;
749 4708 881 4762 urbs
905 4715 1087 4762 autem
1117 4707 1454 4763 Athenarum
1488 4722 1688 4762 nomen
1721 4707 1840 4778 ejus
1867 4707 1961 4777 qui

378 4798 432 4851 in
491 4812 557 4853 eo
607 4797 889 4852 colebatur
935 4799 1155 4854 interim
1211 4799 1474 4870 ignorans
1534 4798 1892 4862 inscripserat
1943 4814 1957 4850 :

378 4891 566 4961 Ignoto
603 4889 733 4946 Deo.
786 4889 906 4946 lam
938 4881 1082 4964 vero
1127 4890 1389 4961 quoniam
1443 4905 1508 4944 ex
1560 4887 1958 4958 prophetarum

378 4985 619 5040 oraculis
665 4983 986 5055 Christique
1033 4984 1248 5038 Domini
1304 4981 1542 5052 eloquiis
1575 4981 1834 5050 egregius
1871 4979 1961 5032 ille

377 5078 726 5148 cmlestisque
785 5080 869 5133 vir
917 5077 1176 5140 videbat,
1238 5075 1661 5144 haudquaquam
1733 5073 1961 5141 gentiles

380 5169 548 5236 flecti,
581 5185 646 5224 ex
679 5171 934 5240 ipsismet
981 5169 1332 5223 exsecrandis
1383 5167 1698 5223 simulacris
1745 5166 1810 5221 ad
1846 5166 1961 5221 cul-

384 5271 494 5316 tum
555 5277 651 5317 eos
702 5271 922 5317 revocat
965 5260 1308 5325 Conditoris,
1363 5269 1418 5316 et
1466 5275 1532 5314 ex
1578 5260 1711 5328 ipsis
1757 5259 1959 5313 diaboli

381 5351 888 5422 programmatibus
958 5353 1247 5420 potestatis
1302 5350 1545 5416 eiusdem
1610 5350 1958 5422 tyrannidem

383 5447 734 5509 condemnat,
782 5459 847 5496 ex
889 5441 1249 5498 munimentis
1272 5443 1392 5512 ejus
1433 5442 1751 5498 fortissimis
1791 5443 1961 5496 robur

382 5533 668 5602 potestatis
704 5532 877 5603 ipsius
912 5533 1130 5597 evertit,
1169 5532 1240 5587 ab
1271 5548 1460 5588 errore
1495 5532 1650 5586 metit
1677 5533 1958 5602 pietatem,

455 5709 530 5777 (Α)
566 5709 739 5765 Verba
803 5709 928 5775 ista,
967 5709 1091 5775 Πῶς
1142 5711 1242 5764 οὐκ
1308 5710 1538 5778 ἐλογίσω
1571 5740 1638 5751 -
1671 5712 1960 5780 προσεῖχον

385 5779 521 5851 αὐτῇ
553 5781 740 5850 paucis
796 5784 1022 5840 vocibus
1057 5783 1321 5853 ampliora
1363 5783 1616 5854 leguntur
1640 5782 1780 5852 apud
1829 5779 1958 5840 Bec-

2065 4614 2396 4686 δραστήριον
2424 4614 2653 4667 καὶτῶν
2703 4613 3054 4683 κακοσχόλων
3095 4615 3126 4682 ἡ
3164 4613 3342 4685 πλοκὴ
3373 4615 3644 4683 σοφισμά-

2063 4721 2196 4756 των.
2240 4703 2560 4774 Ἀνειμένος
2615 4697 2684 4773 ἦν
2737 4703 2766 4755 6
2818 4703 3003 4772 βωμὸς
3037 4703 3114 4774 τῷ
3150 4705 3324 4757 Πανί’
3382 4707 3415 4775 ή
3449 4704 3506 4758 δέ
3535 4705 3642 4757 τῶν

2077 4795 2321 4863 Ἀθηνῶν
2369 4795 2525 4861 πόλις
2585 4794 2682 4848 τοῦ
2717 4795 3032 4866 τιμωμένου
3061 4796 3199 4859 τέως
3256 4798 3331 4866 μὴ
3365 4797 3642 4858 συνιέντες

2063 4889 2124 4943 τὸ
2152 4888 2330 4958 ὄνομα
2361 4889 2681 4958 ἐπέγραφον
2735 4888 2813 4958 τῷ
2864 4887 3053 4958 βωμῷ⁹
3127 4873 3441 4957 Ἃγνώστφ
3501 4886 3639 4952 Θεῷ.

2077 4981 2232 5034 Ἐπεὶ
2263 4979 2370 5049 γὰρ
2405 4980 2469 5032 ἐκ
2499 4968 2619 5033 τῶν¹
2660 4977 3026 5050 προφητικῶν
3073 4977 3344 5048 χρησμῶν
3381 4978 3479 5031 καὶ
3533 4977 3640 5030 τῶν

2066 5071 2416 5124 Δεσποτικῶν
2449 5070 2648 5138 λογίων
2672 5073 2700 5124 6
2727 5068 3036 5140 περιδέξιος
3086 5071 3293 5133 ἐκεῖνος
3326 5069 3418 5122 καὶ
3477 5068 3642 5139 οὐρά-

2065 5184 2178 5228 νιος
2211 5166 2504 5238 ἄνθρωπος
2533 5165 2607 5236 μὴ
2643 5164 2967 5234 πειθόμενον
3015 5165 3166 5235 ἐώρα
3197 5163 3260 5217 τὸ
3305 5164 3638 5234 Ἑλληνικὸν,

2064 5257 2338 5324 ἐξαύτῶν
2387 5259 2588 5322 αὐτοὺς
2619 5245 2738 5312 τῶν
2804 5257 3116 5326 θεοστυγῶν
3165 5257 3531 5327 σεϐασμάτων
3563 5257 3639 5318 είς

2064 5352 2125 5404 τὸ
2155 5349 2251 5404 τοῦ
2307 5349 2658 5421 Δημιουργοῦ
2697 5350 3090 5419 μετακαλεῑται
3149 5349 3338 5413 σέϐας⁸
3374 5347 3435 5415 ἐξ
3466 5349 3640 5403 αὐτῶν

2068 5442 2180 5496 τῶν
2205 5443 2302 5496 τοῦ
2331 5443 2583 5496 διαϐόλου
2633 5441 3097 5512 προγραμμάτων
3129 5442 3228 5512 τῆς
3279 5441 3445 5495 αὐτοῦ
3474 5458 3641 5494 κατα-

2065 5535 2368 5606 ψηφίζεται
2395 5535 2734 5607 τυραννίδος·
2774 5537 2838 5589 ἐκ
2875 5534 2985 5589 τῶν
3035 5535 3416 5606 ὀχυρωμάτων
3470 5549 3639 5587 κατα·

2233 5713 2327 5772 Or.
2384 5717 2502 5774 Ide
2543 5735 2633 5774 un.
2705 5717 2876 5786 Eccl.,
2917 5736 2973 5776 n.
3032 5719 3134 5789 46,
3172 5719 3238 5776 G.
3295 5718 3360 5775 Ο.
3413 5717 3451 5774 l.
3516 5717 3638 5774 169-
