4042 6396
251 375 360 440 835

998 375 1440 437 REFUTATIO
1478 375 1856 440 PHOTIANI
1899 379 2114 438 LIBRI
2178 379 2272 438 DE
2318 380 2633 441 SPIRITU
2667 382 2726 441 S.

3423 379 3531 440 8L6

254 489 482 557 στρέφει
509 485 568 538 τδ
597 488 800 556 κράτος
823 486 989 540 αὐτοῦ
1013 489 1113 558 τῆς
1143 487 1411 552 ἐξουσίας·
1433 486 1542 540 ἀπὸ
1570 485 1671 554 τῆς
1699 485 1844 539 πλά-

1961 501 2013 541 ex
2065 489 2370 557 perditione
2435 491 2680 560 germina
2732 489 2890 546 nobis
2936 490 3132 545 salutis
3193 489 3440 560 profert,
3501 506 3533 544 e

253 597 356 648 νης
385 581 625 649 γεωργεῖ
654 581 752 650 τὴν
778 579 1064 633 εὐσέϐειαν
1087 595 1101 610 °
1135 581 1200 634 ὲκ
1228 579 1328 649 τῆς
1387 579 1664 642 ἀπωλείας
1712 578 1843 649 βλα-

256 675 421 736 στοὺς
494 674 625 742 ἡμῖν
679 671 1046 742 προϐάλλεται
1107 676 1418 742 σωτηρίας·
1465 674 1540 738 ,ὲκ
1585 671 1686 740 τῆς
1744 670 1838 724 τοῦ

254 764 507 820 διαϐόλου
536 763 766 833 παγίδος
799 766 878 825 είς
899 765 989 816 τὸν
1013 764 1217 835 δρόμον
1243 763 1482 833 ἐνισχύει
1527 761 1622 816 τοῦ
1659 763 1838 830 Εὐαγ-

255 857 442 922 γελίου
466 875 477 888 ·
514 853 748 925 βαλὸἰδα
781 857 1020 908 ποιεῖται
1052 855 1151 923 τὴν
1183 852 1430 926 κορυφὴν
1466 855 1566 924 τῆς
1596 855 1844 908 ἀποστα-

259 950 381 1011 σίας
412 949 513 1016 τῆς
541 947 779 1012 εἰσόδου,
805 947 874 1001 δι’
904 943 972 1020 ἦς
1004 944 1074 1020 ἦν
1103 949 1291 1012 αὐτοῖς
1335 949 1418 1010 είς
1447 949 1540 1001 τὸν
1572 947 1842 1016 νυμφῶνα

265 1038 510 1110 Χριστοῦ
547 1041 644 1092 xui
667 1039 768 1110 τὴν
799 1039 1068 1111 ἄχραντον
1093 1039 1259 1094 αὑτοῦ
1287 1040 1540 1100 παστάδα
1573 1040 1840 1095 εἰσελθεῖν

256 1134 355 1203 τὴν
392 1131 746 1203 Ἐκκλησίαν.
777 1131 966 1194 Οὕτως
993 1126 1063 1203 ἦν
1090 1133 1306 1194 ἐκεῖνος
1334 1131 1362 1184 ό
1390 1131 1688 1201 μετάρσιος
1714 1132 1840 1195 νοῦς

254 1227 346 1280 διὰ
373 1225 485 1278 τῶν
530 1224 715 1278 ὃπλων
765 1221 861 1277 τοῦ
914 1222 1110 1293 ἐχθροῦ
1138 1222 1303 1276 αὐτὸν
1357 1224 1840 1294 κατατιτρώσκειν

258 1320 352 1372 τὸν
381 1317 574 1387 ἐχθρὸν
626 1320 723 1369 καὶ
777 1315 1213 1387 αἰχμαλωτίζειν
1247 1315 1578 1387 δραστήριός
1629 1316 1692 1368 τε
1748 1315 1844 1370 xui

254 1414 354 1486 τὴν
381 1410 593 1468 ἀνωθεν
627 1407 808 1482 subst?)
835 1409 1026 1480 φέρει]
1053 1407 1228 1478 ίσχύν.
1264 1408 1330 1460 Τί
1358 1403 1487 1473 οὗνς
1515 1407 1660 1462 Διότι
1696 1405 1846 1475 ﬂaui:

253 1507 346 1569 λος
371 1507 488 1568 τοῖς
521 1503 710 1567 ὅπλοις
738 1499 831 1556 τοῦ
859 1500 1054 1573 ἐχθροῦ
1073 1499 1299 1556 καθεῖλε
1331 1500 1424 1552 τὸν
1471 1499 1686 1569 ἐχθρδν,
1739 1497 1831 1551 διὰ

254 1597 415 1652 τοῦτο
443 1598 508 1650 σὺ
535 1596 602 1650 τὰ
627 1595 722 1649 τοῦ
747 1595 946 1666 ἐχθροῦ
976 1596 1233 1666 τιμήσεις
1263 1592 1406 1648 ὅπλα
1436 1594 1542 1648 καὶ,
1559 1591 1680 1644 θεῖα
1705 1591 1846 1644 ὅπλα

258 1689 530 1752 καλέσεις,
559 1687 656 1740 xui
683 1689 818 1753 πρὸς
852 1687 950 1757 τὴν
983 1689 1083 1756 σὴν
1111 1689 1347 1759 ὠθήσεις
1379 1685 1555 1740 ταῦτα
1585 1685 1804 1754 σφαγήν
1831 1701 1845 1749 ;

1947 580 2147 634 diaboli
2215 581 2414 651 laqueo
2473 583 2540 637 ad
2615 597 2838 636 cursum
2926 581 3202 652 Evangelii
3273 581 3474 636 excitat
3513 619 3530 644 ,

1947 687 2226 727 summum
2273 666 2594 730 defectionis
2639 675 2896 730 verticem
2950 674 3050 728 vite
3095 672 3226 728 facit
3288 673 3529 736 initium,

1946 779 2056 835 qua
2101 766 2204 847 ipsi
2241 777 2463 836 possent
2497 769 2550 822 in
2598 767 2926 831 Ecclesiam,
2973 767 3332 838 purissimutn
3368 777 3535 834 atque

1947 860 2332 915 intemeratum
2395 861 2597 916 Christi
2664 863 3012 924 thalamum,
3087 861 3320 930 ingredi.
3381 860 3535 912 Atlth

1947 950 2186 1019 pollebat
2237 952 2493 1009 sublimis
2547 953 2639 1008 illa
2692 971 2847 1011 mens
2910 955 3119 1010 caelesti
3176 953 3527 1023 potissimum

1952 1039 2292 1096 adminiculo
2328 1042 2514 1108 adjuta
2563 1025 2659 1113 per
2710 1044 2824 1114 ipsa
2892 1043 3102 1097 inimici
3148 1058 3300 1097 arma
3348 1043 3531 1115 ipsum

1953 1129 2236 1185 inimicum
2312 1133 2610 1189 confodere
2667 1150 2731 1189 ac
2786 1135 3061 1204 subigere.
3119 1133 3258 1198 Quid
3322 1132 3537 1203 igitur?

1953 1220 2091 1287 Quia
2121 1222 2326 1280 Paulus
2354 1227 2525 1281 armis
2559 1227 2762 1282 inimici
2787 1226 2986 1280 delevit
3013 1225 3315 1286 inimicum,
3346 1225 3542 1278 ideone

1955 1323 2009 1368 tu
2045 1316 2252 1370 honore
2270 1333 2424 1374 arma
2454 1320 2658 1375 inimici
2689 1319 3043 1390 prosequeris
3083 1329 3138 1371 et
3174 1319 3353 1372 divina
3397 1332 3539 1370 nnn-

1953 1408 2178 1476 eupahis
2234 1427 2410 1477 arma,
2471 1423 2640 1482 atque
2697 1416 2750 1468 in
2806 1423 2954 1468 tuam
3031 1412 3201 1481 ipsius
3247 1408 3540 1478 protrudes

1954 1501 2200 1555 caedem?
2239 1511 2294 1557 et
2335 1515 2471 1574 quot
2503 1505 2607 1560 alia
2653 1505 2854 1560 similia
2897 1503 3144 1570 exempla
3179 1500 3324 1570 apud
3371 1501 3538 1563 hunc,

1955 1594 2048 1664 qui
2077 1597 2263 1652 omnia
2299 1598 2576 1667 sapienter
2617 1600 2669 1654 in
2707 1599 2950 1669 Spiritus
2996 1595 3198 1650 virtute
3243 1593 3539 1662 disposuit,

1959 1698 2226 1756 poterunt
2262 1691 2488 1759 reperiri
2516 1693 2528 1745 ί

262 1781 371 1834 Kui
427 1781 564 1834 πόσα
624 1779 691 1833 ἂν
746 1779 923 1834 ἔνεστι
958 1780 1184 1834 τοιαῦτα
1219 1779 1645 1852 παραδείγματα
1703 1775 1833 1847 παρ’
1875 1778 2026 1848 αὐτῷ
2052 1779 2129 1849 τῷ
2175 1781 2359 1836 πάντα
2387 1783 2445 1835 ὲν
2485 1785 2649 1855 σοφίᾳ
2712 1787 2778 1855 τῇ
2809 1783 2906 1838 τοῦ
2943 1781 3262 1853 Πνεύματος
3309 1775 3542 1846 δυνάμει

265 1874 745 1944 διακυϐερνῆσαντι
768 1873 955 1926 λαϐεῖν
978 1875 991 1927 ί

331 1967 422 2020 Οδ’.
450 1968 512 2028 Τί
533 1967 590 2021 δὲ
612 1969 692 2022 δεῖ
717 1969 1200 2037 παραδειγμάτων;
1227 1967 1399 2029 Αὐτὸς
1424 1965 1511 2018 δια
1523 1965 1734 2036 πρυσίῳ
1753 1965 1840 2016 λέο

2021 1964 2112 2019 74.
2167 1966 2305 2034 Quid
2340 1981 2471 2035 ergo
2519 1983 2657 2036 opus
2683 1975 2769 2022 est
2828 1965 3125 2034 exemplis?
3170 1963 3402 2034 lpsemet
3435 1964 3544 2016 alta

264 2076 344 2127 γει
367 2062 431 2131 τῇ
457 2064 607 2129 φωνῆ
637 2077 651 2092 ο
697 2060 1026 2130 Ἐγενόμην
1048 2059 1174 2123 τοῖς
1226 2058 1538 2122 Ἰουδαίοις
1583 2057 1658 2118 ὡς
1703 2057 1853 2110 Ἰου-

258 2150 442 2217 δαῖος.
478 2153 580 2206 ἵνα
613 2151 948 2218 Ἰουδαίους
978 2150 1271 2218 κερδήσω·
1327 2148 1452 2214 τοῖς
1496 2149 1616 2202 ὑπὸ
1661 2148 1853 2216 νόμον

258 2243 341 2308 ὡς
378 2245 495 2296 ὑπὸ
531 2243 738 2312 νόμον,
793 2244 896 2297 ἵνα
939 2242 1083 2309 τοὺς
1141 2243 1260 2298 ὑπὸ
1314 2223 1507 2312 νόξιιον
1538 2239 1851 2310 κερδήσωο

261 2337 385 2403 τοῖς
409 2339 656 2406 ἀνόμοις
679 2338 762 2405 ὡς
783 2337 1026 2407 ἄνομος,
1045 2337 1131 2407 μὴ
1159 2337 1243 2390 ὢν
1266 2336 1491 2405 ἄνομος
1516 2333 1688 2398 Θεοῦ,
1713 2333 1851 2386 ἀλλ’

256 2428 520 2496 ἔννομος
552 2427 838 2497 Χριστοῦ,
899 2429 1001 2482 ἵνα
1046 2426 1324 2498 κερδήσω
1378 2427 1668 2495 ἀνόμουςο
1721 2418 1850 2493 Ἀρ,

259 2519 355 2574 οὖν
393 2521 459 2573 σὺ
517 2522 608 2575 διὰ
645 2521 806 2575 τοῦτο
859 2520 952 2575 τὸν
1000 2520 1340 2590 Ἰουδαῖσμὺν
1368 2520 1771 2585 ἀνακαινίσεις,
1806 2517 1844 2587 ἢ

259 2615 365 2685 τὴν
395 2615 630 2684 ἀνομίαν
657 2616 778 2669 ἀντὶ
799 2614 914 2668 τῶν
937 2615 1100 2668 θείων
1125 2615 1222 2668 xui
1243 2614 1601 2684 ἀνθρωπίνων
1631 2611 1851 2680 θεσμῶν

265 2707 734 2777 ἐμπολιτεύεσθαι
767 2705 844 2776 τῷ
876 2706 977 2776 βίῳ
1004 2705 1417 2777 νομοθετήσεις,
1453 2707 1549 2758 xui
1604 2703 1853 2774 ἀνακρά-

267 2801 386 2865 ξεις
419 2799 819 2871 ἀναισχύντως,
858 2801 1065 2871 μᾶλλον
1093 2801 1152 2854 δὲ
1200 2800 1324 2853 λίαν
1357 2799 1556 2866 ἀθέως,
1591 2797 1668 2862 ὡς
1699 2799 1852 2853 Παύ-

262 2891 366 2945 λου
400 2892 507 2945 εἰσὶ
535 2891 713 2948 ταῦτα
742 2894 835 2946 καὶ
872 2894 928 2948 ul
955 2893 1176 2946 ἐντολαὶ
1201 2891 1302 2946 xui
1328 2893 1390 2946 τὸ
1421 2893 1721 2962 κήρυγμας

341 3088 435 3136 οε’.
489 3081 649 3151 Παρὰ
708 3081 896 3144 πόσοις
924 3079 983 3133 δὲ
1046 3080 1144 3134 xui
1188 3080 1373 3146 ἄλλοις
1422 3081 1534 3134 τῶν
1566 3081 1856 3152 μακαρίων

259 3178 369 3232 καὶ
419 3175 594 3245 ἁγίων
643 3175 907 3246 Πατέρων
957 3175 1114 3245 ἡμῶν
1168 3174 1352 3229 ἔνεστι
1375 3174 1603 3229 τοιαῦτα
1635 3175 1852 3246 εὑρεῖνί

272 3271 490 3324 Ἐννόει
533 3287 624 3339 μοι
661 3269 754 3322 τὸν
784 3269 885 3338 τῆς
937 3269 1159 3339 Ῥώμης
1209 3267 1476 3339 ἀρχιερέα
1531 3267 1852 3337 Κλήμεντα,

260 3368 369 3420 xui
400 3363 436 3418 ἃ.
462 3363 563 3432 τὴν
597 3363 921 3433 ἐπωνυμίαν
955 3361 1168 3416 ἐκεῖθεν
1203 3361 1384 3432 φέρει,
1417 3360 1854 3431 Κλημέντιαῌ)

261 3457 390 3529 (ἵνα
419 3455 491 3527 μὴ
519 3456 665 3524 λέγω
693 3456 761 3508 τὰ
793 3453 1190 3525 γεγραμμένα,
1225 3453 1301 3516 ὡς
1335 3455 1362 3506 ὁ
1389 3451 1624 3515 παλαιὸς
1671 3451 1855 3519 λόγος,

258 3550 418 3605 κατά
445 3551 502 3603 τὸ
528 3547 626 3601 τοῦ
655 3547 962 3619 κορυφαίου
1001 3547 1213 3618 Πέτρου
1240 3545 1577 3615 γεγενῆσθαι
1605 3543 1856 3616 πρόσταο

257 3643 441 3713 γμα),
472 3643 568 3694 τὸν
610 3640 1030 3710 Ἀλεξανδρείας
1084 3641 1364 3694 Διονύσιον
1421 3638 1482 3702 ἐξ
1537 3637 1859 3700 ἀντιπνοίας

257 3736 375 3805 τῆς
411 3734 548 3806 πρὸς
579 3735 672 3788 τὸν
733 3731 1026 3786 Σαδέλλιον
1064 3730 1267 3802 μικροῦ
1302 3728 1380 3800 τῷ
1445 3729 1646 3800 ’Δρείῳ
1700 3730 1861 3799 χεῖρα

263 3827 652 3896 προτείνοντα⁶
707 3823 802 3878 τὸν
866 3826 926 3877 ὲν
992 3823 1355 3892 ίερομάρτυσι
1411 3821 1704 3891 λάμποντα
1749 3819 1862 3871 τῶν

265 3920 539 3989 Πατέρων
569 3917 662 3971 τὸν
702 3919 876 3987 μέγαν
909 3909 1190 3978 Μεθόδιον,
1215 3913 1275 3976 ὃς
1302 3912 1554 3980 ἀγγέλων
1580 3911 1682 3982 τὴν
1711 3910 1860 3964 aco-

270 4027 452 4082 ματον
481 4011 578 4064 καὶ
647 4008 837 4078 ἀπαθῆ
869 4007 1034 4078 φύσιν
1076 4007 1211 4075 πρὸς
1267 4005 1448 4074 ἔρωτα
1483 4003 1730 4075 βρότειον
1762 4003 1860 4056 xui

267 4100 497 4172 ὁμιλίαν
552 4101 826 4170 σωμάτων
878 4100 1216 4152 καταπεσεῖν
1241 4096 1343 4150 οὐκ
1396 4094 1611 4148 ἐλαύνει
1676 4092 1858 4162 δόξης.

281 4197 505 4250 Ἐάσειν
538 4195 792 4264 μοιδοκῶ
829 4194 1137 4246 Πάνταινον
1168 4193 1264 4244 xui
1289 4189 1608 4260 Κλήμεντα,
1642 4187 1862 4256 Πιέριόν

265 4303 329 4341 τε
364 4287 456 4337 xui
494 4285 781 4355 Πάμφιλον
810 4278 907 4335 xui
932 4282 1305 4350 Θεόγνωστον,
1340 4279 1542 4350 ἀνδρας
1582 4294 1644 4332 τε
1679 4277 1862 4345 ἱεροὺς

268 4382 375 4433 καὶ
416 4379 526 4433 τῶν
592 4379 756 4449 ἱερῶν
813 4376 1176 4439 διδασκάλους
1208 4373 1576 4444 μαθημάτων,
1636 4365 1713 4426 ὧν
1760 4369 1861 4432 τὰς

270 4475 457 4538 θέσεις
487 4475 547 4527 ού
583 4473 762 4534 πάσας
799 4471 1020 4534 πάντως
1073 4469 1382 4540 δεχόμενοι,
1421 4463 1592 4518 καλοῦ
1641 4479 1703 4531 γε
1738 4461 1855 4531 βίου

271 4569 376 4624 xui.
402 4568 498 4637 τῆς
529 4567 700 4637 ἄλλης
738 4565 1050 4638 ίερολογίας
1088 4563 1260 4633 γέρας
1318 4560 1503 4620 αὐτοῖς
1547 4555 1859 4624 ἀπονέμον-

1953 2073 2008 2117 et
2051 2062 2196 2117 clara
2235 2062 2364 2116 dicit
2395 2077 2573 2116 voce:
2603 2060 2803 2116 Factus
2855 2077 2971 2115 sum
3013 2058 3224 2114 Jndwis
3290 2069 3546 2128 tanquam

1952 2155 2198 2219 Judazus,
2241 2164 2298 2208 ut
2318 2153 2535 2209 Judwos
2573 2155 2834 2218 lucrarer;
2867 2153 2934 2206 iis
2964 2151 3054 2220 qui
3113 2149 3208 2204 sub
3247 2149 3356 2218 lege
3391 2157 3544 2211 sunt,

1955 2249 2111 2316 quasi
2136 2244 2231 2299 sub
2257 2245 2366 2315 lege
2396 2262 2578 2304 essem.
2613 2256 2669 2297 ut
2703 2260 2790 2298 eos
2815 2245 2905 2314 qui
2939 2242 3030 2295 sub
3059 2242 3169 2310 lege
3192 2249 3341 2294 erant
3377 2239 3547 2292 lucri-

1954 2339 2222 2409 facerem;
2252 2341 2317 2393 iis
2349 2341 2440 2410 qui
2467 2341 2578 2393 sine
2596 2340 2706 2408 lege
2743 2347 2914 2400 erant,
2973 2345 3226 2404 tanquam
3275 2335 3388 2386 siue
3441 2332 3549 2399 lege

1953 2449 2118 2488 essem
2162 2434 2301 2503 (cum
2321 2436 2432 2487 sine
2483 2434 2594 2500 lege
2650 2429 2744 2483 Dei
2781 2445 2882 2481 non
2912 2443 3099 2490 essem,
3123 2425 3214 2478 sed
3253 2426 3307 2478 in
3328 2425 3437 2494 lege
3463 2441 3549 2478 es-

1960 2542 2071 2580 sem
2099 2525 2354 2591 Christi),
2383 2534 2440 2576 ut
2475 2523 2841 2592 lucrifacerem
2869 2535 2954 2572 eos
2984 2519 3075 2588 qui
3097 2518 3212 2570 sine
3238 2516 3347 2586 lege
3369 2523 3544 2568 erant.

1954 2616 2095 2670 Num
2115 2632 2244 2686 ergo
2275 2626 2330 2671 tu
2366 2625 2648 2685 propterea
2681 2612 3031 2667 Jndaismum
3089 2606 3426 2664 instaurabis
3454 2614 3548 2658 aut

1957 2709 2162 2764 divinis
2213 2709 2584 2776 humanisque
2636 2705 2847 2776 legibus
2893 2702 3172 2772 abrogatis
3199 2700 3362 2753 vitam
3396 2697 3546 2750 omni

1961 2805 2200 2859 solutam
2235 2803 2354 2873 lege
2383 2805 2437 2856 in
2491 2800 2776 2858 hominum
2807 2796 3139 2853 commercio
3171 2792 3417 2852 induces,
3467 2795 3550 2842 at-

1957 2911 2067 2967 que
2101 2894 2474 2965 impudenter,
2505 2890 2616 2946 imo
2648 2890 2830 2960 potius
2867 2887 3033 2956 impie
3090 2882 3378 2945 clamabis,
3434 2879 3550 2932 lucc

1959 3003 2084 3045 esse
2121 2996 2390 3058 praecepta
2419 3001 2450 3040 a
2481 2984 2654 3039 Paulo
2686 2979 3019 3052 praedicata?
3330 3020 3338 3029 .

2032 3081 2122 3137 75.
2155 3082 2302 3148 Quot
2329 3094 2458 3134 vero
2482 3085 2535 3132 et
2557 3077 2646 3130 alii
2679 3077 2820 3132 beati
2852 3083 2906 3129 et
2958 3070 3133 3128 sancti
3157 3068 3348 3122 Patres
3375 3063 3548 3119 nostri

1959 3183 2196 3237 exstant,
2241 3170 2535 3242 inquibus
2575 3168 2702 3222 talia
2756 3164 3033 3236 reperias?
3088 3161 3303 3232 Inspice
3352 3159 3552 3213 Roma-

1962 3281 2092 3322 num
2126 3263 2440 3336 pontificem
2475 3261 2812 3317 Clementem
2858 3265 2913 3311 et
2952 3269 3075 3325 qua
3121 3252 3249 3306 inde
3283 3250 3550 3306 denomi—

1964 3367 2166 3412 nantur
2194 3353 2526 3410 Clementina
2558 3353 2651 3422 (ne
2682 3351 2860 3405 dicam
2891 3362 3014 3403 cum
3047 3345 3320 3399 veteribus
3343 3341 3547 3409 scripta

1961 3452 2052 3506 illa
2074 3450 2244 3504 fuisse
2263 3449 2419 3518 jussu
2440 3446 2585 3501 Petri
2610 3443 2985 3516 apostolorum
3013 3435 3325 3508 principis),
3349 3433 3551 3503 Diony-

1962 3545 2103 3600 sium
2154 3539 2614 3601 Alexandrinum,
2676 3536 2768 3606 qui
2825 3534 2954 3588 dum
3015 3539 3204 3585 contra
3254 3526 3552 3581 Sabellium

1961 3635 2169 3690 fervide
2195 3633 2463 3702 disputat,
2496 3630 2629 3684 Ario
2678 3623 3080 3696 propemodum
3127 3619 3402 3690 protendit
3433 3630 3554 3670 tna-
3642 3688 3646 3692 _

1961 3742 2118 3788 num,
2149 3737 2404 3792 magnum
2429 3733 2594 3790 atque
2632 3715 2775 3771 inter
2807 3717 2996 3770 beatos
3041 3721 3307 3780 martyres
3333 3707 3553 3777 fulgen-

1963 3825 2070 3871 tem
2112 3813 2444 3869 Methodium
2483 3811 2862 3874 Patarensem,
2895 3806 2985 3876 qni
3018 3803 3334 3873 angelorum
3356 3813 3554 3867 corpo-

1967 3911 2042 3965 ris
2071 3893 2502 3980 passionumque
2554 3912 2831 3974 expertem
2878 3909 3130 3955 naturam
3173 3896 3229 3949 in
3275 3903 3553 3947 terrenum

1964 4015 2206 4056 amorem
2235 4007 2291 4054 et
2331 4012 2624 4065 corporum
2667 3995 2979 4063 amplexum
3030 3991 3207 4045 ruisse
3246 4000 3356 4041 non
3376 3984 3556 4039 incre-

1965 4095 2130 4151 dibile
2155 4092 2391 4150 censuit.
2433 4092 2698 4146 Umittam
2763 4091 3084 4142 Pantmnum
3114 4093 3168 4136 et
3195 4083 3554 4142 Clementem,

1965 4189 2207 4244 Pierium
2274 4201 2531 4258 quoque,
2600 4182 2946 4250 Pamphilum
3003 4188 3058 4232 et
3118 4176 3555 4244 Theognostum,

1965 4286 2118 4339 viros
2149 4291 2370 4337 Sane-tos
2395 4287 2824 4346 sanctarumque
2849 4271 3253 4328 institutionum
3279 4269 3555 4328 doctores,

1963 4391 2126 4447 quos,
2153 4375 2277 4428 licet
2308 4371 2714 4442 propositiones
2739 4379 2956 4430 eorum,
2998 4377 3107 4416 non
3153 4368 3380 4414 cunctas
3430 4369 3558 4408 om-

1965 4470 2097 4522 nino
2134 4467 2510 4529 admittentes,
2549 4462 2827 4532 przcclara:
2859 4467 3038 4511 tamen
3060 4456 3184 4508 vita:
3205 4459 3559 4506 caeterarum-

1965 4577 2072 4632 que
2103 4559 2478 4614 doctrinarum
2514 4555 2735 4625 praemia
2778 4551 2912 4621 ipsis
2945 4551 3306 4616 rependentes
3351 4539 3556 4610 ingenti
3601 4575 3609 4582 ι

268 4679 393 4726 τες.
429 4634 517 4712 διὰ
553 4634 752 4728 πολλῆς
783 4634 952 4728 τιμῆς
979 4657 1076 4709 xui
1133 4651 1410 4722 ἀποδοχῆς
1447 4651 1656 4719 ἀγομεν
1679 4662 1694 4679 ο
1760 4646 1853 4714 μά-

1969 4654 2177 4709 honore
2213 4661 2378 4720 atque
2399 4645 2870 4704 commendatione
2904 4641 3312 4713 prosequimur,
3363 4634 3556 4703 praet-i-

268 4754 439 4808 λιστα
471 4770 534 4822 γε
565 4751 854 4822 Πάμφιλον
888 4747 977 4800 καὶ
1011 4745 1255 4817 Πιέριον,
1289 4743 1388 4797 ἀτε
1416 4742 1482 4812 δὴ
1527 4741 1622 4794 xui
1652 4755 1861 4810 μαρτυ-

277 4850 460 4920 ρικοῖς
516 4846 702 4908 ἄθλοις
752 4839 1254 4913 ἐνδιαπρέψανταςο
1319 4835 1442 4908 μεθ’
1472 4829 1550 4888 ὧν
1607 4833 1704 4888 xui
1737 4832 1865 4895 τοὺς

271 4942 387 4996 ἀπὸ
420 4938 637 5000 Δύσεως
667 4937 1114 5006 παρατρέχομενο
1145 4929 1436 4999 Είρηναῖόν
1470 4943 1530 4978 τε
1560 4926 1656 4979 τὸν
1679 4925 1866 4995 ἀρχιε-

280 5033 383 5105 ρέα
415 5030 553 5084 Θεοῦ
587 5031 682 5084 xui
711 5031 814 5097 τὴν
846 5027 956 5081 τῶν
985 5021 1341 5092 Λουγδούνων
1376 5018 1710 5089 δεξάμενονο
1769 5015 1866 5069 xui

283 5123 613 5180 Ἱππόλυτον
642 5122 735 5175 τὸν
772 5118 938 5174 αὐτοῦ
981 5114 1230 5188 μαθητὴν
1287 5112 1382 5165 xui
1438 5113 1495 5163 ὲν
1545 5108 1865 5181 ἀρχιερεῦσι

275 5219 566 5292 μάρτυρα·
600 5215 805 5286 ἄνδρας
842 5209 1188 5282 θαυμασίους
1219 5207 1318 5280 μὲν
1363 5207 1422 5259 ὲν
1468 5201 1709 5267 πολλοῖς,
1751 5199 1864 5253 ἔσθ’

269 5314 368 5367 ὅτε
429 5311 486 5364 δὲ
536 5309 636 5379 τῆς
673 5306 986 5378 ,ἀκριϐείας
1039 5305 1234 5372 λόγους
1268 5299 1453 5354 αὐτῶν
1512 5297 1699 5360 ἐνίους
1765 5295 1866 5348 οὐκ

278 5404 716 5464 ἀναστέλλοντας
751 5396 1189 5469 κατασύρεσθαι.
1705 5389 1714 5394 ’

351 5501 464 5560 οςθ.
496 5487 755 5565 *Δρ-οῦν
786 5491 929 5545 κατά
956 5489 1162 5543 τούτων
1190 5486 1449 5540 ἁπάντων
1482 5483 1545 5537 τὸ
1599 5481 1692 5535 σὺν
1733 5496 1869 5551 προ-

288 5591 545 5658 κομίσεις
606 5586 953 5656 διλὴμματον
1027 5583 1124 5634 xui.
1181 5579 1279 5642 τὰς
1343 5579 1516 5647 ὀφρῦς
1567 5573 1869 5628 ἀνατείνων

280 5685 456 5757 ἐρεῖς·
493 5684 562 5736 Ἢ
588 5681 671 5735 δεῖ
701 5681 828 5742 τοὺς
861 5678 1066 5749 ἄνδρας
1107 5676 1359 5747 τιμῶντα
1412 5673 1506 5727 xui
1559 5669 1596 5725 ἃ
1652 5668 1868 5732 τούτοις

351 5844 433 5914 (Ι)
465 5843 627 5899 Laur.
655 5840 1020 5912 Κλημεντεῖα.

1974 4762 2077 4816 pne
2108 4742 2461 4815 Pamphilum
2494 4749 2550 4796 et
2585 4739 2848 4803 Pierium,
2913 4747 3103 4807 utpote
3133 4730 3383 4804 martyrii
3417 4746 3561 4802 quo-

1973 4856 2081 4911 que
2127 4837 2524 4921 certaminibus
2557 4834 2816 4907 inclytos.
2856 4833 2996 4890 Cum
3039 4830 3243 4900 quibus
3291 4837 3344 4882 et
3370 4825 3562 4882 Patres

1973 4933 2338 4990 occidentales
2382 4930 2748 5002 praeterimus.
2782 4928 3043 4982 Irenaeum
3087 4924 3182 4979 Dei
3217 4921 3560 4978 sacerdotem
3671 4973 3682 4986 ,

1973 5039 2030 5084 et
2070 5027 2518 5098 Lugdunensium
2543 5025 2918 5093 episcopatum
2947 5030 3191 5082 nactum,
3225 5028 3280 5072 et
3308 5015 3563 5085 HippOIy-

1974 5134 2088 5175 tum
2118 5120 2291 5189 ipsius
2319 5117 2650 5186 discipulum
2690 5116 2900 5183 etjnter
2923 5113 3210 5184 pontiﬁces
3240 5119 3558 5178 martyrem,

1975 5215 2123 5268 viros
2166 5209 2446 5265 mirandus
2486 5209 2708 5280 quidem
2739 5209 2792 5263 in
2811 5207 3086 5276 plurimis,
3146 5204 3422 5258 interdum
3475 5207 3562 5252 ta-

1977 5321 2101 5360 men
2131 5309 2199 5358 ab
2227 5305 2580 5360 exactissima
2619 5303 2863 5358 veritatis
2919 5314 3110 5355 norma
3133 5294 3362 5369 ;alicubi
3391 5290 3562 5348 delle-

1976 5409 2208 5456 ctentes.

2051 5494 2138 5548 76.
2178 5495 2256 5546 An
2283 5491 2447 5562 igitur
2477 5499 2531 5547 et
2561 5499 2754 5547 contra
2792 5491 2893 5543 hos
2917 5501 3111 5543 omnes
3147 5494 3298 5539 tuum
3331 5481 3559 5551 objicies

1972 5587 2232 5642 dilemma
2277 5586 2533 5656 elatoque
2571 5583 2869 5654 supercilio
2917 5581 3111 5635 dices:
3151 5595 3169 5628 ι
3205 5577 3311 5630 Aut
3349 5583 3562 5646 oportet

1974 5682 2076 5738 hos
2112 5680 2261 5737 viros
2300 5680 2510 5736 honore
2542 5675 2802 5750 prosemti
2847 5682 2902 5732 et
2928 5687 3049 5744 quae
3077 5668 3302 5726 fuerunt
3328 5668 3397 5724 ab
3421 5667 3557 5740 ipsis
