4042 6426
226 405 336 472 829

970 394 1413 459 REFUTATIO
1449 391 1825 483 PHOTIANI
1869 390 2084 451 LIBRI
2131 390 2228 450 DE
2269 390 2586 459 SPIRITU
2628 391 2689 450 S.

3398 387 3504 450 830

228 517 458 587 γόμενον
480 511 544 566 τὸ
571 509 800 582 Πνεῦμα
831 511 1253 583 θεολογήσαντες
1277 509 1372 563 καὶ
1402 506 1679 580 μηδεμίαν
1712 506 1807 559 ἐπὶ
1837 552 1844 566 Α

1947 507 2058 562 icut
2097 522 2273 577 neque
2314 504 2499 575 quoad
2526 505 2724 560 Filium
2751 503 2893 559 inter
2934 518 3095 559 voces
3154 505 3404 574 progredi
3449 513 3506 557 et.

226 609 323 669 τοῦ
353 604 671 675 Πνεύματος
697 605 942 668 εἰπόντες
965 603 1232 676 διαφορὰν
1254 601 1350 656 τοῦ
1371 600 1812 666 ἐκπορεύεσθαι

1949 598 2708 669 enerari,ejusmodieﬂictas
2770 596 3105 651 diﬂcrentias
3162 598 3230 650 ad
3273 595 3505 650 nihilum

229 701 327 755 acati
364 697 502 771 (τοῦ)
546 695 972 768 προέρχεσθαι,
1024 696 1101 760 ὡς
1165 696 1275 751 οὐδ’
1311 694 1405 749 ἐπὶ
1461 692 1560 747 τοῦ
1596 692 1726 746 Υἱοῦ
1755 696 1816 745 τὸ

1948 693 2194 763 edigunt.
2226 693 2291 746 Et
2342 692 2479 746 bene
2508 707 2642 747 sane
2670 690 2894 746 fecisses
2926 698 2983 745 et
3004 700 3082 756 tu,
3113 689 3160 744 si
3187 703 3295 743 non
3326 689 3510 743 inania

229 788 597 862 προέρχεσθαι
624 789 719 843 καὶ
754 789 855 861 (τὸ)
898 789 1218 857 γεννᾶσθαι,
1250 786 1350 850 τὰς
1395 784 1652 848 τοιαύτας
1681 800 1815 836 κατ-

228 881 462 948 αργοῦσι
487 879 752 949 διαφοράς
782 895 796 909 ο
832 879 928 933 καὶ
955 878 1138 941 καλῶς
1178 878 1246 931 ἂν
1306 876 1514 937 ἐποίεις
1580 876 1678 927 καὶ
1724 872 1814 936 σὺ,

231 972 392 1042 εἴπερ
420 971 497 1040 μὴ
542 969 780 1040 περιττὰ
822 970 921 1040 τὴν
979 970 1241 1041 ἀλήθειαν
1290 966 1568 1036 ὲσοφίζου.
1605 965 1728 1017 Ὀτι
1761 963 1819 1016 δὲ

235 1064 503 1133 παράγων
536 1061 629 1114 τὸν
658 1061 1075 1132 Ἀλεξανδρείας
1098 1060 1378 1114 Διονύσιον
1427 1057 1523 1111 καὶ
1554 1056 1821 1111 Μεθόδιιν

236 1152 506 1224 Πατάρων
537 1153 632 1209 καὶ
656 1152 749 1206 τὸν
777 1154 928 1206 δεῖνα
958 1152 1051 1215 καὶ
1078 1154 1230 1207 δεῖνα
1259 1151 1375 1205 ἔσθ’
1401 1152 1492 1203 ὅτε
1537 1146 1636 1219 τῆς
1663 1150 1821 1220 ἀκρι-

234 1246 388 1308 ϐείας
448 1246 871 1314 παρασυρέντας
928 1245 1101 1310 ἀξιοῖς
1155 1244 1298 1298 οὕτω
1359 1242 1674 1316 ἡγήσασθαι
1727 1240 1824 1293 καὶ

232 1338 588 1409 Ἀμόρόσιον,
625 1337 996 1406 Αύγουστῖνόν
1025 1354 1085 1392 τε
1132 1339 1227 1390 καὶ
1277 1336 1601 1407 Ἱερώνυμον
1628 1334 1727 1404 τὴν
1760 1335 1823 1386 ὲκ

233 1428 333 1483 τοῦ
382 1428 515 1481 Υἰοῦ
545 1427 875 1496 θεολογῆσαι
901 1428 1238 1498 ἑκπόρευσιν
1259 1444 1273 1461 ·
1308 1427 1424 1482 ἀλλ’
1472 1426 1712 1481 ἐνταῦθα
1742 1424 1823 1493 (1)

234 1522 341 1574 οὐκ
368 1518 656 1590 ἀληθεύων
686 1518 834 1572 οὕτω
872 1520 1095 1592 φανήσῃ
1115 1535 1130 1549 ο
1164 1514 1240 1573 ὧν
1271 1522 1381 1593 γὰρ
1421 1520 1597 1587 ἁγίων
1633 1519 1827 1588 ῥήσεις

236 1609 392 1672 τινὰς
422 1610 524 1663 οὐκ
552 1610 930 1681 ἀποδεχθῆναι
961 1618 1027 1681 τῇ
1056 1609 1366 1681 Ἐκκλησία
1412 1609 1573 1679 ἔφης,
1623 1609 1823 1677 ἐπιση-

242 1702 520 1773 μανθῆναι
573 1704 796 1767 πάντως
845 1703 1021 1767 αὐτὰς
1066 1703 1125 1755 ὲν
1156 1705 1280 1767 ταῖς
1340 1682 1830 1770 ἐκκλησιαστικαῖς

243 1795 448 1863 βίϐλοις
475 1796 526 1848 οἱ
564 1797 634 1849 τὰ
658 1795 1088 1866 ἐκκλησιαστικὰ
1121 1794 1463 1867 ἱστοροῦντες
1495 1793 1667 1857 ἴσασι,
1699 1792 1831 1844 κάν-

242 1860 440 1938 τεῦθεν
459 1885 518 1940 τδ
550 1860 943 1959 παωσυρῆναι
977 1890 1079 1957 τῆς
1111 1860 1403 1959 ἀκριδείας
1449 1885 1699 1946 ἐκείνους
1729 1884 1826 1951 γέ-
1854 1860 1902 1919 Β

247 1992 375 2042 γονε
397 1976 573 2044 δῆλον.
606 1979 669 2032 Εἰ
699 1978 838 2047 γοῦν
868 1980 964 2033 καὶ
995 1980 1124 2042 τοὺς
1156 1979 1422 2050 ῥηθέντας
1458 1976 1709 2047 Πατέρας
1729 1975 1829 2045 τῆς

254 2066 577 2138 Ῥωμαῖκῆς
617 2068 952 2142 Ἐκκλησίας
988 2072 1380 2142 παρασυρῆναι
1412 2072 1512 2142 τῆς
1539 2068 1832 2141 ἀκριϐείας

240 2160 477 2227 διέγνων
509 2162 565 2215 οἵ
585 2178 644 2230 τε
674 2162 828 2219 ἄλλοι
856 2164 960 2233 τῆς
1004 2164 1325 2234 Ῥωμαῖκῆς
1349 2162 1684 2232 Ἐκκλησίας
1717 2162 1833 2215 Πα-

242 2252 428 2321 τέρες,
460 2251 554 2316 οὓς
588 2254 819 2318 πολλοὺς
849 2257 943 2310 καὶ¹
977 2256 1251 2326 μεγάλους
1282 2258 1310 2309 ὁ
1343 2255 1467 2310 τότε
1511 2256 1703 2325 χρόνος
1739 2255 1836 2307 ἀν-

250 2340 477 2406 έδειξεν,
514 2342 571 2397 οἵ
600 2361 661 2398 τε
695 2347 799 2414 τῆς
846 2348 1126 2417 ἡμετέρας
1157 2345 1494 2416 Ἐκκλησίας
1519 2344 1834 2414 φωστῆρες,

243 2424 328 2492 οἷς
359 2430 437 2502 (Ξ)
470 2432 503 2504 ἡ
527 2433 636 2488 τῶν
665 2436 1008 2505 Ἐκκλησιῶν
1030 2437 1153 2491 τότε
1174 2436 1456 2507 ἠσπάζετο
1484 2434 1702 2499 ἓνωσις,
1734 2434 1837 2487 οὐκ

245 2520 316 2574 ἄν
345 2540 479 2576 ποτε
509 2527 770 2596 παρεῖδον
829 2528 1276 2598 ἀνεπισήμαντον
1305 2528 1367 2581 τὸ
1422 2525 1568 2580 οὕτω
1612 2524 1836 2595 γεγονὸς

248 2617 611 2694 ἁξιοζήτητον
640 2625 870 2696 ὕστερον
896 2625 1168 2697 (σφάλμα)
1199 2625 1305 2696 (ὅ).

851 2717 1239 2771 ΚΕΙΜΕΝΟΝ.

327 2805 489 2860 Ἀλλὰ
516 2812 628 2877 γὰρ
649 2807 840 2879 ὥσπερ
871 2810 998 2871 τοὺς
1023 2808 1351 2880 εἰρημένους
1393 2807 1662 2879 Πατέρας,
1696 2805 1840 2859 οὕτω
1892 2836 1897 2839 λ

248 2898 318 2969 δὴ
339 2900 431 2952 καὶ
456 2900 628 2954 ταῦτα
647 2900 825 2971 ἐῶμεν
845 2903 914 2955 τὰ
941 2901 1060 2956 νῦν.

328 2991 427 3054 οζ’.
451 2993 566 3062 Τὴν
590 2995 773 3062 μέντοι
794 2994 1078 3064 ,βασίλειον
1103 2994 1316 3064 στολὴν,
1350 2993 1445 3047 τὸν
1479 2992 1652 3061 μέγαν
1678 2987 1841 3042 Βασί-

247 3083 399 3136 λειον
423 3084 509 3146 τίς
529 3084 628 3137 οὐκ
655 3080 765 3137 οἶδε
790 3084 969 3155 ψυχῆς
1001 3085 1098 3155 μὲν
1123 3083 1390 3153 θαλάμοις
1414 3082 1694 3151 ἀκήρατον
1718 3092 1842 3130 συν⁴

1919 786 2255 854 sophismata
2292 795 2488 840 contra
2530 785 2814 839 veritatem
2849 783 3279 840 construxisses.
3326 782 3513 837 Addu-

1919 876 2002 931 cis
2027 885 2212 931 autem
2239 876 2668 931 Alexandrinum
2706 875 3025 948 Dionysium
3071 884 3125 930 et.
3157 874 3509 930 Patarenscm

1923 966 2254 1021 Methodium
2278 978 2332 1020 et
2373 968 2535 1021 talem
2566 977 2619 1021 et
2652 968 2837 1035 talem,
2871 969 2964 1037 qui
3007 968 3304 1039 aliquando
3327 967 3395 1021 ab
3421 982 3514 1020 ac-

1922 1075 2114 1118 curata
2174 1061 2607 1131 theologicarum
2654 1078 2834 1116 rerum
2873 1063 3067 1116 notitia
3098 1061 3425 1122 exciderint,
3460 1068 3514 1113 et

1925 1155 2279 1211 statuendum
2339 1169 2462 1210 esse
2514 1154 2786 1224 praecipis,
2834 1156 3028 1209 eodem
3082 1169 3302 1224 quoque
3354 1161 3514 1222 pacto

1924 1247 2696 1315 Ambrosium,Augustinum
2735 1256 2899 1317 atque
2953 1247 3344 1316 Hieronymum
3387 1260 3516 1314 pro-

1926 1342 2231 1397 cessionem
2268 1357 2332 1396 cx
2359 1341 2500 1396 Filio
2522 1344 2803 1397 docuisse.
2859 1340 2965 1396 Sed
2996 1341 3139 1394 haud
3176 1355 3301 1393 vera
3328 1339 3516 1392 dicens

1926 1433 2125 1488 exinde
2156 1432 2623 1490 manifestaberis.
2675 1432 2922 1500 Quorum
2981 1433 3132 1488 enim
3187 1432 3517 1486 Sanctorum

1927 1524 2071 1580 dicta
2126 1523 2375 1593 quaedam
2413 1523 2715 1579 Ecclesiam
2773 1539 2881 1578 non
2949 1522 3219 1593 recepisse
3244 1521 3404 1585 dicis,
3453 1534 3518 1574 ea

1931 1617 2116 1674 omnia
2156 1618 2211 1672 in
2265 1617 2659 1674 ecclesiasticis
2686 1616 3059 1672 voluminibus
3096 1615 3380 1686 obsignata
3418 1629 3519 1668 no-

1928 1724 2083 1780 runt,
2119 1714 2212 1783 qui
2280 1727 2368 1767 res
2410 1700 2818 1768 ecclesiasticas
2890 1716 3248 1779 pertractant,
3284 1706 3522 1775 indeque

1932 1820 2028 1860 eos
2070 1806 2140 1859 ab
2188 1811 2450 1859 accurata
2486 1817 2670 1858 rerum
2716 1801 2914 1856 notitia
2944 1800 3221 1856 excidisse
3264 1796 3522 1853 innotuit.

1935 1893 1992 1949 Si
2028 1895 2214 1964 itaque
2247 1901 2301 1949 et
2328 1894 2588 1961 allegatos
2622 1890 2887 1947 Romanae
2935 1891 3190 1948 Ecclesiae
3229 1888 3420 1945 Patres
3456 1887 3524 1942 ab

1933 1996 2195 2041 accurata
2231 1985 2536 2055 theologica
2570 1984 2764 2039 notitia
2819 1982 3108 2038 deﬂexisse
3135 1981 3528 2049 cognovissent

1937 2088 2050 2133 tum
2091 2066 2184 2132 alii
2226 2078 2474 2149 ejusdem
2514 2077 2777 2132 Romana-
2824 2075 3083 2132 Ecclesia:
3113 2074 3323 2136 Patres,
3386 2085 3526 2142 quos

1937 2173 2203 2243 plurimos
2235 2182 2291 2227 et
2344 2187 2591 2228 summos
2612 2186 2675 2227 ea
2710 2180 2846 2226 astas
2910 2171 3056 2235 tttlit,
3102 2177 3216 2223 tum
3270 2166 3530 2222 Ecclesia:

1939 2273 2141 2318 nostra!
2167 2264 2377 2318 lumina
2415 2279 2479 2319 ac
2515 2265 2794 2330 doctores,
2827 2265 2921 2334 qui
2951 2264 3005 2318 id
3039 2260 3304 2330 temporis
3338 2258 3531 2313 Eccle-

1938 2354 2143 2409 siarum
2211 2354 2466 2407 unionem
2524 2352 2987 2407 exosculabamur
3032 2357 3086 2402 et
3128 2344 3532 2416 amplecteban-

1940 2452 2052 2511 tur,
2112 2458 2220 2497 non
2272 2442 2671 2512 neglexissent,
2728 2441 2821 2495 sed
2855 2440 3063 2508 scripto
3107 2437 3530 2503 consignassent

1940 2525 2290 2606 postmodum
2357 2535 2518 2589 nobis
2556 2543 2785 2590 enatum
2822 2530 3209 2602 dignissimum
3270 2542 3399 2582 vero
3433 2525 3530 2596 qui

1939 2628 2179 2681 sciretur
2209 2640 2455 2681 errorem
2497 2625 2600 2695 (a).
3392 2611 3396 2614 ’

2621 2716 2928 2773 TEXTUS.

2017 2812 2216 2869 Verum
2277 2811 2742 2881 quemadmodum
2794 2815 3134 2864 memoratos
3164 2805 3401 2869 Patres,
3454 2800 3533 2857 ita

1941 2916 1996 2963 et
2022 2909 2141 2963 haec
2165 2908 2218 2961 in
2274 2904 2532 2975 praesenti
2565 2903 2734 2957 missa
2774 2901 3069 2956 faciamus.

2016 2999 2387 3055 77.Caeterum
2409 2998 2620 3066 regium
2646 2996 2796 3049 illum
2823 2992 3110 3055 amictum,
3144 3004 3428 3060 magnum,
3450 2988 3537 3042 in-
3574 3017 3580 3021 -

1943 3107 2131 3162 quam,
2160 3089 2423 3144 Basilium
2461 3088 2586 3158 quis
2625 3088 2840 3156 ignorat
2860 3087 2910 3140 in
2939 3083 3302 3154 penitiorihus
3339 3081 3538 3135 anim?

248 3175 529 3245 τηροῦντα
571 3177 673 3244 τὴν
704 3176 1009 3239 εὐσέϐειαν,
1041 3176 1392 3243 ὑποσιγὼντα
1420 3174 1478 3226 δὲ
1524 3172 1619 3225 τοῦ
1673 3167 1844 3224 Πνεῦ-

1947 3184 2198 3241 thalamis
2220 3197 2409 3250 puram
2438 3191 2602 3249 atque
2626 3181 3008 3234 intemeratam
3035 3189 3395 3230 conservasse
3421 3173 3538 3241 pie-

253 3283 432 3337 ματος
455 3269 554 3337 τὴν
575 3266 826 3339 θειότητα
852 3286 868 3335 ;
903 3269 967 3321 Ὢ
984 3268 1160 3338 ψυχῆς
1186 3268 1327 3321 θεῖον
1344 3265 1574 3335 ζεούσης
1592 3264 1837 3334 φίλτρον,

248 3364 358 3430 τὴν
381 3362 555 3430 φλόγα
581 3362 637 3415 δὲ
659 3364 795 3425 τέως
818 3364 919 3417 οὐκ
950 3365 1030 3424 εἰς
1055 3362 1117 3415 τδ
1147 3361 1531 3430 λαμπρότερον
1559 3359 1845 3429 ἀναρριπι-

253 3454 486 3524 (etiam,
508 3454 596 3506 ἴνα
620 3454 696 3523 μὴ
713 3453 909 3508 θᾶττον
932 3451 1344 3521 συναποσὸεσθῇ
1366 3451 1505 3520 αὐτῇ
1525 3448 1736 3519 προόδῳ
1750 3444 1845 3499 καὶ

250 3547 401 3613 αὐτῇ
426 3544 738 3615 παρρησίας
759 3545 1131 3616 λαμπρότητιι
1152 3537 1322 3606 Οὗτος
1348 3538 1441 3596 οὖν
1467 3539 1768 3609 οἰκονομῶν
1789 3540 1847 3590 ἐν

251 3638 445 3709 κρίσει
469 3641 595 3701 τοὺς
624 3639 817 3707 λόγους
838 3638 1005 3692 αὐτοῦ
1027 3641 1119 3693 καὶ
1150 3637 1352 3708 μᾶλλον
1370 3631 1843 3704 ἀνακηρύττεσθαι

249 3733 326 3801 τῇ
362 3730 507 3784 κατὰ
552 3731 747 3801 μικρὸν
778 3731 1021 3784 ἐπιδόσει
1061 3729 1371 3801 μεθοδεύων
1404 3728 1505 3796 τὴν
1538 3722 1845 3777 εὐσέϐειαν.

266 3822 531 3877 Ἐπειδὰν
565 3823 672 3894 γὰρ
702 3823 884 3893 ἠρέμα
912 3826 1035 3886 ταῖς
1060 3822 1168 3875 τῶν
1193 3818 1500 3891 ἀνθρώπων
1529 3816 1730 3886 ψυχαῖς
1746 3815 1848 3882 εμ-

251 3914 572 3978 6αθύνοιτο,
598 3917 967 3986 κραταιοτέρα
987 3914 1082 3967 τοῦ
1117 3913 1387 3981 δόγματος
1434 3911 1468 3979 ἡ
1500 3907 1632 3977 φλὸξ
1662 3905 1848 3961 ἀναδί-

250 4006 438 4061 δοται*
465 4004 542 4076 τῷ
558 4006 716 4074 τάχει
744 4005 798 4057 δὲ
823 4004 920 4058 καὶ
931 4007 997 4074 τῇ
1014 4002 1192 4075 ἀθρόᾳ
1213 3999 1488 4071 προσϐολῇ
1509 4000 1608 4067 τῆς
1629 3996 1853 4067 λαμπη-

253 4102 420 4162 δόνος
443 4099 706 4163 πολλάκις
721 4097 783 4151 τὸ
803 4115 888 4152 νοε
898 4097 989 4169 ρον
1011 4096 1187 4166 ὄμμα,
1207 4094 1301 4147 καὶ
1332 4092 1569 4160 μάλιστα
1589 4089 1698 4141 τῶν
1720 4084 1855 4139 πολ-

254 4193 403 4256 λῶν,
418 4190 862 4262 ἐξαμαυροῦσθαι
893 4189 1073 4254 εἴωθε,
1093 4186 1349 4255 καθάπερ
1365 4185 1461 4238 καὶ
1480 4180 1739 4253 ἀστραπὴ
1754 4180 1853 4241 τὰς

258 4286 424 4352 ὄψεις
468 4280 828 4345 ἐπισκοτίζει,
878 4280 974 4334 καὶ
1010 4280 1248 4351 μάλιστα
1303 4277 1402 4338 τὰς
1463 4274 1853 4340 ἀσθενέστερον

257 4375 642 4446 διακειμένας.
697 4373 799 4426 Διὰ
840 4373 997 4425 τοῦτο
1060 4371 1189 4442 σιγᾲ
1261 4368 1360 4438 μὲν
1409 4368 1439 4420 ὃ
1488 4367 1595 4438 πρὸ
1649 4364 1850 4426 παντὸς

257 4469 434 4526 ἄλλου
462 4470 760 4539 κηρύσσειν
782 4465 1180 4535 ὲπυρπολεῖτο·
1211 4463 1450 4533 ἔπραττε
1480 4461 1537 4514 δὲ
1568 4459 1669 4529 τὴν
1697 4456 1856 4526 σιγὴν

1935 3280 2137 3339 'tatcm,
2157 3272 2399 3343 Spiritus
2420 3282 2604 3325 tamen
2625 3269 2964 3323 divinitatem
2987 3261 3398 3322 subticuisse‘lO
3419 3261 3542 3315 ani-

1947 3383 2090 3423 mam
2110 3365 2296 3419 divino
2323 3378 2510 3417 amore
2533 3368 2875 3424 aestuantem,
2913 3358 3005 3413 sed
3032 3357 3305 3410 ﬂammam
3340 3368 3446 3408 non
3484 3352 3537 3405 in

1949 3459 2294 3530 propatulum
2327 3458 2627 3518 efﬂantem,
2661 3469 2729 3508 ne
2752 3452 2906 3506 ocius
2940 3453 2990 3503 in
3014 3451 3133 3519 ipso
3159 3458 3281 3503 ortu
3314 3449 3543 3516 ipsoque
3575 3459 3582 3467 ‘

1951 3550 2221 3605 libertatis
2254 3549 2461 3617 fulgore
2486 3547 2905 3614 exstinguatur!
2939 3544 3035 3598 llic
3063 3546 3229 3611 igitur
3247 3541 3544 3609 disponens

1951 3655 2239 3696 sermones
2281 3653 2411 3692 suos
2445 3639 2496 3690 in
2535 3636 2748 3705 judicio
2787 3650 2852 3689 ac
2887 3635 3079 3688 sedulo
3125 3643 3454 3701 procurans,
3485 3636 3544 3681 ut

1951 3733 2214 3803 paulatim
2255 3730 2554 3786 crescendo
2580 3739 2633 3782 et
2666 3743 2759 3795 per
2788 3739 2968 3796 partes
3016 3724 3277 3779 instillata
3316 3721 3532 3774 firmius

1950 3826 2156 3880 veritas
2190 3825 2249 3878 in
2274 3823 2532 3878 cordibus
2559 3819 2917 3875 stabilirctur.
2948 3817 3182 3883 Quando
3204 3814 3351 3868 enim
3375 3813 3545 3866 fuerit

1954 3917 2158 3973 sensim
2220 3917 2273 3969 in
2328 3915 2606 3968 hominum
2666 3910 2868 3966 animis
2937 3909 3235 3974 insinuata,
3310 3905 3547 3961 validior

1955 4009 2177 4062 ﬂamma
2206 4006 2481 4075 dogmatis
2512 4004 2820 4069 excitatur;
2855 4002 3136 4057 celeritate
3176 4015 3306 4054 vero
3334 3998 3547 4053 subita-

1956 4098 2547 4170 ncaqueimpressioue
2578 4095 2808 4163 fulgoris
2847 4109 2991 4163 saepe
3027 4093 3283 4147 mentalis
3311 4090 3538 4153 oculus,

1958 4192 2263 4261 praesertim
2288 4188 2595 4250 rudiorutn,
2621 4185 2877 4240 oﬂ'uscari
2894 4186 3054 4250 solet,
3081 4183 3545 4254 quemadmodum

1957 4295 2010 4338 et
2050 4282 2234 4351 fulgur
2262 4281 2447 4334 lumen
2471 4278 2759 4333 oculorum
2785 4278 3064 4342 obtundit,
3104 4277 3342 4330 maxime
3374 4276 3550 4329 imbe-

1958 4381 2259 4436 cilliorum.
2324 4378 2451 4433 Ideo
2480 4376 2606 4432 silet
2645 4376 2889 4444 quidem,
2927 4373 3072 4442 quod
3135 4387 3246 4440 pra:
3270 4370 3378 4424 alio
3405 4384 3547 4438 quo-

1961 4474 2095 4528 libet
2132 4471 2429 4539 pradicare
2463 4468 2851 4524 ardentissime
2910 4465 3220 4535 expetebat,
3261 4461 3545 4517 silentium

260 4564 413 4617 ὥστε
433 4561 629 4630 μᾶλλον
656 4557 850 4631 καιροῦ
874 4557 1141 4625 παρόντος
1168 4554 1686 4625 μεγαλοφωνότερον
1709 4549 1844 4621 ἔχειν

1959 4577 2142 4620 tamen
2188 4562 2501 4627 adhibebat,
2546 4572 2603 4616 ut
2644 4571 2891 4648 tempore
2936 4568 3246 4630 opportuno
3283 4556 3544 4613 validiori

255 4656 325 4707 τὸ
345 4652 707 4721 σιωπώμενον
729 4648 1048 4721 κηρύσσειν.
1071 4646 1403 4717 Πολύστιχον
1428 4645 1495 4701 ἂν
1529 4645 1753 4714 συνθείη
1781 4642 1858 4713 βι-

256 4744 445 4807 ϐλίον,
473 4744 525 4795 εί
544 4760 626 4806 τις
645 4742 754 4795 τῶν
777 4740 1040 4801 τοιούτων
1059 4739 1127 4793 τὰ
1156 4738 1400 4807 ὀνόματα
1423 4739 1518 4792 καὶ
1535 4739 1629 4799 τὰς
1656 4736 1856 4799 αἰτίας,

258 4835 338 4890 δι’
374 4834 444 4897 ἃς
477 4833 740 4896 πολλάκις
769 4832 830 4885 τὸ
858 4831 957 4899 τῆς
979 4828 1240 4899 ἀληθείας
1269 4830 1330 4882 οὐ
1366 4830 1646 4898 προσῆγον
1671 4826 1855 4890 ἄνθος,

259 4930 349 4992 ὡς
386 4926 455 4981 ἂν
479 4926 610 4980 αὐτό
638 4943 699 4979 τε
723 4925 785 4978 τὸ
807 4924 968 4986 ἄνθος
997 4922 1199 4993 ὡραῖον
1223 4920 1527 4991 εῦανθήσῃ,
1553 4921 1587 4991 ἦ
1620 4937 1678 4973 τε
1727 4918 1860 4989 βλά-

263 5033 473 5086 στησις
519 5017 732 5086 ἐπιδοίη
775 5015 978 5085 μᾶλλον
1018 5014 1112 5068 καὶ
1151 5012 1246 5065 τὸν
1290 5011 1504 5080 καρπὸν
1557 5008 1861 5074 συλλέξωσι

264 5109 676 5173 πολυπλασιον,
722 5110 908 5180 γραφῇ
958 5105 1298 5179 παραδοῦναι
1355 5102 1673 5174 βουληθείηο
1709 5101 1856 5155 Ἀλλ’

263 5202 526 5265 ἐκείνους
558 5204 657 5273 μὲν
682 5201 945 5272 ἀγάμεθα
979 5202 1074 5254 καὶ
1100 5199 1200 5270 τῆς
1234 5198 1380 5268 ὑπὲρ
1411 5196 1574 5264 λόγον
1607 5194 1861 5256 ἐπινοίας

262 5306 373 5356 καὶ
404 5301 504 5370 τῆς
529 5302 587 5353 ὲν
621 5299 785 5371 σοφίᾳ
816 5298 1130 5368 οἰκονομίας
1154 5313 1169 5329 ’
1213 5297 1261 5350 εί
1282 5295 1341 5349 δέ
1373 5312 1459 5357 τις
1510 5293 1580 5347 τὰ
1636 5290 1865 5346 τοιαῦτα

257 5399 352 5460 ὡς
383 5394 586 5463 νόμους
609 5395 704 5447 καὶ
745 5393 996 5462 δόγματα
1046 5373 1406 5461 παρεισάγειν
1448 5391 1514 5459 τῇ
1561 5385 1864 5456 Ἐκκλησία

261 5489 547 5563 βιάζοιτο,
581 5484 778 5556 ἐχθρὸν
810 5482 911 5554 μὲν
950 5483 1115 5536 αὐτὸν
1167 5481 1278 5535 τῶν
1314 5481 1491 5550 ἁγίων
1542 5478 1859 5549 ἡγούμεθα,

347 5626 589 5705 (ηΑἰῐαι-(ε
614 5641 753 5705 quae
787 5631 1090 5705 sequuntur
1118 5620 1485 5705 .eodlemnfe're
1513 5620 1681 5705 modo
1712 5634 1868 5689 repe-

262 5690 390 5761 ric‘s
410 5690 568 5763 Ὀι·.,1
596 5690 665 5752 de
693 5714 785 5750 un.
820 5690 989 5763 Ej'cl.,
1029 5710 1081 5749 n.
1105 5692 1194 5755 46,
1227 5690 1292 5746 G.
1323 5692 1388 5747 Ο.
1418 5690 1460 5745 Ι.
1496 5707 1550 5761 ρ.
1581 5690 1703 5747 170.

353 5773 436 5841 (‘2)
470 5762 626 5823 Becc.
654 5767 748 5841 Ot‘.
773 5762 957 5841 (lue-un.
997 5766 1032 5819 Ι.
1060 5763 1285 5841 βοῦς-η
1314 5781 1365 5841 τΣ

351 5833 623 5907 (δηθὰ,
677 5840 735 5893 τδδ
763 5835 907 5891 οὕτω
950 5835 1172 5903 γεγονὸς
1220 5833 1574 5900 ἁξιοζήτητον
1618 5833 1862 5896 ὕστερον.

1961 4673 2098 4714 voce
2156 4658 2207 4711 id
2250 4655 2398 4721 quod
2449 4656 2681 4712 siluerat
2736 4654 3040 4725 praedicare
3094 4661 3302 4722 posset.
3353 4651 3548 4721 lugens

1961 4766 2091 4805 vero
2124 4754 2381 4805 volumen
2423 4754 2794 4820 componeret,
2831 4748 2875 4800 si
2907 4746 3031 4816 quis
3063 4744 3261 4799 litteris
3286 4744 3551 4821 mandare

1963 4845 2130 4899 vellet
2162 4844 2394 4898 istorum
2422 4842 2645 4896 nomina
2677 4849 2733 4893 et
2762 4855 2978 4903 causas,
3011 4838 3085 4893 ob
3114 4853 3254 4908 quas
3286 4853 3430 4906 saepe
3461 4851 3552 4892 ve-

1964 4935 2145 4990 ritatis
2174 4933 2281 4988 non
2307 4932 2669 5003 prOpaIabant
2717 4929 2934 4996 ﬂorem,
2996 4940 3055 4984 ut
3101 4938 3157 4984 et
3190 4930 3295 5000 ipsi
3326 4928 3426 4984 ﬂos
3462 4930 3552 4982 veé

1964 5027 2180 5081 nustius
2230 5024 2610 5088 eﬂloresceret,
2639 5031 2694 5076 et
2737 5037 2959 5091 germen
3002 5024 3215 5078 firmius
3255 5031 3548 5088 cresceret,

1967 5118 2647 5187 fructumqueLuberiorem
2680 5119 3025 5189 colligerent.
3057 5118 3261 5174 Verum
3286 5119 3408 5174 illos
3430 5119 3552 5187 qui-

1966 5212 2088 5264 dem
2122 5210 2459 5264 admiramur
2499 5220 2553 5266 et
2610 5212 3068 5266 commendamus
3110 5220 3225 5264 tum
3269 5212 3339 5266 ob
3383 5211 3553 5267 cwle-

1942 5311 2105 5359 stem
2124 5318 2234 5372 quo
2263 5302 2605 5359 ducebantur
2630 5302 2894 5371 aﬂlatum,
2925 5314 3036 5360 tum
3063 5304 3136 5357 ob
3169 5305 3392 5372 sapiens
3427 5319 3549 5373 pro-

1967 5397 2092 5452 vide
2120 5396 2444 5465 disponendi
2471 5397 2797 5463 consilium;
2824 5396 2868 5451 si
2892 5398 3015 5467 quis
3038 5403 3219 5449 autem
3245 5397 3361 5449 haec
3385 5405 3444 5449 ut
3474 5395 3553 5449 le-

1966 5507 2064 5564 ges
2091 5499 2146 5547 et
2176 5491 2433 5561 dogmata
2482 5491 2537 5545 in
2572 5490 2876 5546 Ecclesiam
2929 5488 3191 5543 invehere
3233 5496 3554 5553 conaretur,

1972 5626 2125 5681 Bccci
2164 5626 2199 5680 1.
2236 5642 2285 5683 c.
2311 5623 2371 5677 τὸ
2398 5623 2540 5678 οὕτω
2596 5624 2817 5695 γεγονὸς
2849 5624 2980 5695 ἡμῖν
3004 5621 3234 5693 ὕστερον
3259 5620 3554 5695 astam-.7,-

1967 5714 2059 5751 τον
2086 5697 2329 5768 σφάλμα.

2041 5764 2274 5841 (αΗίσέο
2305 5777 2581 5841 postrema
2632 5784 2697 5826 cx
2736 5765 2919 5825 Allatii
2948 5764 3222 5823 versione.
