4042 6446
316 352 428 462 asa

1071 399 1514 466 REFUTATIO
1552 397 1927 462 PHOTIANI
1971 399 2192 459 LIBRI
2234 398 2331 460 DE
2371 398 2689 459 SPIRITU
2728 399 2768 456 S

3489 399 3595 465 $31

313 518 690 589 ἀφαιρέσεως.
741 516 854 571 Καὶ
902 517 1018 583 πῶς
1060 519 1288 589 ἐντελῆ;
1350 519 1476 582 Τοῖς
1539 516 1903 586 ἐπαγομένοις

2015 514 2236 570 demere
2268 530 2407 586 opus
2435 524 2526 571 snt.
2561 514 2629 568 Et
2657 513 2936 584 quomodo
2969 512 3315 583 perfectam?
3371 511 3443 569 lis
3475 531 3598 585 quae

309 609 578 681 πρόσεχε.
621 626 639 659 ι
678 607 818 678 Περί
846 625 908 662 τε
939 609 1072 677 γάρ,
1107 627 1126 662 ι
1163 610 1320 678 φησὶ,
1356 627 1377 660 ‹
1438 607 1536 661 τοῦ
1571 607 1787 678 Πατρὸς
1809 607 1906 658 καὶ

307 700 412 756 τοῦ
456 697 588 753 Υίοῦ
648 699 743 753 καὶ
795 702 891 754 τοῦ
934 701 1094 770 ἁγίου
1127 702 1452 773 Πνεύματος
1486 698 1798 754 ἐκδιδάσκει
1842 697 1905 750 τὸ

310 795 549 848 τέλειον.
600 809 618 842 ι
661 786 797 843 Errat
825 791 943 855 πῶς
977 792 1286 846 ἐκδιδάσκει
1316 792 1379 845 τὸ
1401 791 1638 856 τέλειον;
1673 791 1777 842 Τὸν
1806 789 1905 858 μὲν

309 884 448 936 Υἱὸν
468 884 534 936 ἐκ
549 880 642 934 τοῦ
671 879 885 950 Πατρὺς
908 881 1113 950 ἀναϐοᾷ
1133 880 1486 951 γεννηθῆναι,
1514 879 1575 931 τὸ
1594 878 1651 930 δὲ
1679 875 1904 946 Πνεῦμα

303 977 379 1029 ἐκ
409 973 505 1026 τοῦ
536 973 749 1044 Πατρδς
787 973 1212 1042 ἐκπορεύεσθαι,
1231 976 1342 1027 Καὶ
1368 973 1485 1043 μετ’
1505 971 1664 1040 ὀλίγα
1683 986 1696 1000 °
1736 989 1754 1022 ι
1792 969 1903 1023 Kal

305 1066 400 1119 διὰ
435 1066 535 1137 μὲν
566 1067 695 1127 τοὺς
719 1063 796 1135 τῷ
835 1063 1118 1134 Πνεύματι
1141 1066 1219 1135 τῷ
1253 1066 1395 1136 ἁγίῳ
1433 1066 1783 1136 μαχομένους
1803 1066 1903 1134 τὴν

302 1157 532 1226 χρόνοις
576 1155 803 1226 ὕστερον
841 1159 993 1226 ποιρά
1040 1154 1150 1208 τῶν
1197 1158 1290 1211 ἐπὶ
1343 1158 1445 1226 τῆς
1505 1157 1902 1226 βασιλευούσης

306 1247 530 1310 πόλεως
587 1247 790 1300 ἑκατὸν
837 1249 1187 1317 πεντήκοντα
1241 1248 1604 1302 συνελθόντων
1637 1249 1903 1318 Πατέρων

311 1342 452 1412 ’περλ⁸
480 1341 582 1410 τῆς
626 1339 722 1393 τοῦ
759 1340 1089 1411 Πνεύματος
1132 1326 1326 1404 οὐσίας
1387 1341 1791 1411 παραδοθεῖσαν
1824 1341 1902 1394 δι·

302 1432 611 1486 ὃασκαλίαν
656 1433 842 1502 κυροῖ.
899 1451 918 1483 ι
987 1433 1098 1484 Καὶ
1144 1432 1260 1496 πῶς
1294 1432 1586 1504 ἐκύρωσαν
1617 1428 1766 1487 οὗτοι
1799 1433 1900 1505 τὴν

303 1527 408 1582 τοῦ
440 1527 763 1597 Πνεύματος
801 1526 1022 1592 οὐσίαν,
1066 1527 1100 1598 ἢ
1125 1527 1287 1596 δῆλον
1312 1528 1560 1589 εἰπόντες
1587 1528 1648 1580 τὸ
1671 1523 1899 1598 Πνεῦμα

306 1623 380 1674 ἐκ
411 1618 507 1672 τοῦ
541 1619 756 1690 Πατρὺς
786 1619 1185 1688 ἐκπορεύεσθαι
1211 1637 1225 1686 ;
1265 1619 1430 1696 Ὥστε
1461 1621 1490 1673 ὁ
1513 1620 1640 1674 ἄλλο
1663 1636 1716 1673 τι
1746 1618 1898 1689 ποιρά

307 1713 475 1766 τοῦτο
509 1713 781 1765 διδάσκων
811 1713 872 1765 τὸ
909 1711 1079 1780 κῦρος
1126 1713 1426 1783 ἀνατρέπει
1456 1712 1550 1766 καὶ
1579 1712 1901 1782 συγχεῖέκαὶ

311 1805 504 1875 φύρει,
534 1805 595 1858 τό
621 1821 684 1874 γε
710 1799 848 1877 ἧκον
884 1807 965 1866 είς
1003 1806 1344 1876 τόλμαν,τὴν
1376 1805 1568 1873 αὐτοῦ,
1599 1807 1773 1877 αὐτὴν
1802 1805 1898 1860 τοῦ

313 1898 632 1968 Πνεύματος
663 1899 763 1968 τὴν
793 1900 1005 1953 οὐσίαν.
1044 1895 1210 1962 Εἶτα,
1255 1917 1276 1950 ε
1307 1899 1395 1954 διὰ
1427 1899 1556 1964 τοὺς
1605 1899 1684 1970 τῷ
1727 1899 1898 1954 Πνεύ-

313 2009 453 2062 ματι
485 1992 560 2060 τῷ
583 1993 731 2060 ἁγίῳ
769 1993 1140 2062 μαχομένους.
1181 2011 1200 2044 ι
1246 1993 1361 2046 Καὶ
1407 1993 1554 2056 τίνες
1587 1993 1898 2065 ἐμάχοντο;

308 2083 491 2140 Πάλαι
523 2083 622 2154 μὲν
644 2087 690 2137 oi
719 2085 1062 2138 Μακεδόνιον
1089 2085 1212 2137 ἀντὶ
1234 2085 1344 2138 τῶν
1367 2085 1657 2156 ἀχράντων
1698 2085 1900 2154 λογίων

303 2177 639 2232 διδάσκαλον
699 2177 886 2246 σφίσιν
944 2177 1134 2241 αὐτοῖς
1180 2179 1501 2242 ἀνειπόντες
1530 2194 1545 2209 ο
1597 2177 1696 2232 νῦν
1741 2179 1798 2233 δὲ
1849 2182 1899 2234 οἱ

316 2271 446 2324 ἀντὶ
463 2269 554 2324 τοῦ
579 2270 819 2340 Χριστοῦ
849 2271 1064 2339 καὶτῆς
1093 2269 1260 2325 αὐτοῦ
1294 2275 1692 2343 μυσταγωγίας
1719 2287 1733 2303 ⁸
1781 2273 1900 2327 ἀλλ’

305 2360 417 2413 οὐκ
439 2359 549 2429 έχω
576 2359 703 2414 τίνα
743 2358 982 2413 καλέσω·
1009 2359 1186 2424 οὕτως
1210 2361 1360 2415 ἐστὶν
1395 2361 1582 2416 αὐτῶν
1615 2363 1900 2433 ἀκέφαλον

303 2451 374 2505 τὸ
406 2451 731 2521 δυσσέϐημα
753 2467 767 2481 °
805 2452 948 2520 πλὴν
976 2453 1097 2506 ἀντὶ⁵
1130 2451 1225 2504 τοῦ
1259 2453 1520 2524 Σωτῆρος
1551 2454 1602 2506 oi
1636 2457 1702 2526 τῇ
1747 2456 1902 2509 ἀπω-

306 2543 437 2616 λείᾳ
469 2544 1042 2616 προσδεδραμηκότες.
1080 2544 1246 2598 Ἀλλά
1274 2543 1445 2599 ταῦτα
1469 2547 1636 2618 μὲν-ἥ
1663 2563 1723 2600 τε
1769 2548 1898 2601 σύν-

307 2637 435 2700 οδος
494 2637 876 2707 πολυγλώσσῳ
918 2637 1012 2711 καὶ
1062 2639 1558 2708 πνευματοκινήτῳ
1597 2637 1900 2708 φθέγγεται

317 2732 496 2801 φωνῇ,
528 2730 625 2782 καὶ
666 2730 821 2783 Λέων
850 2733 878 2783 ὁ
907 2729 1183 2797 πάνσοφος
1229 2729 1541 2801 συναναϐοᾷ
1582 2732 1677 2784 καὶ
1701 2731 1903 2804 ψήφοις

311 2823 558 2886 ἁπάσαις
585 2823 1042 2892 ἐπασφαλίζεται.
1088 2823 1160 2876 Σὺ
1199 2821 1256 2875 δὲ
1290 2822 1384 2874 τὸν
1438 2823 1564 2876 νοῦν
1607 2824 1904 2896 ἐπίστησον

309 2913 428 2975 τοῖς
459 2911 662 2983 ἐφεξῆς
684 2927 701 2944 ο
740 2912 880 2983 πρὸς
911 2912 1024 2982 γὰρ
1047 2911 1125 2982 τῷ
1159 2911 1305 2965 τέλει
1337 2913 1438 2983 τῆς
1467 2911 1600 2985 ὅλης
1620 2914 1717 2968 τοῦ
1741 2914 1901 2985 λόγου

309 3006 630 3076 περικοπῆς
676 2998 781 3060 ὧδέ
817 3020 982 3076 φησι’
1019 3024 1037 3056 ε
1075 3004 1294 3059 Τούτων
1323 3005 1506 3060 τοίνυν
1541 3006 1682 3078 μετά
1717 3010 1904 3080 πάσης

306 3098 657 3169 πανταχόθεν
681 3097 971 3167 ἀκριϐείας
1001 3114 1060 3149 τε
1096 3097 1193 3152 καὶ
1241 3099 1548 3169 ἐμμελείας
1579 3101 1712 3171 παρ’
1744 3102 1916 3173 ήμῶνρ

2009 616 2318 676 sequuntur
2367 608 2612 661 animum
2664 607 2906 662 adverte.
2967 625 2985 658 ι
3016 605 3094 662 De
3144 605 3305 660 Patre
3354 609 3528 673 enim,
3571 627 3591 662 ι

2007 700 2228 771 inquit,
2310 720 2329 754 ι
2379 711 2433 756 et
2481 701 2620 756 Filio
2674 709 2728 756 et
2781 700 2986 771 Spiritu
3042 710 3236 755 sancto
3292 701 3596 770 perfectum

2006 793 2222 848 edocet.
2262 812 2281 846 ι
2323 793 2389 847 Ει
2424 795 2700 864 (ιιιοιηοάο
2732 794 2893 848 docet
2933 792 3287 861 perfectum?
3330 791 3597 848 Videlicet

2007 885 2208 940 Filium
2241 901 2305 940 ex
2343 882 2503 939 Patre
2536 885 2786 956 generari
2821 884 3043 946 clamat.
3078 883 3341 952 Spiritum
3371 899 3500 938 vero
3529 899 3595 938 ex

2006 976 2167 1033 Patre
2191 979 2510 1047 procedere.
2547 977 2612 1031 Et
2648 985 2767 1046 post
2799 992 2971 1045 pauca
3007 993 3019 1029 :
3063 995 3081 1028 ι
3123 977 3352 1044 Propter
3383 989 3477 1028 eos
3502 976 3594 1042 qui

2005 1075 2197 1122 contra
2257 1065 2522 1135 Spiritum
2599 1077 2851 1120 sanctum
2898 1065 3215 1135 pugnabant
3270 1065 3596 1118 sententiam

2004 1158 2135 1212 olim
2167 1173 2197 1212 a
2224 1170 2446 1214 centum
2476 1143 2878 1229 quinquaginta
2912 1156 3192 1220 Patrihus,
3229 1157 3324 1226 qui
3363 1158 3416 1212 in
3447 1160 3597 1227 regia

2005 1250 2138 1305 urbe
2185 1261 2592 1315 convenerunt,
2650 1251 2718 1305 de
2798 1249 3042 1318 Spiritus
3128 1250 3306 1304 sancti
3359 1252 3598 1304 essentia

2003 1342 2260 1396 traditam
2318 1341 2635 1398 conﬁrmat.
2697 1361 2714 1392 ι
2771 1340 2836 1394 Et
2883 1339 3164 1410 quomodo
3215 1340 3304 1395 isti
3361 1340 3599 1410 Spiritus

2002 1438 2185 1491 sancti
2210 1437 2508 1491 essentiam
2545 1431 3284 1490 constituerunt?Nimirum
3321 1435 3413 1488 ubi
3445 1435 3600 1488 dixe-

2004 1538 2136 1582 runt
2170 1527 2435 1598 Spiritum
2467 1545 2496 1583 a
2545 1529 2708 1583 Patre
2743 1528 3066 1598 procedere.
3099 1526 3470 1593 Quamobrem
3506 1529 3600 1597 qui

2001 1620 2154 1675 aliud
2190 1623 2470 1692 quidpiam
2506 1633 2705 1692 praeter
2738 1622 2844 1675 hoc
2880 1621 3068 1684 docet,
3106 1623 3335 1691 abrogat
3375 1631 3429 1676 et
3463 1637 3598 1674 con-

2001 1713 2186 1769 fundit
2240 1725 2294 1768 et
2358 1715 2661 1785 pervertit,
2702 1723 2971 1782 quantum
3030 1713 3252 1780 quidem
3313 1713 3379 1768 ad
3437 1729 3594 1767 suam

2007 1807 2294 1862 audaciam
2346 1807 2582 1869 attinet,
2638 1805 2932 1874 ipsammet
2987 1803 3226 1872 Spiritus
3273 1805 3596 1860 essentiam.

2006 1899 2209 1954 Deinde
2243 1901 2488 1968 expende
2519 1897 2680 1952 verba
2706 1900 2820 1964 illa,
2853 1917 2872 1948 ι
2903 1907 3124 1968 prepter
3150 1911 3247 1951 eos
3277 1896 3373 1966 qui
3405 1905 3596 1950 contra

2004 1991 2270 2060 Spiritum
2296 2000 2547 2046 sanctum
2579 1991 2950 2059 pugnabant.»
2980 1989 3046 2044 Et
3073 1989 3296 2059 quinam
3326 1987 3378 2041 hi
3411 1989 3596 2042 erant?

2005 2086 2145 2139 Olim
2211 2084 2432 2154 quidem
2491 2083 2587 2154 qui
2648 2083 3028 2138 Macedoniam
3097 2082 3218 2137 loco
3277 2093 3595 2137 sanctarum

2007 2175 2422 2244 Seriptnrarum
2477 2171 2582 2228 sibi
2629 2173 2764 2242 ipsis
2801 2171 3123 2243 magistrum
3163 2171 3594 2236 constituerunt;
3632 2205 3648 2222 .

2004 2283 2153 2322 nunc
2186 2281 2339 2331 vero,
2373 2265 2469 2335 qui
2519 2264 2642 2319 loco
2683 2263 2892 2318 Christi
2931 2277 3214 2331 sacraeque
3250 2262 3397 2317 illius
3439 2263 3598 2318 insti-

2004 2359 2230 2416 tutionis
2255 2388 2325 2398 —
2363 2367 2419 2412 at
2450 2371 2561 2411 non
2601 2355 2774 2411 habeo
2805 2371 2966 2424 quem
3003 2355 3311 2422 nominem;
3347 2356 3484 2410 adeo
3515 2364 3600 2408 est

2004 2451 2181 2521 capite
2211 2450 2472 2505 destituta
2509 2450 2756 2518 ipsorum
2793 2448 3049 2516 impietas
3079 2477 3151 2487 —
3185 2447 3303 2517 qui,
3343 2449 3596 2516 inquam,

2003 2544 2124 2598 loco
2154 2541 2362 2597 Christi
2395 2541 2463 2594 ad
2495 2539 2858 2610 perditionem
2890 2538 3241 2609 confugiunt.
3276 2539 3453 2608 Atque
3481 2541 3596 2593 haec

2008 2635 2229 2706 quidem
2281 2641 2474 2687 sancta
2530 2630 2773 2702 synodus
2824 2631 3161 2700 multilingui
3209 2641 3263 2686 et
3311 2649 3341 2685 a
3387 2630 3596 2700 Spiritu

2003 2731 2193 2778 saneto
2221 2731 2339 2775 acta
2364 2734 2496 2775 voce
2524 2721 2884 2789 proloquitur,
2913 2718 3132 2791 Lcoque
3153 2723 3599 2791 sap'entissimus

2007 2827 2115 2866 una
2159 2826 2283 2872 cum
2329 2811 2438 2865 illis
2479 2811 2741 2881 praedicat
2785 2810 3128 2880 calculisque
3161 2811 3422 2866 omnibus
3465 2829 3597 2867 con-

2006 2905 2206 2958 ﬁrmat.
2240 2902 2323 2958 Tu
2360 2918 2490 2957 vero
2524 2913 2762 2956 mentem
2793 2901 2859 2957 iis
2885 2916 3008 2971 qnae
3038 2913 3348 2970 sequuntur
3375 2903 3595 2970 adhibe;

2005 3008 2202 3049 versus
2231 2992 2390 3047 linem
2419 3008 2656 3062 namque
2685 2992 2854 3046 totius
2880 2994 3151 3048 sermonis
3180 2997 3464 3064 pericopes
3496 2997 3599 3050 ista

2005 3085 2138 3140 dicit
2168 3101 2182 3136 :
2219 3104 2237 3136 ι
2281 3085 2375 3139 llis
2404 3085 2570 3156 igitur
2594 3101 2721 3140 cum
2755 3086 2905 3140 omni
2932 3094 3100 3153 atque
3133 3087 3376 3156 undique
3403 3097 3597 3141 exacta

303 3191 769 3245 διατυπωθέντων
800 3187 1002 3260 ὥρισεν
1039 3190 1072 3260 ἡ
1097 3189 1229 3258 ἁγία
1263 3193 1360 3244 καὶ
1391 3193 1748 3262 οίκουμενικὴ
1778 3194 1903 3247 σύν-

2011 3195 2141 3232 cura
2170 3188 2225 3234 et
2251 3180 2536 3250 diligentia
2567 3195 2595 3233 a
2629 3179 2789 3234 nobis
2820 3181 3105 3249 dispositis
3136 3180 3379 3234 deﬁnivit
3406 3191 3598 3235 sancta

302 3286 430 3349 οδος
467 3303 486 3336 ›
521 3281 607 3356 (ἦς
633 3286 879 3355 δηλονότι
931 3288 1230 3356 κορυφαῖος
1271 3286 1426 3339 Λέων
1453 3286 1480 3339 ὁ
1509 3286 1793 3358 βασιλικὸν
1811 3283 1905 3343 καὶ

297 3379 407 3431 ⁴τὸν
434 3379 559 3432 νοῦν
595 3380 689 3433 καὶ
726 3383 794 3433 τά
834 3381 1065 3450 ῥήματα
1109 3379 1505 3448 κεκτημένος).
1539 3380 1606 3433 Τί
1661 3380 1902 3451 ὥρισεν;

307 3491 338 3524 4
395 3471 625 3542 Ἑτέραν
677 3473 864 3525 πίστιν
893 3472 1082 3542 μηδενὶ
1111 3471 1314 3538 ἐξεῖναι
1338 3471 1664 3542 προφέρειν,
1733 3473 1904 3544 ἤγουν

305 3564 661 3634 συγγράφειν
691 3563 722 3635 ἢ
755 3564 1064 3618 συντιθέναι
1099 3564 1131 3636 ἢ
1160 3567 1382 3635 φρονεῖν
1409 3565 1441 3634 ἢ
1468 3564 1747 3618 διδάσκειν
1783 3566 1902 3619 ἐτέ-

300 3674 442 3727 ρους
467 3671 482 3686 ο
505 3657 632 3719 τοὺς
656 3656 714 3710 δὲ
749 3657 1069 3726 τολμῶντας
1119 3656 1152 3726 ἢ
1205 3655 1521 3711 συντιθέναι
1565 3656 1754 3710 πίστιν
1784 3656 1904 3710 ἐτέ-

306 3765 440 3820 ραν,
460 3748 630 3819 ἦγουν
654 3749 1013 3820 προκομίζειν
1042 3747 1076 3819 ἢ
1110 3747 1419 3813 διδάσκειν,
1459 3747 1491 3818 ἢ
1537 3748 1896 3818 παραδιδόναι

299 3840 504 3912 ἕτερον
541 3839 821 3908 σύμϐολον
848 3841 961 3903 τοῖς
991 3839 1269 3892 ἐθέλουσιν
1293 3840 1646 3910 ἐπιστρέφειν
1671 3843 1749 3904 εἰς
1781 3841 1916 3892 ἐπί-ι.

301 3949 516 4000 γνωσιν
549 3933 650 4003 τῆς
683 3931 949 4002 ἀληθείας
982 3931 1042 3996 ἐξ
1097 3931 1461 4003 Ἑλληνισμοῦ
1499 3933 1530 4004 ἢ
1567 3933 1626 4000 ἐξ
1693 3933 1909 3987 Ἰουδαῖ-

321 4024 468 4095 σμοῦ
493 4025 532 4096 ἢ
568 4025 701 4094 γοῦν
724 4025 784 4089 ἐξ
814 4026 1083 4095 αἱρέσεως
1108 4025 1520 4096 οἱασδηποτοῦν,
1571 4026 1821 4091 τούτους,
1856 4027 1906 4079 εί

307 4117 420 4189 μὲν
451 4112 564 4169 εἷεν
599 4116 898 4169 ἐπίσκοποι
947 4115 979 4183 ἢ
1034 4117 1313 4186 κληρικοὶ,
1361 4117 1682 4189 ἀλλοτρίους
1743 4114 1891 4174 εἶναι

299 4209 441 4270 ’.τοὺς
476 4207 813 4272 ἐπισκόπους
856 4207 959 4278 τῆς
1007 4209 1344 4278 ἐπισκοπῆς,
1378 4212 1473 4262 καὶ
1518 4210 1648 4275 τοὺς
1707 4211 1904 4281 κληρι-

303 4299 446 4362 xei);
475 4299 573 4352 τοῦ
604 4300 810 4370 κλήρου
836 4313 851 4329 ·
889 4302 939 4352 εἰ
995 4299 1053 4352 δὲ
1102 4301 1443 4370 μονάζοντες
1481 4302 1514 4373 ἢ
1553 4303 1741 4358 λα’ίκοὶ⁵
1771 4301 1902 4372 εἷεν,

313 4390 834 4461 ἀναθεματίζεσθαι
860 4391 1082 4454 αὐτούς.
1125 4410 1145 4442 ›

886 4486 1347 4540 ΑΝΊΊΡΡΗΣΙΣ.
1373 4536 1376 4542 .

383 4573 514 4630 ΚΘ¹.
554 4571 695 4642 Εὗγέ
726 4592 830 4639 σοι,
863 4574 1141 4646 ἄνθρωπε,
1177 4577 1257 4630 ὅτι
1281 4578 1372 4630 τὸν
1405 4576 1583 4648 μέγαν
1606 4577 1902 4648 Βασίλειον

302 4667 585 4737 θαλάμοις
630 4668 812 4738 ψυχῆς
854 4668 1138 4738 ἀκήρατον
1197 4668 1575 4738 συντηροῦντα
1616 4670 1904 4739 ὁμολογεῖς

298 4762 412 4834 τὴν
436 4761 723 4814 εὐσέϐειαν
758 4760 853 4836 καὶ
902 4760 1086 4831 ψυχὴν
1123 4761 1286 4813 αὑτὸν
1325 4761 1508 4827 λέγεις
1557 4761 1704 4814 θεῖον
1745 4761 1904 4826 ζέου-

302 4873 416 4910 σαν
475 4857 723 4926 φίλτρον.
757 4854 870 4907 Καὶ
923 4857 971 4906 εί
1008 4854 1181 4906 ταῦτά
1210 4871 1272 4922 γε
1327 4855 1526 4925 ἀληθῆ,
1572 4857 1792 4919 πάντως
1849 4855 1905 4908 δὲ

299 4947 515 5015 ἀληθῆ,
546 4946 733 4998 οὐκέτι
763 4962 847 4997 σοι
885 4944 1103 5009 ἐξέσται
1129 4944 1344 5011 αἵρεσιν
1385 4947 1478 4999 καὶ
1508 4947 1766 5000 ἀσέϐειαν
1795 4947 1906 5001 τῶν

317 5028 619 5106 ’Ῥωμαίων
654 5039 1008 5108 κατηγορεῖν,
1037 5037 1128 5089 τοῦ
1167 5036 1404 5106 μεγάλου
1438 5036 1728 5091 Βασιλείου
1756 5039 1908 5109 διαρ-

304 5131 485 5204 ρήδην
519 5129 898 5198 θεολογοῦν;ος
933 5131 990 5182 ἐν
1042 5128 1118 5199 τῷ
1167 5129 1336 5200 τρίτῳ
1394 5130 1501 5182 τῶν
1558 5132 1703 5184 κκτὰ
1744 5129 1906 5183 Εὐνο-

309 5225 444 5297 μίου
478 5223 886 5297 ἀντιρρητικῶν
931 5223 991 5278 τὸ
1024 5223 1253 5290 Πνεῦμα
1283 5224 1436 5295 παρὰ
1472 5223 1567 5276 τοῦ
1617 5223 1748 5280 Υἱοῦ
1783 5225 1906 5294 ἔχον

304 5320 378 5373 τὸ
408 5315 551 5373 εἶναι
590 5320 687 5372 καὶ
718 5318 868 5388 παρά
899 5317 992 5371 τοῦ
1023 5318 1158 5371 Υίοῦ
1202 5317 1480 5389 λαμϐάνον
1511 5319 1605 5371 καλ⁵
1638 5318 1906 5385 ἀναγγέλ-

305 5413 408 5465 λον
448 5413 579 5484 ἡμῖν
622 5413 717 5464 καὶ
765 5411 900 5474 ὅλως
955 5411 1171 5479 ἐκείνης
1201 5411 1299 5482 τῆς
1343 5410 1528 5475 αἰτίας
1566 5412 1904 5483 ἐξημμένον.

304 5504 380 5556 Τί
420 5503 476 5554 δέ
510 5519 593 5555 σοι
627 5502 686 5554 τὸ
716 5501 911 5570 ὄφελος
938 5502 1189 5570 ἀλλήλοις
1216 5505 1344 5565 τοὺς
1400 5503 1652 5574 Πλτέρας
1707 5505 1906 5557 ἀντανο

312 5595 558 5663 ιστῶντι,
598 5595 782 5666 ὥσπερ
826 5600 875 5650 εἰ
915 5598 1139 5650 ἐναντία
1193 5592 1334 5667 ἦσαν
1387 5595 1908 5668 ἁλλήλοιςτεθεολο-

308 5688 591 5758 γηκότες;
642 5686 718 5740 Τὸ
767 5688 878 5757 γάρ
930 5689 1108 5741 εἰπεῖν
1152 5686 1243 5739 τὸν
1278 5687 1427 5740 δεῖνα
1468 5688 1564 5742 καὶ
1607 5689 1754 5742 δεῖνα
1798 5689 1907 5740 τῶν

311 5779 492 5849 ἁγίων
527 5780 621 5832 καὶ⁴
650 5779 742 5833 τὸν
764 5781 862 5848 τῆς
902 5778 1125 5849 Ῥώμης
1158 5779 1349 5851 θρόνον
1379 5781 1785 5852 ἁρχιερατικῶς
1816 5795 1907 5833 κο-

313 5872 647 5943 σμησάντων
680 5873 743 5929 ἐκ
796 5870 890 5926 τοῦ
919 5872 1130 5944 Πατρὸς
1162 5874 1218 5926 τὸ
1253 5873 1476 5946 Πνεῦμα
1511 5874 1570 5928 τὸ
1618 5875 1772 5945 άγιον
1806 5878 1903 5929 ἐκο

2009 3279 2064 3328 et
2107 3273 2442 3327 mcumenica
2492 3273 2736 3344 synodus
2791 3291 2809 3324 ι
2855 3274 3062 3344 (cujus
3098 3273 3352 3329 videlicet
3396 3290 3600 3344 praeses

2009 3374 2127 3419 erat
2163 3364 2273 3420 Leo
2308 3367 2516 3436 regium
2562 3381 2754 3421 revera
2800 3376 2855 3421 et
2900 3368 3145 3420 animum
3189 3378 3245 3421 et
3288 3383 3595 3423 sermonem

2010 3465 2273 3529 nactus).
2331 3459 2474 3525 Quid
2529 3458 2818 3514 deﬁnivit?
2871 3477 2889 3512 ι
2945 3461 3188 3515 Alteram
3238 3460 3398 3514 [idem
3464 3462 3598 3516 nuili

2008 3551 2174 3605 licere
2217 3550 2466 3621 proferre
2499 3551 2584 3607 vel
2612 3553 2964 3607 conscribere
3011 3564 3106 3606 aut
3146 3568 3476 3624 componere
3508 3565 3603 3610 aut

2010 3645 2218 3700 sentire
2273 3655 2371 3700 aut
2417 3645 2558 3700 alios
2601 3645 2836 3710 docere,
2883 3660 2978 3701 eos
3022 3656 3206 3700 autem
3255 3649 3348 3716 qui
3396 3649 3601 3704 audent

2009 3751 2345 3805 componere
2383 3737 2544 3791 tidem
2581 3737 2813 3790 alteram
2848 3745 2944 3790 aut
2976 3737 3224 3807 proferre
3269 3747 3365 3792 aut
3400 3740 3602 3795 docere

2009 3836 2102 3881 aut
2142 3828 2360 3882 tradere
2393 3828 2628 3883 alterum
2663 3828 2974 3899 symbolum
3006 3829 3318 3886 volentibus
3349 3831 3416 3885 ad
3446 3833 3602 3901 agni-

2010 3920 2215 3977 tionem
2240 3922 2487 3978 veritatis
2521 3925 2768 3978 converti
2795 3925 2910 3979 sive
2941 3940 3005 3978 ex
3041 3925 3367 3994 paganismo
3392 3925 3508 3981 sive
3532 3940 3597 3979 ex

2008 4013 2292 4071 Judaismo
2335 4016 2452 4071 sive
2481 4031 2548 4070 ex
2586 4016 2779 4072 haeresi
2809 4032 3160 4088 quacunque,
3203 4018 3339 4084 hos,
3377 4019 3424 4072 si
3476 4019 3598 4087 epi-

2021 4106 2177 4178 εοορί
2213 4107 2416 4162 fuerint
2444 4118 2540 4162 aut
2572 4109 2794 4175 clerici,
2827 4110 3032 4167 alienos
3063 4125 3186 4166 esse
3218 4111 3502 4181 episcopos
3531 4111 3602 4166 ab

2011 4200 2330 4270 episcopatu
2363 4210 2416 4254 et
2453 4201 2688 4256 clericos
2718 4217 2747 4256 a
2782 4201 2952 4266 clero,
2987 4201 3034 4256 si
3062 4218 3192 4258 vero
3222 4203 3482 4258 monachi
3508 4213 3604 4258 aut

2023 4294 2152 4350 laici
2190 4293 2420 4359 fuerint,
2472 4295 2955 4351 anathematizari.
2990 4314 3010 4348 ι

2579 4474 3034 4537 ΒΕΕΠΤΑΤΙΟ.

1930 4557 1984 4617 Ῑ)
2082 4571 2281 4627 XXIX.
2323 4572 2470 4629 Bene
2523 4573 2621 4627 tibi
2675 4575 2778 4642 sit,
2825 4590 2858 4628 ο
2909 4576 3098 4640 homo,
3149 4575 3293 4644 quod
3342 4591 3601 4647 magnum

2012 4663 2273 4721 Basilium
2310 4669 2516 4721 mentis
2543 4667 2802 4723 thalamis
2833 4668 3216 4722 intemeratam
3247 4684 3605 4726 conservasse

2007 4760 2270 4829 pietatem
2334 4759 2526 4814 fateris
2583 4760 2938 4815 etanimam
2997 4777 3124 4815 eum
3197 4777 3363 4818 vocas
3421 4747 3606 4818 divino

2009 4868 2197 4909 amore
2246 4861 2597 4909 aestuantem.
2641 4854 2710 4908 Et
2752 4855 2800 4909 si
2852 4854 2967 4910 haec
3013 4854 3235 4925 quidem
3281 4871 3431 4922 vera,
3477 4867 3607 4912 sunt

2011 4957 2195 5002 autem
2225 4948 2452 5002 omnino
2480 4963 2630 5014 vera,
2665 4963 2776 5004 non
2810 4949 3052 5017 amplius
3087 4949 3182 5003 tibi
3213 4949 3401 5005 licebit
3433 4953 3608 5005 haere-

2009 5055 2133 5096 Seos
2149 5048 2203 5094 et
2228 5039 2524 5108 impietatis
2553 5053 2811 5095 accusare
2850 5039 3152 5108 Romanos,
3191 5057 3316 5098 cum
3373 5059 3607 5113 magnus

2009 5129 2247 5184 Basilius
2302 5130 2510 5185 diserte
2556 5130 2740 5185 tradat
2772 5130 2914 5186 libro
2973 5135 3133 5186 tertio
3170 5145 3362 5188 contra
3412 5133 3599 5187 Euno-

2010 5223 2180 5275 mium
2215 5259 2232 5287 ,
2291 5220 2557 5292 Spiritum
2609 5237 2639 5276 a
2697 5217 2842 5278 Filio
2883 5225 3083 5280 habere
3134 5228 3537 5288 exsistentiam,
3573 5242 3603 5279 a

2008 5311 2157 5368 Filio
2191 5312 2444 5383 accipere
2487 5322 2543 5369 et
2577 5317 2906 5370 annuntiare
2935 5317 3094 5372 nobis
3121 5327 3177 5372 et
3214 5317 3446 5372 omnino
3478 5333 3608 5372 eon-

2011 5420 2218 5460 nexum
2270 5420 2393 5460 esse
2424 5420 2550 5459 cum
2585 5405 2676 5460 illa
2733 5421 2922 5462 causa.
2969 5407 3112 5474 Quid
3152 5422 3283 5461 vero
3332 5407 3431 5460 tibi
3480 5423 3608 5476 pro-

2008 5498 2163 5563 dest,
2219 5497 2266 5553 si
2323 5497 2514 5552 Patres
2566 5497 2925 5569 sibimetipsis
2993 5499 3393 5569 contraponis,
3447 5499 3606 5568 quasi

2009 5591 2286 5646 contraria
2332 5591 2449 5650 sibi
2471 5591 2807 5646 docuerint?
2863 5591 3020 5656 Quod
3051 5590 3197 5645 enim
3234 5590 3358 5646 talis
3383 5599 3438 5645 et
3469 5591 3594 5645 talis

2011 5693 2339 5740 sanctorum
2399 5695 2564 5754 atque
2619 5699 2833 5749 eorum,
2906 5684 2998 5752 qui
3046 5681 3349 5736 Romanam
3411 5688 3595 5738 sedem

2013 5785 2396 5842 exornarunt,
2441 5776 2764 5846 pontiﬁcum
2810 5791 2877 5830 ex
2931 5775 3093 5830 Patre
3162 5775 3425 5846 Spiritum
3476 5791 3606 5832 san-

2023 5883 2178 5930 ctum
2217 5871 2511 5942 procedere
2555 5869 2828 5939 dixerunt,
2862 5883 3048 5925 verum
3076 5879 3158 5928 est
3187 5879 3350 5941 atque
3387 5871 3445 5927 in
3474 5886 3610 5928 cou-
