4042 6414
529 362 560 423 8
600 365 633 425 9
1562 362 1767 424 JOAN.
1813 361 2022 423 VECCl
2062 362 2177 423 CP.

538 491 754 533 Nurum
789 477 1037 548 reliquiis
1063 477 1248 549 pulius
1282 493 1447 548 quem
1484 476 1713 546 imegris
1747 474 2116 547 (corporibus)
2145 466 2196 541 Α

538 570 931 625 miraculorum
978 569 1207 624 virtutes
1252 566 1460 632 adsint,
1508 569 1821 638 respondet,
1866 569 2115 638 utrisque

457 686 464 692 ’
535 679 667 719 sane
692 665 883 717 adesse
912 662 1152 716 divinam
1186 659 1446 730 gratiam,
1487 660 1661 729 magis
1690 670 1874 714 autem
1916 674 2117 728 cpera-

537 760 740 816 tionem
789 753 1001 810 ostendi
1034 755 1087 808 in
1145 752 1357 824 exiguis
1412 752 1770 822 reliquiarum
1827 751 2114 817 frustulis;

539 865 664 902 nam
727 847 794 901 de
827 845 1053 913 integris
1114 859 1278 900 nemo
1331 844 1581 914 ambigit,
1631 844 1765 915 quin
1800 853 2115 899 sanctorum

536 941 753 992 illorum
785 937 915 999 sint,
934 951 1170 1008 quorum
1197 937 1476 1000 dicuntur,
1494 944 1548 990 et
1567 936 1697 1005 quin
1719 935 2118 1006 possintmira-

442 1062 447 1068 -
534 1029 673 1083 culis
706 1043 932 1082 manare
952 1028 1153 1081 intuitu
1189 1027 1558 1098 gloriosarum
1606 1028 1915 1083 animarum
1940 1067 1954 1092 ,
1997 1042 2120 1098 quae

535 1119 589 1172 in
620 1119 729 1173 illis
762 1119 1090 1188 corporibus
1121 1120 1340 1175 labores
1391 1134 1456 1175 ac
1492 1120 1794 1176 certamina
1836 1121 2120 1176 sustinue-

535 1219 698 1276 runt;
732 1226 843 1264 non
889 1211 1263 1280 pauciautem
1322 1211 1686 1268 infirmiorum
1738 1213 1969 1283 exiguas
1997 1212 2119 1267 illas

536 1312 804 1373 spernunt
860 1303 1164 1373 particulas
1214 1303 1545 1372 dubitando,
1605 1320 1674 1362 ne
1713 1304 1855 1361 forte
1895 1305 2118 1361 illorum

544 1396 797 1463 ηοδεὶιιῑ
824 1405 1169 1462 sanctorum,
1188 1411 1427 1466 quorum
1464 1397 1784 1452 nominibus
1812 1398 2122 1466 insigniun-

548 1497 659 1551 tur,
716 1502 853 1540 neve
903 1488 1018 1541 sint
1038 1484 1228 1541 eadem
1280 1488 1451 1558 gratia
1484 1496 1539 1543 et
1587 1488 1792 1544 virtute
1848 1487 2119 1558 praedita;

538 1579 744 1633 idcirco
777 1579 865 1631 ubi
911 1578 1140 1633 dubium
1185 1578 1437 1635 obtinere
1471 1579 1782 1646 videbatur,
1826 1580 1897 1633 ibi
1939 1580 2122 1649 potius

537 1684 705 1735 supra
784 1683 1002 1729 omnem
1058 1685 1209 1740 spem
1256 1671 1808 1740 supersubstautialis
1840 1672 2125 1742 (persona-

537 1760 625 1827 lis)
658 1769 712 1813 et
759 1762 1120 1818 inexhaustus
1153 1764 1423 1834 honorum
1467 1760 1593 1819 fons
1635 1758 1887 1818 uberiora
1915 1771 1971 1817 et
2003 1778 2123 1816 ma-

534 1853 651 1922 jura
678 1852 905 1907 effundit
938 1855 1229 1909 miracula.
1256 1856 1579 1911 Praedictam
1619 1856 1786 1926 igitur
1819 1855 2120 1910 dubitatio-
2151 1859 2191 1915 Β

523 1960 661 2000 οιιοιη
705 1947 864 2010 alter,
901 1957 961 2002 ut
992 1948 1128 2013 dixi,
1176 1947 1367 2002 Latina
1400 1948 1607 2019 lingua,
1650 1949 1791 2002 alter
1824 1947 2012 2002 Graeca
2040 1949 2123 2000 in-

536 2038 953 2107 terpretatione,
1001 2039 1190 2093 multis
1222 2053 1443 2108 quoque
1470 2038 1595 2093 aliis
1638 2038 1900 2093 exhibitis
1950 2038 2123 2108 expli-

535 2129 848 2185 cationibus
909 2129 1001 2183 ubi
1059 2129 1361 2195 solverunt,
1419 2129 1532 2184 haec
1570 2130 1737 2184 verba
1789 2131 1953 2201 paulo
2000 2139 2124 2201 post

541 2219 783 2274 subdunt
816 2236 831 2273 :
867 2208 1176 2274 Paiaclitus
1236 2220 1470 2292 Spiritus
1503 2238 1536 2277 a
1570 2221 1757 2277 ~Patre
1792 2222 2028 2290 procedit
2071 2230 2123 2278 et

537 2310 591 2363 in
630 2310 772 2364 Filio
801 2322 1096 2382 permanet.

613 2588 702 2646 85.
765 2589 989 2645 Sacram
1045 2590 1187 2648 hanc
1228 2590 1536 2648 doctrinam
1592 2591 1832 2649 Joannes
1883 2592 2126 2665 Baptista

541 2688 755 2754 primus
815 2685 868 2738 in
902 2686 1018 2754 lege
1065 2687 1256 2755 gratiae
1314 2686 1649 2752 declaravit,
1713 2686 1782 2740 ab
1829 2686 1948 2755 ipso
1998 2703 2128 2743 vero

542 2777 782 2833 fidelium
836 2777 1133 2832 multitudo
1184 2777 1370 2832 hausit
1407 2790 1461 2833 et
1516 2778 1651 2834 ﬁdes
1708 2780 1975 2835 catholica
2006 2797 2133 2851 per-

542 2879 704 2937 petuo
735 2867 790 2922 in
823 2884 887 2923 ea
920 2869 1207 2938 gloriatur.
1257 2869 1472 2924 Etenim
1503 2871 1593 2925 ille
1623 2873 1786 2928 homo
1838 2889 2132 2944 propemo-

541 2959 668 3014 dum
703 2962 1146 3028 superlmmanus
1182 2960 1385 3016 fontem
1414 2962 1538 3040 vita;
1599 2970 1764 3033 atque
1804 2965 2132 3021 immortali-

545 3054 692 3116 tatis,
726 3051 1043 3117 Dominum,
1086 3052 1326 3107 universi
1359 3054 1510 3110 orbis
1542 3054 1881 3112 conditorem
1911 3058 2131 3112 mundi-

542 3143 647 3213 q’ue
674 3143 1010 3212 eripiatorem
1056 3143 1219 3197 undis
1270 3143 1529 3200 Jordanis
1592 3145 1879 3216 baptizans
1935 3148 2134 3203 caelos-

543 3250 651 3305 que
704 3242 924 3304 apertos
972 3228 1191 3290 intuens
1234 3275 1250 3300 ,
1306 3236 1614 3306 prodigium
1684 3239 1946 3308 prodigiis
1977 3254 2124 3293 emn-

544 3328 853 3398 probatum,
886 3328 940 3380 in
982 3328 1162 3398 specie
1201 3329 1474 3384 columba:
1503 3330 1913 3385 sanctissimum
1958 3330 2132 3402 Spiri-

547 3430 659 3473 tum
687 3418 1112 3473 deseendentem
1148 3420 1325 3485 vidit;
1366 3421 1550 3474 emisit
1575 3429 1755 3475 autem
1790 3437 1977 3478 vocem
2003 3437 2130 3477 vera

547 3507 708 3562 Verbi
749 3510 872 3572 vox,
902 3506 1032 3560 dum
1068 3509 1182 3563 huic
1208 3516 1462 3577 portenta
1492 3509 1626 3562 vidit
1664 3527 1676 3561 :
1711 3507 1830 3562 Vidi
1863 3508 2127 3579 Spiritum

546 3609 801 3670 tanquam
836 3598 1137 3652 columbam
1186 3598 1585 3653 descendentem
1614 3607 1675 3669 et.
1704 3609 2002 3655 manentem
2033 3617 2128 3656 su-

546 3710 639 3764 per
671 3695 866 3762 ipsum.
905 3691 1087 3747 Manet
1112 3692 1278 3762 igitur
1304 3693 1645 3747 descendens
1688 3707 1718 3746 a
1767 3693 1926 3748 Patre
1953 3693 2131 3764 Spiri-

549 3798 635 3841 tus
658 3800 824 3854 super
848 3783 1076 3850 Filium,
1128 3784 1213 3838 vel
1265 3785 1313 3838 si
1357 3783 1552 3849 mavis,
1587 3783 1643 3838 in
1692 3782 1872 3852 Filio;
1922 3788 2128 3841 nullam

2158 3197 2204 3257 C

547 3866 690 3933 enim
724 3877 830 3933 hoc
858 3879 980 3931 loco
1008 3876 1328 3931 varietatem
1361 3875 1668 3930 dill‘erentia
1703 3890 1932 3931 casuum
1965 3876 2130 3931 indu-

546 3972 645 4026 cit.
678 3969 735 4023 Et
768 3969 942 4024 Isaias
977 3969 1241 4039 propheta
1294 3970 1515 4023 coalitus
1562 3968 1759 4022 similia
1804 3968 1889 4023 his
1942 3967 2134 4023 vatici-

550 4077 689 4116 nans
727 4070 782 4115 et
811 4060 1133 4115 vaticinium
1185 4059 1240 4114 in
1292 4059 1494 4115 Christi
1528 4074 1817 4130 personam
1868 4060 2129 4125 referens,

551 4153 783 4221 Spiritus
820 4153 1060 4218 Domini,
1087 4154 1285 4224 inquit,
1321 4171 1478 4223 super
1509 4171 1609 4221 me,
1648 4171 1706 4211 eo
1742 4154 1881 4225 quod
1913 4154 2130 4208 unxerit

551 4247 813 4303 Dominus
855 4264 956 4302 me.
981 4248 1197 4303 Audisti
1229 4248 1528 4317 aliquando
1578 4249 1817 4317 inclytus
1851 4246 1973 4301 illos
2000 4244 2135 4301 Gre-

553 4342 768 4413 gorium
801 4352 853 4396 et
874 4340 1193 4401 Zachariam
1235 4341 1316 4409 (lii
1349 4339 1495 4396 enim
1543 4339 1732 4396 forsan
1767 4341 1943 4409 magis
1972 4346 2163 4413 erunt,

554 4433 788 4504 sppositi
843 4445 948 4489 tuae
1007 4434 1356 4504 impudentia:
1420 4434 1476 4489 in
1538 4434 1923 4489 verecundiam
1971 4432 2133 4488 resti-

557 4530 822 4595 tuendaa),
863 4529 1087 4593 audisti,
1137 4528 1384 4597 inquam,
1419 4526 1545 4583 illos
1591 4537 1923 4592 asserentes,
1960 4524 2134 4596 Spiri-

534 4629 670 4674 'tum
703 4620 756 4673 in
784 4617 926 4673 Filio
957 4634 1214 4686 manere;
1246 4630 1301 4674 et
1323 4618 1599 4688 quomodo
1633 4632 1744 4671 non
1790 4616 1916 4671 inde
1948 4614 2135 4672 confe-

560 4714 686 4766 stim
724 4714 790 4766 ad
823 4711 976 4767 Pauli
1000 4712 1374 4784 commigrasti
1408 4725 1617 4775 vocem,
1654 4724 1766 4780 quo
1811 4709 1946 4764 dicit
1972 4707 2145 4779 Spiri.

562 4814 671 4857 tum
692 4802 825 4859 Filii
848 4806 933 4859 sui
953 4809 978 4862 .’
996 4805 1157 4862 Certe
1178 4807 1299 4862 loco
1322 4804 1605 4874 ellingendi
1632 4815 1997 4859 monstrosam
2025 4816 2148 4873 pro-

561 4897 863 4952 ccssionem
900 4898 1055 4953 facile
1102 4897 1464 4952 intellexisses
1514 4895 1709 4950 merito
1731 4894 1840 4949 dici
1878 4894 2144 4965 Spiritum

561 4989 707 5057 Filii,
736 4991 995 5061 quoniam
1026 4990 1262 5059 Spiritus
1283 4996 1466 5044 manet
1495 4987 1549 5042 in
1577 4986 1737 5042 Filio.
1765 4986 1976 5043 Mansio
1997 4985 2144 5042 enim

562 5083 796 5153 Spiritus
833 5083 886 5137 in
924 5081 1065 5137 Filio
1098 5097 1263 5136 causa
1329 5095 1439 5133 non
1492 5079 1704 5134 occulta
1759 5094 1863 5134 nec
1913 5076 2144 5132 nimium

559 5177 808 5232 abstrusa
866 5174 1050 5238 fuerit,
1105 5186 1205 5229 cur
1259 5172 1476 5228 dicatur
1538 5172 1782 5242 Spiritus
1810 5170 1964 5226 'Filii.
2003 5168 2146 5237 Quid

563 5287 801 5339 namque
826 5269 1052 5340 propius
1083 5266 1493 5336 intelligendum
1528 5267 1754 5323 exhibet
1812 5267 1974 5325 illud.
2001 5267 2150 5335 Apo-

563 5364 689 5418 stoli
716 5361 1109 5423 testimonium,
1166 5358 1429 5429 Spiritum
1482 5377 1706 5416 manere
1757 5361 1813 5415 in
1844 5358 2021 5425 Filio,
2075 5374 2144 5415 ac

566 5455 864 5525 procedere
918 5451 1104 5506 aFilio
1134 5452 1158 5505 ‘t
1190 5450 1303 5506 lmo
1336 5462 1388 5507 et
1450 5453 1564 5508 haec
1617 5453 1732 5523 ipsa
1776 5454 2143 5520 comportatio

638 5613 712 5678 (l)
738 5613 853 5666 Μὲν
883 5612 1060 5668 ontitt.
1092 5612 1210 5671 (Σοί.

536 5732 541 5737 ,
639 5686 713 5755 (gl)
741 5685 874 5755 Περὶ
907 5684 1080 5737 ταῦτα
1099 5684 1226 5755 legit
1253 5688 1368 5744 Col.

641 5753 719 5821 ('5)
773 5753 909 5809 Nota
955 5752 1268 5826 margnfalis
1326 5759 1448 5814 end.
1495 5757 1754 5812 Laurent.
1793 5754 2007 5823 ’Ἕτερα
2031 5752 2149 5826 Ml

575 5823 779 5891 ἑτέρων
827 5823 1177 5881 παντάπασιν
1236 5828 1488 5901 φθέγγῃ·
1541 5829 1639 5898 οὐχ
1685 5826 1829 5881 οὕτω
1872 5828 1982 5896 γὰρ
2033 5825 2150 5877 ἐκεῖ

2218 361 2738 424 ΡΑΤΠΙΑΒΩΗΕ
3680 365 3770 429 8ἷο

2221 475 2499 547 θεοφιλὴς)
2539 476 2973 546 διαπορουμένῳ,
2999 474 3052 528 τί
3080 474 3277 547 δήποτε
3314 477 3524 546 μᾶλλον
3552 478 3631 551 τῷ
3661 481 3776 553 βρα-

2216 568 2304 638 χεῖ
2333 567 2443 641 τῶν
2470 568 2643 636 ἁγίων
2671 567 2940 638 λειψάνων
2967 567 3000 639 ἦ
3036 569 3149 631 τοῖς
3177 569 3505 641 ὁλοκλήροις
3533 572 3640 626 τῶν
3666 574 3781 628 θαυ-

2221 639 2407 729 μάτων
2435 661 2691 731 πάρεισιν
2724 662 2780 714 αί
2810 660 3088 730 δυνάμεις,
3122 660 3291 730 ἄμφω
3478 663 3632 718 λύσιν
3659 667 3778 722 ἐπά-

2217 769 2302 821 γει
2329 755 2427 825 τῆς
2451 754 2600 819 θείας
2624 755 2847 826 χάριτος
2872 756 3189 817 ἀπολαύειν,
3216 755 3422 826 μᾶλλον
3447 756 3506 810 δὲ
3527 756 3625 829 τὴν
3644 760 3778 827 ἐνέρ-

2217 861 2375 913 γειαν
2406 844 2813 898 ἐπιδείκνυσθαι
2836 845 2913 915 τῷ
2941 844 3170 915 βραχεῖ’
3202 843 3396 916 ἐπειδὴ
3428 847 3561 917 περὶ
3591 846 3685 917 μὲν
3715 846 3781 918 (l)

2218 936 2330 990 τῶν
2387 936 2703 1009 ὁλοκλήρων
2757 937 2936 991 οὐδενὶ
2994 937 3337 991 διανίσταται
3388 937 3673 1006 λογισμὸς,
3717 941 3782 1011 μὴ

2218 1029 2329 1081 τῶν
2367 1029 2563 1097 ἁγίων,
2596 1023 2674 1097 ὧν
2718 1030 2958 1098 λέγεται,
2992 1025 3153 1094 εἶναι,
3207 1028 3317 1082 οὐδ’
3368 1028 3455 1082 ὅτι
3490 1029 3570 1100 μὴ
3618 1030 3784 1101 βρύειν

2223 1119 2400 1174 ταῦτα
2430 1120 2654 1174 δύναται
2682 1121 2978 1190 θαυμάτων
3012 1120 3309 1192 ἐπιστασίᾳ
3340 1121 3456 1174 τῶν
3479 1122 3784 1179 καλλινίκιυν

2219 1210 2432 1280 ψυχῶν,
2465 1210 2526 1264 αϊ
2551 1214 2664 1275 τοῖς
2692 1212 2801 1265 τῶν
2852 1200 3123 1282 σώματων
3172 1211 3580 1283 συνδιήθλησαν
3631 1215 3785 1283 ἀγῶσι

2220 1303 2314 1356 καὶ
2339 1303 2545 1367 πόνοις·
2571 1306 2670 1357 οὐκ
2688 1304 2893 1373 ὀλίγοις
2910 1303 2966 1358 δὲ
2989 1304 3097 1357 τῶν
3114 1303 3519 1375 ἀσθενέστερον
3540 1304 3702 1359 ταῦτα
3719 1307 3783 1377 (2)

2220 1393 2579 1464 διακειμένων
2634 1395 2713 1465 τῷ
2745 1393 3033 1465 δισταγμῷ
3063 1394 3123 1447 τὸ
3173 1394 3353 1465 βραχὺ
3389 1395 3783 1466 καθυϐρίζεται,

2220 1484 2416 1554 ὅτιπερ
2471 1484 2646 1551 ἁγίων
2679 1486 2778 1538 οὐκ
2812 1482 2980 1548 ἔστιν,
3040 1483 3134 1553 ἀφ’
3185 1477 3262 1536 ὧν
3293 1483 3677 1552 ὀνομάζονται,
3707 1483 3785 1536 καὶ

2221 1576 2304 1630 ὅτι
2339 1576 2417 1647 μὴ
2446 1575 2545 1647 τῆς
2591 1574 2764 1646 αὐτῆς
2794 1577 2889 1629 καλ⁵
2936 1573 3115 1628 ταῦτα
3165 1575 3533 1641 καταειοῦται
3587 1575 3784 1646 χάριτός

2222 1684 2283 1720 τε
2336 1668 2432 1720 καὶ
2467 1667 2871 1737 ὲπιφοιτήσεως
2896 1681 2911 1696 ⁸
2957 1666 3046 1720 διὰ
3078 1666 3236 1720 τοῦτο
3295 1666 3501 1736 μᾶλλον
3534 1668 3590 1720 ὲν
3620 1665 3696 1731 of;
3734 1668 3781 1721 τὸ

2225 1756 2525 1828 ἀμφίὸολον
2577 1756 2753 1811 ἐδόκει
2783 1757 3031 1827 κρατεῖν,
3063 1755 3121 1808 ὲν
3144 1754 3383 1820 ἐκείνοις
3432 1757 3572 1828 ὑπὲρ
3617 1757 3782 1811 ἐλπίδα

2227 1849 2409 1902 πᾶσαν
2434 1848 2513 1918 τῷ
2544 1865 2605 1901 τε
2637 1845 2834 1918 πλήθει
2872 1847 2970 1901 καὶ
2998 1847 3219 1918 μεγέθει
3242 1849 3279 1920 ἡ
3310 1849 3680 1913 ὲνυπόστατας
3706 1851 3783 1903 καὶ

2227 1939 2500 2002 ἀκένωτος
2548 1936 2700 2011 πηγὴ
2733 1939 2843 1992 τῶν
2899 1937 3126 2008 ἀγαθῶν
3159 1938 3243 2002 είς
3299 1939 3365 1993 τὸ
3426 1938 3783 2010 δαψιλέστερον

2227 2028 2464 2099 πηγάζει
2498 2027 2568 2082 τὰ
2626 2030 2902 2099 θαύματα.
2957 2028 3068 2099 Τὴν
3100 2024 3197 2083 οὖν
3238 2029 3545 2101 εἰρημένην
3576 2030 3782 2101 ἀπορίαν

2226 2122 2256 2174 6
2284 2123 2401 2191 μὲν,
2451 2120 2527 2185 ὼς
2561 2120 2733 2193 ἔφθην
2766 2120 2960 2191 εἰπὼν,
2989 2122 3259 2187 Λατινίδι,
3306 2128 3336 2178 6
3367 2124 3425 2178 δὲ
3458 2124 3526 2178 δι’
3569 2118 3783 2195 Ἐλληνί-

2228 2212 2318 2277 δος
2348 2213 2649 2284 ἑρμηνείας
2709 2215 2848 2284 μετὰ
2905 2215 3003 2268 καὶ
3064 2213 3282 2269 πολλῶν
3348 2216 3529 2273 ἄλλων
3554 2216 3779 2289 προδιευο

2230 2306 2620 2377 κρινηθέντων
2647 2306 3041 2378 ὲπιλυσάμενος
3101 2302 3206 2363 ὧδέ
3269 2327 3393 2374 πως
3452 2309 3569 2381 μετ’
3627 2310 3780 2379 ὀλίγον

2230 2400 2427 2468 ἐπάγει
2455 2414 2469 2429 ο
2524 2398 2596 2453 Τὸ
2651 2398 3053 2469 Παράκλητον
3114 2403 3368 2481 Πνεῦμα
3425 2404 3533 2459 τοῦ
3576 2400 3778 2471 Πατρός

2230 2491 2581 2562 προέρχεται
2604 2493 2701 2547 καί
2727 2492 2797 2546 ἐν
2820 2491 2901 2558 τῷ
2926 2493 3037 2560 mp
3065 2493 3336 2564 διαμένει
3361 2498 3460 2569 (5).

2312 2591 2419 2639 ns‘.
2449 2582 2669 2654 Ταύτην
2698 2585 2799 2655 τὴν
2830 2585 3133 2656 ἱερολογίαν
3161 2589 3190 2642 ό
3224 2589 3538 2661 πρόδρομος
3566 2589 3658 2659 μὲν
3693 2586 3777 2641 τῶν

2235 2677 2294 2730 ὲν
2344 2679 2410 2748 τῇ
2445 2675 2629 2748 χάριτι
2657 2677 2877 2748 πρῶτος
2915 2678 3127 2743 ἀνεῖπε,
3180 2679 3302 2733 τῶν
3330 2679 3540 2735 πιστῶν
3588 2679 3641 2732 δὲ
3671 2677 3776 2750 παρ’

2234 2760 2400 2821 αὐτοῦ
2430 2767 2494 2821 τὸ
2537 2768 2740 2839 πλῆθος
2776 2768 3012 2840 ἐμυήθη,
3041 2770 3138 2824 καὶ
3168 2771 3202 2842 ἡ
3237 2771 3495 2827 εὐσέϐεια
3523 2769 3777 2831 διαπαντὸς

2233 2862 2426 2933 ὁρᾶται
2460 2863 2636 2949 ταύτῃ
2658 2862 3111 2935 λαμπρυνομένη.
3148 2867 3267 2919 Καὶ
3298 2868 3409 2938 γὰρ
3441 2868 3638 2927 ἐκεῖνος
3659 2866 3684 2919 ό
3707 2880 3777 2934 μι-

2237 2955 2368 3029 κροῦ
2398 2955 2504 3010 δέω
2523 2956 2689 3027 φάναι
2715 2956 2857 3027 ὑπὲρ
2881 2958 3168 3026 ἄνθρωπον
3194 2959 3495 3031 ἄνθρωπος
3509 2959 3603 3030 τὴν
3626 2956 3776 3027 πηγὴν

2234 3048 2344 3115 τῆς
2366 3046 2512 3133 ζωῆς
2543 3048 2637 3101 καὶ
2661 3049 2761 3119 τῆς
2785 3048 3109 3115 ἀθανασίας,
3141 3049 3243 3104 τὸν
3272 3051 3368 3108 τοῦ
3393 3052 3586 3117 παντὸς
3603 3048 3778 3103 Δεσπό·

2241 3158 2339 3212 την
2373 3140 2469 3195 καὶ
2498 3142 2879 3211 Δημιουργδν,
2903 3142 2966 3195 τὸ
2999 3141 3096 3196 τοῦ
3136 3143 3360 3212 κόσμου
3385 3145 3666 3216 καθάρσιον
3692 3142 3779 3214 ῥεί-

2236 3232 2387 3303 θροις
2419 3233 2697 3304 βαπτίζων
2738 3233 3005 3305 Ἰορδάνου
3041 3238 3137 3289 καὶ
3185 3240 3326 3303 τοὺς
3371 3239 3625 3309 οὐρανοὺς
3660 3234 3775 3308 ὀρῶν

2234 3326 2636 3397 ἀνεῳγμένους,
2693 3325 2883 3399 θαῦμα
2941 3328 3189 3398 θαύμασι
3242 3332 3695 3404 μαρτυρούμενον,
3725 3331 3769 3379 ἐν

2235 3419 2367 3472 εῖδει
2399 3419 2501 3489 μὲν
2536 3420 2872 3490 περιστερᾶς
2926 3420 2988 3474 τὸ
3027 3421 3306 3492 πανάγιον
3341 3423 3562 3483 Πνεῦμα
3602 3435 3769 3487 καταρο

2238 3510 2474 3580 χόμενον
2504 3509 2771 3564 ἐθεάσατο
2791 3525 2806 3540 °
2839 3512 3023 3582 ἀφῆκε
3071 3512 3130 3566 δὲ
3180 3516 3372 3587 φωνὴν
3403 3517 3436 3587 ἡ
3474 3511 3670 3581 άληθῶς
3694 3508 3767 3562 τοῦ

2238 3604 2413 3671 Λόγου
2471 3602 2625 3674 φωνὴ
2670 3604 2729 3657 ὲν
2784 3603 2863 3673 τῷ
2910 3605 3045 3675 ὀρᾷν
3092 3605 3165 3659 τὰ
3223 3608 3430 3673 ἀθέατα
3457 3624 3472 3639 ·
3528 3601 3689 3661 Εἶδον
3716 3598 3768 3652 τὸ

2208 3690 2487 3766 ’Πνεῦμα
2514 3695 2884 3752 καταϐαῖνον
2904 3696 3049 3751 ὡσεί
3094 3699 3459 3771 περιστερὰν
3502 3699 3593 3753 καί
3615 3695 3771 3767 μένον

2235 3789 2330 3843 ἐπ’
2358 3790 2567 3844 αὐτόν.
2601 3789 2772 3844 Μένει
2805 3791 2988 3845 τοίνυν
3019 3792 3357 3851 καταϐαῖνον
3407 3791 3513 3847 ἀπὸ
3544 3787 3633 3844 τοῦ
3679 3787 3767 3840 Ila-

2236 3882 2366 3954 τρδς
2400 3882 2461 3937 τὺ
2496 3884 2847 3953 Πνεῦμα.ὲπὶ
2886 3882 2984 3937 τὸν
3026 3884 3157 3937 Υίόν
3191 3902 3211 3918 ·
3250 3887 3301 3939 εί
3354 3884 3527 3956 βούλει
3575 3880 3646 3943 δὲ,
3695 3873 3767 3929 καὶ

2238 3975 2296 4027 ὲν
2324 3973 2404 4045 τῷ
2455 3974 2606 4045 Υίῷ,’
2646 3973 2907 4044 οὐδεμίαν
2951 3972 3060 4046 γὰρ
3105 3970 3349 4030 ἐνταῦθα
3396 3962 3763 4046 παραλλαγὴνίί

2236 4067 2349 4120 τῶν
2390 4068 2653 4122 πτώσεων
2691 4070 2906 4136 εἰσάγει
2936 4070 3200 4142 διαφορά.
3236 4071 3344 4124 Καὶ
3377 4071 3405 4123 6
3433 4065 3693 4140 προφήτης
3723 4053 3767 4108 δὲ

2254 4161 2485 4225 Ἡσαΐας
2522 4161 2731 4216 ἄνωθεν
2770 4162 2841 4216 τά
2890 4163 3257 4235 παραπλήσια
3287 4156 3661 4234 χρησμολογῶν
3692 4144 3767 4204 καὶ

2239 4255 2333 4307 τὸν
2385 4254 2637 4324 χρησμὸν
2689 4256 2771 4318 είς
2832 4254 3128 4332 πρόσωπον
3177 4256 3470 4326 ἀναφέρων
3521 4240 3761 4319 Χριστοῦο

2241 4346 2485 4415 Πνεῦμα
2537 4347 2783 4415 Κυρίου,
2846 4349 3036 4417 φησὶν,
3089 4347 3188 4401 ἐπ’
3240 4348 3380 4418 ἐμέ·
3447 4338 3517 4400 οὗ
3572 4339 3763 4394 εἵνεκεν

2240 4436 2450 4506 ἐκρισέ
2498 4453 2600 4507 μευ
2656 4436 2940 4502 Ἧκουσάς
2993 4455 3126 4494 ποτε
3158 4440 3273 4494 τῶν
3306 4434 3529 4493 κλεινῶν
3576 4426 3759 4507 ἐκείνων

2166 4558 2216 4618 D
2242 4506 2546 4600 Ιςρηγορίου
2585 4528 2617 4599 ἢ
2654 4529 2927 4599 Ζαχαρίου
2963 4528 3128 4603 (τάχα
3160 4532 3270 4600 γάρ
3304 4545 3398 4582 σου
3434 4520 3621 4618 μᾶλλον
3641 4506 3764 4618 ,οὗτοι

2243 4619 2304 4673 τὸ
2328 4618 2546 4683 ἀναιδὲς
2574 4618 2886 4673 διαλύουσιν
2935 4620 3015 4684 είς
3055 4620 3212 4690 αὶδώ)
3237 4637 3251 4651 ι
3283 4618 3516 4690 ἦκουσας
3542 4605 3766 4676 λεγόντων

2246 4709 2428 4764 αὐτῶν
2454 4726 2469 4741 ο
2503 4710 2576 4764 Τὸ
2614 4711 2840 4781 Πνεῦμα
2867 4712 2926 4766 ὲν
2954 4713 3033 4783 τῷ
3072 4713 3188 4783 Υίῷ
3217 4713 3369 4785 μένει
3394 4726 3408 4741 ο
3441 4705 3530 4760 καὶ
3561 4699 3663 4755 πῶς
3689 4690 3766 4745 εἶθ’

2247 4801 2343 4866 θὺς
2372 4802 2474 4856 οὐκ
2503 4802 2804 4873 ἁνέδραμες
2841 4804 3055 4870 ἐκεῖθεν
3087 4806 3169 4870 είς
3201 4805 3303 4876 τὴν
3329 4800 3423 4856 τοῦ
3453 4793 3647 4851 Παύλου
3674 4800 3766 4876 φωτ

2248 4894 2365 4965 νὴνι
2401 4894 2469 4948 δι’
2494 4889 2564 4966 ἧς
2603 4871 2756 4965 φησι.
2796 4896 2868 4950 Τὸ
2906 4897 3152 4967 Πνεῦμα
3190 4871 3298 4952 τοῦ
3327 4890 3461 4949 Υἱοῦ
3486 4871 3765 4967 aurai},st

2247 4962 2370 5041 ἀντὶ
2400 4989 2495 5042 τοῦ
2519 4962 2915 5059 ’τερατολογεῖν
2951 4990 3050 5062 τὴν
3066 4962 3403 5061 νὲκπόρευσιν
3422 4979 3677 5065 Bavium;
3700 4962 3765 5065 είς

2248 5079 2308 5133 τὸ
2337 5081 2503 5147 νοεῖν,
2531 5080 2606 5143 ὡς
2644 5081 2766 5133 ἐπεὶ
2796 5081 2858 5134 τὸ
2891 5059 3118 5151 Πνεῦμα
3150 5059 3301 5153 μένει
3340 5078 3398 5129 ἐν
3439 5069 3514 5140 τῷ
3559 5059 3676 5153 Titi).
3698 5059 3762 5152 εξο

2252 5168 2429 5232 κότως
2467 5170 2533 5229 ἂν
2561 5169 2776 5239 λέγοιτο
2806 5172 2866 5224 τὸ
2898 5149 3123 5243 Πνεῦμα
3151 5149 3257 5224 ⁷τοῦ
3305 5163 3467 5227 Tim};
3512 5156 3567 5210 ἸΙ
3596 5149 3690 5248 γὰρ

2249 5261 2326 5332 τῷ
2354 5262 2468 5333 Υἱῷ
2500 5263 2597 5316 τοῦ
2630 5264 2946 5334 Πνεύματος
2982 5266 3117 5339 μονὴ
3171 5261 3318 5319 αίτία
3365 5257 3429 5311 ἂν
3455 5250 3549 5306 οὐκ

2251 5358 2339 5428 εἴη
2371 5357 2492 5409 οὐδὲ
2527 5358 2618 5411 διὰ
2654 5333 2786 5426 βίας
2806 5333 3019 5427 ἄγουσα
3047 5333 3180 5431 πρὸς
3207 5349 3375 5408 πειθὼ
3400 5340 3549 5400 διὰτί
3577 5333 3760 5431 itif?"

2248 5419 2567 5519 sb'ﬂveﬁpa
2597 5419 2693 5504 τοῦ
2725 5419 2892 5503 fimi"
2930 5419 3108 5505 ποῖον’
3143 5419 3249 5520 γὰρ
3283 5439 3560 5511 ἐγγύτερον
3592 5425 3620 5492 ἡ
3646 5419 3755 5470 dm.

2251 5609 2479 5689 ξιεῖνται,
2500 5681 2512 5689 ⁸
2542 5580 3035 5689 ἀλλᾲθᾷιᾳρέήξην
3052 5607 3222 5689 findi
3254 5594 3464 5689 φηῖῖξῗέέ
3478 5575 3756 5689 {inﬁgi

2542 5646 2678 5663 ..ηπ
3478 5646 3756 5711 amem

2250 5681 2314 5764 é>5
2347 5681 2667 5764 "sedvel
2691 5681 3159 5764 Υίου.τδ.ι].ιευμξ
3185 5679 3609 5764 έ.κῑτ⁰ξὶξ¹.;ῗη,ε.ν
3630 5710 3758 5764 5m-

2252 5737 2575 5816 αὑταῖςξκοίὶ
2595 5742 2844 5821 εἴσεταιρ
2870 5751 2934 5805 τὰ
2951 5737 3228 5822 Ῥωμαῖκὰ
3252 5737 3609 5806 ἀναγινώσκειν
3630 5737 3675 5764 υ·

2256 5838 2413 5892 μενος
2441 5824 2766 5895 γράμματα.
