4042 6440
460 370 576 433 ’843
1495 377 1705 439 JOAN.
1752 377 1966 439 VEL‘CI
2005 378 2113 440 CP.
2154 379 2667 445 PATRIARCIMI

3604 396 3722 461 8H

470 486 685 543 ncdius
743 487 885 543 inter
948 489 1047 545 hos
1096 490 1303 545 chorus
1344 492 1686 561 pontiﬁcum,
1724 494 1820 563 qui
1868 495 2009 549 sacri

2112 544 2116 556 _
2145 493 2321 550 λονότι
2353 497 2446 549 καὶ
2473 498 2502 549 6
2546 498 2715 567 μέσον
2749 498 2953 569 ἀμφοῖν
2984 503 3145 575 χορὸς
3179 506 3322 574 ίερέις
3368 508 3507 563 κατά
3539 509 3720 567 διαδο-

468 577 730 633 [toniauaa
784 579 1041 634 Ecclesia:
1096 580 1287 638 infulis
1341 598 1438 651 per
1469 587 2009 655 successionemprm

2142 587 2245 657 χὴν
2272 587 2381 640 τῶν
2411 588 2704 661 ῖεμτικῶν
2737 591 2835 660 τῆς
2881 592 3100 665 Ῥώμης
3130 598 3461 668 προστάντες
3499 600 3722 672 Θεσμῶν

468 669 712 735 fuerunt,
744 669 993 724 eamdem
1034 670 1154 726 sine
1179 672 1288 727 ulla
1323 673 1678 731 innovatione
1711 677 2009 745 praedicaba

2139 680 2435 750 τὴν-αὐτὴν
2461 683 2910 753 ἀκαινοτομήτως
2935 687 3269 758 ἐπρέσϐευόν
3305 707 3366 743 τε
3404 692 3500 745 καί⁵
3541 669 3721 749 συνδι-

463 771 517 812 et
547 757 768 814 fovebat
789 760 986 826 tidem;
1015 761 1085 816 ab
1123 764 1384 819 extremis
1415 768 1559 819 enim
1613 769 1791 821 media
1844 782 2005 836 quem

2118 771 2576 826 αέθαλπονπίστιν
2594 790 2607 805 ·
2642 774 2748 829 ὑπὸ
2772 777 2878 848 γὰρ
2896 757 3218 852 τῶνγάκρων
3245 781 3323 837 τά,
3347 781 3495 853 μέςια
3523 785 3719 856 ὥσπερ

464 850 759 904 admodum
783 851 1142 908 continentur
1161 863 1217 911 et
1247 858 1723 927 communiuntur,
1758 860 1832 914 ita
1867 860 2032 914 etiam

460 942 877 997 constituuntur
902 954 958 998 et
993 945 1331 1016 diriguntur.
1365 946 1691 1019 Quanquam
1725 950 1769 1005 si
1794 949 1917 1020 quis
1945 963 2035 1005 re-

426 1035 756 1090 .tustiorum
807 1037 1285 1106 et'posteriorum
1346 1050 1662 1096 sanctorum
1711 1042 1767 1095 in
1810 1057 2031 1098 sensum

463 1126 706 1183 alienum
740 1126 1030 1183 deﬂexisse
1061 1129 1521 1199 deprehendatur,
1556 1133 1603 1188 is
1624 1133 1761 1186 citra
1780 1132 2029 1198 dubium,

436 1224 585 1272 dum
614 1234 674 1275 se
701 1220 771 1275 ab
800 1219 1022 1275 illorum
1063 1221 1289 1276 divulsit
1320 1223 1445 1289 ﬁde,
1482 1224 1555 1278 ab
1578 1225 1772 1279 ordine
1809 1240 2033 1295 quoque

439 1312 617 1381 latque
654 1313 857 1367 throno
890 1312 1311 1382 et’pontiticatu
1363 1316 1717 1385 semetipsum
1776 1317 2027 1371 exscidit.

452 1402 527 1457 Ita
580 1396 747 1473 igitur
802 1413 1228 1458 memoratorum
1296 1413 1611 1460 sarrctorutn
1678 1416 1855 1462 coetus
1918 1415 2027 1461 tota

449 1495 561 1549 vita
597 1495 851 1565 pietatem
887 1495 1138 1550 tuebatur
1171 1531 1188 1549 .

504 1679 610 1734 -87.
656 1679 727 1735 At
776 1679 996 1749 ignoras
1030 1691 1215 1736 vetera
1281 1691 1534 1752 pigetque
1573 1690 1625 1737 te
1663 1690 1882 1738 tuorum
1920 1681 2024 1738 Pa-

2138 862 2269 931 ρᾷον
2296 861 2577 933 συνέχεται
2604 866 2696 918 καὶ
2725 869 3209 937 συναπαρτίζεται,
3233 870 3377 926 οὕτω
3400 879 3721 945 συγκροτε-

2133 968 2227 1006 ται
2252 953 2350 1005 καὶ
2379 956 3132 1022 συγκατευθύνεται.ιΚαίτοι
3166 978 3230 1030 γε
3264 964 3318 1016 εἴ
3357 981 3444 1027 τις
3486 967 3597 1019 τῶν
3644 986 3709 1020 τε

2134 1041 2458 1111 φθασάντων
2482 1045 2578 1098 καὶ
2607 1042 2718 1099 τῶν
2749 1048 3238 1119 ἑπομένωνυάγίων
3279 1054 3512 1125 ,ἀνδρῶν
3570 1058 3719 1126 πρὸς

2120 1128 2414 1216 ἀλλότριον
2445 1132 3081 1216 ἀποκλίνων,φο›ραθείη
3116 1142 3396 1211 φρόνημα,
3439 1145 3541 1196 οὐκ
3568 1146 3712 1216 ἀδη-

2133 1213 2223 1278 λός
2258 1217 2431 1279 ἐστιν,
2464 1217 2540 1282 ὡς
2585 1220 2644 1273 ὲν
2681 1214 2726 1287 ᾧ
2787 1223 2889 1292 τῆς
2912 1225 3169 1279 ⁵ἐκείνων
3202 1228 3419 1282 ἑαυτὸν
3450 1213 3716 1304 διέρρηξε

2130 1304 2390 1370 πίστεως,
2425 1308 2484 1359 ἐν
2510 1308 2687 1380 τούτῳ
2729 1312 2824 1364 καὶ
2871 1313 2965 1367 τοῦ
3009 1316 3175 1385 χοροῦ
3226 1319 3326 1372 καὶ
3363 1320 3455 1374 τοῦ
3514 1325 3719 1395 θρόνου

2129 1395 2229 1447 καὶ
2246 1395 2345 1467 τῆς
2370 1398 2777 1471 ἀρχιερωσύνης
2800 1404 3401 1481 ἑαυτὸν-συνεξέτεμεν.·
3423 1413 3579 1468 Οὕτω
3604 1418 3719 1485 μὲν

2127 1483 2223 1573 οὖν
2251 1489 2358 1543 τῶν
2387 1490 2699 1562 εἰρημένων
2724 1494 3142 1570 ἁγίων-ἀνδρῶν
3171 1502 3388 1573 δχορδς
3433 1506 3494 1559 ἐν
3548 1483 3720 1562 εὐσε-

2127 1571 2253 1646 ϐείᾳ
2279 1574 2373 1628 τὸν
2401 1576 2518 1646 βίον
2551 1579 2673 1633 ὅλον
2700 1583 3077 1651 διεφύλαττεν.

2202 1664 2310 1729 πζ’.
2353 1668 2494 1722 Ἀλλ’
2522 1671 2737 1739 ἀγνοεῖς
2759 1675 2826 1727 τὰ
2855 1676 3084 1745 παλαιὰ,
3117 1681 3212 1735 καὶ
3239 1682 3398 1736 ὄκνον
3424 1684 3568 1755 ἔχεις
3594 1688 3718 1742 τῶν

447 1780 588 1825 trum
634 1780 691 1826 et
738 1786 927 1826 revera
977 1771 1199 1826 Patrum
1259 1773 1585 1827 sententiam
1643 1772 2009 1842 perscrutari!

2130 1757 2240 1811 σῶν
2272 1758 2538 1831 Πατέρων
2565 1763 2665 1816 καὶ
2708 1764 3025 1834 ώςάληθῶς
3075 1771 3335 1840 Πατέρων
3364 1775 3715 1847 ἀναθεωρεῖν

444 1861 788 1933 Nuperrime,
823 1864 1065 1919 nondum
1100 1864 1263 1920 'enim
1294 1866 1532 1921 secunda
1571 1865 1850 1936 generatio
1882 1880 2009 1936 prte-

2122 1850 2181 1902 τὸ
2206 1852 2461 1924 φρόνημα
2481 1873 2496 1921 ;
2519 1857 2682 1923 Χθὲς,
2707 1858 2803 1911 καὶ
2824 1859 2977 1914 οὐπω
2995 1837 3412 1935 δευτέρανγενεά
3430 1837 3715 1938 παρῆλθε,

445 1958 617 2024 teriit,
664 1956 779 2013 Leo
815 1957 1361 2023 ille-celeberrimus,
1399 1959 1496 2028 qui
1542 1968 1598 2012 et
1616 1958 2017 2014 miraculorum

441 2050 616 2121 gloria
650 2051 871 2116 claruit,
901 2064 1120 2104 omnem
1153 2051 1409 2104 omnibus
1436 2050 1760 2106 exscindens
1802 2050 2019 2106 haereti-

441 2150 951 2212 cuntpmtextum,
986 2141 1247 2211 quoniam
1295 2155 1507 2195 sacram
1543 2140 1763 2197 Patrum
1796 2153 2019 2198 nostro-

439 2248 564 2288 rum
593 2232 896 2289 doctrinam
926 2232 1222 2288 enuntians
1247 2234 1318 2288 ob
1336 2233 1540 2302 lingua:
1568 2234 1719 2289 illius
1747 2234 2013 2304 inopiam,

437 2339 563 2395 qua:
594 2340 714 2381 non
738 2340 893 2395 atque
920 2324 1029 2382 late
1076 2338 1141 2380 ac
1167 2323 1355 2381 Graeca
1395 2334 1562 2395 patet,
1602 2341 1721 2381 non
1745 2341 1881 2396 pure
1916 2342 2019 2382 nec

438 2404 657 2473 sincere
696 2432 800 2472 nec
837 2417 1085 2487 apposite
1135 2417 1332 2472 Latina
1388 2433 1522 2486 gens
1560 2418 1749 2473 -verba
1791 2419 2016 2488 aptabat

436 2510 625 2565 sensui
650 2510 944 2581 multisque
979 2511 1259 2581 praihebat
1281 2511 1424 2566 circa
1476 2511 1644 2567 ﬁdem
1679 2510 2015 2568 diversitatis

435 2602 805 2671 suspicionem
875 2602 1046 2658 nimia
1104 2603 1196 2657 illa
1227 2604 1513 2658 nominum
1577 2603 1831 2673 angustia
1895 2620 2010 2660 non

433 2694 706 2751 sulliciens
735 2695 1069 2765 explicandae
1115 2695 1181 2750 ad
1214 2696 1478 2750 amussim
1515 2694 1823 2759 sententiae,
1877 2710 2008 2764 pro-

443 2798 629 2857 pterea
681 2788 899 2843 divinus
935 2788 1025 2844 ille
1069 2787 1615 2856 sapientissimusque
1661 2786 1744 2840 vir
1789 2786 1845 2841 in
1895 2787 2016 2841 ani-

432 2894 582 2933 mimi
619 2880 836 2935 induxit
887 2895 1048 2937 suum
1101 2910 1170 2922 —
1204 2879 1392 2949 (causa
1451 2887 1663 2944 autem,
1702 2892 1801 2932 cur
1846 2878 1902 2932 id
1958 2878 2015 2932 in

408 2972 674 3026 animum
715 2970 1012 3035 induxerit,
1065 2979 1265 3039 praeter
1317 2969 1455 3036 jam
1492 2969 1637 3025 dicta
1689 2968 1791 3025 fuit
1847 2970 2013 3024 etiam

432 3063 668 3119 ‘llml‘eSiS
696 3062 811 3128 illa,
845 3077 968 3128 quae
994 3075 1138 3115 nunc
1163 3060 1341 3130 palam
1369 3067 1423 3114 et
1453 3070 1641 3129 aperte
1664 3059 2012 3131 praedicatur,

2117 1942 2272 1998 Λέων
2300 1946 2508 2032 ἐκεῖνος
2540 1949 2568 2000 6
2618 1949 2989 2022 περιώνυμος,
3034 1954 3063 2006 6
3119 1956 3213 2008 καὶ
3248 1956 3524 2029 θαύμασιν
3559 1961 3716 2032 ἔχων

2118 2033 2267 2087 ἔστιν
2295 2029 2376 2101 οἷς
2401 2036 2848 2110 ὲνσεμνύνεσοαι,
2886 2045 3071 2099 πᾶσαν
3099 2047 3357 2104 ἀπάντων
3401 2051 3706 2106 ἐκκόπτων

2094 2129 2404 2198 -πρόφασιν
2455 2131 2744 2204 αἱρετικήν
2772 2150 2790 2168 ο
2821 2136 3055 2207 ἐπείπερ
3102 2140 3164 2194 τὸ
3188 2141 3346 2211 ίερὸν
3378 2142 3492 2196 τῶν
3524 2146 3714 2198 [Ιατέ-

2085 2276 2096 2287 ,
2119 2236 2229 2290 ρων
2251 2220 2409 2291 ἡμῶν
2436 2223 2669 2294 μάθημα
2706 2226 2967 2292 πολλάκις
2999 2231 3028 2301 ή
3076 2234 3299 2296 Δατινὶς
3325 2234 3711 2307 φθεγγομένη,

2117 2310 2204 2365 διά
2236 2314 2296 2365 τδ
2323 2314 2421 2384 τῆς
2453 2315 2637 2385 φωνῆς
2657 2317 2835 2382 ἐνδεές
2856 2337 2917 2373 τε
2944 2322 3042 2374 καὶ
3081 2321 3162 2393 τῷ
3193 2324 3392 2381 πλάτει
3420 2327 3525 2396 τῆς
3566 2328 3702 2382 Ἐλ-

2116 2404 2332 2475 ληνίδος
2358 2406 2434 2478 μὴ
2475 2412 3019 2481 συνεπεκτείνεσθαι,
3044 2419 3106 2470 οὐ
3144 2417 3406 2489 καθαρῶς
3431 2419 3538 2472 οὐδ’
3564 2419 3709 2472 εἱλι-

2090 2499 2323 2568 κρινῶς
2357 2499 2480 2553 οὐδὲ
2510 2502 2636 2572 περὶ
2681 2503 2817 2556 πόδα
2847 2506 2972 2569 τοὺς
3020 2507 3215 2576 λόγους
3258 2511 3470 2580 ἥρμοζε
3499 2510 3580 2581 τῷ
3608 2529 3704 2566 νο-

2117 2589 2294 2660 ήματι
2329 2591 2421 2644 καὶ
2456 2592 2673 2656 πολλοῖς
2718 2598 2950 2667 παρεῖχε
2986 2600 3116 2669 περὶ
3151 2601 3253 2672 τὴν
3290 2604 3478 2657 πίστιν
3508 2606 3704 2674 ἑτερο-

2118 2682 2386 2752 θρηκείας
2413 2683 2679 2755 ὑπόληψιν
2697 2688 2807 2742 τῶν
2842 2688 3130 2759 ὀνομάτων
3155 2694 3188 2762 ἡ
3219 2696 3576 2765 στενοχωρία,
3615 2697 3699 2767 μὴ

2114 2773 2428 2841 ὲξαρκοῦσα
2460 2774 2840 2847 διερμηνεύειν
2859 2781 2960 2851 τῆς
2987 2782 3351 2856 διανοίαςντὴν
3378 2787 3697 2858 ἀκρίϐειαν

2115 2864 2204 2918 διά
2235 2865 2485 2948 δὴντοῦτο
2526 2868 2554 2920 6
2580 2867 2840 2937 θεόσοφος
2864 2874 3076 2937 ἐκεῖνος
3119 2875 3261 2946 ἀνὴρ
3301 2877 3379 2940 είς
3434 2878 3699 2948 ἐνθύμιον

2115 2947 2357 3028 κατέστη
2399 2957 2518 3029 (καὶ
2538 2959 2599 3011 τό
2629 2977 2691 3028 γε
2718 2963 2818 3031 τῆς
2851 2962 2988 3033 πρὸς
3009 2963 3069 3016 τὸ
3101 2965 3362 3033 ἐνθύμιον
3397 2947 3574 3039 ῥοπῆς
3600 2970 3693 3023 αῖ-

2115 3065 2231 3102 τιον
2263 3048 2480 3119 ὑπῆρχε
2517 3051 2658 3120 μετά
2681 3052 2781 3119 τῆς
2830 3054 3239 3127 προειρημένης
3275 3058 3457 3121 αίτίας
3502 3062 3534 3129 ή
3592 3059 3696 3114 νῦν

444 3166 583 3208 tunc
611 3167 742 3207 vero
776 3154 919 3206 intra
948 3150 1135 3205 dentes
1163 3150 1218 3204 in
1255 3150 1627 3205 Romanorum
1652 3152 1785 3206 urbe
1815 3154 2009 3207 mussi-

2117 3140 2311 3231 ἀνέδην
2342 3141 2552 3210 αἵρεσις
2583 3144 3076 3215 παρρησιαζομένη
3104 3147 3209 3199 ὐπὸ
3237 3151 3346 3211 τοῖς
3378 3149 3559 3203 ὀδοῦσι
3581 3169 3692 3221 τη-

400 3242 667 3314 -tabatur)
721 3271 792 3283 --
842 3240 1157 3312 praaeipere,
1196 3251 1255 3295 ut
1306 3241 1491 3311 lingua
1545 3240 1736 3296 Grazca
1788 3256 2006 3296 sacrum

2115 3232 2344 3287 νικαῦτα
2376 3232 2518 3286 κατά
2546 3232 2647 3305 τὴν
2687 3235 2979 3304 Ῥωμαίων
3017 3237 3173 3290 πόλιν
3211 3240 3548 3312 λαλουμένη)
3575 3258 3596 3277 ο
3632 3243 3694 3296 τὸ

424 3336 550 3391 ﬁdei
578 3333 886 3406 symbolum
910 3334 1075 3388 etiam
1109 3332 1339 3387 Romani
1389 3333 1720 3397 recitarem;
1776 3348 1872 3402 per
1904 3334 2008 3388 hoc

422 3428 569 3483 enim
595 3426 861 3482 divinitus
894 3426 1217 3495 inspiratum
1260 3424 1556 3479 consilium
1606 3434 1662 3479 et
1691 3425 1890 3496 linguae
1923 3425 2008 3480 in-

424 3518 610 3586 opiam
652 3517 892 3588 suppleri
917 3525 972 3571 et
1003 3515 1244 3585 reparari
1265 3524 1319 3571 et
1348 3530 1377 3568 a
1406 3515 1702 3572 Cutbolicis
1736 3519 2006 3573 removeri

422 3609 762 3665 diversitatis
813 3609 867 3664 in
920 3609 1022 3664 ﬁde
1058 3608 1451 3679 suspicionem,
1512 3622 1615 3663 nec
1646 3622 1758 3663 non
1814 3622 2005 3664 recens

421 3704 781 3775 pullulantem
833 3703 1171 3772 impietatem
1210 3701 1472 3756 radicitus
1501 3715 1531 3753 a
1568 3697 1816 3754 Romana
1862 3699 2003 3755 civi-

422 3806 533 3852 tate
579 3794 851 3852 abscindi.
883 3794 1253 3861 Quamobrem
1292 3806 1402 3846 non
1437 3790 1617 3847 solum
1647 3791 1701 3845 in
1733 3790 1998 3861 ipsaBo-

421 3901 709 3943 manorum
761 3886 893 3941 urbe
924 3892 1331 3955 programmata
1373 3889 1430 3938 et
1462 3882 1659 3937 edicta.
1689 3882 1890 3949 posuit,
1941 3891 2003 3939 ut

421 3978 659 4035 inter-S.
690 3976 1001 4033 Missarum
1057 3974 1324 4031 solemnia
1375 3987 1593 4028 sacrum
1626 3980 1830 4028 nostra:
1876 3974 2000 4030 ﬁdei

419 4068 753 4142 symbolum,
784 4066 1263 4138 quemadmodum
1307 4073 1362 4120 et
1406 4066 1475 4119 ab
1508 4063 1666 4119 initio
1721 4065 2001 4135 synodicis

416 4162 646 4218 vocibus
671 4161 1012 4229 decretisque
1041 4157 1223 4214 fuerat
1252 4158 1617 4221 enuntiatum,
1643 4155 1836 4210 Graeca
1892 4157 2001 4211 lin-

400 4268 523 4323 gua
552 4254 713 4308 etiam
737 4250 881 4322 apud
913 4249 1036 4306 illos
1068 4250 1241 4320 ipsos,
1268 4249 1361 4318 qui
1395 4249 1585 4305 Latine
1614 4249 1997 4321 loquebantur,

2108 3324 2166 3377 δὲ
2188 3324 2465 3395 ἐνθύμιον,
2504 3324 2715 3379 Ἐλλάδι
2743 3325 2963 3399 γλώσσῃ
3009 3330 3342 3399 πρόσταγμα
3392 3332 3579 3390 δοῦναι
3630 3335 3695 3389 τὸ

2107 3416 2208 3486 τῆς
2243 3417 2482 3480 πίστεως
2509 3416 2653 3487 ἱερὸν
2687 3418 2920 3488 μάθημα
2960 3420 3059 3473 καὶ
3096 3422 3224 3484 τούς
3258 3421 3570 3492 Ῥωμαίους
3595 3426 3692 3480 λέ-

2106 3525 2228 3577 γειν
2252 3524 2267 3541 ο
2307 3509 2403 3561 καὶ
2435 3507 2545 3579 γὰρ
2575 3508 2661 3561 διὰ
2691 3509 2895 3580 ταύτης
2922 3511 3017 3580 τῆς
3044 3511 3406 3567 θεοπνεύστου
3439 3517 3695 3583 ἐπινοίας

2106 3600 2167 3653 τό
2195 3615 2259 3667 γε
2288 3597 2391 3666 τῆς
2423 3598 2606 3666 φωνῆς
2644 3598 2819 3662 ἐνδεὲς
2850 3601 2930 3663 εἰς
2961 3603 3357 3671 ἀναπλήρωσιν
3411 3606 3695 3659 ἀποκαθί-

2106 3707 2300 3744 σταται
2325 3690 2420 3743 κα)⁸
2441 3690 2501 3742 εὐ
2511 3690 2607 3759 ρυθ
2616 3690 2769 3760 μίαν’
2798 3693 2894 3745 καὶ
2918 3693 3026 3745 τῶν
3048 3695 3420 3750 εὐσεϐούντων
3441 3698 3701 3753 ἀπελαύ-

2105 3786 2291 3839 νεσθαι
2321 3783 2419 3858 τὴν
2446 3785 2504 3852 ἐξ
2533 3787 2855 3859 ὑπολήψεως
2884 3791 3246 3861 ἐτεροδοξίαν,
3286 3795 3375 3850 ναὶ
3401 3795 3465 3866 δὴ
3491 3800 3591 3851 καὶ
3626 3801 3703 3855 τδ

2102 3876 2195 3929 τοῦ
2228 3876 2397 3946 ἄγους
2428 3878 2691 3949 ἀρτιφυὲς
2714 3880 2909 3933 θᾶττον
2946 3883 3048 3951 τῆς
3087 3883 3411 3953 Ῥωμαῖκῆς
3441 3889 3702 3957 πρόρρι-

2102 3968 2198 4034 ζον
2227 3970 2596 4026 ὲκκόπτεσθαι
2627 3974 2930 4038 πολιτείας.
2958 3977 3164 4051 Διόπερ
3180 3977 3243 4031 οὐ
3271 3978 3436 4048 μόνον
3457 3981 3516 4033 ἐν
3537 3980 3699 4056 αὐτῇ

2099 4063 2168 4133 τῇ
2221 4061 2514 4131 Ῥωμαίων
2561 4063 2716 4117 πόλει
2776 4067 3199 4138 προγράμματα
3247 4085 3309 4123 τε
3357 4070 3453 4123 καὶ
3479 4073 3704 4142 προθέ-

2104 4169 2254 4223 ματα
2292 4153 2467 4214 ἔθετο,
2498 4153 2639 4207 κατὰ
2662 4154 2760 4218 τὰς
2787 4158 3056 4226 μυστικὰς
3094 4159 3405 4228 ίερολογίας
3436 4160 3494 4214 τὸ
3524 4163 3699 4230 ἱερὸν

2098 4245 2197 4313 τῆς
2224 4243 2460 4308 πίστεως
2506 4247 2665 4317 ἡμῶν
2718 4247 3007 4318 σύμϐολον,
3048 4249 3173 4304 καθ’
3205 4250 3267 4304 ὃν
3322 4253 3525 4322 τρόπον
3578 4258 3699 4311 καὶ

416 4346 768 4411 recitaretur,
818 4342 915 4399 sed
973 4341 1139 4397 etiam
1171 4339 1453 4396 omnibus.
1483 4338 1779 4407 provinciis
1805 4377 1821 4405 ,
1876 4351 2000 4407 qua:

2112 4336 2224 4389 κατ’
2252 4335 2428 4407 ἀρχάς
2464 4337 2766 4403 συνοδικοῖς
2815 4340 2911 4393 καὶ
2941 4344 3146 4409 φωναῖς
3203 4343 3300 4395 καὶ
3324 4342 3702 4414 ψηφίσμασιν

403 4435 724 4491 Romanum
748 4432 1126 4505 pontiﬁcatum
1174 4438 1340 4500 atque
1385 4429 1628 4499 regimen
1655 4429 1994 4485 veneraban-

2112 4428 2515 4500 ὲκπεφώνηται,
2554 4430 2766 4486 Ἐλλάδι
2790 4431 3013 4506 γλώσσῃ
3039 4434 3133 4487 καὶ
3161 4432 3293 4506 παρ’
3319 4435 3500 4496 αὐτοῖς
3527 4438 3701 4491 ὲκεί-

404 4535 526 4593 stur,
566 4526 712 4583 idem
747 4501 955 4582 sentire
981 4523 1237 4593 idemque
1283 4536 1544 4592 peragere
1571 4531 1626 4577 et
1650 4521 1998 4578 sermonibus

2112 4537 2217 4583 νοις
2253 4523 2369 4583 τοῖς
2402 4519 2502 4605 τὴν
2548 4521 2837 4593 Ῥωμαίων
2891 4501 3083 4593 φωνὴν
3114 4501 3345 4593 ἀφιάσιν
3380 4526 3701 4592 κάπαγγέλ..

413 4625 470 4671 et
497 4614 776 4687 synodicis
805 4612 1005 4669 litteris
1042 4611 1327 4668 mandavit
1356 4611 1604 4682 dirisque
1628 4610 1998 4685 anathematis

2112 4609 2305 4675 ιεσθαι,
2345 4610 2483 4666 ἀλλὰ
2539 4613 2637 4666 καὶ
2680 4614 2962 4685 πανταχοῦ
2994 4614 3105 4669 τῶν
3137 4615 3421 4686 ἐπαρχιῶν
3477 4615 3536 4669 αἲ
3575 4620 3700 4689 τὴν

414 4703 650 4763 vinculis
682 4704 956 4775 dogmatis
986 4703 1131 4759 cavit
1163 4702 1496 4775 ﬁrmitatem,

2112 4700 2403 4771 Ῥωμαίων
2435 4704 2863 4776 ἀρχιερωσύνην
2885 4706 2952 4760 δι’
2989 4706 3281 4770 εὐλαϐείας
3314 4707 3409 4760 καὶ
3462 4710 3698 4776 ἡγεμο-

412 4797 533 4854 νίαν
564 4796 780 4867 ἄγουσι,
812 4795 875 4850 τὸ
920 4794 1052 4848 αὐτὸ
1107 4795 1326 4864 φρονεῖν
1354 4793 1449 4846 καὶ
1492 4791 1775 4863 πράττειν,
1848 4794 2010 4864 ἀραῖς
2046 4809 2108 4847 τε
2168 4792 2264 4848 τοῦ
2297 4792 2567 4864 δόγματος
2602 4793 2664 4847 τὸ
2724 4795 3547 4870 ἀμετάθετον-ἀσφαλισάμενος
3584 4806 3701 4861 καὶ

409 4888 590 4957 λόγοις
618 4887 713 4939 καὶ
749 4885 1043 4956 γράμμασι
1078 4881 1378 4944 συνοδικοτς
1406 4876 1761 4951 διεπέμψατο.

480 4975 572 5032 88.
610 4974 778 5045 quue
826 4989 935 5029 non
987 4973 1167 5028 solum
1220 4970 1343 5040 ipso
1381 4970 1758 5038 pontiﬁcatum
1812 4971 1991 5026 admi-

408 5069 680 5124 nistrante
708 5065 1070 5137 peragebatur
1096 5100 1114 5129 ,
1137 5062 1231 5116 sed
1255 5070 1310 5116 et
1340 5061 1492 5127 mitis
1521 5061 1610 5117 ille
1639 5076 1705 5118 ac
1734 5076 1988 5117 mansue-

408 5170 499 5215 tus
531 5144 1040 5227 certaminibusque
1083 5153 1265 5209 clarus
1307 5153 1584 5220 asceticis,
1618 5153 1856 5225 inclytus
1886 5153 1986 5209 Be-

408 5251 685 5314 nedictus,
718 5248 867 5303 illius
898 5247 953 5309 in
977 5245 1277 5317 pontiﬁcali
1304 5245 1436 5300 sede
1457 5259 1764 5311 successor,
1797 5243 1853 5299 in
1879 5245 1984 5300 hoc

410 5342 612 5397 tuendo
636 5349 688 5395 et
713 5336 1042 5394 stabilienda
1068 5351 1176 5392 non
1214 5350 1337 5392 esse
1380 5337 1659 5393 secundus
1691 5335 2004 5417 adniteba:

410 5448 517 5500 tur,
550 5431 771 5488 tametsi
810 5430 1111 5487 secundum
1149 5430 1293 5485 ratio
1341 5430 1608 5500 temporis
1638 5428 1817 5499 ipsum
1847 5442 1986 5483 cono

406 5526 690 5581 stituebat.
718 5523 874 5589 Quod
903 5522 951 5578 si
997 5522 1123 5593 quis
1162 5529 1288 5594 post
1336 5522 1462 5577 illos
1502 5521 1687 5590 lingua
1719 5520 1909 5574 dolosa
1939 5526 1995 5576 et

424 5618 829 5672 wnerationem
866 5616 1156 5673 simulante
1207 5614 1338 5685 (non
1383 5613 1527 5668 enim
1578 5619 1764 5682 aperta
1815 5610 1996 5667 fronte

409 5708 590 5779 [nudo
637 5706 837 5780 capite]
867 5708 1291 5763 constitutiones
1324 5705 1559 5775 optimas
1607 5703 1993 5772 piissimasque

408 5814 724 5871 Oppugtlal‘e
765 5800 1022 5870 audebat)
1064 5798 1168 5857 sub
1209 5797 1462 5869 specioso
1511 5794 1699 5863 titulo,
1744 5794 1890 5866 quod
1938 5794 1994 5849 in

2170 4976 2285 5041 πη’.
2315 4970 2428 5024 Καὶ
2459 4966 2530 5041 ἦν
2567 4972 2600 5042 ἠ
2631 4973 2831 5043 πρᾶξις
2855 4972 2956 5028 οὐκ
2999 4973 3167 5030 αὐτοῦ
3196 4977 3363 5048 μόνον
3405 4977 3688 5051 ἀρχιερα-

2097 5060 2347 5123 τεύοντος
2373 5061 2438 5114 τὸ
2466 5062 2763 5133 σεϐάσμιον
2791 5062 3014 5134 ἔχουσα·
3041 5065 3180 5119 ἀλλά
3203 5065 3300 5120 καὶ
3324 5067 3353 5120 6
3382 5069 3558 5139 πρᾶος
3580 5072 3688 5126 καὶ

2094 5153 2347 5219 ἐπιεικὴς
2372 5153 2468 5207 καὶ
2502 5155 2828 5225 ἀσκητικοτς
2876 5155 3087 5225 ἀγῶσιν
3127 5157 3619 5229 ἐναγλαῖζόμενος,
3647 5165 3682 5215 6

2092 5244 2304 5323 κλεινὸς
2333 5243 2648 5310 Βενέδικτος
2686 5247 2715 5298 6
2740 5248 2859 5318 μετ’
2886 5249 3098 5303 ἐκεῖνον
3148 5248 3242 5303 τοῦ
3273 5249 3683 5323 ἀρχιερατικοῦ

2089 5336 2280 5405 θρόνου
2314 5336 2582 5407 διάδοχος,
2612 5336 2676 5391 τὸ
2713 5338 2847 5392 αὐτὸ
2882 5340 2980 5393 καὶ
3011 5339 3264 5410 στέργειν
3316 5342 3411 5396 καὶ
3451 5342 3677 5412 κρατύ-

2092 5443 2209 5480 νειν
2233 5426 2295 5479 οὐ
2329 5427 2429 5498 τὴν
2461 5427 2726 5500 δευτέραν
2753 5427 2910 5494 τάξιν
2943 5429 3090 5500 ἔχειν
3117 5430 3473 5495 ἐσπούδαζεν,
3499 5433 3547 5484 εί
3574 5433 3675 5484 καὶ

2091 5517 2437 5590 δευτερεύειν
2463 5521 2628 5575 αὐτὸν
2650 5524 2679 5577 6
2700 5523 2893 5593 χρόνος
2919 5523 3240 5577 ὐπέταττεν.
3270 5523 3334 5577 El
3356 5523 3413 5577 δέ
3438 5541 3523 5587 τις
3544 5526 3672 5593 μετ’

2090 5611 2337 5677 ἐκείνους
2366 5612 2590 5686 γλώσσῃ
2624 5613 2823 5686 δολερᾷ
2858 5615 2955 5669 καὶ
2982 5619 3038 5670 τί
3073 5617 3149 5689 μὴ
3192 5616 3547 5687 πλαττομένῃ
3583 5614 3673 5686 (οὐ

2090 5703 2202 5773 γὰρ
2233 5702 2457 5776 ιθάρρει
2489 5709 2668 5778 γυμνῇ
2698 5709 2766 5778 τῇ
2823 5708 3033 5778 κεφαλῇ
3089 5709 3226 5779 πρδς
3274 5707 3346 5761 τὰ
3392 5707 3664 5760 κάλλιςτα

2092 5794 2188 5850 καὶ
2221 5794 2612 5866 θεοφιλέστλτα
2642 5799 3109 5871 παρατάττεσθαι.
3134 5798 3248 5854 ἀλλ-⁸
3277 5799 3398 5853 οὐδὲ
3440 5799 3500 5851 τὸ
3538 5813 3664 5866 φρι-
