4042 6400
358 342 469 408 849

1140 332 1571 398 REFUTATIO
1608 331 1977 396 PHOTIANI
2017 332 2229 395 LIBRI
2270 331 2721 395 DEVSPIRITU
2753 332 2809 395 S.

3504 328 3615 389 850

360 458 455 509 καὶ
486 436 771 523 μακαρίων
799 449 1101 524 ἀρχιερέων
1143 450 1367 521 Ῥώμης
1396 448 1538 503 οὕτω
1565 449 1654 504 διὰ
1683 448 1799 519 βίου
1836 446 1930 501 καὶ
1960 489 1968 509 ,

2051 447 2381 505 :onfession‘e
2414 447 2754 510 transierint,
2790 458 3057 513 quosnam
3091 448 3321 514 possunt
3354 439 3622 494 lucretius-

359 534 787 616 πεφρονηκότων
820 545 912 598 καὶ
938 543 1264 609 διδαξάντων
1289 544 1385 597 καὶ
1433 540 1541 595 ἀπὸ
1576 541 1685 594 τῶν
1729 539 1929 608 ἐπική-

2037 540 2350 610 aegritudine
2375 541 2693 595 laborantes
2722 538 2777 592 in
2806 536 3040 592 medium
3067 532 3333 606 proferre,
3362 548 3391 586 a
3414 531 3611 602 quibus
3692 548 3701 589 ί

360 656 472 710 ρων
501 637 635 707 πρὸς
668 636 765 707 τὴν
788 636 1064 707 ἀκήρατον
1088 634 1235 705 ζωὴν
1277 637 1334 688 ἐν
1385 635 1452 703 τῇ
1494 633 1629 702 αὐτῇ
1666 629 1929 701 ὁμολογίᾳ

2058 633 2348 688 ethiferum
2378 632 2510 686 illud
2536 631 2659 687 talis
2683 629 2978 699 impietatis
3002 630 3270 683 venenum
3303 623 3614 683 hauserint.
3697 624 3703 629 ’

359 726 775 799 μεταστάντων,
806 726 957 790 τίνας
988 725 1055 781 ἂν
1082 727 1261 796 σχοῖεν
1288 724 1460 778 εἰπεϊν
1491 722 1541 776 οἰ
1573 724 1672 792 τὴν
1716 722 1928 791 αἱρετι-

2051 724 2166 794 quin
2200 724 2321 779 illos
2354 722 2647 778 confestim
2682 721 3028 776 adversarios
3061 719 3348 788 propalant
3382 717 3474 779 iis,
3518 713 3615 784 qui

355 819 464 887 κὴν
491 819 646 870 νόσον
671 817 1022 887 νοσήσαντες,
1060 817 1119 883 ἐξ
1146 809 1221 869 ὧν
1248 815 1308 869 τὸ
1332 814 1665 885 δηλητήριον
1705 813 1931 882 φάρμα-

2040 815 2290 885 regiones
2318 812 2684 868 occidentales
2722 820 2869 865 recta
2903 809 3006 865 ﬁde
3036 806 3422 864 illustrarunt?

355 926 453 962 κον
481 909 581 980 τῆς
635 908 969 977 τηλικαύτης
1011 908 1266 973 ἀσεϐείας
1331 907 1566 974 ἐξέπιον,
1622 907 1715 961 καὶ
1784 908 1887 961 οὐκ
1946 907 2146 963 αὐτίκα
2175 908 2398 971 τούτους
2459 906 2788 971 ἀντιπάλους
2820 902 3251 977 τοῖςόρθοδοξία
3280 903 3347 955 τὰ
3382 900 3614 970 ἑσπέρια

358 1001 775 1069 καταφωτίσασι
811 1000 1239 1071 θριαμϐεύουσιν
1267 1019 1284 1068 ;

428 1091 498 1159 ιζ’.
539 1091 704 1145 Ἀλλὰ
730 1094 840 1164 γὰρ
859 1091 1014 1146 οὔπω
1038 1093 1137 1160 τὴν
1164 1092 1376 1164 πλάνην
1396 1092 1602 1164 ταύτην
1626 1090 1929 1147 ἀποθέσθαι

361 1183 620 1255 βούλεσθε
643 1198 657 1246 ;
677 1182 818 1251 Ἐγὼ
842 1183 973 1253 γοῦν
1001 1184 1098 1238 καί
1123 1182 1315 1254 ἐτέρας
1342 1183 1475 1253 ὑμῖν
1501 1183 1717 1253 ἐπῳδὰς
1736 1184 1803 1236 ἐκ
1823 1182 1932 1234 τῶν

359 1272 453 1326 τοῦ
482 1271 797 1341 Πνεύματος
829 1271 1023 1340 λογίων
1050 1272 1347 1343 ἐπᾴσομαι,
1373 1271 1422 1324 εἰ
1452 1272 1546 1324 καὶ
1570 1272 1669 1342 τῆς
1697 1269 1939 1341 βυούσης

357 1365 586 1428 ἀσπίδος
628 1364 696 1417 τὰ
726 1357 843 1417 ὦτα
902 1363 1059 1432 πρὸς
1089 1364 1186 1427 τὰς
1239 1363 1349 1417 τῶν
1394 1362 1699 1433 ἐπᾳδόντων
1750 1360 1933 1430 φωνὰς

358 1474 414 1519 ἰτ⁸
441 1453 591 1521 δτῆς
625 1450 916 1520 μετανοίας
939 1450 1018 1523 (1)
1043 1452 1143 1523 τὴν
1200 1451 1432 1523 μίμησιν
1474 1450 1801 1521 μελετήσετε
1835 1449 1949 1521 (2)ι

359 1544 608 1612 Πνεῦμα
649 1542 799 1598 Θεοῦ
847 1543 1068 1611 λέγεται
1099 1543 1162 1596 τὸ
1196 1543 1464 1611 πανάγιον
1506 1541 1730 1612 Πνεῦμα
1753 1557 1773 1573 ι
1807 1542 1940 1612 φησί

357 1635 471 1704 γὰρ
498 1634 529 1687 ὁ
560 1634 751 1704 Σωτήρ
780 1649 795 1665 ⁸
829 1633 899 1688 Εἰ
930 1632 1000 1687 δὲ
1043 1633 1160 1703 ἐγὼ
1192 1633 1263 1688 ἐν
1298 1635 1599 1704 Πνεύματι
1649 1632 1798 1688 Θεοῦ
1841 1632 1941 1686 ἐκ·

362 1727 566 1780 ϐάλλω
595 1723 668 1778 τὰ
694 1724 990 1794 δαιμόνια.
1017 1754 1086 1765 -
1135 1725 1377 1795 Πνεῦμα
1407 1725 1516 1780 τοῦ
1560 1726 1790 1793 Πατρός
1815 1739 1830 1755 ο
1856 1723 1939 1776 Οὐ
1972 1782 1973 1785 η

2111 1087 2200 1143 90.
2234 1084 2315 1139 At‘
2330 1098 2460 1141 vero
2486 1083 2730 1140 nondum
2758 1082 2924 1139 vultis
2968 1096 3213 1136 errorem
3245 1078 3406 1134 istum
3444 1080 3616 1147 (ἰοβο-

2039 1178 2213 1235 πει-ετ
2231 1177 2346 1247 Ego
2370 1175 2688 1248 igitur-alias
2715 1189 2931 1246 quoque
2955 1173 3297 1229 eantationes
3327 1186 3359 1226 e
3381 1170 3619 1240 Spiritus

2040 1268 2214 1327 sancti
2241 1268 2473 1338 eloquiis
2502 1267 2657 1321 vobis
2679 1267 2957 1331 accinam,
3006 1264 3225 1318 tametsi
3256 1279 3365 1318 vos
3389 1265 3509 1318 loco
3534 1277 3620 1317 re-

2039 1359 2333 1431 sipiscendi
2364 1358 2569 1414 malitis
2607 1358 2849 1428 aspidem
2900 1356 3105 1411 imitari
3168 1370 3328 1410 aures
3365 1370 3494 1410 suas
3550 1355 3618 1409 ad

2040 1467 2203 1509 voces
2239 1451 2632 1507 incantantium
2659 1450 3031 1505 obturantem.
3062 1446 3294 1518 Spiritus
3330 1447 3428 1501 Dei
3483 1446 3621 1502 dici-

2041 1552 2131 1598 tur
2159 1541 2542 1597 sanctissimus
2605 1538 2873 1609 Spiritus;
2906 1538 3038 1592 dicit
3069 1537 3216 1592 enim
3237 1536 3485 1591 Salvator
3514 1554 3526 1589 :
3564 1535 3623 1590 Si

2037 1650 2130 1704 ego
2146 1634 2203 1689 in
2234 1631 2440 1703 Spiritu
2471 1631 2565 1685 Dei
2596 1631 2750 1699 ejicio
2771 1630 3073 1695 dtumonia;
3106 1627 3340 1698 Spiritus
3363 1636 3622 1699 praeterea

2041 1723 2240 1779 Patris.
2297 1720 2420 1776 Non
2454 1722 2591 1776 enim
2619 1737 2705 1775 vos
2747 1723 2896 1786 estis,
2923 1720 3013 1789 qui
3065 1719 3365 1789 loquimini,
3399 1735 3618 1773 rursum

366 1816 477 1886 τὰρ
503 1816 673 1885 ὑμεῖς
702 1817 845 1871 ἐστε
889 1818 945 1871 al
988 1817 1350 1882 λαλοῦντες,
1405 1816 1569 1871 πάλιν
1597 1817 1631 1887 ἡ
1674 1815 1810 1884 αὐτὴ
1837 1813 1938 1883 τῆς

2051 1815 2121 1870 ait
2161 1814 2305 1869 idem
2341 1813 2585 1869 veritatis
2620 1812 2762 1878 fons,
2801 1813 2889 1867 sed
2933 1812 3163 1881 Spiritus
3226 1811 3405 1865 Patris
3443 1813 3629 1873 vestri,

367 1909 623 1977 ἀληθείας
693 1906 867 1978 πηγὴ,
920 1907 1082 1962 ἀλλὰ
1134 1907 1202 1961 τό
1250 1908 1494 1978 Πνεῦμα
1550 1905 1661 1961 τοῦ
1710 1905 1943 1974 Πατρός

363 1998 534 2068 ὑμῶν
552 1998 613 2052 τό
637 1999 873 2054 λαλοῦν
905 1999 976 2052 ἐν
1001 1999 1166 2068 ὑμῖν.
1194 2000 1327 2062 Καὶ,
1346 1998 1594 2068 Πνεῦμα
1624 1997 1731 2053 τοῦ
1754 1996 1903 2051 Θεοῦ
1927 2013 1940 2027 ·

376 2088 610 2152 ’ἰισαῖας
669 2088 767 2159 βοᾷ
792 2104 808 2120 ο
858 2088 969 2143 Καὶ
1046 2088 1550 2144 ὲπαναπαύσεται
1604 2087 1698 2141 ἐπ’
1760 2087 1947 2141 αὐτόν

363 2179 614 2248 Πνεῦμα
642 2178 750 2234 τοῦ
771 2180 942 2235 Θεοῦ.
979 2210 1052 2220 -
1080 2181 1325 2249 Πνεῦμα
1365 2179 1430 2233 τό
1480 2180 1549 2233 ἐκ
1595 2177 1703 2233 τοῦ
1754 2177 1903 2233 Θεοῦ
1928 2191 1943 2207 ⁸

368 2270 583 2333 Παῦλος
604 2270 634 2322 6
663 2270 1047 2340 μεγαλόφωνος
1072 2273 1181 2326 τῶν
1203 2270 1379 2344 ὀρθῶν
1407 2272 1696 2342 δογμάτων
1729 2269 1909 2342 κήρυξ
1926 2284 1941 2302 ⁸

378 2361 583 2428 ’Υμεῖς
606 2360 674 2414 δὲ
704 2362 816 2416 οὐκ
838 2360 1082 2416 ἐλάϐετε
1110 2363 1174 2417 τό
1228 2363 1478 2433 Πνεῦμα
1534 2363 1643 2417 τοῦ
1689 2365 1946 2431 κόσμου,

362 2452 533 2506 ἀλλὰ
557 2452 624 2504 τό
663 2452 909 2519 Πνεῦμα
958 2452 1025 2505 τό
1081 2453 1151 2506 ἐκ
1209 2453 1316 2507 τοῦ
1360 2453 1548 2508 Θεοῦ’
1585 2453 1702 2518 καὶ,
1756 2455 1826 2507 El
1881 2436 1955 2505 δέ

365 2545 673 2613 Πνεύματι
723 2544 873 2599 Θεοῦ
895 2544 1138 2614 ἄγεσθε,
1195 2546 1307 2599 οὐκ
1359 2545 1501 2600 ἐστὲ
1540 2547 1611 2601 ἐν
1640 2544 1843 2615 σαρκί.
1880 2574 1950 2586 --

363 2635 618 2704 Πνεῦμα
662 2637 911 2705 Κυρίου·
974 2638 1201 2701 Ἡσαΐας
1258 2636 1390 2708 βοᾷο
1448 2638 1687 2706 πνεῦμα
1728 2637 1949 2705 Κυρίου

366 2726 470 2779 ἐπ’
519 2725 646 2796 ἐμὲ,
688 2722 761 2782 οὗ
818 2727 1055 2781 εἵνεκεν
1102 2728 1313 2798 ἔχρισε
1352 2744 1450 2799 με.
1509 2728 1678 2783 Πάλιν
1732 2727 1951 2796 λέγεται

371 2816 620 2885 Πνεῦμα
682 2817 792 2872 τοῦ
854 2819 1016 2883 Υίοῦ,
1065 2818 1311 2888 Πνεῦμα
1381 2820 1667 2888 Χριστοῦ,
1710 2817 1953 2887 Πνεῦμα

365 2905 483 2959 τοῦ
508 2907 854 2976 ἐγείραντος
889 2909 1129 2977 Ἰησοῦν
1156 2909 1438 2978 Χριστόν,
1491 2909 1568 2973 ὡς
1611 2909 1820 2974 Παῦλος
1847 2909 1953 2963 πά-

363 2997 397 3046 ‘1,
410 3012 458 3048 ιν
485 3001 858 3066 μυπαγωγεί’
896 2999 1367 3063 Ἐξαπέστειλεν
1393 3003 1424 3054 ό
1450 3000 1597 3066 Θεὸς
1617 3001 1684 3054 τὸ
1707 3000 1954 3068 Πνεῦμα

366 3083 484 3138 τοῦ
518 3085 655 3139 Υίοῦ
679 3086 868 3141 αὑτοῦ
916 3088 988 3141 ἐν
1018 3088 1151 3153 ταῖς
1181 3088 1457 3155 καρδίαις
1512 3089 1682 3158 ὑμῶν
1714 3089 1949 3158 κράζον⁶

381 3174 587 3241 Ἂόσᾶ,
624 3179 657 3231 ό
680 3177 883 3246 Πατήρ
903 3194 917 3207 ·
947 3178 1064 3245 καὶ,
1101 3179 1174 3232 Τό
1200 3178 1447 3248 Πνεῦμα
1474 3180 1581 3234 τοῦ
1606 3180 1952 3251 ἐγείραντος

382 3267 638 3335 Ἰησοῦν
669 3269 934 3337 Χριστόν
976 3269 1129 3323 οἰκεῖ
1155 3271 1224 3323 ἐν
1240 3269 1384 3339 ὑμῖν
1405 3284 1420 3301 ⁸
1451 3270 1570 3338 καὶ,
1605 3271 1794 3341 Ὑμεῖς
1839 3274 1953 3327 οὐκ

365 3359 522 3415 ἐστὲ
555 3361 626 3414 ἐν
650 3361 856 3428 σαρκὶ,
900 3363 1068 3429 εἴπερ
1112 3363 1357 3433 Πνεῦμα
1410 3365 1669 3433 Χριστοῦ
1699 3364 1851 3419 οἰκεῖ
1884 3365 1955 3420 ἐν

364 3450 552 3520 ὑμῖνο
594 3452 802 3513 καὶ,ΕΖ
832 3470 923 3520 τις
939 3455 1183 3523 Πνεῦμα
1225 3457 1483 3523 Χριστοῦ
1510 3458 1622 3512 οὐκ
1664 3458 1813 3528 ἔχει,
1852 3454 1956 3516 οὗ·

366 3557 478 3604 τος
524 3544 634 3596 οὐκ
664 3544 838 3598 ἐστιν
879 3545 1088 3601 αὐτοῦ.
1115 3547 1355 3617 Προσέχε
1405 3548 1619 3613 πάντως
1655 3550 1751 3620 (5),
1780 3551 1861 3604 ὅτι
1894 3552 1954 3605 τὸ

371 3633 605 3704 Πνεῦμα
633 3635 848 3703 λέγεται
871 3639 966 3690 τοῦ
1007 3638 1165 3704 Θεοῦ,
1204 3642 1268 3693 ἐκ
1298 3640 1395 3695 τοῦ
1447 3641 1585 3695 Θεοῦ
1624 3659 1682 3696 τε
1721 3645 1815 3696 καὶ
1841 3643 1955 3698 Πα-

367 3726 505 3796 τρός
539 3728 640 3799 (ό),
683 3729 779 3782 καὶ
810 3729 1015 3799 Κυρίου
1047 3731 1256 3785 καὶτοῦ
1286 3733 1598 3803 ἐγείραντος
1633 3733 1868 3804 Χριστὸν
1892 3736 1956 3787 ἐκ

367 3816 583 3887 νεκρῶν
608 3818 700 3872 καὶ
727 3820 949 3890 Πνεῦμα
971 3821 1062 3874 τοῦ
1095 3823 1310 3893 Πατρός
1323 3817 1491 3893 ,τΔρα
1518 3824 1614 3877 οῦν
1640 3824 1770 3877 ὅταν
1792 3824 1949 3894 λέγῃ,

368 3907 622 3977 Πνεῦμα
647 3909 798 3963 Θεοῦ
823 3911 854 3979 ἢ
886 3912 1118 3980 Πατρός
1144 3912 1177 3982 ἢ
1209 3915 1436 3981 Κυρίου
1467 3915 1501 3985 ἢ
1551 3914 1659 3968 τοῦ
1688 3914 1955 3984 ἐγείραν-

368 4020 479 4068 τος
510 4003 757 4070 Ἰησοῦν
782 4005 1062 4073 Χριστόν,
1090 4005 1123 4076 ἢ
1153 4008 1396 4077 Πνεῦμα
1423 4008 1490 4061 τό
1526 4008 1593 4061 ἐκ
1631 4006 1738 4062 τοῦ
1783 4005 1953 4074 Θεοῦ,

288 4166 293 4170 .
369 4096 514 4149 αὐτδ
559 4095 720 4150 τοῦτο
749 4097 1002 4167 δηλοῦσιν
1059 4100 1117 4152 αἰ
1158 4100 1357 4169 φωναὶ,
1402 4101 1539 4170 ὅπερ
1577 4100 1875 4170 ἐσήμαινεν
1921 4100 1956 4170 ὴ

368 4189 612 4255 λέγουσα
632 4188 1067 4257 ἐκπορεύεσθαι
1089 4193 1199 4246 τοῦ
1228 4195 1496 4261 Πατρός;
1524 4191 1557 4262 ἢ
1597 4193 1772 4256 οὐδεὶς
1814 4189 1957 4244 οὕτω

372 4278 609 4347 ἀνόητος
635 4279 755 4332 οὐδὲ
783 4281 966 4335 αὐτῶν
996 4282 1106 4335 τῶν
1151 4283 1339 4339 ἁπλῶν
1368 4276 1632 4355 ῥημάτων
1666 4284 1747 4346 εἰς
1784 4282 1956 4353 ἐσχά-

369 4386 477 4440 την
511 4371 739 4440 ἄγνοιαν
766 4372 941 4444 ἥκων,
977 4375 1052 4438 ὡς
1091 4374 1166 4446 μὴ
1196 4376 1324 4446 ῥᾷον
1379 4376 1526 4447 ἔχειν
1585 4377 1839 4448 συνορᾷν,
1873 4379 1956 4430 ὅτι

2044 1908 2135 1978 qui
2159 1907 2392 1977 loquitur
2424 1907 2478 1961 in
2510 1906 2690 1972 vobis;
2719 1903 2921 1960 dicitur
2953 1904 3190 1975 Spiritus
3238 1904 3332 1958 Dei
3356 1905 3626 1959 clamante

2047 2000 2182 2055 Isaia
2212 2015 2227 2055 :
2257 1998 2326 2052 Et
2356 1999 2639 2067 requiescet
2665 2013 2822 2068 super
2860 2013 2979 2050 eum
3013 1996 3241 2064 Spiritus
3302 1995 3419 2060 Dei,
3453 1996 3625 2065 Spiri-

2048 2097 2153 2155 tus,
2188 2090 2279 2161 qui
2307 2104 2371 2144 ea:
2409 2089 2513 2143 Deo
2530 2100 2628 2144 est.
2674 2087 2774 2142 Vos
2793 2097 2990 2150 autem,
3020 2088 3093 2142 ait
3114 2103 3337 2156 magnus
3356 2095 3624 2141 rectorum

2046 2181 2357 2250 dogmatum
2407 2194 2586 2248 praeco
2643 2178 2865 2243 Paulus,
2921 2194 3023 2232 non
3073 2177 3344 2247 accepistis
3383 2179 3628 2247 spiritum

2048 2274 2255 2337 mundi,
2283 2274 2373 2327 sed
2398 2270 2655 2341 Spiritum
2679 2273 2768 2342 qui
2800 2287 2863 2326 ea:
2895 2271 2998 2325 Deo
3019 2280 3116 2336 est,
3145 2278 3196 2325 el
3227 2270 3353 2326 alzbi
3382 2286 3395 2323 :
3419 2268 3477 2324 Si
3503 2268 3625 2338 Spi-

2049 2365 2158 2417 ritu
2204 2363 2303 2416 Dei
2338 2362 2617 2426 ducimini,
2660 2378 2762 2415 non
2802 2361 2926 2415 estis
2968 2362 3022 2414 in
3047 2376 3224 2415 carne.
3266 2388 3337 2403 -ν
3366 2358 3627 2429 Spiritum

2049 2453 2268 2509 Domini
2311 2453 2516 2507 clamat
2564 2452 2730 2506 lsaias
2763 2469 2777 2505 :
2808 2451 3043 2521 Spiritus
3097 2452 3314 2506 Domini
3349 2468 3506 2527 super
3544 2467 3624 2504 me

2048 2546 2274 2616 e0°quod
2301 2545 2512 2598 unxerit
2537 2559 2637 2598 me.
2666 2541 2902 2598 Rursum
2938 2542 3143 2597 dicitur
3169 2561 3184 2598 :
3217 2542 3447 2611 Spiritus
3477 2542 3623 2608 Filii,

2052 2634 2285 2705 Spiritus
2310 2632 2529 2697 Christi,
2551 2632 2782 2702 Spiritus
2800 2634 3106 2688 suscitantis
3135 2631 3317 2688 Iesum
3333 2632 3624 2694 Christum,

2053 2734 2112 2781 ut
2135 2725 2335 2780 Paulus
2365 2740 2556 2780 rursus
2595 2724 2799 2779 tradit:
2833 2724 2981 2779 Misit
3011 2724 3150 2780 Deus
3191 2724 3447 2793 Spiritum
3497 2723 3629 2778 Filii

2052 2816 2138 2869 sui
2174 2815 2231 2869 in
2264 2815 2425 2868 corda
2471 2824 2664 2881 vestra,
2703 2815 3022 2868 clamantem
3057 2830 3078 2871 :
3110 2815 3257 2869 Abba
3296 2814 3505 2881 Pater;
3543 2823 3619 2878 et,

2055 2906 2289 2978 Spiritus
2311 2907 2614 2962 suseitantis
2641 2906 2826 2961 Iesum
2861 2906 3129 2963 Christum
3152 2909 3353 2962 habitat
3383 2909 3435 2962 in
3458 2907 3625 2970 vobis.

2053 3009 2151 3055 et:
2183 3000 2245 3054 Si
2273 3001 2389 3070 quis
2419 2998 2680 3070 Spiritum
2717 2999 2915 3055 Christi
2939 3016 3042 3054 non
3067 2999 3244 3063 habet,
3287 2999 3371 3053 hic
3406 3015 3509 3053 nou
3547 3006 3635 3053 est

2055 3090 2188 3160 ejus.
2216 3092 2433 3146 Auente
2474 3092 2698 3147 omnino
2731 3091 2875 3157 vide,
2911 3092 3181 3159 Spiritum
3235 3091 3339 3146 dici
3389 3090 3506 3154 Dei,
3560 3105 3629 3145 ex

2056 3180 2193 3247 Deo,
2219 3190 2273 3237 et
2302 3182 2396 3238 Dei
2424 3181 2621 3248 Patris,
2651 3191 2706 3238 et
2739 3184 2976 3249 Domini,
3003 3192 3057 3238 et
3094 3183 3448 3238 suscitantem
3473 3181 3631 3236 Chri-

2055 3280 2201 3326 stum
2228 3287 2295 3326 ex
2322 3273 2577 3341 mortuis,
2606 3281 2661 3328 et
2705 3274 2967 3343 Spiritum
3010 3272 3206 3329 Patris.
3237 3274 3394 3328 Anne
3439 3272 3633 3344 igitur;

2055 3364 2275 3435 quando
2299 3364 2537 3419 dicimus
2569 3363 2832 3433 :Spiritus
2862 3364 2957 3420 Dei
2985 3366 3067 3420 vel
3100 3364 3285 3419 Patris
3315 3364 3398 3420 vel
3423 3364 3632 3419 Domini

2056 3455 2140 3509 vel
2162 3456 2470 3509 suscitantis
2491 3453 2676 3510 Iesum
2715 3456 3008 3523 Christum,
3040 3456 3125 3513 vel
3171 3455 3400 3526 Spiritus
3452 3459 3540 3528 qui
3568 3473 3635 3512 ea:

2056 3547 2166 3602 Deo
2186 3558 2285 3613 est,
2319 3562 2489 3604 voces
2522 3548 2606 3603 ita:
2644 3548 2698 3603 id
2736 3550 2909 3619 ipsum
2943 3549 3226 3617 denotant,
3253 3550 3396 3620 quod
3424 3550 3635 3620 signiﬁo

2056 3657 2246 3697 camus
2269 3658 2393 3698 cum
2426 3644 2659 3699 dicimus
2698 3660 2713 3697 :
2756 3641 3015 3713 Spiritum
3045 3663 3077 3699 a
3125 3644 3286 3699 Patre
3320 3646 3623 3715 procedere,

2057 3748 2125 3790 an
2157 3749 2289 3789 vero
2318 3736 2499 3804 potius
2528 3752 2687 3792 nemo
2715 3746 2793 3791 est
2819 3738 2890 3791 ita
2922 3737 3186 3806 insipiens
3217 3752 3316 3792 nec
3336 3738 3472 3791 adeo
3492 3739 3635 3806 ipso-

2058 3842 2179 3881 rum
2207 3829 2497 3883 verborum
2523 3828 2855 3898 simplicium
2908 3832 3150 3900 ignarus,
3183 3841 3244 3884 ut
3283 3841 3513 3899 nequeat
3545 3830 3630 3885 fa-

2057 3919 2261 3975 cillime
2290 3921 2624 3990 conspicari,
2664 3923 2809 3993 quod
2836 3923 3090 3993 quaelibet
3138 3923 3355 3977 illarum
3402 3922 3635 3978 locutio-

2059 4027 2212 4078 num,
2255 4014 2477 4068 tametsi
2510 4014 2657 4071 circa
2716 4017 2955 4073 easdem
2982 4032 3242 4087 personas
3291 4017 3632 4080 enuntietur,

2059 4104 2334 4159 diversum
2372 4114 2551 4160 tamen
2580 4106 2802 4163 exhibet
2856 4109 3227 4181 signiﬁcatum
3258 4124 3366 4165 vox
3422 4123 3483 4163 ea
3513 4123 3636 4178 qum

2059 4196 2246 4251 dicite
2275 4197 2437 4251 Patre
2469 4198 2762 4266 procedere
2801 4200 3090 4270 Spiritum,
3145 4212 3199 4256 et
3221 4201 3498 4256 diversum
3531 4216 3637 4255 vox

2059 4303 2145 4354 ea,
2190 4303 2314 4357 quae
2345 4289 2478 4343 dicit
2508 4289 2773 4360 Spiritum
2806 4291 2901 4346 Dei
2943 4293 3029 4348 vel
3078 4292 3295 4347 Domini
3328 4294 3413 4347 vel
3443 4294 3634 4362 quaeli-

2060 4381 2149 4435 bet
2179 4381 2282 4439 alia
2339 4383 2812 4437 memoratarum?
2851 4384 2984 4439 Illud
3031 4384 3177 4441 enim
3226 4386 3635 4455 processioncm

373 4461 490 4515 τῶν
525 4464 839 4535 εἰρημένων
873 4464 1128 4533 ἕκαστον,
1154 4469 1203 4521 εἰ
1227 4470 1322 4523 καὶ
1367 4469 1495 4540 περὶ
1526 4470 1595 4523 τὰ
1635 4470 1775 4523 αὐτὰ
1802 4470 1957 4536 λέγε-

2060 4486 2317 4541 expresse
2344 4472 2612 4540 enuntiat,
2653 4474 2771 4529 haec
2801 4489 3067 4551 veroonon
3097 4476 3221 4530 item
3257 4492 3273 4542 ;
3315 4475 3410 4530 sed
3440 4490 3635 4544 quam-

371 4571 469 4606 ται
492 4555 783 4625 πρόσωπα,
818 4555 935 4611 ἀλλ’
966 4553 1059 4612 οὖν
1089 4559 1276 4623 ἕτερον
1300 4562 1334 4630 ἡ
1363 4559 1508 4624 λέξις
1536 4560 1838 4631 παρίστησι
1856 4577 1954 4631 ση-

375 4646 708 4715 μαινόμενον
763 4648 797 4718 η
863 4649 933 4703 ἐκ
984 4648 1079 4702 τοῦ
1160 4652 1373 4724 Πατρὶς
1436 4653 1839 4723 ἐκπορεύεσθαι
1894 4652 1957 4707 τὸ

371 4734 624 4805 Πνεῦμα,
653 4740 746 4790 καὶ
781 4738 971 4811 ἕτερον
1002 4740 1036 4811 ἡ
1062 4739 1289 4810 Πνεῦμα
1316 4726 1455 4795 ’Θεοῦ
1484 4743 1517 4814 ἢ
1542 4743 1748 4814 Κυρίου
1786 4744 1819 4814 ἢ
1848 4743 1955 4796 τῶν

370 4824 684 4894 εἰρημένων
718 4827 952 4882 ἕκαστον
981 4828 1254 4898 λέγουσα;
1285 4832 1358 4884 Τὸ
1398 4833 1496 4902 μὲν
1516 4834 1625 4904 γὰρ
1653 4834 1753 4906 τὴν
1786 4834 1957 4889 ἐκπό-

375 4933 570 4987 ρευσιν
599 4918 676 4989 τῷ
708 4921 917 4992 ῥήματι
952 4921 1315 4991 ἀπαγγέλλει,
1341 4924 1410 4978 τὰ
1453 4924 1510 4977 δὲ
1554 4927 1656 4980 οὐκ
1685 4926 1768 4981 ἔτι
1789 4945 1802 4960 ο
1841 4926 1959 4981 ἀλλ’

369 5009 425 5061 εἰ
455 5010 551 5062 καὶ
578 5010 713 5066 διότι
745 5012 915 5067 αὐτοῦ
944 5014 1328 5085 ἐκπορεύεται,
1358 5015 1533 5069 ταῦτα
1554 5017 1793 5086 λέγεται,
1820 5019 1959 5090 πλὴν

2062 4562 2146 4617 vis
2171 4563 2285 4617 haec
2325 4562 2601 4626 dicantur,
2631 4564 2760 4634 quia
2813 4564 3050 4635 Spiritus
3094 4566 3162 4620 ab
3209 4565 3327 4634 ipso
3365 4564 3633 4635 procedit,

2057 4662 2294 4706 attamen
2343 4652 2490 4709 nulla
2535 4653 2752 4709 illarum
2811 4670 3009 4710 vocum
3069 4655 3347 4725 conceptis
3404 4653 3637 4709 afﬁrmat

2059 4742 2240 4799 verbis
2284 4746 2729 4814 processionem;
2785 4747 2987 4803 etenim
3033 4746 3321 4804 manifeste
3353 4746 3498 4801 aliud
3556 4753 3637 4800 est

2059 4833 2264 4902 dicere,
2298 4833 2561 4906 Spiritum
2606 4852 2638 4892 a
2689 4835 2853 4893 Patre
2891 4841 3204 4908 procedere,
3250 4837 3472 4894 etaliud
3504 4837 3638 4905 ipsis

2063 4928 2248 4984 verbis
2285 4929 2596 4998 signiﬁcant
2622 4938 2820 5000 ,‘voces,
2865 4946 2984 5001 qua:
3016 4930 3277 5000 Spiritum
3332 4927 3637 4985 tlicuntDci

2062 5034 2116 5076 et
2149 5021 2387 5088 Domini,
2422 5033 2481 5077 et
2507 5039 2628 5092 quae
2656 5025 2762 5081 illis
2779 5036 2906 5081 sunt
2942 5025 3165 5081 similia.

366 5103 499 5157 ἀλλ’
536 5105 765 5177 οὐδεμία
794 5126 856 5162 τε
887 5110 997 5164 τῶν
1055 5110 1249 5180 φωνῶν
1277 5109 1389 5164 τῶν
1428 5112 1737 5183 εἰρημένων
1769 5117 1833 5168 τὸ
1892 5116 2297 5187 ἐκπορεύεσθαι
2350 5120 2469 5181 ταῖς
2540 5118 2749 5184 λέξεσιν
2799 5122 3117 5192 ἑρμηνεύει.
3158 5123 3269 5175 Καὶ
3335 5134 3444 5190 γαρ
3481 5136 3636 5188 περι·

369 5200 563 5272 φανῶς
591 5203 780 5274 ἔτερόν
808 5206 958 5259 ἐστιν
993 5207 1171 5262 εἰπεῖν
1199 5208 1596 5279 ἐκπορεύεσθαι
1626 5209 1718 5263 τοῦ
1739 5211 1954 5282 Πατρός
1990 5212 2051 5265 τὸ
2086 5211 2328 5283 Πνεῦμα,
2360 5213 2455 5267 καὶ
2526 5213 2656 5266 ἄλλο
2681 5216 3008 5285 σημαίνουσι
3063 5219 3176 5280 τοῖς
3204 5215 3463 5284 ὀνόμασιν
3495 5214 3551 5267 αἰ
3574 5214 3637 5267 sb

365 5294 605 5365 Πνεῦμα
626 5295 883 5366 λέγουσαι
916 5298 1011 5351 τοῦ
1038 5297 1173 5352 Θεοῦ
1195 5300 1293 5353 καὶ
1318 5301 1525 5372 Κυρίου
1545 5304 1638 5356 καὶ
1667 5303 1736 5357 τὰ
1761 5304 1947 5373 ὅμοια.

446 5386 555 5457 ιμ’.
595 5391 788 5445 Καίτοι
818 5407 879 5461 γε
910 5394 959 5445 εἰ
992 5397 1086 5447 καὶ
1107 5393 1312 5462 ἐκάστη
1340 5395 1447 5448 τῶν
1473 5398 1666 5465 φωνῶν
1690 5401 1957 5470 ἐσήμαινε

365 5481 477 5553 τὴν
506 5482 861 5555 ἐκπόρευσιν,
889 5483 1085 5554 ὅτιπερ
1134 5486 1318 5548 αὐτοί,
1360 5487 1570 5558 ῥήμασι
1604 5490 1773 5556 θείοις
1800 5493 1954 5565 ἀνερ-

556 5642 729 5722 ἰληιιτ.
784 5643 947 5722 habet
982 5648 1162 5717 :up’c
1190 5649 1289 5719 τῆς
1330 5653 1641 5722 μετανοίας.

442 5709 526 5781 (:2)
556 5712 720 5770 Laur.
760 5730 817 5770 ut
843 5717 894 5770 itt
933 5709 1101 5772 textu.

2134 5396 2223 5451 9l.
2255 5398 2579 5467 Quanquam
2603 5399 2732 5455 licet
2757 5401 3014 5472 quaelibet
3042 5401 3237 5456 harum
3264 5414 3454 5455 vocum
3509 5414 3634 5468 pro-

2063 5494 2370 5549 ccssionem
2441 5495 2796 5566 signiﬁcaret,
2831 5498 3093 5568 quoniam
3120 5499 3230 5568 jam
3271 5496 3404 5568 ipsis
3437 5494 3635 5549 divina:

2132 5656 2208 5723 (5)
2238 5657 2311 5728 lla
2334 5673 2457 5719 cum
2494 5656 2659 5711 Laur.
2691 5658 3020 5728 ponendum.

2137 5728 2214 5798 (ί)
2243 5723 2407 5785 Laur.
2446 5738 2503 5784 ut
2543 5723 2713 5783 Palat}
