  <div class='ocr_page' id='page_1' title='image "/cluster/home/n/w/nwhite01/storage/ocr_20150623/141/coo.31924054870468/429.png"; bbox 0 0 4042 6396; ppageno 0'>
   <div class='ocr_carea' id='block_1_1' title="bbox 420 355 522 421">
    <p class='ocr_par' dir='ltr' id='par_1_1' title="bbox 420 355 522 421">
     <span class='ocr_line' id='line_1_1' title="bbox 420 355 522 421; baseline 0 0"><span class='ocrx_word' id='word_1_1' title='bbox 420 355 522 421; x_wconf 76' lang='grc'><strong>851</strong></span> 
     </span>
    </p>
   </div>
   <div class='ocr_carea' id='block_1_2' title="bbox 1479 344 2646 432">
    <p class='ocr_par' dir='ltr' id='par_1_2' title="bbox 1479 344 2646 432">
     <span class='ocr_line' id='line_1_2' title="bbox 1479 344 2646 432; baseline 0.003 -5"><span class='ocrx_word' id='word_1_2' title='bbox 1479 358 1690 432; x_wconf 76' lang='lat' dir='ltr'><strong>JOAN:</strong></span> <span class='ocrx_word' id='word_1_3' title='bbox 1731 344 1944 429; x_wconf 70' lang='lat' dir='ltr'><strong>VECCI</strong></span> <span class='ocrx_word' id='word_1_4' title='bbox 1984 348 2092 430; x_wconf 83' lang='lat' dir='ltr'><strong>cr‘.</strong></span> <span class='ocrx_word' id='word_1_5' title='bbox 2135 350 2646 429; x_wconf 66' lang='lat' dir='ltr'><strong>PA&#39;r‘ntAutziLs</strong></span> 
     </span>
    </p>
   </div>
   <div class='ocr_carea' id='block_1_3' title="bbox 3576 368 3686 431">
    <p class='ocr_par' dir='ltr' id='par_1_3' title="bbox 3576 368 3686 431">
     <span class='ocr_line' id='line_1_3' title="bbox 3576 368 3686 431; baseline -0.027 -1"><span class='ocrx_word' id='word_1_6' title='bbox 3576 368 3686 431; x_wconf 68' lang='lat'><strong>852</strong></span> 
     </span>
    </p>
   </div>
   <div class='ocr_carea' id='block_1_4' title="bbox 424 450 2010 551">
    <p class='ocr_par' dir='ltr' id='par_1_4' title="bbox 424 454 2000 546">
     <span class='ocr_line' id='line_1_4' title="bbox 424 454 2000 546; baseline 0.006 -23"><span class='ocrx_word' id='word_1_7' title='bbox 424 468 725 540; x_wconf 61' lang='lat' dir='ltr'><strong>Scriptura;</strong></span> <span class='ocrx_word' id='word_1_8' title='bbox 776 470 959 529; x_wconf 83' lang='lat' dir='ltr'><strong>verbis</strong></span> <span class='ocrx_word' id='word_1_9' title='bbox 990 454 1327 528; x_wconf 81' lang='lat' dir='ltr'><strong>declaratum</strong></span> <span class='ocrx_word' id='word_1_10' title='bbox 1364 466 1753 546; x_wconf 44' lang='lat' dir='ltr'><strong>fuit&#39;Spiritum</strong></span> <span class='ocrx_word' id='word_1_11' title='bbox 1784 493 1814 531; x_wconf 90' lang='lat' dir='ltr'><strong>a</strong></span> <span class='ocrx_word' id='word_1_12' title='bbox 1835 475 2000 532; x_wconf 84' lang='lat' dir='ltr'><strong>Patre</strong></span> 
     </span>
    </p>
   </div>
   <div class='ocr_carea' id='block_1_5' title="bbox 2112 450 3689 551">
    <p class='ocr_par' dir='ltr' id='par_1_5' title="bbox 2112 450 3689 551">
     <span class='ocr_line' id='line_1_5' title="bbox 2112 450 3689 551; baseline 0 -21"><span class='ocrx_word' id='word_1_13' title='bbox 2112 475 2247 548; x_wconf 78' lang='grc' dir='ltr'>ρὴθη</span> <span class='ocrx_word' id='word_1_14' title='bbox 2281 478 2342 530; x_wconf 80' lang='grc' dir='ltr'>τὸ</span> <span class='ocrx_word' id='word_1_15' title='bbox 2402 479 2467 531; x_wconf 78' lang='grc' dir='ltr'>ἐκ</span> <span class='ocrx_word' id='word_1_16' title='bbox 2500 478 2598 532; x_wconf 86' lang='grc' dir='ltr'><strong>τοῦ</strong></span> <span class='ocrx_word' id='word_1_17' title='bbox 2655 450 2869 550; x_wconf 77' lang='grc' dir='ltr'>Πατρδς</span> <span class='ocrx_word' id='word_1_18' title='bbox 2911 466 3330 551; x_wconf 77' lang='grc' dir='ltr'>ἐκπορεύεσθαι,</span> <span class='ocrx_word' id='word_1_19' title='bbox 3385 480 3481 533; x_wconf 76' lang='grc' dir='ltr'>καὶ</span> <span class='ocrx_word' id='word_1_20' title='bbox 3518 476 3689 532; x_wconf 82' lang='grc' dir='ltr'>τοῦτο</span> 
     </span>
    </p>
   </div>
   <div class='ocr_carea' id='block_1_6' title="bbox 421 550 2002 635">
    <p class='ocr_par' dir='ltr' id='par_1_6' title="bbox 421 550 2002 635">
     <span class='ocr_line' id='line_1_6' title="bbox 421 550 2002 635; baseline 0.004 -19"><span class='ocrx_word' id='word_1_21' title='bbox 421 563 752 632; x_wconf 83' lang='lat' dir='ltr'><strong>procedere,</strong></span> <span class='ocrx_word' id='word_1_22' title='bbox 789 565 892 620; x_wconf 91' lang='lat' dir='ltr'><strong>hoc</strong></span> <span class='ocrx_word' id='word_1_23' title='bbox 921 580 1140 635; x_wconf 86' lang='lat' dir='ltr'><strong>quoque</strong></span> <span class='ocrx_word' id='word_1_24' title='bbox 1190 562 1354 622; x_wconf 86' lang='lat' dir='ltr'><strong>nobis</strong></span> <span class='ocrx_word' id='word_1_25' title='bbox 1399 550 1637 634; x_wconf 50' lang='lat' dir='ltr'><strong>faveret&#39;;</strong></span> <span class='ocrx_word' id='word_1_26' title='bbox 1698 558 1822 624; x_wconf 84' lang='lat' dir='ltr'><strong>cum</strong></span> <span class='ocrx_word' id='word_1_27' title='bbox 1856 568 2002 625; x_wconf 91' lang='lat' dir='ltr'><strong>enim</strong></span> 
     </span>
    </p>
   </div>
   <div class='ocr_carea' id='block_1_7' title="bbox 422 656 2004 734">
    <p class='ocr_par' dir='ltr' id='par_1_7' title="bbox 422 656 2004 734">
     <span class='ocr_line' id='line_1_7' title="bbox 422 656 2004 734; baseline 0.003 -23"><span class='ocrx_word' id='word_1_28' title='bbox 422 656 727 712; x_wconf 79' lang='lat' dir='ltr'><strong>sexcenties</strong></span> <span class='ocrx_word' id='word_1_29' title='bbox 764 658 1071 711; x_wconf 79' lang='lat' dir='ltr'><strong>secundum</strong></span> <span class='ocrx_word' id='word_1_30' title='bbox 1112 656 1261 712; x_wconf 86' lang='lat' dir='ltr'><strong>illam</strong></span> <span class='ocrx_word' id='word_1_31' title='bbox 1303 658 1635 730; x_wconf 82' lang='lat' dir='ltr'><strong>bypostasim</strong></span> <span class='ocrx_word' id='word_1_32' title='bbox 1669 658 2004 734; x_wconf 67' lang='lat' dir='ltr'><strong>intelligatur</strong></span> 
     </span>
    </p>
   </div>
   <div class='ocr_carea' id='block_1_8' title="bbox 424 732 2004 825">
    <p class='ocr_par' dir='ltr' id='par_1_8' title="bbox 424 732 2004 825">
     <span class='ocr_line' id='line_1_8' title="bbox 424 732 2004 825; baseline 0.008 -27"><span class='ocrx_word' id='word_1_33' title='bbox 424 748 717 817; x_wconf 80' lang='lat' dir='ltr'><strong>procedere</strong></span> <span class='ocrx_word' id='word_1_34' title='bbox 766 748 1001 818; x_wconf 81' lang='lat' dir='ltr'><strong>Spiritus</strong></span> <span class='ocrx_word' id='word_1_35' title='bbox 1048 765 1079 804; x_wconf 91' lang='lat' dir='ltr'><strong>a</strong></span> <span class='ocrx_word' id='word_1_36' title='bbox 1142 749 1326 816; x_wconf 78' lang='lat' dir='ltr'><strong>l’atre,</strong></span> <span class='ocrx_word' id='word_1_37' title='bbox 1384 732 1663 825; x_wconf 83' lang='lat' dir='ltr'><strong>quomodo</strong></span> <span class='ocrx_word' id='word_1_38' title='bbox 1714 770 1783 809; x_wconf 91' lang='lat' dir='ltr'><strong>ne</strong></span> <span class='ocrx_word' id='word_1_39' title='bbox 1836 732 2004 811; x_wconf 84' lang='lat' dir='ltr'><strong>semel</strong></span> 
     </span>
    </p>
   </div>
   <div class='ocr_carea' id='block_1_9' title="bbox 421 835 2004 912">
    <p class='ocr_par' dir='ltr' id='par_1_9' title="bbox 421 835 2004 912">
     <span class='ocr_line' id='line_1_9' title="bbox 421 835 2004 912; baseline 0.008 -24"><span class='ocrx_word' id='word_1_40' title='bbox 421 836 641 905; x_wconf 84' lang='lat' dir='ltr'><strong>quidem</strong></span> <span class='ocrx_word' id='word_1_41' title='bbox 671 835 877 891; x_wconf 86' lang='lat' dir='ltr'><strong>dictum</strong></span> <span class='ocrx_word' id='word_1_42' title='bbox 927 836 1052 904; x_wconf 79' lang='lat' dir='ltr'><strong>fuit,</strong></span> <span class='ocrx_word' id='word_1_43' title='bbox 1091 839 1243 893; x_wconf 89' lang='lat' dir='ltr'><strong>illum</strong></span> <span class='ocrx_word' id='word_1_44' title='bbox 1271 855 1302 895; x_wconf 88' lang='lat' dir='ltr'><strong>a</strong></span> <span class='ocrx_word' id='word_1_45' title='bbox 1354 840 1491 896; x_wconf 85' lang='lat' dir='ltr'><strong>Filio</strong></span> <span class='ocrx_word' id='word_1_46' title='bbox 1517 843 1815 912; x_wconf 81' lang='lat' dir='ltr'><strong>procedere</strong></span> <span class='ocrx_word' id='word_1_47' title='bbox 1842 846 1866 900; x_wconf 90' lang='lat'><strong>?</strong></span> <span class='ocrx_word' id='word_1_48' title='bbox 1895 840 2004 902; x_wconf 83' lang='lat' dir='ltr'><strong>Nec</strong></span> 
     </span>
    </p>
   </div>
   <div class='ocr_carea' id='block_1_10' title="bbox 422 924 2002 1002">
    <p class='ocr_par' dir='ltr' id='par_1_10' title="bbox 422 924 2002 1002">
     <span class='ocr_line' id='line_1_10' title="bbox 422 924 2002 1002; baseline 0.011 -28"><span class='ocrx_word' id='word_1_49' title='bbox 422 924 565 978; x_wconf 73' lang='lat' dir='ltr'><strong>valet</strong></span> <span class='ocrx_word' id='word_1_50' title='bbox 591 924 795 989; x_wconf 80' lang='lat' dir='ltr'><strong>dicere,</strong></span> <span class='ocrx_word' id='word_1_51' title='bbox 823 926 1033 981; x_wconf 88' lang='lat' dir='ltr'><strong>dictum</strong></span> <span class='ocrx_word' id='word_1_52' title='bbox 1070 927 1177 983; x_wconf 87' lang='lat' dir='ltr'><strong>hoc</strong></span> <span class='ocrx_word' id='word_1_53' title='bbox 1209 929 1382 986; x_wconf 78' lang='lat' dir='ltr'><strong>fuisse</strong></span> <span class='ocrx_word' id='word_1_54' title='bbox 1414 931 1699 1002; x_wconf 85' lang='lat' dir='ltr'><strong>implicite,</strong></span> <span class='ocrx_word' id='word_1_55' title='bbox 1734 933 1841 991; x_wconf 83' lang='lat' dir='ltr'><strong>illis</strong></span> <span class='ocrx_word' id='word_1_56' title='bbox 1875 928 2002 991; x_wconf 50' lang='lat' dir='ltr'><strong>v‘erl-</strong></span> 
     </span>
    </p>
   </div>
   <div class='ocr_carea' id='block_1_11' title="bbox 417 1015 2001 1095">
    <p class='ocr_par' dir='ltr' id='par_1_11' title="bbox 417 1015 2001 1095">
     <span class='ocr_line' id='line_1_11' title="bbox 417 1015 2001 1095; baseline 0.009 -27"><span class='ocrx_word' id='word_1_57' title='bbox 417 1015 524 1080; x_wconf 86' lang='lat' dir='ltr'><strong>bis,</strong></span> <span class='ocrx_word' id='word_1_58' title='bbox 584 1032 704 1083; x_wconf 67' lang='lat' dir='ltr'><strong>qua!</strong></span> <span class='ocrx_word' id='word_1_59' title='bbox 734 1026 914 1072; x_wconf 89' lang='lat' dir='ltr'><strong>tamen</strong></span> <span class='ocrx_word' id='word_1_60' title='bbox 945 1033 1054 1073; x_wconf 92' lang='lat' dir='ltr'><strong>non</strong></span> <span class='ocrx_word' id='word_1_61' title='bbox 1087 1019 1140 1073; x_wconf 90' lang='lat' dir='ltr'><strong>id</strong></span> <span class='ocrx_word' id='word_1_62' title='bbox 1185 1035 1445 1090; x_wconf 80' lang='lat' dir='ltr'><strong>expresse</strong></span> <span class='ocrx_word' id='word_1_63' title='bbox 1497 1022 1827 1095; x_wconf 77' lang='lat' dir='ltr'><strong>signiﬁcant,</strong></span> <span class='ocrx_word' id='word_1_64' title='bbox 1887 1040 2001 1083; x_wconf 91' lang='lat' dir='ltr'><strong>tum</strong></span> 
     </span>
    </p>
   </div>
   <div class='ocr_carea' id='block_1_12' title="bbox 418 1106 2005 1191">
    <p class='ocr_par' dir='ltr' id='par_1_12' title="bbox 418 1106 2005 1191">
     <span class='ocr_line' id='line_1_12' title="bbox 418 1106 2005 1191; baseline 0.011 -32"><span class='ocrx_word' id='word_1_65' title='bbox 418 1107 547 1175; x_wconf 88' lang='lat' dir='ltr'><strong>quia</strong></span> <span class='ocrx_word' id='word_1_66' title='bbox 586 1125 761 1179; x_wconf 89' lang='lat' dir='ltr'><strong>neque</strong></span> <span class='ocrx_word' id='word_1_67' title='bbox 804 1111 1006 1166; x_wconf 71' lang='lat' dir='ltr'><strong>divinis</strong></span> <span class='ocrx_word' id='word_1_68' title='bbox 1047 1108 1333 1169; x_wconf 82' lang='lat' dir='ltr'><strong>sacrarum</strong></span> <span class='ocrx_word' id='word_1_69' title='bbox 1378 1106 2005 1191; x_wconf 41' lang='lat' dir='ltr'><strong>Scripturarum&#39;neque</strong></span> 
     </span>
    </p>
   </div>
   <div class='ocr_carea' id='block_1_13' title="bbox 420 1197 2005 1278">
    <p class='ocr_par' dir='ltr' id='par_1_13' title="bbox 420 1197 2005 1278">
     <span class='ocr_line' id='line_1_13' title="bbox 420 1197 2005 1278; baseline 0.009 -26"><span class='ocrx_word' id='word_1_70' title='bbox 420 1198 677 1255; x_wconf 85' lang='lat' dir='ltr'><strong>humanis</strong></span> <span class='ocrx_word' id='word_1_71' title='bbox 708 1197 1027 1256; x_wconf 80' lang='lat' dir='ltr'><strong>sanctorum</strong></span> <span class='ocrx_word' id='word_1_72' title='bbox 1072 1202 1296 1259; x_wconf 88' lang='lat' dir='ltr'><strong>Patrum</strong></span> <span class='ocrx_word' id='word_1_73' title='bbox 1351 1202 1533 1261; x_wconf 81' lang='lat' dir='ltr'><strong>verbis</strong></span> <span class='ocrx_word' id='word_1_74' title='bbox 1589 1197 1857 1278; x_wconf 76' lang='lat' dir='ltr'><strong>expresse</strong></span> <span class='ocrx_word' id='word_1_75' title='bbox 1899 1201 2005 1266; x_wconf 60' lang='lat' dir='ltr'><strong>uni</strong></span> 
     </span>
    </p>
   </div>
   <div class='ocr_carea' id='block_1_14' title="bbox 418 1284 2001 1375">
    <p class='ocr_par' dir='ltr' id='par_1_14' title="bbox 418 1284 2001 1375">
     <span class='ocr_line' id='line_1_14' title="bbox 418 1284 2001 1375; baseline 0.009 -30"><span class='ocrx_word' id='word_1_76' title='bbox 418 1306 586 1360; x_wconf 90' lang='lat' dir='ltr'><strong>quam</strong></span> <span class='ocrx_word' id='word_1_77' title='bbox 620 1294 967 1375; x_wconf 84' lang='lat' dir='ltr'><strong>enuntiatum</strong></span> <span class='ocrx_word' id='word_1_78' title='bbox 1001 1292 1105 1350; x_wconf 77' lang='lat' dir='ltr'><strong>fuit</strong></span> <span class='ocrx_word' id='word_1_79' title='bbox 1137 1286 1403 1366; x_wconf 80' lang='lat' dir='ltr'><strong>Spiritum</strong></span> <span class='ocrx_word' id='word_1_80' title='bbox 1436 1284 1737 1370; x_wconf 77' lang='lat' dir='ltr'><strong>procedere</strong></span> <span class='ocrx_word' id='word_1_81' title='bbox 1771 1318 1801 1357; x_wconf 93' lang='lat' dir='ltr'><strong>a</strong></span> <span class='ocrx_word' id='word_1_82' title='bbox 1839 1298 2001 1371; x_wconf 77' lang='lat' dir='ltr'><strong>Filio,</strong></span> 
     </span>
    </p>
   </div>
   <div class='ocr_carea' id='block_1_15' title="bbox 417 1384 2007 1463">
    <p class='ocr_par' dir='ltr' id='par_1_15' title="bbox 417 1384 2007 1463">
     <span class='ocr_line' id='line_1_15' title="bbox 417 1384 2007 1463; baseline 0.009 -25"><span class='ocrx_word' id='word_1_83' title='bbox 417 1394 532 1438; x_wconf 86' lang='lat' dir='ltr'><strong>tum</strong></span> <span class='ocrx_word' id='word_1_84' title='bbox 563 1385 691 1454; x_wconf 88' lang='lat' dir='ltr'><strong>quia</strong></span> <span class='ocrx_word' id='word_1_85' title='bbox 723 1384 971 1442; x_wconf 75' lang='lat' dir='ltr'><strong>formulm</strong></span> <span class='ocrx_word' id='word_1_86' title='bbox 999 1384 1216 1458; x_wconf 79' lang='lat' dir='ltr'><strong>quidem</strong></span> <span class='ocrx_word' id='word_1_87' title='bbox 1250 1390 1503 1461; x_wconf 89' lang='lat' dir='ltr'><strong>loquendi</strong></span> <span class='ocrx_word' id='word_1_88' title='bbox 1560 1392 1793 1463; x_wconf 76' lang='lat' dir='ltr'><strong>Spiritus</strong></span> <span class='ocrx_word' id='word_1_89' title='bbox 1832 1396 1926 1452; x_wconf 84' lang='lat' dir='ltr'><strong>Dei</strong></span> <span class='ocrx_word' id='word_1_90' title='bbox 1942 1402 2007 1453; x_wconf 86' lang='lat' dir='ltr'><strong>&#39;ct</strong></span> 
     </span>
    </p>
   </div>
   <div class='ocr_carea' id='block_1_16' title="bbox 418 1474 2005 1562">
    <p class='ocr_par' dir='ltr' id='par_1_16' title="bbox 418 1474 2005 1562">
     <span class='ocr_line' id='line_1_16' title="bbox 418 1474 2005 1562; baseline 0.008 -30"><span class='ocrx_word' id='word_1_91' title='bbox 418 1476 631 1533; x_wconf 81' lang='lat' dir='ltr'><strong>similes</strong></span> <span class='ocrx_word' id='word_1_92' title='bbox 669 1476 1082 1548; x_wconf 71' lang='lat' dir='ltr'><strong>p&#39;rocesSiornem</strong></span> <span class='ocrx_word' id='word_1_93' title='bbox 1130 1474 1337 1539; x_wconf 82' lang='lat' dir='ltr'><strong>habent</strong></span> <span class='ocrx_word' id='word_1_94' title='bbox 1366 1474 1597 1555; x_wconf 82' lang='lat' dir='ltr'><strong>primam</strong></span> <span class='ocrx_word' id='word_1_95' title='bbox 1631 1478 2005 1562; x_wconf 50' lang='lat' dir='ltr'><strong>praecipuam-&#39;-</strong></span> 
     </span>
    </p>
   </div>
   <div class='ocr_carea' id='block_1_17' title="bbox 418 1570 2005 1653">
    <p class='ocr_par' dir='ltr' id='par_1_17' title="bbox 418 1570 2005 1653">
     <span class='ocr_line' id='line_1_17' title="bbox 418 1570 2005 1653; baseline 0.01 -31"><span class='ocrx_word' id='word_1_96' title='bbox 418 1584 525 1639; x_wconf 88' lang='lat' dir='ltr'><strong>que</strong></span> <span class='ocrx_word' id='word_1_97' title='bbox 565 1570 788 1625; x_wconf 78' lang='lat' dir='ltr'><strong>causam</strong></span> <span class='ocrx_word' id='word_1_98' title='bbox 844 1570 1367 1642; x_wconf 88' lang='lat' dir='ltr'><strong>(consubstantialis</strong></span> <span class='ocrx_word' id='word_1_99' title='bbox 1418 1577 1565 1631; x_wconf 86' lang='lat' dir='ltr'><strong>enim</strong></span> <span class='ocrx_word' id='word_1_100' title='bbox 1596 1576 1838 1648; x_wconf 89' lang='lat' dir='ltr'><strong>Spiritus</strong></span> <span class='ocrx_word' id='word_1_101' title='bbox 1874 1583 2005 1653; x_wconf 88' lang='lat' dir='ltr'><strong>quia</strong></span> 
     </span>
    </p>
   </div>
   <div class='ocr_carea' id='block_1_18' title="bbox 417 1660 2004 1743">
    <p class='ocr_par' dir='ltr' id='par_1_18' title="bbox 417 1660 2004 1743">
     <span class='ocr_line' id='line_1_18' title="bbox 417 1660 2004 1743; baseline 0.014 -34"><span class='ocrx_word' id='word_1_102' title='bbox 417 1660 684 1727; x_wconf 82' lang='lat' dir='ltr'><strong>procedit,</strong></span> <span class='ocrx_word' id='word_1_103' title='bbox 718 1677 825 1719; x_wconf 86' lang='lat' dir='ltr'><strong>non</strong></span> <span class='ocrx_word' id='word_1_104' title='bbox 849 1678 979 1719; x_wconf 89' lang='lat' dir='ltr'><strong>vero</strong></span> <span class='ocrx_word' id='word_1_105' title='bbox 1034 1664 1161 1736; x_wconf 85' lang='lat' dir='ltr'><strong>quia</strong></span> <span class='ocrx_word' id='word_1_106' title='bbox 1192 1666 1701 1736; x_wconf 84' lang='lat' dir='ltr'><strong>consubstantialis,</strong></span> <span class='ocrx_word' id='word_1_107' title='bbox 1734 1660 2004 1743; x_wconf 37' lang='lat' dir='ltr'><strong>e‘t&#39;proce-</strong></span> 
     </span>
    </p>
   </div>
   <div class='ocr_carea' id='block_1_19' title="bbox 2104 563 3690 645">
    <p class='ocr_par' dir='ltr' id='par_1_19' title="bbox 2104 563 3690 645">
     <span class='ocr_line' id='line_1_19' title="bbox 2104 563 3690 645; baseline 0.001 -24"><span class='ocrx_word' id='word_1_108' title='bbox 2104 566 2242 637; x_wconf 75' lang='grc' dir='ltr'>πρὸς</span> <span class='ocrx_word' id='word_1_109' title='bbox 2276 567 2434 638; x_wconf 77' lang='grc' dir='ltr'>ἡμῶν</span> <span class='ocrx_word' id='word_1_110' title='bbox 2467 570 2534 622; x_wconf 78' lang='grc' dir='ltr'><strong>ἂν</strong></span> <span class='ocrx_word' id='word_1_111' title='bbox 2566 563 2634 641; x_wconf 81' lang='grc' dir='ltr'>ἦν</span> <span class='ocrx_word' id='word_1_112' title='bbox 2655 585 2668 598; x_wconf 90' lang='grc'><strong>·</strong></span> <span class='ocrx_word' id='word_1_113' title='bbox 2723 570 2986 645; x_wconf 81' lang='grc' dir='ltr'><strong>μυριάκις</strong></span> <span class='ocrx_word' id='word_1_114' title='bbox 3014 573 3124 641; x_wconf 84' lang='grc' dir='ltr'><strong>γὰρ</strong></span> <span class='ocrx_word' id='word_1_115' title='bbox 3175 573 3319 625; x_wconf 80' lang='grc' dir='ltr'>κατὰ</span> <span class='ocrx_word' id='word_1_116' title='bbox 3350 571 3451 640; x_wconf 79' lang='grc' dir='ltr'>τὴν</span> <span class='ocrx_word' id='word_1_117' title='bbox 3486 571 3690 625; x_wconf 80' lang='grc' dir='ltr'>ὑπόθε-</span> 
     </span>
    </p>
   </div>
   <div class='ocr_carea' id='block_1_20' title="bbox 2104 653 3690 733">
    <p class='ocr_par' dir='ltr' id='par_1_20' title="bbox 2104 653 3690 733">
     <span class='ocr_line' id='line_1_20' title="bbox 2104 653 3690 733; baseline 0.003 -22"><span class='ocrx_word' id='word_1_118' title='bbox 2104 675 2189 711; x_wconf 90' lang='grc' dir='ltr'><strong>σιν</strong></span> <span class='ocrx_word' id='word_1_119' title='bbox 2223 653 2427 724; x_wconf 82' lang='grc' dir='ltr'>ταύτην</span> <span class='ocrx_word' id='word_1_120' title='bbox 2462 660 2862 731; x_wconf 73' lang='grc' dir='ltr'><strong>ἐκπορεύεσθαι</strong></span> <span class='ocrx_word' id='word_1_121' title='bbox 2898 664 3190 732; x_wconf 78' lang='grc' dir='ltr'>νοουμένου</span> <span class='ocrx_word' id='word_1_122' title='bbox 3223 662 3320 715; x_wconf 87' lang='grc' dir='ltr'><strong>τοῦ</strong></span> <span class='ocrx_word' id='word_1_123' title='bbox 3357 653 3690 733; x_wconf 74' lang='grc' dir='ltr'>Πνεύματος</span> 
     </span>
    </p>
   </div>
   <div class='ocr_carea' id='block_1_21' title="bbox 2101 734 3695 826">
    <p class='ocr_par' dir='ltr' id='par_1_21' title="bbox 2101 734 3695 826">
     <span class='ocr_line' id='line_1_21' title="bbox 2101 734 3695 826; baseline 0.003 -22"><span class='ocrx_word' id='word_1_124' title='bbox 2101 751 2168 805; x_wconf 71' lang='grc' dir='ltr'>ἐκ</span> <span class='ocrx_word' id='word_1_125' title='bbox 2195 751 2288 805; x_wconf 90' lang='grc' dir='ltr'><strong>τοῦ</strong></span> <span class='ocrx_word' id='word_1_126' title='bbox 2321 734 2556 822; x_wconf 44' lang='lat' dir='ltr'><strong>nisi»;</strong></span> <span class='ocrx_word' id='word_1_127' title='bbox 2587 753 2705 817; x_wconf 91' lang='grc' dir='ltr'><strong>πῶς</strong></span> <span class='ocrx_word' id='word_1_128' title='bbox 2732 754 2840 807; x_wconf 85' lang='grc' dir='ltr'>οὐδ’</span> <span class='ocrx_word' id='word_1_129' title='bbox 2867 744 3695 826; x_wconf 69' lang='grc' dir='ltr'>ἅπαξεῖρηται’ἐκπορεύεσθαι</span> 
     </span>
    </p>
   </div>
   <div class='ocr_carea' id='block_1_22' title="bbox 2102 842 3697 916">
    <p class='ocr_par' dir='ltr' id='par_1_22' title="bbox 2102 842 3697 916">
     <span class='ocr_line' id='line_1_22' title="bbox 2102 842 3697 916; baseline 0 -19"><span class='ocrx_word' id='word_1_130' title='bbox 2102 843 2197 897; x_wconf 87' lang='grc' dir='ltr'><strong>τοῦ</strong></span> <span class='ocrx_word' id='word_1_131' title='bbox 2234 842 2403 909; x_wconf 90' lang='grc' dir='ltr'>Υίοῦ;</span> <span class='ocrx_word' id='word_1_132' title='bbox 2437 844 2511 897; x_wconf 84' lang='grc' dir='ltr'><strong>Οὐ</strong></span> <span class='ocrx_word' id='word_1_133' title='bbox 2552 844 2660 915; x_wconf 81' lang='grc' dir='ltr'><strong>γὰρ</strong></span> <span class='ocrx_word' id='word_1_134' title='bbox 2717 844 2829 915; x_wconf 81' lang='grc' dir='ltr'>ἔχει</span> <span class='ocrx_word' id='word_1_135' title='bbox 2882 846 3066 916; x_wconf 83' lang='grc' dir='ltr'>χῶραν</span> <span class='ocrx_word' id='word_1_136' title='bbox 3104 848 3304 911; x_wconf 79' lang='grc' dir='ltr'>εἰπεῖν,</span> <span class='ocrx_word' id='word_1_137' title='bbox 3357 846 3432 909; x_wconf 84' lang='grc' dir='ltr'>ὡς</span> <span class='ocrx_word' id='word_1_138' title='bbox 3465 847 3697 916; x_wconf 78' lang='grc' dir='ltr'>εἴρηται</span> 
     </span>
    </p>
   </div>
   <div class='ocr_carea' id='block_1_23' title="bbox 2101 926 3695 1009">
    <p class='ocr_par' dir='ltr' id='par_1_23' title="bbox 2101 926 3695 1009">
     <span class='ocr_line' id='line_1_23' title="bbox 2101 926 3695 1009; baseline 0.001 -22"><span class='ocrx_word' id='word_1_139' title='bbox 2101 926 2339 989; x_wconf 74' lang='grc' dir='ltr'>διὰ’τῶν</span> <span class='ocrx_word' id='word_1_140' title='bbox 2393 928 2593 1003; x_wconf 72' lang='grc' dir='ltr'>λόγων,</span> <span class='ocrx_word' id='word_1_141' title='bbox 2628 931 2969 1005; x_wconf 77' lang='grc' dir='ltr'>οἲμηδόλως</span> <span class='ocrx_word' id='word_1_142' title='bbox 3030 934 3191 989; x_wconf 88' lang='grc' dir='ltr'>τοῦτο</span> <span class='ocrx_word' id='word_1_143' title='bbox 3236 938 3566 1009; x_wconf 75' lang='grc' dir='ltr'><strong>σημαίνουσι</strong></span> <span class='ocrx_word' id='word_1_144' title='bbox 3617 940 3695 1007; x_wconf 72' lang='grc' dir='ltr'>τῇ</span> 
     </span>
    </p>
   </div>
   <div class='ocr_carea' id='block_1_24' title="bbox 2103 1018 3701 1097">
    <p class='ocr_par' dir='ltr' id='par_1_24' title="bbox 2103 1018 3701 1097">
     <span class='ocr_line' id='line_1_24' title="bbox 2103 1018 3701 1097; baseline 0.002 -23"><span class='ocrx_word' id='word_1_145' title='bbox 2103 1025 2279 1093; x_wconf 79' lang='grc' dir='ltr'>φωνῇ,</span> <span class='ocrx_word' id='word_1_146' title='bbox 2309 1024 2401 1075; x_wconf 68' lang='grc' dir='ltr'><strong>καὶ</strong></span> <span class='ocrx_word' id='word_1_147' title='bbox 2440 1024 2521 1075; x_wconf 83' lang='grc' dir='ltr'>ὄτι</span> <span class='ocrx_word' id='word_1_148' title='bbox 2549 1025 2688 1093; x_wconf 86' lang='grc' dir='ltr'>μήτε</span> <span class='ocrx_word' id='word_1_149' title='bbox 2715 1024 2903 1089; x_wconf 76' lang='grc' dir='ltr'>θείοις,</span> <span class='ocrx_word' id='word_1_150' title='bbox 2930 1018 3044 1078; x_wconf 81' lang='grc' dir='ltr'>ἀλλ’</span> <span class='ocrx_word' id='word_1_151' title='bbox 3071 1026 3177 1079; x_wconf 83' lang='grc' dir='ltr'>οὐδ’</span> <span class='ocrx_word' id='word_1_152' title='bbox 3201 1025 3565 1097; x_wconf 74' lang='grc' dir='ltr'><strong>ἀνθρωπίνοις</strong></span> <span class='ocrx_word' id='word_1_153' title='bbox 3589 1026 3701 1081; x_wconf 81' lang='grc' dir='ltr'><strong>καὶ</strong></span> 
     </span>
    </p>
   </div>
   <div class='ocr_carea' id='block_1_25' title="bbox 2104 1106 3698 1185">
    <p class='ocr_par' dir='ltr' id='par_1_25' title="bbox 2104 1106 3698 1185">
     <span class='ocr_line' id='line_1_25' title="bbox 2104 1106 3698 1185; baseline 0.004 -23"><span class='ocrx_word' id='word_1_154' title='bbox 2104 1112 2577 1185; x_wconf 69' lang='grc' dir='ltr'>πνευματοφύροις</span> <span class='ocrx_word' id='word_1_155' title='bbox 2599 1106 2807 1183; x_wconf 74' lang='grc' dir='ltr'>ῥήμασι</span> <span class='ocrx_word' id='word_1_156' title='bbox 2833 1108 3146 1179; x_wconf 61' lang='grc' dir='ltr'>καταλέξειν</span> <span class='ocrx_word' id='word_1_157' title='bbox 3168 1117 3285 1184; x_wconf 79' lang='grc' dir='ltr'>ποτ’</span> <span class='ocrx_word' id='word_1_158' title='bbox 3303 1114 3584 1185; x_wconf 71' lang='grc' dir='ltr'>ἀνερρήθη</span> <span class='ocrx_word' id='word_1_159' title='bbox 3606 1116 3698 1184; x_wconf 76' lang='grc' dir='ltr'><strong>(ἰ)</strong></span> 
     </span>
    </p>
   </div>
   <div class='ocr_carea' id='block_1_26' title="bbox 2104 1184 3703 1275">
    <p class='ocr_par' dir='ltr' id='par_1_26' title="bbox 2104 1184 3703 1275">
     <span class='ocr_line' id='line_1_26' title="bbox 2104 1184 3703 1275; baseline 0.003 -23"><span class='ocrx_word' id='word_1_160' title='bbox 2104 1190 2168 1253; x_wconf 75' lang='grc' dir='ltr'><strong>τδ</strong></span> <span class='ocrx_word' id='word_1_161' title='bbox 2219 1184 2880 1275; x_wconf 25' lang='grc' dir='ltr'>Πνεῦμα-ἐκπορεύεσθαι</span> <span class='ocrx_word' id='word_1_162' title='bbox 2912 1202 3004 1257; x_wconf 91' lang='grc' dir='ltr'><strong>τοῦ</strong></span> <span class='ocrx_word' id='word_1_163' title='bbox 3041 1203 3217 1257; x_wconf 76' lang='grc' dir='ltr'>Υίοῦο</span> <span class='ocrx_word' id='word_1_164' title='bbox 3250 1202 3348 1259; x_wconf 63' lang='grc' dir='ltr'><strong>καὶ</strong></span> <span class='ocrx_word' id='word_1_165' title='bbox 3484 1205 3547 1258; x_wconf 81' lang='grc' dir='ltr'><strong>τὸ</strong></span> <span class='ocrx_word' id='word_1_166' title='bbox 3578 1184 3703 1275; x_wconf 81' lang='grc' dir='ltr'><strong>μὲν</strong></span> 
     </span>
    </p>
   </div>
   <div class='ocr_carea' id='block_1_27' title="bbox 2105 1290 3699 1367">
    <p class='ocr_par' dir='ltr' id='par_1_27' title="bbox 2105 1290 3699 1367">
     <span class='ocr_line' id='line_1_27' title="bbox 2105 1290 3699 1367; baseline 0.002 -22"><span class='ocrx_word' id='word_1_167' title='bbox 2105 1290 2461 1359; x_wconf 66' lang='grc' dir='ltr'>λέγεσθαιτδ</span> <span class='ocrx_word' id='word_1_168' title='bbox 2488 1292 2719 1366; x_wconf 86' lang='grc' dir='ltr'>Πνεῦμα</span> <span class='ocrx_word' id='word_1_169' title='bbox 2758 1290 2854 1349; x_wconf 88' lang='grc' dir='ltr'><strong>τοῦ</strong></span> <span class='ocrx_word' id='word_1_170' title='bbox 2888 1290 3025 1349; x_wconf 67' lang='grc' dir='ltr'>Θεοῦ</span> <span class='ocrx_word' id='word_1_171' title='bbox 3062 1296 3160 1350; x_wconf 74' lang='grc' dir='ltr'>καὶ</span> <span class='ocrx_word' id='word_1_172' title='bbox 3198 1294 3269 1349; x_wconf 79' lang='grc' dir='ltr'>τὰ</span> <span class='ocrx_word' id='word_1_173' title='bbox 3316 1295 3699 1367; x_wconf 67' lang='grc' dir='ltr'>παραπλήσια</span> 
     </span>
    </p>
   </div>
   <div class='ocr_carea' id='block_1_28' title="bbox 2103 1382 3690 1465">
    <p class='ocr_par' dir='ltr' id='par_1_28' title="bbox 2103 1382 3690 1465">
     <span class='ocr_line' id='line_1_28' title="bbox 2103 1382 3690 1465; baseline 0.003 -26"><span class='ocrx_word' id='word_1_174' title='bbox 2103 1385 2203 1455; x_wconf 76' lang='grc' dir='ltr'><strong>τὴν</strong></span> <span class='ocrx_word' id='word_1_175' title='bbox 2230 1387 2565 1465; x_wconf 31' lang='grc' dir='ltr'>ὲκπὸρευσιν,</span> <span class='ocrx_word' id='word_1_176' title='bbox 2590 1386 2778 1459; x_wconf 72' lang='grc' dir='ltr'>ἔχουσι</span> <span class='ocrx_word' id='word_1_177' title='bbox 2816 1382 3042 1457; x_wconf 65' lang='grc' dir='ltr'>πρώτην</span> <span class='ocrx_word' id='word_1_178' title='bbox 3062 1389 3244 1443; x_wconf 77' lang='grc' dir='ltr'>αἰτίαν</span> <span class='ocrx_word' id='word_1_179' title='bbox 3267 1384 3365 1442; x_wconf 70' lang='grc' dir='ltr'>καὶ</span> <span class='ocrx_word' id='word_1_180' title='bbox 3400 1390 3690 1459; x_wconf 82' lang='grc' dir='ltr'>κυριωτά-</span> 
     </span>
    </p>
   </div>
   <div class='ocr_carea' id='block_1_29' title="bbox 2106 1470 3696 1552">
    <p class='ocr_par' dir='ltr' id='par_1_29' title="bbox 2106 1470 3696 1552">
     <span class='ocr_line' id='line_1_29' title="bbox 2106 1470 3696 1552; baseline 0.002 -21"><span class='ocrx_word' id='word_1_181' title='bbox 2106 1470 2207 1549; x_wconf 71' lang='grc' dir='ltr'><strong>την</strong></span> <span class='ocrx_word' id='word_1_182' title='bbox 2230 1472 2496 1552; x_wconf 36' lang='grc' dir='ltr'>,(καὶγὰρ</span> <span class='ocrx_word' id='word_1_183' title='bbox 2521 1480 2826 1549; x_wconf 80' lang='grc' dir='ltr'>ὁμοούσιον,</span> <span class='ocrx_word' id='word_1_184' title='bbox 2854 1470 2988 1534; x_wconf 83' lang='grc' dir='ltr'>διότι</span> <span class='ocrx_word' id='word_1_185' title='bbox 3049 1480 3434 1552; x_wconf 81' lang='grc' dir='ltr'><strong>ἐκπορεύεται,</strong></span> <span class='ocrx_word' id='word_1_186' title='bbox 3458 1483 3520 1534; x_wconf 83' lang='grc' dir='ltr'><strong>οὐ</strong></span> <span class='ocrx_word' id='word_1_187' title='bbox 3547 1482 3696 1535; x_wconf 83' lang='grc' dir='ltr'><strong>διότι</strong></span> 
     </span>
    </p>
   </div>
   <div class='ocr_carea' id='block_1_30' title="bbox 2104 1560 3707 1644">
    <p class='ocr_par' dir='ltr' id='par_1_30' title="bbox 2104 1560 3707 1644">
     <span class='ocr_line' id='line_1_30' title="bbox 2104 1560 3707 1644; baseline 0.003 -21"><span class='ocrx_word' id='word_1_188' title='bbox 2104 1560 2161 1623; x_wconf 66' lang='grc' dir='ltr'>δὲ</span> <span class='ocrx_word' id='word_1_189' title='bbox 2191 1560 2497 1640; x_wconf 79' lang='grc' dir='ltr'>ὁμοούσιον,</span> <span class='ocrx_word' id='word_1_190' title='bbox 2530 1570 2882 1644; x_wconf 64' lang='grc' dir='ltr'>ἐκπορευτόν)</span> <span class='ocrx_word' id='word_1_191' title='bbox 2906 1586 2921 1602; x_wconf 86' lang='grc'><strong>⁰</strong></span> <span class='ocrx_word' id='word_1_192' title='bbox 2958 1572 3021 1626; x_wconf 79' lang='grc' dir='ltr'>τὸ</span> <span class='ocrx_word' id='word_1_193' title='bbox 3070 1572 3129 1625; x_wconf 83' lang='grc' dir='ltr'>δὲ</span> <span class='ocrx_word' id='word_1_194' title='bbox 3155 1573 3411 1641; x_wconf 84' lang='grc' dir='ltr'>λέγεσθαι</span> <span class='ocrx_word' id='word_1_195' title='bbox 3442 1573 3707 1644; x_wconf 79' lang='grc' dir='ltr'><strong>Πνεῦμα</strong></span> 
     </span>
    </p>
   </div>
   <div class='ocr_carea' id='block_1_31' title="bbox 2105 1654 3702 1736">
    <p class='ocr_par' dir='ltr' id='par_1_31' title="bbox 2105 1654 3702 1736">
     <span class='ocr_line' id='line_1_31' title="bbox 2105 1654 3702 1736; baseline 0.001 -19"><span class='ocrx_word' id='word_1_196' title='bbox 2105 1658 2216 1718; x_wconf 73' lang='grc' dir='ltr'><strong>τοῦ</strong></span> <span class='ocrx_word' id='word_1_197' title='bbox 2251 1654 2389 1718; x_wconf 64' lang='lat' dir='ltr'><strong>rio?)</strong></span> <span class='ocrx_word' id='word_1_198' title='bbox 2420 1654 2463 1733; x_wconf 61' lang='grc' dir='ltr'>ἦ</span> <span class='ocrx_word' id='word_1_199' title='bbox 2485 1654 2746 1733; x_wconf 74' lang='grc' dir='ltr'>Χριστοῦ</span> <span class='ocrx_word' id='word_1_200' title='bbox 2779 1654 2817 1736; x_wconf 58' lang='lat' dir='ltr'><strong>ﬁ</strong></span> <span class='ocrx_word' id='word_1_201' title='bbox 2844 1664 2914 1718; x_wconf 82' lang='grc' dir='ltr'>τὰ</span> <span class='ocrx_word' id='word_1_202' title='bbox 2965 1663 3194 1719; x_wconf 84' lang='grc' dir='ltr'>τοιαῦτα</span> <span class='ocrx_word' id='word_1_203' title='bbox 3240 1667 3306 1718; x_wconf 81' lang='grc' dir='ltr'>ὲκ</span> <span class='ocrx_word' id='word_1_204' title='bbox 3341 1664 3702 1736; x_wconf 79' lang='grc' dir='ltr'>πολυμεροῦς</span> 
     </span>
    </p>
   </div>
   <div class='ocr_carea' id='block_1_32' title="bbox 416 1747 2010 1837">
    <p class='ocr_par' dir='ltr' id='par_1_32' title="bbox 416 1749 2002 1834">
     <span class='ocr_line' id='line_1_32' title="bbox 416 1749 2002 1834; baseline 0.011 -30"><span class='ocrx_word' id='word_1_205' title='bbox 416 1749 552 1806; x_wconf 89' lang='lat' dir='ltr'><strong>deus</strong></span> <span class='ocrx_word' id='word_1_206' title='bbox 578 1753 705 1823; x_wconf 72' lang='grc' dir='ltr'>σει).</span> <span class='ocrx_word' id='word_1_207' title='bbox 736 1752 857 1812; x_wconf 81' lang='lat' dir='ltr'><strong>istae</strong></span> <span class='ocrx_word' id='word_1_208' title='bbox 888 1769 1071 1815; x_wconf 87' lang='lat' dir='ltr'><strong>autem</strong></span> <span class='ocrx_word' id='word_1_209' title='bbox 1120 1764 1429 1820; x_wconf 88' lang='lat' dir='ltr'><strong>locutiones</strong></span> <span class='ocrx_word' id='word_1_210' title='bbox 1485 1752 1741 1834; x_wconf 64' lang='lat' dir='ltr'><strong>Spiritus</strong></span> <span class='ocrx_word' id='word_1_211' title='bbox 1762 1750 1895 1821; x_wconf 77' lang='lat' dir='ltr'><strong>Filii</strong></span> <span class='ocrx_word' id='word_1_212' title='bbox 1919 1767 2002 1822; x_wconf 90' lang='lat' dir='ltr'><strong>vel</strong></span> 
     </span>
    </p>
   </div>
   <div class='ocr_carea' id='block_1_33' title="bbox 2112 1747 3702 1837">
    <p class='ocr_par' dir='ltr' id='par_1_33' title="bbox 2112 1747 3702 1837">
     <span class='ocr_line' id='line_1_33' title="bbox 2112 1747 3702 1837; baseline -0.001 -27"><span class='ocrx_word' id='word_1_213' title='bbox 2112 1748 2360 1827; x_wconf 73' lang='grc' dir='ltr'>πρόεισιν</span> <span class='ocrx_word' id='word_1_214' title='bbox 2406 1747 2586 1820; x_wconf 75' lang='grc' dir='ltr'>αἰτίας</span> <span class='ocrx_word' id='word_1_215' title='bbox 2629 1758 2789 1827; x_wconf 80' lang='grc' dir='ltr'>(διότι</span> <span class='ocrx_word' id='word_1_216' title='bbox 2825 1748 2909 1827; x_wconf 43' lang='grc' dir='ltr'>τεί</span> <span class='ocrx_word' id='word_1_217' title='bbox 2943 1758 3052 1829; x_wconf 79' lang='grc' dir='ltr'><strong>γὰρ</strong></span> <span class='ocrx_word' id='word_1_218' title='bbox 3083 1758 3375 1837; x_wconf 83' lang='grc' dir='ltr'>ὁμοούσιον</span> <span class='ocrx_word' id='word_1_219' title='bbox 3428 1757 3523 1812; x_wconf 71' lang='grc' dir='ltr'>καὶ</span> <span class='ocrx_word' id='word_1_220' title='bbox 3552 1759 3702 1812; x_wconf 79' lang='grc' dir='ltr'>διότι</span> 
     </span>
    </p>
   </div>
   <div class='ocr_carea' id='block_1_34' title="bbox 415 1838 2010 1928">
    <p class='ocr_par' dir='ltr' id='par_1_34' title="bbox 415 1842 2006 1928">
     <span class='ocr_line' id='line_1_34' title="bbox 415 1842 2006 1928; baseline 0.009 -30"><span class='ocrx_word' id='word_1_221' title='bbox 415 1842 616 1899; x_wconf 77' lang='lat' dir='ltr'><strong>Christi</strong></span> <span class='ocrx_word' id='word_1_222' title='bbox 658 1855 714 1901; x_wconf 91' lang='lat' dir='ltr'><strong>et</strong></span> <span class='ocrx_word' id='word_1_223' title='bbox 757 1842 965 1906; x_wconf 58' lang='lat' dir='ltr'><strong>caeteras</strong></span> <span class='ocrx_word' id='word_1_224' title='bbox 1000 1868 1064 1907; x_wconf 84' lang='lat' dir='ltr'><strong>ex</strong></span> <span class='ocrx_word' id='word_1_225' title='bbox 1098 1856 1267 1913; x_wconf 90' lang='lat' dir='ltr'><strong>variis</strong></span> <span class='ocrx_word' id='word_1_226' title='bbox 1291 1857 1542 1913; x_wconf 89' lang='lat' dir='ltr'><strong>oriuntur</strong></span> <span class='ocrx_word' id='word_1_227' title='bbox 1574 1858 1759 1913; x_wconf 79' lang='lat' dir='ltr'><strong>causis</strong></span> <span class='ocrx_word' id='word_1_228' title='bbox 1791 1844 2006 1928; x_wconf 55' lang='lat' dir='ltr'><strong>(videlié</strong></span> 
     </span>
    </p>
   </div>
   <div class='ocr_carea' id='block_1_35' title="bbox 2112 1838 3709 1928">
    <p class='ocr_par' dir='ltr' id='par_1_35' title="bbox 2112 1838 3709 1922">
     <span class='ocr_line' id='line_1_35' title="bbox 2112 1838 3709 1922; baseline 0.004 -22"><span class='ocrx_word' id='word_1_229' title='bbox 2112 1838 2252 1920; x_wconf 78' lang='grc' dir='ltr'>χρίει</span> <span class='ocrx_word' id='word_1_230' title='bbox 2280 1840 2443 1903; x_wconf 70' lang='grc' dir='ltr'>αύτδν</span> <span class='ocrx_word' id='word_1_231' title='bbox 2493 1851 2590 1905; x_wconf 75' lang='grc' dir='ltr'>καὶ</span> <span class='ocrx_word' id='word_1_232' title='bbox 2642 1850 2777 1905; x_wconf 76' lang='grc' dir='ltr'>διότι</span> <span class='ocrx_word' id='word_1_233' title='bbox 2824 1851 2973 1922; x_wconf 83' lang='grc' dir='ltr'>μένει</span> <span class='ocrx_word' id='word_1_234' title='bbox 2998 1852 3087 1904; x_wconf 74' lang='grc' dir='ltr'>ἐπ’</span> <span class='ocrx_word' id='word_1_235' title='bbox 3132 1851 3296 1904; x_wconf 77' lang='grc' dir='ltr'>αὐτὸν</span> <span class='ocrx_word' id='word_1_236' title='bbox 3332 1852 3428 1905; x_wconf 79' lang='grc' dir='ltr'>καὶ</span> <span class='ocrx_word' id='word_1_237' title='bbox 3460 1851 3595 1904; x_wconf 86' lang='grc' dir='ltr'>διότι</span> <span class='ocrx_word' id='word_1_238' title='bbox 3635 1853 3709 1906; x_wconf 73' lang='grc' dir='ltr'>ἐν</span> 
     </span>
    </p>
   </div>
   <div class='ocr_carea' id='block_1_36' title="bbox 416 1938 2005 2019">
    <p class='ocr_par' dir='ltr' id='par_1_36' title="bbox 416 1938 2005 2019">
     <span class='ocr_line' id='line_1_36' title="bbox 416 1938 2005 2019; baseline 0.011 -30"><span class='ocrx_word' id='word_1_239' title='bbox 416 1944 503 1991; x_wconf 90' lang='lat' dir='ltr'><strong>cet</strong></span> <span class='ocrx_word' id='word_1_240' title='bbox 555 1938 683 2007; x_wconf 88' lang='lat' dir='ltr'><strong>quia</strong></span> <span class='ocrx_word' id='word_1_241' title='bbox 738 1943 1227 2003; x_wconf 89' lang='lat' dir='ltr'><strong>consubstantialis</strong></span> <span class='ocrx_word' id='word_1_242' title='bbox 1256 1948 1305 2003; x_wconf 89' lang='lat' dir='ltr'><strong>ei</strong></span> <span class='ocrx_word' id='word_1_243' title='bbox 1362 1958 1446 2005; x_wconf 88' lang='lat' dir='ltr'><strong>est</strong></span> <span class='ocrx_word' id='word_1_244' title='bbox 1502 1947 1741 2019; x_wconf 85' lang='lat' dir='ltr'><strong>Spiritus</strong></span> <span class='ocrx_word' id='word_1_245' title='bbox 1791 1938 2005 2019; x_wconf 30' lang='lat' dir='ltr'><strong>et&#39;quia</strong></span> 
     </span>
    </p>
   </div>
   <div class='ocr_carea' id='block_1_37' title="bbox 416 2024 2011 2112">
    <p class='ocr_par' dir='ltr' id='par_1_37' title="bbox 416 2024 2011 2112">
     <span class='ocr_line' id='line_1_37' title="bbox 416 2024 2011 2112; baseline 0.011 -31"><span class='ocrx_word' id='word_1_246' title='bbox 416 2029 712 2102; x_wconf 77' lang='lat' dir='ltr'><strong>ungiteum</strong></span> <span class='ocrx_word' id='word_1_247' title='bbox 736 2042 791 2088; x_wconf 90' lang='lat' dir='ltr'><strong>et</strong></span> <span class='ocrx_word' id='word_1_248' title='bbox 826 2036 950 2105; x_wconf 81' lang='lat' dir='ltr'><strong>quia</strong></span> <span class='ocrx_word' id='word_1_249' title='bbox 979 2028 1162 2093; x_wconf 83' lang='lat' dir='ltr'><strong>manet</strong></span> <span class='ocrx_word' id='word_1_250' title='bbox 1182 2055 1348 2110; x_wconf 88' lang='lat' dir='ltr'><strong>super</strong></span> <span class='ocrx_word' id='word_1_251' title='bbox 1377 2056 1503 2095; x_wconf 90' lang='lat' dir='ltr'><strong>eum</strong></span> <span class='ocrx_word' id='word_1_252' title='bbox 1530 2024 1665 2097; x_wconf 83' lang='lat' dir='ltr'><strong>etin</strong></span> <span class='ocrx_word' id='word_1_253' title='bbox 1685 2044 1793 2112; x_wconf 91' lang='lat' dir='ltr'><strong>eo).</strong></span> <span class='ocrx_word' id='word_1_254' title='bbox 1823 2043 1879 2096; x_wconf 87' lang='lat' dir='ltr'><strong>Si</strong></span> <span class='ocrx_word' id='word_1_255' title='bbox 1906 2042 2011 2111; x_wconf 82' lang='lat' dir='ltr'><strong>igi-</strong></span> 
     </span>
    </p>
   </div>
   <div class='ocr_carea' id='block_1_38' title="bbox 415 2128 2008 2206">
    <p class='ocr_par' dir='ltr' id='par_1_38' title="bbox 415 2128 2008 2206">
     <span class='ocr_line' id='line_1_38' title="bbox 415 2128 2008 2206; baseline 0.008 -26"><span class='ocrx_word' id='word_1_256' title='bbox 415 2135 507 2180; x_wconf 90' lang='lat' dir='ltr'><strong>tur</strong></span> <span class='ocrx_word' id='word_1_257' title='bbox 540 2128 845 2194; x_wconf 85' lang='lat' dir='ltr'><strong>processio,</strong></span> <span class='ocrx_word' id='word_1_258' title='bbox 875 2129 1001 2185; x_wconf 89' lang='lat' dir='ltr'><strong>licet</strong></span> <span class='ocrx_word' id='word_1_259' title='bbox 1046 2132 1115 2187; x_wconf 89' lang='lat' dir='ltr'><strong>sit</strong></span> <span class='ocrx_word' id='word_1_260' title='bbox 1145 2148 1312 2189; x_wconf 89' lang='lat' dir='ltr'><strong>causa</strong></span> <span class='ocrx_word' id='word_1_261' title='bbox 1336 2134 1620 2204; x_wconf 85' lang='lat' dir='ltr'><strong>potissima</strong></span> <span class='ocrx_word' id='word_1_262' title='bbox 1645 2150 1746 2190; x_wconf 89' lang='lat' dir='ltr'><strong>cur</strong></span> <span class='ocrx_word' id='word_1_263' title='bbox 1771 2132 2008 2206; x_wconf 83' lang='lat' dir='ltr'><strong>Spiritus</strong></span> 
     </span>
    </p>
   </div>
   <div class='ocr_carea' id='block_1_39' title="bbox 413 2210 2008 2294">
    <p class='ocr_par' dir='ltr' id='par_1_39' title="bbox 413 2210 2008 2294">
     <span class='ocr_line' id='line_1_39' title="bbox 413 2210 2008 2294; baseline 0.008 -23"><span class='ocrx_word' id='word_1_264' title='bbox 413 2216 631 2272; x_wconf 81' lang='lat' dir='ltr'><strong>dicatur</strong></span> <span class='ocrx_word' id='word_1_265' title='bbox 650 2234 770 2274; x_wconf 88' lang='lat' dir='ltr'><strong>esse</strong></span> <span class='ocrx_word' id='word_1_266' title='bbox 798 2219 890 2275; x_wconf 91' lang='lat' dir='ltr'><strong>Dei</strong></span> <span class='ocrx_word' id='word_1_267' title='bbox 926 2231 980 2277; x_wconf 88' lang='lat' dir='ltr'><strong>et</strong></span> <span class='ocrx_word' id='word_1_268' title='bbox 1012 2210 1229 2279; x_wconf 87' lang='lat' dir='ltr'><strong>Domini</strong></span> <span class='ocrx_word' id='word_1_269' title='bbox 1281 2235 1337 2282; x_wconf 90' lang='lat' dir='ltr'><strong>et</strong></span> <span class='ocrx_word' id='word_1_270' title='bbox 1379 2227 1602 2294; x_wconf 85' lang='lat' dir='ltr'><strong>similia,</strong></span> <span class='ocrx_word' id='word_1_271' title='bbox 1655 2237 1838 2283; x_wconf 90' lang='lat' dir='ltr'><strong>tamen</strong></span> <span class='ocrx_word' id='word_1_272' title='bbox 1897 2243 2008 2283; x_wconf 87' lang='lat' dir='ltr'><strong>non</strong></span> 
     </span>
    </p>
   </div>
   <div class='ocr_carea' id='block_1_40' title="bbox 414 2302 2011 2387">
    <p class='ocr_par' dir='ltr' id='par_1_40' title="bbox 414 2302 2011 2387">
     <span class='ocr_line' id='line_1_40' title="bbox 414 2302 2011 2387; baseline 0.006 -25"><span class='ocrx_word' id='word_1_273' title='bbox 414 2307 509 2362; x_wconf 89' lang='lat' dir='ltr'><strong>dat</strong></span> <span class='ocrx_word' id='word_1_274' title='bbox 534 2307 657 2365; x_wconf 90' lang='lat' dir='ltr'><strong>istis</strong></span> <span class='ocrx_word' id='word_1_275' title='bbox 692 2308 941 2368; x_wconf 75' lang='lat' dir='ltr'><strong>vocibus</strong></span> <span class='ocrx_word' id='word_1_276' title='bbox 963 2321 1021 2367; x_wconf 90' lang='lat' dir='ltr'><strong>ut</strong></span> <span class='ocrx_word' id='word_1_277' title='bbox 1053 2316 1345 2371; x_wconf 91' lang='lat' dir='ltr'><strong>enuntient</strong></span> <span class='ocrx_word' id='word_1_278' title='bbox 1398 2302 1833 2386; x_wconf 83' lang='lat' dir='ltr'><strong>processionem,</strong></span> <span class='ocrx_word' id='word_1_279' title='bbox 1868 2332 2011 2387; x_wconf 93' lang='lat' dir='ltr'><strong>quo-</strong></span> 
     </span>
    </p>
   </div>
   <div class='ocr_carea' id='block_1_41' title="bbox 414 2394 2007 2479">
    <p class='ocr_par' dir='ltr' id='par_1_41' title="bbox 414 2394 2007 2479">
     <span class='ocr_line' id='line_1_41' title="bbox 414 2394 2007 2479; baseline 0.004 -23"><span class='ocrx_word' id='word_1_280' title='bbox 414 2402 601 2470; x_wconf 90' lang='lat' dir='ltr'><strong>modo,</strong></span> <span class='ocrx_word' id='word_1_281' title='bbox 627 2394 835 2473; x_wconf 57' lang='lat' dir='ltr'><strong>quaso,</strong></span> <span class='ocrx_word' id='word_1_282' title='bbox 884 2403 1001 2461; x_wconf 80' lang='lat' dir='ltr'><strong>ﬂeri</strong></span> <span class='ocrx_word' id='word_1_283' title='bbox 1034 2409 1252 2475; x_wconf 85' lang='lat' dir='ltr'><strong>poterit,</strong></span> <span class='ocrx_word' id='word_1_284' title='bbox 1279 2418 1338 2463; x_wconf 91' lang='lat' dir='ltr'><strong>ut</strong></span> <span class='ocrx_word' id='word_1_285' title='bbox 1378 2409 1474 2464; x_wconf 91' lang='lat' dir='ltr'><strong>ubi</strong></span> <span class='ocrx_word' id='word_1_286' title='bbox 1522 2409 1706 2479; x_wconf 89' lang='lat' dir='ltr'><strong>plures</strong></span> <span class='ocrx_word' id='word_1_287' title='bbox 1751 2409 2007 2466; x_wconf 88' lang='lat' dir='ltr'><strong>conside-</strong></span> 
     </span>
    </p>
   </div>
   <div class='ocr_carea' id='block_1_42' title="bbox 414 2484 2016 2571">
    <p class='ocr_par' dir='ltr' id='par_1_42' title="bbox 414 2484 2016 2571">
     <span class='ocr_line' id='line_1_42' title="bbox 414 2484 2016 2571; baseline 0.006 -25"><span class='ocrx_word' id='word_1_288' title='bbox 414 2488 609 2548; x_wconf 81' lang='lat' dir='ltr'><strong>rantur</strong></span> <span class='ocrx_word' id='word_1_289' title='bbox 630 2484 833 2567; x_wconf 73' lang='lat' dir='ltr'><strong>causae,</strong></span> <span class='ocrx_word' id='word_1_290' title='bbox 867 2497 938 2552; x_wconf 86' lang='lat' dir='ltr'><strong>ob</strong></span> <span class='ocrx_word' id='word_1_291' title='bbox 986 2513 1126 2568; x_wconf 89' lang='lat' dir='ltr'><strong>quas</strong></span> <span class='ocrx_word' id='word_1_292' title='bbox 1158 2497 1397 2569; x_wconf 86' lang='lat' dir='ltr'><strong>Spiritus</strong></span> <span class='ocrx_word' id='word_1_293' title='bbox 1448 2501 1779 2571; x_wconf 70' lang='lat' dir='ltr'><strong>praedicatur</strong></span> <span class='ocrx_word' id='word_1_294' title='bbox 1796 2502 1919 2557; x_wconf 89' lang='lat' dir='ltr'><strong>Filii</strong></span> <span class='ocrx_word' id='word_1_295' title='bbox 1954 2518 2016 2570; x_wconf 59' lang='lat' dir='ltr'><strong>eg</strong></span> 
     </span>
    </p>
   </div>
   <div class='ocr_carea' id='block_1_43' title="bbox 413 2585 2010 2671">
    <p class='ocr_par' dir='ltr' id='par_1_43' title="bbox 413 2585 2010 2671">
     <span class='ocr_line' id='line_1_43' title="bbox 413 2585 2010 2671; baseline 0.009 -31"><span class='ocrx_word' id='word_1_296' title='bbox 413 2585 642 2671; x_wconf 78' lang='lat' dir='ltr'><strong>Cbristi,</strong></span> <span class='ocrx_word' id='word_1_297' title='bbox 659 2587 731 2643; x_wconf 86' lang='lat' dir='ltr'><strong>ibi</strong></span> <span class='ocrx_word' id='word_1_298' title='bbox 752 2591 1059 2647; x_wconf 87' lang='lat' dir='ltr'><strong>necessario</strong></span> <span class='ocrx_word' id='word_1_299' title='bbox 1081 2591 1420 2649; x_wconf 77' lang='lat' dir='ltr'><strong>admittenda</strong></span> <span class='ocrx_word' id='word_1_300' title='bbox 1440 2594 1688 2650; x_wconf 88' lang='lat' dir='ltr'><strong>videatur</strong></span> <span class='ocrx_word' id='word_1_301' title='bbox 1709 2598 2010 2669; x_wconf 62' lang='lat' dir='ltr'><strong>processio.</strong></span> 
     </span>
    </p>
   </div>
   <div class='ocr_carea' id='block_1_44' title="bbox 412 2674 1771 2763">
    <p class='ocr_par' dir='ltr' id='par_1_44' title="bbox 412 2674 1771 2763">
     <span class='ocr_line' id='line_1_44' title="bbox 412 2674 1771 2763; baseline 0.006 -28"><span class='ocrx_word' id='word_1_302' title='bbox 412 2694 539 2763; x_wconf 63' lang='lat' dir='ltr'><strong>quas</strong></span> <span class='ocrx_word' id='word_1_303' title='bbox 577 2674 756 2735; x_wconf 86' lang='lat' dir='ltr'><strong>tamen</strong></span> <span class='ocrx_word' id='word_1_304' title='bbox 794 2696 974 2754; x_wconf 82' lang='lat' dir='ltr'><strong>neque</strong></span> <span class='ocrx_word' id='word_1_305' title='bbox 1008 2682 1151 2740; x_wconf 86' lang='lat' dir='ltr'><strong>inter</strong></span> <span class='ocrx_word' id='word_1_306' title='bbox 1179 2700 1378 2741; x_wconf 83' lang='lat' dir='ltr'><strong>causas</strong></span> <span class='ocrx_word' id='word_1_307' title='bbox 1412 2687 1771 2743; x_wconf 70' lang='lat' dir='ltr'><strong>numeratur?</strong></span> 
     </span>
    </p>
   </div>
   <div class='ocr_carea' id='block_1_45' title="bbox 438 2774 2010 2857">
    <p class='ocr_par' dir='ltr' id='par_1_45' title="bbox 438 2774 2010 2857">
     <span class='ocr_line' id='line_1_45' title="bbox 438 2774 2010 2857; baseline 0.001 -24"><span class='ocrx_word' id='word_1_308' title='bbox 438 2852 447 2857; x_wconf 33' lang='grc' dir='ltr'><em>ι</em></span> <span class='ocrx_word' id='word_1_309' title='bbox 485 2774 579 2833; x_wconf 71' lang='grc' dir='ltr'>θΞ.</span> <span class='ocrx_word' id='word_1_310' title='bbox 609 2774 689 2831; x_wconf 84' lang='lat' dir='ltr'><strong>Tu</strong></span> <span class='ocrx_word' id='word_1_311' title='bbox 725 2780 909 2836; x_wconf 86' lang='lat' dir='ltr'><strong>tamen</strong></span> <span class='ocrx_word' id='word_1_312' title='bbox 941 2791 1104 2836; x_wconf 86' lang='lat' dir='ltr'><strong>aures</strong></span> <span class='ocrx_word' id='word_1_313' title='bbox 1135 2796 1201 2836; x_wconf 89' lang='lat' dir='ltr'><strong>ac</strong></span> <span class='ocrx_word' id='word_1_314' title='bbox 1254 2789 1494 2836; x_wconf 89' lang='lat' dir='ltr'><strong>mentem</strong></span> <span class='ocrx_word' id='word_1_315' title='bbox 1542 2781 1611 2836; x_wconf 92' lang='lat' dir='ltr'><strong>ad</strong></span> <span class='ocrx_word' id='word_1_316' title='bbox 1668 2782 2010 2852; x_wconf 82' lang='lat' dir='ltr'><strong>impietatem</strong></span> 
     </span>
    </p>
   </div>
   <div class='ocr_carea' id='block_1_46' title="bbox 414 2864 2011 2940">
    <p class='ocr_par' dir='ltr' id='par_1_46' title="bbox 414 2864 2011 2940">
     <span class='ocr_line' id='line_1_46' title="bbox 414 2864 2011 2940; baseline 0.001 -15"><span class='ocrx_word' id='word_1_317' title='bbox 414 2864 731 2936; x_wconf 83' lang='lat' dir='ltr'><strong>intendens,</strong></span> <span class='ocrx_word' id='word_1_318' title='bbox 762 2873 854 2929; x_wconf 87' lang='lat' dir='ltr'><strong>ubi</strong></span> <span class='ocrx_word' id='word_1_319' title='bbox 889 2875 1137 2932; x_wconf 82' lang='lat' dir='ltr'><strong>audieris</strong></span> <span class='ocrx_word' id='word_1_320' title='bbox 1178 2874 1443 2938; x_wconf 83' lang='lat' dir='ltr'><strong>Spiritum</strong></span> <span class='ocrx_word' id='word_1_321' title='bbox 1470 2875 1673 2931; x_wconf 81' lang='lat' dir='ltr'><strong>Christi</strong></span> <span class='ocrx_word' id='word_1_322' title='bbox 1723 2886 1819 2930; x_wconf 90' lang='lat' dir='ltr'><strong>aut</strong></span> <span class='ocrx_word' id='word_1_323' title='bbox 1851 2873 2011 2940; x_wconf 82' lang='lat' dir='ltr'><strong>Filii,</strong></span> 
     </span>
    </p>
   </div>
   <div class='ocr_carea' id='block_1_47' title="bbox 416 2969 2009 3044">
    <p class='ocr_par' dir='ltr' id='par_1_47' title="bbox 416 2969 2009 3044">
     <span class='ocr_line' id='line_1_47' title="bbox 416 2969 2009 3044; baseline 0.003 -22"><span class='ocrx_word' id='word_1_324' title='bbox 416 2969 603 3024; x_wconf 86' lang='lat' dir='ltr'><strong>omnia</strong></span> <span class='ocrx_word' id='word_1_325' title='bbox 636 2972 981 3042; x_wconf 81' lang='lat' dir='ltr'><strong>praeteriens,</strong></span> <span class='ocrx_word' id='word_1_326' title='bbox 1020 2988 1085 3029; x_wconf 82' lang='lat' dir='ltr'><strong>ex</strong></span> <span class='ocrx_word' id='word_1_327' title='bbox 1135 2973 1337 3044; x_wconf 86' lang='lat' dir='ltr'><strong>quibus</strong></span> <span class='ocrx_word' id='word_1_328' title='bbox 1371 2981 1592 3042; x_wconf 87' lang='lat' dir='ltr'><strong>poteras</strong></span> <span class='ocrx_word' id='word_1_329' title='bbox 1637 2987 1668 3028; x_wconf 86' lang='lat' dir='ltr'><strong>a</strong></span> <span class='ocrx_word' id='word_1_330' title='bbox 1721 2980 1871 3028; x_wconf 89' lang='lat' dir='ltr'><strong>recta</strong></span> <span class='ocrx_word' id='word_1_331' title='bbox 1897 2987 2009 3027; x_wconf 82' lang='lat' dir='ltr'><strong>non</strong></span> 
     </span>
    </p>
   </div>
   <div class='ocr_carea' id='block_1_48' title="bbox 414 3061 2013 3136">
    <p class='ocr_par' dir='ltr' id='par_1_48' title="bbox 414 3061 2013 3136">
     <span class='ocr_line' id='line_1_48' title="bbox 414 3061 2013 3136; baseline 0.002 -19"><span class='ocrx_word' id='word_1_332' title='bbox 414 3061 669 3119; x_wconf 79' lang='lat' dir='ltr'><strong>excidere</strong></span> <span class='ocrx_word' id='word_1_333' title='bbox 717 3065 1010 3136; x_wconf 75' lang='lat' dir='ltr'><strong>theologia,</strong></span> <span class='ocrx_word' id='word_1_334' title='bbox 1046 3064 1113 3120; x_wconf 85' lang='lat' dir='ltr'><strong>ad</strong></span> <span class='ocrx_word' id='word_1_335' title='bbox 1167 3063 1305 3120; x_wconf 87' lang='lat' dir='ltr'><strong>illud</strong></span> <span class='ocrx_word' id='word_1_336' title='bbox 1357 3078 1534 3135; x_wconf 90' lang='lat' dir='ltr'><strong>prono</strong></span> <span class='ocrx_word' id='word_1_337' title='bbox 1600 3063 1779 3134; x_wconf 89' lang='lat' dir='ltr'><strong>capite</strong></span> <span class='ocrx_word' id='word_1_338' title='bbox 1812 3064 2013 3131; x_wconf 88' lang='lat' dir='ltr'><strong>curris,</strong></span> 
     </span>
    </p>
   </div>
   <div class='ocr_carea' id='block_1_49' title="bbox 418 3153 2013 3225">
    <p class='ocr_par' dir='ltr' id='par_1_49' title="bbox 418 3153 2013 3225">
     <span class='ocr_line' id='line_1_49' title="bbox 418 3153 2013 3225; baseline 0.001 -17"><span class='ocrx_word' id='word_1_339' title='bbox 418 3155 566 3224; x_wconf 84' lang='lat' dir='ltr'><strong>quod</strong></span> <span class='ocrx_word' id='word_1_340' title='bbox 602 3170 762 3210; x_wconf 92' lang='lat' dir='ltr'><strong>nemo</strong></span> <span class='ocrx_word' id='word_1_341' title='bbox 797 3170 1043 3211; x_wconf 58' lang='lat' dir='ltr'><strong>asserere</strong></span> <span class='ocrx_word' id='word_1_342' title='bbox 1074 3169 1365 3224; x_wconf 80' lang='lat' dir='ltr'><strong>aggressus</strong></span> <span class='ocrx_word' id='word_1_343' title='bbox 1404 3162 1505 3209; x_wconf 87' lang='lat' dir='ltr'><strong>est.</strong></span> <span class='ocrx_word' id='word_1_344' title='bbox 1536 3153 1746 3210; x_wconf 88' lang='lat' dir='ltr'><strong>Dicitur</strong></span> <span class='ocrx_word' id='word_1_345' title='bbox 1774 3154 2013 3225; x_wconf 81' lang='lat' dir='ltr'><strong>Spiritus</strong></span> 
     </span>
    </p>
   </div>
   <div class='ocr_carea' id='block_1_50' title="bbox 417 3246 2010 3317">
    <p class='ocr_par' dir='ltr' id='par_1_50' title="bbox 417 3246 2010 3317">
     <span class='ocr_line' id='line_1_50' title="bbox 417 3246 2010 3317; baseline 0.003 -18"><span class='ocrx_word' id='word_1_346' title='bbox 417 3247 717 3317; x_wconf 79' lang='lat' dir='ltr'><strong>procedere</strong></span> <span class='ocrx_word' id='word_1_347' title='bbox 748 3263 776 3302; x_wconf 93' lang='lat' dir='ltr'><strong>a</strong></span> <span class='ocrx_word' id='word_1_348' title='bbox 806 3246 989 3309; x_wconf 84' lang='lat' dir='ltr'><strong>Patre.</strong></span> <span class='ocrx_word' id='word_1_349' title='bbox 1018 3247 1219 3301; x_wconf 86' lang='lat' dir='ltr'><strong>dicitur</strong></span> <span class='ocrx_word' id='word_1_350' title='bbox 1246 3255 1302 3302; x_wconf 89' lang='lat' dir='ltr'><strong>et</strong></span> <span class='ocrx_word' id='word_1_351' title='bbox 1325 3246 1450 3301; x_wconf 89' lang='lat' dir='ltr'><strong>Filii</strong></span> <span class='ocrx_word' id='word_1_352' title='bbox 1482 3255 1535 3302; x_wconf 91' lang='lat' dir='ltr'><strong>et</strong></span> <span class='ocrx_word' id='word_1_353' title='bbox 1565 3248 1680 3313; x_wconf 87' lang='lat' dir='ltr'><strong>Dei,</strong></span> <span class='ocrx_word' id='word_1_354' title='bbox 1713 3255 1767 3301; x_wconf 89' lang='lat' dir='ltr'><strong>et</strong></span> <span class='ocrx_word' id='word_1_355' title='bbox 1793 3259 2010 3313; x_wconf 72' lang='lat' dir='ltr'><strong>caetera,</strong></span> 
     </span>
    </p>
   </div>
   <div class='ocr_carea' id='block_1_51' title="bbox 417 3338 2012 3409">
    <p class='ocr_par' dir='ltr' id='par_1_51' title="bbox 417 3338 2012 3409">
     <span class='ocr_line' id='line_1_51' title="bbox 417 3338 2012 3409; baseline 0.001 -17"><span class='ocrx_word' id='word_1_356' title='bbox 417 3353 541 3409; x_wconf 68' lang='lat' dir='ltr'><strong>quae</strong></span> <span class='ocrx_word' id='word_1_357' title='bbox 567 3338 768 3409; x_wconf 83' lang='lat' dir='ltr'><strong>saepius</strong></span> <span class='ocrx_word' id='word_1_358' title='bbox 791 3339 1278 3407; x_wconf 77' lang='lat' dir='ltr'><strong>enumerarimus;</strong></span> <span class='ocrx_word' id='word_1_359' title='bbox 1333 3350 1496 3408; x_wconf 78' lang='lat' dir='ltr'><strong>atque</strong></span> <span class='ocrx_word' id='word_1_360' title='bbox 1527 3340 1677 3395; x_wconf 84' lang='lat' dir='ltr'><strong>nulla</strong></span> <span class='ocrx_word' id='word_1_361' title='bbox 1705 3341 1895 3394; x_wconf 78' lang='lat' dir='ltr'><strong>barum</strong></span> <span class='ocrx_word' id='word_1_362' title='bbox 1927 3341 2012 3394; x_wconf 89' lang='lat' dir='ltr'><strong>lo-</strong></span> 
     </span>
    </p>
   </div>
   <div class='ocr_carea' id='block_1_52' title="bbox 417 3430 2009 3502">
    <p class='ocr_par' dir='ltr' id='par_1_52' title="bbox 417 3430 2009 3502">
     <span class='ocr_line' id='line_1_52' title="bbox 417 3430 2009 3502; baseline 0 -16"><span class='ocrx_word' id='word_1_363' title='bbox 417 3431 939 3499; x_wconf 69' lang='lat' dir='ltr'><strong>cutionum,praater</strong></span> <span class='ocrx_word' id='word_1_364' title='bbox 969 3430 1228 3499; x_wconf 78' lang='lat' dir='ltr'><strong>primam,</strong></span> <span class='ocrx_word' id='word_1_365' title='bbox 1256 3432 1664 3502; x_wconf 89' lang='lat' dir='ltr'><strong>processionetn</strong></span> <span class='ocrx_word' id='word_1_366' title='bbox 1702 3431 2009 3502; x_wconf 78' lang='lat' dir='ltr'><strong>signiﬁcat;</strong></span> 
     </span>
    </p>
   </div>
   <div class='ocr_carea' id='block_1_53' title="bbox 418 3516 2009 3590">
    <p class='ocr_par' dir='ltr' id='par_1_53' title="bbox 418 3516 2009 3590">
     <span class='ocr_line' id='line_1_53' title="bbox 418 3516 2009 3590; baseline 0.001 -15"><span class='ocrx_word' id='word_1_367' title='bbox 418 3516 622 3575; x_wconf 88' lang='lat' dir='ltr'><strong>dicitur</strong></span> <span class='ocrx_word' id='word_1_368' title='bbox 649 3516 888 3589; x_wconf 87' lang='lat' dir='ltr'><strong>Spiritus</strong></span> <span class='ocrx_word' id='word_1_369' title='bbox 913 3518 1036 3573; x_wconf 87' lang='lat' dir='ltr'><strong>Filii</strong></span> <span class='ocrx_word' id='word_1_370' title='bbox 1074 3530 1129 3575; x_wconf 87' lang='lat' dir='ltr'><strong>et</strong></span> <span class='ocrx_word' id='word_1_371' title='bbox 1160 3518 1368 3576; x_wconf 81' lang='lat' dir='ltr'><strong>Christi</strong></span> <span class='ocrx_word' id='word_1_372' title='bbox 1408 3529 1462 3575; x_wconf 88' lang='lat' dir='ltr'><strong>et</strong></span> <span class='ocrx_word' id='word_1_373' title='bbox 1488 3518 1708 3586; x_wconf 84' lang='lat' dir='ltr'><strong>similia,</strong></span> <span class='ocrx_word' id='word_1_374' title='bbox 1739 3536 2009 3590; x_wconf 78' lang='lat' dir='ltr'><strong>nusquam</strong></span> 
     </span>
    </p>
   </div>
   <div class='ocr_carea' id='block_1_54' title="bbox 418 3611 2013 3683">
    <p class='ocr_par' dir='ltr' id='par_1_54' title="bbox 418 3611 2013 3683">
     <span class='ocr_line' id='line_1_54' title="bbox 418 3611 2013 3683; baseline 0.003 -19"><span class='ocrx_word' id='word_1_375' title='bbox 418 3625 554 3666; x_wconf 86' lang='lat' dir='ltr'><strong>vero</strong></span> <span class='ocrx_word' id='word_1_376' title='bbox 581 3611 877 3680; x_wconf 90' lang='lat' dir='ltr'><strong>procedere</strong></span> <span class='ocrx_word' id='word_1_377' title='bbox 910 3611 1176 3682; x_wconf 88' lang='lat' dir='ltr'><strong>Spiritum</strong></span> <span class='ocrx_word' id='word_1_378' title='bbox 1202 3627 1232 3668; x_wconf 91' lang='lat' dir='ltr'><strong>a</strong></span> <span class='ocrx_word' id='word_1_379' title='bbox 1262 3611 1421 3668; x_wconf 87' lang='lat' dir='ltr'><strong>Filio.</strong></span> <span class='ocrx_word' id='word_1_380' title='bbox 1460 3614 1598 3668; x_wconf 86' lang='lat' dir='ltr'><strong>Cum</strong></span> <span class='ocrx_word' id='word_1_381' title='bbox 1636 3612 1801 3683; x_wconf 81' lang='lat' dir='ltr'><strong>igitur</strong></span> <span class='ocrx_word' id='word_1_382' title='bbox 1834 3614 2013 3668; x_wconf 85' lang='lat' dir='ltr'><strong>nulla-</strong></span> 
     </span>
    </p>
   </div>
   <div class='ocr_carea' id='block_1_55' title="bbox 421 3703 2011 3777">
    <p class='ocr_par' dir='ltr' id='par_1_55' title="bbox 421 3703 2011 3777">
     <span class='ocr_line' id='line_1_55' title="bbox 421 3703 2011 3777; baseline -0.001 -18"><span class='ocrx_word' id='word_1_383' title='bbox 421 3713 582 3761; x_wconf 89' lang='lat' dir='ltr'><strong>tenus</strong></span> <span class='ocrx_word' id='word_1_384' title='bbox 636 3703 800 3759; x_wconf 84' lang='lat' dir='ltr'><strong>fuerit</strong></span> <span class='ocrx_word' id='word_1_385' title='bbox 862 3706 1143 3761; x_wconf 88' lang='lat' dir='ltr'><strong>enuntiata</strong></span> <span class='ocrx_word' id='word_1_386' title='bbox 1192 3704 1495 3776; x_wconf 88' lang='lat' dir='ltr'><strong>processio,</strong></span> <span class='ocrx_word' id='word_1_387' title='bbox 1546 3704 1824 3777; x_wconf 89' lang='lat' dir='ltr'><strong>quomodo</strong></span> <span class='ocrx_word' id='word_1_388' title='bbox 1902 3720 2011 3759; x_wconf 90' lang='lat' dir='ltr'><strong>non</strong></span> 
     </span>
    </p>
   </div>
   <div class='ocr_carea' id='block_1_56' title="bbox 420 3796 2012 3868">
    <p class='ocr_par' dir='ltr' id='par_1_56' title="bbox 420 3796 2012 3868">
     <span class='ocr_line' id='line_1_56' title="bbox 420 3796 2012 3868; baseline 0.002 -18"><span class='ocrx_word' id='word_1_389' title='bbox 420 3811 633 3852; x_wconf 88' lang='lat' dir='ltr'><strong>summa</strong></span> <span class='ocrx_word' id='word_1_390' title='bbox 669 3805 752 3852; x_wconf 88' lang='lat' dir='ltr'><strong>est</strong></span> <span class='ocrx_word' id='word_1_391' title='bbox 775 3796 991 3853; x_wconf 89' lang='lat' dir='ltr'><strong>insania</strong></span> <span class='ocrx_word' id='word_1_392' title='bbox 1044 3806 1210 3868; x_wconf 89' lang='lat' dir='ltr'><strong>atque</strong></span> <span class='ocrx_word' id='word_1_393' title='bbox 1254 3797 1536 3864; x_wconf 81' lang='lat' dir='ltr'><strong>vecordia,</strong></span> <span class='ocrx_word' id='word_1_394' title='bbox 1567 3796 1635 3852; x_wconf 88' lang='lat' dir='ltr'><strong>ad</strong></span> <span class='ocrx_word' id='word_1_395' title='bbox 1686 3796 1819 3852; x_wconf 89' lang='lat' dir='ltr'><strong>illud</strong></span> <span class='ocrx_word' id='word_1_396' title='bbox 1851 3810 2012 3853; x_wconf 88' lang='lat' dir='ltr'><strong>voces</strong></span> 
     </span>
    </p>
   </div>
   <div class='ocr_carea' id='block_1_57' title="bbox 421 3887 2014 3962">
    <p class='ocr_par' dir='ltr' id='par_1_57' title="bbox 421 3887 2014 3962">
     <span class='ocr_line' id='line_1_57' title="bbox 421 3887 2014 3962; baseline 0 -19"><span class='ocrx_word' id='word_1_397' title='bbox 421 3887 711 3955; x_wconf 84' lang='lat' dir='ltr'><strong>reducere,</strong></span> <span class='ocrx_word' id='word_1_398' title='bbox 779 3890 846 3944; x_wconf 90' lang='lat' dir='ltr'><strong>ad</strong></span> <span class='ocrx_word' id='word_1_399' title='bbox 885 3891 1031 3962; x_wconf 83' lang='lat' dir='ltr'><strong>quod</strong></span> <span class='ocrx_word' id='word_1_400' title='bbox 1065 3891 1217 3946; x_wconf 91' lang='lat' dir='ltr'><strong>nullo</strong></span> <span class='ocrx_word' id='word_1_401' title='bbox 1266 3905 1541 3960; x_wconf 85' lang='lat' dir='ltr'><strong>nusquam</strong></span> <span class='ocrx_word' id='word_1_402' title='bbox 1597 3888 1759 3945; x_wconf 88' lang='lat' dir='ltr'><strong>modo</strong></span> <span class='ocrx_word' id='word_1_403' title='bbox 1792 3888 2014 3943; x_wconf 77' lang='lat' dir='ltr'><strong>fuerunt</strong></span> 
     </span>
    </p>
   </div>
   <div class='ocr_carea' id='block_1_58' title="bbox 422 3981 2012 4053">
    <p class='ocr_par' dir='ltr' id='par_1_58' title="bbox 422 3981 2012 4053">
     <span class='ocr_line' id='line_1_58' title="bbox 422 3981 2012 4053; baseline -0.001 -17"><span class='ocrx_word' id='word_1_404' title='bbox 422 3981 765 4037; x_wconf 65' lang='lat' dir='ltr'><strong>enuntiatae?</strong></span> <span class='ocrx_word' id='word_1_405' title='bbox 811 3981 933 4037; x_wconf 85' lang='lat' dir='ltr'><strong>Non</strong></span> <span class='ocrx_word' id='word_1_406' title='bbox 959 3982 1108 4037; x_wconf 90' lang='lat' dir='ltr'><strong>enim</strong></span> <span class='ocrx_word' id='word_1_407' title='bbox 1144 3982 1251 4038; x_wconf 88' lang='lat' dir='ltr'><strong>hoc</strong></span> <span class='ocrx_word' id='word_1_408' title='bbox 1280 3997 1500 4053; x_wconf 91' lang='lat' dir='ltr'><strong>quoque</strong></span> <span class='ocrx_word' id='word_1_409' title='bbox 1545 3982 1636 4037; x_wconf 88' lang='lat' dir='ltr'><strong>isti</strong></span> <span class='ocrx_word' id='word_1_410' title='bbox 1667 3981 1906 4036; x_wconf 82' lang='lat' dir='ltr'><strong>maxime</strong></span> <span class='ocrx_word' id='word_1_411' title='bbox 1932 3990 2012 4035; x_wconf 85' lang='lat' dir='ltr'><strong>te-</strong></span> 
     </span>
    </p>
   </div>
   <div class='ocr_carea' id='block_1_59' title="bbox 422 4070 2013 4142">
    <p class='ocr_par' dir='ltr' id='par_1_59' title="bbox 422 4070 2013 4142">
     <span class='ocr_line' id='line_1_59' title="bbox 422 4070 2013 4142; baseline -0.001 -17"><span class='ocrx_word' id='word_1_412' title='bbox 422 4072 646 4127; x_wconf 87' lang='lat' dir='ltr'><strong>merarii</strong></span> <span class='ocrx_word' id='word_1_413' title='bbox 688 4081 742 4127; x_wconf 89' lang='lat' dir='ltr'><strong>et</strong></span> <span class='ocrx_word' id='word_1_414' title='bbox 774 4070 841 4127; x_wconf 84' lang='lat' dir='ltr'><strong>ad</strong></span> <span class='ocrx_word' id='word_1_415' title='bbox 869 4072 1136 4142; x_wconf 84' lang='lat' dir='ltr'><strong>quidlibet</strong></span> <span class='ocrx_word' id='word_1_416' title='bbox 1174 4072 1484 4127; x_wconf 89' lang='lat' dir='ltr'><strong>audendum</strong></span> <span class='ocrx_word' id='word_1_417' title='bbox 1514 4072 1670 4142; x_wconf 90' lang='lat' dir='ltr'><strong>proni</strong></span> <span class='ocrx_word' id='word_1_418' title='bbox 1704 4071 1886 4126; x_wconf 88' lang='lat' dir='ltr'><strong>dicere</strong></span> <span class='ocrx_word' id='word_1_419' title='bbox 1914 4085 2013 4124; x_wconf 92' lang='lat' dir='ltr'><strong>au-</strong></span> 
     </span>
    </p>
   </div>
   <div class='ocr_carea' id='block_1_60' title="bbox 424 4161 2013 4235">
    <p class='ocr_par' dir='ltr' id='par_1_60' title="bbox 424 4161 2013 4235">
     <span class='ocr_line' id='line_1_60' title="bbox 424 4161 2013 4235; baseline -0.001 -16"><span class='ocrx_word' id='word_1_420' title='bbox 424 4164 657 4230; x_wconf 90' lang='lat' dir='ltr'><strong>debunt,</strong></span> <span class='ocrx_word' id='word_1_421' title='bbox 678 4179 843 4235; x_wconf 83' lang='lat' dir='ltr'><strong>posse</strong></span> <span class='ocrx_word' id='word_1_422' title='bbox 866 4165 1141 4235; x_wconf 76' lang='lat' dir='ltr'><strong>expressis</strong></span> <span class='ocrx_word' id='word_1_423' title='bbox 1170 4165 1352 4221; x_wconf 75' lang='lat' dir='ltr'><strong>verbis</strong></span> <span class='ocrx_word' id='word_1_424' title='bbox 1401 4180 1433 4220; x_wconf 88' lang='lat' dir='ltr'><strong>e</strong></span> <span class='ocrx_word' id='word_1_425' title='bbox 1457 4163 1630 4219; x_wconf 88' lang='lat' dir='ltr'><strong>sacris</strong></span> <span class='ocrx_word' id='word_1_426' title='bbox 1659 4161 1894 4234; x_wconf 81' lang='lat' dir='ltr'><strong>eloquiis</strong></span> <span class='ocrx_word' id='word_1_427' title='bbox 1914 4162 2013 4217; x_wconf 89' lang='lat' dir='ltr'><strong>de-</strong></span> 
     </span>
    </p>
   </div>
   <div class='ocr_carea' id='block_1_61' title="bbox 426 4256 1543 4330">
    <p class='ocr_par' dir='ltr' id='par_1_61' title="bbox 426 4256 1543 4330">
     <span class='ocr_line' id='line_1_61' title="bbox 426 4256 1543 4330; baseline 0 -19"><span class='ocrx_word' id='word_1_428' title='bbox 426 4256 570 4312; x_wconf 81' lang='lat' dir='ltr'><strong>suiui</strong></span> <span class='ocrx_word' id='word_1_429' title='bbox 608 4257 843 4327; x_wconf 86' lang='lat' dir='ltr'><strong>Spiritus</strong></span> <span class='ocrx_word' id='word_1_430' title='bbox 866 4273 897 4313; x_wconf 90' lang='lat' dir='ltr'><strong>a</strong></span> <span class='ocrx_word' id='word_1_431' title='bbox 939 4257 1077 4314; x_wconf 84' lang='lat' dir='ltr'><strong>Filio</strong></span> <span class='ocrx_word' id='word_1_432' title='bbox 1106 4257 1543 4330; x_wconf 81' lang='lat' dir='ltr'><strong>processionem.</strong></span> 
     </span>
    </p>
   </div>
   <div class='ocr_carea' id='block_1_62' title="bbox 376 4402 1442 4499">
    <p class='ocr_par' dir='ltr' id='par_1_62' title="bbox 376 4402 1442 4499">
     <span class='ocr_line' id='line_1_62' title="bbox 376 4402 1442 4499; baseline 0 -20"><span class='ocrx_word' id='word_1_433' title='bbox 376 4402 386 4499; x_wconf 65' lang='grc' dir='ltr'>ξ</span> <span class='ocrx_word' id='word_1_434' title='bbox 989 4404 1442 4480; x_wconf 68' lang='lat' dir='ltr'><strong>aerumna;</strong></span> 
     </span>
    </p>
   </div>
   <div class='ocr_carea' id='block_1_63' title="bbox 380 4506 388 4579">
    <p class='ocr_par' dir='ltr' id='par_1_63' title="bbox 380 4506 388 4579">
     <span class='ocr_line' id='line_1_63' title="bbox 380 4506 388 4579; baseline 0 0"><span class='ocrx_word' id='word_1_435' title='bbox 380 4506 388 4579; x_wconf 79' lang='grc' dir='ltr'>ἐ</span> 
     </span>
    </p>
   </div>
   <div class='ocr_carea' id='block_1_64' title="bbox 426 4636 2013 4710">
    <p class='ocr_par' dir='ltr' id='par_1_64' title="bbox 426 4636 2013 4710">
     <span class='ocr_line' id='line_1_64' title="bbox 426 4636 2013 4710; baseline -0.002 -17"><span class='ocrx_word' id='word_1_436' title='bbox 426 4654 534 4710; x_wconf 90' lang='lat' dir='ltr'><strong>que</strong></span> <span class='ocrx_word' id='word_1_437' title='bbox 566 4640 786 4695; x_wconf 82' lang='lat' dir='ltr'><strong>tandem</strong></span> <span class='ocrx_word' id='word_1_438' title='bbox 814 4653 898 4704; x_wconf 88' lang='lat' dir='ltr'><strong>es,</strong></span> <span class='ocrx_word' id='word_1_439' title='bbox 929 4636 1022 4708; x_wconf 91' lang='lat' dir='ltr'><strong>qui</strong></span> <span class='ocrx_word' id='word_1_440' title='bbox 1050 4636 1347 4707; x_wconf 84' lang='lat' dir='ltr'><strong>aliquando</strong></span> <span class='ocrx_word' id='word_1_441' title='bbox 1397 4636 1499 4690; x_wconf 90' lang='lat' dir='ltr'><strong>ista</strong></span> <span class='ocrx_word' id='word_1_442' title='bbox 1535 4638 1848 4691; x_wconf 90' lang='lat' dir='ltr'><strong>accuratius</strong></span> <span class='ocrx_word' id='word_1_443' title='bbox 1886 4651 2013 4707; x_wconf 87' lang='lat' dir='ltr'><strong>per-</strong></span> 
     </span>
    </p>
   </div>
   <div class='ocr_carea' id='block_1_65' title="bbox 423 4728 2011 4799">
    <p class='ocr_par' dir='ltr' id='par_1_65' title="bbox 423 4728 2011 4799">
     <span class='ocr_line' id='line_1_65' title="bbox 423 4728 2011 4799; baseline -0.003 -11"><span class='ocrx_word' id='word_1_444' title='bbox 423 4731 758 4788; x_wconf 68' lang='lat' dir='ltr'><strong>iustraturus</strong></span> <span class='ocrx_word' id='word_1_445' title='bbox 784 4742 1191 4799; x_wconf 79' lang='lat' dir='ltr'><strong>etexpensurus</strong></span> <span class='ocrx_word' id='word_1_446' title='bbox 1222 4742 1307 4791; x_wconf 87' lang='lat' dir='ltr'><strong>es,</strong></span> <span class='ocrx_word' id='word_1_447' title='bbox 1344 4736 1403 4783; x_wconf 87' lang='lat' dir='ltr'><strong>ut</strong></span> <span class='ocrx_word' id='word_1_448' title='bbox 1438 4728 1874 4798; x_wconf 85' lang='lat' dir='ltr'><strong>comprehendas</strong></span> <span class='ocrx_word' id='word_1_449' title='bbox 1905 4731 2011 4783; x_wconf 79' lang='lat' dir='ltr'><strong>vim</strong></span> 
     </span>
    </p>
   </div>
   <div class='ocr_carea' id='block_1_66' title="bbox 428 4821 2016 4894">
    <p class='ocr_par' dir='ltr' id='par_1_66' title="bbox 428 4821 2016 4894">
     <span class='ocr_line' id='line_1_66' title="bbox 428 4821 2016 4894; baseline -0.003 -12"><span class='ocrx_word' id='word_1_450' title='bbox 428 4840 645 4889; x_wconf 89' lang='lat' dir='ltr'><strong>eorum,</strong></span> <span class='ocrx_word' id='word_1_451' title='bbox 686 4839 811 4894; x_wconf 73' lang='lat' dir='ltr'><strong>qua:</strong></span> <span class='ocrx_word' id='word_1_452' title='bbox 849 4822 939 4880; x_wconf 88' lang='lat' dir='ltr'><strong>hic</strong></span> <span class='ocrx_word' id='word_1_453' title='bbox 970 4838 1000 4878; x_wconf 90' lang='lat' dir='ltr'><strong>a</strong></span> <span class='ocrx_word' id='word_1_454' title='bbox 1044 4822 1452 4891; x_wconf 82' lang='lat' dir='ltr'><strong>sapientissimo</strong></span> <span class='ocrx_word' id='word_1_455' title='bbox 1508 4830 1563 4876; x_wconf 90' lang='lat' dir='ltr'><strong>et</strong></span> <span class='ocrx_word' id='word_1_456' title='bbox 1615 4836 1756 4876; x_wconf 66' lang='lat' dir='ltr'><strong>veras</strong></span> <span class='ocrx_word' id='word_1_457' title='bbox 1797 4821 2016 4891; x_wconf 83' lang='lat' dir='ltr'><strong>pietatis</strong></span> 
     </span>
    </p>
   </div>
   <div class='ocr_carea' id='block_1_67' title="bbox 429 4915 2018 4985">
    <p class='ocr_par' dir='ltr' id='par_1_67' title="bbox 429 4915 2018 4985">
     <span class='ocr_line' id='line_1_67' title="bbox 429 4915 2018 4985; baseline -0.003 -11"><span class='ocrx_word' id='word_1_458' title='bbox 429 4917 788 4975; x_wconf 86' lang='lat' dir='ltr'><strong>tenacissimo</strong></span> <span class='ocrx_word' id='word_1_459' title='bbox 818 4924 1065 4971; x_wconf 86' lang='lat' dir='ltr'><strong>amatore</strong></span> <span class='ocrx_word' id='word_1_460' title='bbox 1096 4915 1293 4970; x_wconf 87' lang='lat' dir='ltr'><strong>Photio</strong></span> <span class='ocrx_word' id='word_1_461' title='bbox 1317 4922 1447 4970; x_wconf 87' lang='lat' dir='ltr'><strong>sunt</strong></span> <span class='ocrx_word' id='word_1_462' title='bbox 1467 4915 1764 4985; x_wconf 88' lang='lat' dir='ltr'><strong>disputata,</strong></span> <span class='ocrx_word' id='word_1_463' title='bbox 1792 4924 1844 4969; x_wconf 90' lang='lat' dir='ltr'><strong>et</strong></span> <span class='ocrx_word' id='word_1_464' title='bbox 1861 4929 2018 4985; x_wconf 86' lang='lat' dir='ltr'><strong>pror-</strong></span> 
     </span>
    </p>
   </div>
   <div class='ocr_carea' id='block_1_68' title="bbox 432 5008 2017 5079">
    <p class='ocr_par' dir='ltr' id='par_1_68' title="bbox 432 5008 2017 5079">
     <span class='ocr_line' id='line_1_68' title="bbox 432 5008 2017 5079; baseline -0.003 -13"><span class='ocrx_word' id='word_1_465' title='bbox 432 5025 529 5067; x_wconf 82' lang='lat' dir='ltr'><strong>sus</strong></span> <span class='ocrx_word' id='word_1_466' title='bbox 558 5009 709 5065; x_wconf 88' lang='lat' dir='ltr'><strong>nulla</strong></span> <span class='ocrx_word' id='word_1_467' title='bbox 740 5009 847 5064; x_wconf 88' lang='lat' dir='ltr'><strong>alia</strong></span> <span class='ocrx_word' id='word_1_468' title='bbox 884 5024 947 5065; x_wconf 87' lang='lat' dir='ltr'><strong>re</strong></span> <span class='ocrx_word' id='word_1_469' title='bbox 990 5023 1130 5079; x_wconf 86' lang='lat' dir='ltr'><strong>opus</strong></span> <span class='ocrx_word' id='word_1_470' title='bbox 1161 5008 1269 5065; x_wconf 89' lang='lat' dir='ltr'><strong>erit</strong></span> <span class='ocrx_word' id='word_1_471' title='bbox 1319 5009 1386 5062; x_wconf 87' lang='lat' dir='ltr'><strong>ad</strong></span> <span class='ocrx_word' id='word_1_472' title='bbox 1419 5008 1869 5078; x_wconf 78' lang='lat' dir='ltr'><strong>dignoscendum,</strong></span> <span class='ocrx_word' id='word_1_473' title='bbox 1905 5021 2017 5063; x_wconf 89' lang='lat' dir='ltr'><strong>non</strong></span> 
     </span>
    </p>
   </div>
   <div class='ocr_carea' id='block_1_69' title="bbox 427 5101 2014 5171">
    <p class='ocr_par' dir='ltr' id='par_1_69' title="bbox 427 5101 2014 5171">
     <span class='ocr_line' id='line_1_69' title="bbox 427 5101 2014 5171; baseline -0.001 -14"><span class='ocrx_word' id='word_1_474' title='bbox 427 5102 698 5169; x_wconf 80' lang='lat' dir='ltr'><strong>veritatis,</strong></span> <span class='ocrx_word' id='word_1_475' title='bbox 752 5101 853 5159; x_wconf 89' lang='lat' dir='ltr'><strong>sed</strong></span> <span class='ocrx_word' id='word_1_476' title='bbox 884 5101 1138 5158; x_wconf 71' lang='lat' dir='ltr'><strong>vindicta:</strong></span> <span class='ocrx_word' id='word_1_477' title='bbox 1165 5109 1221 5158; x_wconf 87' lang='lat' dir='ltr'><strong>et</strong></span> <span class='ocrx_word' id='word_1_478' title='bbox 1248 5101 1614 5158; x_wconf 89' lang='lat' dir='ltr'><strong>contentionis</strong></span> <span class='ocrx_word' id='word_1_479' title='bbox 1643 5116 1810 5157; x_wconf 84' lang='lat' dir='ltr'><strong>causa</strong></span> <span class='ocrx_word' id='word_1_480' title='bbox 1835 5102 2014 5171; x_wconf 86' lang='lat' dir='ltr'><strong>ipsum</strong></span> 
     </span>
    </p>
   </div>
   <div class='ocr_carea' id='block_1_70' title="bbox 428 5192 2019 5264">
    <p class='ocr_par' dir='ltr' id='par_1_70' title="bbox 428 5192 2019 5264">
     <span class='ocr_line' id='line_1_70' title="bbox 428 5192 2019 5264; baseline -0.004 -9"><span class='ocrx_word' id='word_1_481' title='bbox 428 5205 621 5255; x_wconf 82' lang='lat' dir='ltr'><strong>contra</strong></span> <span class='ocrx_word' id='word_1_482' title='bbox 648 5196 955 5252; x_wconf 88' lang='lat' dir='ltr'><strong>Romanam</strong></span> <span class='ocrx_word' id='word_1_483' title='bbox 993 5195 1292 5252; x_wconf 88' lang='lat' dir='ltr'><strong>Ecclesiam</strong></span> <span class='ocrx_word' id='word_1_484' title='bbox 1322 5192 1595 5264; x_wconf 89' lang='lat' dir='ltr'><strong>ejusmodi</strong></span> <span class='ocrx_word' id='word_1_485' title='bbox 1627 5192 2019 5263; x_wconf 77' lang='lat' dir='ltr'><strong>blasplietnias,</strong></span> 
     </span>
    </p>
   </div>
   <div class='ocr_carea' id='block_1_71' title="bbox 428 5288 2019 5364">
    <p class='ocr_par' dir='ltr' id='par_1_71' title="bbox 428 5288 2019 5364">
     <span class='ocr_line' id='line_1_71' title="bbox 428 5288 2019 5364; baseline -0.005 -17"><span class='ocrx_word' id='word_1_486' title='bbox 428 5309 570 5364; x_wconf 91' lang='lat' dir='ltr'><strong>quas</strong></span> <span class='ocrx_word' id='word_1_487' title='bbox 592 5289 800 5359; x_wconf 89' lang='lat' dir='ltr'><strong>emisit,</strong></span> <span class='ocrx_word' id='word_1_488' title='bbox 826 5290 1159 5346; x_wconf 89' lang='lat' dir='ltr'><strong>evomuisse.</strong></span> <span class='ocrx_word' id='word_1_489' title='bbox 1182 5288 1503 5354; x_wconf 87' lang='lat' dir='ltr'><strong>Considera,</strong></span> <span class='ocrx_word' id='word_1_490' title='bbox 1537 5301 1645 5355; x_wconf 90' lang='lat' dir='ltr'><strong>quo</strong></span> <span class='ocrx_word' id='word_1_491' title='bbox 1675 5295 1833 5354; x_wconf 91' lang='lat' dir='ltr'><strong>pacto</strong></span> <span class='ocrx_word' id='word_1_492' title='bbox 1853 5298 2019 5354; x_wconf 86' lang='lat' dir='ltr'><strong>penes</strong></span> 
     </span>
    </p>
   </div>
   <div class='ocr_carea' id='block_1_72' title="bbox 427 5374 2018 5453">
    <p class='ocr_par' dir='ltr' id='par_1_72' title="bbox 427 5374 2018 5453">
     <span class='ocr_line' id='line_1_72' title="bbox 427 5374 2018 5453; baseline -0.009 -8"><span class='ocrx_word' id='word_1_493' title='bbox 427 5386 952 5453; x_wconf 88' lang='lat' dir='ltr'><strong>Pbotium,Nicolao</strong></span> <span class='ocrx_word' id='word_1_494' title='bbox 979 5385 1127 5453; x_wconf 90' lang='lat' dir='ltr'><strong>Papa</strong></span> <span class='ocrx_word' id='word_1_495' title='bbox 1150 5382 1331 5451; x_wconf 88' lang='lat' dir='ltr'><strong>ipsum</strong></span> <span class='ocrx_word' id='word_1_496' title='bbox 1363 5380 1508 5435; x_wconf 84' lang='lat' dir='ltr'><strong>haud</strong></span> <span class='ocrx_word' id='word_1_497' title='bbox 1536 5378 1854 5445; x_wconf 83' lang='lat' dir='ltr'><strong>recipiente,</strong></span> <span class='ocrx_word' id='word_1_498' title='bbox 1892 5374 2018 5431; x_wconf 90' lang='lat' dir='ltr'><strong>uni-</strong></span> 
     </span>
    </p>
   </div>
   <div class='ocr_carea' id='block_1_73' title="bbox 431 5471 2017 5542">
    <p class='ocr_par' dir='ltr' id='par_1_73' title="bbox 431 5471 2017 5542">
     <span class='ocr_line' id='line_1_73' title="bbox 431 5471 2017 5542; baseline -0.008 -5"><span class='ocrx_word' id='word_1_499' title='bbox 431 5496 589 5538; x_wconf 79' lang='lat' dir='ltr'><strong>versa</strong></span> <span class='ocrx_word' id='word_1_500' title='bbox 620 5480 995 5536; x_wconf 78' lang='lat' dir='ltr'><strong>Romanorum</strong></span> <span class='ocrx_word' id='word_1_501' title='bbox 1029 5476 1277 5534; x_wconf 90' lang='lat' dir='ltr'><strong>Ecclesia</strong></span> <span class='ocrx_word' id='word_1_502' title='bbox 1310 5474 1365 5530; x_wconf 92' lang='lat' dir='ltr'><strong>in</strong></span> <span class='ocrx_word' id='word_1_503' title='bbox 1393 5473 1563 5530; x_wconf 90' lang='lat' dir='ltr'><strong>Deum</strong></span> <span class='ocrx_word' id='word_1_504' title='bbox 1594 5471 1817 5542; x_wconf 83' lang='lat' dir='ltr'><strong>injuria,</strong></span> <span class='ocrx_word' id='word_1_505' title='bbox 1850 5471 2017 5542; x_wconf 86' lang='lat' dir='ltr'><strong>impia</strong></span> 
     </span>
    </p>
   </div>
   <div class='ocr_carea' id='block_1_74' title="bbox 503 5654 1777 5805">
    <p class='ocr_par' dir='ltr' id='par_1_74' title="bbox 503 5654 1777 5805">
     <span class='ocr_line' id='line_1_74' title="bbox 503 5654 1777 5805; baseline -0.009 -83"><span class='ocrx_word' id='word_1_506' title='bbox 503 5669 581 5805; x_wconf 59' lang='grc' dir='ltr'>μ)</span> <span class='ocrx_word' id='word_1_507' title='bbox 619 5667 788 5724; x_wconf 88' lang='lat' dir='ltr'><strong>Laur.</strong></span> <span class='ocrx_word' id='word_1_508' title='bbox 827 5665 991 5722; x_wconf 84' lang='grc' dir='ltr'>ποθὲν</span> <span class='ocrx_word' id='word_1_509' title='bbox 1022 5663 1255 5736; x_wconf 76' lang='grc' dir='ltr'>ὲρῤήθη,</span> <span class='ocrx_word' id='word_1_510' title='bbox 1286 5658 1479 5718; x_wconf 88' lang='lat' dir='ltr'><strong>utCol.</strong></span> <span class='ocrx_word' id='word_1_511' title='bbox 1523 5654 1714 5714; x_wconf 60' lang='lat' dir='ltr'><strong>etVa’t.</strong></span> <span class='ocrx_word' id='word_1_512' title='bbox 1768 5670 1777 5675; x_wconf 75' lang='lat'><strong><em>‘</em></strong></span> 
     </span>
     <span class='ocr_line' id='line_1_75' title="bbox 535 5736 1225 5805; baseline -0.01 -11"><span class='ocrx_word' id='word_1_513' title='bbox 535 5744 582 5805; x_wconf 69' lang='grc' dir='ltr'><strong>οὶ)</strong></span> <span class='ocrx_word' id='word_1_514' title='bbox 625 5739 785 5795; x_wconf 84' lang='lat' dir='ltr'><strong>Laur.</strong></span> <span class='ocrx_word' id='word_1_515' title='bbox 816 5740 908 5792; x_wconf 68' lang='grc' dir='ltr'>ἐπὶ</span> <span class='ocrx_word' id='word_1_516' title='bbox 934 5737 997 5791; x_wconf 82' lang='grc' dir='ltr'>τὸ</span> <span class='ocrx_word' id='word_1_517' title='bbox 1019 5736 1225 5805; x_wconf 80' lang='grc' dir='ltr'>ζητεῖν.</span> 
     </span>
    </p>
   </div>
   <div class='ocr_carea' id='block_1_75' title="bbox 513 5736 1225 5879">
    <p class='ocr_par' dir='ltr' id='par_1_75' title="bbox 513 5736 1225 5879">
     <span class='ocr_line' id='line_1_76' title="bbox 513 5736 1225 5806; baseline -0.003 -17"><span class='ocrx_word' id='word_1_518' title='bbox 513 5736 582 5805; x_wconf 72' lang='lat'><strong>[2)</strong></span> <span class='ocrx_word' id='word_1_519' title='bbox 625 5739 785 5795; x_wconf 84' lang='lat' dir='ltr'><strong>Laur.</strong></span> <span class='ocrx_word' id='word_1_520' title='bbox 816 5740 908 5792; x_wconf 68' lang='grc' dir='ltr'>ἐπὶ</span> <span class='ocrx_word' id='word_1_521' title='bbox 934 5737 997 5791; x_wconf 82' lang='grc' dir='ltr'>τὸ</span> <span class='ocrx_word' id='word_1_522' title='bbox 1019 5736 1225 5806; x_wconf 80' lang='grc' dir='ltr'>ζητεῖν.</span> 
     </span>
     <span class='ocr_line' id='line_1_77' title="bbox 513 5809 977 5879; baseline -0.009 -15"><span class='ocrx_word' id='word_1_523' title='bbox 513 5810 589 5878; x_wconf 71' lang='lat'><strong>(3)</strong></span> <span class='ocrx_word' id='word_1_524' title='bbox 615 5809 747 5867; x_wconf 88' lang='lat' dir='ltr'><strong>Cod.</strong></span> <span class='ocrx_word' id='word_1_525' title='bbox 791 5811 977 5879; x_wconf 84' lang='grc' dir='ltr'>τάχου.</span> 
     </span>
    </p>
   </div>
   <div class='ocr_carea' id='block_1_76' title="bbox 1524 5920 1703 5931">
    <p class='ocr_par' dir='ltr' id='par_1_76' title="bbox 1524 5920 1703 5931">
     <span class='ocr_line' id='line_1_78' title="bbox 1524 5920 1703 5931; baseline -0.006 -4"><span class='ocrx_word' id='word_1_526' title='bbox 1524 5920 1703 5931; x_wconf 60' lang='grc'><strong>,,,.--</strong></span> 
     </span>
    </p>
   </div>
   <div class='ocr_carea' id='block_1_77' title="bbox 2109 1930 3703 2023">
    <p class='ocr_par' dir='ltr' id='par_1_77' title="bbox 2109 1930 3703 2023">
     <span class='ocr_line' id='line_1_79' title="bbox 2109 1930 3703 2023; baseline -0.001 -26"><span class='ocrx_word' id='word_1_527' title='bbox 2109 1930 2319 2013; x_wconf 48' lang='lat' dir='ltr'><strong>adﬁgi)&quot;</strong></span> <span class='ocrx_word' id='word_1_528' title='bbox 2377 1932 2580 2023; x_wconf 58' lang='grc' dir='ltr'>είρῦν</span> <span class='ocrx_word' id='word_1_529' title='bbox 2622 1945 2685 1998; x_wconf 85' lang='grc' dir='ltr'><strong>τὸ</strong></span> <span class='ocrx_word' id='word_1_530' title='bbox 2734 1932 3134 2015; x_wconf 73' lang='grc' dir='ltr'>ἐκπορεύεσθαι</span> <span class='ocrx_word' id='word_1_531' title='bbox 3186 1936 3285 2019; x_wconf 73' lang='grc' dir='ltr'>τὴν</span> <span class='ocrx_word' id='word_1_532' title='bbox 3344 1943 3703 2021; x_wconf 76' lang='grc' dir='ltr'>κυριωτάτην</span> 
     </span>
    </p>
   </div>
   <div class='ocr_carea' id='block_1_78' title="bbox 2109 2020 3696 2118">
    <p class='ocr_par' dir='ltr' id='par_1_78' title="bbox 2109 2020 3696 2118">
     <span class='ocr_line' id='line_1_80' title="bbox 2109 2020 3696 2118; baseline -0.001 -30"><span class='ocrx_word' id='word_1_533' title='bbox 2109 2034 2308 2104; x_wconf 79' lang='grc' dir='ltr'>ἐπέχον</span> <span class='ocrx_word' id='word_1_534' title='bbox 2341 2020 2547 2118; x_wconf 66' lang='grc' dir='ltr'>αἰτίαν,</span> <span class='ocrx_word' id='word_1_535' title='bbox 2581 2035 2650 2088; x_wconf 89' lang='grc' dir='ltr'><strong>δι’</strong></span> <span class='ocrx_word' id='word_1_536' title='bbox 2701 2037 2769 2107; x_wconf 71' lang='grc' dir='ltr'>ἢν</span> <span class='ocrx_word' id='word_1_537' title='bbox 2794 2036 2857 2089; x_wconf 86' lang='grc' dir='ltr'><strong>τὸ</strong></span> <span class='ocrx_word' id='word_1_538' title='bbox 2911 2020 3138 2106; x_wconf 77' lang='grc' dir='ltr'>Πνεῦμα</span> <span class='ocrx_word' id='word_1_539' title='bbox 3171 2035 3389 2103; x_wconf 81' lang='grc' dir='ltr'>λέγεται</span> <span class='ocrx_word' id='word_1_540' title='bbox 3423 2020 3564 2089; x_wconf 73' lang='grc' dir='ltr'>εἶναι</span> <span class='ocrx_word' id='word_1_541' title='bbox 3596 2037 3696 2088; x_wconf 76' lang='grc' dir='ltr'><strong>τοῦ</strong></span> 
     </span>
    </p>
   </div>
   <div class='ocr_carea' id='block_1_79' title="bbox 2108 2108 3703 2201">
    <p class='ocr_par' dir='ltr' id='par_1_79' title="bbox 2108 2108 3703 2201">
     <span class='ocr_line' id='line_1_81' title="bbox 2108 2108 3703 2201; baseline 0 -25"><span class='ocrx_word' id='word_1_542' title='bbox 2108 2121 2243 2176; x_wconf 84' lang='grc' dir='ltr'>Θεοῦ</span> <span class='ocrx_word' id='word_1_543' title='bbox 2270 2108 2381 2177; x_wconf 51' lang='grc' dir='ltr'>κάλ’</span> <span class='ocrx_word' id='word_1_544' title='bbox 2404 2108 2614 2195; x_wconf 71' lang='grc' dir='ltr'>Ιξυρίου</span> <span class='ocrx_word' id='word_1_545' title='bbox 2664 2125 2758 2177; x_wconf 79' lang='grc' dir='ltr'><strong>καὶ</strong></span> <span class='ocrx_word' id='word_1_546' title='bbox 2792 2125 2859 2179; x_wconf 77' lang='grc' dir='ltr'><strong>τά</strong></span> <span class='ocrx_word' id='word_1_547' title='bbox 2887 2126 3141 2191; x_wconf 85' lang='grc' dir='ltr'>τοιαῦτα,</span> <span class='ocrx_word' id='word_1_548' title='bbox 3187 2125 3339 2195; x_wconf 83' lang='grc' dir='ltr'>ὅμως</span> <span class='ocrx_word' id='word_1_549' title='bbox 3372 2125 3434 2201; x_wconf 76' lang='grc' dir='ltr'>οὗ</span> <span class='ocrx_word' id='word_1_550' title='bbox 3475 2124 3703 2177; x_wconf 75' lang='grc' dir='ltr'>δίδωσιν</span> 
     </span>
    </p>
   </div>
   <div class='ocr_carea' id='block_1_80' title="bbox 2109 2200 3701 2291">
    <p class='ocr_par' dir='ltr' id='par_1_80' title="bbox 2109 2202 3701 2291">
     <span class='ocr_line' id='line_1_82' title="bbox 2109 2202 3701 2291; baseline -0.001 -24"><span class='ocrx_word' id='word_1_551' title='bbox 2109 2204 2298 2278; x_wconf 79' lang='grc' dir='ltr'>αὐτοῖς</span> <span class='ocrx_word' id='word_1_552' title='bbox 2326 2202 2695 2284; x_wconf 69' lang='grc' dir='ltr'>ἀπαγγέλλειν</span> <span class='ocrx_word' id='word_1_553' title='bbox 2732 2218 2807 2277; x_wconf 68' lang='grc' dir='ltr'><strong>τὸ</strong></span> <span class='ocrx_word' id='word_1_554' title='bbox 2835 2216 3262 2285; x_wconf 76' lang='grc' dir='ltr'>ἐκπορεύεσθαι,</span> <span class='ocrx_word' id='word_1_555' title='bbox 3300 2216 3701 2291; x_wconf 69' lang='grc' dir='ltr'>πῶς-δυνατὸν,</span> 
     </span>
    </p>
   </div>
   <div class='ocr_carea' id='block_1_81' title="bbox 2111 2294 3691 2381">
    <p class='ocr_par' dir='ltr' id='par_1_81' title="bbox 2111 2294 3691 2381">
     <span class='ocr_line' id='line_1_83' title="bbox 2111 2294 3691 2381; baseline 0 -21"><span class='ocrx_word' id='word_1_556' title='bbox 2111 2294 2198 2379; x_wconf 50' lang='lat' dir='ltr'><strong>ego&quot;</strong></span> <span class='ocrx_word' id='word_1_557' title='bbox 2222 2302 2268 2378; x_wconf 85' lang='grc' dir='ltr'><strong>ᾧ</strong></span> <span class='ocrx_word' id='word_1_558' title='bbox 2291 2308 2465 2362; x_wconf 89' lang='grc' dir='ltr'>πλείω</span> <span class='ocrx_word' id='word_1_559' title='bbox 2497 2308 2562 2361; x_wconf 76' lang='grc' dir='ltr'>τὰ</span> <span class='ocrx_word' id='word_1_560' title='bbox 2594 2308 2747 2362; x_wconf 83' lang='grc' dir='ltr'>αἴτια</span> <span class='ocrx_word' id='word_1_561' title='bbox 2777 2310 3091 2378; x_wconf 82' lang='grc' dir='ltr'>θεωρεῖται,</span> <span class='ocrx_word' id='word_1_562' title='bbox 3132 2307 3203 2361; x_wconf 85' lang='grc' dir='ltr'><strong>δι’</strong></span> <span class='ocrx_word' id='word_1_563' title='bbox 3256 2300 3333 2362; x_wconf 81' lang='grc' dir='ltr'>ὧν</span> <span class='ocrx_word' id='word_1_564' title='bbox 3367 2307 3691 2381; x_wconf 77' lang='grc' dir='ltr'>ὑμνολογεῖ-</span> 
     </span>
    </p>
   </div>
   <div class='ocr_carea' id='block_1_82' title="bbox 2109 2399 3693 2473">
    <p class='ocr_par' dir='ltr' id='par_1_82' title="bbox 2109 2399 3693 2473">
     <span class='ocr_line' id='line_1_84' title="bbox 2109 2399 3693 2473; baseline -0.003 -18"><span class='ocrx_word' id='word_1_565' title='bbox 2109 2420 2200 2455; x_wconf 90' lang='grc' dir='ltr'><strong>ται</strong></span> <span class='ocrx_word' id='word_1_566' title='bbox 2237 2403 2461 2473; x_wconf 86' lang='grc' dir='ltr'>Πνεῦμα</span> <span class='ocrx_word' id='word_1_567' title='bbox 2492 2405 2587 2456; x_wconf 77' lang='grc' dir='ltr'><strong>τοῦ</strong></span> <span class='ocrx_word' id='word_1_568' title='bbox 2619 2403 2752 2456; x_wconf 87' lang='grc' dir='ltr'>Υίοῦ</span> <span class='ocrx_word' id='word_1_569' title='bbox 2789 2404 2885 2456; x_wconf 69' lang='grc' dir='ltr'><strong>καὶ</strong></span> <span class='ocrx_word' id='word_1_570' title='bbox 2915 2399 3181 2470; x_wconf 81' lang='grc' dir='ltr'>Χριστοῦ,</span> <span class='ocrx_word' id='word_1_571' title='bbox 3214 2401 3310 2454; x_wconf 75' lang='grc' dir='ltr'><strong>ἐπὶ</strong></span> <span class='ocrx_word' id='word_1_572' title='bbox 3359 2400 3555 2455; x_wconf 87' lang='grc' dir='ltr'>τούτου</span> <span class='ocrx_word' id='word_1_573' title='bbox 3592 2400 3693 2469; x_wconf 80' lang='grc' dir='ltr'><strong>ζη-</strong></span> 
     </span>
    </p>
   </div>
   <div class='ocr_carea' id='block_1_83' title="bbox 2111 2491 3692 2565">
    <p class='ocr_par' dir='ltr' id='par_1_83' title="bbox 2111 2491 3692 2565">
     <span class='ocr_line' id='line_1_85' title="bbox 2111 2491 3692 2565; baseline -0.003 -19"><span class='ocrx_word' id='word_1_574' title='bbox 2111 2496 2228 2563; x_wconf 80' lang='grc' dir='ltr'>τεῖν</span> <span class='ocrx_word' id='word_1_575' title='bbox 2258 2494 2334 2565; x_wconf 72' lang='lat'><strong>(&#39;2)</strong></span> <span class='ocrx_word' id='word_1_576' title='bbox 2374 2496 2557 2547; x_wconf 88' lang='grc' dir='ltr'>καίτοι</span> <span class='ocrx_word' id='word_1_577' title='bbox 2606 2494 2743 2564; x_wconf 78' lang='grc' dir='ltr'>μηδὲ</span> <span class='ocrx_word' id='word_1_578' title='bbox 2794 2491 3318 2563; x_wconf 78' lang='grc' dir='ltr'>συναριθμουμένην</span> <span class='ocrx_word' id='word_1_579' title='bbox 3344 2493 3461 2556; x_wconf 87' lang='grc' dir='ltr'>τοῖς</span> <span class='ocrx_word' id='word_1_580' title='bbox 3496 2491 3692 2555; x_wconf 73' lang='grc' dir='ltr'>αἰτίοις</span> 
     </span>
    </p>
   </div>
   <div class='ocr_carea' id='block_1_84' title="bbox 2116 2580 3049 2659">
    <p class='ocr_par' dir='ltr' id='par_1_84' title="bbox 2116 2580 3049 2659">
     <span class='ocr_line' id='line_1_86' title="bbox 2116 2580 3049 2659; baseline 0 -19"><span class='ocrx_word' id='word_1_581' title='bbox 2116 2580 2496 2658; x_wconf 81' lang='grc' dir='ltr'>ἀπαραίτητον</span> <span class='ocrx_word' id='word_1_582' title='bbox 2532 2587 2629 2657; x_wconf 79' lang='grc' dir='ltr'>τὴν</span> <span class='ocrx_word' id='word_1_583' title='bbox 2667 2586 2999 2655; x_wconf 73' lang='grc' dir='ltr'>ὲκπόρευςιν</span> <span class='ocrx_word' id='word_1_584' title='bbox 3032 2605 3049 2659; x_wconf 65' lang='grc' dir='ltr'><strong>ς</strong></span> 
     </span>
    </p>
   </div>
   <div class='ocr_carea' id='block_1_85' title="bbox 2187 2752 3693 2843">
    <p class='ocr_par' dir='ltr' id='par_1_85' title="bbox 2187 2752 3693 2843">
     <span class='ocr_line' id='line_1_87' title="bbox 2187 2752 3693 2843; baseline -0.004 -16"><span class='ocrx_word' id='word_1_585' title='bbox 2187 2752 2295 2839; x_wconf 68' lang='grc' dir='ltr'>ιιβί.</span> <span class='ocrx_word' id='word_1_586' title='bbox 2329 2752 2403 2825; x_wconf 76' lang='grc' dir='ltr'>Σῦ</span> <span class='ocrx_word' id='word_1_587' title='bbox 2431 2770 2487 2824; x_wconf 83' lang='grc' dir='ltr'>δὲ</span> <span class='ocrx_word' id='word_1_588' title='bbox 2514 2771 2623 2841; x_wconf 83' lang='grc' dir='ltr'>ἄρα</span> <span class='ocrx_word' id='word_1_589' title='bbox 2670 2770 2739 2825; x_wconf 74' lang='grc' dir='ltr'><strong>τά</strong></span> <span class='ocrx_word' id='word_1_590' title='bbox 2777 2764 2893 2829; x_wconf 81' lang='grc' dir='ltr'>ὦτα</span> <span class='ocrx_word' id='word_1_591' title='bbox 2933 2771 3024 2827; x_wconf 71' lang='grc' dir='ltr'>καὶ</span> <span class='ocrx_word' id='word_1_592' title='bbox 3061 2769 3161 2843; x_wconf 78' lang='grc' dir='ltr'>τὴν</span> <span class='ocrx_word' id='word_1_593' title='bbox 3189 2770 3436 2827; x_wconf 85' lang='grc' dir='ltr'>διάνοιαν</span> <span class='ocrx_word' id='word_1_594' title='bbox 3468 2768 3693 2824; x_wconf 78' lang='grc' dir='ltr'>ἀνατεί·</span> 
     </span>
    </p>
   </div>
   <div class='ocr_carea' id='block_1_86' title="bbox 2115 2852 3701 2936">
    <p class='ocr_par' dir='ltr' id='par_1_86' title="bbox 2115 2852 3701 2936">
     <span class='ocr_line' id='line_1_88' title="bbox 2115 2852 3701 2936; baseline -0.001 -19"><span class='ocrx_word' id='word_1_595' title='bbox 2115 2879 2221 2917; x_wconf 85' lang='grc' dir='ltr'><strong>νων</strong></span> <span class='ocrx_word' id='word_1_596' title='bbox 2252 2862 2390 2933; x_wconf 80' lang='grc' dir='ltr'>πρὸς</span> <span class='ocrx_word' id='word_1_597' title='bbox 2432 2863 2714 2928; x_wconf 74' lang='grc' dir='ltr'>ἀσέϐειαν,</span> <span class='ocrx_word' id='word_1_598' title='bbox 2776 2852 3003 2919; x_wconf 79' lang='grc' dir='ltr'>ἐπειδάν</span> <span class='ocrx_word' id='word_1_599' title='bbox 3068 2861 3315 2936; x_wconf 80' lang='grc' dir='ltr'>ἀκούσῃς</span> <span class='ocrx_word' id='word_1_600' title='bbox 3343 2862 3405 2916; x_wconf 85' lang='grc' dir='ltr'><strong>τὸ</strong></span> <span class='ocrx_word' id='word_1_601' title='bbox 3450 2852 3701 2933; x_wconf 67' lang='grc' dir='ltr'>Πνεῦμα</span> 
     </span>
    </p>
   </div>
   <div class='ocr_carea' id='block_1_87' title="bbox 2113 2952 3709 3026">
    <p class='ocr_par' dir='ltr' id='par_1_87' title="bbox 2113 2952 3709 3026">
     <span class='ocr_line' id='line_1_89' title="bbox 2113 2952 3709 3026; baseline -0.001 -18"><span class='ocrx_word' id='word_1_602' title='bbox 2113 2952 2224 3009; x_wconf 82' lang='grc' dir='ltr'><strong>τοῦ</strong></span> <span class='ocrx_word' id='word_1_603' title='bbox 2263 2953 2524 3023; x_wconf 82' lang='grc' dir='ltr'>Χριστοῦ</span> <span class='ocrx_word' id='word_1_604' title='bbox 2551 2955 2584 3026; x_wconf 84' lang='grc' dir='ltr'>ἢ</span> <span class='ocrx_word' id='word_1_605' title='bbox 2616 2954 2724 3010; x_wconf 84' lang='grc' dir='ltr'><strong>τοῦ</strong></span> <span class='ocrx_word' id='word_1_606' title='bbox 2782 2955 2946 3020; x_wconf 77' lang='grc' dir='ltr'>Υιοῦ,</span> <span class='ocrx_word' id='word_1_607' title='bbox 2994 2958 3173 3009; x_wconf 87' lang='grc' dir='ltr'>πάντα</span> <span class='ocrx_word' id='word_1_608' title='bbox 3224 2952 3607 3026; x_wconf 82' lang='grc' dir='ltr'>παραδραμὼν</span> <span class='ocrx_word' id='word_1_609' title='bbox 3638 2955 3709 3020; x_wconf 73' lang='grc' dir='ltr'>ἐξ</span> 
     </span>
    </p>
   </div>
   <div class='ocr_carea' id='block_1_88' title="bbox 2112 3039 3705 3121">
    <p class='ocr_par' dir='ltr' id='par_1_88' title="bbox 2112 3039 3705 3121">
     <span class='ocr_line' id='line_1_90' title="bbox 2112 3039 3705 3121; baseline -0.001 -20"><span class='ocrx_word' id='word_1_610' title='bbox 2112 3039 2189 3101; x_wconf 79' lang='grc' dir='ltr'>ὧν</span> <span class='ocrx_word' id='word_1_611' title='bbox 2222 3048 2320 3118; x_wconf 82' lang='grc' dir='ltr'><strong>τῆς</strong></span> <span class='ocrx_word' id='word_1_612' title='bbox 2356 3048 2633 3118; x_wconf 76' lang='grc' dir='ltr'>θεολογίας</span> <span class='ocrx_word' id='word_1_613' title='bbox 2655 3044 2725 3121; x_wconf 80' lang='grc' dir='ltr'>ἦν</span> <span class='ocrx_word' id='word_1_614' title='bbox 2750 3066 2834 3103; x_wconf 86' lang='grc' dir='ltr'><strong>σοι</strong></span> <span class='ocrx_word' id='word_1_615' title='bbox 2870 3049 2945 3119; x_wconf 79' lang='grc' dir='ltr'>μὴ</span> <span class='ocrx_word' id='word_1_616' title='bbox 2971 3049 3306 3110; x_wconf 83' lang='grc' dir='ltr'>διεκπεσεῖν,</span> <span class='ocrx_word' id='word_1_617' title='bbox 3344 3049 3425 3112; x_wconf 89' lang='grc' dir='ltr'><strong>είς</strong></span> <span class='ocrx_word' id='word_1_618' title='bbox 3449 3047 3488 3100; x_wconf 84' lang='grc' dir='ltr'><strong>ὃ·</strong></span> <span class='ocrx_word' id='word_1_619' title='bbox 3508 3047 3705 3118; x_wconf 78' lang='grc' dir='ltr'>μηδεὶς</span> 
     </span>
    </p>
   </div>
   <div class='ocr_carea' id='block_1_89' title="bbox 2116 3137 3713 3210">
    <p class='ocr_par' dir='ltr' id='par_1_89' title="bbox 2116 3137 3713 3210">
     <span class='ocr_line' id='line_1_91' title="bbox 2116 3137 3713 3210; baseline -0.001 -21"><span class='ocrx_word' id='word_1_620' title='bbox 2116 3139 2292 3191; x_wconf 80' lang='grc' dir='ltr'>εἰπεῖν</span> <span class='ocrx_word' id='word_1_621' title='bbox 2316 3138 2649 3209; x_wconf 81' lang='grc' dir='ltr'>κατηνέχθη,</span> <span class='ocrx_word' id='word_1_622' title='bbox 2688 3138 2828 3210; x_wconf 84' lang='grc' dir='ltr'>πρὸς</span> <span class='ocrx_word' id='word_1_623' title='bbox 2876 3140 3056 3191; x_wconf 78' lang='grc' dir='ltr'>ἐκεῖνο</span> <span class='ocrx_word' id='word_1_624' title='bbox 3086 3138 3230 3191; x_wconf 87' lang='grc' dir='ltr'>κατὰ</span> <span class='ocrx_word' id='word_1_625' title='bbox 3283 3137 3532 3207; x_wconf 76' lang='grc' dir='ltr'>κεφαλὴν</span> <span class='ocrx_word' id='word_1_626' title='bbox 3569 3139 3713 3207; x_wconf 76' lang='grc' dir='ltr'>τρέ-</span> 
     </span>
    </p>
   </div>
   <div class='ocr_carea' id='block_1_90' title="bbox 2113 3216 3710 3302">
    <p class='ocr_par' dir='ltr' id='par_1_90' title="bbox 2113 3216 3710 3302">
     <span class='ocr_line' id='line_1_92' title="bbox 2113 3216 3710 3302; baseline 0.002 -21"><span class='ocrx_word' id='word_1_627' title='bbox 2113 3247 2250 3300; x_wconf 79' lang='grc' dir='ltr'>χεις.</span> <span class='ocrx_word' id='word_1_628' title='bbox 2279 3216 2512 3302; x_wconf 69' lang='grc' dir='ltr'>Εἴρηται</span> <span class='ocrx_word' id='word_1_629' title='bbox 2546 3231 2604 3285; x_wconf 84' lang='grc' dir='ltr'>τὸ</span> <span class='ocrx_word' id='word_1_630' title='bbox 2632 3216 2858 3301; x_wconf 80' lang='grc' dir='ltr'>Πνεῦμα</span> <span class='ocrx_word' id='word_1_631' title='bbox 2890 3230 3293 3302; x_wconf 79' lang='grc' dir='ltr'>ἐκπορεύεσθαι</span> <span class='ocrx_word' id='word_1_632' title='bbox 3327 3229 3424 3284; x_wconf 87' lang='grc' dir='ltr'><strong>τοῦ</strong></span> <span class='ocrx_word' id='word_1_633' title='bbox 3457 3231 3710 3301; x_wconf 56' lang='grc' dir='ltr'>Πατρλς,</span> 
     </span>
    </p>
   </div>
   <div class='ocr_carea' id='block_1_91' title="bbox 2113 3320 3710 3392">
    <p class='ocr_par' dir='ltr' id='par_1_91' title="bbox 2113 3320 3710 3392">
     <span class='ocr_line' id='line_1_93' title="bbox 2113 3320 3710 3392; baseline -0.001 -18"><span class='ocrx_word' id='word_1_634' title='bbox 2113 3323 2331 3392; x_wconf 85' lang='grc' dir='ltr'>είρηται</span> <span class='ocrx_word' id='word_1_635' title='bbox 2354 3323 2450 3375; x_wconf 74' lang='grc' dir='ltr'>καὶ</span> <span class='ocrx_word' id='word_1_636' title='bbox 2483 3322 2581 3375; x_wconf 84' lang='grc' dir='ltr'><strong>τοῦ</strong></span> <span class='ocrx_word' id='word_1_637' title='bbox 2639 3322 2771 3375; x_wconf 86' lang='grc' dir='ltr'>Υίοῦ</span> <span class='ocrx_word' id='word_1_638' title='bbox 2803 3322 3021 3377; x_wconf 75' lang='grc' dir='ltr'>καὶτοῦ</span> <span class='ocrx_word' id='word_1_639' title='bbox 3076 3320 3236 3385; x_wconf 89' lang='grc' dir='ltr'>Θεοῦ,</span> <span class='ocrx_word' id='word_1_640' title='bbox 3275 3320 3372 3373; x_wconf 83' lang='grc' dir='ltr'><strong>καὶ</strong></span> <span class='ocrx_word' id='word_1_641' title='bbox 3417 3320 3487 3373; x_wconf 81' lang='grc' dir='ltr'>τὰ</span> <span class='ocrx_word' id='word_1_642' title='bbox 3534 3320 3710 3385; x_wconf 79' lang='grc' dir='ltr'>ἄλλα,</span> 
     </span>
    </p>
   </div>
   <div class='ocr_carea' id='block_1_92' title="bbox 2108 3408 3719 3487">
    <p class='ocr_par' dir='ltr' id='par_1_92' title="bbox 2108 3408 3719 3487">
     <span class='ocr_line' id='line_1_94' title="bbox 2108 3408 3719 3487; baseline -0.001 -19"><span class='ocrx_word' id='word_1_643' title='bbox 2108 3408 2187 3468; x_wconf 82' lang='grc' dir='ltr'>ὧν</span> <span class='ocrx_word' id='word_1_644' title='bbox 2212 3414 2474 3479; x_wconf 87' lang='grc' dir='ltr'>πολλάκις</span> <span class='ocrx_word' id='word_1_645' title='bbox 2507 3416 2535 3468; x_wconf 85' lang='grc' dir='ltr'>ὁ</span> <span class='ocrx_word' id='word_1_646' title='bbox 2564 3414 2725 3484; x_wconf 85' lang='grc' dir='ltr'>λόγος</span> <span class='ocrx_word' id='word_1_647' title='bbox 2761 3414 3034 3479; x_wconf 82' lang='grc' dir='ltr'>άνὲπτυξε</span> <span class='ocrx_word' id='word_1_648' title='bbox 3091 3414 3191 3487; x_wconf 83' lang='grc' dir='ltr'>τὴν</span> <span class='ocrx_word' id='word_1_649' title='bbox 3240 3414 3500 3484; x_wconf 77' lang='grc' dir='ltr'>διήγησιν</span> <span class='ocrx_word' id='word_1_650' title='bbox 3529 3427 3543 3442; x_wconf 89' lang='grc'><strong>·</strong></span> <span class='ocrx_word' id='word_1_651' title='bbox 3601 3416 3719 3467; x_wconf 72' lang='grc' dir='ltr'>καὶ</span> 
     </span>
    </p>
   </div>
   <div class='ocr_carea' id='block_1_93' title="bbox 2111 3504 3718 3579">
    <p class='ocr_par' dir='ltr' id='par_1_93' title="bbox 2111 3504 3718 3579">
     <span class='ocr_line' id='line_1_95' title="bbox 2111 3504 3718 3579; baseline -0.001 -18"><span class='ocrx_word' id='word_1_652' title='bbox 2111 3506 2264 3561; x_wconf 82' lang='grc' dir='ltr'>οὐδὲν</span> <span class='ocrx_word' id='word_1_653' title='bbox 2315 3507 2526 3560; x_wconf 83' lang='grc' dir='ltr'>τούτων</span> <span class='ocrx_word' id='word_1_654' title='bbox 2560 3506 2702 3579; x_wconf 80' lang='grc' dir='ltr'>πλὴν</span> <span class='ocrx_word' id='word_1_655' title='bbox 2734 3507 2838 3577; x_wconf 83' lang='grc' dir='ltr'><strong>τῆς</strong></span> <span class='ocrx_word' id='word_1_656' title='bbox 2882 3506 3159 3577; x_wconf 81' lang='grc' dir='ltr'>προτέρας</span> <span class='ocrx_word' id='word_1_657' title='bbox 3195 3505 3382 3574; x_wconf 76' lang='grc' dir='ltr'>φωνῆς</span> <span class='ocrx_word' id='word_1_658' title='bbox 3435 3504 3718 3574; x_wconf 79' lang='grc' dir='ltr'>σημαίνει</span> 
     </span>
    </p>
   </div>
   <div class='ocr_carea' id='block_1_94' title="bbox 2110 3595 3719 3672">
    <p class='ocr_par' dir='ltr' id='par_1_94' title="bbox 2110 3595 3719 3672">
     <span class='ocr_line' id='line_1_96' title="bbox 2110 3595 3719 3672; baseline -0.004 -19"><span class='ocrx_word' id='word_1_659' title='bbox 2110 3599 2212 3672; x_wconf 81' lang='grc' dir='ltr'>τὴν</span> <span class='ocrx_word' id='word_1_660' title='bbox 2239 3601 2602 3671; x_wconf 77' lang='grc' dir='ltr'>ἐκπόρευσιν·</span> <span class='ocrx_word' id='word_1_661' title='bbox 2632 3600 2851 3669; x_wconf 72' lang='grc' dir='ltr'>εἴρηται</span> <span class='ocrx_word' id='word_1_662' title='bbox 2899 3600 2961 3652; x_wconf 85' lang='grc' dir='ltr'><strong>τὸ</strong></span> <span class='ocrx_word' id='word_1_663' title='bbox 3004 3597 3235 3667; x_wconf 71' lang='grc' dir='ltr'>Πιεῦμα</span> <span class='ocrx_word' id='word_1_664' title='bbox 3267 3596 3363 3649; x_wconf 85' lang='grc' dir='ltr'><strong>τοῦ</strong></span> <span class='ocrx_word' id='word_1_665' title='bbox 3400 3595 3531 3671; x_wconf 84' lang='grc' dir='ltr'>Υίοῦ</span> <span class='ocrx_word' id='word_1_666' title='bbox 3560 3596 3719 3664; x_wconf 59' lang='grc' dir='ltr'>Χρε-</span> 
     </span>
    </p>
   </div>
   <div class='ocr_carea' id='block_1_95' title="bbox 2116 3683 3717 3765">
    <p class='ocr_par' dir='ltr' id='par_1_95' title="bbox 2116 3683 3717 3765">
     <span class='ocr_line' id='line_1_97' title="bbox 2116 3683 3717 3765; baseline -0.009 -13"><span class='ocrx_word' id='word_1_667' title='bbox 2116 3695 2246 3752; x_wconf 85' lang='grc' dir='ltr'>στοῦ</span> <span class='ocrx_word' id='word_1_668' title='bbox 2281 3697 2375 3750; x_wconf 77' lang='grc' dir='ltr'><strong>καὶ</strong></span> <span class='ocrx_word' id='word_1_669' title='bbox 2409 3696 2480 3749; x_wconf 84' lang='grc' dir='ltr'><strong>τά</strong></span> <span class='ocrx_word' id='word_1_670' title='bbox 2503 3691 2893 3765; x_wconf 80' lang='grc' dir='ltr'>παραπλήσια,</span> <span class='ocrx_word' id='word_1_671' title='bbox 2918 3689 3159 3759; x_wconf 72' lang='grc' dir='ltr'>οὐδαμοῦ</span> <span class='ocrx_word' id='word_1_672' title='bbox 3185 3688 3243 3741; x_wconf 81' lang='grc' dir='ltr'>δὲ</span> <span class='ocrx_word' id='word_1_673' title='bbox 3275 3688 3360 3741; x_wconf 84' lang='grc' dir='ltr'><strong>ὅτι</strong></span> <span class='ocrx_word' id='word_1_674' title='bbox 3383 3686 3443 3740; x_wconf 82' lang='grc' dir='ltr'><strong>τὸ</strong></span> <span class='ocrx_word' id='word_1_675' title='bbox 3470 3683 3717 3755; x_wconf 72' lang='grc' dir='ltr'>Πνεῦμα</span> 
     </span>
    </p>
   </div>
   <div class='ocr_carea' id='block_1_96' title="bbox 2111 3778 3722 3857">
    <p class='ocr_par' dir='ltr' id='par_1_96' title="bbox 2111 3778 3722 3857">
     <span class='ocr_line' id='line_1_98' title="bbox 2111 3778 3722 3857; baseline -0.009 -14"><span class='ocrx_word' id='word_1_676' title='bbox 2111 3788 2207 3843; x_wconf 85' lang='grc' dir='ltr'><strong>τοῦ</strong></span> <span class='ocrx_word' id='word_1_677' title='bbox 2237 3788 2369 3841; x_wconf 84' lang='grc' dir='ltr'>Υίοῦ</span> <span class='ocrx_word' id='word_1_678' title='bbox 2395 3786 2784 3857; x_wconf 78' lang='grc' dir='ltr'>ἐκπορεύεται.</span> <span class='ocrx_word' id='word_1_679' title='bbox 2817 3782 3104 3853; x_wconf 77' lang='grc' dir='ltr'>Μηδαμῶς</span> <span class='ocrx_word' id='word_1_680' title='bbox 3135 3780 3229 3834; x_wconf 81' lang='grc' dir='ltr'><strong>οῦν</strong></span> <span class='ocrx_word' id='word_1_681' title='bbox 3264 3778 3563 3849; x_wconf 74' lang='grc' dir='ltr'>εἰρημένης</span> <span class='ocrx_word' id='word_1_682' title='bbox 3600 3778 3722 3846; x_wconf 73' lang='grc' dir='ltr'><strong>τῆς</strong></span> 
     </span>
    </p>
   </div>
   <div class='ocr_carea' id='block_1_97' title="bbox 2112 3871 3720 3952">
    <p class='ocr_par' dir='ltr' id='par_1_97' title="bbox 2112 3871 3720 3952">
     <span class='ocr_line' id='line_1_99' title="bbox 2112 3871 3720 3952; baseline -0.008 -16"><span class='ocrx_word' id='word_1_683' title='bbox 2112 3879 2517 3952; x_wconf 73' lang='grc' dir='ltr'>ὲκπορεύσεως,</span> <span class='ocrx_word' id='word_1_684' title='bbox 2581 3877 2723 3940; x_wconf 67' lang='grc' dir='ltr'>πῶςε</span> <span class='ocrx_word' id='word_1_685' title='bbox 2765 3876 2825 3928; x_wconf 83' lang='grc' dir='ltr'><strong>οὐ</strong></span> <span class='ocrx_word' id='word_1_686' title='bbox 2857 3873 3140 3936; x_wconf 84' lang='grc' dir='ltr'>παντελῶς</span> <span class='ocrx_word' id='word_1_687' title='bbox 3190 3871 3452 3926; x_wconf 82' lang='grc' dir='ltr'>ἀσύνετόν</span> <span class='ocrx_word' id='word_1_688' title='bbox 3502 3885 3564 3922; x_wconf 84' lang='grc' dir='ltr'><strong>τε</strong></span> <span class='ocrx_word' id='word_1_689' title='bbox 3603 3872 3720 3923; x_wconf 79' lang='grc' dir='ltr'>καὶ</span> 
     </span>
    </p>
   </div>
   <div class='ocr_carea' id='block_1_98' title="bbox 2113 3961 3717 4046">
    <p class='ocr_par' dir='ltr' id='par_1_98' title="bbox 2113 3961 3717 4046">
     <span class='ocr_line' id='line_1_100' title="bbox 2113 3961 3717 4046; baseline -0.01 -20"><span class='ocrx_word' id='word_1_690' title='bbox 2113 3974 2435 4046; x_wconf 74' lang='grc' dir='ltr'>παράφορον</span> <span class='ocrx_word' id='word_1_691' title='bbox 2463 3974 2546 4035; x_wconf 88' lang='grc' dir='ltr'><strong>είς</strong></span> <span class='ocrx_word' id='word_1_692' title='bbox 2579 3972 2763 4025; x_wconf 77' lang='grc' dir='ltr'>ἐκεῖνο</span> <span class='ocrx_word' id='word_1_693' title='bbox 2786 3967 2889 4032; x_wconf 79' lang='grc' dir='ltr'><strong>τὰς</strong></span> <span class='ocrx_word' id='word_1_694' title='bbox 2929 3967 3118 4036; x_wconf 75' lang='grc' dir='ltr'>φωνάς</span> <span class='ocrx_word' id='word_1_695' title='bbox 3150 3965 3396 4033; x_wconf 84' lang='grc' dir='ltr'>ἀνάγειν,</span> <span class='ocrx_word' id='word_1_696' title='bbox 3425 3961 3554 4026; x_wconf 80' lang='grc' dir='ltr'>είςδ</span> <span class='ocrx_word' id='word_1_697' title='bbox 3591 3978 3717 4031; x_wconf 83' lang='grc' dir='ltr'>μη-</span> 
     </span>
    </p>
   </div>
   <div class='ocr_carea' id='block_1_99' title="bbox 2111 4052 3718 4137">
    <p class='ocr_par' dir='ltr' id='par_1_99' title="bbox 2111 4052 3718 4137">
     <span class='ocr_line' id='line_1_101' title="bbox 2111 4052 3718 4137; baseline -0.009 -17"><span class='ocrx_word' id='word_1_698' title='bbox 2111 4066 2261 4137; x_wconf 87' lang='grc' dir='ltr'>δαμῆ</span> <span class='ocrx_word' id='word_1_699' title='bbox 2299 4064 2568 4136; x_wconf 83' lang='grc' dir='ltr'>μηδαμῶς</span> <span class='ocrx_word' id='word_1_700' title='bbox 2601 4060 2993 4130; x_wconf 73' lang='grc' dir='ltr'>ὲκπετρὼνηται</span> <span class='ocrx_word' id='word_1_701' title='bbox 3025 4075 3039 4122; x_wconf 91' lang='lat'><strong>;</strong></span> <span class='ocrx_word' id='word_1_702' title='bbox 3075 4058 3150 4111; x_wconf 73' lang='grc' dir='ltr'><strong>Οὐ</strong></span> <span class='ocrx_word' id='word_1_703' title='bbox 3174 4058 3282 4126; x_wconf 79' lang='grc' dir='ltr'><strong>γὰρ</strong></span> <span class='ocrx_word' id='word_1_704' title='bbox 3315 4056 3381 4125; x_wconf 80' lang='grc' dir='ltr'><strong>δὴ</strong></span> <span class='ocrx_word' id='word_1_705' title='bbox 3414 4057 3505 4107; x_wconf 80' lang='grc' dir='ltr'>καὶ</span> <span class='ocrx_word' id='word_1_706' title='bbox 3533 4052 3718 4106; x_wconf 75' lang='grc' dir='ltr'>τοῦτο</span> 
     </span>
    </p>
   </div>
   <div class='ocr_carea' id='block_1_100' title="bbox 2113 4146 3717 4230">
    <p class='ocr_par' dir='ltr' id='par_1_100' title="bbox 2113 4146 3717 4230">
     <span class='ocr_line' id='line_1_102' title="bbox 2113 4146 3717 4230; baseline -0.01 -17"><span class='ocrx_word' id='word_1_707' title='bbox 2113 4158 2485 4230; x_wconf 83' lang='grc' dir='ltr'>τολμήσουσιν</span> <span class='ocrx_word' id='word_1_708' title='bbox 2524 4158 2573 4210; x_wconf 90' lang='grc' dir='ltr'><strong>οί</strong></span> <span class='ocrx_word' id='word_1_709' title='bbox 2616 4156 2796 4210; x_wconf 81' lang='grc' dir='ltr'>πάντα</span> <span class='ocrx_word' id='word_1_710' title='bbox 2847 4153 3071 4223; x_wconf 78' lang='grc' dir='ltr'>θρασεῖς</span> <span class='ocrx_word' id='word_1_711' title='bbox 3099 4154 3299 4211; x_wconf 78' lang='grc' dir='ltr'>εἰπεῖν,</span> <span class='ocrx_word' id='word_1_712' title='bbox 3333 4148 3413 4211; x_wconf 74' lang='grc' dir='ltr'>ὼς</span> <span class='ocrx_word' id='word_1_713' title='bbox 3446 4146 3564 4200; x_wconf 77' lang='grc' dir='ltr'>ἔστι</span> <span class='ocrx_word' id='word_1_714' title='bbox 3599 4148 3717 4217; x_wconf 77' lang='grc' dir='ltr'><strong>ῥή-</strong></span> 
     </span>
    </p>
   </div>
   <div class='ocr_carea' id='block_1_101' title="bbox 2118 4236 3715 4323">
    <p class='ocr_par' dir='ltr' id='par_1_101' title="bbox 2118 4236 3715 4323">
     <span class='ocr_line' id='line_1_103' title="bbox 2118 4236 3715 4323; baseline -0.011 -17"><span class='ocrx_word' id='word_1_715' title='bbox 2118 4268 2284 4323; x_wconf 86' lang='grc' dir='ltr'>μασιν</span> <span class='ocrx_word' id='word_1_716' title='bbox 2311 4251 2496 4313; x_wconf 87' lang='grc' dir='ltr'>αὐτοῖς</span> <span class='ocrx_word' id='word_1_717' title='bbox 2529 4251 2594 4303; x_wconf 80' lang='grc' dir='ltr'>ὲκ</span> <span class='ocrx_word' id='word_1_718' title='bbox 2613 4249 2724 4302; x_wconf 90' lang='grc' dir='ltr'><strong>τῶν</strong></span> <span class='ocrx_word' id='word_1_719' title='bbox 2751 4246 2913 4317; x_wconf 82' lang='grc' dir='ltr'>ἱερῶν</span> <span class='ocrx_word' id='word_1_720' title='bbox 2947 4244 3146 4313; x_wconf 77' lang='grc' dir='ltr'>λογίων</span> <span class='ocrx_word' id='word_1_721' title='bbox 3173 4242 3363 4296; x_wconf 82' lang='grc' dir='ltr'>λαϐεῖν</span> <span class='ocrx_word' id='word_1_722' title='bbox 3386 4239 3449 4293; x_wconf 76' lang='grc' dir='ltr'>τὸ</span> <span class='ocrx_word' id='word_1_723' title='bbox 3475 4236 3715 4306; x_wconf 72' lang='grc' dir='ltr'>Πνεῦμα,</span> 
     </span>
    </p>
   </div>
   <div class='ocr_carea' id='block_1_102' title="bbox 2114 4340 2823 4413">
    <p class='ocr_par' dir='ltr' id='par_1_102' title="bbox 2114 4340 2823 4413">
     <span class='ocr_line' id='line_1_104' title="bbox 2114 4340 2823 4413; baseline -0.008 -13"><span class='ocrx_word' id='word_1_724' title='bbox 2114 4344 2208 4400; x_wconf 86' lang='grc' dir='ltr'><strong>τοῦ</strong></span> <span class='ocrx_word' id='word_1_725' title='bbox 2245 4343 2379 4399; x_wconf 85' lang='grc' dir='ltr'>Υίοῦ</span> <span class='ocrx_word' id='word_1_726' title='bbox 2404 4340 2823 4413; x_wconf 73' lang='grc' dir='ltr'>ἐκπορεύεσθαι.</span> 
     </span>
    </p>
   </div>
   <div class='ocr_carea' id='block_1_103' title="bbox 2652 4432 3130 4489">
    <p class='ocr_par' dir='ltr' id='par_1_103' title="bbox 2652 4432 3130 4489">
     <span class='ocr_line' id='line_1_105' title="bbox 2652 4432 3130 4489; baseline -0.013 0"><span class='ocrx_word' id='word_1_727' title='bbox 2652 4432 3130 4489; x_wconf 80' lang='grc' dir='ltr'><strong>ΑΝῙΙΡΡΗΣῙΣ.</strong></span> 
     </span>
    </p>
   </div>
   <div class='ocr_carea' id='block_1_104' title="bbox 495 4516 2010 4623">
    <p class='ocr_par' dir='ltr' id='par_1_104' title="bbox 495 4516 2010 4611">
     <span class='ocr_line' id='line_1_106' title="bbox 495 4516 2010 4611; baseline -0.001 -13"><span class='ocrx_word' id='word_1_728' title='bbox 495 4541 738 4598; x_wconf 74' lang='lat' dir='ltr'><strong>XXXIII.</strong></span> <span class='ocrx_word' id='word_1_729' title='bbox 770 4516 869 4597; x_wconf 81' lang='lat' dir='ltr'><strong>Det</strong></span> <span class='ocrx_word' id='word_1_730' title='bbox 890 4540 987 4596; x_wconf 89' lang='lat' dir='ltr'><strong>tibi</strong></span> <span class='ocrx_word' id='word_1_731' title='bbox 1013 4539 1276 4595; x_wconf 92' lang='lat' dir='ltr'><strong>Dominus</strong></span> <span class='ocrx_word' id='word_1_732' title='bbox 1309 4539 1741 4611; x_wconf 71' lang='lat' dir='ltr'><strong>intelligentiam.</strong></span> <span class='ocrx_word' id='word_1_733' title='bbox 1776 4541 2010 4611; x_wconf 81' lang='lat' dir='ltr'><strong>quicun-</strong></span> 
     </span>
    </p>
   </div>
   <div class='ocr_carea' id='block_1_105' title="bbox 2112 4516 3725 4623">
    <p class='ocr_par' dir='ltr' id='par_1_105' title="bbox 2189 4536 3725 4623">
     <span class='ocr_line' id='line_1_107' title="bbox 2189 4536 3725 4623; baseline -0.009 -18"><span class='ocrx_word' id='word_1_734' title='bbox 2189 4552 2314 4607; x_wconf 72' lang='lat' dir='ltr'><strong>AI&quot;.</strong></span> <span class='ocrx_word' id='word_1_735' title='bbox 2342 4550 2470 4623; x_wconf 92' lang='grc' dir='ltr'>Δοίη</span> <span class='ocrx_word' id='word_1_736' title='bbox 2524 4567 2608 4603; x_wconf 89' lang='grc' dir='ltr'><strong>σοι</strong></span> <span class='ocrx_word' id='word_1_737' title='bbox 2661 4547 2867 4619; x_wconf 78' lang='grc' dir='ltr'>Κύριος</span> <span class='ocrx_word' id='word_1_738' title='bbox 2919 4543 3161 4606; x_wconf 84' lang='grc' dir='ltr'>σύνεσιν,</span> <span class='ocrx_word' id='word_1_739' title='bbox 3197 4536 3242 4597; x_wconf 80' lang='grc' dir='ltr'><strong>ὦ</strong></span> <span class='ocrx_word' id='word_1_740' title='bbox 3288 4542 3443 4604; x_wconf 75' lang='grc' dir='ltr'>ὅστις</span> <span class='ocrx_word' id='word_1_741' title='bbox 3477 4537 3597 4623; x_wconf 75' lang='grc' dir='ltr'>ποτ’</span> <span class='ocrx_word' id='word_1_742' title='bbox 3640 4538 3725 4593; x_wconf 51' lang='grc' dir='ltr'>ἄν</span> 
     </span>
    </p>
   </div>
   <div class='ocr_carea' id='block_1_106' title="bbox 2118 4622 3711 4714">
    <p class='ocr_par' dir='ltr' id='par_1_106' title="bbox 2118 4622 3711 4714">
     <span class='ocr_line' id='line_1_108' title="bbox 2118 4622 3711 4714; baseline -0.009 -17"><span class='ocrx_word' id='word_1_743' title='bbox 2118 4643 2237 4714; x_wconf 77' lang='grc' dir='ltr'>εἴης</span> <span class='ocrx_word' id='word_1_744' title='bbox 2259 4646 2288 4698; x_wconf 86' lang='grc' dir='ltr'>ὁ</span> <span class='ocrx_word' id='word_1_745' title='bbox 2314 4644 2383 4697; x_wconf 86' lang='grc' dir='ltr'>τὰ</span> <span class='ocrx_word' id='word_1_746' title='bbox 2412 4622 2662 4713; x_wconf 75' lang='grc' dir='ltr'>παρόντα</span> <span class='ocrx_word' id='word_1_747' title='bbox 2696 4640 2908 4711; x_wconf 86' lang='grc' dir='ltr'>μέλλων</span> <span class='ocrx_word' id='word_1_748' title='bbox 2938 4633 3439 4702; x_wconf 70' lang='grc' dir='ltr'>ἐξεταστικὼτερον</span> <span class='ocrx_word' id='word_1_749' title='bbox 3465 4622 3711 4695; x_wconf 73' lang='grc' dir='ltr'>ἐπιέναι,</span> 
     </span>
    </p>
   </div>
   <div class='ocr_carea' id='block_1_107' title="bbox 2117 4722 3715 4807">
    <p class='ocr_par' dir='ltr' id='par_1_107' title="bbox 2117 4722 3715 4807">
     <span class='ocr_line' id='line_1_109' title="bbox 2117 4722 3715 4807; baseline -0.012 -15"><span class='ocrx_word' id='word_1_750' title='bbox 2117 4738 2455 4807; x_wconf 79' lang='grc' dir='ltr'>κατανοῆσαι</span> <span class='ocrx_word' id='word_1_751' title='bbox 2485 4734 2582 4804; x_wconf 81' lang='grc' dir='ltr'>τὴν</span> <span class='ocrx_word' id='word_1_752' title='bbox 2609 4733 2840 4803; x_wconf 85' lang='grc' dir='ltr'>δύναμιν</span> <span class='ocrx_word' id='word_1_753' title='bbox 2869 4732 2979 4786; x_wconf 90' lang='grc' dir='ltr'><strong>τῶν</strong></span> <span class='ocrx_word' id='word_1_754' title='bbox 3007 4726 3244 4782; x_wconf 65' lang='grc' dir='ltr'>ἐνταῦθα</span> <span class='ocrx_word' id='word_1_755' title='bbox 3299 4724 3389 4795; x_wconf 83' lang='grc' dir='ltr'><strong>τῷ·</strong></span> <span class='ocrx_word' id='word_1_756' title='bbox 3410 4722 3715 4793; x_wconf 68' lang='grc' dir='ltr'>σοφωτάτῳ</span> 
     </span>
    </p>
   </div>
   <div class='ocr_carea' id='block_1_108' title="bbox 2117 4817 3719 4898">
    <p class='ocr_par' dir='ltr' id='par_1_108' title="bbox 2117 4817 3719 4898">
     <span class='ocr_line' id='line_1_110' title="bbox 2117 4817 3719 4898; baseline -0.009 -15"><span class='ocrx_word' id='word_1_757' title='bbox 2117 4829 2213 4883; x_wconf 77' lang='grc' dir='ltr'><strong>καὶ</strong></span> <span class='ocrx_word' id='word_1_758' title='bbox 2244 4828 2469 4898; x_wconf 65' lang='grc' dir='ltr'>ἀκριϐεῖ</span> <span class='ocrx_word' id='word_1_759' title='bbox 2494 4828 2592 4894; x_wconf 84' lang='grc' dir='ltr'>τῆς</span> <span class='ocrx_word' id='word_1_760' title='bbox 2626 4824 2911 4885; x_wconf 80' lang='grc' dir='ltr'>εὐσεϐείας</span> <span class='ocrx_word' id='word_1_761' title='bbox 2943 4819 3162 4889; x_wconf 75' lang='grc' dir='ltr'>ἔβαστῷ</span> <span class='ocrx_word' id='word_1_762' title='bbox 3190 4817 3719 4890; x_wconf 66' lang='grc' dir='ltr'>Φωτίῳρηθέντων,</span> 
     </span>
    </p>
   </div>
   <div class='ocr_carea' id='block_1_109' title="bbox 2117 4911 3713 4990">
    <p class='ocr_par' dir='ltr' id='par_1_109' title="bbox 2117 4911 3713 4990">
     <span class='ocr_line' id='line_1_111' title="bbox 2117 4911 3713 4990; baseline -0.01 -16"><span class='ocrx_word' id='word_1_763' title='bbox 2117 4919 2213 4974; x_wconf 81' lang='grc' dir='ltr'>καὶ</span> <span class='ocrx_word' id='word_1_764' title='bbox 2242 4917 2387 4990; x_wconf 79' lang='grc' dir='ltr'>τάχα</span> <span class='ocrx_word' id='word_1_765' title='bbox 2421 4917 2498 4988; x_wconf 64' lang='lat'><strong>(5)</strong></span> <span class='ocrx_word' id='word_1_766' title='bbox 2525 4917 2625 4971; x_wconf 87' lang='grc' dir='ltr'><strong>οὐκ</strong></span> <span class='ocrx_word' id='word_1_767' title='bbox 2662 4915 2824 4970; x_wconf 79' lang='grc' dir='ltr'>ἄλλου</span> <span class='ocrx_word' id='word_1_768' title='bbox 2854 4913 3021 4985; x_wconf 77' lang='grc' dir='ltr'>δεήσῃ</span> <span class='ocrx_word' id='word_1_769' title='bbox 3054 4912 3215 4975; x_wconf 72' lang='grc' dir='ltr'>’τινὸς</span> <span class='ocrx_word' id='word_1_770' title='bbox 3244 4911 3382 4981; x_wconf 75' lang='grc' dir='ltr'>πρὸς</span> <span class='ocrx_word' id='word_1_771' title='bbox 3415 4911 3713 4977; x_wconf 69' lang='grc' dir='ltr'>διάγνωσιν</span> 
     </span>
    </p>
   </div>
   <div class='ocr_carea' id='block_1_110' title="bbox 2116 5001 3713 5084">
    <p class='ocr_par' dir='ltr' id='par_1_110' title="bbox 2116 5001 3713 5084">
     <span class='ocr_line' id='line_1_112' title="bbox 2116 5001 3713 5084; baseline -0.009 -18"><span class='ocrx_word' id='word_1_772' title='bbox 2116 5012 2213 5067; x_wconf 89' lang='grc' dir='ltr'><strong>τοῦ</strong></span> <span class='ocrx_word' id='word_1_773' title='bbox 2258 5013 2335 5084; x_wconf 82' lang='grc' dir='ltr'>μὴ</span> <span class='ocrx_word' id='word_1_774' title='bbox 2387 5012 2528 5083; x_wconf 85' lang='grc' dir='ltr'>πρὸς</span> <span class='ocrx_word' id='word_1_775' title='bbox 2582 5009 2869 5079; x_wconf 81' lang='grc' dir='ltr'>ἀλήθειαν,</span> <span class='ocrx_word' id='word_1_776' title='bbox 2918 5006 3036 5060; x_wconf 75' lang='grc' dir='ltr'>ἄλλ’</span> <span class='ocrx_word' id='word_1_777' title='bbox 3067 5005 3391 5074; x_wconf 65' lang='grc' dir='ltr'>άμυντιιῖνῦς</span> <span class='ocrx_word' id='word_1_778' title='bbox 3438 5001 3713 5071; x_wconf 70' lang='grc' dir='ltr'>καὶπρὸς</span> 
     </span>
    </p>
   </div>
   <div class='ocr_carea' id='block_1_111' title="bbox 2118 5091 3705 5175">
    <p class='ocr_par' dir='ltr' id='par_1_111' title="bbox 2118 5091 3705 5175">
     <span class='ocr_line' id='line_1_113' title="bbox 2118 5091 3705 5175; baseline -0.011 -17"><span class='ocrx_word' id='word_1_779' title='bbox 2118 5103 2238 5175; x_wconf 74' lang='grc' dir='ltr'>ἔριν</span> <span class='ocrx_word' id='word_1_780' title='bbox 2275 5103 2355 5173; x_wconf 69' lang='grc'><strong>(4)</strong></span> <span class='ocrx_word' id='word_1_781' title='bbox 2408 5101 2509 5171; x_wconf 83' lang='grc' dir='ltr'><strong>τῆς</strong></span> <span class='ocrx_word' id='word_1_782' title='bbox 2564 5098 2891 5170; x_wconf 68' lang='grc' dir='ltr'>Ῥωμαῖκῆς</span> <span class='ocrx_word' id='word_1_783' title='bbox 2935 5095 3267 5166; x_wconf 80' lang='grc' dir='ltr'>Ἐκκλησίας</span> <span class='ocrx_word' id='word_1_784' title='bbox 3315 5091 3705 5159; x_wconf 68' lang='grc' dir='ltr'>καταϐλασφη-</span> 
     </span>
    </p>
   </div>
   <div class='ocr_carea' id='block_1_112' title="bbox 2122 5183 3706 5267">
    <p class='ocr_par' dir='ltr' id='par_1_112' title="bbox 2122 5183 3706 5267">
     <span class='ocr_line' id='line_1_114' title="bbox 2122 5183 3706 5267; baseline -0.009 -17"><span class='ocrx_word' id='word_1_785' title='bbox 2122 5197 2298 5267; x_wconf 83' lang='grc' dir='ltr'>μῆσαι</span> <span class='ocrx_word' id='word_1_786' title='bbox 2345 5193 2529 5257; x_wconf 75' lang='grc' dir='ltr'>αὑτὸν,</span> <span class='ocrx_word' id='word_1_787' title='bbox 2579 5193 2680 5245; x_wconf 84' lang='grc' dir='ltr'>ὅσα</span> <span class='ocrx_word' id='word_1_788' title='bbox 2734 5207 2799 5260; x_wconf 89' lang='grc' dir='ltr'>γε</span> <span class='ocrx_word' id='word_1_789' title='bbox 2856 5190 2983 5243; x_wconf 81' lang='grc' dir='ltr'>κατ’</span> <span class='ocrx_word' id='word_1_790' title='bbox 3030 5188 3213 5256; x_wconf 72' lang='grc' dir='ltr'>αὐτῆς</span> <span class='ocrx_word' id='word_1_791' title='bbox 3246 5183 3706 5256; x_wconf 76' lang='grc' dir='ltr'>βεϐλασφήμηκε.</span> 
     </span>
    </p>
   </div>
   <div class='ocr_carea' id='block_1_113' title="bbox 2119 5272 3701 5360">
    <p class='ocr_par' dir='ltr' id='par_1_113' title="bbox 2119 5272 3701 5360">
     <span class='ocr_line' id='line_1_115' title="bbox 2119 5272 3701 5360; baseline -0.01 -16"><span class='ocrx_word' id='word_1_792' title='bbox 2119 5284 2328 5345; x_wconf 66' lang='grc' dir='ltr'>Σκόπει</span> <span class='ocrx_word' id='word_1_793' title='bbox 2357 5289 2469 5360; x_wconf 87' lang='grc' dir='ltr'><strong>γὰρ</strong></span> <span class='ocrx_word' id='word_1_794' title='bbox 2496 5288 2645 5349; x_wconf 80' lang='grc' dir='ltr'>ὅπως</span> <span class='ocrx_word' id='word_1_795' title='bbox 2673 5282 2949 5347; x_wconf 81' lang='grc' dir='ltr'>Νικόλαος</span> <span class='ocrx_word' id='word_1_796' title='bbox 2974 5278 3043 5352; x_wconf 79' lang='grc' dir='ltr'>ἦν</span> <span class='ocrx_word' id='word_1_797' title='bbox 3098 5283 3136 5334; x_wconf 81' lang='grc' dir='ltr'>δ’</span> <span class='ocrx_word' id='word_1_798' title='bbox 3156 5281 3355 5333; x_wconf 82' lang='grc' dir='ltr'>τοῦτον</span> <span class='ocrx_word' id='word_1_799' title='bbox 3383 5276 3459 5349; x_wconf 83' lang='grc' dir='ltr'>μὴ</span> <span class='ocrx_word' id='word_1_800' title='bbox 3492 5272 3701 5346; x_wconf 58' lang='grc' dir='ltr'>πρσσιέν</span> 
     </span>
    </p>
   </div>
   <div class='ocr_carea' id='block_1_114' title="bbox 2123 5364 3708 5454">
    <p class='ocr_par' dir='ltr' id='par_1_114' title="bbox 2123 5364 3708 5454">
     <span class='ocr_line' id='line_1_116' title="bbox 2123 5364 3708 5454; baseline -0.012 -17"><span class='ocrx_word' id='word_1_801' title='bbox 2123 5400 2291 5454; x_wconf 85' lang='grc' dir='ltr'>μενος</span> <span class='ocrx_word' id='word_1_802' title='bbox 2315 5382 2506 5445; x_wconf 82' lang='grc' dir='ltr'>πάπας</span> <span class='ocrx_word' id='word_1_803' title='bbox 2542 5380 2637 5433; x_wconf 75' lang='grc' dir='ltr'><strong>καὶ</strong></span> <span class='ocrx_word' id='word_1_804' title='bbox 2662 5378 2871 5448; x_wconf 78' lang='grc' dir='ltr'>πᾶσαὴ</span> <span class='ocrx_word' id='word_1_805' title='bbox 2915 5375 3204 5445; x_wconf 74' lang='grc' dir='ltr'>Ῥωμαϊκῇ</span> <span class='ocrx_word' id='word_1_806' title='bbox 3242 5364 3547 5439; x_wconf 79' lang='grc' dir='ltr'>Ἐκκλησία</span> <span class='ocrx_word' id='word_1_807' title='bbox 3575 5366 3708 5436; x_wconf 82' lang='grc' dir='ltr'>πρὸς</span> 
     </span>
    </p>
   </div>
   <div class='ocr_carea' id='block_1_115' title="bbox 2117 5465 3708 5546">
    <p class='ocr_par' dir='ltr' id='par_1_115' title="bbox 2117 5465 3708 5546">
     <span class='ocr_line' id='line_1_117' title="bbox 2117 5465 3708 5546; baseline -0.014 -13"><span class='ocrx_word' id='word_1_808' title='bbox 2117 5478 2181 5531; x_wconf 82' lang='grc' dir='ltr'>τὸ</span> <span class='ocrx_word' id='word_1_809' title='bbox 2216 5466 2377 5532; x_wconf 66' lang='grc' dir='ltr'>θεῖον</span> <span class='ocrx_word' id='word_1_810' title='bbox 2414 5475 2717 5546; x_wconf 76' lang='grc' dir='ltr'>ὑϐρίζουσα</span> <span class='ocrx_word' id='word_1_811' title='bbox 2760 5467 2829 5543; x_wconf 79' lang='grc' dir='ltr'>ἦν</span> <span class='ocrx_word' id='word_1_812' title='bbox 2873 5470 2972 5524; x_wconf 79' lang='grc' dir='ltr'>καὶ</span> <span class='ocrx_word' id='word_1_813' title='bbox 3016 5465 3424 5522; x_wconf 72' lang='grc' dir='ltr'>ὰσεὸοῦσακαὶ</span> <span class='ocrx_word' id='word_1_814' title='bbox 3468 5474 3708 5530; x_wconf 75' lang='grc' dir='ltr'>παρανοο</span> 
     </span>
    </p>
   </div>
   <div class='ocr_carea' id='block_1_116' title="bbox 2195 5630 3714 5725">
    <p class='ocr_par' dir='ltr' id='par_1_116' title="bbox 2195 5630 3714 5725">
     <span class='ocr_line' id='line_1_118' title="bbox 2195 5630 3714 5725; baseline -0.015 -16"><span class='ocrx_word' id='word_1_815' title='bbox 2195 5648 2279 5725; x_wconf 69' lang='grc'><strong>(4)</strong></span> <span class='ocrx_word' id='word_1_816' title='bbox 2330 5653 2431 5725; x_wconf 48' lang='lat' dir='ltr'><strong>Cf;</strong></span> <span class='ocrx_word' id='word_1_817' title='bbox 2453 5651 2612 5725; x_wconf 84' lang='lat' dir='ltr'><strong>Vecc.</strong></span> <span class='ocrx_word' id='word_1_818' title='bbox 2633 5665 2848 5725; x_wconf 84' lang='lat' dir='ltr'><strong>_or._n_</strong></span> <span class='ocrx_word' id='word_1_819' title='bbox 2877 5644 3179 5725; x_wconf 30' lang='lat' dir='ltr'><strong>deninjAusta</strong></span> <span class='ocrx_word' id='word_1_820' title='bbox 3207 5641 3399 5725; x_wconf 44' lang='lat' dir='ltr'><strong>depo‘s.</strong></span> <span class='ocrx_word' id='word_1_821' title='bbox 3432 5637 3521 5711; x_wconf 87' lang='lat' dir='ltr'><strong>(G.</strong></span> <span class='ocrx_word' id='word_1_822' title='bbox 3551 5634 3616 5693; x_wconf 90' lang='grc' dir='ltr'>Ο.</span> <span class='ocrx_word' id='word_1_823' title='bbox 3642 5630 3714 5701; x_wconf 86' lang='lat' dir='ltr'><strong>Il,</strong></span> 
     </span>
    </p>
   </div>
   <div class='ocr_carea' id='block_1_117' title="bbox 2124 5712 3358 5796">
    <p class='ocr_par' dir='ltr' id='par_1_117' title="bbox 2124 5712 3358 5796">
     <span class='ocr_line' id='line_1_119' title="bbox 2124 5712 3358 5796; baseline -0.011 -16"><span class='ocrx_word' id='word_1_824' title='bbox 2124 5712 2237 5796; x_wconf 74' lang='grc' dir='ltr'>ιε.)</span> <span class='ocrx_word' id='word_1_825' title='bbox 2256 5712 2355 5779; x_wconf 79' lang='grc' dir='ltr'><strong>Ἀιι</strong></span> <span class='ocrx_word' id='word_1_826' title='bbox 2388 5721 2597 5779; x_wconf 86' lang='lat' dir='ltr'><strong>Tbcod.</strong></span> <span class='ocrx_word' id='word_1_827' title='bbox 2629 5720 2799 5793; x_wconf 78' lang='lat' dir='ltr'><strong>Sugd.</strong></span> <span class='ocrx_word' id='word_1_828' title='bbox 2828 5718 2890 5774; x_wconf 84' lang='lat' dir='ltr'><strong>L.</strong></span> <span class='ocrx_word' id='word_1_829' title='bbox 2912 5717 2983 5777; x_wconf 85' lang='lat' dir='ltr'><strong>III</strong></span> <span class='ocrx_word' id='word_1_830' title='bbox 3000 5712 3099 5791; x_wconf 76' lang='lat' dir='ltr'><strong>(ib.</strong></span> <span class='ocrx_word' id='word_1_831' title='bbox 3116 5730 3170 5787; x_wconf 89' lang='lat' dir='ltr'><strong>p.</strong></span> <span class='ocrx_word' id='word_1_832' title='bbox 3209 5712 3358 5783; x_wconf 71' lang='grc'>148.)</span> 
     </span>
    </p>
   </div>
  </div>
