4042 6398
521 318 629 384 855
1549 340 1762 406 JOAN.
1807 347 2022 409 VECCI
2064 358 2072 405 ι

2215 351 2415 418 PATR
2426 356 2731 421 lARClIZ-E
3653 377 3747 440 εδδ

518 444 680 509 turpe
698 440 1017 512 arbitratus,
1047 462 1109 503 ea
1136 449 1319 507 omnia
1350 460 1605 525 tanquam
1655 461 1937 519 mendacia
1964 479 2072 533 pra!

518 530 685 562 Inc-{nn
727 545 948 562 ..ι-ιη..--
1001 540 1166 562 -._:--_
1211 542 1312 562 ..ξμς
1348 541 1430 562 ιγ.-
1524 548 1535 562 .
2012 557 2024 562 -

2173 520 2174 524 η
2203 472 2345 527 κατὰ
2366 474 2465 541 τῆς
2493 476 2811 549 Ῥωμαῖκῆς
2862 479 3193 551 Ἐκκλησίας
3241 486 3748 562 προσεϐλασφήμηκε

518 537 685 586 terire
725 545 948 623 propter
1001 540 1167 596 unius
1211 542 1312 597 viri
1341 541 1570 604 Joannis
1598 564 1757 620 papae,
1785 557 2072 626 susceptio

518 635 639 653 ...πη
690 640 907 653 -........
952 632 1000 653 ι-
1054 632 1142 653 ..ω
1184 635 1246 653 -.
1282 651 1329 653 __
1594 642 1637 653 _
1705 645 1718 653 .
1788 646 1800 653 .

2198 564 2296 616 καὶ
2318 537 2580 638 αίσγύνην
2604 537 2870 642 άντικρυς
2900 537 3750 653 ἡγησάμενοςπάνταήέκείνιαιῦίς

516 635 662 687 "em.
690 640 908 683 rursum
950 632 1023 698 (c.
1054 632 1143 699 90)
1179 635 1246 689 ad
1271 651 1566 697 commune
1592 642 1855 702 Ecclesiae
1883 662 2072 706 sermo

516 728 634 739 nn...-
666 716 843 739 .I2_S__!.
926 721 997 739 Ιι-
1355 728 1367 739 ι
1406 730 1419 739 ι
1754 737 1781 739 _,

2195 654 2367 730 ψευδῆ
2413 632 2671 732 παριδεῖν
2720 632 2809 717 διά
2849 632 3144 737 *τηνένῦς
3193 632 3749 739 ἀῦδρδςτοῦ-πάζτξ
3831 706 3838 712 ·

515 728 636 769 "em
661 716 869 788 dirigit.
925 721 1313 797 Romanosque
1347 728 1423 800 (a)
1476 748 1664 789 errore
1699 737 1880 794 adhuc
1905 740 2072 798 deten‘

515 814 598 838 Inc
632 809 865 838 nnnnllnl
920 820 1080 838 ..ιι--.Α
1110 832 1225 838 __-.__
1267 822 1378 838 --ηδ
1404 823 1416 838 ι
1534 825 1548 838 ι
1804 831 1816 838 .

2207 716 2460 807 ἶιωάᾷνου
2488 716 2777 828 άναδοχὴν,
2812 716 2977 813 πάλίν
3002 716 3140 830 πρὸς
3172 762 3233 815 τὸ
3267 716 3475 819 acim,er

418 837 426 889 ξ
514 814 600 860 tos
631 809 890 878 appellat,
918 820 1083 884 atque
1104 832 1229 872 cum
1262 822 1451 891 aspide
1482 825 1549 879 ad
1607 841 1770 884 voces
1801 831 2072 889 incantan-

420 900 425 907 '
514 897 645 929 lium
677 915 839 929 an---
876 919 1002 929 -..--
1040 909 1325 929 -1-._-__,,._
1646 927 1655 929 Α
1831 925 1840 929 -
1872 924 1884 929 -
1933 925 1962 929 ν-

2195 842 2429 914 κλησίας
2475 845 2538 901 τὸ
2578 809 2683 901 τοῦ
2708 809 2876 918 λύγου
2930 809 3227 922 πρόῦωζων
3281 809 3612 929 ἀποστρέφέι
3651 809 3752 918 ικῦὶ

406 900 425 976 ξς
513 897 645 950 tium
676 915 841 957 aures
874 919 1004 961 suas
1035 909 1334 967 obturaute
1377 927 1689 986 comparat;
1730 924 2087 995 multiplicem

507 989 763 1047 exhibere
812 995 1005 1050 nititur
1041 999 1411 1059 differentiam
1468 1008 1612 1065 inter
1636 989 1943 1073 locutiones
1968 1034 2091 1088 quae

506 1078 771 1145 Spiritum
808 1085 923 1151 Dei,
954 1087 1216 1156 Spiritum
1247 1092 1446 1162 Patris,
1473 1097 1737 1169 Spiritum
1764 1120 1826 1160 ex
1860 1078 2090 1165 Dco'as-

501 1182 696 1225 serunt
723 1172 986 1244 Spiritum
1020 1191 1297 1250 sanctum,
1327 1195 1383 1241 et
1415 1203 1530 1255 eas,
1559 1208 1682 1261 quae
1732 1198 2089 1257 manifestaut

501 1276 563 1313 ex
591 1263 751 1357 Putre
780 1271 1095 1337 procedere,
1122 1282 1288 1345 atque
1317 1287 1619 1338 extremam
1653 1289 1952 1357 exprobrat
1996 1292 2085 1347 in~

446 1392 462 1407 ,
499 1356 714 1410 saniam
748 1359 1160 1437 (ignorantiam)
1185 1383 1374 1427 eorum
1397 1375 1489 1444 qui
1526 1356 1804 1447 nequeunt
1829 1381 2085 1444 facillime

498 1449 834 1518 conspicari,
861 1455 1005 1523 quod
1041 1458 1170 1516 licet
1203 1462 1355 1519 circa
1381 1469 1599 1524 easdem
1629 1486 1893 1541 personas
1925 1477 2081 1533 dica-

496 1547 586 1593 tur
615 1541 853 1608 Spiritus
881 1545 975 1603 Dei
999 1559 1139 1607 etex
1180 1553 1311 1621 Deo,
1341 1558 1616 1617 diversum
1646 1573 1829 1622 tamen
1858 1569 2081 1626 exhibet

494 1632 860 1728 significatum
897 1656 999 1696 vox
1026 1658 1086 1697 ea
1123 1660 1243 1714 quat
1281 1648 1413 1705 dicit
1463 1667 1529 1706 ex
1588 1651 1750 1711 Patre
1782 1661 2081 1728 procedere

493 1724 786 1823 Spiritum.
820 1742 874 1787 et
905 1734 1179 1793 diversum
1207 1756 1331 1809 qua:
1380 1741 1645 1812 Spiritum
1679 1724 1798 1804 Dei'
1831 1752 1915 1807 vel
1946 1753 2078 1823 lDo-

492 1819 626 1874 mini
668 1822 749 1877 vel
783 1825 1048 1892 quidlibet
1082 1832 1469 1899 praedictorum
1503 1840 1776 1895 enuntiat.
1837 1842 1895 1897 Si
1932 1819 2075 1899 enim

493 1911 677 1967 adhuc
729 1930 955 1986 quoque
1004 1918 1237 1978 Romani
1299 1940 1490 1982 errore
1548 1930 1870 1989 circumacti
1926 1944 2077 2004 sunt,

488 2012 778 2074 postquam
805 2006 1045 2067 Joannes
1068 2028 1206 2084 papa
1245 2016 1301 2071 in
1346 2020 1641 2083 pontiﬁcali
1699 2038 1890 2080 eorum
1950 2028 2080 2082 sede

486 2095 789 2152 collocatus
822 2098 1019 2168 fuerat,
1053 2113 1108 2158 et
1156 2105 1203 2160 si
1238 2106 1470 2164 Romani
1508 2114 1814 2183 symbolum
1866 2116 2078 2187 absque

484 2188 767 2247 adilitinne
798 2197 1029 2253 recitare
1081 2200 1398 2269 noluerunt,
1439 2205 1619 2274 qualis
1658 2221 1821 2275 porro
1881 2206 1981 2262 fuit
2011 2225 2074 2264 ea

486 2279 783 2350 lmpietatis
815 2297 977 2356 atque
1030 2290 1339 2362 iniquitatis
1373 2293 1707 2366 profligatio,
1763 2313 1927 2368 quam
1974 2297 2075 2355 Jo-

485 2371 788 2442 annipapa:
827 2390 929 2431 suo
960 2377 1191 2434 letius
1225 2382 1458 2437 solemni
1496 2386 1815 2443 testimonio
1857 2389 2073 2443 adscri-

481 2463 633 2533 psit?
669 2464 724 2520 Si
771 2483 918 2534 vero,
958 2485 1082 2525 cum
1118 2472 1254 2529 nihil
1295 2490 1361 2530 ex
1415 2476 1483 2531 iis
1513 2494 1636 2548 qua:
1666 2479 1732 2535 ad
1767 2479 2068 2536 Ecclesiam

482 2559 759 2626 pertinent
792 2559 1056 2619 aJoanne
1093 2581 1231 2636 papa
1286 2566 1639 2625 immutatum
1701 2570 1887 2637 fuerit,
1924 2574 2078 2628 hunc‘

480 2651 702 2714 quidem
736 2654 968 2711 Photius
999 2657 1101 2712 sibi
1134 2660 1412 2729 proprium
1445 2661 1570 2717 facit
1602 2678 1665 2717 ac
1689 2663 1920 2727 summis
1953 2664 2072 2718 lau-

481 2741 645 2798 dibus
681 2744 861 2813 effert,
884 2746 1143 2804 Ecclesia
1178 2765 1309 2804 vero
1340 2751 1734 2821 plenitudinem
1768 2763 1822 2808 et
1851 2757 2069 2811 univcr-

481 2836 704 2891 situtem
759 2839 812 2892 iu
851 2849 1033 2909 partes
1083 2841 1433 2897 inimicorum
1490 2841 1657 2897 refert
1691 2858 1756 2898 ac
1813 2845 2065 2909 collocat,

479 2929 759 2997 quomodo
812 2947 921 2984 non
978 2931 1332 2988 manifestum
1379 2943 1465 2989 est
1532 2950 1697 3005 agere
1750 2946 1806 2991 et
1863 2939 2068 2993 sentire

479 3022 661 3089 ipsum
696 3024 883 3079 omnia
921 3034 1081 3094 prout
1118 3025 1219 3096 ipsi
1252 3025 1426 3080 libet?

2193 932 2273 989 ἔτι
2313 940 2749 1010 συνισχημένους
2787 946 2855 1013 τῇ
2905 943 3084 1016 πλάνῃ
3130 946 3257 1007 τοῦς
3296 947 3601 1017 Ῥωμαίους
3633 955 3757 1008 άποο

2192 1027 2350 1082 καλεῖ
2386 1031 2481 1084 καλ⁸
2513 1031 2594 1094 είς
2632 1033 2836 1087 ἀσπίδα
2860 1034 2999 1105 πρὸς
3032 1035 3132 1096 τὰς
3169 1035 3280 1089 τῶν
3312 1039 3614 1111 ἐπᾳδόντων
3653 1062 3755 1111 φω-

2190 1119 2289 1182 νὰς
2328 1120 2564 1191 βύουσαν
2595 1124 2663 1178 τὰ
2684 1120 2798 1178 ὦτα
2824 1131 3150 1199 παρεικάζει
3189 1129 3411 1194 αὐτοὺς,
3444 1134 3543 1185 καὶ
3568 1135 3753 1208 πολλὴν

2188 1214 2456 1286 διαφορὰν
2492 1220 2845 1290 παραστῆσαι
2886 1223 3184 1293 φιλονεικεῖ
3214 1225 3323 1277 τῶν
3364 1225 3585 1287 Πνεῦμα
3625 1228 3750 1282 Θεοῦ

2187 1307 2286 1360 καὶ
2325 1309 2546 1379 Πνεῦμα
2585 1312 2800 1385 Πατρδς
2830 1316 2927 1368 καὶ
2960 1314 3186 1384 Πνεῦμα
3223 1316 3288 1369 ἐκ
3324 1314 3460 1370 Θεοῦ
3497 1318 3753 1385 λεγουσῶν

2186 1402 2404 1471 ῥήσεων
2440 1402 2503 1455 τὸ
2542 1402 2768 1474 Πνεῦμα
2808 1405 2869 1459 τδ
2908 1407 3066 1475 ἆγιον
3107 1410 3204 1462 καὶ
3260 1407 3374 1461 τῶν
3437 1409 3502 1462 ἐκ
3555 1410 3750 1480 Πατρδς

2184 1493 2588 1565 ἐκπορεύεσθαι
2616 1497 2750 1551 αὐτὸ
2784 1497 3086 1569 δηλουσῶν,
3124 1499 3221 1554 καὶ
3269 1500 3507 1572 ἐσχάτην
3534 1518 3752 1572 κατηγο-

2185 1586 2272 1657 ρεί
2311 1585 2498 1640 ἄνοιαν
2527 1586 2603 1661 (ί)
2637 1587 2745 1641 τῶν
2775 1590 2848 1660 μὴ
2879 1591 3010 1661 ῥᾷον
3040 1592 3272 1663 συνορᾷν
3311 1592 3565 1662 ἐχόντων,
3603 1592 3673 1655 ὡς
3705 1595 3749 1646 εί

2181 1677 2276 1730 καὶ
2310 1677 2443 1749 περὶ
2486 1678 2556 1732 τὰ
2593 1680 2736 1734 αὐτὰ
2772 1679 2992 1750 λέγεται
3049 1682 3324 1753 πρόσωπα
3361 1682 3588 1754 Πνεῦμα
3626 1682 3748 1737 Θεοῦ

2111 1808 2153 1864 Β
2181 1772 2275 1825 καί
2310 1773 2374 1824 ἐκ
2428 1770 2590 1837 Θεοῦ,
2632 1772 2751 1826 ἀλλ’
2810 1769 2904 1829 οῦν
2949 1774 3138 1845 ἕτερον
3175 1776 3208 1846 ἡ
3263 1774 3413 1840 λέξις
3470 1775 3750 1845 παρίστησι

2183 1864 2587 1934 σημαινόμενον
2644 1867 2677 1936 ή
2732 1868 2797 1921 ὲκ
2845 1866 2941 1921 τοῦ
2983 1867 3201 1937 Πατρδς
3247 1867 3645 1939 ἐκπορεύεσθαι
3696 1865 3749 1920 τὸ

2180 1952 2439 2023 Πνεῦμα,
2488 1953 2585 2007 καὶ
2621 1954 2812 2025 ἕτερον
2862 1958 2901 2024 ἡ
2954 1956 3178 2026 Πνεῦμα
3211 1956 3355 2010 Θεοῦ
3396 1957 3431 2029 ἢ
3472 1957 3670 2027 Κυρίου
3714 1955 3744 2024 ἢ

2178 2043 2287 2097 τῶν
2346 2046 2658 2115 εἰρημένων
2723 2047 2959 2101 ἕκαστον
2997 2048 3262 2116 λέγουσα.
3305 2049 3369 2102 Et
3408 2050 3517 2119 γὰρ
3556 2047 3644 2102 καὶ
3674 2046 3746 2100 ἔτι

2189 2135 2456 2208 Ῥωμαῖοι
2513 2138 2862 2209 πεπλάνηντο
2903 2138 3044 2209 μετὰ
3081 2139 3141 2192 τὸ
3178 2139 3275 2194 τδν
3308 2139 3540 2194 πάππαν
3586 2138 3747 2192 Ἰωάν-

2177 2246 2277 2301 νην
2325 2230 2406 2301 τῷ
2442 2230 2821 2301 ἀρχιερατικῷ
2858 2234 2960 2301 τῆς
3026 2228 3253 2302 Ῥώμης
3305 2231 3486 2302 θρόνῳ
3538 2227 3746 2297 ἐγκαθε-

2178 2320 2398 2390 σθῆναι,
2422 2320 2515 2374 καὶ
2540 2321 2588 2374 εί
2619 2320 2696 2391 μὴ
2733 2321 2997 2390 Ῥωμαῖοι
3022 2319 3084 2373 τὸ
3121 2321 3250 2390 δίχα
3288 2319 3602 2391 προσθήκης
3627 2318 3744 2370 ἀνα-

2175 2412 2469 2481 γινώσκειν
2512 2414 2574 2465 τδ
2617 2412 2892 2483 σύμϐολον
2938 2411 3331 2479 κατεδέξαντο,
3395 2412 3528 2464 ποία
3575 2407 3743 2462 λοιπὸν

2172 2500 2242 2574 ἦν
2293 2506 2325 2574 ἡ
2368 2503 2468 2572 τῆς
2528 2504 2855 2568 δυσσεϐείας
2919 2508 3016 2558 καὶ
3073 2503 3300 2566 ἀδικίας
3367 2498 3652 2569 καταδολὴ,
3686 2498 3743 2564 ἦν

2172 2596 2718 2668 προσμεμαρτύρηκε
2742 2595 2949 2658 Φώτιος
2969 2611 2987 2662 ;
3008 2596 3069 2649 El
3098 2595 3155 2649 δὲ
3188 2595 3366 2666 μηδὲν
3385 2594 3493 2648 τῶν
3506 2593 3599 2662 τῆς
3634 2590 3742 2645 Ἐκ·

2172 2690 2402 2758 κλησὶας
2434 2689 2515 2760 τῷ
2574 2691 2776 2759 πάππα
2824 2690 3051 2760 Ἰωάννῃ
3080 2687 3413 2757 ἐναλλαγὲν,
3451 2687 3608 2741 αὐτὴν
3654 2682 3741 2750 μὲν

2169 2781 2372 2844 Φώτιος
2410 2781 2752 2835 ίδιοποιεῖται
2798 2783 2892 2834 καί¹
2933 2782 3048 2845 τοῖς
3084 2779 3397 2848 ἐγκωμίοις
3441 2777 3657 2847 ἐξαίρει,
3690 2772 3743 2825 τὸ

2169 2874 2228 2928 δὲ
2261 2874 2442 2930 κοινὸν
2479 2875 2577 2944 τῆς
2625 2872 2959 2944 Ἐκκλησίας
2987 2875 3067 2937 είς
3096 2871 3403 2929 ἀντιδίκων
3440 2871 3616 2941 τίθησι
3637 2867 3743 2935 μοί·

2172 2983 2297 3037 ραν,
2340 2966 2459 3032 πῶς
2487 2966 2549 3020 οὐ
2573 2966 2841 3039 πρόδηλόν
2874 2967 3045 3032 ἐστιν,
3082 2964 3239 3033 ἄγειν
3292 2966 3392 3019 καλ⁸
3420 2963 3629 3036 φρονεῖν
3660 2958 3743 3014 αύ-

2170 3057 2260 3111 τὸν
2288 3057 2466 3111 πάντα
2497 3058 2633 3130 πρδς
2671 3058 2733 3111 τὸ
2772 3057 3113 3128 αὑτάρεσκον
3136 3074 3151 3087 ·

550 3115 703 3171 Talia
740 3133 960 3190 quoque
991 3130 1119 3175 sunt
1153 3136 1272 3190 qua:
1294 3122 1359 3188 de
1389 3121 1714 3177 differentiis
1737 3122 1873 3176 dicit
1916 3121 2063 3178 loeu-

2240 3146 2344 3205 Οἷα
2382 3152 2439 3204 δὲ
2470 3115 2566 3205 καλ
2605 3115 2751 3221 άπερ
2782 3115 3059 3223 περίτῶν
3086 3150 3370 3222 διαφορῶν
3411 3151 3518 3203 τῶν
3560 3145 3738 3211 λέξεων

477 3209 718 3278 tionum,
746 3220 860 3265 tum
894 3213 1014 3283 ejus
1050 3228 1173 3283 quae
1198 3214 1327 3267 dicit
1354 3212 1617 3283 Spiritum
1649 3230 1713 3268 ex
1747 3213 1906 3268 Patre
1941 3230 2066 3282 pro-

479 3304 695 3369 cedere,
729 3315 844 3359 tum
885 3305 1005 3375 ejus
1040 3322 1163 3375 quae
1199 3306 1462 3375 Spiritum
1499 3306 1592 3361 Dei
1627 3315 1681 3361 et
1722 3307 1939 3360 Domini
1973 3321 2068 3360 vo-

477 3407 565 3451 cat
600 3396 863 3465 Spiritum
889 3408 1165 3452 sanctum.
1204 3396 1419 3453 Nullam
1471 3415 1536 3454 ex
1572 3400 1850 3470 praedictis
1906 3403 2065 3457 locu-

477 3490 722 3546 tionibus
754 3491 938 3544 verbis
972 3491 1107 3560 ipsis
1138 3493 1542 3562 processionem
1576 3494 1818 3549 indicare
1849 3511 2069 3553 asseve-

477 3592 584 3648 rat,
635 3586 731 3639 sed
775 3583 1067 3639 manifeste
1123 3585 1271 3638 aliud
1309 3600 1433 3640 esse
1470 3585 1737 3655 Spiritum
1789 3603 1856 3641 ex
1909 3588 2069 3645 Putre

474 3678 773 3746 procedere
799 3677 955 3747 glegis
998 3678 1067 3733 ad
1102 3678 1277 3733 instar
1323 3679 1516 3732 statuit
1564 3680 1687 3747 (pro
1747 3679 1863 3751 lege
1921 3693 2070 3737 certe

474 3782 718 3833 statuere
760 3783 848 3831 est
881 3790 1076 3845 magna
1106 3790 1230 3830 cum
1262 3774 1458 3828 fiducia
1511 3785 1561 3828 et
1588 3774 1799 3845 absque
1829 3777 1935 3830 ulla
1972 3794 2067 3832 ve-

473 3866 803 3924 verccundia
859 3865 1198 3920 differentias
1228 3862 1505 3934 efﬁngere,
1539 3878 1677 3931 quas
1716 3878 1876 3918 nemo
1918 3862 2059 3920 Sau-

475 3970 691 4018 ctorum
736 3959 919 4027 dixit),
976 3968 1031 4016 et
1076 3960 1223 4015 aliud
1276 3960 1506 4016 vocibus
1552 3959 1686 4030 ipsis
1753 3960 2063 4031 significare

479 4067 650 4108 voces
678 4052 891 4116 definit,
922 4067 1046 4122 qua:
1100 4051 1367 4123 Spiritum
1422 4051 1515 4105 Dei
1541 4060 1593 4106 et
1628 4051 1839 4106 Domini
1873 4061 1926 4106 et
1956 4052 2061 4105 alia

475 4144 1027 4216 ltujusnzodidicunt.
1066 4143 1243 4213 Atque
1267 4144 1348 4200 sic
1395 4144 1614 4211 quidem
1654 4144 1908 4198 Pbotius.
1947 4143 2062 4196 Ma-

473 4250 617 4306 gnus
648 4245 830 4289 autem
876 4233 1196 4294 Basiliustin
1259 4238 1498 4304 quodam
1550 4237 1727 4304 capite
1775 4235 2059 4301 librorum,

472 4344 615 4399 quos
649 4338 839 4384 contra
886 4325 1221 4383 Eunomium
1246 4328 1494 4381 exaravit
1535 4327 1610 4382 ita
1649 4326 1937 4402 perspicue
1981 4326 2065 4380 lo-

2169 3243 2322 3312 λέγει
2361 3242 2461 3312 τῆς
2499 3260 2558 3295 τε
2587 3244 2652 3296 ὲκ
2689 3242 2788 3295 τοῦ
2833 3242 3052 3315 Πατρδς
3092 3243 3503 3315 ἐκπορεύεσθαι
3532 3238 3734 3305 καὶτῆς

2169 3336 2399 3408 Πνεῦμα
2436 3338 2572 3391 Θεοῦ
2613 3337 2711 3391 καὶ
2764 3337 2972 3407 Κυρίου
3028 3335 3302 3408 λεγούσης
3354 3340 3414 3391 τὸ
3447 3333 3657 3403 Πνεῦμα
3683 3328 3736 3381 τὸ
3784 3326 3789 3330 ’

2168 3431 2351 3497 ἅγιον,
2390 3431 2648 3499 οὐδεμίαν
2685 3430 2795 3484 τῶν
2829 3428 3143 3502 εἰρημένων
3201 3432 3402 3500 φωνῶν
3437 3425 3734 3499 διῖσχυρίζε-
3812 3485 3821 3505 ἱ

2169 3539 2261 3575 ται
2300 3524 2421 3584 ταῖς
2448 3522 2661 3588 λέξεσιν
2689 3520 3020 3592 ἑρμηνεύειν
3055 3520 3116 3574 τὸ
3166 3519 3591 3592 ἐκπορεύεσθαι,
3632 3509 3737 3567 ἀλλ’

2170 3614 2361 3683 ἕτερον
2390 3612 2705 3682 περιφανῶς
2730 3608 2959 3665 εἶναιτὸ
2988 3612 3399 3682 ἐκπορεύεσθαι
3425 3609 3518 3664 τοῦ
3541 3603 3734 3676 Πατρδς

2172 3706 2231 3760 τὸ
2260 3704 2487 3775 Πνεῦμα
2518 3704 2822 3776 νομοθετεί⁹
2850 3702 3163 3774 νομοθετεῖν
3207 3705 3324 3774 γάρ
3366 3705 3482 3757 ἐστι
3514 3700 3573 3754 τὸ
3607 3696 3734 3751 κατὰ

2168 3797 2370 3869 πολλὴν
2412 3796 2598 3850 ἄδειαν
2636 3797 2906 3867 διαφορὰς
2950 3795 3114 3849 αὑτὸν
3163 3794 3526 3859 πλάττεσθαι,
3567 3784 3734 3861 μηδενὶ

2162 3891 2275 3944 τῶν
2309 3890 2481 3958 ἁγίων
2515 3891 2779 3960 ῥηθείσας
2808 3906 2821 3919 ·
2848 3889 2946 3943 καὶ
2993 3888 3122 3944 ἄλλο
3171 3889 3468 3960 σημαίνειν
3498 3889 3603 3949 τοῖς
3634 3881 3733 3935 ὀνό-

2168 3998 2303 4050 μασι
2360 3981 2659 4052 διορίζεται
2698 3980 2796 4044 τὰς
2838 3977 3068 4050 Πνεῦμα
3104 3979 3248 4033 Θεοῦ
3291 3981 3390 4034 καὶ
3424 3976 3620 4048 Κυρίου
3651 3969 3731 4025 καὶ

2163 4072 2234 4127 τὰ
2264 4074 2427 4143 ὅμοια
2490 4070 2763 4140 λεγούσας
2801 4070 3012 4140 φωνάς.
3044 4068 3156 4122 Καὶ
3201 4070 3235 4123 ὁ
3265 4069 3372 4138 μὲν
3403 4066 3575 4120 ταῦτα
3601 4078 3611 4091 ’
3638 4060 3663 4112 ὁ
3683 4058 3731 4111 δὲ

2169 4165 2346 4233 μέγας
2374 4163 2652 4227 Βασίλειος
2682 4164 2738 4215 ἐν
2762 4162 2842 4215 ἑνὶ
2868 4159 3149 4232 κεφαλαίῳ
3194 4160 3317 4216 τῶν
3341 4159 3464 4213 κατ’
3488 4151 3730 4223 Εὗνομίου

2165 4255 2397 4322 ἀγώνων
2435 4253 2600 4307 αὐτοῦ
2625 4251 2772 4306 οὕτω
2803 4251 2953 4321 λέγει
2979 4249 3169 4320 σαφῶς
3188 4263 3205 4280 ⁸
3248 4250 3445 4318 κούδὲ
3468 4248 3568 4316 γὰρ
3594 4243 3729 4295 ἔλατ-

2165 4347 2258 4400 τόν
2285 4363 2340 4400 τι
2366 4345 2509 4410 ἕξειν
2554 4344 2828 4416 μέλλομεν
2864 4344 2947 4406 είς
2980 4342 3040 4396 τὸ
3088 4342 3391 4413 γινώσκειν
3445 4344 3504 4394 τὸ
3531 4334 3731 4403 Πνεῦμα

472 4423 703 4491 quitur:
743 4441 762 4475 ι
800 4421 989 4493 Neque
1037 4421 1183 4476 enim
1240 4421 1424 4476 minus
1477 4421 1756 4491 quidpiam
1818 4420 2060 4477 habituri

2173 4442 2439 4513 ὑπάρχειν
2494 4443 2559 4495 ὲκ
2618 4440 2781 4505 Θεοῦ,
2829 4438 3058 4509 Πνεῦμα
3089 4437 3186 4493 τοῦ
3249 4440 3523 4510 στόματος
3581 4426 3727 4487 αὑτοῦ

474 4531 669 4573 sumus
720 4516 790 4571 ad
833 4516 1269 4586 cognoscendum
1311 4514 1573 4583 Spiritum
1636 4529 1759 4569 esse
1799 4528 1869 4568 ex
1925 4515 2057 4577 Deo,

2173 4534 2460 4598 ἀκούοντες
2512 4533 2665 4596 αὐτὸ,
2693 4531 2810 4585 ἀλλ’
2839 4530 3026 4586 ἱκανὸν
3053 4532 3149 4585 καὶ
3178 4531 3341 4586 τοῦτο
3370 4530 3429 4584 τὸ
3457 4528 3618 4597 ὄνομα
3645 4519 3730 4589 τὴν

472 4625 598 4666 rum
652 4609 908 4663 audimus
951 4621 1076 4661 eum
1114 4606 1383 4678 Spiritum
1411 4622 1535 4663 esse
1592 4607 1708 4663 oris
1739 4608 1923 4671 illius;
1963 4608 2057 4662 sed

2173 4625 2408 4699 ὓπαρξιν
2434 4625 2603 4680 αὑτοῦ
2640 4626 2882 4697 δηλῶσαι
2911 4625 3015 4698 τὴν
3046 4626 3112 4679 ὲκ
3141 4623 3282 4679 Θεοῦ
3319 4625 3453 4695 (2).»
3486 4619 3587 4674 Τοῦ
3614 4613 3729 4683 γοῦν

474 4718 673 4759 nomen
714 4702 820 4757 hoc
883 4700 1161 4759 sufﬁciens
1219 4696 1387 4757 fuerit
1433 4702 1501 4757 ad
1535 4700 1775 4771 Spiritus
1825 4718 1891 4756 ex
1932 4701 2057 4757 Deo

2173 4696 2413 4790 μεγάλου
2445 4719 2661 4789 Πατρὸς
2682 4696 3169 4782 Βασιλείου-αῦτὴν
3189 4715 3291 4787 τὴν
3314 4718 3380 4769 ὲκ
3410 4710 3541 4767 Θεοῦ
3576 4707 3731 4772 ῦπαρ-

468 4795 845 4853 exsistentiam
874 4794 1275 4852 indicandam.»
1296 4795 1432 4851 Cum
1458 4796 1624 4864 igitur
1646 4811 1879 4865 magnus
1899 4794 2061 4851 Pater

2173 4810 2255 4876 ξιν
2279 4809 2374 4864 τοῦ
2404 4810 2726 4882 Πνεύματος
2766 4809 3061 4879 δηλοῦσθαι
3091 4807 3486 4878 διασαφοῦντος
3516 4801 3619 4856 ἀπὸ
3641 4795 3730 4863 τῆς

469 4892 704 4948 Basilius
736 4891 909 4960 ipsam
936 4891 1005 4945 de
1033 4890 1143 4945 Deo
1175 4890 1411 4960 Spiritus
1434 4888 1803 4944 exsistcutiam
1832 4889 2062 4945 indicari

2173 4900 2436 4970 λεγούσης
2471 4902 2659 4969 φωνῆς
2694 4901 2923 4971 Πνεῦμα
2951 4900 3089 4954 Θεοῦ
3120 4900 3182 4952 τὸ
3229 4898 3455 4968 Πνεῦμα
3484 4894 3543 4946 τὸ
3572 4890 3728 4956 ἅγιον,

466 5003 566 5059 per
590 4998 804 5050 vocem,
836 4998 959 5055 quae
990 4994 1242 5039 sanetum
1268 4981 1536 5052 Spiritum
1575 4981 1670 5037 Dei
1696 4982 1960 5051 Spiritum
1983 4983 2066 5037 di-

2173 4990 2291 5055 πῶς
2328 4991 2390 5043 οὐ
2422 4991 2707 5061 προδήλως
2756 4990 2906 5061 αὐτῷ
2939 4989 3019 5060 τῷ
3047 4989 3139 5043 διὰ
3188 4988 3285 5040 τοῦ
3323 4985 3555 5057 μεγάλου
3586 4977 3731 5030 Βασι-

469 5081 569 5146 cit,
605 5078 895 5149 perspicue
917 5084 1155 5141 asserat,
1183 5076 1460 5145 quomodo
1491 5091 1598 5129 non
1620 5075 1900 5131 evidenter
1922 5076 2067 5131 Pho-

2173 5083 2317 5137 λείου
2344 5082 2598 5137 λαλοῦντι
2630 5081 2914 5151 Πνεύματι
2942 5081 3038 5136 τοῦ
3066 5078 3202 5134 Θεοῦ
3226 5077 3430 5140 Φώτιος
3459 5069 3731 5133 ἀντιλέγων

464 5173 581 5228 tius
603 5171 835 5242 ipsi,qui
866 5184 1242 5241 permagnum
1264 5166 1519 5223 Basilium
1544 5169 1809 5239 loquitur,
1836 5171 2062 5240 Spiritui

2173 5177 2322 5230 ἐστὶν
2350 5179 2427 5248 (5)
2459 5180 2517 5230 ὲν
2540 5179 2661 5240 ταῖς
2686 5176 2791 5249 ἤδη
2817 5175 3103 5248 ῥηθείσαις
3131 5171 3455 5242 διαφοραῖς;
3486 5185 3504 5217 ι
3529 5160 3729 5225 Πνεῦμα

471 5266 570 5325 Dei
597 5264 952 5329 contradicit,
978 5261 1109 5317 dum
1135 5260 1596 5331 diflereutiasjam
1623 5263 1797 5318 dictas
1821 5263 2019 5333 efﬁngit
2045 5264 2067 5316 ’ἒ

2173 5270 2311 5324 Θεοῦ
2343 5310 2359 5336 ,
2398 5290 2417 5323 ›
2456 5273 2642 5340 φησὶν,
2684 5288 2702 5321 ι
2746 5267 3041 5332 ἀκούοντες
3075 5286 3123 5333 ι,
3180 5268 3208 5318 ὁ
3246 5264 3420 5333 μέγας
3448 5254 3726 5313 Βασίλειοςν

468 5356 700 5420 Magnus
728 5354 970 5410 Basilius
995 5370 1011 5408 :
1036 5371 1055 5404 ι
1079 5351 1339 5422 Spiritum
1362 5353 1454 5408 Dei
1484 5352 1787 5418 audientes,
1822 5372 1840 5405 ι
1867 5355 2064 5430 inquit,

2180 5385 2199 5417 ι
2241 5366 2306 5418 ὲκ
2336 5364 2472 5418 Θεοῦ
2532 5364 2803 5437 ὑπάρχειν
2834 5362 2896 5417 τὸ
2931 5362 3160 5432 Πνεῦμα
3189 5357 3530 5427 γινώσκομεν
3564 5346 3634 5414 (⁵)
3658 5357 3671 5371 ’
3705 5353 3722 5388 ³

474 5474 491 5507 ι
513 5468 579 5509 ex
602 5454 713 5508 Deo
732 5449 996 5507 Suiritum
1014 5447 1276 5504 exsistere
1297 5448 1677 5519 cognoscimus
1692 5465 1739 5514 ;›
1766 5457 1819 5503 ct
1841 5447 2068 5501 Photius

2175 5458 2270 5510 καὶ
2302 5456 2507 5520 Φώτιος
2542 5457 2695 5526 λέγει
2722 5473 2736 5488 ο
2771 5476 2791 5508 ι
2825 5456 3057 5527 Ἕτερον
3089 5455 3123 5524 ἡ
3151 5450 3302 5515 λέξις
3326 5446 3612 5518 παρίστησι
3640 5447 3726 5502 σηο

2177 5612 2382 5668 Tlteod.
2409 5629 2459 5669 c.
2495 5615 2527 5668 7
2558 5612 2623 5668 G.
2657 5613 2723 5664 0.
2753 5609 2818 5676 ll,
2850 5609 2973 5666 H2.

2249 5686 2325 5751 (5)
2368 5686 2533 5740 Paulo
2563 5683 2718 5738 aliter
2747 5684 2783 5736 1.
2816 5700 2862 5737 c.
2896 5698 2943 5734 c.
2979 5681 3033 5746 8,
3073 5697 3124 5750 p.
3156 5677 3286 5736 H3.

2251 5758 2325 5827 (ι)
2364 5757 2438 5810 Ib.
2478 5772 2529 5809 ρ.
2565 5755 2613 5818 7,
2651 5770 2703 5825 p.
2740 5754 2862 5808 143.

546 5610 624 5681 (a)
660 5609 940 5681 Romanos
970 5623 1077 5662 non
1115 5606 1397 5677 speciatim
1434 5606 1783 5678 reprehendit
1821 5604 2065 5673 Photius,

472 5680 658 5733 verum
691 5680 1071 5735 Oeciilentales
1105 5682 1425 5733 universim.

547 5750 624 5817 (l)
659 5749 807 5802 Fort.
841 5750 1065 5816 ἄγνοιαν
1105 5760 1160 5801 ιιι
1193 5751 1331 5817 apud
1369 5748 1645 5817 Photium.

547 5815 620 5883 (ἓ)
653 5819 851 5875 Eadem
886 5821 1065 5876 Basilii
1102 5815 1259 5873 verba
1292 5835 1353 5875 ex
1382 5817 1441 5870 L.
1479 5816 1617 5891 ικζς.
1658 5818 1793 5873 Eun.
1815 5815 1876 5872 L.
1910 5818 1977 5876 ιιι
2004 5820 2070 5875 ad
