4042 6400
358 341 467 406 857

1151 347 1587 415 REFUTATIO
1623 354 1995 421 PIIOTIANI
2038 361 2255 425 LIBRI
2294 367 2391 427 DE
2422 369 2733 435 SPlRlTU
2775 374 2833 435 S.

3521 390 3629 450 853

364 454 694 562 μαινόμενον
765 457 829 562 εκ
843 457 938 560 τοῦ
953 460 1165 533 Πατρδς
1181 464 1582 536 ἐκπορεύεσθαι
1604 468 1663 521 τὸ
1687 469 1935 539 Πνεῦμα,

2046 472 2203 530 dicit:
2234 497 2251 528 ι
2275 468 2557 536 Diversum
2580 483 2800 537 exhibet
2817 484 3178 555 signiﬁcatum
3206 503 3302 542 vox
3326 506 3388 545 ea
3412 507 3530 562 quae
3549 495 3637 551 di-

360 545 459 599 καὶ
486 543 676 616 ἕτερον
702 547 734 617 ἡ
765 548 987 619 Πνεῦμα
1020 551 1160 606 Θεοῦ
1194 554 1225 625 ἢ
1259 555 1466 628 Κυρίου
1499 558 1630 611 αὐτὸ
1650 559 1938 627 λέγουσα.»

254 714 265 721 _
361 639 476 692 Καὶ
504 639 689 693 πάλιν·
728 658 748 692 ι
779 641 1024 713 Οὐδεμία
1050 660 1113 713 γε
1138 645 1247 700 τῶν
1272 649 1469 717 φωνῶν
1496 651 1605 704 τῶν
1634 654 1949 723 εἰρημένων

362 731 428 784 ἰδ
472 730 869 802 ἐκπορεύεσθαι
913 738 1037 800 ταῖς
1081 738 1292 802 λέξεσιν
1342 742 1662 812 ἑρμηνεύει·
1692 746 1789 798 καὶ
1834 749 1944 817 γὰρ

362 824 687 894 περιφανῶς
716 825 910 896 ἔτερόν
936 829 1086 883 ἐστιν
1134 832 1533 903 ἐκπορεύεσθαι
1565 837 1661 890 τοῦ
1728 840 1942 909 Πατρές

360 913 428 967 τὸ
457 914 708 984 Πνεῦμα,
741 919 836 970 καὶ
886 919 1016 972 ἄλλο
1073 923 1404 992 σημαίνουσι
1452 930 1564 989 τοῖς
1596 929 1858 998 ὀνόμασιν
1888 934 1945 985 αἱ

361 1003 426 1056 τὸ
475 1004 705 1071 Πνεῦμα
742 1006 998 1074 λέγουσαι
1026 1009 1120 1062 τοῦ
1173 1010 1309 1065 Θεοῦ
1342 1016 1436 1068 καὶ
1492 1018 1702 1088 Κυρίου
1735 1023 1829 1074 καὶ
1876 1023 1946 1077 τὰ

364 1096 583 1165 ὃμοια.»
620 1098 720 1150 Ποῖ
748 1115 879 1152 ποτε
904 1100 1011 1153 τῶν
1035 1102 1288 1171 Γραφῶν,
1321 1107 1599 1175 σοφώτατε
1626 1111 1780 1183 ἆνερ,
1815 1114 1941 1166 ταύ-

361 1204 488 1250 ταις
513 1191 633 1252 ταῖς
666 1188 952 1259 διαφοραῖς
980 1194 1397 1265 ὲντετύχηκας.;
1421 1200 1590 1257 Πόθεν
1620 1221 1705 1256 σοι
1740 1208 1941 1273 γέγονε

360 1280 537 1332 ταῦτα
579 1281 932 1350 νομοθετεῖν;
993 1286 1053 1336 Εἰ
1109 1285 1218 1369 γὰρ
1248 1292 1275 1340 ὁ
1306 1288 1480 1358 λέγων
1513 1294 1740 1365 Πνεῦμα
1780 1296 1941 1363 Θεοῦ,

358 1370 463 1440 τὴν
519 1373 585 1425 ἐκ
618 1372 757 1425 Θεοῦ
805 1373 956 1442 δηλοί
988 1375 1084 1427 τοῦ
1131 1378 1453 1449 Πνεύματος
1502 1383 1760 1457 ὕπαρξιν,
1819 1390 1944 1442 κατ’

360 1463 700 1535 ἐξηγητικὴν
734 1463 810 1535 (l)
840 1464 1288 1539 ἀξιοπιστότερον
1325 1489 1418 1525 σου
1473 1476 1617 1528 κατὰ
1653 1478 1811 1543 πολὺ,
1851 1481 1946 1535 τὸν

367 1557 551 1626 μέγαν
585 1555 892 1619 Βασίλειον,
940 1559 1101 1612 ποίαν
1133 1560 1313 1627 ἕξουσι
1339 1562 1527 1636 χώραν
1564 1567 1622 1619 αἱ
1652 1569 1804 1640 παρὰ
1847 1571 1943 1625 σοῦ

364 1647 620 1718 ρηθεῖσαι
648 1647 906 1717 διαφοραί
926 1663 945 1713 ς

2046 567 2118 621 cit
2142 583 2208 623 ex
2237 568 2394 625 Patre
2419 575 2709 639 procedere
2738 575 3022 644 Spiritum,
3042 589 3098 634 et
3127 580 3404 637 diversum
3435 601 3539 641 vox
3565 602 3633 644 ea

2046 671 2162 726 qua:
2178 674 2302 713 eum
2322 662 2428 716 dici
2459 662 2723 732 Spiritum
2751 666 2843 719 Dei
2869 667 2948 721 vel
2975 668 3245 724 Domini.»
3273 670 3339 725 Et
3364 689 3584 729 rursum
3610 693 3624 728 :

2052 767 2070 800 ι
2112 749 2270 805 Nulla
2331 769 2525 807 eorum
2565 771 2756 810 vocum
2814 759 3093 827 conceptis
3157 762 3338 817 verbis
3397 764 3633 820 allirmat

2053 846 2486 915 processionem,
2517 864 2640 902 nam
2666 851 2956 905 manifeste
2992 853 3139 908 aliud
3172 863 3257 909 est
3288 856 3471 910 dicere
3498 873 3630 927 pro-

2046 936 2241 991 cedere
2270 952 2334 992 ex
2367 940 2529 992 Patre
2568 941 2852 1006 Spiritum,
2897 951 2951 996 ct
2986 944 3135 997 aliud
3161 945 3470 1014 signiﬁcant
3495 949 3635 1018 ipsis

2047 1027 2227 1081 verbis
2255 1043 2414 1082 voces
2444 1045 2565 1098 qum
2608 1031 2796 1084 dicunt
2831 1031 3099 1098 Spiritum
3146 1034 3236 1089 Dei
3293 1046 3348 1091 et
3377 1037 3618 1103 Domini,

2045 1127 2102 1173 et
2133 1133 2253 1187 quae
2294 1120 2381 1174 bis
2412 1121 2668 1175 similia.»
2702 1122 2928 1177 Ubinam
2954 1165 2968 1188 ,
3019 1139 3053 1177 ο
3095 1126 3175 1178 vir
3200 1128 3635 1196 sapientissime,

2045 1210 2100 1264 in
2134 1210 2430 1279 Scripturis
2475 1212 2746 1290 ejusmodi
2794 1215 3043 1282 reperisti
3098 1216 3482 1273 diﬂerentias?
3512 1217 3638 1274 Un-

2045 1301 2243 1354 denam
2267 1317 2333 1355 eo
2373 1301 2641 1357 adductus
2670 1319 2750 1368 es,
2811 1313 2866 1357 ut
2892 1305 3029 1359 tales
3089 1305 3237 1371 leges
3288 1308 3635 1363 constituas?

2052 1392 2185 1448 Nam
2215 1395 2259 1448 si
2301 1396 2346 1449 is
2380 1395 2470 1464 qui
2503 1396 2635 1450 dicit
2662 1395 2922 1465 Spiritum
2975 1395 3070 1451 Dei
3108 1398 3480 1451 exsistentiam
3507 1400 3634 1469 Spi-

2054 1485 2191 1539 ritus
2229 1501 2292 1539 ex
2330 1486 2439 1540 Deo
2472 1488 2696 1553 indicat,
2743 1488 3046 1542 secundum
3087 1489 3488 1558 expositionem
3538 1500 3633 1545 tua

2047 1576 2218 1630 multo
2242 1577 2539 1645 digniorem
2567 1576 2688 1640 ﬁde,
2715 1578 2894 1645 magni
2918 1577 3163 1632 videlicet
3191 1577 3396 1641 Basilii,
3414 1578 3636 1647 qualem

2058 1665 2292 1734 amplius
2318 1667 2496 1720 locum
2531 1666 3151 1722 habebuntdiﬂ'erentiat
3185 1682 3215 1721 a
3248 1678 3298 1720 te
3326 1668 3634 1722 enarratte‘!

447 1739 860 1805 Ἐκπορεύεται
907 1739 976 1794 τὸ
1020 1742 1264 1811 Πνεῦμα
1302 1744 1369 1799 ἐκ
1405 1745 1512 1801 τοῦ
1544 1751 1768 1816 ΙῙατρος
1801 1766 1816 1781 ο
1861 1754 1938 1807 Τὸ

2114 1757 2364 1812 Procedit
2408 1757 2637 1827 Spiritus
2680 1774 2744 1812 ea:
2780 1758 2979 1826 Patre;
3035 1760 3161 1814 haec
3205 1758 3373 1814 dictio
3409 1774 3635 1828 prorsus

365 1830 634 1900 ὑπάρχειν
669 1830 884 1894 πάντως
909 1832 969 1884 τδ
994 1833 1219 1903 Πνεῦμα
1262 1836 1324 1888 ὲκ
1356 1837 1453 1889 τοῦ
1502 1840 1714 1909 Πατρδς
1739 1844 1770 1911 ἡ
1797 1842 1942 1908 λέξις

2053 1850 2316 1919 Spiritum
2351 1853 2613 1906 exsistere
2657 1851 2914 1917 denotat;
2970 1850 3200 1919 Spiritus
3246 1850 3343 1904 Dei
3389 1860 3467 1905 est
3507 1850 3632 1917 Spi-

367 1921 536 1989 δηλοῖ.
555 1921 796 1990 Πνεῦμα
823 1924 972 1977 Θεοῦ
1001 1924 1068 1977 τὸ
1093 1925 1336 1994 Πνεῦμα
1363 1946 1375 1958 ·
1404 1930 1507 1999 τὴν
1527 1932 1589 1983 ἐκ
1605 1931 1741 1986 Θεοῦ
1766 1933 1947 2006 ῦπαρ-

340 2012 451 2082 ,ξιν
477 2013 572 2067 τοῦ
614 2014 938 2082 Πνεύματος
979 2008 1195 2081 πάντως
1225 2021 1257 2087 ἡ
1299 2018 1444 2084 λέξις
1471 2022 1660 2092 δηλοῖ,
1692 2027 1748 2078 εί
1769 2043 1832 2095 γε
1867 2030 1942 2096 μὴ

362 2107 462 2159 καὶ
498 2107 589 2157 τὸν
629 2105 803 2174 μέγαν
857 2105 1139 2160 Βασίλειον
1206 2108 1386 2163 ὀπίσω
1438 2111 1612 2167 θεῖναι
1673 2117 1782 2171 τῶν
1836 2120 1945 2173 σῶν

356 2196 679 2269 ἑξηγήσεῳν
711 2196 925 2268 βούλει*
979 2201 1075 2252 καὶ
1115 2202 1147 2270 ἡ
1181 2201 1417 2271 διαφορὰ
1474 2204 1662 2260 λοιπὸν
1713 2210 1822 2261 τῶν
1855 2211 1937 2265 λέ·

360 2289 500 2353 ξεων
523 2288 669 2356 ποῦ;
712 2291 775 2344 Ἡ
802 2290 898 2344 τοῦ
938 2292 1257 2361 Πνεύματος
1308 2292 1563 2364 ῦπαρξις,
1601 2300 1739 2353 καθὸ
1770 2302 1942 2355 Πνεύ-

357 2398 547 2450 ματος.
593 2380 848 2450 ῦπαρξις,
919 2382 1061 2453 αὐτῇ
1090 2386 1154 2452 τῇ
1218 2384 1413 2454 κλήσει
1471 2389 1566 2439 τοῦ
1616 2391 1938 2460 Πνεύματος

355 2475 858 2543 συνεπινοουμένην
898 2474 996 2545 τὴν
1021 2475 1351 2543 ὲκπόρευσιν
1388 2477 1522 2548 ἔχει,
1550 2482 1646 2533 καὶ
1670 2483 1769 2535 οὐκ
1794 2484 1943 2540 ἐστιν

352 2562 537 2615 είπεῖν
569 2560 793 2630 Πνεῦμα
832 2563 927 2614 καὶ
967 2562 1041 2634 μὴ
1066 2566 1400 2632 ἐκπορευτδν
1432 2568 1622 2638 νοῆσαι
1648 2571 1799 2625 αὑτό·
1830 2574 1940 2628 εἴτε

353 2653 477 2722 γὰρ
520 2653 827 2717 ἁναϐλύζον
877 2656 942 2707 ἐκ
984 2656 1079 2707 τοῦ
1108 2658 1326 2728 Πατρὸς
1351 2658 1503 2725 λέγει
1523 2677 1607 2725 τις
1628 2662 1687 2715 τὸ
1713 2662 1938 2734 Πνεῦμα

352 2744 425 2797 τὸ
454 2744 631 2814 ἅγιον,
682 2747 792 2799 εἴτε
835 2746 1105 2817 πηγάζον,
1142 2749 1254 2801 εἴτε
1301 2751 1446 2804 κατά
1471 2769 1593 2805 τινα
1638 2754 1806 2825 ἄλλην
1831 2755 1941 2810 τῶν

351 2841 489 2893 ἴσαι
518 2839 695 2906 λέξεις
729 2842 829 2910 τὴν
876 2841 1043 2896 αὐτοῦ
1082 2842 1340 2913 δηλοῦσιν
1374 2846 1439 2897 ἐκ
1489 2846 1710 2916 Πατρδς
1764 2846 1943 2919 ῦπαρ-

352 2931 467 2998 ξιν,
518 2933 620 2986 οὐκ
670 2933 800 2987 ἄλλο
843 2951 896 2987 τι
951 2934 1210 3005 σημαίνει
1279 2936 1430 3006 παρὰ
1478 2939 1569 2991 τὸν
1608 2939 1837 3005 λέγοντα
1874 2944 1939 2995 ἐκ

354 3025 582 3094 ιΙατρδς
611 3024 745 3077 αὐτὸ
768 3026 1172 3096 ἐκπορεύεσθαι
1212 3040 1226 3056 ⁶
1265 3029 1317 3080 εί
1355 3029 1462 3098 γὰρ
1490 3030 1586 3083 καὶ
1626 3033 1798 3084 πᾶσαι
1841 3033 1939 3100 μὲν

2052 1943 2227 2007 ritus;
2267 1941 2441 1997 Dictio
2470 1941 2588 1996 haec
2622 1956 2851 2011 prorsus
2885 1942 3107 1996 denotat
3159 1941 3396 2010 Spiritus
3425 1958 3489 1995 ex
3522 1939 3633 1993 Deo

2050 2035 2462 2099 exsistentiam,
2495 2034 2764 2102 siquidem
2804 2030 2946 2085 haud
2996 2031 3093 2085 tibi
3145 2032 3323 2100 placet
3368 2045 3631 2099 magnum

2055 2123 2324 2177 Basilium
2376 2124 2487 2178 tuis
2534 2132 2865 2193 postponere
2913 2122 3434 2190 explanationibus;
3468 2136 3636 2190 porro

2051 2215 2276 2267 ubinam
2334 2229 2482 2268 nunc
2548 2213 2852 2268 dictionum
2916 2212 3249 2267 diversitas?
3301 2212 3636 2267 Exsistentia

2049 2304 2315 2373 Spiritus,
2369 2314 2641 2375 quatenus
2692 2312 2775 2358 est
2806 2303 3044 2373 Spiritus
3107 2303 3463 2368 exsistentia,
3516 2304 3636 2371 ipso

2050 2395 2286 2464 Spiritus
2333 2396 2607 2451 vocabulo
2641 2393 2805 2448 simul
2854 2393 3206 2461 coniunctam
3260 2392 3426 2446 habet
3461 2392 3636 2445 notio-

2050 2500 2176 2538 nem
2230 2485 2638 2555 processionis;
2673 2499 2774 2537 nec
2802 2498 3101 2553 possumus
3149 2482 3330 2536 dicere
3369 2478 3633 2549 Spiritum

2046 2585 2100 2630 et
2132 2592 2243 2630 non
2274 2577 2654 2645 procedentem
2687 2588 2812 2628 eum
2849 2573 3172 2649 intelligege.
3198 2571 3323 2627 Sive
3349 2571 3494 2625 enim
3510 2587 3582 2639 qu
3606 2584 3635 2624 s

2049 2669 2444 2722 scaturientem
2494 2681 2560 2721 ex
2615 2664 2780 2719 Patre
2829 2665 2961 2719 dicit
3016 2662 3286 2733 Spiritum
3336 2663 3453 2715 sive
3504 2673 3630 2728 pro-

2045 2759 2303 2814 ﬂuentem
2340 2760 2455 2813 sive
2490 2758 2649 2813 aliam
2686 2756 2980 2827 quamdam
3031 2770 3223 2810 earum
3293 2761 3526 2821 usurpat
3554 2751 3637 2805 di~

2046 2851 2327 2914 etiouum,
2387 2865 2510 2918 quas
2575 2864 2640 2903 ex
2695 2848 2868 2917 ipsius
2923 2862 2989 2900 ex
3045 2844 3206 2900 Patre
3262 2843 3635 2899 exsistentiam

2044 2943 2345 3006 declarant,
2379 2955 2487 2994 non
2544 2939 2691 2994 aliud
2725 2938 3023 3008 quidquam
3049 2935 3354 3006 signiﬁcat,
3392 2947 3555 3004 quam
3588 2931 3636 2984 is

2044 3032 2137 3103 qui
2167 3047 2290 3085 eum
2323 3045 2390 3085 ex
2420 3031 2576 3084 Patre
2608 3028 2744 3084 dicit
2779 3029 3095 3097 procedere.
3128 3025 3264 3080 Nam
3298 3026 3346 3091 si
3392 3032 3448 3079 et
3495 3036 3620 3077 om-

351 3117 420 3169 αἱ
460 3115 618 3169 ἄλλαι
672 3114 851 3180 λέξεις
879 3116 940 3170 τὸ
980 3116 1166 3180 ἁπλῶς
1211 3113 1350 3171 εἶναι
1378 3120 1601 3188 δηλοῦσι
1642 3121 1735 3175 τοῦ
1773 3122 1942 3176 Ilvati-

2046 3118 2291 3176 nes'aliaa
2337 3121 2609 3176 dictiones
2664 3119 2991 3188 simpliciter
3030 3134 3153 3175 esse
3201 3118 3467 3173 denotant
3513 3116 3631 3185 Spi-

306 3266 309 3269 ,
354 3224 559 3278 ματος,
617 3207 939 3277 ἰδιοτρόπως
975 3208 1032 3261 δὲ
1084 3210 1118 3279 ὴ
1167 3210 1495 3281 εκπόρευσις
1539 3212 1602 3265 τὸ
1651 3212 1767 3276 πῶς
1802 3209 1946 3268 εἶναι

352 3299 517 3354 αὐοῦ’
579 3297 696 3352 ἀλλ’
762 3299 886 3354 ἐπεὶ
959 3299 1170 3372 αύτὴή
1228 3302 1322 3354 τοῦ
1373 3301 1688 3372 Πνεύματος
1753 3306 1947 3374 κλῆσις

353 3391 465 3461 τὴν
497 3389 633 3460 πρὸς
659 3390 791 3443 Υίδν
815 3391 1072 3461 ἐμφαίνει
1104 3391 1396 3463 διαφορὰν,
1444 3397 1539 3448 καὶ
1579 3396 1706 3466 δίχα
1728 3397 1822 3450 τοῦ
1852 3399 1946 3450 ὲκο

354 3481 631 3552 πορευτὸν
680 3482 915 3552 ῥηθῆναι
973 3482 1130 3549 αὐτὸ,
1185 3484 1359 3554 αὐτὴν
1429 3485 1530 3556 τὴν
1587 3487 1939 3561 ἐκπορευτὴν

358 3573 625 3643 ὓπαρξιν,
647 3575 759 3642 ὅσῳ
796 3575 894 3629 καὶ
947 3574 1272 3645 Πνεύματος
1311 3576 1572 3647 ὓπαρξιν,
1609 3581 1705 3631 καὶ
1736 3581 1768 3647 ἡ
1817 3582 1949 3635 ἀνά-

356 3664 555 3729 σλυσις
585 3663 738 3737 δηλοί
784 3666 878 3719 καὶ
905 3667 933 3719 ὀ
976 3667 1272 3738 πηγασμὸς
1301 3669 1396 3720 καὶ
1428 3669 1460 3738 ἡ
1505 3669 1772 3738 πρόχυσις
1797 3686 1812 3702 ·
1851 3673 1946 3724 καὶ

355 3757 452 3810 διὰ
483 3756 660 3811 ταῦτα
691 3758 754 3809 οὐ
812 3757 997 3821 καλῶς
1045 3758 1504 3830 νενομοθέτηκας,
1546 3763 1573 3813 ὁ
1607 3760 1943 3828 σοφώτατος,

357 3852 467 3904 ὅσα
502 3849 638 3921 δῆτα
683 3850 1121 3921 νενομοθέτηκας
1175 3852 1304 3921 περὶ
1344 3850 1631 3920 διιφορᾶς,
1667 3852 1844 3920 λέγων
1870 3853 1945 3916 ὡς

359 3942 550 4010 ἕτερον
589 3941 690 4011 μὲν
744 3944 779 4010 ὴ
829 3940 982 4007 λέξις
1030 3942 1341 4012 παρίστησι
1381 3944 1787 4013 σημαινόμενον
1818 3945 1850 4014 ἡ
1882 3947 1947 3998 ἐκ

360 4030 461 4085 τοῦ
492 4017 710 4101 Πσῖιρὸς
732 4032 1135 4102 ἐκπορεύεσθαι
1160 4034 1222 4087 τὸ
1270 4034 1517 4104 Πνεῦμα,
1547 4035 1642 4086 καὶ
1688 4034 1879 4104 ἕτερον
1910 4035 1944 4103 ἡ

361 4122 594 4191 Πνεῦμα
635 4121 772 4175 Θεοῦ
817 4120 851 4192 ἢ
885 4121 1089 4192 Κυρίου
1150 4122 1283 4175 αὐτὸ
1320 4123 1577 4191 λέγουσα.
1634 4123 1776 4176 Ἀλλ’
1818 4123 1941 4177 οὐδὲ

360 4215 489 4277 ταῖς
528 4214 729 4283 ἐφεξῆς
779 4216 910 4283 περὶ
967 4213 1062 4266 τοῦ
1098 4214 1387 4283 ὁμοουσίου
1431 4216 1622 4286 ρήσεσι
1674 4215 1771 4268 καὶ
1825 4216 1945 4276 ταῖς

364 4305 595 4377 Πνεῦμα
627 4306 758 4359 Υίοῦ
809 4306 905 4359 καὶ
932 4304 1162 4376 Πνεῦμα
1197 4306 1436 4377 Χριστοῦ
1474 4306 1767 4376 δηλούσαις
1824 4323 1944 4375 φω-

363 4401 486 4462 ναῖς
513 4399 732 4469 ὲχρήσω
759 4396 962 4464 καλῶς,
987 4399 1117 4471 περὶ
1145 4393 1222 4454 ὧν
1249 4400 1510 4463 πολλάκις
1538 4401 1790 4465 εἰπόντες
1813 4417 1943 4453 σιω·-

362 4491 560 4562 πῶμεν
589 4492 658 4545 τὰ
697 4489 814 4549 νῦν.

942 4769 1332 4826 ΚΕῙΜΕΝΟΝ.

436 4864 545 4929 ιιγε.
578 4861 652 4915 Σὺ
678 4860 737 4915 δέ
773 4878 863 4931 μοι
896 4861 1091 4915 σκόπει
1116 4860 1431 4918 κάντεῦθεν.
1493 4863 1568 4916 Τὸ
1600 4864 1824 4935 Πνεῦμα
1852 4864 1943 4920 λέ-

358 4970 523 5021 γεται
573 4953 667 5007 τοῦ
706 4952 971 5024 Χριστοῦ,
1012 4954 1106 5007 καὶ
1137 4954 1287 5017 ὅπως
1330 4953 1577 5022 λέγεται,
1618 4957 1679 5010 ού
1709 4957 1943 5027 χαλεπὸν

359 5050 432 5100 ἐκ
454 5045 548 5099 τοῦ
591 5046 816 5100 Ἡσαΐου
861 5046 1074 5116 μαθεῖν,
1112 5045 1320 5113 μᾶλλον
1350 5045 1407 5099 δὲ
1432 5047 1529 5100 καὶ
1557 5048 1616 5113 ἐξ
1641 5048 1813 5118 αὐτῆς
1841 5050 1943 5117 τῆς

367 5138 716 5209 Δεσποτικῆς
743 5138 1105 5206 ἀναγνώσεως
1161 5139 1257 5191 καὶ
1314 5136 1523 5207 φωνῆς’
1556 5139 1801 5207 Πνεῦμα
1828 5140 1939 5210 γὰρ

354 5232 456 5285 ἐπ’
494 5231 620 5300 ἐμὲ,
677 5233 864 5301 φησὶν,
922 5226 994 5287 οὗ
1038 5229 1275 5284 εἵνεκεν
1310 5229 1521 5299 ἔχρισέ
1556 5246 1652 5298 με·
1709 5229 1849 5284 ὥστε
1881 5230 1943 5284 τὸ

357 5322 596 5394 Πνεῦμα
614 5323 773 5378 ἄλλον
797 5324 897 5394 μὲν
914 5323 1116 5393 τρόπον
1138 5321 1356 5390 λέγεται
1371 5322 1468 5375 τοῦ
1495 5316 1729 5392 Κυρίου,
1750 5323 1942 5393 ἕτερον

356 5413 426 5467 δὲ
457 5413 552 5465 τοῦ
583 5411 736 5465 Υίοῦο
766 5418 826 5464 ea
861 5411 961 5481 μὲν
984 5412 1092 5481 γὰρ
1126 5411 1201 5473 ὡς
1221 5411 1510 5482 ὁμοούσιον
1541 5428 1555 5442 ·
1590 5412 1747 5481 suae
1775 5413 1824 5465 εί
1849 5413 1942 5466 καὶ

356 5504 676 5573 ὁμοούσιον,
702 5503 840 5557 ἀλλὰ
876 5502 972 5558 νῦν
1002 5519 1066 5571 γε
1095 5502 1185 5556 διὰ
1212 5502 1277 5555 τὸ
1325 5502 1539 5574 χρίσμα
1596 5502 1816 5571 λέγεται
1844 5502 1941 5556 τοῦ

358 5593 527 5651 Υίοῦο
557 5592 798 5648 Χριστοῦ
838 5592 916 5664 (2)
965 5594 1076 5665 γὰρ
1124 5592 1375 5668 Πνεῦμα,
1409 5595 1493 5651 ὅτι
1545 5593 1690 5668 χρίει
1753 5594 1938 5650 αὐτόν·

436 5752 485 5823 (l
497 5750 515 5825 )
543 5750 688 5808 Fort.
713 5750 1007 5824 ιξηγητήν.

1916 5874 1945 5897 /

2050 3214 2233 3277 ritus,
2287 3213 2509 3282 proprio
2556 3226 2688 3264 vero
2739 3209 2902 3263 modo
2954 3209 3235 3279 processio
3298 3210 3630 3266 exsistentiae

2046 3314 2254 3362 certum
2305 3303 2527 3357 modum
2584 3301 2828 3368 indicat;
2888 3310 3065 3356 tamen
3118 3302 3376 3372 quoniam
3435 3304 3615 3373 ipsum

2048 3399 2291 3466 Spiritus
2350 3394 2677 3450 vocabulum
2727 3393 3091 3448 differentiam
3135 3394 3203 3449 ad
3253 3394 3449 3449 Filium
3503 3410 3622 3450 ma.

2047 3490 2298 3554 nil‘estat,
2326 3488 2542 3543 etiamsi
2610 3503 2716 3541 non
2777 3487 2993 3543 dicatur
3053 3488 3389 3557 procedens,
3440 3488 3615 3557 ipsam

2046 3580 2190 3634 hanc
2263 3578 2637 3633 essistentiam
2727 3592 2823 3647 per
2910 3578 3361 3648 processionem,
3432 3587 3625 3648 utpote

2049 3667 2291 3737 Spiritus
2318 3667 2689 3721 exsistentiam
2713 3705 2728 3730 ,
2757 3664 2921 3719 etiam
2971 3666 3304 3720 scaturiendi
3330 3706 3345 3731 ,
3395 3674 3452 3720 et
3499 3682 3623 3736 pro.

2046 3758 2249 3813 ﬂuendi
2292 3768 2346 3813 ct
2394 3758 2733 3827 profusionis
2780 3772 2943 3813 voces
2976 3759 3278 3813 declarant.
3322 3758 3501 3828 Atque
3533 3761 3616 3813 id-

2046 3852 2196 3906 eirco
2249 3866 2354 3905 non
2403 3858 2553 3906 recte
2597 3851 2745 3919 leges
2776 3864 2906 3914 eas,
2941 3864 2975 3903 ο
3027 3850 3436 3919 sapientissime
3461 3890 3476 3914 ,
3509 3859 3621 3905 sta—

2047 3943 2198 3996 taisti
2260 3957 2399 4011 quas
2442 3951 2595 3997 certo
2637 3943 2705 3996 de
2761 3941 3064 3996 diﬂ'erentia
3105 3942 3347 3995 sancitas
3396 3942 3617 3995 voluisti

2046 4052 2327 4102 asserens,
2387 4037 2554 4090 alium
2599 4037 2970 4106 signiﬁcatum
3043 4034 3305 4089 exhibere
3370 4036 3621 4104 proposi-

2048 4130 2250 4181 tionem
2281 4166 2298 4193 ,
2339 4142 2406 4182 ex
2453 4125 2614 4181 Patre
2664 4126 2957 4195 procedere
3007 4126 3268 4196 Spiritum
3297 4166 3313 4190 ,
3347 4136 3403 4182 et
3448 4129 3615 4181 alium

2048 4223 2443 4283 assertionem,
2468 4234 2573 4288 qua
2600 4219 2838 4288 Spiritus
2888 4218 2977 4272 Dei
3011 4220 3096 4273 vel
3133 4219 3348 4273 Domini
3401 4218 3621 4274 dicitur.

2052 4313 2255 4368 Verum
2324 4326 2503 4381 neque
2565 4311 2851 4381 sequentia
2917 4309 3626 4377 de,consubstantialitate

2049 4405 2191 4459 dicta
2239 4412 2293 4459 et
2342 4418 2543 4467 voces,
2592 4417 2715 4471 qua:
2773 4399 3036 4469 Spiritum
3086 4399 3208 4454 Filii
3252 4407 3307 4454 et
3358 4399 3624 4469 Spiritum

1975 4493 2018 4547 D
2047 4495 2248 4551 Christi
2284 4494 2474 4549 dicunt
2534 4492 2605 4562 (c.
2647 4494 2737 4557 9i,
2770 4492 2861 4562 92)
2905 4500 3052 4547 recte
3099 4489 3416 4551 adhibuisti.
3470 4506 3615 4561 qua,

2045 4602 2168 4642 cum
2193 4584 2305 4656 jam
2333 4584 2533 4654 saapius
2563 4583 2630 4638 de
2656 4583 2725 4637 iis
2751 4582 3052 4639 dixerimus
3075 4622 3091 4646 ,
3132 4581 3187 4636 in
3221 4581 3504 4651 praesentia
3548 4582 3623 4638 si—

2044 4680 2213 4737 lentio
2241 4679 2611 4749 praeterimus.

2701 4766 3005 4824 TEXTUS.

2114 4868 2204 4923 93.
2238 4866 2318 4920 Tu
2355 4880 2484 4919 vero
2519 4864 2643 4918 hinc
2668 4877 2889 4932 quoque
2939 4876 3052 4916 rem
3087 4861 3358 4930 expende.
3389 4850 3628 4930 Spiritus

2044 4956 2244 5013 dicitur
2300 4957 2538 5025 Spiritus
2585 4954 2827 5014 Christi,
2876 4963 2925 5006 et
2970 4966 3077 5020 qua
3136 4955 3346 5007 ratione
3392 4952 3627 5015 dicatur,

2043 5064 2155 5103 non
2218 5056 2304 5103 est
2357 5046 2576 5099 diﬁicile
2626 5060 2692 5097 ex
2748 5043 2884 5098 Isaia
2945 5044 3176 5109 discere,
3224 5045 3337 5096 imo
3385 5057 3514 5095 vero
3562 5055 3624 5094 ex

2045 5138 2281 5207 ipsamet
2309 5135 2523 5189 Domini
2556 5133 2875 5188 recitatione
2896 5148 2962 5188 ac
2992 5149 3123 5188 voce
3152 5152 3166 5187 ς
3204 5131 3438 5203 Spiritus
3481 5131 3624 5185 enim

2043 5228 2309 5290 Domini,
2357 5227 2557 5296 inquit,
2617 5241 2775 5296 super
2831 5242 2947 5289 me.
2987 5237 3261 5295 propterea
3320 5223 3471 5277 unxit
3521 5238 3622 5275 me.

2044 5319 2407 5385 Quamobrem
2462 5317 2697 5386 Spiritus
2749 5318 2858 5372 alio
2909 5317 3072 5372 modo
3120 5316 3320 5370 dicitur
3382 5313 3621 5377 Domini,

2044 5412 2150 5467 alio
2195 5411 2358 5467 modo
2385 5408 2545 5476 Filii;
2582 5410 2821 5479 Spiritus
2873 5407 3084 5463 Domini
3137 5416 3321 5476 utpote
3376 5403 3618 5458 consub-

2043 5501 2361 5567 stantialis;
2405 5499 2643 5571 Spiritus
2695 5514 2825 5554 vero
2874 5497 3042 5564 Filii,
3090 5498 3216 5552 licet
3265 5496 3336 5551 sit
3382 5494 3617 5550 consub-

2045 5596 2342 5663 stantialis,
2367 5604 2552 5651 tamen
2581 5576 2801 5666 propter
2824 5593 3135 5649 unctionem
3166 5592 3383 5647 dicitur.
3412 5588 3616 5647 Chrisﬁ

2012 5806 2025 5813 -
2115 5751 2194 5827 (2)
2227 5750 2392 5808 Laur.
2424 5751 2582 5808 habet
2606 5747 2837 5821 Κυρίου.
