4042 6394
467 350 574 412 85)

1488 351 1698 411 ΙΟᾹΝ.
1735 349 1963 410 ΥΕΕΟΓ
1988 353 2097 411 CP.
2139 353 2647 413 PATRIARCIL'E

3583 349 3686 413 860
3709 385 3712 390 -

462 460 614 513 enim
635 460 892 530 Spiritus,
912 463 1037 530 quia
1070 462 1414 531 ungitipsum
1441 478 1452 512 :
1487 461 1720 531 Spiritus
1752 464 1920 529 enim,
1950 464 2037 517 in-

2142 465 2380 532 ῙΙνεῦμα
2419 465 2526 536 γὰρ
2561 466 2654 517 ἐπ’
2686 463 2810 533 ἐμὲ,
2853 464 2987 532 αὐτή
3024 480 3188 532 φησιν
3227 463 3258 532 ἠ
3321 461 3592 530 Ἀλήθεια,
3628 459 3701 517 οὗ

463 553 575 618 quit
593 553 716 622 ipsa
739 556 960 621 veritas,
981 570 1138 619 super
1160 563 1558 621 me;propterea
1575 557 1722 609 unxit
1743 573 1838 610 me.
1864 554 2031 626 Ungit

466 641 701 712 Spiritus
732 644 1043 711 Christum;
1067 646 1342 714 quomodo
1382 647 1456 709 id,
1482 663 1688 715 qna-so,
1722 648 1976 718 intelligis
2011 649 2034 702 τ

463 736 545 786 An
593 745 858 802 quatenus
904 737 1336 804 pztrticipavitde
1365 753 1529 792 carne
1571 748 1624 792 et
1674 739 1936 810 sanguine
1982 747 2054 794 et'

464 827 640 882 factus
687 831 981 896 esthomo,
1009 846 1078 883 an
1117 841 1383 899 quatenus
1417 831 1485 885 ab
1509 841 1710 886 a'terno
1739 833 2033 888 exsistebat

461 918 640 972 Deus?
670 919 739 972 At
773 919 877 974 hoc
915 921 1188 989 posterius
1247 939 1522 992 nunquam
1575 923 1788 992 opinor,
1821 925 2032 978 tametsi

462 1011 862 1066 audacissimus
884 1015 982 1077 sis,
1008 1013 1273 1068 allirmarc
1293 1015 1536 1069 audebis.
1562 1015 1676 1068 Non
1707 1016 1849 1068 enim
1881 1017 2036 1085 ungi-

464 1109 552 1155 tur
579 1100 750 1156 Filius
801 1113 958 1171 prout
1000 1115 1083 1157 est
1135 1106 1304 1171 Deus;
1339 1121 1527 1182 apage.
1560 1107 1706 1175 Ergo
1763 1117 1921 1175 prout
1949 1115 2033 1161 est

464 1193 628 1247 homo
651 1192 852 1262 Spiritu
883 1195 1105 1262 ungitur
1130 1195 1398 1251 Christ-us.
1425 1197 1502 1250 Tu
1527 1213 1655 1251 vero
1677 1197 1814 1252 dicis
1843 1216 1856 1252 :
1887 1198 2033 1263 Quo-

463 1284 611 1338 niam
643 1286 841 1338 dicitur
869 1285 1102 1354 Spiritus
1131 1286 1334 1343 Christi
1359 1327 1374 1352 ,
1401 1290 1624 1343 omnino
1652 1298 1706 1344 et
1741 1291 1974 1358 procedit
2002 1304 2030 1342 a

467 1373 704 1428 Christo.
751 1376 894 1444 Ergo
941 1377 1176 1445 Spiritus
1222 1378 1426 1434 Christi
1482 1394 1590 1432 nun
1637 1392 1902 1449 quati-nus
1950 1388 2032 1434 est

468 1464 610 1519 Deus
641 1481 706 1519 ex
746 1467 862 1536 ipso
897 1471 1220 1536 proveniet,
1279 1473 1370 1526 sed
1410 1481 1680 1540 quatenus
1736 1475 1898 1526 homo
1925 1515 1939 1538 ,
1976 1481 2046 1528 et'

467 1571 573 1610 non
624 1558 692 1612 ab
747 1570 950 1613 aeterno
1003 1570 1056 1616 et
1107 1572 1232 1616 ante
1274 1566 1469 1618 saecula
1519 1565 1680 1619 simul
1716 1581 1840 1619 cum
1875 1565 2054 1622 Patre-

466 1648 832 1702 substantiam
871 1652 1177 1718 possidens,
1203 1654 1296 1707 sed
1330 1669 1459 1710 tunc
1491 1656 1712 1724 quando
1737 1658 2028 1711 humanam

466 1751 689 1792 carnem
721 1742 1020 1810 assumpsit
1050 1739 1243 1796 Filius.

472 1965 479 1973 ,
537 1903 627 1959 94.
663 1905 896 1960 Advorte
931 1905 1176 1960 animum
1229 1918 1282 1960 et
1323 1908 1582 1975 resipisce
1617 1909 1688 1963 ab
1725 1923 1948 1972 errore,
2003 1925 2040 1964 ο

467 1993 677 2060 homo,
731 2011 829 2049 nec
883 2005 1029 2049 tuam
1094 1997 1307 2066 plagam
1369 1999 1674 2075 vulnusque
1721 2011 1871 2054 tuum
1916 2001 2039 2055 talis

481 2100 606 2139 esse
637 2095 844 2139 natura:
875 2088 1102 2140 ostende
1126 2125 1141 2151 ,
1171 2099 1228 2140 ut
1259 2105 1473 2143 omnem
1525 2103 1743 2161 respuat
1793 2095 2040 2148 curatio-

470 2192 617 2232 nem.
681 2177 918 2246 Spiritus
989 2180 1314 2248 praedicatur
1371 2183 1618 2250 Christi,
1699 2186 1824 2254 quia
1886 2186 2040 2254 ungit

470 2268 694 2336 ipsum;
739 2277 824 2321 tua
861 2278 1040 2322 autem
1095 2271 1402 2340 perniciosa
1443 2273 1524 2326 lex
1572 2289 1813 2328 asswere
1860 2275 2034 2344 jubet,

468 2359 596 2427 quia
624 2359 865 2428 procedit
898 2361 965 2413 ab
993 2361 1132 2430 ipso;
1169 2363 1414 2431 procedit
1444 2375 1620 2418 autem
1656 2381 1682 2416 a
1717 2366 1955 2430 Christo,
1980 2376 2040 2420 ut

467 2451 607 2503 ratio
637 2465 731 2518 per
775 2459 920 2504 tuam
952 2454 1284 2520 opinionem-
1310 2455 1568 2510 incedens
1603 2458 1839 2512 ostendit
1863 2500 1876 2522 ,
1929 2475 2040 2513 non

467 2551 736 2610 quatenus
770 2542 912 2597 Deus
927 2553 1009 2620 es}
1042 2545 1311 2609 Christus,
1359 2547 1452 2600 srd
1491 2558 1758 2616 quatenus
1796 2563 2036 2605 nostram

466 2646 688 2684 carnem
719 2634 1036 2702 assumpsit.
1074 2634 1128 2688 Si
1176 2635 1334 2705 igitur
1376 2646 1644 2703 quatenus
1686 2641 1934 2694 Christus
1972 2645 2040 2697 de

467 2734 654 2778 nostra
679 2740 842 2780 carne
877 2727 1237 2795 participavit,
1267 2731 1586 2782 secundum
1607 2731 1708 2784 hoe
1740 2732 1972 2800 Spiritus
2007 2748 2043 2787 a-

468 2813 687 2866 Uhristo
748 2816 1028 2881 procedit,
1088 2817 1330 2888 procedit
1363 2827 1541 2872 autem
1590 2837 1778 2874 rursus
1820 2838 1849 2874 a
1881 2821 2036 2886 Filio,

467 2911 740 2970 quatenus
783 2911 867 2956 est
927 2902 1078 2957 Deus
1112 2903 1186 2973 (id
1231 2907 1375 2959 enim
1427 2907 1570 2976 leges
1628 2926 1654 2960 a
1709 2919 1758 2962 te
1818 2913 2040 2968 saucius

467 2991 747 3062 exigunt),
769 2995 1134 3058 concludetur
1163 2999 1428 3064 prol'ccto,
1467 3008 1731 3052 naturain
1749 3000 2036 3055 humanam

468 3085 653 3139 deitati
681 3101 802 3141 esse
833 3089 1391 3154 consubstantialem‘,
1437 3092 1480 3144 si
1511 3093 1732 3159 quidem
1776 3094 2036 3163 Spiritum

469 3178 986 3234 consubstantialem
1004 3181 1121 3235 Filii
1145 3191 1198 3236 et
1219 3183 1626 3238 rursm-Christi
1647 3200 1874 3253 censes;
1911 3204 2039 3258 pro-

471 3283 664 3340 cedere
683 3287 828 3340 enim
847 3303 971 3342 eum
995 3288 1131 3344 facis
1159 3300 1211 3342 et
1235 3297 1360 3346 ante
1388 3291 1812 3347 incarnationem
1839 3306 1890 3348 et
1923 3305 2042 3366 post

471 3379 906 3436 incarnationem
935 3397 950 3447 ;
981 3385 1596 3439 consubstantialitatem
1635 3402 1762 3440 vero
1797 3390 2039 3442 nondum

475 3471 767 3524 sustulisti.
786 3471 840 3525 Si
875 3473 1033 3542 igitur
1057 3473 1292 3543 Spiritus
1314 3475 1452 3530 Filio
1475 3478 1974 3545 consubstantialis,
1991 3489 2044 3535 et

474 3562 954 3619 c‘onsubstantialis
1005 3581 1219 3634 quoque
1274 3575 1358 3622 est
1394 3581 1688 3638 assumpta:
1718 3581 1924 3624 natural
1953 3573 2042 3639 (ex

472 3650 589 3720 ipsa
610 3667 977 3713 namqueeum
1002 3655 1507 3726 procederejubes),
1531 3657 1856 3712 ineluctabili
1879 3661 2046 3715 ratio-

474 3755 605 3796 num
630 3743 682 3796 vi
701 3745 1002 3812 evincetur,
1027 3746 1224 3800 Christi
1252 3747 1501 3801 deitatem
1519 3751 2040 3806 consubstantialem

471 3849 596 3888 esse
630 3833 803 3903 ipsius
847 3835 1202 3891 humanitati.
1230 3835 1345 3891 Nec
1390 3839 1513 3893 volo
1559 3839 1774 3893 interim
1819 3842 2045 3896 demon-

472 3933 672 3989 strare,
701 3926 893 3980 eadetu
925 3927 1201 3980 rationum
1237 3929 1289 3982 vi
1337 3943 1368 3982 e
1415 3937 1509 3983 tuo
1540 3930 1791 4000 dogmate
1835 3933 2038 4002 colligi,

473 4029 597 4071 cum
656 4018 775 4087 ipso
822 4019 986 4071 etiam
1043 4019 1201 4074 Patre
1263 4035 1486 4076 carnem
1534 4021 1740 4078 Christi
1804 4024 2041 4079 futuram

473 4108 1040 4175 consubstantialem;
1100 4120 1153 4164 et
1186 4113 1316 4180 quid
1366 4113 1514 4168 aliud
1573 4115 1739 4170 fuerit
1790 4125 1885 4168 aut
1939 4117 2042 4172 hac

475 4200 762 4268 impietate
781 4201 1160 4257 detestabilius
1185 4204 1390 4259 authoc
1412 4221 1597 4260 errore
1624 4208 1995 4264 calamitosius
2018 4208 2042 4262 ί

545 4292 635 4348 95.
681 4291 760 4347 Tu
793 4302 974 4348 tamen
1007 4295 1252 4350 nondum
1283 4298 1366 4352 vis
1398 4299 1704 4368 conspicari
1732 4340 1747 4365 ,
1777 4301 1830 4355 in
1859 4303 2041 4372 qualia

475 4395 527 4438 te
559 4386 855 4454 praecipitia
901 4393 957 4441 et
1001 4387 1055 4441 in
1086 4403 1251 4458 quam
1303 4391 1666 4459 perniciosum
1721 4394 1917 4448 animae
1946 4395 2042 4449 ba-

2133 538 2374 607 εἵνεκεῦ
2395 554 2600 622 ἕχρισέ
2633 570 2732 620 με.
2762 554 2919 624 Χρίει
2948 553 3008 605 τὸ
3046 553 3265 622 Πνεῦμα
3310 552 3401 607 τὸν
3433 554 3694 622 Χριστόν·

2133 646 2409 716 ἄνθρωπε,
2439 646 2556 709 πῶς
2583 649 2721 708 νοεῖς
2750 662 2765 710 ;
2796 645 2916 698 καθ’
2944 645 3001 697 δν
3036 645 3192 711 λόγον
3227 645 3456 714 μετέσχε
3494 646 3702 712 σαρκὸς

2134 736 2229 788 καὶ
2281 737 2512 806 αἵματος
2557 739 2650 790 καὶ
2701 734 3348 805 γέγονενίᾶνθρωποςγῆ·
3387 735 3505 787 καθ’
3551 735 3610 786 ὃν
3642 735 3708 798 ἐξ

2135 826 2304 879 ἀϊδίου
2346 827 2558 898 ὑπῆρχε
2612 827 2784 892 Θεόςς
2839 827 2999 880 Ἀλλὰ
3051 825 3248 895 τὸμὲν
3304 825 3560 893 δεύτερον
3602 828 3710 878 οὐκ

2135 914 2201 966 ἂν
2236 909 2387 983 οἶμαί
2419 932 2501 977 σε,
2543 917 2588 968 εί
2621 915 2717 968 καὶ
2741 915 2922 968 πάντα
2947 914 3152 984 θρασὺς
3173 911 3368 984 ἧσθαι,-
3395 913 3714 986 θρασυνθῆς

2132 1023 2218 1058 ναι
2247 1009 2440 1060 εἰπεῖν.
2475 1007 2551 1060 os
2581 1007 2690 1076 γὰρ
2717 1009 2932 1078 χρίεται
2964 1007 3038 1070 ὡς
3067 1007 3220 1071 Θεὸς,
3247 1006 3452 1074 ἄπαγε,
3485 1010 3511 1060 ὁ
3538 1004 3702 1068 Υἱός.

2135 1097 2347 1151 Οὐκοῦν
2393 1099 2526 1152 καθὸ
2587 1099 2877 1170 ἄνθρωπος
2927 1098 3141 1168 χρίεται
3192 1098 3276 1167 τῷ
3323 1097 3609 1168 Πνεύματι
3681 1102 3717 1152 ὁ

2132 1187 2368 1258 Χριστός
2390 1207 2402 1220 ·
2433 1189 2527 1242 καὶ
2555 1189 2688 1242 καθὸ
2717 1189 2862 1259 χρὶει
2915 1189 2973 1241 τὸ
3032 1189 3272 1256 Πνεῦμα·
3294 1189 3387 1242 τὸν
3442 1190 3710 1259 Χριστὸν,

2131 1277 2347 1345 λέγεται
2401 1279 2925 1352 ΠνεῦμαΧριστοῦ.
2982 1281 3053 1334 Σὺ
3112 1279 3418 1347 δὲ’λὲγεις·
3479 1281 3722 1350 Ἐπειδὴ·

2131 1369 2350 1436 λέγεται
2388 1370 2607 1440 Πνεῦμα
2641 1371 2902 1441 Χριστοῦ,
2936 1373 3155 1433 παντως
3205 1371 3300 1423 καὶ
3341 1371 3715 1444 ἐκπορεύεται

2137 1461 2196 1526 ἐξ
2226 1459 2413 1515 αὑτοῦ.
2447 1461 2663 1516 Οὐκοῦν
2693 1462 2753 1516 τὸ
2809 1461 3034 1532 Πνεῦμα
3073 1461 3169 1514 τοῦ
3204 1462 3444 1532 Χριστοῦ
3479 1464 3540 1517 οὐ
3565 1464 3720 1517 καθὸ

2131 1553 2264 1616 Θεὸς
2290 1553 2346 1619 ἐξ
2378 1553 2544 1608 αὐτοῦ
2576 1552 2990 1622 προελεύσεται,
3027 1553 3164 1606 ἀλλὰ
3214 1553 3350 1606 καθὸ
3385 1553 3704 1623 ἄνθρωπος.

2133 1647 2228 1699 καὶ
2279 1647 2377 1698 οὐκ
2417 1645 2512 1700 ἀπ’
2565 1647 2741 1716 ἀρχῆς
2785 1646 2880 1699 καὶ
2936 1645 3043 1716 πρὸ
3084 1645 3296 1699 αἰώνων
3330 1646 3424 1701 καὶ
3473 1645 3590 1714 ἅμα
3627 1649 3715 1716 τῷ

2136 1739 2313 1806 Πατρὶ
2341 1737 2600 1805 ούσιώθη,
2638 1737 2777 1790 ἀλλὰ
2805 1737 3126 1807 τηνικαῦτα,
3157 1737 3444 1807 ἡνίκα-καὶ
3483 1738 3546 1792 τὸ
3598 1741 3708 1793 ἁν-

2063 1797 2106 1860 B
2139 1797 2412 1900 θρώπινον
2448 1797 2820 1899 προσελάϐετο
2859 1797 3088 1899 ίρύραμα
3173 1797 3323 1894 Ῠίός.

2219 1921 2320 1986 ιιδν.
2377 1920 2700 1989 Ἐπίστησον
2733 1920 2824 1973 τὸν
2851 1920 2974 1972 νοῦν
3002 1921 3097 1973 καὶ
3135 1921 3410 1991 ἀνάνηῲον
3435 1921 3534 1992 τῆς
3565 1924 3720 1976 πλα-

2142 2028 2236 2081 νης
2261 2011 2361 2078 (2),
2417 2011 2694 2080 ἄνθρωπε,
2737 2011 2871 2080 μηδέ
2923 2011 3021 2080 τὴν
3051 2015 3250 2064 σαυτοῦ
3282 2014 3495 2084 πληγὴν
3522 2016 3615 2068 καὶ
3647 2017 3720 2068 τὸ

2138 2100 2359 2171 τραῦμα
2407 2103 2588 2153 πᾶσαν
2629 2100 2904 2172 ἐπιδείξῃς
2936 2100 3236 2171 θεραπείαν
3276 2104 3598 2175 ἐλέγχονται
3635 2108 3749 2161 Τὸ-

2141 2191 2378 2260 Πνεῦμα·
2399 2190 2764 2259 δοξολογεῖται
2802 2191 2893 2242 τοῦ
2935 2191 3195 2259 Χριστοῦ,
3249 2191 3385 2246 διότι
3439 2197 3580 2267 χρίει
3613 2201 3721 2250 αὑ-

2139 2283 2252 2335 τόν·
2287 2284 2314 2334 ὁ
2347 2283 2403 2334 δὲ
2438 2281 2658 2348 σὸς,τῆς
2693 2281 2970 2343 ἀπωλείας
2999 2282 3158 2352 νόμος
3223 2286 3554 2354 προστάττει
3617 2289 3715 2339 λέ-

2139 2391 2279 2442 γειν,
2309 2373 2442 2425 διότι
2497 2373 2864 2440 ἐκπορεύεται
2907 2371 3073 2424 αὑτοῦ
3095 2389 3108 2403 ·
3141 2374 3499 2443 ἐκπορεύεται
3525 2375 3580 2428 δὲ
3611 2377 3715 2428 τοῦ

2139 2464 2404 2535 Χριστοῦ,
2436 2464 2511 2526 ὠς
2543 2469 2568 2516 ὀ
2604 2464 2758 2526 λόγος
2785 2463 2950 2526 ἔδειξε
2985 2465 3070 2514 διὰ
3104 2463 3200 2532 τῆς
3234 2465 3332 2532 σῆς
3361 2465 3519 2536 δόξης
3550 2467 3716 2537 βαδὶι

2140 2557 2269 2622 ζων,
2306 2556 2367 2608 ού
2401 2555 2535 2607 καθὸ
2574 2554 2703 2616 Θεὸς
2737 2555 2764 2605 ὁ
2797 2553 3050 2625 Χριστὸς,
3077 2555 3211 2607 ἀλλὰ
3240 2556 3374 2608 καθὸ
3402 2557 3461 2608 τὸ
3505 2559 3716 2626 ἡμέτε-

2143 2665 2234 2719 ρον
2270 2646 2639 2718 προσελάϐετο
2667 2645 2917 2715 φύραμα.
2945 2647 3007 2698 Et
3033 2643 3125 2699 οῦν
3156 2647 3292 2701 καθὸ
3316 2649 3410 2701 τοῦ
3438 2651 3714 2720 ἡμετέρου

2144 2739 2375 2808 μετέσχε
2415 2739 2758 2809 φυράματος,
2815 2739 2956 2790 κατὰ
3003 2738 3170 2791 τοῦτο·
3223 2739 3586 2809 ἐκπορεύεται
3647 2745 3712 2794 τὸ

2140 2831 2366 2901 Πνεῦμα
2394 2831 2488 2884 τοῦ
2516 2830 2774 2903 Χριστοῦ,
2797 2831 3154 2900 ἐκπορεύεται
3177 2831 3234 2883 δὲ
3260 2831 3425 2885 πάλιν
3478 2833 3571 2886 καὶ
3607 2833 3708 2888 τοῦ

2140 2924 2270 2977 Υἱοῦ
2305 2923 2440 2976 καθὸ
2464 2922 2598 2986 Θεὸς
2624 2911 2741 2994 (τῆς
2776 2922 3016 2992 σῆςγὰρ
3037 2922 3228 2976 ταῦτα·
3247 2923 3348 2993 τῆς
3379 2925 3710 2994 νομοθεσίας

2139 3016 2207 3069 τὰ
2238 3014 2682 3086 προστάγματα),
2717 3015 3002 3084 δμοούσιος
3037 3014 3102 3068 ἂν
3135 3016 3168 3085 ἡ
3195 3015 3514 3086 ἀνθρωπίνη
3543 3017 3711 3086 φύσις

2139 3111 2202 3178 τῇ
2241 3107 2452 3176 θεότητι
2484 3105 2856 3172 συλλογισθείη
2879 3142 2894 3165 ,
2927 3105 3090 3174 εἴπερ
3126 3105 3187 3156 τὸ
3244 3104 3709 3176 Πνεῦμαηὸμοού-

2146 3217 2258 3252 σιον
2289 3197 2382 3251 τοῦ
2413 3196 2540 3248 Υἰοῦ
2578 3197 2673 3248 καί
2697 3212 2762 3262 γε
2791 3195 2856 3264 δὴ
2881 3193 2977 3247 τοῦ
3009 3194 3269 3264 Χριστοῦ·
3307 3197 3711 3268 ἐκπορεύεσθαι

2145 3291 2244 3360 μὲν
2275 3289 2382 3358 γὰρ
2438 3290 2612 3351 ποιεῖς
2652 3287 2783 3340 αὐτὸ
2813 3287 2907 3338 καὶ
2937 3287 3045 3357 πρὸ
3074 3287 3172 3355 τῆς
3224 3287 3560 3358 σαρκώσεως
3611 3291 3711 3342 καὶ

2148 3383 2290 3451 μετὰ
2319 3383 2419 3451 τὴν
2453 3381 2752 3452 σάρκωσιν,
2788 3379 2848 3433 τὸ
2877 3380 2934 3432 δὲ
2974 3379 3258 3449 ἐμοούσιον
3287 3379 3442 3434 οὔπω
3494 3386 3706 3452 περιεί-

2141 3472 2252 3536 λες.
2313 3474 2376 3526 Et
2433 3469 2528 3525 οῦν
2578 3473 2868 3541 ὀμοούσιον
2924 3473 3025 3540 μὲν
3055 3472 3114 3524 τὸ
3169 3471 3393 3541 Πνεῦμα
3421 3471 3517 3525 τοῦ
3547 3473 3704 3537 Υίοῦ,

2141 3564 2424 3631 ὁμοούσιον
2459 3564 2514 3616 δὲ
2547 3565 2644 3616 καὶ
2679 3566 2744 3634 τῇ
2777 3562 3189 3633 προσληφθείσῃ
3229 3562 3389 3631 φύσει
3426 3565 3509 3632 (ἐξ
3535 3565 3708 3634 αὐτῆς

2144 3659 2256 3724 γὰρ
2291 3655 2424 3710 αὐτὸ
2453 3654 2704 3718 κελεύεις
2759 3654 3199 3725 ἐκπορεύεσθαι),
3253 3653 3362 3723 εἴη.
3391 3653 3458 3708 ἂν
3491 3655 3712 3719 ἀλύτοις

2141 3746 2322 3816 λόγοις
2346 3746 2676 3811 ἀποδείξεων
2712 3744 3000 3812 ὁμοούσιος
3042 3744 3138 3795 καὶ
3169 3744 3201 3813 ή
3237 3745 3300 3796 ἐν
3364 3742 3445 3814 τῷ
3485 3746 3724 3816 Χριστῷ.

2145 3840 2336 3910 θεότης
2373 3841 2534 3910 τῇέν
2565 3837 2715 3907 αὐτῷ
2745 3837 3146 3908 ἀνθρωπότητι.
3187 3835 3292 3886 Ἐὦ
3332 3835 3390 3887 δὲ
3437 3835 3532 3890 νῦν
3561 3854 3715 3908 παρ-

2142 3931 2380 3984 ιστάνειν
2401 3969 2417 3996 ,
2446 3930 2523 3993 ὡς
2551 3932 2664 4000 ,καὶ
2701 3929 2967 3984 κατὰ-τοῦ
3002 3927 3218 3997 Πατρὸς
3245 3927 3308 3979 τὸ
3341 3925 3433 3981 σὸν
3481 3930 3712 3996 συνάγει

2141 4022 2318 4092 δόγμα
2346 4023 2433 4076 διὰ
2453 4023 2553 4092 τῆς
2575 4023 2746 4093 αὐτῆς
2770 4022 2880 4074 τῶν
2899 4020 3075 4089 λόγων
3103 4018 3338 4088 θεωρίας
3360 4019 3426 4073 τὸ
3448 4024 3546 4091 τῆς
3572 4039 3714 4092 σαρ-

2143 4113 2239 4177 κὸς
2278 4113 2588 4184 ὁμοούσιονο
2621 4114 2720 4167 καὶ
2756 4112 2809 4166 τί
2841 4113 2908 4167 ἂν
2945 4111 3032 4184 εἴη
3058 4112 3160 4181 τῆς
3189 4111 3448 4175 ἀσεδείας
3475 4112 3713 4168 ἀθεώτε-

2147 4222 2240 4276 ρον
2273 4207 2306 4276 ῆ
2338 4206 2438 4274 τῆς
2475 4205 3079 4276 πλάνηςάθλιώτερονς

2217 4300 2318 4363 ιιιε’.
2355 4297 2426 4349 Σὺ
2456 4296 2512 4349 δὲ
2542 4295 2697 4350 οὔπω
2727 4295 2907 4367 βούλει
2933 4298 3184 4365 συνιδεῖν,
3217 4300 3296 4362 είς
3316 4299 3461 4362 οἴους
3488 4315 3548 4352 σε
3573 4315 3709 4368 κρη-

2144 4387 2314 4456 μνοὺς
2357 4387 2454 4439 καὶ
2487 4386 2738 4456 βάραθρα
2778 4387 3020 4456 ψυχικῆς
3068 4387 3370 4459 διαφθορᾶς
3407 4389 3706 4460 ἐναπορῤί-

475 4475 720 4528 rathrum
779 4475 1027 4546 projiciat
1095 4493 1160 4533 ac
1210 4481 1432 4547 sepeliat
1480 4482 1725 4551 improba
1775 4483 1893 4539 hinc
1937 4500 2037 4540 vo-

2143 4495 2268 4531 πτει
2303 4478 2401 4532 καὶ
2457 4479 2779 4549 κατορύττει
2807 4480 2868 4533 τὸ
2911 4479 2985 4550 μὴ
3048 4478 3337 4549 βούλεσθαί
3386 4497 3446 4534 σε
3489 4481 3708 4552 Χριστῷ

475 4567 694 4632 luntas,
761 4583 867 4637 qua
938 4570 1126 4624 renuis
1176 4571 1396 4628 Christo
1464 4574 1695 4643 ejusque
1758 4575 2044 4647 discipulis

473 4658 893 4727 obtemperare,
939 4663 1177 4730 synodos
1228 4666 1599 4720 meumenicas
1667 4668 1842 4736 sequi,
1885 4683 2042 4738 argu-

476 4751 790 4817 mentisque
843 4765 907 4804 ac
956 4753 1270 4808 rationibus
1333 4770 1364 4808 e
1437 4756 1608 4811 sacris
1655 4758 1901 4827 Eloquiis
1950 4759 2045 4811 de-

479 4839 663 4893 ductis
702 4840 946 4896 animum
978 4844 1331 4914 impendere,
1369 4847 1463 4900 sed
1517 4861 1744 4902 accusas
1793 4857 2044 4901 commu-

477 4944 603 4983 nem
657 4929 948 4987 Dominum
980 4972 996 4998 ,
1049 4934 1300 4990 mentiris
1349 4935 1406 4989 in
1467 4936 1727 4990 eximium
1772 4935 2042 5002 Paulum,

475 5022 717 5094 insurgis
760 5025 814 5079 in
869 5027 1236 5081 cecumenicas
1281 5033 1337 5081 et
1385 5035 1608 5084 sanctas
1645 5028 1922 5100 synodos,
1953 5044 2046 5084 ca-

475 5113 763 5172 lumniaris
797 5117 986 5174 Patres
1031 5128 1263 5188 tuosque
1313 5118 1631 5188 Pontiﬁces,
1672 5136 1736 5174 ac
1778 5119 1967 5175 Patres
2013 5135 2045 5174 a

475 5219 605 5260 vero
635 5204 858 5260 Patrum
894 5222 1057 5262 sensu
1081 5208 1374 5265 eliminatis
1401 5210 1504 5280 (i),
1536 5211 1589 5266 in
1623 5213 1820 5266 malam
1854 5228 2045 5266 aman-

477 5298 576 5352 das
601 5313 844 5362 crucem,
876 5307 930 5352 et
958 5299 1024 5354 ad
1059 5300 1288 5358 rationis
1319 5305 1821 5374 argumentationes
1848 5305 2046 5360 obsur-

476 5393 690 5458 descis;
743 5400 799 5446 et
853 5395 1036 5448 omnia
1063 5393 1174 5463 jam
1222 5395 1498 5452 devorasti
1543 5398 1837 5468 pharmaca
1923 5411 2046 5453 oua:

549 5542 624 5613 (Ι)
680 5545 774 5600 Sic
809 5544 971 5601 Catii.
1022 5547 1156 5603 Cum
1213 5564 1343 5604 vero
1395 5549 1536 5604 desit
1584 5547 1692 5600 τῶν
1723 5547 1880 5601 artic.
1921 5558 2047 5603 ante

477 5613 549 5687 ξῖθν
582 5615 816 5687 ἀληθῶς,
851 5626 904 5669 et
941 5618 1054 5671 haec
1084 5619 1148 5672 ad
1191 5620 1366 5687 priora
1393 5635 1442 5673 c.
1479 5619 1542 5673 8i
1592 5618 1902 5682 respiciant,
1935 5634 2047 5670 me-

483 5682 588 5736 lius
640 5682 870 5739 furtasse
927 5690 1116 5744 reddes
1150 5682 1383 5743 :i’atrcs
1424 5704 1485 5742 ac
1529 5689 1812 5742 Pontiﬁces
1841 5698 1961 5739 tuos
1995 5697 2048 5741 et

485 5748 673 5806 Patres
736 5770 919 5810 revera
974 5757 1193 5813 Patrum
1243 5775 1270 5813 a
1339 5759 1664 5828 cogitatione
1703 5757 1840 5827 (tua)
1871 5757 2044 5811 elimi-

2147 4569 2282 4640 μηδὲ
2308 4572 2422 4634 τοῖς
2481 4570 2647 4623 αὐτοῦ
2707 4570 2980 4641 μαθηταῖς
3029 4572 3338 4639 πείθεσθαι,
3400 4573 3539 4643 μηδέ
3589 4573 3708 4633 ταῖς

2143 4662 2547 4728 οἱκουμενικαίς
2610 4661 2840 4714 ἕπεσθαι
2894 4662 3158 4727 συνόδοις,
3220 4663 3356 4733 μηδέ
3418 4663 3558 4734 πρὸς
3613 4666 3709 4724 τὰς

2144 4749 2370 4817 λογικὰς
2407 4749 2630 4817 ἐφόδους
2657 4750 2748 4802 καὶ
2777 4750 2946 4814 αὐτὰς
2973 4750 3062 4804 διὰ
3083 4750 3193 4803 τῶν
3223 4751 3388 4820 ίερῶν
3416 4749 3709 4819 προϊούσαις

2145 4838 2342 4906 λογίων
2394 4839 2660 4909 μηδαμῶς
2687 4842 2780 4892 τὸν
2813 4841 2938 4894 νοῦν
2969 4842 3346 4909 ἐπιστρέφειν·
3380 4839 3517 4894 ἀλλὰ
3547 4857 3712 4908 κατη-

2145 4931 2330 5000 γορεῖς
2393 4930 2493 4999 μὲν
2531 4929 2624 4982 τοῦ
2692 4930 2872 4983 κοινοῦ
2924 4931 3222 4998 Δεσπότου,
3280 4931 3599 5002 καταψεύδῃ
3657 4931 3710 4981 δὲ

2145 5019 2240 5074 τοῦ
2271 5021 2520 5089 γενναίου
2554 5020 2794 5087 Παύλου,
2821 5023 3282 5088 κατεξανίστασαι
3311 5024 3367 5076 δὲ
3397 5025 3506 5077 τῶν
3532 5025 3707 5076 οἰκουο

2149 5111 2388 5181 μενικῶν
2417 5111 2512 5165 καὶ
2541 5111 2716 5179 ἁγίων
2757 5113 3010 5178 συνόδων,
3037 5113 3320 5186 διασύρεις
3363 5113 3421 5167 δέ
3465 5115 3706 5184 Πατέρας

2144 5203 2221 5267 ὡς
2259 5203 2476 5269 ἀληθῶς
2530 5204 2786 5276 Πατέρων
2815 5205 2916 5276 τῆς
2959 5206 3202 5270 διανοίας
3229 5207 3628 5276 ἐξοστρακίζων
3657 5209 3702 5263 ἐς

2147 5297 2386 5365 κόρακας
2409 5297 2481 5367 (5)
2509 5296 2888 5366 ἀποπέμπεις,
2926 5301 3021 5352 καὶ
3057 5299 3194 5366 πρὸς
3219 5299 3320 5361 τὰς
3343 5297 3573 5366 λογικὰς
3602 5314 3699 5347 κω-

2147 5387 2334 5458 φεύεις
2368 5386 2606 5464 θεωρίας
2636 5403 2651 5419 ·
2705 5389 2798 5442 καὶ
2837 5390 3018 5446 πάντα
3057 5407 3140 5444 σοι
3172 5391 3448 5461 κατεπόθη
3507 5389 3575 5443 τὰ
3609 5405 3695 5440 σω-

2147 5564 2308 5605 nans.

2224 5619 2300 5688 (9.)
2329 5617 2518 5683 Laur.,
2547 5617 2644 5685 τῆς
2677 5616 2865 5688 μέθης.

2218 5687 2293 5759 (5)
2329 5689 2422 5753 Εἰς
2463 5705 2582 5758 κορ.
2619 5689 2781 5743 Laur.
2801 5687 2870 5742 ut
2894 5687 3006 5742 Pal.
