4042 6398
485 343 595 407 863

1542 347 1752 409 JOAN.
1790 344 2005 407 VECCI
2041 346 2152 409 ΕΡ.
2196 347 2712 409 ΡΑΤΗΙΑΗΟΗΕ

3611 352 3707 415 8ιῆ
3780 372 3787 389 ι

485 459 719 513 audiens
764 458 908 513 haud
960 457 1131 526 sciat,
1171 460 1227 514 in
1277 474 1388 530 quo
1436 459 1579 516 Deus
1614 462 1876 531 patiatur,
1911 460 2053 516 haud

2172 462 2495 532 ἡσκημένος,
2532 463 2589 526 ὃς
2652 461 2825 525 πάθος
2858 462 3053 516 ἀκούει
3082 462 3216 516 Θεοῦ
3251 462 3346 516 καὶ
3375 463 3471 517 οὐκ
3503 458 3630 518 οἶδεν
3659 471 3719 519 ἐν’

486 549 629 602 sciat
679 563 806 603 eum
864 564 1083 618 passum
1125 551 1178 604 iu
1228 564 1392 604 carne
1421 559 1475 605 et
1527 552 1580 605 lu
1635 562 1912 621 assumpta
1961 567 2062 606 na-

490 648 605 691 tura
630 655 647 703 ;
677 648 731 692 et
766 656 872 692 non
920 650 1000 695 est
1036 640 1127 709 qui
1178 640 1460 696 Christum
1507 641 1615 697 diei
1650 643 1879 698 audiens
1929 658 2064 713 pue-

488 746 608 783 rum
639 740 763 784 ante
787 734 987 786 su‘cula
1027 733 1377 788 exsistentem
1428 736 1569 789 haud
1635 737 1814 800 sciat,
1869 735 1924 789 in
1953 750 2065 806 quo

489 837 622 888 puer
650 823 721 875 sit
750 832 875 875 ante
923 824 1147 888 saecula,
1179 825 1432 880 videlicet
1481 828 1534 881 in
1568 827 1884 882 Divinitatis
1919 843 2066 883 sem-

488 911 801 977 piteruitate
827 912 928 982 (α).
970 911 1027 968 Si
1060 915 1244 984 itaque
1271 916 1384 970 veri
1424 917 1681 972 catholici
1728 933 2066 986 quaecunque

487 1001 743 1055 dicuntur
761 1003 827 1056 de
841 1002 1079 1067 Christo,
1105 1021 1345 1076 congrue
1367 1008 1433 1062 ad
1457 1019 1743 1076 utramque
1765 1009 1935 1077 ipsius
1961 1024 2066 1062 na-

486 1102 664 1146 turam
690 1092 959 1161 accipiant
979 1105 1208 1163 oportet.
1235 1097 1369 1151 nihil
1388 1098 1611 1152 omnino
1629 1097 1829 1164 dill'ert,
1854 1114 1920 1152 an
1947 1096 2069 1167 Spi-

486 1181 651 1235 ritum
676 1182 793 1237 Filii
812 1185 1161 1252 dicamus,an
1181 1185 1439 1256 Spiritum
1462 1189 1684 1253 Christi;
1704 1198 1755 1243 et
1771 1189 1823 1242 in
1849 1204 2067 1243 cassum

489 1288 771 1342 perperam
825 1284 880 1328 tu
915 1278 1217 1342 concludis,
1244 1280 1535 1347 procedere
1558 1294 1587 1333 a
1626 1280 1846 1334 Christo
1895 1279 2065 1348 Spiri-

489 1373 630 1430 tum,
657 1368 711 1420 in
734 1376 997 1436 quantum
1029 1378 1231 1425 nostra:
1260 1372 1441 1427 carnis
1472 1381 1556 1427 est
1577 1373 1842 1442 particeps
1867 1372 2066 1437 factus,

489 1469 538 1509 et
573 1458 638 1510 ad
662 1458 856 1513 animm
879 1470 983 1515 tuae
1006 1471 1316 1529 perpetuam
1341 1463 1745 1518 damnationem
1767 1464 2072 1519 ratiocina-

490 1550 589 1614 τῖε,
608 1550 903 1605 humanam
924 1562 1171 1607 naturam
1195 1555 1461 1610 divinitati
1488 1554 1604 1611 fore
1623 1556 2068 1612 consubstantia-

492 1640 619 1693 lem.
660 1639 847 1710 Neque
873 1644 1019 1697 enim
1053 1644 1385 1701 ineluctabili
1424 1648 1697 1702 rationum
1751 1649 1801 1701 vi
1834 1665 1897 1704 ac
1930 1664 2069 1718 pon-

491 1733 620 1786 dere
651 1748 712 1787 ea
747 1750 867 1804 quae
911 1736 963 1788 in
1014 1737 1236 1792 Christo
1266 1745 1347 1792 est
1385 1739 1648 1794 divinitas
1696 1741 2070 1795 consubstan-

492 1824 638 1879 tialis
667 1831 908 1894 fquoque
954 1826 1059 1880 erit
1090 1827 1177 1891 ei,
1232 1844 1351 1897 quae
1403 1828 1457 1883 in
1501 1829 1619 1898 ipso
1668 1841 1771 1893 est,
1812 1831 2069 1884 humani-

494 1915 619 1977 tati,
661 1931 838 1984 neque
871 1917 924 1970 iu
956 1916 1171 1971 Patrem
1200 1918 1736 1973 consubstantialitas
1759 1935 1881 1973 cum
1904 1934 2073 1973 carne

498 2004 546 2056 vi
581 2006 951 2061 conclusionis
985 2008 1182 2076 cadet}.
1214 2010 1513 2063 secundum
1550 2011 1841 2078 impietatis
1880 2024 2073 2066 exces-

492 2113 614 2152 sum
644 2116 658 2162 ;
693 2114 886 2152 verum
938 2115 1057 2166 quae
1104 2108 1189 2152 est
1239 2101 1291 2152 in
1344 2100 1564 2154 Christo
1608 2102 1781 2154 deitas
1835 2092 2073 2155 Patri-vl.

498 2190 727 2260 Spiritui
758 2190 1249 2247 cousubstantialis
1276 2192 1381 2246 erit
1413 2201 1473 2245 ut
1508 2193 1662 2246 Verbi
1713 2193 1888 2247 deitas
1923 2208 2072 2248 sem-

502 2282 716 2351 piterna
748 2321 761 2344 ,
798 2291 849 2336 et
882 2298 1003 2351 qua:
1036 2283 1090 2336 in
1143 2282 1260 2352 ipso
1292 2284 1605 2339 humanitas
1634 2324 1651 2347 ,
1702 2285 2071 2339 consubstan-

495 2373 641 2426 tialis
679 2372 782 2427 erit
824 2371 984 2426 Matri
1022 2383 1081 2428 ut
1113 2389 1276 2429 verus
1308 2374 1427 2441 ejus
1463 2375 1673 2443 absque
1706 2376 1916 2429 semine
1944 2390 2076 2429 con-

495 2473 688 2530 ceptus
722 2463 867 2517 fetus
900 2464 1397 2534 immaculatusque
1432 2467 1552 2534 ejus
1598 2466 1915 2519 substantia:
1945 2480 2072 2534 par-

495 2570 605 2609 tus.
640 2553 720 2608 Tu
759 2566 940 2609 autem
971 2597 984 2620 ,
1041 2556 1134 2625 qui
1189 2557 1485 2626 plurimum
1529 2556 1733 2610 Christi
1774 2556 2075 2610 Ecclesiam

499 2647 806 2712 pertubasti
857 2656 912 2701 et
957 2648 1171 2702 duobus
1221 2648 1437 2718 magnis
1487 2648 1741 2716 pOpulis,
1774 2648 1869 2715 qui
1912 2646 2077 2701 ambo

496 2736 680 2805 pietati
733 2746 863 2790 sunt
914 2737 1124 2801 dediti,
1174 2738 1496 2791 diuturnum
1547 2740 1731 2791 odium
1778 2737 2074 2803 suscitasti,

509 2826 697 2880 nescio
734 2843 897 2895 quam
930 2828 1139 2881 veniam
1172 2838 1571 2882 consecuturus
1603 2827 1680 2881 sis
1711 2829 1763 2881 in
1795 2829 2078 2882 tremendo

498 2916 591 2971 illo
624 2934 1018 2991 nunquamque
1068 2918 1310 2972 fallendo
1342 2918 1575 2987 judicio.
1625 2918 1812 2988 Neque
1845 2918 1990 2973 enim
2028 2927 2080 2974 te

495 3019 548 3063 at
581 3024 684 3062 nos
721 3009 920 3063 acerbe
951 3008 1445 3064 condemnabimus
1470 3051 1485 3072 ,
1523 3019 1582 3064 ut
1614 3020 1668 3063 ttt
1724 3019 1920 3078 magna
1953 3024 2076 3062 cum

502 3098 826 3152 conﬁdentia
883 3098 1041 3168 quasi
1132 3108 1455 3167 potestatem
1528 3109 1723 3154 nactus
1802 3099 2080 3154 Romanos

496 3190 822 3245 damnavisti
870 3229 886 3257 ,
952 3190 1008 3244 in
1073 3190 1309 3261 praedam
1366 3190 1635 3262 proiectos
1711 3206 1775 3246 ac
1835 3191 2065 3249 traditos

496 3286 784 3357 mugienti.

568 3418 646 3497 (ᾳ)
697 3415 986 3497 Prmclarg
1039 3419 1281 3497 ς’ἰεὶιὶιιει.Δ
1322 3423 1488 3497 L._Il
1561 3433 1746 3497 contra
1793 3425 2077 3497 Eutycb.:

506 3507 525 3563 ς
575 3489 754 3563 Unus
782 3500 867 3544 est
926 3491 1199 3563 Christus,
1236 3494 1374 3547 idem
1410 3495 1574 3559 Deus,
1603 3496 1740 3549 ida-m
1765 3512 1850 3563 me
1881 3489 2063 3557 homo,

502 3558 712 3634 habens
743 3560 795 3634 in
828 3561 1007 3634 verbis
1041 3573 1093 3616 et
1124 3558 1296 3628 gestis
1331 3581 1522 3629 unum,
1563 3558 1723 3634 quod
1766 3558 2083 3618 immanita-

501 3633 612 3695 tis;
647 3631 812 3705 aliud,
865 3633 1013 3705 quod
1074 3648 1306 3701 propnat
1350 3631 1652 3690 divinitatis
1692 3635 1811 3705 ejus
1876 3648 2081 3689 natura:

499 3701 808 3766 conveniat,
865 3702 990 3757 licet
1055 3713 1351 3772 utrumque
1401 3705 1562 3759 simul
1619 3706 1684 3757 ad
1721 3701 1911 3759 'unam
1965 3706 2084 3773 ejus

501 3785 788 3837 personam
822 3773 1112 3843 pertineat.
1146 3773 1302 3839 Quod
1364 3775 1568 3830 dictum
1627 3785 1711 3830 est
1748 3793 1761 3830 :
1792 3773 1859 3827 Ιοη
1890 3776 2091 3844 princi-

506 3935 834 3953 h-

1693 4078 1996 4194 ΤΟΥ
2066 4072 2565 4190 ΑΥΤΟΥ

2163 552 2269 606 τίνι
2308 552 2509 622 πάσχει
2534 552 2691 617 Θεὸς,
2722 554 2803 606 ὅτι
2843 554 2901 606 ὲν
2926 555 2991 623 τῇ
3023 553 3188 624 σαρκί
3217 571 3275 606 τε
3308 556 3402 607 καὶ
3429 554 3513 626 τῷ·
3556 572 3710 625 προσ-

2163 644 2453 713 λήμματι·
2505 646 2596 697 καὶ
2648 646 2749 698 οὐκ
2797 644 2946 698 ἐστιν
2997 645 3059 708 ὃς
3101 646 3192 697 τὸν
3238 642 3466 717 Χριστὸν
3517 647 3710 700 παιδίον

2164 736 2350 787 ἀκούει
2388 735 2715 805 προαιώνιον
2751 738 2846 789 καὶ
2906 738 3009 790 οὐκ
3043 733 3208 801 οἶδεν,
3248 739 3304 790 ὲν
3340 737 3447 790 τίνι
3498 738 3713 808 προαιὼ-

2164 840 2276 877 νιον
2313 825 2374 878 τὸ
2400 826 2614 879 παιδίον
2662 828 2845 891 Eat-tv,”
2865 827 2948 881 ὅτι
2978 828 3035 881 ὲν
3063 830 3125 897 τῇ
3159 829 3255 897 τῆς
3285 827 3531 894 θεότητος
3566 829 3716 881 ἀΐδιό-

2164 934 2288 986 τητι
2308 934 2322 948 ⁸
2372 918 2420 970 εί
2470 917 2603 985 γοῦν
2636 918 2867 972 ἕκαστον
2901 919 3009 972 τῶν
3036 918 3131 971 ἐπὶ
3163 918 3399 989 Χριστοῦ
3429 919 3715 987 λεγομένων

2165 1009 2519 1077 καταλλήλως
2552 1009 2760 1080 ἑκάστη
2788 1011 2896 1065 τῶν
2926 1009 3094 1064 αὐτοῦ
3126 1010 3343 1078 φύσεων
3373 1012 3718 1081 ὲκλαμδάνειν

2165 1102 2257 1154 τὸν
2309 1101 2507 1170 εὐσεϐῆ
2558 1104 2688 1171 χρὴ,
2724 1102 2878 1155 οὐδέν
2923 1120 2976 1155 τι
3028 1103 3282 1174 διαφέρει
3329 1103 3550 1173 Πνεῦμα
3599 1103 3718 1157 Υίοῦ

2166 1190 2349 1256 λέγειν
2399 1191 2495 1244 καὶ
2542 1191 2767 1261 Πνεῦμα
2796 1190 3057 1261 Χριστοῦ,
3093 1192 3192 1245 καὶ
3228 1192 3406 1262 μάτην
3454 1192 3639 1262 σοφίζη
3665 1194 3719 1245 τὸ

2167 1278 2352 1332 λοιπὸν
2395 1281 2482 1345 σὺ,
2514 1280 2911 1349 ἐκπορεύεσθαι
2957 1279 3051 1335 τοῦ
3092 1280 3330 1351 Χριστοῦ
3386 1280 3446 1334 τὸ
3492 1280 3719 1350 Πνεῦμα.

2168 1369 2306 1421 καθὸ
2336 1369 2435 1422 τοῦ
2466 1369 2734 1441 ἡμετέρου
2774 1371 2942 1435 αὐτὸς
2976 1371 3214 1442 μετέσχε
3245 1370 3587 1440 φυράματος,
3640 1370 3723 1422 καὶ

2168 1462 2247 1520 εἰς
2295 1462 2618 1533 κατάκριμα
2666 1466 2766 1533 τῆς
2807 1464 2906 1533 σῆς
2941 1461 3124 1532 ψυχῆς
3176 1461 3490 1524 διαιωνίξον
3540 1460 3599 1515 τδ
3635 1460 3725 1528 τῆς

2168 1553 2519 1624 ἀνθρωπίνης
2572 1554 2789 1623 φύσεως
2833 1554 3121 1624 ὁμοούσιον
3164 1556 3231 1624 τῇ
3290 1553 3507 1624 θεότητι
3554 1553 3726 1607 συλλο-

2169 1642 2299 1715 γίζῃ
2325 1660 2339 1674 °
2392 1644 2513 1698 οὐδὲ
2542 1643 2653 1713 γὰρ
2713 1643 2931 1707 ἀλύτοις
2971 1644 3150 1712 λόγοις
3180 1642 3509 1709 ἀποδείξεων
3549 1641 3728 1711 ὁμοσύ-

2172 1753 2287 1798 σιος
2313 1736 2407 1789 καὶ
2444 1736 2477 1805 ἡ
2511 1736 2569 1789 ὲν
2600 1734 2679 1804 τῷ
2704 1735 2926 1805 Χριστῷ
2959 1734 3153 1806 θεότης
3181 1738 3246 1805 τῇ
3274 1737 3334 1790 ὲν
3358 1733 3507 1805 αὐτῷ
3538 1733 3729 1806 ἀνθρω-

2175 1826 2369 1896 πότητι
2413 1826 2589 1888 ἔσται,
2636 1826 2746 1879 οὐδ’
2773 1828 2856 1889 εἰς
2899 1826 2992 1879 τὸν
3045 1826 3266 1897 Πατέρα
3316 1827 3378 1880 τὸ
3422 1826 3520 1896 τῆς
3548 1824 3731 1894 σαρκὸς

2178 1916 2579 1986 συναχθήσεται
2627 1916 2914 1986 ὁμοούσιον
2957 1916 3080 1970 καθ’
3113 1917 3424 1989 ὑπερϐολὴν
3473 1916 3728 1977 ἀσεϐείας·

2176 2007 2290 2061 ἀλλ’
2320 2008 2353 2077 ἡ
2386 2008 2486 2076 μὲν
2519 2008 2575 2058 έν
2608 2006 2830 2076 Χριστῷ
2876 2007 3069 2076 θεότης
3118 2007 3303 2078 Πατρὶ
3335 2009 3431 2063 καὶ
3477 2006 3733 2077 Πνεῦματι

2174 2099 2459 2169 ὁμοούσιος
2489 2097 2664 2162 ἔσται,
2689 2098 2765 2162 ὡς
2789 2099 2967 2166 Λόγου
3006 2099 3180 2153 ἀϊδίου
3208 2098 3404 2168 θεότης
3440 2099 3621 2163 ἀΐδιος,
3649 2098 3731 2152 καὶ

2178 2193 2211 2260 ἡ
2246 2194 2305 2243 ὲν
2355 2190 2505 2259 αὐτῷ
2554 2190 2911 2261 ἀνθρωπότης
2949 2192 3014 2261 τῇ
3048 2190 3217 2260 μητρὶ
3255 2189 3540 2259 ὁμοούσιος
3572 2188 3728 2254 ἔσται,

2175 2280 2251 2344 ὡς
2286 2279 2538 2351 ἀληθινὸν
2563 2280 2731 2350 αὐτῆς
2761 2280 3000 2351 ἄσπορον
3029 2281 3283 2349 γέννημα
3317 2280 3411 2334 καὶ
3438 2281 3534 2350 τῆς
3562 2279 3728 2340 οὐσίας

2177 2372 2347 2442 αὐτῆς
2375 2372 2646 2441 ἄχραντον
2679 2371 3028 2440 κυοφόρημα.
3060 2372 3131 2424 Σὺ
3170 2371 3231 2424 δὲ
3286 2371 3460 2424 πολλὰ
3487 2371 3730 2437 διακυκῃ-

2180 2463 2416 2533 σάμενος
2443 2462 2543 2533 τὴν
2573 2460 2667 2515 τοῦ
2703 2461 2943 2532 Χριστοῦ
2986 2461 3322 2529 Ἐκκλησίαν
3351 2463 3446 2515 καὶ
3497 2461 3613 2513 δυσὶ
3649 2474 3733 2526 με-

2177 2556 2368 2624 γάλοις
2394 2554 2607 2608 ἔθνεσιν
2637 2554 2888 2606 εὐσεϐέσι
2916 2554 3014 2607 καὶ
3042 2554 3382 2623 ἀμφοτέροις
3411 2550 3732 2621 πολυχρόνιον

2178 2646 2552 2717 ἀναρριπίσας
2580 2645 2640 2698 τὸ
2677 2647 2857 2714 μίσος,
2892 2643 2993 2697 οὐκ
3019 2640 3137 2696 οἶδα
3171 2645 3341 2707 ποίας
3394 2642 3461 2698 ἂν
3503 2638 3732 2707 ἐπιτεύξῃ

2181 2737 2515 2804 συγγνώμης
2544 2736 2604 2787 ὲν
2636 2732 2715 2804 τῷ
2738 2733 2957 2805 φοϐερῷ
2985 2736 3080 2789 καί¹
3129 2734 3559 2805 ἀπαραλογίστῳ
3600 2732 3735 2785 δικα-

2182 2827 2390 2896 στηρίῳ
2422 2840 2438 2857 ·
2492 2824 2553 2878 οὐ
2610 2825 2720 2895 γὰρ
2775 2825 2994 2894 πικρῶς
3053 2842 3114 2878 σε
3166 2825 3606 2893 καταδικάσομεν
3656 2818 3737 2872 καὶ

2179 2918 2362 2987 ἡμεῖς,
2389 2916 2464 2980 ὡς
2490 2917 2615 2979 τοὺς
2655 2915 2965 2986 Ῥωμαίους
2985 2916 3148 2980 αὐτὸς
3176 2916 3325 2969 κατά
3349 2913 3545 2985 πολλὴν
3568 2912 3737 2965 αὐθεν-

2180 3005 2324 3069 τίαν,
2376 3007 2458 3070 είς
2504 3004 2761 3075 ἁρπαγὴν
2794 3005 2994 3068 αὐτοὺς
3025 3004 3322 3075 προδιδοὺς
3366 3004 3444 3074 τῷ
3472 3002 3630 3072 κοινῷ
3654 2995 3743 3051 τοῦ

2181 3098 2374 3167 γένους
2406 3096 2587 3168 ἐχθρῷ
2611 3097 2688 3163 ὡς
2715 3096 2895 3167 ἀγρίῳ
2926 3096 3104 3150 λέοντι
3135 3095 3234 3150 καὶ
3272 3096 3584 3169 ὠρυομένῳ.
3612 3090 3617 3093 ’

2119 3190 2398 3247 communi
2482 3190 2696 3260 generis
2750 3188 2959 3259 .hosti,
3011 3197 3281 3258 tanquam
3335 3188 3474 3245 leoni
3522 3185 3629 3241 fero
3688 3195 3741 3237 ac

2179 3427 2268 3493 pio
2315 3435 2429 3477 erat
2485 3420 2730 3486 Verbum,
2765 3434 2869 3473 non
2896 3489 2906 3493 Α
2931 3425 3113 3493 potest
3148 3416 3213 3472 ad
3252 3412 3596 3493 humanitatis
3640 3408 3739 3491 eius

2182 3482 2427 3549 naturain
2472 3492 2684 3553 referri,
2717 3482 2852 3559 quae
2878 3482 3109 3559 initium
3134 3490 3391 3559 ‘sumpsit
3419 3502 3482 3540 ex
3524 3482 3730 3559 Virgine;

2181 3580 2377 3619 rursus
2436 3563 2576 3632 qttod
2635 3549 2703 3614 de
2748 3549 2814 3614 eo
2859 3549 3739 3632 dicitur:Puer-autemrrescehat

2181 3646 2230 3687 et
2261 3622 2681 3705 conforiabatttr,
2714 3642 2786 3705 et,
2827 3644 2945 3705 cum
2981 3635 3114 3681 esset
3157 3644 3424 3682 annorum
3472 3622 3743 3705 dum‘iid'gt-

2189 3684 2524 3771 tionpotest
2552 3684 2919 3771 deitatis'ejus
2966 3708 3173 3771 natura:
3230 3708 3545 3769 congruere.
3580 3689 3653 3746 Cf.
3686 3684 3741 3738 S.

2188 3768 2475 3838 Tuotnam,
2505 3771 2658 3825 Sunt.
2701 3785 2741 3836 I,
2776 3768 2835 3838 q.
2860 3769 2947 3832 16,
2991 3786 3042 3822 a.
3069 3768 3123 3821 4.

2356 3918 3700 3950 ____________________________.....

803 4309 1070 4439 ΕΙΣ
1158 4305 1507 4440 TON
1583 4302 2072 4438 ΤΟΜΟ

2172 4304 2195 4430 l
2281 4299 2629 4434 ΤΟΥ
2703 4291 3491 4427 ΚΥΠΡΙΟΥ

1172 4538 1541 4613 ΚΑΤΑξΤΩΝ
1572 4538 1944 4595 ΝΕΟΦΑΝΩΝ
1984 4534 2331 4593 ΑῙΡΕΣΕΩΝ
2368 4531 2606 4588 ΑΥΤΟΥ
2642 4526 3093 4585 ΣΧΕΔΙΔΣΘΕΙΣ
3552 4556 3563 4559 -

1846 4835 2430 4944 EJUSDEM

1268 5080 1471 5233 IN
1557 5076 2239 5233 TOMUM
2360 5070 3018 5254 CYPRlI

1151 5345 1241 5401 ΕΤ
1278 5345 1509 5403 NOVAS
1547 5343 1861 5403 EJUSDEM
1896 5340 2243 5399 HAERESES
2277 5338 2364 5396 DE
2403 5336 2781 5395 IMPROVISO
2821 5332 3116 5394 DICTATA
3163 5326 3270 5398 (η’

1126 5589 1382 5645 ORATlO
1425 5589 1465 5644 l.

598 5687 647 5742 1.
692 5684 914 5742 Scilicet
960 5683 1068 5742 hoc
1113 5683 1377 5746 restabat,
1421 5689 1502 5743 ut,
1548 5695 1673 5735 cum
1726 5678 1929 5733 multas
1980 5678 2085 5732 alio

520 5790 683 5847 atque
732 5778 840 5831 alio
884 5786 1150 5845 tempore,
1193 5776 1334 5830 inter
1378 5774 1577 5828 veteris
1613 5788 1679 5825 ac
1714 5787 1866 5825 nova:
1900 5770 2085 5824 Romae

2820 5575 3039 5633 ΛΟΓΟΣ
3077 5575 3160 5631 Α’.

2267 5678 2335 5726 α’.
2370 5671 2605 5742 Ἔμελεν
2634 5671 2741 5741 ἄρα
2774 5669 2973 5732 πολλὰς
3008 5668 3147 5721 κατά
3177 5665 3374 5731 καιρὸν
3419 5661 3511 5719 τὰς
3557 5641 3733 5722 μεταῒιι

2195 5767 2301 5819 τῶν
2321 5766 2416 5835 τῆς
2441 5764 2675 5825 παλαιᾶς
2702 5764 2793 5815 καὶ
2821 5764 2945 5823 νἀς
2977 5760 3206 5831 Ῥώμης
3242 5747 3563 5818 Ἐκκλησιεῖθν
3591 5755 3732 5802 ταρν

570 5838 639 5943 (l)
677 5884 777 5933 lloc
806 5883 1095 5942 opusculum
1128 5877 1456 5943 etlotamde
1479 5854 1891 5943 ερὶτίιιις-έιιηαίὶ
1939 5874 2255 5938 processione
2298 5868 2685 5921 controversiam
2732 5866 2940 5931 ρει-(θεία
2981 5863 3201 5915 illustrat
3246 5859 3345 5909 J03.
3383 5856 3493 5907 Aut.
3520 5847 3650 5897 Maria
3686 5838 3736 5887 de

509 5937 694 5997 Ruhéts
727 5946 774 5995 in
810 5937 1007 6008 Georgii
1042 5941 1205 6005 Cyprii
1232 5941 1356 6004 Vita,
1385 5938 1506 5991 intra
1542 5945 1659 5988 tom.
1685 5937 1825 5989 CXL.
