4042 6396
412 373 518 441 855

1337 368 1786 433 REFUTATIU
1829 370 2047 434 LIBRI
2088 374 2421 438 GEORGII
2463 378 2743 440 CYl’liII.

3586 382 3690 441 866

413 493 518 566 χάς
552 493 581 546 ὀ
615 491 711 562 τῆς
745 490 903 563 ήμῶν
934 488 1206 561 σωτηρίας
1233 488 1607 563 ἀναρριπίσας
1638 490 1899 566 πολέμιος
1928 492 2004 553 είς

2116 492 2393 552 Ecclesias
2423 496 2732 551 simultates
2767 510 2829 550 ac
2858 495 3048 552 turbas
3077 494 3275 552 salutis
3299 504 3503 552 nostrae
3525 497 3695 554 hostia

412 585 476 640 τὺ
504 585 722 639 πάντων
755 584 864 637 τῶν
891 582 1081 636 κακῶν
1102 582 1335 653 ἔσχατον
1368 582 1466 653 τὴν
1497 584 1709 636 οἰκείαν
1729 583 1824 637 νῦν
1852 600 2012 652 περι-

415 677 613 747 στῆσαι
649 674 907 744 σπουδήν.
943 675 1006 728 Εί
1038 675 1148 744 γὰρ
1178 676 1273 728 καὶ
1319 673 1488 744 τριῶν
1537 675 1673 728 ὅλων
1717 676 2013 728 ἑκατοντά-

411 768 519 820 δων
552 765 748 836 χρόνου
796 765 995 837 μέτρον
1026 765 1363 838 ὑπερετάθη,
1396 766 1489 834 ἀφ’
1522 758 1583 818 οῦ
1616 766 1724 817 τῶν
1780 764 2017 836 Ἐκκληο

413 858 548 912 σιῶν
572 858 782 911 τούτων
811 858 1015 928 σχίσμα
1047 847 1421 928 κρατύνεσθαι
1452 854 1681 927 ἤρξατο,
1714 856 1832 909 ἀλλ’
1858 855 2016 909 οὔπω

415 951 579 1021 μέχρι
615 950 710 1003 καὶ
746 950 839 1002 νῦν
872 954 900 1003 ὁ
927 949 1036 1003 τῶν
1073 949 1251 1020 ὀρθῶν
1302 949 1592 1019 δογμάτων
1637 947 1737 1017 τῆς
1778 948 2013 1018 Ἐκκληο

413 1047 536 1106 σίας
570 1041 833 1110 θέμεθλος
868 1041 1167 1109 διεσείσθη.
1197 1042 1412 1111 Σχίσμα
1438 1040 1493 1094 δὲ
1524 1036 1593 1110 ἦν
1620 1041 1793 1104 ἄλλως
1823 1041 2015 1095 ἑκατέο

415 1151 531 1203 pet;
555 1135 666 1195 τοῖς
693 1133 922 1202 μέρεσιν
968 1130 1409 1202 ὲμφιλοχωροῦν,
1444 1134 1536 1184 καὶ
1554 1132 1706 1201 λόγοι
1736 1134 2013 1205 ἑκατέρω-

413 1225 507 1275 θεν
552 1224 924 1283 διαλεκτικαῑς
954 1221 1201 1290 μεθόδοις
1239 1221 1772 1292 παρακροτούμενοι,
1807 1220 2013 1292 παρεξ-

408 1316 647 1386 ηγήσεσί
683 1331 796 1367 τισι
867 1315 978 1367 τῶν
1034 1313 1267 1383 Γραφῶν
1304 1314 1364 1365 τὸ
1393 1315 1492 1383 τῆς
1524 1316 1736 1377 ἐννοίας
1787 1314 2013 1368 συνετά-

411 1425 610 1480 ραττον
660 1405 922 1477 καθαρόν.
976 1404 1091 1458 Νῦν
1145 1405 1202 1457 δὲ
1246 1407 1324 1468 είς
1376 1408 1655 1475 φανερὰν,
1694 1404 1869 1474 οἷμοιί
1913 1407 2011 1475 τὴν

407 1502 625 1573 αἵρεσιν
677 1501 705 1551 ὁ
742 1498 977 1569 πονηρὸς
1021 1496 1539 1561 ἁπαυθαδιάζεται,
1595 1499 1689 1551 καὶ
1743 1498 2010 1568 πρόδηλον

408 1592 542 1662 ἄρτι
602 1594 712 1644 τῶν
774 1591 1064 1663 πατρικῶν
1107 1591 1398 1660 δογμάτων
1450 1590 1851 1661 εἰσηγούμενος
1911 1589 2008 1658 τὴν

409 1688 693 1755 ἀθέτησιν,
717 1685 817 1754 τῆς
845 1683 1102 1737 ἐντεῦθεν
1127 1682 1416 1753 αίρετικῆς
1442 1684 1643 1745 κακίας
1673 1684 1855 1735 πᾶσαν
1877 1681 2011 1734 ἀνα-

412 1778 618 1844 πλῆσαι
670 1776 771 1846 τὴν
823 1775 919 1828 τοῦ
989 1775 1128 1828 Θεοῦ
1184 1776 1515 1845 Ἐκκλησίαν
1558 1772 2003 1828 ἁπαναιδεύεται.

2113 591 2429 652 excitasset,
2467 605 2611 643 nunc
2644 588 2862 643 tandem
2906 588 2960 642 in
2995 590 3265 644 malorum
3310 590 3558 644 omnium
3601 606 3697 645 ex-

2115 688 2353 734 tremum
2410 681 2593 735 studia
2639 695 2739 734 sua
2793 681 3211 751 omniafatque
3274 682 3697 737 sollicitudinem

2115 771 2439 825 collocaret.
2478 770 2631 824 Licet
2661 772 2806 825 enim
2845 773 3006 825 trium
3038 781 3092 825 et
3123 780 3495 826 trecentorum
3529 787 3677 827 anno

2115 875 2234 915 rum
2264 863 2504 930 spatium
2528 863 2810 916 evolutqu
2844 875 2947 929 est,
2975 878 3038 915 ex
3068 878 3179 931 quo
3206 864 3476 916 dictarum
3504 862 3699 918 Eccle-

2115 955 2323 1008 siarum
2392 952 2684 1007 dissidium
2751 954 2897 1008 vires
2950 961 3005 1008 et
3070 955 3381 1009 ﬁrmitatem
3446 956 3695 1009 nancisci

2117 1042 2311 1112 coepit,
2342 1043 2408 1096 ad
2436 1044 2552 1097 haec
2581 1044 2944 1097 nihilominus
2978 1051 3223 1112 tempora
3257 1053 3534 1097 rectorum
3560 1042 3699 1111 dog-

2113 1145 2320 1187 tnatum
2350 1135 2606 1189 Ecclesia:
2627 1135 3047 1189 fundamentum
3075 1134 3316 1187 nondum
3352 1148 3689 1189 concussum

2115 1227 2324 1293 fuemt,
2380 1229 2473 1283 sed
2519 1244 2719 1299 purum
2764 1229 3050 1283 dissidium
3100 1230 3241 1282 inter
3279 1228 3475 1283 ambas
3508 1234 3701 1296 partes

2123 1321 2536 1383 intercedebat,
2592 1331 2644 1374 et
2707 1335 2991 1375 sermones
3050 1318 3357 1373 dialecticis
3425 1321 3700 1374 methodis

2115 1413 2371 1478 utrinque
2418 1413 2669 1476 revoluti,
2721 1414 2903 1482 pravis
2952 1412 3235 1466 nonnullis
3289 1412 3699 1481 Seripturarum

2111 1504 2661 1572 interpretationibus
2690 1506 2977 1559 sententia:
3019 1505 3315 1572 puritatem
3357 1504 3702 1558 interturba-

2110 1594 2259 1648 bant.
2307 1598 2375 1648 At
2404 1612 2551 1650 nunc
2580 1608 2823 1664 apertam
2852 1597 3127 1658 haeresim,
3176 1611 3252 1649 vae
3284 1596 3460 1648 mihi!
3501 1598 3626 1664 imp:
3644 1613 3703 1647 o-

2111 1687 2215 1741 bus
2247 1691 2652 1741 contumaciter
2705 1690 2939 1752 evomit,
2985 1698 3039 1741 et
3086 1688 3328 1757 paternis
3352 1687 3700 1756 dogmatibus

2113 1782 2289 1847 palam
2321 1781 2693 1833 exauctoratis
2715 1820 2729 1840 ,
2759 1794 2898 1833 noxa
2932 1794 3054 1847 quae
3114 1795 3178 1831 ex
3223 1779 3415 1834 han-esi
3482 1794 3673 1848 pruina

430 1869 566 1922 Ἀλλ’
600 1869 750 1929 ὅπως
784 1866 882 1937 μὲν
916 1867 1011 1920 καὶ
1059 1867 1150 1919 διὰ
1199 1868 1384 1931 τίνων,
1420 1867 1512 1919 καὶ
1563 1866 1673 1917 τίσι
1724 1863 2004 1934 χρώμενος

2115 1882 2230 1937 nat,
2256 1873 2564 1926 universam
2594 1872 2685 1925 Dei
2715 1872 3011 1926 Ecclesiam
3049 1871 3271 1925 inﬁcere
3303 1887 3409 1949 non
3441 1883 3694 1926 veretur:

410 1963 524 2023 τοῖς
571 1959 850 2029 ὀργάνοις,
887 1961 914 2013 ὁ
963 1959 1071 2013 τῶν
1131 1959 1394 2013 τοιούτων
1427 1960 1670 2030 ἀρχηγὸς
1720 1960 1865 2011 κατά
1905 1959 2011 2027 τῆς

406 2056 505 2107 τοῦ
578 2054 715 2107 Θεοῦ
784 2054 1118 2124 Ἐκκλησίας
1200 2055 1372 2108 ταῦτα
1469 2056 1870 2124 ἐπιτεχνᾶται,
1948 2054 2010 2106 οὐ

407 2145 507 2200 τοῦ
566 2146 836 2216 παρόντος
904 2147 1086 2215 λέγειν
1138 2146 1309 2201 ἐστίν.
1384 2147 1584 2218 Ἀλλης
1646 2147 1756 2219 γὰρ
1810 2148 1875 2201 ἂν
1921 2145 2011 2216 εἴη

403 2238 510 2307 τῆς
592 2238 982 2308 πραγματείας
1070 2238 1502 2311 καθιστορῆσαι,
1556 2240 1707 2302 ὃπως
1774 2239 1836 2291 οὐ
1904 2237 2014 2294 τῶν

405 2330 654 2400 γνησίων
725 2330 897 2399 αὐτῆς
965 2332 1347 2402 γεννημάτων,
1380 2331 1533 2385 νόθον
1571 2331 1629 2383 δὲ
1661 2331 1757 2384 καὶ
1785 2330 1893 2383 τῶν
1916 2331 2017 2383 αὐ-

403 2422 508 2492 τῆς
566 2420 771 2474 ὠδίνων
821 2421 1103 2494 ἀλλότριόν
1149 2424 1267 2475 ἐστι
1315 2423 1650 2491 κυοφόρημα
1698 2422 1727 2474 ὁ
1756 2421 1858 2491 τῆς
1908 2422 2013 2489 ἁρ-

403 2509 671 2579 τιιρανοῦς
738 2512 1007 2581 αἱρέσεως
1056 2512 1338 2582 ἁρχηγός⁵
1391 2513 1529 2565 ἀλλά
1602 2512 1667 2581 δὴ
1711 2511 1808 2565 καὶ
1865 2511 2015 2591 ὅπως

406 2604 677 2675 ἀρρήτοις
756 2603 894 2657 Θεοῦ
962 2607 1197 2675 κρίμασι
1260 2604 1357 2658 τοῦ
1421 2608 1521 2675 τῆς
1597 2603 2012 2658 Κωνσταντίνου

406 2698 605 2764 θρόνου
675 2697 890 2767 ἐπέϐη,
943 2700 1008 2768 τῇ
1077 2697 1331 2768 εὐσεόεία
1402 2700 1847 2766 συντυραννήσας
1920 2695 2014 2748 καὶ

409 2788 589 2841 πάντα
669 2791 873 2843 κανόνα
952 2790 1047 2844 καὶ
1116 2791 1353 2862 θεσμοὺς
1430 2790 1640 2852 πάντας
1712 2789 2015 2859 ἐκκλησια-

408 2880 653 2944 στικούς.
725 2884 934 2937 Ἐκεῖνο
987 2883 1057 2951 ,δὲ
1121 2885 1284 2954 μόνον
1343 2886 1422 2947 είς
1492 2884 1675 2951 ὀλίγον
1731 2886 2014 2952 εἰρηκότες

404 2971 769 3043 γνωρίσωμεν
806 2975 901 3029 τοῦ
942 2974 1134 3051 ἀνδρὸς
1163 3013 1178 3040 ,
1239 2976 1322 3028 ὅτι
1376 2975 1437 3027 τὸ
1485 2975 1650 3028 καλὸν
1694 2974 1853 3027 τοῦτο
1899 2973 2016 3026 δια-

405 3064 628 3117 πόντιον
689 3067 770 3129 είς
833 3068 982 3137 ἡμᾶς
1045 3064 1172 3138 ἧκε,
1240 3067 1346 3139 θὴρ
1397 3068 1658 3136 ἄντικρυς
1709 3067 2013 3142 θαλάττιος⁹

404 3151 602 3221 ἄγριον
623 3153 809 3221 κῆτος,
843 3156 942 3225 τῆς
977 3157 1203 3228 Κύπρου
1239 3158 1577 3220 ἑπαναστάν,
1608 3158 1699 3210 καὶ
1730 3160 1841 3221 τοῖς
1875 3154 2000 3209 καθ’

406 3243 559 3312 ἠελᾶῖ
607 3244 997 3317 ἐνδεδομηκδς.
1035 3249 1133 3320 οὔχ
1164 3249 1251 3303 ἵνα
1292 3250 1506 3318 φυγάδα
1542 3251 1829 3319 προφήτην
1865 3251 2000 3301 ὑπο-

403 3335 635 3407 δέξηται
688 3340 784 3391 καὶ
839 3341 920 3404 είς
971 3339 1282 3412 ὑπηρεσίαν
1319 3340 1456 3393 Θεοῦ
1499 3340 1858 3409 διασώσηται,
1890 3338 2006 3392 ἀλλ’

407 3425 536 3492 ῐνα,
582 3427 917 3496 Ἐκκλησίαν
964 3430 1093 3499 ὅλην
1125 3430 1418 3495 καταπιδν,
1472 3429 1712 3497 ἄφαντον
1748 3429 1997 3498 ἀπεργά-

408 3534 594 3589 σηται,
624 3519 683 3572 τὸ
718 3520 844 3589 ἑξῆς
871 3522 961 3574 τοῦ
992 3522 1154 3590 λόγου
1187 3523 1423 3594 σπουδὴν
1444 3522 1783 3593 ποιησόμεθα
1812 3523 2000 3591 σαφῶς

404 3611 588 3680 πάντη
618 3614 972 3683 παραστῆσαι
1021 3614 1117 3668 καὶ
1165 3616 1434 3683 ἀκριϐῶς,
1465 3617 1544 3678 είς
1578 3610 1691 3668 οἷόν
1720 3632 1779 3668 τε
1834 3617 1998 3680 αὐτὸς

405 3703 678 3772 αἱρέσεων
713 3704 908 3775 βόθρον
957 3711 1507 3778 κατακεκρημνηται,
1545 3710 1639 3760 καί
1673 3709 1823 3770 ὅπως
1867 3710 1997 3770 τοὺς

402 3795 557 3867 αὐτῷ
589 3796 954 3867 πειθομένους
984 3798 1228 3863 ἐλεινῶς,
1253 3799 1436 3869 οῐμοιί
1488 3801 1874 3870 συγκατασπᾷ.

2115 1965 2210 2018 sed
2241 1965 2543 2034 quomodo,
2580 1975 2633 2019 et
2669 1966 2871 2032 quibus
2900 1966 3132 2028 artibus,
3166 1964 3283 2018 sive
3311 1964 3698 2020 instrumentis

2116 2073 2249 2111 usus
2276 2073 2457 2111 rerum
2480 2058 2739 2111 similium
2769 2070 2961 2111 aut-tor
2980 2063 3241 2113 adversus
3267 2058 3358 2111 Dei
3386 2058 3693 2111 Ecclesium

2119 2152 2233 2205 haec
2261 2151 2724 2214 comminiscitur,
2759 2168 2866 2204 non
2897 2161 2982 2204 est
3019 2151 3306 2218 prwsentis
3324 2150 3585 2220 temporis
3614 2167 3699 2203 re-

2113 2244 2277 2305 ferre,
2300 2251 2353 2296 et
2373 2242 2756 2297 altermsesset
2782 2242 3133 2307 narrationis,
3149 2241 3426 2311 explicare
3448 2255 3555 2309 qua
3579 2241 3695 2309 ipse

2117 2335 2361 2397 ratione,
2399 2349 2524 2386 cum
2561 2350 2666 2387 non
2691 2348 2838 2388 esset
2868 2350 2932 2386 ex
2979 2335 3236 2401 legitimis
3271 2334 3501 2402 hujusce
3542 2333 3696 2387 orbis

2116 2423 2343 2484 fetilus,
2394 2424 2489 2477 sed
2526 2418 2769 2492 Spurius,
2805 2433 2859 2476 et
2911 2426 2981 2477 ab
3016 2425 3264 2492 ejusdem
3302 2426 3516 2478 alienus
3546 2432 3703 2477 nata-

2117 2514 2295 2580 libus,
2337 2529 2490 2568 novae
2518 2515 2744 2569 haeresis
2773 2525 2967 2568 auctor
2995 2515 3224 2569 emersit
3269 2532 3283 2568 :
3327 2516 3439 2567 imo
3492 2522 3548 2569 et
3588 2529 3698 2582 qua

2118 2603 2327 2658 ratione
2359 2603 2475 2666 Dei,
2509 2619 2632 2673 qua:
2672 2605 2855 2658 verbis
2881 2603 3116 2673 exprimi
3146 2602 3698 2673 nequeunt,jndiciis

2117 2695 2755 2762 Constantinopolitatne
2820 2696 2974 2749 urbis
3025 2694 3209 2750 sedem
3243 2694 3551 2763 orcupavit,
3595 2694 3702 2746 sub

2119 2788 2318 2858 pietate
2349 2788 2693 2858 tyrannidem
2720 2802 3008 2854 exercens,
3060 2802 3305 2843 canones
3354 2803 3568 2851 mmies,
3619 2786 3702 2839 le-

2118 2896 2321 2950 gesque
2352 2881 2631 2934 universas
2654 2879 3052 2934 ecclesiasticas
3071 2881 3467 2950 pessumdedit.
3494 2876 3697 2931 Verum

2120 2971 2253 3024 illud
2307 2972 2688 3025 tantummodo
2743 2971 2810 3025 ad
2850 2971 3177 3040 signandqu
3238 2971 3513 3026 hominem
3568 2984 3696 3024 cum

2120 3072 2279 3117 antea
2333 3062 2679 3127 dixerimus,
2728 3072 2938 3132 pestem
2999 3064 3142 3117 hanc
3187 3077 3280 3132 per
3332 3077 3483 3116 mare
3539 3070 3699 3115 antea

2120 3169 2310 3224 vagam
2362 3166 2416 3208 et
2444 3153 2719 3221 palantem
2752 3153 2819 3206 ad
2855 3169 2956 3207 nos
2986 3155 3201 3207 tandem
3231 3152 3541 3217 deﬂexisse,
3573 3152 3692 3206 bel-

2115 3245 2261 3298 luam
2324 3247 2488 3313 plane
2545 3243 2841 3311 marinam,
2878 3244 3174 3297 immanem
3230 3251 3411 3298 cetmn
3452 3258 3482 3296 e
3519 3242 3700 3311 Cypro

2116 3339 2402 3409 reiectum,
2451 3348 2505 3392 et
2549 3342 2603 3390 iu
2636 3349 2824 3391 nostra
2856 3345 3260 3405 penetrantem,
3314 3350 3422 3389 non
3469 3344 3527 3387 ut
3569 3350 3698 3402 pro-

2106 3429 2325 3500 phetam
2360 3429 2648 3498 profugum
2676 3429 2976 3498 exciperet,
3010 3438 3065 3482 ct
3096 3428 3164 3482 ad
3206 3427 3296 3482 Dei
3326 3428 3695 3482 ministerium

2107 3525 2317 3579 Salvum
2350 3523 2662 3587 deduceret,
2694 3522 2789 3576 sed
2823 3533 2879 3575 ut
2912 3520 3218 3575 Ecclesiam
3254 3518 3568 3573 universam
3599 3518 3693 3570 de-

2108 3614 2368 3686 glutiens,
2422 3615 2490 3667 de
2547 3615 2726 3667 medio
2776 3614 2999 3683 penitus
3031 3613 3264 3678 tolleret,
3318 3612 3372 3665 in
3421 3625 3509 3676 eo,
3541 3610 3690 3679 quod

2106 3707 2376 3775 reliquum
2405 3713 2490 3759 est
2556 3704 2825 3759 orationis
2868 3713 3093 3758 nostras
3133 3718 3296 3757 curas
3347 3703 3695 3755 intendemus

2106 3806 2168 3853 ut
2198 3797 2356 3867 plene
2387 3796 2771 3865 exquisiteque
2801 3795 3054 3864 quisquis
3089 3802 3373 3863 agnoscat,
3424 3796 3478 3846 in
3519 3806 3691 3861 quam

402 3903 528 3943 sese
567 3889 843 3944 ha-reseon
893 3892 1207 3963 voraginem
1247 3891 1582 3962 praecipitem
1650 3892 1843 3962 egerit,
1895 3900 1949 3947 et
2008 3904 2117 3963 qua
2166 3891 2377 3945 ratione
2438 3890 2664 3959 eos,qui
2691 3888 2833 3944 dicta
2885 3889 3030 3973 illius
3085 3888 3336 3950 audiunt,
3371 3902 3478 3942 una
3504 3902 3691 3943 secum

403 3983 662 4052 abreptos
682 3982 1002 4051 praecipitet.

481 4075 549 4142 β’.
605 4066 716 4125 ἾΙν
755 4074 878 4141 μὲν,
907 4072 982 4138 ὡς
1034 4073 1137 4145 ήδη
1188 4092 1280 4145 μοι
1326 4075 1569 4147 εἴρηται,
1625 4077 1843 4148 χρόνιον
1886 4075 2000 4129 τῶν

418 4163 759 4233 Ἐκκλησιῶν
790 4166 850 4218 τὸ
877 4167 1084 4236 σχίσμα
1116 4169 1210 4220 καὶ
1232 4168 1292 4219 οὐ
1326 4166 1531 4239 βραχὺ,
1567 4169 1663 4223 καὶ
1709 4170 1812 4239 τὴν
1845 4167 1998 4241 πρώ-

401 4275 507 4327 την
536 4257 646 4311 τῶν
699 4258 791 4311 τοῦ
833 4259 1046 4312 Φωτίου
1103 4260 1316 4331 χρόνων
1347 4262 1671 4335 ἀναῤῥῆξαν
1706 4263 1895 4329 ὠδῖνα,
1940 4264 2000 4324 ἐς

401 4350 526 4403 τόδε
566 4348 855 4421 παρετάθη
917 4352 1142 4419 καιροῦ,
1201 4354 1295 4407 καὶ
1329 4347 1472 4424 ἦσαν
1517 4355 1638 4424 μὲν,
1676 4354 1866 4425 ὥσπερ
1906 4371 1998 4424 μοι

406 4442 506 4496 καὶ
533 4442 883 4512 προείρηται,
908 4441 1058 4510 λόγοι
1089 4444 1199 4498 τῶν
1224 4445 1409 4516 μερῶν
1443 4444 1789 4517 ἑκατέρωθεν
1820 4445 1993 4499 διαλε-

2182 4069 2241 4125 2.
2281 4069 2382 4125 Diu
2412 4069 2784 4140 multumque,
2814 4078 2875 4123 ut
2904 4075 3063 4123 antea
3095 4068 3369 4133 dixeram,
3410 4069 3692 4126 Ecclesia-

2110 4178 2233 4217 rum
2285 4163 2571 4227 dlssidium
2624 4161 2995 4225 inerebuerat,
3030 4168 3085 4214 ct
3125 4172 3286 4216 aztate
3330 4160 3512 4216 Photii
3563 4166 3690 4233 pri-

2109 4256 2257 4307 mu'm
2293 4254 2345 4307 in
2380 4254 2557 4307 lucem
2609 4252 2939 4322 projectum,
2972 4252 3037 4304 ad
3077 4251 3192 4306 haec
3221 4262 3408 4306 nostra
3440 4261 3689 4324 tempora

2108 4347 2382 4416 pervenjt,
2415 4347 2510 4400 sed
2565 4346 2754 4410 etiam,
2790 4355 2847 4398 ut
2876 4361 2906 4398 a
2940 4361 3027 4399 me
3058 4354 3216 4400 antea
3251 4346 3456 4402 dictum
3487 4346 3686 4411 funerat,

2101 4452 2388 4493 sermones
2408 4436 2712 4491 dialecticis
2742 4436 3014 4491 methodis
3040 4437 3293 4507 utrinque
3315 4439 3544 4492 revoluti
3569 4455 3688 4507 pra-

404 4536 623 4597 κτικαϊς
667 4534 914 4605 μεθόδοις
964 4536 1511 4609 παρακροτούμενοι,
1542 4539 1638 4591 καὶ
1683 4536 2003 4608 παρεξηγή·

2111 4529 2193 4583 vis
2231 4530 2504 4584 nonnullis
2538 4528 2949 4598 Scripturarum
2979 4528 3528 4598 interpretationibus
3553 4544 3684 4584 seu.

405 4626 525 4678 σεσί
545 4642 677 4696 τισι..
698 4627 806 4680 τῶν
830 4628 1064 4699 Γραφῶν
1086 4630 1149 4682 τὸ
1174 4630 1275 4701 τῆς
1300 4629 1513 4692 ἐννοίας
1534 4629 1996 4701 συνταράττοντες

407 4717 675 4788 καθαρόν.
726 4718 871 4772 Ἀλλ’
920 4721 970 4773 oi
1000 4722 1115 4783 τοῖς
1164 4721 1393 4785 Ἰταλοῖς
1450 4721 1993 4794 προσδιαλεγόμενοι,

408 4809 746 4881 σοφίσμασιν
794 4812 994 4875 αὐτοὺς
1034 4812 1109 4866 τὰ
1163 4812 1361 4881 πολλὰ,
1396 4815 1490 4869 καὶ
1552 4814 1996 4884 συλλογιστικαϊς

405 4902 648 4968 ἀπάταις
706 4906 1190 4976 παρακρουόμενοι
1234 4906 1307 4960 τὰ
1357 4909 1468 4960 τῶν
1531 4909 1794 4979 Πατέρων
1837 4909 1995 4980 ἡμῶν

404 4995 676 5064 δόγματα,
709 4991 792 5060 οἷς
826 4998 973 5070 πρὸς
1004 4998 1105 5070 τὴν
1163 4998 1376 5053 ἑαυτῶν
1426 5000 1673 5071 ἐχρῶντο
1735 5002 1997 5056 σύστασιν

418 5086 633 5154 Ἰταλοὶ,
664 5088 930 5144 οὐδέποτε
980 5090 1214 5156 ἀναιδῶς
1251 5090 1427 5155 οὕτως
1455 5091 1813 5162 ὴθέτουν,⁶ὡς
1837 5093 1871 5164 ὴ
1897 5091 1993 5145 τοῦ

404 5176 659 5248 Κυπρίου
709 5178 928 5247 γλῶττα
976 5181 1072 5236 νῦν
1104 5182 1199 5236 καὶ
1243 5181 1475 5238 διάνοια.
1513 5183 1611 5246 Τίς
1657 5182 1767 5253 γὰρ
1794 5184 1902 5235 τῶν
1934 5182 1995 5247 ἐξ

404 5270 641 5346 ἐκείνου,
686 5273 781 5325 καὶ
816 5271 921 5335 ἕως
962 5277 1058 5327 τοῦ
1113 5273 1209 5328 νῦν
1232 5293 1251 5327 ι
1279 5272 1378 5346 τὴν
1416 5274 1481 5326 ὲκ
1522 5275 1739 5344 Πατρὸς
1769 5273 1837 5327 δι’
1863 5273 1993 5326 Υίοῠ

404 5345 735 5433 ὲκπόρευσιν
794 5383 814 5417 ›
849 5364 944 5418 τοῦ
976 5364 1134 5435 ἁγίου
1183 5365 1501 5436 Πνεύματος
1534 5363 1798 5435 ἀθετῆσαι
1844 5364 1996 5433 εὑρί-

406 5469 631 5520 σκεται;
685 5455 1007 5527 Ζητηθήτω,
1068 5457 1163 5510 καὶ
1215 5455 1391 5519 οὐδεὶς
1455 5456 1837 5527 εὑρεθήσεται.
1893 5452 1993 5518 Τίς

401 5547 514 5598 τῶν
554 5545 811 5601 ἁπάντων
851 5549 913 5601 τὸ
946 5565 967 5599 ι
1006 5545 1097 5601 διὰ
1125 5547 1219 5601 τοῦ
1261 5548 1567 5620 προσεχῶς,
1603 5547 1766 5618 μηδὲν
1804 5546 1993 5614 διαφέ-

409 5656 525 5710 ρειν
550 5641 643 5693 τοῦ
676 5640 962 5709 προσεχῶς
999 5658 1018 5693 ι
1047 5640 1273 5711 εἴρηκεν
1298 5658 1315 5707 ;
1357 5641 1507 5694 Ὀὐδὲ
1546 5632 1702 5702 οὗτος
1734 5638 1991 5708 ζητηθεὶς

405 5729 786 5800 εὑρεθήσεται.
833 5730 973 5784 Ἀλλ’
1007 5732 1035 5785 ὁ
1078 5732 1350 5806 Κύπριος,
1399 5729 1444 5783 ῶ
1491 5729 1718 5800 γνώμης
1744 5730 1990 5799 πονηρᾶς

404 5824 500 5876 καὶ
525 5821 704 5893 ψυχῆς
728 5822 898 5893 μηδὲν
925 5824 1237 5893 ἡγουμένης
1263 5823 1466 5879 δ.ινόνῑ
1511 5824 1558 5876 εί
1582 5824 1756 5878 πάντα
1777 5823 1989 5890 αἱρετι-

2109 4623 2291 4678 tentia:
2331 4623 2628 4697 duritatem.
2686 4620 3143 4676 interturbabant.
3192 4618 3397 4675 Verum
3439 4622 3532 4691 qui
3562 4636 3686 4675 cuzn

2107 4713 2256 4770 Italis
2283 4714 2801 4786 congrediebantur,
2849 4713 3071 4768 eosdem
3105 4724 3165 4767 ut
3196 4712 3497 4783 plurimum
3527 4715 3685 4768 falla~

2107 4806 2266 4864 cibus
2296 4805 2789 4871 conclusiunculis,
2823 4811 2878 4859 et
2904 4804 3258 4875 syllogisticis
3287 4802 3572 4859 fraudibus
3598 4819 3682 4858 re-

2106 4900 2367 4964 futantes,
2419 4907 2735 4954 nostrorum
2774 4895 3000 4952 Patrum
3052 4896 3333 4968 dogmata,
3368 4897 3569 4967 quibus
3620 4898 3684 4949 ad

2106 5007 2207 5047 sua
2254 4990 2662 5046 corroboranda
2713 4989 2830 5045 Itali
2885 4992 3203 5055 utebantur,
3266 5003 3545 5058 nunquam
3608 4986 3682 5040 ita

2105 5082 2471 5152 impudenter,
2510 5090 2731 5135 utnune
2755 5080 2938 5150 lingua
2968 5077 3176 5149 Cyprii,
3210 5087 3267 5135 et
3303 5078 3558 5143 audacia,
3591 5093 3681 5130 re-

2105 5170 2376 5227 futabant.
2427 5171 2565 5238 Quis
2595 5172 2743 5226 enim
2794 5186 2862 5226 ex
2912 5186 2977 5226 eo
3005 5179 3267 5240 tempore,
3303 5170 3369 5225 ad
3404 5170 3507 5223 hoc
3541 5184 3678 5237 prae-

2104 5279 2231 5320 sens
2262 5273 2510 5331 repertus
2555 5273 2659 5330 est,
2713 5265 2806 5333 qui
2840 5262 3015 5318 sancti
3049 5260 3290 5331 Spiritus
3342 5276 3362 5311 ι
3404 5274 3470 5314 ex
3520 5260 3678 5313 Patre

2102 5371 2199 5426 per
2247 5354 2445 5409 Filium
2488 5357 2899 5426 processionem
2929 5373 2949 5406 ι
3003 5350 3360 5408 amoliretur?
3395 5350 3675 5416 Quaeratnr

2104 5447 2271 5511 licet,
2320 5447 2502 5502 nullus
2534 5447 2919 5517 comperietur.
2946 5446 3080 5513 Quis
3120 5459 3358 5515 unquam
3410 5443 3677 5497 omnium.

2107 5559 2126 5592 ι
2167 5538 2312 5610 quod
2351 5552 2449 5608 per
2478 5538 2615 5592 illud
2666 5538 2812 5608 quod
2841 5536 3098 5606 contigue
3130 5545 3238 5598 est,
3277 5533 3345 5587 ab
3375 5533 3495 5602 ipso
3542 5547 3671 5587 con-
3759 5541 3767 5550 ·

2101 5629 2250 5699 tiguo
2279 5645 2386 5683 non
2419 5628 2657 5692 ditl‘erre,
2697 5648 2714 5681 ι
2750 5627 3095 5682 enuntiavit?
3121 5624 3309 5695 Neque
3340 5625 3427 5679 hic
3456 5624 3675 5695 quidem

2101 5722 2227 5779 licet
2260 5724 2420 5777 anxie
2451 5723 2830 5792 investigetur,
2884 5719 3084 5775 aderit.
3141 5718 3524 5773 Verumtamen
3564 5716 3671 5786 Cy-

2100 5816 2273 5887 prius,
2337 5832 2370 5874 ο
2421 5823 2658 5872 mentem
2720 5813 3061 5886 improbam!
3118 5812 3470 5884 animumque
3523 5808 3670 5865 haud
