4042 6396
364 360 472 424 86)

1289 346 1730 415 REFUTATIO
1769 346 1984 411 LIBRI
2022 346 2349 410 GEORGII
2385 349 2667 412 CYPRII.

3517 357 3625 422 810

352 478 539 547 ’ἡδέως
589 474 1043 547 καταδεχόμενος.
1078 454 1377 544 Συστήσειί
1398 488 1489 542 μοι
1522 468 1617 524 τὸν
1663 467 1823 535 λόγον
1850 461 1963 523 mi;

2064 463 2524 530 perunctivocem
2558 480 2659 535 pro
2704 465 2926 522 Christo
2963 466 3333 538 accipientes,
3369 485 3474 524 una
3499 486 3626 527 cum

367 573 397 625 6
451 568 625 639 μέγας
670 569 897 639 -ἀληθῶς
930 567 1232 637 ’Μάξιμος,
1277 583 1296 617 ι
1333 562 1519 633 φωνὰς
1559 561 1657 631 μὲν
1689 555 1953 617 πολλάκις

368 665 495 723 τοὺς
531 659 832 729 οεηγόρους
878 658 1132 730 Πατέρας
1162 656 1521 727 παραφωρεῖν
1574 645 1949 720 διαμαρτυρό’

370 768 571 824 μενος,
608 749 927 814 ἑννοίας-δὲ
969 747 1256 819 οὐδαμῶς·
1303 747 1387 800 ὅτι
1423 744 1497 815 μὴ
1542 744 1602 796 δν
1636 736 1950 800 συλλαϐαῖς,

368 842 489 897 ἀλλ’
529 844 588 895 ὲν
628 841 867 912 νοήμασί
895 857 956 893 τε
990 839 1085 894 καὶ
1127 838 1418 909 πράγμασι
1446 833 1509 886 τὸ
1539 830 1639 902 τῆς
1674 829 1953 897 σωτηρίας

371 935 535 1006 ἡμῶν
569 935 806 1004 ὑπάρχει
842 931 1164 1001 μυστήριον.
1204 947 1223 982 ι
1257 927 1524 993 Συστήσει
1552 939 1642 991 μοι
1670 917 1761 972 τὸν
1794 916 1951 985 λόγον

369 1026 467 1080 καὶ
498 1024 798 1088 Διονύσιος,
830 1025 859 1075 6
884 1021 1236 1091 ίερομάρτυς,
1261 1036 1279 1069 ι
1310 1017 1504 1083 ἄλογον
1534 1013 1630 1066 καὶ
1661 1009 1851 1064 σκαιὸν
1878 1027 1895 1059 ι
1927 1012 1955 1060 ό

368 1117 514 1168 πάνυ
537 1112 830 1169 ἀποκαλῶν
865 1110 977 1164 ι-τὸ
1006 1109 1090 1180 μὴ
1118 1111 1184 1180 τῇ
1214 1108 1440 1175 δυνάμει
1473 1103 1567 1157 τοῦ
1600 1103 1757 1169 λόγου
1782 1114 1953 1170 προσ-

366 1208 547 1277 έχειν,
562 1204 702 1259 am
719 1204 841 1267 ταῖς
860 1202 1062 1267 λέξεσι,
1083 1200 1354 1257 καὶτοῦτο
1380 1198 1453 1267 μὴ
1467 1195 1575 1249 τῶν
1585 1197 1652 1247 τὰ
1675 1194 1791 1246 θεῖα
1814 1193 1954 1245 νοεῖν

367 1298 665 1352 ιθελόντων
695 1295 828 1349 [διον
858 1291 1020 1361 εἶναι,
1059 1292 1193 1345 ἀλλὰ
1220 1290 1329 1343 τῶν
1378 1290 1542 1359 ἤχους
1589 1284 1777 1353 ψιλοὺς
1831 1284 1954 1343 ταῖς

367 1390 561 1451 ἀκοαῖς
586 1385 983 1455 εἰσδεχομένων
997 1381 1307 1438 διαϐεδαιού
1316 1396 1497 1449 μενος·
1515 1378 1699 1446 ῶσπερ
1719 1376 1817 1427 ούκ
1837 1374 1954 1436 ἐξὸν

365 1475 736 1543 τὸνιτέσσαρα
759 1470 991 1542 ἀριθμὸν
1013 1470 1117 1524 ,διὰ
1136 1467 1230 1522 τοῦ
1254 1468 1332 1530 δίς
1356 1469 1452 1520 δύο
1482 1466 1789 1534 σημαίνειν,
1821 1460 1853 1529 ἣ
1885 1459 1954 1512 τὰ

2056 553 2215 608 nobis
2242 557 2518 609 numerari
2552 556 2768 612 vellent.
2815 576 2832 609 ι
2890 558 3253 613 Cenﬁrmabit
3292 574 3466 612 meam
3506 576 3631 615 ora-

2034 643 2287 710 tionem,
2320 654 2375 700 et
2407 661 2537 701 vere
2571 662 2804 718 mzvgnus
2834 646 3122 711 Maximus.
3168 651 3261 718 qui
3312 653 3633 706 testimonio

2054 750 2156 790 suo
2192 738 2533 807 comprobat,
2578 740 3006 811 (-diviniloquos
3042 740 3231 796 Patres
3253 757 3632 811 szrpenumero

2053 844 2218 884 voces
2268 831 2487 899 quidem
2546 833 2887 901 permittere,
2944 834 3246 890 sententias
3295 851 3425 890 vero
3482 852 3627 891 nun-

2055 935 2221 989 quam
2257 940 2270 974 :
2309 922 2455 991 quod
2487 938 2595 976 non
2655 925 2707 976 in
2755 925 2979 993 syllabis
3034 927 3127 980 sed
3160 926 3212 979 in
3257 928 3547 982 sententiis
3579 939 3633 984 et

2008 1061 2018 1073 ,
2056 1013 2452 1068 rebussalutis
2484 1025 2682 1070 nostra}
2712 1018 3031 1087 mysterium
3068 1018 3400 1075 continetur.
3439 1038 3459 1071 ι
3491 1019 3634 1075 Con-

2052 1101 2295 1157 ﬁrmabit
2323 1106 2623 1159 orationem
2654 1122 2828 1160 meam
2864 1117 2915 1161 et
2938 1117 3164 1163 sanctus
3188 1116 3395 1181 martyr
3429 1108 3633 1180 Diony-

2054 1194 2207 1259 sius,-.
2228 1213 2307 1253 με
2338 1198 2547 1251 ratione
2579 1199 2841 1264 alienum,
2877 1218 2894 1249 ι
2929 1216 3271 1270 nuncupans,
3301 1220 3318 1252 ‹
3351 1209 3404 1255 et
3439 1203 3634 1258 absur-

2054 1284 2210 1348 dum.
2235 1303 2341 1342 non
2366 1289 2469 1343 vim
2500 1291 2671 1359 ipsam
2702 1292 2966 1347 orationis
2988 1294 3285 1356 attendere,
3306 1295 3397 1348 sed
3432 1296 3630 1363 verba;

2057 1393 2232 1447 neque
2261 1381 2362 1436 lioc
2413 1384 2694 1452 proprium
2744 1399 2866 1440 esse
2900 1399 3127 1447 eorum,
3151 1386 3247 1454 qui
3274 1402 3361 1439 res
3411 1386 3627 1444 divinas

2050 1469 2353 1540 intelligere
2380 1476 2739 1541 cupiunt,sed
2765 1490 2949 1530 eorum
2984 1477 3075 1546 qui
3094 1493 3259 1532 sonos
3279 1476 3448 1529 exiles
3464 1493 3638 1533 aucu-

380 1564 759 1633 εὐθύγραμμα
787 1561 874 1615 διὰ
913 1560 1023 1614 τῶν
1052 1558 1479 1629 ὁρθογράμμων,
1510 1554 1544 1623 ἢ
1589 1553 1687 1622 τὴν
1718 1549 1953 1621 μητρίδα

2064 1577 2278 1631 panzur,
2301 1566 2626 1634 eosdemque
2646 1577 2766 1621 extr
2789 1584 2986 1624 nsecus
3005 1571 3317 1637 admittunt;
3341 1573 3497 1642 quasi
3525 1588 3637 1626 non

368 1658 463 1711 διὰ
484 1656 583 1725 τῆς
601 1652 931 1726 πατρίδος,ἢ
961 1652 1119 1723 ἕτερά
1169 1668 1222 1703 τι
1245 1650 1352 1701 τῶν
1374 1650 1485 1709 τοῖς
1514 1645 1727 1707 πολλοῖς
1750 1644 1843 1696 τοῦ
1865 1643 1952 1694 λό-

2064 1653 2218 1708 liecat
2244 1664 2475 1723 quatuor
2500 1673 2594 1725 per
2623 1658 2705 1713 bis
2737 1659 2845 1712 duo
2910 1660 3241 1730 signiﬁcare,
3275 1665 3633 1719 aut-directas

369 1766 470 1818 γου
502 1750 693 1818 μέρεσι
719 1747 883 1800 ταυτὸ
916 1743 1310 1816 σημαινόντων.
1338 1758 1355 1792 ι
1378 1734 1538 1793 Οὗτοι
1579 1737 1643 1805 δὴ
1682 1737 1879 1797 πάντες
1899 1736 1947 1787 oi

2064 1745 2224 1798 lineas
2240 1762 2334 1815 per
2358 1757 2528 1801 rectas
2554 1748 2747 1809 lineas.
2766 1760 2856 1803 aut
2879 1752 3118 1820 μητρίδα
3144 1768 3239 1820 per
3268 1756 3638 1825 πατρίδα,,οιιι

373 1810 638 1911 ᾑατέρες,
681 1839 730 1891 οἱ
765 1810 1049 1906 σωτῆρες,
1070 1836 1119 1887 οἱ
1152 1832 1402 1903 ἀκριϐεῖς
1432 1831 1530 1898 τῆς
1564 1828 1801 1917 πίστεως
1847 1826 1951 1917 ερύ-

2064 1837 2198 1891 aliud
2212 1810 2490 1907 quodlibet
2523 1854 2615 1907 per
2642 1840 2693 1894 id
2726 1810 3210 1912 quodin'p-luribiis
3229 1810 3640 1917 orationis'par-

373 1933 536 1993 λακες
564 1928 896 1999 συστήσουσί
932 1945 1022 1996 μοι
1059 1926 1149 1979 τὸν
1172 1925 1350 1993 λόγον,
1377 1920 1503 1975 καθ’
1532 1919 1592 1972 ὃν
1623 1916 1733 1987 ἐγὼ
1770 1916 1951 1971 διαϐεο

2064 1928 2196 1982 libus
2215 1929 2550 1998 aequivalcta
2580 1931 2641 1984 lli
2667 1948 2857 1988 omnes
2885 1934 3091 2001 Patres,
3111 1946 3436 2003 servatores,
3473 1916 3640 1993 aecuc

370 2024 657 2093 6αιοῦμαι,
698 2022 793 2076 καὶ
819 2021 923 2091 τὴν
958 2020 1062 2089 τῆς
1121 2015 1423 2087 γενομένης
1483 2010 1765 2081 καταρχὰς
1805 2010 1950 2062 οίκο-

2064 2018 2154 2073 rati
2191 2017 2312 2071 ﬁdei
2339 2019 2619 2084 custodes,
2641 2023 2942 2076 orationem
2984 2039 3156 2078 meam
3180 2028 3638 2093 comprobabunt,

368 2114 567 2185 νομίας
594 2114 691 2167 καὶ
715 2113 936 2185 είρήνης
962 2108 1340 2179 καταδρομὴν,
1364 2105 1440 2168 ῶς
1467 2103 1724 2173 πολέμιον
1742 2099 1955 2169 ἀληθῶς

2064 2120 2161 2175 qua
2187 2122 2283 2175 ego
2302 2107 2379 2165 uti
2397 2120 2605 2163 certum
2631 2112 2876 2177 enuntio,
2897 2114 3219 2168 oeconomia:
3232 2115 3300 2168 ab
3322 2115 3475 2169 initio
3493 2115 3644 2171 initae

366 2208 481 2261 τῶν
514 2204 776 2277 Πατέρων
832 2202 1113 2257 ποιεῖσθαι
1146 2198 1238 2253 τὸν
1274 2198 1543 2268 Κύπριον.
1567 2195 1628 2249 Εἰ
1655 2194 1783 2263 γὰρ,
1813 2192 1888 2255 ὡς
1926 2192 1955 2243 ὁ

2064 2206 2117 2253 et
2141 2200 2288 2268 pacis
2311 2199 2768 2264 criminationem,
2797 2213 2855 2257 ut
2886 2203 3107 2258 Patrum
3140 2206 3354 2260 bosmm
3381 2205 3642 2276 Cyprium

365 2299 473 2368 τῆς
506 2294 791 2363 θεολογίας
819 2295 943 2364 ὅρος
978 2292 1074 2344 καὶ
1105 2287 1289 2343 κανών
1318 2302 1485 2356 φησιν
1515 2285 1801 2352 ἄντικρυς,
1830 2279 1954 2334 οὐδὲ

2064 2292 2330 2358 ρει-ποσοὶ.
2360 2288 2570 2347 Etenim
2600 2292 2667 2353 si,
2692 2295 2765 2346 uti
2793 2295 3155 2366 tlieologicum
3184 2302 3559 2370 priescriptum
3588 2310 3644 2356 et

364 2394 472 2453 τὰς
503 2387 796 2459 ἐλαχίστας
823 2384 1052 2456 πράξεις
1081 2381 1210 2448 είκῆ
1251 2377 1662 2446 σπουδασθῆναι
1685 2376 1798 2437 τοῖς
1826 2374 1956 2427 ἀνα-

2064 2382 2243 2450 regula
2274 2390 2455 2450 aperte
2480 2383 2753 2448 decernit,
2783 2402 2889 2441 non
2916 2387 3140 2444 fortuito
3194 2406 3323 2444 casu
3348 2391 3546 2446 accidit
3575 2408 3644 2447 ne

370 2483 628 2554 γράψασι
665 2480 910 2549 ιγέγονε,
948 2474 1061 2529 ,καὶ
1110 2476 1271 2544 μέχρι
1302 2469 1398 2525 τοῦ
1444 2469 1712 2540 παρόντος
1768 2465 1961 2536 μνήμῃ

2064 2472 2315 2526 minimas
2334 2472 2551 2541 quidem
2580 2474 2820 2530 actiones
2842 2477 3116 2545 neglectas
3146 2478 3416 2535 fuisseab
3438 2480 3514 2535 .iis
3547 2479 3644 2549 qui

368 2574 727 2644 διασωθῆναι,
753 2569 868 2626 ἀλλ’
900 2569 1001 2623 ἵνα
1019 2568 1195 2638 ἡμεῖς
1214 2565 1429 2634 ἔχωμεν
1451 2556 1962 2631 ὑπομνήματα,,κιὶ

2064 2575 2155 2618 eas
2173 2573 2584 2628 recensuerunt,
2608 2564 2701 2618 sed
2727 2564 2796 2618 ad
2822 2565 2934 2621 haec
2961 2577 3207 2636 tempora
3233 2584 3419 2624 earum
3439 2585 3647 2625 metuo-

372 2665 724 2733 παιδεύματα
769 2661 877 2715 τῶν
906 2658 1108 2730 ὁμοίων
1130 2696 1147 2723 ,
1194 2655 1409 2709 εἴποτε
1452 2649 1745 2721 συμπέσοι
1769 2646 1962 2717 καιρὸς

2069 2658 2210 2709 riam
2249 2663 2674 2719 cont-servarunt,
2712 2667 2772 2711 ut
2813 2672 2917 2713 nos
2950 2658 3281 2716 haberemus
3307 2671 3648 2718 commenta-

371 2755 735 2827 διασκέψεως,
761 2749 876 2807 οἷον
906 2752 1100 2805 κανόσι
1129 2750 1240 2802 τισὶ
1273 2747 1369 2801 καὶ⁵
1399 2745 1589 2805 τύποις
1618 2743 1729 2803 τοῖς
1761 2739 1963 2809 προλα-

2066 2749 2145 2804 ria
2190 2760 2246 2804 et
2277 2749 2666 2809 instructiones
2710 2752 2777 2805 ad
2828 2752 3050 2818 similia,
3099 2768 3226 2808 eum
3268 2758 3487 2808 occasio
3523 2770 3646 2810 sese

374 2853 563 2904 δοῦσιν
592 2849 849 2917 ἑπόμενοι
884 2842 1327 2914 παραδείγμασιν
1347 2879 1361 2904 ,
1392 2837 1443 2892 τί
1483 2836 1630 2901 ξένον
1661 2835 1824 2905 ᾑμεῖς
1867 2829 1963 2885 καὶ

2069 2843 2276 2908 tulerit,
2306 2842 2688 2913 persolvenda,
2722 2844 2890 2899 veluti
2922 2847 3143 2916 regulas
3174 2856 3229 2901 et
3256 2846 3484 2911 formas,
3517 2863 3641 2917 qua:

369 2948 475 3016 τῆς
520 2940 801 3008 ἀληθείας.
828 2936 1109 3006 ἀλλότριον
1166 2928 1610 3001 διεπράξαμεθα,
1664 2926 1725 2981 τὸ
1762 2923 1864 3016 ὲπὶῗ
1896 2924 1963 3016 τῇ

2069 2952 2171 2991 nos
2198 2988 2203 2993 _
2232 2946 2627 3005 praecesserunt
2679 2937 3287 3008 exeunplasequentes,
3321 2940 3451 3008 quid
3513 2941 3645 2995 novi

372 3014 624 3102 θεολογίᾳ
658 3028 979 3098 ίσοδύναμον
1010 3028 1109 3097 τῆς
1136 3024 1206 3080 ἐκ
1233 3024 1326 3079 καὶ
1350 3024 1449 3093 τῆς
1487 3019 1585 3075 διὰ
1606 3016 1785 3085 πάντη
1816 3014 1967 3084 εὑρί-

2071 3041 2190 3089 nos,
2222 3033 2317 3081 aut
2348 3041 2377 3079 a
2415 3027 2834 3087 veritatealieni
2870 3029 3202 3100 peregimus,
3237 3045 3361 3084 cum
3399 3033 3452 3084 in
3482 3031 3647 3089 rebus

374 3121 1022 3194 σκοντες.ἁναμιρί6ολον,
1053 3117 1151 3173 καὶ
1194 3117 1293 3188 τὴν
1331 3114 1468 3185 μετὰ
1511 3111 1620 3166 τῶν
1654 3112 1721 3164 ὲκ
1746 3107 1961 3176 Πατρὸς

2074 3112 2390 3186 tlieologicis
2409 3119 2848 3188 praepositionum
2871 3134 2937 3174 ea:
2963 3130 3019 3175 et
3046 3138 3136 3189 per
3160 3123 3408 3191 aequales
3438 3123 3648 3192 absque

372 3227 472 3275 καί
499 3219 627 3273 Υἱοῦ
659 3214 1054 3287 ἐκπορεύεσθαι
1088 3213 1165 3265 τὸ·
1190 3210 1412 3279 Πνεῦμα
1432 3207 1705 3275 λεγόντων
1739 3204 1961 3275 εἰρήνην

372 3308 962 3383 πραγματευσάμενοι,
991 3303 1067 3367 ὡς
1098 3302 1195 3373 τὴν
1215 3304 1280 3355 ὲκ
1302 3298 1512 3366 Πατρδς
1541 3296 1610 3351 δι’
1642 3294 1771 3348 Υίοῦ
1796 3292 1963 3346 έκπόο

375 3382 567 3475 ρευπιν
615 3401 710 3453 καὶ
769 3398 1088 3467 στέργοντες
1135 3395 1235 3448 καὶ
1287 3390 1683 3463 πρεσὸεύοντες
1715 3405 1729 3453 ;
1765 3382 1964 3439 Tomi}-

372 3491 487 3546 ταί.
511 3492 652 3544 εἰσιν
692 3490 747 3543 αἱ
792 3485 1118 3556 κακουργίαι
1146 3482 1243 3537 τοῦ
1294 3483 1598 3550 δόγματοςο
1629 3478 1853 3531 τοιαῦτα
1896 3475 1967 3529 τὰ

378 3580 593 3649 ἔκφυλα
620 3579 915 3648 δόγματα,
948 3575 1092 3646 ἅπερ
1134 3574 1282 3644 ἡμᾶς
1311 3572 1581 3640 τολμῆσαι
1610 3569 1689 3631 είς
1720 3564 1967 3636 ταραχὴν

383 3675 490 3726 οὐκ
537 3670 729 3738 ὀλίγην
773 3669 868 3723 καὶ
914 3667 1088 3736 μέγαν
1132 3660 1537 3735 ἁναρῤιπισμὺν
1581 3658 1821 3728 πολέμου
1870 3657 1968 3725 τῆς

395 3760 728 3833 Ἐκκλησίας
782 3762 810 3813 6
848 3758 949 3829 τῆς
980 3756 1236 3825 ἀληθείας
1285 3752 1476 3822 ἐχθρὸς
1547 3748 1793 3819 Κύπριος
1843 3745 1970 3799 καθ’

381 3852 544 3922 ἡμῶν
567 3847 925 3905 νεανιεύεται.
958 3848 1032 3900 Σὺ
1058 3844 1221 3899 δ’ὰλλ’
1249 3844 1410 3906 αὐτὸς
1438 3841 1561 3894 εἰπέ
1602 3857 1712 3910 μοι,
1747 3838 1776 3891 6
1800 3837 1972 3890 ταῦτα

362 3946 510 4002 ,καθ’
550 3945 709 4017 ἡμῶν
747 3943 1181 4013 νεανιευόμενος,
1230 3940 1329 4010 τὴν
1368 3938 1467 3991 διὰ
1506 3934 1718 4007 ὲκλήψῃ
1756 3934 1847 3986 ἐπὶ
1876 3930 1972 3985 τοῦ

382 4040 536 4104 Υίοῦ,
584 4040 633 4092 εἰ
688 4035 1159 4106 πάνταλφυσικῶς
1205 4032 1320 4086 ἔστι
1346 4031 1413 4084 δι’
1452 4030 1583 4082 Υἱοῦ
1616 4032 1680 4080 ἐκ
1727 4026 1970 4097 Πατρὺς,

374 4148 481 4207 ὅσα
510 4131 575 4201 δὴ
607 4129 702 4183 καὶ
746 4127 992 4199 εἴρηνται
1036 4125 1102 4179 δι’
1148 4122 1299 4188 Υἱοῦ,
1331 4120 1451 4176 οὐδὲ
1480 4121 1591 4186 γὰρ
1625 4118 1721 4188 τὴν
1755 4118 1962 4186 ὑπηρε-

375 4221 541 4291 τικὴν
594 4220 694 4291 τῆς
756 4218 1068 4289 προθέσεως
1119 4215 1324 4284 ταύτης
1396 4214 1604 4268 έννοιαν
1680 4208 1974 4278 τολμήσεις

378 4308 871 4381 παραφθέγξασθαι
919 4307 1159 4372 πάντως,
1198 4307 1248 4357 εί
1292 4305 1367 4374 μὴ
1446 4299 1740 4372 προφανῶς
1791 4298 1976 4369 μέμη-

2086 3210 2194 3265 ulla
2228 3210 2574 3266 haesitatione
2622 3211 2766 3266 vires
2798 3212 3158 3279 invenientes,
3190 3228 3297 3268 una
3332 3229 3455 3269 cum
3499 3230 3651 3270 asse-

2069 3304 2316 3359 rentibus
2370 3317 2438 3358 ex
2493 3301 2657 3357 Patre
2712 3313 2768 3357 et
2810 3302 2952 3359 Filio
3013 3304 3277 3372 Spiritum
3327 3306 3642 3374 procedere.

2069 3411 2255 3468 pacem
2291 3395 2730 3466 procuravimus,
2758 3396 2853 3466 qui
2882 3410 2950 3452 ex
2973 3395 3134 3452 Patre
3160 3396 3483 3466 perIFilium
3516 3413 3649 3467 pro-

2072 3490 2380 3545 cessionem
2431 3496 2486 3543 et
2518 3488 2900 3558 amplectimur
2965 3497 3022 3543 et
3071 3490 3423 3557 proﬁtemur?
3455 3487 3653 3549 [lectio

2072 3589 2203 3636 sunt
2230 3581 2283 3635 in
2307 3582 2558 3652 dogmate
2587 3580 2850 3636 maleﬁcia
2868 3580 2891 3633 τ
2908 3578 3038 3635 Haec
3067 3582 3253 3650 spuria
3277 3597 3341 3637 ac
3366 3582 3651 3652 peregrina

2072 3672 2361 3740 dogmata,
2403 3687 2526 3740 qua:
2571 3685 2674 3726 nos
2707 3685 2873 3725 ausos
2893 3670 3084 3736 fuisse,
3128 3673 3195 3726 ad
3228 3672 3499 3727 maximas
3531 3682 3649 3726 tur-

2073 3762 2174 3817 bas
2206 3770 2261 3817 et
2316 3763 2510 3840 ingens
2556 3760 2684 3815 belli
2719 3761 3075 3818 ecclesiastici
3113 3763 3525 3819 incitamentum
3550 3778 3653 3820 ve-

2075 3855 2254 3910 ritatis
2283 3855 2460 3911 hostis
2486 3852 2719 3924 Cyprius
2754 3847 3068 3923 petulanter
3122 3862 3287 3925 atque
3322 3854 3651 3912 inconside—

2074 3955 2193 4002 rate
2236 3943 2451 4001 eﬂutiit.
2496 3941 2882 3999 Verumtamen
2924 3953 3000 4008 tu,
3056 3944 3152 4013 qui
3205 3940 3406 4000 similia
3458 3956 3651 4001 contra

2075 4050 2177 4090 nos
2215 4038 2484 4104 jactanter
2514 4033 2774 4101 blateras,
2814 4035 3254 4104 praepositionem
3283 4049 3653 4103 pet-assumes

2076 4127 2145 4180 de
2192 4124 2348 4191 Filio,
2396 4124 2441 4180 si
2491 4124 2681 4179 omnia
2729 4124 3056 4180 naturaliter
3082 4134 3217 4183 sunt
3263 4142 3330 4183 ex
3373 4126 3533 4182 Patre
3558 4143 3654 4197 per

2078 4215 2271 4273 Filium
2298 4253 2313 4280 ,
2342 4229 2682 4284 quaecunque
2720 4229 2816 4285 per
2844 4214 3039 4271 Filium
3097 4227 3454 4275 asseruntur:
3480 4233 3656 4289 neque

2077 4306 2222 4362 enim
2273 4307 2523 4362 servilem
2578 4307 2806 4378 hujusce
2836 4310 3260 4379 praepositionis
3315 4311 3653 4368 intellectum

379 4417 482 4462 νας
502 4416 516 4430 '
561 4401 712 4462 ποῖος
740 4398 800 4451 ού
833 4399 1011 4450 πείσει
1046 4414 1106 4451 σε
1132 4396 1288 4465 λόγρς
1318 4394 1452 4465 πρὸς
1488 4392 1550 4446 τὸ
1578 4390 1685 4444 τῶν
1714 4386 1963 4442 τοιούτωι

2080 4398 2305 4453 audebis
2338 4412 2577 4467 unquam
2608 4414 2877 4463 asserere,
2924 4400 2978 4455 ni
3025 4416 3255 4469 prorsus
3301 4412 3355 4457 et
3404 4410 3655 4472 patenter

377 4489 696 4561 προθέσεων
730 4489 1052 4558 ίσοδύναμον
1070 4505 1087 4557 ;

451 4664 518 4722 δ’.
560 4666 721 4722 Ἀλλὰ
746 4669 941 4739 καιρὸς
966 4665 1068 4737 ήδη
1092 4665 1192 4729 τὰς
1217 4667 1518 4737 περικοπὰς
1541 4661 1972 4736 ἁναλεγομένους

378 4758 476 4815 τοῦ
510 4760 618 4814 τῶν
640 4758 1002 4830 βλασφημιῶν
1040 4756 1292 4821 κώδικος,
1324 4760 1423 4822 τὰς
1458 4758 1689 4829 πλήρεις
1719 4756 1821 4825 τῆς
1842 4756 1993 4824 dim--

380 4852 533 4917 θείας
554 4854 710 4925 ἡμῶν
736 4850 1211 4924 καταστρωννύειν
1238 4856 1423 4925 γραφῇ
1446 4894 1462 4918 ,
1495 4853 1588 4906 καὶ
1615 4854 1706 4906 τὸν
1730 4849 1816 4920 ἐφ’
1843 4848 1974 4903 ἐκά-

387 4960 494 5016 στη
512 4945 697 5000 αὐτῶν
718 4945 1035 5015 ὀρθοτομεῖν
1058 4943 1300 5013 ἔλεγχον.
1322 4961 1341 4995 ι
1365 4944 1469 4997 Τολ
1481 4945 1556 5014 μᾷ
1580 4960 1663 5008 τις
1681 4945 1738 4997 ἐν
1768 4945 1964 5013 ἡμῖνμ

1997 4499 2054 4560 Ῑ)
2081 4489 2284 4559 desipis
2309 4506 2325 4543 :
2349 4504 2599 4558 quaenam
2631 4504 2761 4557 ergo
2778 4490 2915 4546 ratio
2931 4506 3041 4547 non
3064 4492 3317 4553 suadebit
3336 4492 3430 4548 tibi
3456 4494 3650 4548 barum

2069 4576 2513 4650 praepositionum
2543 4577 2688 4634 vires
2716 4579 2995 4647 aequales?

2140 4669 2195 4724 4.
2239 4667 2347 4723 Sed
2377 4680 2591 4737 tempus
2641 4667 2755 4738 jam
2785 4676 2893 4737 est,
2920 4667 3127 4727 codicis
3152 4668 3457 4739 Apericopas
3509 4671 3657 4726 blas-

2073 4760 2416 4829 phemiarum
2449 4759 2638 4828 plenas
2661 4760 2941 4831 colligere,
2966 4768 3023 4816 et
3056 4762 3355 4833 unicuique
3380 4764 3438 4819 in
3468 4773 3655 4825 nostra

2071 4850 2298 4907 veritate
2352 4853 2566 4905 ﬁrmata
2615 4852 2910 4921 scriptione
2956 4853 3203 4925 digesta.
3261 4853 3649 4913 refutationem

2075 4960 2240 5015 quam
2306 4943 2593 5014 aptissime
2646 4944 3087 5000 accommodare.
3149 4945 3448 5002 oAmletne
3504 4947 3656 5016 quis-

381 5037 809 5113 φησὶ,,ι,λέγειν
836 5038 920 5092 ὅτι
956 5038 1020 5091 ὲκ
1052 5037 1147 5091 τοῦ
1179 5034 1309 5089 Υίοῦ
1337 5037 1397 5089 τὸ
1423 5035 1646 5106 Πνεῦμα
1678 5034 1963 5104 ἐκπορεύε-

2077 5035 2253 5105 piam,
2283 5034 2435 5097 trait,
2471 5051 2492 5085 ι
2525 5034 2669 5088 inter
2714 5049 2812 5090 nos
2856 5035 3040 5091 dicere
3080 5052 3148 5091 ex
3198 5034 3337 5091 Filio
3391 5036 3652 5104 Spiritum

378 5147 494 5197 ται,
525 5129 715 5204 ὥσπερ
765 5127 961 5201 satis:
1015 5127 1112 5184 καὶ
1166 5128 1233 5183 ὲκ
1277 5126 1370 5182 τοῦ
1413 5127 1661 5197 Πατρόςς
1704 5125 1786 5179 ὅτι
1820 5123 1963 5179 xuii

2064 5126 2399 5198 procedere,
2432 5126 2922 5195 Qquemadmodum
2947 5128 3218 5197 .procedit
3264 5144 3329 5182 ex
3370 5126 3568 5187 Patre?
3596 5135 3652 5181 et

380 5223 717 5295 Μονογενὴς-
741 5221 916 5286 αἴτιος
972 5222 1162 5286 αὑτοῦ,
1196 5220 1362 5275 -καθὰ
1396 5219 1460 5290 δὴ
1488 5220 1580 5272 καὶ
1617 5220 1645 5272 6
1681 5218 1963 5272 τὸνΜονο-

2081 5218 2427 5288 Unigenitnm
2484 5231 2706 5272 causam
2756 5218 2906 5273 illius
2955 5234 3019 5272 ea
3046 5221 3162 5289 ipsa
3191 5218 3424 5281 ratione,
3457 5232 3566 5285 qua
3594 5225 3652 5273 et

383 5317 519 5386 γενῆ
549 5317 816 5386 γεννήσας
851 5315 1083 5385 Πατήρ;
1120 5332 1138 5366 ι
1177 5313 1241 5366 Ὠ
1278 5307 1649 5381 οἷονὰρτύεις
1678 5309 1770 5362 τὸν
1802 5309 1963 5373 δόλον,

2081 5323 2351 5379 generans
2386 5304 2737 5378 Unigenitum
2761 5306 2961 5364 Pater?
2993 5328 3013 5362 ι
3044 5307 3088 5363 Ο
3116 5308 3188 5363 mi
3221 5307 3405 5373 homo,
3437 5306 3653 5376 qualem

384 5410 481 5462 καὶ
520 5409 685 5462 πόσον
746 5425 829 5462 σοι
854 5411 994 5471 .τοῖς
1037 5408 1250 5479 ῥήμασι
1283 5406 1346 5461 τὸ
1381 5405 1673 5476 περίεργον
1710 5402 1918 5456 ἔνεστιν
1950 5403 1963 5456 ι

2074 5401 2295 5457 consuis
2341 5402 2526 5456 dolum
2554 5402 2568 5455 ι
2602 5401 2818 5467 Quanta
2848 5403 2961 5456 haec
2997 5412 3088 5456 tua
3121 5401 3283 5456 Verba
3339 5401 3658 5457 curiositaze

392 5498 586 5567 Ἡμεῖς
648 5499 737 5554 διὰ
787 5498 979 5553 πασῶν
1035 5499 1145 5552 τῶν
1199 5496 1485 5568 ἡμετέρων
1537 5495 1767 5566 γραφῶν
1802 5494 1862 5547 τὺ
1909 5495 1963 5547 ἐκ

2082 5495 2468 5549 deformantur
2502 5497 2516 5547 l
2547 5492 2659 5549 Nos
2706 5493 2762 5549 in
2798 5494 3052 5548 omnibus
3086 5491 3307 5561 scriptis
3351 5491 3552 5545 nostris
3588 5507 3654 5546 ex

384 5589 599 5659 Πατρός
628 5589 694 5643 δι’
720 5590 849 5644 Υίοῦ
872 5591 1275 5660 ἐκπορεύεσθαι
1304 5593 1555 5662 στέργειν
1582 5591 1677 5642 καὶ
1704 5588 1963 5659 πρεσϐεύ-

2083 5587 2245 5651 Patre.
2279 5602 2374 5657 per
2404 5585 2604 5643 Filium
2642 5587 2960 5657 procedere,
2994 5586 3125 5640 dum
3160 5583 3549 5655 amplectimur
3601 5593 3657 5638 et

384 5696 470 5731 ειν
512 5680 937 5749 ὁμολογοῦντες,
1016 5682 1156 5753 πρὸς
1206 5684 1306 5751 τὴν
1352 5683 1579 5753 εἰρήνην
1624 5681 1731 5734 τῶν
1784 5679 1883 5749 τὴν
1921 5677 1963 5730 ὲί

2092 5680 2335 5750 proﬁteri
2376 5680 2864 5749 nondcnegamus,
2887 5691 3071 5747 pacem
3101 5691 3224 5731 cum
3247 5676 3654 5747 processionem

382 5770 589 5842 ἀμφοῖν
610 5773 873 5844 λεγόντων
898 5775 1250 5846 ὲκπόρευσιν,
1275 5775 1350 5841 ὡς
1405 5775 1592 5829 ὀπαδοὶ
1619 5773 1711 5826 καὶ
1742 5768 1963 5843 μιμητα¹

2093 5789 2153 5829 ex
2193 5782 2424 5843 utroque
2473 5770 2832 5837 tradentibus,
2863 5769 2940 5824 uti
2982 5770 3204 5826 asscela:
3249 5778 3302 5826 et
3354 5768 3658 5824 imitatores
