4042 6400
513 266 618 328 87)

1571 264 1780 328 JOAN.
1821 268 2032 327 \‘ECCI
2073 268 2186 329 (ΣΡ.
2230 270 2740 332 ΡΑΤΙΠᾹΠΟΠᾸΞ

3625 289 3666 349 .S
3675 291 3730 348 ξεί)

518 376 729 442 missio,
757 390 865 445 qua
901 376 1110 430 ratione
1139 392 1234 446 per
1269 375 1468 432 Filium
1509 388 1770 448 perpetuo
1795 381 2062 452 ellulgens

2193 383 2352 436 τοῦτο
2410 385 2503 438 καὶ
2541 387 2889 456 σιωπήσομεν
2926 407 2936 418 ·
2977 391 3022 442 εἰ
3053 392 3096 443 δ’
3131 393 3203 456 ὡς
3235 394 3324 448 τοῦ
3362 397 3482 452 Υἱ,ῦ
3522 405 3734 470 φυσικῶς

515 483 624 522 non
660 467 1032 524 exsistentiam
1099 469 1296 522 habere
1331 483 1424 538 per
1455 465 1650 523 Filium
1687 471 1922 540 Spiritus
1957 487 2088 526 san.

513 569 634 614 rtus
665 559 1040 629 intelligetur?
1070 559 1149 624 Si,
1187 559 1264 613 uti
1301 575 1394 630 per
1424 561 1846 617 instrumentum
1873 565 2086 626 senile,

509 651 836 705 conceditur
879 651 982 704 hoc
1015 650 1083 704 ab
1115 651 1216 704 ista
1247 651 1604 718 decernente,
1649 655 1972 708 tacebinzus.
2025 654 2083 709 Si

507 760 637 798 vero
675 743 750 796 uti
777 741 918 796 Filio
950 743 1275 796 naturaliter
1313 743 1365 796 in
1397 744 1682 799 eil'ulsione
1723 746 1829 800 hac
1877 763 1938 799 ex
1977 745 2086 799 Pa-

510 846 611 896 tre,
629 843 718 886 aut
740 832 1200 899 manifestatione,
1217 843 1271 887 et
1290 835 1747 903 suppeditatione,
1769 845 1821 889 ct
1845 835 2083 900 datione,

505 936 556 978 et
593 923 850 978 missione
902 922 1198 987 mediante,
1232 924 1502 978 naturalis
1547 926 1650 980 ista
1691 925 1953 979 mediatio
1992 941 2086 995 per

505 1014 700 1069 Filium
737 1029 802 1068 ex
828 1011 990 1068 Patre
1025 1025 1153 1068 ante
1182 1028 1270 1066 res
1299 1029 1492 1069 omnes
1525 1015 1662 1071 alias
1700 1018 2080 1072 cxsistentiam

502 1104 865 1158 corroborat:
894 1103 1064 1172 etqui
1106 1119 1202 1170 per
1247 1101 1444 1157 Filium
1481 1107 1857 1160 exsistentiam
1909 1109 2081 1162 abne-

501 1201 610 1262 gat,
643 1205 755 1248 tuin
817 1195 887 1249 ob
943 1194 1263 1248 innovatum
1317 1197 1597 1262 ordinem,
1661 1200 2081 1255 etexsistentia:

501 1289 980 1358 improiationem,
1029 1296 1084 1343 et
1141 1291 1454 1344 universam
1505 1293 1664 1348 ﬁdem
1709 1295 1969 1366 abnegat,
2023 1305 2082 1351 ut

498 1395 621 1432 eum
658 1395 856 1450 magno
882 1389 934 1434 et
967 1380 1152 1434 divino
1188 1381 1388 1435 Basilio
1411 1382 1622 1452 loquar,
1659 1386 1804 1454 quod
1839 1389 2080 1442 servien-

499 1473 658 1535 tium,
692 1481 741 1525 et
770 1472 1202 1526 ministrantium
1241 1475 1424 1538 modo,
1451 1477 1634 1542 utjam
1661 1479 2076 1547 supposuimus,

498 1563 814 1618 necessario
873 1563 990 1618 haec
1055 1566 1237 1618 omnia
1282 1567 1700 1636 suppeditentur
1721 1583 1822 1636 per
1852 1567 2076 1632 Filium,

495 1655 882 1726 suppeditatio,
917 1656 1162 1726 inquam,
1187 1656 1336 1712 datio
1362 1697 1377 1722 ,
1425 1657 1636 1723 missio,
1676 1659 2072 1722 manifestatio,

2193 477 2283 526 ἐπὶ
2314 480 2380 546 τῇ
2411 478 2472 530 ἐκ
2508 478 2719 548 Πατρὺς
2749 479 3019 550 ἐκλάμψει
3064 485 3256 558 ταύτῃ,
3291 489 3320 558 ἦ
3355 491 3445 542 καὶ
3481 492 3736 560 emisset,

2199 567 2294 619 καὶ
2333 570 2596 639 χορηγίᾳ,
2637 572 2727 622 καὶ
2757 571 2920 635 δύσει,
2949 575 3042 626 καὶ
3067 577 3336 648 ἀποστολῇ
3371 581 3739 651 μεσιτεύοντος,

2193 659 2226 726 ἡ
2261 659 2466 730 φυσικὴ
2522 661 2658 731 αὕτη
2721 665 2971 732 μεσιτεία
3013 667 3110 737 τὴν
3144 667 3212 722 δι’
3265 670 3392 723 Υἰοῦ
3441 675 3502 726 ἐκ
3551 674 3740 746 Πατρδς

2191 751 2297 819 πρὸ
2347 750 2455 802 τῶν
2507 751 2682 805 ἄλλων
2721 755 2980 809 ἁπάντων
3020 759 3332 830 συνίστησιν
3365 761 3591 833 ὕπαρξιν
3620 781 3632 794 ·
3665 767 3742 818 καὶ

2188 843 2216 894 ὁ
2250 842 2347 912 τὴν
2371 841 2438 894 δι’
2467 842 2594 895 Υίοῦ
2626 845 3036 916 ἀπαρνούμενος
3063 849 3297 918 ’ὑπαρξιν
3319 851 3406 906 διά
3435 869 3490 905 τε
3519 854 3611 924 τὴν
3631 856 3742 926 περὶ

2187 931 2287 1000 τὴν
2344 933 2496 1000 τάξιν
2554 938 2910 1006 καινοτομίαν
2968 941 3059 993 καὶ
3118 942 3289 1010 αὐτῆς
3345 945 3440 1011 τῆς
3481 944 3742 1014 ὑπάρξεως

2187 1023 2446 1092 ἀθέτησιν
2491 1028 2584 1078 καὶ
2635 1027 2763 1096 ὅλης
2826 1033 3062 1084 ποιεῖται
3121 1035 3218 1103 τῆς
3267 1034 3502 1098 πίστεως
3538 1037 3742 1106 ἄρνησιν

2185 1115 2332 1168 κατὰ
2365 1117 2456 1170 τὸν
2481 1119 2656 1188 μέγαν
2684 1122 2857 1172 εἰπεῖν
2901 1123 2996 1176 καὶ
3022 1123 3162 1177 θεῖον
3189 1125 3490 1193 Βασίλειον,
3513 1129 3596 1182 διά
3615 1147 3667 1182 τε
3689 1129 3742 1182 τὸ

2187 1206 2543 1278 ὑπηρετικῶς
2581 1211 2673 1262 καὶ
2703 1209 3096 1283 ὶειτουργικῶς
3123 1217 3263 1269 κατὰ
3295 1217 3394 1288 τὴν
3427 1219 3672 1273 ὑπίθεσιν
3693 1221 3742 1287 ἐξ

2187 1298 2435 1368 ἀνάγκης
2462 1300 2636 1354 ταῦτα
2660 1303 2838 1357 πάντα
2867 1308 3226 1378 χορηγεῖσθαι
3243 1309 3312 1362 δι’
3332 1311 3483 1377 Υἱοῦ,
3505 1313 3744 1383 χορηγίαν

2181 1389 2346 1458 φημὶ,
2381 1391 2550 1456 δόσιν,
2597 1393 2925 1466 ἀποστολὴν,
2977 1401 3304 1470 φανέρωσιν,
3341 1401 3619 1471 ἔκφανσιν,
3661 1405 3742 1457 καὶ

2178 1480 2231 1531 εί
2257 1497 2305 1531 τι
2341 1480 2470 1534 ἄλλο
2524 1483 2772 1550 βούλεταί
2821 1504 2907 1550 τις
2954 1487 3135 1556 λέγειν
3181 1492 3440 1555 τοιοῦτον,
3482 1493 3740 1564 προδήλως

2179 1571 2303 1623 κατ’
2360 1573 2546 1625 οὐσίαν
2596 1577 2691 1627 καὶ
2735 1577 2898 1645 φύσιν
2945 1581 3181 1652 διίστησι
3229 1583 3320 1635 τὸν
3363 1584 3490 1636 Υίδν
3533 1587 3633 1638 dare
3662 1585 3742 1638 τ.ῦ

2182 1662 2420 1730 Πατρός.
2459 1665 2607 1730 Τέως
2633 1667 2687 1720 δὲ
2722 1671 2882 1722 ποίαν
2913 1673 3012 1742 οὐχ
3045 1674 3369 1745 ὑπερεῖαίνει
3411 1679 3507 1748 τὴν
3540 1679 3738 1745 ἀλογίαν

493 1748 732 1811 ell‘nlsio,
776 1758 830 1802 et
863 1749 906 1804 si
947 1748 1076 1818 quid
1117 1749 1262 1802 aliud
1287 1749 1556 1820 quispiam
1597 1752 1864 1814 attulerit,
1892 1751 2066 1806 mani-

2179 1753 2249 1806 δι’
2280 1753 2412 1806 Υἱοῦ
2445 1758 2538 1808 καὶ
2576 1758 2634 1823 ἐξ
2662 1759 2792 1812 Υίοῦ
2825 1764 3093 1833 ὑπάρχειν
3123 1743 3183 1818 τὸ
3210 1769 3437 1838 Πνεῦμα
3465 1743 3740 1838 δμολογεῖν,

497 1842 636 1895 festo
683 1841 980 1896 secundum
1038 1842 1338 1894 essentiam
1396 1851 1448 1896 et
1493 1852 1742 1896 naturam
1808 1841 2005 1895 Filium
2042 1857 2072 1896 a

493 1931 652 1988 Patre
685 1932 968 1988 dissociat.
1029 1931 1276 1988 Tandem
1337 1949 1502 2003 quam
1558 1949 1667 1986 non
1726 1934 2074 2002 sup-eratab-

493 2024 717 2078 surdam
771 2023 1139 2078 temeritatem
1192 2023 1444 2078 contitcri
1503 2039 1598 2092 per
1635 2021 1835 2076 Filium
1893 2035 1946 2078 et
2001 2041 2066 2080 ex

2183 1847 2279 1898 καὶ
2311 1845 2483 1899 ταῦτα
2521 1854 2918 1922 προσκειμένου
2951 1859 3016 1925 τῇ
3057 1857 3148 1910 τοῦ
3183 1859 3450 1930 ὑπάρχε.ν
3475 1861 3630 1926 λέξει,
3663 1863 3742 1914 καὶ

2181 1938 2275 1990 τοῦ
2305 1941 2550 2007 φυσικῶς
2581 1959 2639 1995 τε
2678 1947 2772 1998 καὶ
2801 1949 3096 2013 οὑσεωδῶς,
3145 1953 3243 2006 καὶ
3275 1954 3376 2022 τὴν
3407 1954 3471 2007 δι’
3514 1955 3634 2006 Υἱοῦ
3663 1955 3742 2006 καὶ

2179 2028 2237 2094 ἐξ
2275 2029 2405 2083 Tia-3
2430 2030 2664 2102 ὓπαρξιν
2691 2036 3056 2108 ἀπαρνεῖσθαι
3081 2041 3174 2094 τοῦ
3202 2044 3554 2116 Πνεὺματοςς

493 2118 632 2172 Filio
681 2116 947 2211 Spiritum
979 2116 1264 2211 exsistere,
1307 2116 1390 2171 cui
1417 2116 1534 2211 iam
1558 2115 1980 2172 addi‘turdictio
2009 2118 2277 2178 exsistere
2307 2138 2358 2180 et
2422 2129 2742 2184 naturaliter
2807 2141 2859 2185 ct
2913 2137 3308 2205 essentialiter,
3341 2115 3394 2196 et
3421 2157 3534 2196 eam
3565 2183 3578 2208 ,
3637 2157 3739 2211 qtae

493 2223 590 2279 per
637 2207 832 2262 Filium
883 2218 936 2263 et
966 2223 1032 2263 ex
1080 2206 1222 2261 Filio
1277 2216 1380 2274 est,
1417 2207 1653 2278 Spiritus
1689 2210 2066 2264 exsistenliam
2101 2211 2380 2269 intietari'!

569 2298 656 2353 10.
696 2319 714 2350 t
750 2297 854 2353 Sed
870 2314 970 2370 per
1001 2299 1222 2361 Filium,
1255 2317 1272 2350 ι
1301 2301 1396 2367 ait,
1431 2322 1449 2350 ε
1484 2311 1536 2354 et
1557 2317 1624 2354 ex
1644 2301 1780 2356 Filio
1815 2305 2078 2357 naturali-

494 2403 574 2445 ter
611 2390 920 2454 exsistere,
975 2407 1080 2444 non
1117 2406 1244 2444 vero
1305 2406 1400 2460 per
1457 2390 1654 2447 Filium
1704 2403 1752 2447 el
1809 2408 1874 2446 ex
1932 2392 2074 2447 Filio

489 2480 864 2546 exsistentiam
921 2480 1168 2545 habere,
1217 2481 1311 2550 qui
1363 2481 1415 2534 id
1458 2483 1818 2536 enuntiarunt
1852 2482 2070 2550 Patres,

491 2571 618 2625 fassi
675 2579 820 2626 sunt.
863 2589 881 2623 ι
950 2570 994 2626 Ο
1036 2581 1288 2642 argutum
1330 2572 1452 2626 talia
1511 2575 1875 2627 asserentium
1939 2590 2070 2627 acu-

493 2681 614 2717 men
644 2664 657 2716 ‘.
693 2663 867 2728 Quam
900 2663 1244 2718 admirabilis
1301 2673 1405 2728 est,
1460 2665 1531 2717 mi
1578 2664 1796 2734 Cyprie,
1835 2677 1925 2718 tua
1957 2667 2070 2722 haec

489 2755 797 2826 sapientia!
833 2764 892 2809 ut
931 2755 1198 2809 sublimes
1233 2765 1362 2808 sunt
1420 2763 1474 2808 et
1509 2757 1666 2824 plane
1696 2758 1944 2810 mthereae
1975 2774 2069 2811 c0-

441 2848 455 2860 '
488 2847 828 2918 gitationesl
867 2846 935 2900 At
966 2863 1068 2916 ego
1101 2848 1192 2917 qui
1227 2862 1330 2900 non
1377 2847 1446 2900 ita
1479 2849 1732 2902 curiosus
1762 2863 1884 2902 sum
1908 2889 1922 2913 ,
1970 2849 2065 2902 scd

489 2942 642 2996 rudis
669 2941 964 3009 hebesque,
999 2940 1129 2993 illud
1161 2957 1172 2992 :
1203 2955 1267 2994 ex
1309 2938 1446 2994 Filio
1475 2942 2065 3012 naturaliterSpiritum

2261 2305 2312 2361 ι’.
2357 2329 2374 2362 ι
2425 2312 2588 2366 Ἀλλὰ
2615 2314 2684 2368 δι’
2718 2315 2871 2380 Υἱοῦ,
2911 2338 2930 2371 ι
2969 2320 3124 2390 φησὶ,
3161 2342 3178 2374 t
3218 2325 3314 2377 καὶ
3341 2324 3401 2390 ἐξ
3431 2325 3555 2378 Υἰοῦ
3602 2343 3734 2394 (pur.-

2180 2397 2296 2462 κῶς
2350 2401 2640 2473 ὑπάρχειν,
2693 2405 2958 2474 οῦμενουν
3003 2408 3072 2462 δι’
3115 2408 3245 2463 Υἰοῦ
3281 2415 3374 2466 καὶ
3423 2411 3482 2477 ἐξ
3509 2411 3630 2465 Υἱοῦ
3653 2411 3734 2480 τὴν

2181 2489 2418 2562 ὓπαρξιν
2455 2493 2601 2563 ἔχειν
2645 2498 2695 2548 οἰ
2729 2497 3016 2568 εἰρηκότες
3045 2500 3298 2572 Πατέρες
3331 2503 3391 2556 τὸ
3437 2503 3646 2573 Πνεῦμα
3683 2501 3734 2554 τὸ

2179 2579 2337 2647 ἅγιον
2381 2581 2608 2653 ἔφησαν.
2647 2604 2667 2636 ι
2724 2586 2838 2656 Τῆς
2875 2587 3079 2660 λεπτῆς
3127 2593 3238 2646 τῶν
3283 2593 3457 2647 ταῦτα
3499 2594 3732 2662 λεγόντω)

2178 2672 2390 2734 ἐννοίας
2427 2673 2439 2725 l
2485 2674 2572 2737 Ὠς
2605 2675 2890 2750 Θαυμαστή
2931 2697 3046 2745 σου,
3080 2682 3324 2754 Κύπριε,
3352 2689 3384 2757 ἡ
3415 2685 3638 2754 γνῶσιςὲ
3669 2684 3729 2745 ὡς

2177 2762 2359 2834 ὑψηλά
2388 2780 2481 2818 σου
2511 2768 2576 2820 τά
2628 2770 2878 2838 νοήματα
2923 2773 3015 2826 καὶ
3044 2773 3268 2846 αἰθέρια
3299 2779 3312 2830 i
3365 2777 3503 2846 Ἐγὼ
3537 2778 3589 2831 δὲ
3619 2778 3731 2842 ἀφε-

2175 2853 2302 2919 λῶς,
2347 2855 2422 2920 ὡς
2471 2857 2581 2928 ἔχω
2630 2861 2726 2913 καὶ
2756 2861 2930 2926 οῦτως
2978 2865 3292 2935 ἰδιωτικῶς,
3323 2871 3384 2923 τὸ
3414 2874 3475 2924 ὲκ
3509 2869 3594 2922 τοῦ
3617 2865 3726 2920 Υἱοῦ

2175 2948 2424 3014 φυσικῶς
2485 2950 2753 3020 ὑπάρχειν
2809 2954 2870 3007 τὸ
2933 2957 3156 3027 Πνεῦμα
3212 2963 3302 3026 εἰς
3357 2962 3456 3032 τὴν
3513 2961 3570 3026 ἐξ
3616 2957 3726 3012 Υἱοῦ

486 3037 772 3097 exsistere,
833 3047 930 3101 pro
995 3030 1316 3085 exsistentia
1367 3048 1434 3086 ex
1493 3030 1628 3087 Filio
1687 3048 1962 3088 assumo:
2013 3042 2066 3086 cl

2171 3040 2408 3111 ὓπαρξιν
2437 3045 2767 3116 ἐκλαμσάνω
2791 3067 2802 3079 ·
2840 3049 2932 3104 καὶ
2965 3049 3064 3122 τὴν
3103 3051 3172 3117 ἐξ
3207 3054 3336 3107 ἀντὶ
3359 3030 3452 3122 τῆς
3489 3054 3580 3108 διὰ
3608 3050 3728 3106 κατὰ

486 3122 925 3194 pra'pmitionem
955 3136 1038 3185 ex,
1073 3121 1193 3174 loco
1232 3121 1634 3190 praepositionis
1678 3137 1788 3188 per,
1821 3132 1878 3175 ut
1929 3123 2068 3176 seri-

489 3217 594 3285 ptis
639 3216 893 3268 mandata
959 3213 1181 3268 traditio
1245 3214 1476 3278 intonat,
1538 3216 1605 3268 de
1659 3213 1800 3269 Filio
1854 3230 2066 3285 semper

487 3308 784 3376 accipiens,
838 3321 944 3358 non
1000 3305 1139 3360 duas
1187 3321 1382 3360 causas
1413 3304 1680 3374 Spiritus,
1727 3308 1820 3360 sed
1849 3306 2063 3362 Patrem

486 3413 708 3452 causam
748 3412 844 3464 per
875 3394 1074 3448 Filium
1118 3397 1309 3461 multa,
1341 3411 1463 3465 quae
1496 3414 1558 3452 ex
1591 3399 1858 3468 theologia
1889 3401 2065 3454 οιὶιυι·

486 3485 816 3542 contidentia
851 3527 866 3552 ,
929 3485 1233 3554 depraedico
1264 3525 1278 3552 ,
1333 3499 1385 3540 et
1434 3502 1782 3557 pragressum
1821 3505 1888 3542 ex
1953 3489 2066 3544 sole

488 3593 584 3648 per
644 3575 854 3630 radittm
916 3575 1142 3630 luminis
1177 3591 1275 3645 pro
1329 3578 1648 3632 exsistentia
1695 3593 1791 3647 per
1849 3581 2062 3634 radium

487 3669 840 3736 interpretor,
873 3672 930 3718 ut
963 3675 1151 3735 postea
1185 3666 1356 3720 multa
1387 3683 1509 3721 cum
1544 3667 1791 3722 libertate
1813 3683 1879 3722 ex
1913 3678 2064 3723 utro-

484 3775 611 3830 que,
643 3760 757 3812 sole
782 3773 976 3828 nempe
1006 3766 1060 3811 et
1087 3758 1261 3823 radio,
1289 3757 1468 3810 lumen
1509 3773 1631 3812 esse
1663 3759 2010 3828 pronuntiem
2042 3775 2058 3826 ;

483 3860 536 3903 et
569 3860 626 3904 ut
647 3853 807 3904 etiam
845 3849 1055 3902 radium
1083 3838 1286 3904 fontem
1316 3849 1536 3902 luminis
1567 3862 1811 3902 asserere
1833 3851 2058 3918 possitn.

483 3942 638 4008 Quoi
670 3957 798 3996 vero
837 3956 1002 4011 negas
1039 3941 1236 3995 habere
1279 3939 1538 4010 Spiritum
1570 3955 1664 4009 per
1715 3939 1912 3994 Filium
1947 3954 2000 3994 et
2031 3956 2060 3996 a

485 4032 646 4093 Filio,
675 4033 728 4088 id
766 4048 868 4100 ego
913 4031 1218 4087 exosculari
1269 4031 1556 4096 conﬁteor,
1606 4031 1812 4085 dictum
1877 4032 2058 4101 magni

478 4123 675 4176 Basilii
715 4140 743 4176 a
775 4121 914 4176 Filio
949 4121 1213 4191 Spiritum
1239 4137 1361 4177 esse
1398 4123 1699 4178 decernens
1729 4125 1869 4176 inter
1909 4125 2062 4176 theo-

481 4215 654 4284 IOgica
689 4215 836 4268 illius
867 4215 1059 4284 placita
1093 4228 1455 4280 enumerans;
1497 4215 1958 4284 quemadmodum
2007 4225 2061 4266 et

479 4306 612 4361 illud
638 4307 779 4360 beati
804 4305 980 4360 Patris
1009 4307 1179 4360 nostri
1209 4303 1462 4376 Nysseni.
1484 4309 1629 4376 quod
1659 4307 1809 4359 illum
1833 4321 1894 4357 ex
1923 4303 2056 4358 Filio

477 4415 599 4454 esse
630 4399 892 4454 declarat.

475 4486 486 4492 ”
551 4491 638 4545 il.
671 4509 691 4540 ε
729 4490 1068 4550 Communis,
1105 4507 1124 4540 ι
1161 4489 1254 4551 ait,
1291 4508 1310 4542 ‹
1333 4489 1570 4545 essentia
1590 4499 1644 4544 et
1672 4500 1864 4542 natura
1888 4490 2058 4559 hypo-

475 4592 686 4639 staseos
718 4597 885 4636 causa
905 4597 1011 4636 non
1045 4590 1127 4636 est
1156 4600 1168 4635 :
1194 4598 1318 4636 eum
1351 4597 1526 4651 neque
1547 4596 1787 4650 unquam
1811 4591 2051 4652 generet,

477 4691 656 4745 neque
693 4675 976 4744 producat.
1009 4672 1134 4730 llaec
1159 4673 1728 4729 eommunis‘essentia
1751 4673 2056 4728 individuo-

479 4783 600 4820 rum
642 4774 744 4821 est.
769 4763 969 4820 Verum
1025 4764 1259 4820 essentia
1289 4780 1414 4820 cum
1457 4765 1904 4833 proprietatibus,
1937 4781 2056 4835 qua:

483 4859 642 4928 plane
674 4857 1000 4912 auctoritate
1032 4857 1214 4927 magni
1248 4855 1466 4910 Maximi
1509 4855 1684 4926 ipsam
1721 4856 2054 4928 hypostasim

482 4961 670 5017 notat;
699 4951 809 5004 imo
838 4951 1001 5006 etiam
1024 4951 1197 5021 ipsius
1223 4949 1402 5020 magni
1433 4949 1636 5006 Basilii.
1661 4949 1760 5006 ilic
1789 4951 2052 5022 siquidem

477 5045 604 5098 item
631 5042 843 5110 delinit,
873 5043 1210 5114 hyposmsim
1237 5056 1378 5109 esse,
1410 5055 1530 5112 quae
1560 5056 1852 5097 commune
1884 5053 1938 5098 et
1971 5046 2054 5099 in-

475 5147 949 5218 circumscriptnm
969 5150 1020 5200 in
1040 5161 1100 5200 re
1119 5145 1298 5214 aliqua
1316 5161 1407 5214 per
1422 5158 1742 5217 apparentes
1759 5151 2058 5220 pr0prieta-

478 5251 557 5294 tes
581 5247 934 5310 repraesentat
969 5247 1022 5292 et
1053 5237 1474 5291 circumscribit.
1501 5257 1519 5288 ι
1556 5238 1701 5310 Euge
1733 5240 1871 5295 hanc
1908 5252 2053 5295 tuam

474 5333 898 5393 confessionem,
930 5330 1056 5382 licet
1085 5327 1153 5383 ad
1211 5329 1378 5393 aliud,
1415 5345 1513 5384 nec
1563 5331 1734 5400 ipsam
1771 5332 2054 5387 veritatem

479 5425 779 5493 respiciens
827 5424 988 5476 allata
1045 5421 1287 5477 dixeris!
1315 5420 1430 5475 Non
1471 5439 1818 5477 communem
1855 5441 2052 5480 essen-

474 5522 601 5568 tiam
635 5529 688 5569 et
717 5527 991 5574 naturam,
1013 5515 1104 5567 srd
1127 5529 1249 5567 cum
1280 5514 1710 5583 proprietatibus
1741 5519 2052 5582 essentiam,

478 5622 596 5673 qua:
637 5609 808 5673 pata-1:
845 5608 1014 5673 ipsam
1049 5606 1385 5675 liypostasim
1413 5616 1582 5670 notat,
1610 5622 1830 5660 causam
1881 5609 2050 5678 hypo-

473 5699 638 5778 stasis
676 5715 793 5752 esse
840 5697 1051 5761 fateris,
1084 5702 1428 5797 etgeggrare
1477 5711 1532 5754 ct
1567 5699 1868 5769 producere
1900 5704 2056 5756 sinti-

2171 3136 2473 3205 παράδοσιν
2509 3140 2792 3212 γραφικὴν
2825 3143 2918 3196 ἐπὶ
2945 3144 3040 3196 τοῦ
3075 3143 3205 3198 Υίοῦ
3245 3147 3537 3217 λαμϐάνων
3559 3143 3725 3209 diem?)

2166 3226 2260 3280 δύο
2289 3228 2382 3280 τοῦ
2434 3231 2756 3301 Πνεῦματος
2785 3236 2956 3298 αἴτια,
2989 3234 3080 3290 τὸν
3105 3236 3160 3290 δὲ
3193 3238 3422 3310 Πατέρα
3469 3240 3626 3293 αἴτιον
3655 3235 3726 3287 δὲ

2165 3317 2262 3372 τοῦ
2295 3320 2427 3374 Υἰοῦ
2462 3325 2602 3392 μετὰ
2641 3323 2840 3376 πολλοῦ
2872 3325 2966 3379 τοῦ
3002 3329 3094 3380 ἐπὶ
3125 3331 3191 3398 τῇ
3247 3331 3492 3402 Θεολογῖᾳ
3521 3329 3727 3400 ϐάρῥους

2166 3413 2531 3482 ἁνακηρὺττω
2561 3431 2574 3444 ·
2619 3417 2715 3468 καὶ
2746 3417 2844 3488 τὴν
2873 3421 2937 3471 ἐκ
2967 3419 3058 3473 τοῦ
3095 3421 3255 3491 ἡλίου
3296 3424 3380 3476 διὰ
3412 3424 3503 3492 τῆς
3531 3424 3723 3478 derivo;

2167 3504 2396 3574 πρόοδον
2431 3507 2728 3574 coemere,-
2763 3512 2842 3572 εἰς
2877 3511 2975 3582 τὴν
3009 3512 3096 3565 διὰ
3131 3516 3232 3584 τῆς
3265 3515 3480 3578 ἀκτῖνος
3515 3513 3718 3583 ὓπαρξιν

2165 3596 2494 3666 ἑξηγοῦμαι,
2560 3600 2648 3652 ἵνα
2709 3604 2846 3654 κατὰ
2911 3603 3117 3674 πολλὴν
3165 3606 3269 3676 τὴν
3312 3607 3494 3660 ἄδειαν
3537 3605 3618 3656 καὶ
3667 3599 3716 3662 ἐξ

2165 3688 2391 3756 ἀμφοῖν,
2439 3691 2532 3742 τοῦ
2567 3690 2720 3760 ἡλίου
2752 3692 2997 3762 δηλονότι
3040 3698 3133 3748 καὶ
3165 3697 3268 3766 τῆς
3295 3699 3505 3760 ἀκτῖνος
3533 3697 3588 3750 τί
3617 3692 3713 3762 φῶς

2163 3775 2308 3833 εἶναι
2351 3779 2535 3849 λέγοιμ
2555 3799 2591 3844 ι,
2623 3783 2716 3835 καὶ
2749 3783 2836 3836 ἵνα
2866 3789 2960 3838 καὶ
2983 3788 3080 3855 τὴν
3117 3787 3318 3843 ἀκτῖνα
3353 3789 3527 3856 λέγειν
3556 3784 3714 3853 πηγὴν

2163 3868 2342 3936 φωτὸς
2406 3869 2606 3939 ἔχοιμι,
2664 3873 2728 3924 Ὃ
2777 3873 2832 3926 δὲ
2883 3869 3022 3928 εἶναι
3071 3877 3436 3948 ἀπαγορεύεις
3492 3879 3623 3948 ἔχειν
3664 3875 3714 3925 τὸ

2167 3959 2388 4029 Πνεῦμα
2421 3963 2489 4014 δι’
2518 3961 2647 4014 Υἰοῦ
2679 3963 2776 4017 καὶ
2808 3967 2956 4034 παρὰ
2987 3967 3142 4036 Υίοῦ,
3174 3971 3289 4039 ἐγὼ
3313 3972 3466 4025 τοῦτο
3490 3971 3712 4040 στέργειν

2163 4048 2438 4118 ὁμολογῶ,
2469 4054 2571 4122 τὴν
2611 4054 2766 4125 παρὰ
2797 4057 2891 4110 τοῦ
2923 4057 3052 4110 Υῐοῦ
3090 4056 3234 4114 εἶναι
3272 4063 3332 4114 τὸ
3378 4061 3588 4129 Πνεῦμα
3613 4059 3712 4109 Osee

2163 4141 2436 4211 λογοῦσαν
2471 4147 2631 4216 ῥῆσιν
2665 4147 2758 4200 τοῦ
2792 4149 3036 4218 μεγάλου
3077 4151 3386 4216 Βασιλείου,
3425 4155 3536 4212 ταῖς
3568 4147 3710 4204 αὐτοῦ

2163 4233 2466 4301 θεολογίαις
2492 4235 2764 4306 ὲγκρίνων
2797 4253 2814 4270 ⁶
2849 4237 3036 4311 ὥσπερ
3062 4240 3154 4295 οὑν
3177 4246 3273 4297 καὶ
3300 4244 3396 4314 τὴν
3425 4242 3512 4294 τοῦ
3554 4253 3709 4308 pax:-

2164 4323 2282 4392 ρίου
2333 4323 2545 4392 Πατρδς
2600 4325 2757 4394 ἡμῶν
2806 4327 2900 4381 τοῦ
2947 4328 3194 4402 Νύσσης,
3228 4333 3326 4406 τὴν
3377 4336 3438 4385 ἐκ
3481 4329 3568 4383 τοῦ
3602 4325 3708 4380 Tia-3

2089 4430 2130 4483 υ
2161 4409 2304 4466 εἶναι
2336 4415 2468 4466 αὑτὸ
2497 4414 2782 4484 λέγουσαν.

2234 4511 2322 4558 ια’.
2373 4525 2390 4556 ι
2425 4507 2562 4576 Οὐχὶ
2623 4509 2654 4578 ἡ
2711 4510 2890 4578 κοινὴ,
2921 4527 2941 4562 ι
2976 4511 3164 4582 φησιν,
3199 4533 3218 4567 t
3252 4517 3407 4569 οὑσῖα
3447 4518 3532 4568 καὶ
3568 4513 3707 4581 φύσις

2159 4595 2510 4660 ὑποστάσεως
2563 4600 2710 4651 ἐστιν
2733 4600 2882 4656 αἰτία
2929 4603 3064 4672 μηδὲ
3096 4609 3392 4678 γεννητική
3434 4623 3578 4673 ποτε,
3603 4601 3706 4656 οὑΖέ

2159 4686 2502 4758 προϐλητικὴ
2529 4689 2668 4760 αῦτη
2705 4709 2768 4759 γε
2805 4695 2838 4765 ἡ
2871 4695 3026 4766 κοινὴ
3061 4697 3222 4750 οὐσία
3251 4701 3458 4768 πέφυκε
3483 4699 3580 4751 τῶν
3600 4693 3706 4748 ἀτό-

2161 4791 2300 4842 μων,
2339 4777 2372 4846 ἡ
2405 4777 2462 4830 δὲ
2489 4781 2609 4848 μετ’
2659 4781 2972 4850 ἰδιωμάτων
3004 4785 3178 4851 οὐσία,
3211 4789 3333 4859 ἥτις
3365 4791 3542 4856 σαφῶς
3584 4782 3705 4838 κατᾶ

2156 4867 2248 4921 τὸν
2309 4869 2485 4938 μέγαν
2531 4873 2788 4946 Μάξιμον
2844 4877 3018 4948 αὑτὴν
3054 4885 3204 4950 δηλοῖ
3259 4885 3355 4950 τὴν
3410 4881 3700 4934 ὑπόστασιν.

2171 4958 2334 5014 Ἀλλὰ
2363 4963 2459 5016 καὶ
2505 4964 2628 5017 κατ’
2657 4967 2822 5022 αὑτὸν
2866 4969 2933 5040 δὴ
2971 4971 3062 5026 τὸν
3101 4976 3272 5044 μέγαν
3303 4975 3589 5033 Βασίλεον,
3621 4969 3703 5020 κὰ-

2158 5055 2338 5117 κεῖνος
2361 5053 2484 5124 ’γὰρ
2513 5057 2757 5126 ὁρίζεται
2808 5061 3110 5118 ὑπόστασιν
3157 5065 3295 5120 εἶναι
3337 5067 3431 5137 τὴν
3462 5068 3516 5120 τὸ
3547 5063 3700 5118 κοινόν

2156 5159 2215 5196 τε
2246 5144 2342 5196 καὶ
2369 5147 2789 5218 ὰπερίγραπτον
2827 5154 2886 5205 ἐν
2935 5155 3010 5224 τῷ
3053 5173 3159 5211 τινι
3193 5161 3476 5230 πράγματι
3503 5155 3584 5209 διὰ
3607 5153 3700 5205 τῶν

2141 5239 2598 5310 ,ἐπιφαινομένων
2627 5245 2938 5316 ἰδιωμάτων
2971 5253 3322 5322 παριστῶσαν
3349 5254 3439 5305 καὶ
3463 5245 3700 5318 περιγρά-

2159 5348 2390 5401 φουσαν.
2427 5352 2444 5386 ι
2487 5335 2628 5405 Εὖγε
2659 5339 2756 5408 τῆς
2789 5341 3084 5411 ὁμολογίας
3110 5347 3332 5416 ταύτης,
3370 5341 3414 5400 ὦ
3439 5339 3578 5404 οὗτος
3603 5379 3618 5404 ν
3657 5336 3697 5388 εδ

2157 5425 2252 5478 καὶ
2282 5426 2417 5496 πρὸς
2452 5427 2580 5481 ἄλλο
2607 5447 2659 5484 τι
2694 5435 2845 5501 παρὰ
2871 5435 2970 5504 τὴν
2999 5438 3256 5508 ἀλήθειαν
3285 5437 3494 5507 ἀφορῶν
3519 5436 3577 5486 τὰ
3613 5433 3697 5500 ρη⁸

2161 5517 2321 5570 θέντα
2369 5520 2636 5588 είρήκεις.
2669 5525 2742 5576 Οὐ
2795 5525 2893 5596 τὴν
2935 5530 3121 5600 κοινὴν
3153 5530 3340 5581 ιὺσίαν
3397 5530 3484 5580 κιὶ
3532 5522 3691 5590 φύσιν,

2157 5611 2254 5676 τὴν
2306 5610 2361 5662 δὲ
2416 5613 2534 5680 μετ’
2581 5613 2890 5684 ἰδιωμάτων
2934 5623 3142 5688 οὐσίαν,
3180 5621 3298 5691 ἥτις
3343 5618 3518 5686 σαςῶς
3544 5610 3691 5676 αὐτὴν

2157 5698 2252 5771 δηλ
2285 5702 2306 5751 ῖ
2336 5701 2434 5770 τὴν
2475 5701 2796 5773 ὑπόστασιν,
2831 5709 3012 5762 αἰτίαν
3060 5712 3400 5768 ὑποςτάσεως
3431 5701 3690 5758 εἶναιόμο·

3735 4846 3744 4886 l
