4042 6396
276 474 369 539 881

1206 480 1641 541 BEFUTATIO
1682 480 1893 540 LIBRI
1942 481 2268 542 GEORGII
2309 484 2584 546 CYPRH.

3439 485 3545 545 8V2

275 588 477 653 λογεῖς,
529 584 623 637 καὶ
646 588 976 657 γεννητικὴν
1011 588 1105 640 καὶ
1146 590 1521 660 προϐλητικὴν
1552 590 1651 660 τὴν
1681 590 1865 643 τοιαύ-

1994 608 2075 646 t-m
2112 597 2407 647 essentiam
2450 610 2696 650 asserere
2730 611 2837 650 non
2892 597 3114 665 refugis.
3173 596 3374 651 Contra
3432 593 3550 651 haec

275 695 377 747 την
402 676 584 742 λέγειν
616 676 802 729 οὐσίαν
832 678 934 732 οὐκ
969 679 1269 753 ἀναϐάλλῃ.
1299 681 1409 733 Καὶ
1442 681 1576 753 πρὸς
1602 681 1774 734 ταῦτα
1805 683 1863 734 οὐ

282 765 447 836 μόνον
481 763 637 819 οὐδὲν
687 766 851 836 ἡμεῖς
886 767 1268 837 ἀντιλέγομεν,
1311 770 1449 824 ἀλλὰ
1484 771 1579 824 καὶ
1636 787 1863 841 συμφω-

276 857 477 925 νοῦμεν
512 854 605 908 καὶ
644 857 1027 927 συντιθέμεθα,
1094 860 1303 913 Ἐκεῖνο
1354 860 1409 913 δὲ
1449 860 1756 930 βουλόμεθά
1776 878 1867 914 σου

281 946 503 1016 μαθεῖν,
543 948 590 999 εί
646 947 791 1015 μόνῳ
822 947 902 1015 τῷ
935 949 1130 1019 Πατρὶ,
1162 950 1432 1019 οὐμενουν
1477 953 1573 1005 κα)⁵
1618 957 1732 1015 τοῖς
1763 951 1872 1005 λοιο

278 1038 401 1097 ποῖς
428 1034 536 1087 τῶν
566 1032 879 1104 προσώπων
913 1039 1012 1107 τὴν
1045 1038 1163 1106 μετ’
1202 1040 1513 1109 ἰδιωμάτων
1540 1041 1731 1095 οὐσίαν
1788 1043 1870 1105 εἰς

276 1122 513 1193 δήλωσιν
544 1123 895 1187 ὑποστάσεως
925 1127 1243 1197 ἀφορίζεις;
1276 1129 1338 1182 Ei
1375 1130 1474 1200 μὲν
1499 1132 1608 1202 γάρ
1639 1122 1734 1187 ἐπὶ
1769 1134 1871 1203 μό-

276 1232 353 1284 νῳ
385 1214 464 1285 τῷ
495 1215 669 1286 Πατρὶ
717 1218 749 1285 ἡ
797 1218 918 1285 μετ’
951 1218 1259 1289 ίδιωμάτων
1288 1221 1446 1276 οὐσία
1498 1224 1689 1293 σαφῶς
1720 1224 1873 1296 παρᾶ

280 1305 369 1357 σοὶ
398 1305 554 1375 δηλοῖ
575 1305 673 1375 τὴν
695 1308 1018 1376 ὑπόστασιν,
1049 1313 1106 1364 αἱ
1140 1313 1334 1367 πολλαί
1364 1331 1422 1368 σε
1449 1315 1561 1369 τῶν
1589 1318 1873 1385 πατρικῶν

276 1397 511 1469 γραφῶν
534 1398 868 1470 ψευδόμενον
896 1402 1476 1472 ἀπελέγξουσιν,οὑτω
1494 1409 1588 1462 καὶ
1618 1410 1712 1463 ἐπὶ
1739 1409 1871 1463 Υίοῦ

277 1493 380 1545 καὶ
410 1491 505 1543 ἐπὶ
549 1491 869 1561 Πνεῦματος
907 1498 1006 1566 τὴν
1044 1498 1167 1567 μετ’
1208 1499 1518 1569 ἰδιωμάτων
1551 1503 1757 1574 ταύτην
1784 1504 1875 1555 οὐ·

282 1584 411 1636 σίαν
447 1583 733 1649 λέγουσαι,
770 1584 843 1648 ὼς
876 1587 969 1639 ἐπὶ
1009 1589 1247 1658 Πατρὸς,
1281 1591 1337 1644 εῖ
1359 1610 1435 1663 τῳ
1467 1593 1543 1664 μὴ
1579 1596 1875 1666 παρέργως

275 1676 460 1728 ἐκεῖνο
507 1676 943 1744 ἀναγινώσκεται
976 1679 1068 1733 τοῦ
1110 1684 1501 1754 Δαμασκηνοῦ,
1537 1688 1619 1753 τὸ,
1653 1687 1708 1738 ι”
1731 1691 1876 1741 Οταν

278 1769 391 1837 γὰρ
444 1769 684 1839 ἑννοήσω
749 1770 878 1841 μίαν
923 1773 1032 1824 τῶν
1073 1775 1450 1843 ὑποστάσεων,
1500 1780 1708 1834 τέλειον
1744 1781 1877 1835 Θεὸν

282 1859 447 1911 αὐτὴν
471 1856 610 1928 οἴδα,
640 1862 852 1916 τελείαν
873 1866 1080 1920 οὐσίαν.
1113 1886 1133 1919 ›
1172 1870 1278 1921 Καὶ
1316 1868 1383 1924 αὐ
1418 1872 1475 1924 τι
1505 1872 1597 1926 τοῦ
1633 1872 1875 1941 μεγάλου

287 1950 589 2015 Βασιλείου,
642 1954 722 2019 τὸ,
756 1973 773 2007 ι
812 1956 957 2020 Ἕως
991 1958 1038 2010 δ’
1096 1960 1164 2013 ἂν
1211 1961 1483 2030 σκοπῶσι,
1519 1965 1593 2034 μὴ
1621 1935 1878 2019 λανθανέ-
1905 1935 1953 1995 Β

285 2062 471 2097 τωσαν
512 2046 771 2118 δευτέραν
803 2048 1016 2104 αἰώνων
1038 2051 1135 2122 τὴν
1161 2053 1255 2105 τοῦ
1286 2056 1656 2123 Μνονογενοῦς
1691 2057 1879 2111 οὐσίαν

281 2136 584 2205 τιθέμενοι.
642 2157 657 2186 ι
694 2140 803 2192 Καὶ
838 2141 1005 2195 πάλιν
1054 2144 1114 2196 τὸ
1157 2145 1255 2198 τοῦ
1292 2149 1536 2215 μεγάλου
1570 2150 1879 2220 Γρηγορίου

281 2226 369 2289 τὸ,
412 2245 431 2278 ‹
474 2227 618 2297 Φοεῇ
660 2229 724 2281 σὺ
760 2226 1037 2301 γέννησιν,
1065 2233 1151 2285 ἵνα
1203 2236 1277 2304 μή
1312 2253 1364 2288 τι
1400 2237 1548 2310 πάθῃ
1581 2239 1712 2302 Θεὸς
1740 2240 1768 2291 ὁ
1805 2239 1882 2309 μὴ

288 2321 541 2388 πάσχων.
574 2321 714 2390 Ἐγὼ
753 2323 808 2375 δὲ
837 2324 1113 2394 φοϐοῦμαι
1143 2326 1239 2396 τὴν
1275 2329 1477 2394 κτίσιν,
1509 2330 1593 2383 ἴνα
1640 2330 1716 2401 μὴ
1748 2332 1882 2384 θεὸν

285 2414 548 2467 ἀπολέσω
572 2414 661 2469 διὰ
690 2416 787 2486 τῆς
820 2416 1035 2488 ὕϐρεως
1069 2419 1162 2472 καὶ
1196 2423 1292 2491 τῆς
1325 2421 1510 2475 ἀδίκου
1543 2423 1881 2492 κατατομῆς,

285 2508 321 2577 ἢ
352 2506 443 2560 τὶν
480 2508 609 2561 Υὶὶν
644 2508 859 2577 τέμνων
895 2510 1003 2564 ἀπὸ
1030 2512 1124 2565 τοῦ
1168 2514 1401 2584 Πατρὸς,
1431 2516 1462 2587 ῆ
1498 2517 1605 2569 ἀπὸ
1628 2516 1722 2569 τοῦ
1750 2515 1883 2569 Υίοῦ

282 2599 389 2668 τὴν
426 2598 614 2655 οὐσίαν
648 2600 743 2655 τοῦ
762 2602 1136 2673 Πνεύματος.»
1180 2608 1240 2658 Εἰ
1274 2607 1330 2659 δὲ
1360 2607 1492 2681 δέχῃ
1534 2608 1633 2677 μὲν
1669 2610 1763 2663 καὶ
1791 2610 1888 2662 αὑο

285 2690 386 2752 τὸς
423 2691 596 2762 αὐτὴν
626 2691 724 2763 τὴν
753 2694 847 2747 τοῦ
886 2695 1093 2763 Πατρὸς
1122 2698 1363 2752 νοεῖσθαι
1404 2701 1727 2767 ὑπόστασιν,
1757 2702 1888 2756 ὅταν

285 2783 352 2834 τὸ
380 2782 503 2836 ὅλον
541 2783 704 2837 τοῦτο
738 2786 879 2855 μετὰ
931 2791 1025 2841 τοῦ
1063 2791 1497 2862 προσδιορισμοῦ
1538 2796 1570 2865 ὴ
1602 2797 1760 2848 οὐσία
1790 2795 1887 2848 τοῦ

286 2877 431 2931 ΥΞοῦ
462 2878 711 2950 λέγηται,
744 2881 838 2936 καὶ
861 2883 1030 2953 αὐτὴν
1053 2884 1153 2955 τὴν
1184 2884 1280 2938 τοῦ
1315 2887 1633 2958 Πνεὺματος
1653 2889 1891 2943 νοεῖσθαι

286 2970 617 3037 ὑπόστασιν,
653 2973 780 3025 ὅταν
807 2973 867 3026 τὸ
910 2975 1029 3028 ὅλον
1073 2977 1232 3031 τοῦτο
1269 2978 1409 3048 μετὰ
1454 2981 1548 3035 τοῦ
1579 2983 1894 3055 προσδιορι-

285 3083 355 3133 σ,.
377 3063 441 3117 οὖ
481 3067 515 3136 ἡ
559 3064 652 3118 τοῦ
686 3065 1009 3138 Πνεὺματος
1044 3070 1207 3123 οὐσία
1250 3071 1479 3142 λέγηται
1513 3089 1528 3103 ο
1573 3076 1711 3149 μόνῃ
1738 3076 1793 3128 δὲ
1826 3078 1891 3146 τῇ

282 3154 393 3208 τοῦ
457 3157 674 3225 Πατρὸς
714 3158 886 3229 οὐσία⁵
930 3158 991 3211 τὸ
1032 3164 1354 3231 γεννητικὸν
1378 3164 1473 3215 καὶ
1524 3164 1893 3235 προϐλητικδν

1974 684 2109 738 nihil
2143 700 2244 739 nos
2275 686 2852 757 opponimushverutn
2907 688 2960 742 in
3017 689 3102 743 his
3152 697 3206 743 ct
3250 688 3553 743 concorda-

1972 791 2114 839 mus,
2147 786 2203 830 et
2234 792 2522 833 assensum
2556 782 2892 848 pra-bemus.
2922 779 3059 835 illud
3099 796 3267 851 porro
3289 798 3317 836 a
3348 788 3402 835 le
3430 783 3559 836 edo-

1971 866 2085 920 ceri
2113 869 2390 936 cupimus,
2426 884 2492 921 an
2530 869 2632 923 soli
2665 869 2839 935 Patri,
2868 886 2974 924 non
2998 886 3130 925 vero
3158 871 3280 925 aliis
3305 872 3556 940 personis

1970 958 2263 1013 essentiam
2296 975 2418 1031 cum
2442 962 2864 1029 proprietatibus
2900 962 2965 1017 ad
2992 965 3356 1019 denotandam
3382 965 3554 1035 hypo—

1973 1049 2164 1104 stasim
2216 1051 2497 1105 vindicas?
2557 1051 2767 1107 Etenim
2808 1054 2941 1107 siin
2993 1055 3112 1108 solo
3156 1051 3315 1109 Patre
3359 1070 3553 1108 esseu-

1973 1144 2047 1196 tia
2080 1157 2202 1196 cum
2245 1144 2674 1213 proprietatibus
2718 1146 2897 1215 palam
2933 1146 3076 1213 apud
3120 1156 3170 1201 te
3211 1147 3551 1253 hyp‘stasim

1974 1243 2152 1301 notat,
2197 1236 2455 1306 pleraque
2502 1237 2722 1293 Patrum
2760 1240 2965 1308 scripta
3008 1249 3058 1294 te
3093 1236 3363 1294 mendacii
3406 1239 3556 1297 falsi-

1976 1329 2215 1394 latisque
2236 1330 2582 1394 convincent,
2619 1348 2739 1400 qua:
2769 1333 3023 1387 similiter
3049 1344 3103 1388 et
3132 1334 3199 1387 de
3228 1333 3369 1387 Filio
3414 1345 3465 1387 et
3490 1335 3557 1389 de

1976 1419 2184 1488 Spiritu
2225 1421 2366 1475 hanc
2411 1437 2536 1476 cum
2570 1425 3000 1493 pr0prictatibus
3050 1427 3349 1481 essentiam
3407 1442 3561 1494 aeque

1978 1522 2146 1583 atque
2182 1513 2251 1568 do
2289 1513 2450 1568 Patre
2486 1516 2732 1581 tradunt,
2774 1516 2828 1571 ni
2880 1518 3038 1587 quasi
3083 1518 3229 1573 aliud
3259 1534 3428 1587 agens
3461 1518 3569 1573 Da-

1979 1605 2348 1661 mascenicum
2380 1605 2511 1660 illud
2557 1610 2863 1665 versaveris
2898 1627 2914 1666 :
2946 1628 2965 1661 ι
3006 1609 3143 1665 Cum
3185 1611 3330 1665 enim
3366 1626 3567 1665 conce-

1977 1713 2110 1770 pere
2138 1715 2299 1753 unam
2332 1714 2398 1753 ex
2429 1700 2833 1773 hypostasibus,
2855 1701 3156 1771 perfectum
3191 1703 3357 1758 Deum
3387 1704 3566 1773 ipsum

1979 1805 2239 1860 agnosco,
2259 1789 2553 1861 perfectam
2580 1794 2897 1849 essentiam.
2921 1814 2940 1845 ι
2964 1794 3028 1849 Ει
3050 1795 3183 1851 illud
3216 1797 3395 1867 magni
3424 1797 3573 1852 Basi—

1990 1879 2046 1934 lii
2073 1898 2119 1934 ιι
2145 1880 2330 1935 Donec
2350 1889 2631 1949 tacent,ne
2656 1893 2706 1937 te
2730 1884 2913 1949 lateat,
2936 1885 3229 1941 secundam
3246 1888 3570 1942 szeculorum

1985 1971 2260 2041 Unigeniti
2284 1973 2579 2027 essentiam
2617 1973 2815 2029 facere.
2850 1995 2869 2027 ι
2911 1974 3130 2031 Necnon
3153 1979 3335 2049 magni
3368 1978 3575 2049 Grego-

1982 2063 2049 2119 rii
2084 2081 2097 2117 :
2137 2081 2154 2113 ι
2196 2062 2399 2118 liorres
2426 2074 2479 2118 ttt
2537 2068 2985 2135 generationem.
3030 2084 3095 2122 ne
3147 2071 3276 2139 quid
3334 2072 3575 2140 patiatur

1983 2156 2150 2221 Deus,
2183 2146 2426 2226 quianon
2463 2159 2670 2227 patitur
2709 2161 2867 2230 :ipse
2904 2161 3105 2216 horreo
3132 2171 3438 2217 creaturam
3463 2202 3476 2220 .
3510 2176 3577 2216 ne

1984 2246 2154 2302 Deum
2199 2249 2565 2320 perinjnriam
2596 2260 2653 2305 et
2684 2252 2944 2321 injustam
2978 2255 3277 2309 sectionem
3328 2253 3573 2324 perdam,

1985 2349 2077 2391 aut
2131 2337 2331 2397 Filium
2383 2356 2578 2396 secans
2608 2357 2637 2396 a
2672 2342 2855 2408 Patre,
2897 2354 2990 2398 aut
3040 2360 3070 2399 a
3119 2345 3258 2399 Filio
3281 2346 3576 2401 essentiam

1989 2429 2246 2500 Spiritus.
2292 2452 2310 2485 ι
2343 2430 2499 2498 Quod
2525 2435 2572 2488 si
2606 2443 2661 2487 tu
2690 2450 2911 2505 quoque
2939 2437 3111 2505 ipsam
3146 2436 3269 2491 Filii
3317 2437 3580 2509 hyposta—

1988 2523 2091 2577 sim
2118 2523 2420 2593 intelligere
2446 2539 2556 2579 non
2587 2524 2812 2593 refugis,
2844 2541 2967 2581 cum
3001 2529 3101 2582 hoc
3128 2536 3299 2582 totum
3323 2514 3576 2597 praescri-

1990 2627 2084 2683 pto
2113 2616 2280 2669 etiam
2313 2615 2474 2684 Filio,
2501 2618 2738 2673 essentia
2766 2616 2887 2673 Filii
2925 2619 3169 2675 dicitur:
3206 2632 3259 2675 et
3292 2622 3467 2691 ipsum
3498 2622 3579 2676 in-

1993 2708 2237 2779 telligere
2268 2708 2505 2777 Spiritus
2540 2710 2905 2781 hypostasim,
2946 2727 3070 2766 cum
3107 2713 3211 2767 hoc
3252 2722 3424 2767 totum
3453 2728 3577 2768 cum

1994 2800 2408 2873 praescriptione
2459 2800 2723 2870 Spiritus.
2777 2803 3015 2857 essentia
3070 2802 3313 2872 Spiritus
3352 2804 3579 2870 dicitur,

1995 2895 2095 2949 soli
2131 2907 2262 2947 vero
2288 2892 2466 2947 Patris
2509 2893 2762 2948 essentne
2795 2902 2851 2947 et
2885 2907 3152 2962 generare
3185 2902 3238 2948 et
3279 2895 3584 2964 producere

1996 2985 2267 3052 ascribis;
2300 2994 2680 3045 verumtamen
2711 3001 2807 3056 pro
2827 2987 3022 3041 harum
3057 2986 3452 3057 preprietatum
3485 2987 3583 3042 de-

2001 3078 2391 3134 terminatione
2437 3079 2648 3148 scripto
2684 3078 2885 3133 tradita
2921 3078 3222 3133 auctoritas
3270 3086 3529 3148 poscctur
3554 3091 3583 3129 a

2001 3180 2071 3225 te.
2103 3169 2354 3241 Namque
2399 3171 2697 3255 generandi
2773 3171 2853 3225 vis
2906 3170 3007 3225 soli
3050 3168 3228 3224 Patris
3280 3169 3582 3240 hypostasi,

284 3248 605 3320 ἀφορίζεις.
672 3250 816 3304 Ἀλλ’
865 3252 1103 3306 ἐνταῦθα
1162 3256 1449 3326 γραφικήν
1504 3274 1625 3311 τινα
1669 3259 1765 3311 ἐπὶ
1814 3258 1890 3328 τῷ

2001 3265 2145 3333 quod
2179 3263 2234 3317 in
2261 3248 2516 3319 confesso
2567 3263 2712 3333 apud
2752 3277 2946 3319 omnes
2984 3270 3088 3328 est,
3126 3261 3468 3326 vindicatur,
3532 3271 3589 3315 ct

284 3339 409 3395 τῶν
440 3340 703 3397 τοιούτων
729 3344 1040 3414 ἰδιωμάτων
1082 3346 1379 3419 άφορισμῷ
1406 3347 1762 3420 ἁπαιτηθησῃ
1786 3350 1888 3419 τὴν

291 3435 640 3507 μαρτυρίαν.
696 3436 768 3490 Τὸ
801 3438 909 3507 γὰρ
941 3440 1231 3507 γενητικδν
1266 3440 1406 3513 μόνῃ
1444 3444 1511 3511 τῆ
1540 3440 1637 3495 τοῦ
1673 3441 1891 3510 Πατρὸς

291 3532 603 3583 ὑποστάσει
661 3529 1113 3602 ὁμολογουμένως
1174 3532 1515 3603 ἀφώρισται,
1583 3535 1678 3588 καὶ
1740 3536 1892 3588 πᾶσα

290 3623 493 3693 γραφὴ
544 3623 672 3693 περὶ
718 3622 827 3676 τῶν
867 3624 946 3693 τῷ
991 3625 1168 3697 Πατρὶ
1220 3628 1456 3681 ἐνόντων
1507 3628 1892 3685 ὑποστατικῶν

296 3715 615 3785 ἰδιωμάτων
671 3715 1124 3786 διαλαμϐάνουσα
1156 3718 1316 3772 τοῦτο
1350 3721 1658 3792 συνίστησι.
1716 3723 1754 3773 Ὺ
1760 3722 1788 3775 ὸ
1834 3722 1893 3776 δὲ

296 3808 675 3880 προϐλητικὸν
706 3808 970 3880 οὐδεμίαν
997 3810 1143 3877 ἕξεις
1172 3811 1451 3877 ἀποδεῖξαι
1496 3813 1719 3883 γραφὴν
1746 3814 1894 3882 μόνῳ

292 3905 380 3965 τῷ
409 3903 581 3974 Πατρὶ
612 3903 1020 3972 ἁπονέμουσαν,
1059 3904 1113 3957 ετ
1146 3921 1209 3973 γε
1250 3907 1358 3958 πᾶν
1392 3906 1541 3959 τὸέκ
1580 3908 1794 3977 Πατρὸς
1824 3908 1894 3961 δι’

295 3998 436 4053 Υίοῦ
492 3999 787 4069 εἰρημένον
847 3998 1077 4070 ἑνότητα
1146 3999 1271 4071 οὐχὶ
1350 4001 1621 4071 διαίρεσιν
1684 4002 1896 4072 Πατρὸς

296 4092 596 4161 συνίστησι
646 4093 743 4144 καὶ
793 4090 949 4145 Υίοῦ.
997 4092 1307 4156 Προὸολεὺς
1356 4094 1415 4147 δὲ
1473 4094 1564 4148 διὰ
1610 4094 1742 4147 Υίοῦ
1797 4095 1896 4149 τοῦ

291 4186 463 4253 ἁγίου
512 4184 899 4255 τεθεολὸγηται
936 4186 1257 4255 Πνεύματος
1290 4189 1317 4240 ὁ
1346 4189 1536 4259 Πατήρ
1561 4207 1574 4221 ·
1611 4189 1712 4243 οὐκ
1754 4189 1898 4260 ἔχεις

289 4278 547 4340 πάντως,
620 4276 726 4330 κᾶν
789 4280 837 4329 εἰ
908 4277 1079 4347 μυρία
1120 4276 1304 4350 κάμῃς
1358 4280 1538 4333 πᾶσαν
1574 4280 1901 4334 θεόπευστον

285 4366 605 4438 ἀνιχνεύων
644 4367 870 4439 Γραφὴν
922 4369 1005 4433 είς
1059 4369 1158 4437 τὴν
1193 4370 1294 4439 τῆς
1345 4370 1625 4441 πατρικῆς
1659 4372 1901 4426 ὑποστά-

285 4477 445 4524 σεως
467 4461 702 4531 ἰδιότητα
727 4460 1122 4533 ἀφοριζόμενον
1142 4464 1324 4536 εὑρεῖν
1344 4464 1406 4518 τὸ
1428 4464 1814 4535 προϐλητικόν.
1838 4465 1903 4521 Εἰ

282 4552 414 4623 γὰρ
460 4552 605 4606 τοῦτ’
653 4548 742 4623 ἦν,
786 4554 887 4607 οὐκ
918 4554 983 4608 ἂν
1017 4556 1081 4608 ἐκ
1112 4555 1214 4625 τῆς
1249 4556 1436 4621 οὐσίας
1465 4557 1561 4609 τοῦ
1590 4558 1804 4628 Πατρὶς
1836 4560 1897 4611 τὸ

1995 3356 2197 3425 scripta
2241 3355 2427 3411 omnia
2474 3355 2543 3411 de
2600 3354 2961 3427 hypostaticis
3013 3354 3441 3424 proprietatibus
3486 3353 3590 3408 Pa-

1995 3449 2064 3504 tri
2094 3447 2496 3504 inhaerentibus
2528 3448 2824 3504 tractantia
2852 3449 2957 3505 hoc
2989 3447 3343 3504 conﬁrmant.
3377 3446 3589 3501 Produ-

1993 3541 2152 3596 cendi
2190 3555 2320 3596 vero
2344 3541 2451 3594 vim
2491 3540 2592 3597 soli
2624 3538 2774 3595 Patri
2825 3540 3053 3595 attribui
3083 3541 3293 3595 nullum
3345 3554 3588 3609 unquam

1996 3632 2262 3703 scriptum
2302 3632 2356 3687 id
2406 3646 2666 3688 asserens
2719 3632 3086 3703 produxeris;
3121 3631 3166 3685 si
3200 3630 3469 3701 quidquid
3523 3647 3589 3684 ex

1995 3722 2157 3777 Patre
2183 3738 2277 3793 per
2304 3722 2503 3777 Filium
2534 3723 2759 3785 dicitur,
2792 3723 3081 3788 unionem,
3121 3737 3229 3776 non
3258 3721 3589 3775 ditisionem

1996 3814 2176 3871 Patris
2206 3829 2259 3871 et
2290 3816 2412 3870 Filii
2450 3816 2716 3871 insinuat.
2757 3818 3067 3871 Productor
3102 3829 3233 3869 vero
3259 3830 3354 3884 per
3386 3812 3588 3868 Filium

2000 3909 2179 3965 sancti
2211 3908 2450 3979 Spiritus
2475 3907 2639 3963 Pater
2667 3924 2695 3963 a
2738 3908 3010 3978 theologis
3058 3906 3395 3963 decernitur.
3433 3904 3591 3959 Nullo

2001 4004 2167 4060 modo
2200 4003 2500 4066 inveneris,
2528 4002 2653 4057 licet
2702 4001 3282 4069 innumeroslabores
3329 4014 3589 4067 suscepe-

2003 4098 2105 4162 ris,
2163 4097 2480 4151 universam
2536 4096 2804 4151 divinitus
2866 4094 3191 4165 inspiratam
3245 4092 3586 4163 Seripturam

2005 4189 2409 4259 pervestigans,
2447 4187 2785 4257 producendi
2843 4186 2954 4241 vim
2991 4195 3232 4256 paterna:
3276 4184 3590 4255 hypostasis

2005 4283 2326 4353 proprietati
2352 4282 2643 4351 assignari.
2681 4280 2734 4336 Id
2759 4278 3029 4348 siquidem
3062 4279 3108 4334 si
3137 4285 3301 4342 esset,
3331 4277 3588 4346 Spiritus,

2005 4374 2101 4443 qui
2141 4389 2208 4427 ex
2258 4373 2499 4427 essentia
2558 4370 2740 4427 Patris
2776 4371 3002 4434 dicitur,
3062 4384 3128 4425 ex
3182 4370 3421 4424 essentia
3470 4367 3591 4421 Filii

2010 4479 2121 4519 non
2170 4464 2465 4519 diceretur.
2519 4463 2586 4517 Et
2654 4477 2723 4516 ne
2772 4461 2906 4517 mihi
2958 4476 3155 4516 rursus
3203 4460 3436 4515 subtiles
3474 4460 3595 4514 illas

2011 4556 2415 4627 speculationes
2461 4554 2724 4619 inculces,
2760 4551 2942 4608 Patris
2983 4553 3203 4623 quidem
3249 4553 3504 4608 essentia:
3540 4554 3593 4606 in

285 4647 536 4717 Πνεῦμα
565 4648 882 4717 λεγόμενον,
908 4650 973 4701 ἐκ
1000 4649 1098 4716 τῆς
1130 4649 1317 4715 οὐσίας
1352 4651 1571 4721 ἐλέγετο
1602 4652 1697 4706 τοῦ
1742 4651 1890 4709 Υίοῦ.

2004 4650 2285 4722 hypostasi
2337 4664 2461 4703 esse
2513 4648 2781 4711 tribuens,
2834 4662 2958 4702 cum
3010 4661 3076 4701 ex
3130 4647 3369 4702 essentia
3412 4645 3595 4701 Patris

282 4739 399 4807 Μὴ
436 4740 545 4811 γάρ
578 4756 669 4810 μοι
706 4741 802 4795 καὶ
833 4740 992 4795 πάλιν
1025 4741 1095 4795 τὰ
1120 4740 1295 4796 λεπτὰ
1326 4744 1510 4798 ἐκεῖνα
1534 4744 1662 4813 λέγε
1693 4744 1899 4815 νοήμα-

282 4850 396 4896 τα,
435 4835 502 4903 τῇ
535 4834 634 4903 μὲν
689 4832 785 4886 τοῦ
821 4833 1037 4903 Πατρδς
1069 4834 1227 4907 οὐσίᾳ
1254 4835 1314 4889 τὸ
1339 4837 1707 4892 ὲνυπόστατον
1738 4854 1902 4909 χαρι-

284 4926 559 4995 ζόμενος,
586 4925 727 4979 ἐπὰν
759 4926 825 4979 ὲκ
857 4925 959 4996 τῆς
995 4924 1333 4997 τοῢοΠατρὸς
1363 4929 1554 4992 οὐσίας
1581 4931 1640 4983 τὸ
1677 4929 1903 5002 Πνεῦμα

285 5022 363 5075 τὸ
400 5019 556 5087 ἅγιον
586 5019 853 5092 λέγηται·
886 5020 947 5073 τὸ
972 5020 1030 5074 δὲ
1064 5020 1129 5075 ἐκ
1157 5020 1258 5091 τῆς
1296 5021 1483 5085 οὐσίας
1514 5021 1610 5076 τοῦ
1642 5023 1774 5078 Υἱοῦ
1811 5024 1900 5077 διὰ

288 5118 360 5172 τὺ
392 5114 493 5183 τῆς
523 5114 711 5178 οὐσίας
740 5115 941 5167 ἑνιαῖον
976 5115 1376 5182 διατεινόμενος
1406 5112 1684 5182 λέγεσθαι,
1712 5113 1901 5185 ὥσπερ

292 5212 374 5266 ἂν
433 5208 483 5260 εἰ
535 5209 629 5262 καὶ
678 5207 984 5279 διῃρημένη
1036 5206 1133 5279 τῆς
1183 5205 1279 5259 τοῦ
1317 5205 1446 5258 Υἱοῦ
1482 5205 1834 5269 ὑποστάσεως
1868 5208 1901 5276 η

295 5297 481 5356 αὑτοῦ
520 5301 752 5352 ὲνιοεῖτο
800 5300 983 5355 οὐσία.
1032 5297 1215 5364 Ἀπαξ
1244 5297 1352 5368 γὰρ
1385 5300 1609 5361 οἰκείοις
1640 5296 1902 5365 διωμολο-

297 5390 501 5463 γηκὼς
528 5390 729 5461 χείλεσι
765 5391 864 5463 τὴν
896 5392 1013 5463 μετ’
1043 5392 1349 5462 ἰδιωμάτων
1379 5391 1567 5444 οὐσίαν
1594 5390 1903 5462 δηλωτικὴν

304 5486 509 5554 σαφῶς
545 5486 904 5548 ὑποστάσεως
930 5482 1092 5549 εἶναι,
1127 5485 1227 5538 οὐκ
1256 5484 1398 5553 ἔχεις
1428 5485 1795 5555 ἀρνήσασθαι,
1829 5483 1904 5555 μὴ

304 5582 408 5633 τὴν
441 5577 567 5630 Υίὸν
602 5578 765 5631 αὑτὸν
812 5576 934 5630 ὅλον
959 5576 1196 5631 νοεῖσθαι
1230 5576 1420 5627 οὐσίαν
1462 5576 1663 5646 δηλαδὴ
1711 5576 1903 5628 ἑνυπόο

309 5684 540 5733 στατον,
572 5668 700 5721 ὅταν
734 5683 820 5730 τις
848 5670 912 5720 ἐκ
941 5669 1037 5735 τῆς
1067 5667 1255 5729 οὐσίας
1288 5665 1380 5720 τοῦ
1418 5666 1548 5718 Vitia
1581 5669 1641 5718 τὸ
1682 5666 1907 5737 Πνεῦμα

308 5757 459 5813 εἶναι
498 5761 630 5829 λέγῃ
658 5762 714 5815 τὸ
747 5764 926 5829 ἅγιον.
950 5762 1011 5813 Ei
1044 5762 1086 5813 δ’
1112 5760 1227 5827 οὑν,
1255 5759 1390 5813 ἀλλά
1411 5777 1464 5813 τι
1491 5759 1764 5831 ἀνακύψει
1796 5760 1903 5812 πά-

310 5855 407 5909 λιν
438 5854 624 5925 ἕτερον
656 5858 877 5923 ἄτοπον,
909 5857 957 5909 εἰ
988 5853 1074 5908 διὰ
1101 5856 1161 5909 τὸ
1196 5855 1324 5925 μίαν
1351 5852 1490 5908 εἶναι
1519 5855 1617 5925 τὴν
1646 5853 1740 5907 τοῦ
1774 5852 1905 5905 Υίοῦ

318 5949 419 6001 καὶ
449 5948 656 6018 Πατρῦς
692 5950 880 6003 οὐσίαν
908 5952 968 6003 ἐκ
1015 5951 1108 6019 τῆς
1160 5953 1361 6020 ἀμφοῖν
1410 5951 1597 6011 οὐσίας
1649 5947 1900 6016 λέγεσθαι

2007 4742 2246 4813 Spiritus
2298 4751 2526 4795 sanctos
2570 4739 2873 4804 asseritur;
2933 4738 3199 4810 Spiritum
3250 4753 3379 4794 vero
3415 4754 3481 4793 ex
3513 4754 3596 4794 es-

2005 4838 2181 4891 sentia
2238 4832 2361 4888 Filii
2417 4833 2489 4888 ob
2546 4847 2715 4887 unum
2753 4831 3007 4888 essentia:
3044 4831 3151 4887 dici
3214 4832 3594 4897 contendens;

2006 4930 2164 5000 quasi
2204 4943 2336 4983 vero
2369 4935 2622 4998 separata
2654 4941 2682 4980 a
2717 4924 2841 4981 Fihi
2871 4926 3154 4998 hypostasi
3187 4927 3425 4985 essentia
3449 4926 3593 4981 illius

2008 5024 2427 5091 intelligeretur.
2462 5019 2713 5089 Namque
2763 5034 2888 5074 cum
2945 5020 3121 5075 semei
3164 5022 3403 5090 prepriis
3432 5020 3594 5075 labiis

2009 5114 2192 5168 fassus
2253 5112 2370 5175 sis,
2434 5112 2727 5164 essentiam
2779 5125 2904 5164 cum
2967 5110 3391 5179 proprietatibus
3433 5114 3594 5177 plane

2011 5203 2345 5275 hypostasim
2389 5202 2673 5265 denotare,
2719 5218 2828 5255 non
2864 5212 3018 5271 potes
3058 5204 3221 5263 modo
3255 5204 3464 5258 iniit-ias
3492 5204 3589 5266 ire,

2008 5294 2207 5351 Filium
2234 5296 2411 5365 ipsum
2446 5303 2619 5349 totum
2664 5310 2771 5350 non
2808 5295 3062 5367 intelligi,
3094 5297 3392 5351 essentiam
3442 5298 3591 5353 scili-

2008 5398 2095 5443 cet
2132 5405 2256 5442 cum
2293 5389 2595 5459 hypostasi,
2632 5403 2754 5443 cum
2794 5389 2920 5459 quis
2945 5403 3011 5442 ex
3047 5389 3283 5443 essentia
3310 5387 3431 5442 Filii
3467 5389 3591 5457 Spi-

2009 5483 2173 5535 ritum
2208 5491 2457 5535 sauctum
2490 5496 2609 5536 esse
2648 5481 2869 5535 dixerit.
2911 5480 3005 5534 Sin
3045 5480 3251 5545 mitius,
3283 5482 3473 5535 saltem
3503 5483 3615 5539 hic.

2009 5576 2153 5629 aliud
2189 5591 2376 5630 rursus
2404 5576 2611 5630 orietur
2659 5574 2981 5636 absurdum,
3021 5572 3066 5627 si
3117 5583 3405 5642 propterea
3442 5578 3587 5643 quod

2009 5685 2115 5721 una
2150 5677 2236 5721 est
2263 5667 2499 5722 essentia
2532 5666 2708 5721 Patris
2733 5675 2785 5719 et
2811 5664 2955 5728 Filii,
2988 5678 3051 5718 ex
3086 5664 3373 5732 utriusque
3401 5681 3592 5720 essen.

2012 5763 2082 5815 tia
2118 5760 2224 5814 dici
2264 5758 2530 5829 Spiritum
2574 5757 2845 5827 quiSpiam
2879 5755 3198 5820 asseruerit,
3238 5755 3377 5809 ratio
3409 5767 3589 5829 roget,

2010 5873 2072 5909 ex
2126 5864 2339 5910 suamet
2393 5852 2629 5909 essentia
2680 5852 2941 5922 Spiritum
2998 5866 3215 5922 quoque
3266 5868 3407 5907 esse.
3468 5851 3586 5906 lina

2016 5948 2281 6017 siquidem
2314 5958 2394 6003 cst
2430 5964 2553 6003 cum
2584 5960 2668 6010 ca,
2702 5961 2823 6016 qua:
2869 5944 3046 6001 Patris
3074 5956 3126 6000 et
3154 5944 3276 6000 Filii
3309 5953 3407 6001 est.
3448 5943 3509 5997 lit
3538 5945 3583 5998 si
