4042 6410
509 298 611 359 84ιῖ

1578 313 1782 379 JOAN.
1832 316 2042 374 VECCI
2085 317 2192 376 ΟΡ.
2232 319 2743 385 PATRIARCILE

3622 335 3746 405 sse

512 428 687 465 rerum
721 416 963 470 omnium
998 416 1104 472 Deo
1136 420 1318 484 habet,
1376 439 1569 478 rursus
1624 426 1930 495 seiungitur
1959 443 2055 495 pro

2186 427 2284 498 τὴν
2335 430 2515 483 αἰτίαν
2571 430 2671 499 τῆς
2728 429 3021 500 ὑπάρξεως
3076 430 3139 484 ὲκ
3188 430 3277 484 τοῦ
3315 434 3440 487 Θεοῦ
3472 436 3572 490 τῶν
3598 439 3712 496 ὅλων

511 501 760 568 pietate,
790 507 937 574 quod
998 525 1102 562 non
1171 513 1248 565 uti
1293 510 1620 584 Unigenitus
1644 533 1707 570 ex
1766 519 1925 575 Patre
1959 524 2086 576 sub—

511 593 676 655 sistit,
712 603 766 649 et
800 599 947 666 quod
985 615 1083 669 per
1111 601 1289 669 ipsum
1332 604 1531 660 Filium
1595 620 1845 678 apparet,
1891 627 2083 667 rursus

513 706 538 734 ιι
573 695 845 751 creatura,
877 706 998 758 qua:
1020 693 1089 747 ab
1116 693 1410 766 Unigenito
1462 699 1734 767 subsistit,
1769 705 1915 772 quod
1977 706 2080 759 ali-

510 792 672 842 quam
723 794 846 833 cum
907 780 1002 836 illo
1054 788 1501 843 communionem
1568 791 1767 846 habere
1812 793 2079 862 Spiritum

508 868 911 934 existimemus,
943 874 1086 940 quod
1121 890 1187 929 ex
1213 875 1378 933 Patre
1412 895 1508 950 per
1559 879 1760 936 Filium
1797 896 2078 953 appareat,

509 966 561 1008 ct
590 972 766 1025 neque
806 960 1107 1028 immutari,
1140 981 1317 1036 neque
1356 968 1582 1025 dissolvi
1618 983 1795 1040 potest
1819 974 2078 1045 Spiritus,

505 1061 535 1099 ιι
564 1061 815 1105 creatura
846 1052 1156 1121 dirimatur,
1191 1077 1208 1110 ι
1259 1061 1466 1128 optime
1520 1065 1858 1134 comprobat,
1886 1082 1986 1124 nos
2022 1071 2075 1124 in

505 1139 720 1196 duabus
747 1145 928 1201 causis
959 1162 1024 1201 ex
1058 1147 1217 1205 Patre
1246 1151 1482 1207 laudatis
1509 1154 1690 1210 Patris
1726 1165 1779 1211 et
1801 1156 1919 1212 Filii
1944 1174 2077 1215 con-

505 1247 754 1290 servasse
780 1240 1246 1297 communionem.
1280 1242 1491 1299 Etenim
1524 1249 1569 1302 si
1604 1249 1655 1301 in
1685 1251 1870 1305 mundi
1921 1253 2079 1320 opiﬁ-

505 1325 592 1377 cio
613 1341 959 1385 communem
988 1347 1211 1388 causam
1237 1334 1408 1391 Filius
1441 1339 1624 1401 habet,
1651 1356 1755 1393 non
1788 1344 1931 1412 quod
1970 1361 2077 1400 una

501 1417 665 1471 simul
691 1432 946 1487 operatur
977 1422 1031 1477 in
1092 1424 1300 1495 aliquo,
1329 1437 1383 1482 et
1433 1431 1591 1498 quasi
1627 1432 1876 1501 suppleat
1927 1436 2074 1505 quod

502 1511 556 1562 in
598 1526 778 1565 rerum
796 1527 961 1569 causa
994 1516 1047 1570 in
1090 1515 1251 1572 Patre
1280 1519 1669 1575 desideratur:
1711 1521 1872 1578 Pater
1920 1527 2068 1581 enim

502 1601 703 1656 nullius
743 1604 1014 1674 indigens,
1051 1623 1215 1665 causa
1241 1620 1622 1668 creaturarum
1678 1615 1917 1683 perfecta
1973 1602 2071 1680 ab-

500 1694 785 1766 solutaquc
810 1707 895 1752 est
934 1717 946 1752 :
985 1701 1079 1755 sed
1135 1704 1280 1771 quod
1325 1706 1571 1762 eSsentia
1622 1722 1934 1780 naturaque
1990 1711 2068 1772 illi

498 1790 829 1857 contjutictus
860 1801 964 1854 est.
1008 1795 1105 1864 qui
1165 1812 1262 1865 per
1297 1798 1477 1868 ipsum
1525 1816 1713 1857 creare
1745 1803 1859 1857 vult
1921 1820 2069 1875 quae-

495 1894 710 1947 cunque
762 1893 1037 1950 creantur,
1082 1887 1253 1942 multo
1303 1893 1474 1960 magis
1536 1893 1591 1948 in
1624 1897 1856 1957 naturali
1902 1914 2067 1953 causa

498 1970 733 2039 Spiritus
801 1974 944 2030 hanc
1005 1980 1449 2035 communionem
1520 1986 1839 2053 possidebit,
1915 1990 1959 2043 si
2016 2000 2068 2043 et

499 2065 613 2132 ipse
639 2064 875 2133 Spiritus
906 2083 1001 2135 per
1024 2069 1224 2125 Filium
1260 2073 1588 2128 naturaliter
1611 2077 1882 2133 emittitur
1913 2096 1939 2132 a
1976 2078 2069 2131 Pa-

419 2148 422 2151 ’
497 2165 597 2208 tre.
634 2156 703 2209 Et
750 2171 850 2212 nos
878 2158 1043 2228 plane
1078 2176 1178 2229 pro
1225 2162 1337 2231 jam
1379 2163 1542 2220 dictis
1596 2177 1905 2237 susceptam
1963 2172 2067 2223 oh-

490 2248 858 2316 jurgationem
925 2252 1176 2321 qureruli,
1236 2262 1288 2308 et
1313 2255 1533 2324 jocandi
1590 2272 1714 2313 cum
1774 2259 2068 2315 dicacitate

496 2337 729 2393 studiosi
768 2340 863 2393 viri
899 2341 1045 2396 hunc
1074 2344 1124 2396 in
1161 2346 1379 2399 modum
1441 2348 1818 2416 reprimimus.
1854 2351 1920 2405 At
1952 2353 2067 2420 ipse

493 2429 621 2497 quid
655 2428 766 2482 Deo
801 2432 851 2485 in
916 2432 1335 2505 futurojudirio
1390 2449 1444 2493 et
1474 2455 1623 2494 nunc
1674 2440 1764 2496 Dei
1812 2443 2066 2497 Ecclesia:

497 2523 861 2590 respondebit,
894 2525 1020 2579 dum
1061 2527 1238 2596 ipsum
1276 2542 1526 2585 sanetum
1590 2535 1805 2588 Patrem
1864 2536 2066 2605 Nysse-

494 2628 624 2667 num
656 2629 838 2670 causae
868 2632 932 2671 ex
968 2618 1130 2674 Patre
1174 2620 1293 2674 Filii
1326 2629 1380 2675 et
1410 2632 1463 2677 et
1500 2624 1741 2693 Spiritus
1764 2624 2059 2681 discrimen

494 2714 741 2773 apertum
792 2707 1173 2764 decernentetn
1239 2714 1529 2781 comperit,
1565 2728 1688 2770 cum
1723 2718 1853 2772 dicit
1908 2737 1925 2768 ι
1980 2721 2065 2772 Fi-

496 2797 628 2851 lium
672 2800 891 2869 quidem
924 2805 1199 2870 contigue,
1236 2805 1494 2873 Spiritum
1523 2822 1649 2861 vero
1682 2824 1744 2863 ex
1792 2825 1878 2868 eo.
1919 2814 2063 2880 quod

492 2889 747 2959 contigue
774 2901 878 2954 est,
909 2907 974 2947 ex
1008 2892 1167 2948 Patre
1190 2897 1467 2959 causari,»
1513 2908 1568 2953 et
1634 2900 1773 2955 hanc
1802 2900 2056 2955 diﬂ‘ercn-

496 2982 624 3035 tiam
661 2982 953 3051 improbat,
1004 2996 1057 3039 et
1091 2988 1249 3055 quasi
1285 3004 1313 3040 a
1350 2989 1555 3045 nullius
1613 2992 1895 3061 dignitatis
1944 2994 2061 3047 viro

2189 521 2334 590 ἔχειν
2381 523 2873 589 ἀφίσταται,πάλιν
2940 522 3018 593 τῷ
3078 522 3354 591 ἰδιάζοντι,
3408 529 3461 579 ὲν
3493 529 3564 598 τῷ
3597 534 3714 600 μήτε

2192 612 2505 680 μονογενῶς
2564 615 2627 666 ἐκ
2679 614 2780 668 τοῦ
2817 613 3029 683 Πατρδς
3081 616 3395 685 ὑποστῆναι,
3431 618 3520 670 καὶ
3550 623 3602 673 ὲν
3652 624 3717 691 τῷ

2186 704 2253 756 δι’
2288 702 2459 756 αὑτοῦ
2492 704 2587 757 τοῦ
2653 705 2782 757 Υῐοῦ
2839 708 3158 774 πεφηνέναι,
3215 707 3372 760 πάλιν
3409 709 3463 762 δὲ
3499 710 3590 779 τῆς
3620 715 3717 767 κτί-

2186 810 2322 857 σεως
2377 796 2464 848 διὰ
2515 796 2605 847 τοῦ
2661 798 2999 865 Μονογενοῦς
3056 800 3384 868 ὑποστάσης,
3442 800 3513 862 ὡς
3562 801 3623 855 ἂν
3655 805 3719 875 μὴ

2185 885 2474 955 κοινότητά
2545 904 2667 939 τινα
2762 889 2897 958 πρὸς
2947 888 3152 958 ταύτην
3208 888 3349 958 ἔχειν
3404 892 3618 962 νομισθῇ
3667 896 3719 947 τὸ

2192 975 2418 1044 Πνεῦμα
2444 979 2501 1028 ὲν
2530 977 2609 1046 τῷ
2632 979 2694 1030 ἐκ
2723 978 2817 1031 τοῦ
2851 980 3064 1049 Πατρὺς
3091 979 3179 1032 διὰ
3204 979 3297 1032 τοῦ
3341 980 3467 1034 Υἱοῦ
3501 986 3716 1053 πεφηνέ-

2182 1081 2289 1125 ναι⁹
2326 1066 2383 1116 ὲν
2420 1065 2498 1134 τῷ
2529 1066 2785 1137 ἀτρέπτῳ
2819 1068 2911 1120 καὶ
2938 1068 3288 1138 ἀναλλοιώτῳ
3328 1070 3422 1121 καὶ
3450 1071 3721 1142 ἀπροσδεεῖ

2179 1154 2517 1224 διακρίνεται
2574 1159 2634 1210 τὸ
2684 1159 2906 1228 Πνεῦμα
2936 1159 3046 1211 ἀπὸ
3095 1160 3194 1229 τῆς
3247 1159 3496 1225 κτίσεως,
3533 1179 3550 1212 ι
3590 1163 3720 1214 covi-

2183 1263 2343 1310 στησι
2378 1246 2559 1310 καλῶς
2585 1250 2732 1317 ἡμᾶς
2770 1248 2865 1300 καὶ
2904 1248 2992 1300 ἐπ’
3024 1248 3369 1318 ἀμφοτέραις
3398 1254 3512 1314 ταῖς
3539 1252 3720 1314 αἰτίαις

2178 1336 2245 1389 δι’
2273 1337 2404 1391 Υἰοῦ
2437 1341 2500 1391 ἐκ
2527 1338 2621 1392 τοῦ
2654 1340 2869 1409 Πατρὸς
2901 1341 3220 1409 εἰρημέναις
3278 1340 3338 1393 τὸ
3384 1341 3477 1394 τοῦ
3532 1344 3722 1412 Harpe;

2178 1429 2274 1483 καὶ
2297 1430 2427 1483 Υίοῦ
2449 1431 2689 1502 τηρῆσαι
2721 1432 3052 1503 ἀδιαίρετον.
3089 1432 3152 1484 El
3184 1434 3292 1502 γὰρ
3315 1432 3374 1485 τὸ
3401 1432 3506 1488 ἀπὸ
3530 1433 3721 1503 Πατρὸς

2178 1519 2492 1589 ἀδιαίρετον
2552 1522 2642 1574 ἐπὶ
2704 1524 2803 1590 τῆς
2864 1521 3270 1592 δημιουργικῆς
3333 1522 3446 1592 ἔχει
3506 1524 3722 1585 αἰτίαςὸ

2178 1609 2328 1676 Υίδς,
2354 1613 2450 1682 οὐχ
2477 1613 2559 1665 ὅτι
2590 1616 2849 1684 συνεργεῖ
2880 1616 3026 1669 κατὰ
3055 1631 3128 1678 τι,
3165 1615 3260 1668 καὶ
3292 1608 3404 1666 οἷον
3432 1615 3721 1683 ἀναπληροῖ

2176 1703 2235 1754 τὸ
2284 1703 2378 1756 ἐπὶ
2432 1708 2500 1775 τῇ
2554 1706 2661 1758 τῶν
2687 1706 2859 1761 ὄντων
2918 1707 3069 1778 αἰτίᾳ
3118 1706 3311 1769 ἀτελὲς
3356 1706 3450 1759 τοῦ
3490 1707 3719 1777 Πατρός·

2345 1755 2374 1756 η
2447 1755 2500 1775 η,
2567 1755 2650 1758 ως
2694 1755 2849 1761 rw.
3119 1755 3308 1769 ----ρ--.
3490 1755 3684 1777 -πττη

2100 1755 2147 1815 Β
2177 1795 2424 1859 ἀνενδεὲς
2457 1798 2565 1866 γὰρ
2611 1800 2702 1848 καὶ
2751 1798 2959 1850 τέλειον
3009 1797 3118 1849 τῶν
3166 1798 3484 1866 κτισμάτων
3506 1798 3721 1850 αἵτιονό

2171 1885 2362 1956 Πατήρ
2403 1903 2416 1916 ·
2487 1887 2603 1940 ἀλλ’
2672 1889 2753 1941 ὅτι
2830 1893 2949 1942 κατ’
3002 1889 3189 1940 οὐσίαν
3233 1889 3329 1941 καὶ
3380 1888 3539 1957 φύσιν
3596 1891 3724 1958 αὐτῷ

2168 1976 2393 2046 ἥνωται,
2440 1979 2792 2048 δημιουργεῖν
2842 1979 2909 2032 δι’
2959 1979 3126 2043 αὐτοῦ
3182 1980 3251 2034 τὰ
3274 1979 3722 2051 δημιουργούμενα

2170 2065 2399 2129 θέλοντι,
2443 2069 2623 2140 πολλῷ
2667 2069 2828 2129 πλέον
2876 2072 2967 2122 ἐπὶ
3006 2071 3106 2140 τῆς
3131 2073 3368 2143 φυσικῆς
3423 2072 3597 2135 αἰτίας
3641 2068 3722 2123 τοῦ

2171 2158 2488 2228 Πνεῦματος
2536 2161 2596 2213 τὸ
2619 2160 2864 2215 τοιοῦτον
2932 2161 3043 2227 ἕξει
3080 2162 3419 2232 ἀδιαίρετον,
3484 2163 3595 2229 εἴγε
3643 2162 3722 2219 καὶ

2171 2253 2303 2307 αὐτὸ
2333 2256 2395 2305 τὸ
2424 2252 2648 2322 Πνεῦμα
2688 2253 2781 2307 τοῦ
2819 2253 2952 2306 Υἰοῦ
2987 2253 3233 2321 ςυσικῶς
3265 2257 3413 2307 ἐστιν
3467 2252 3722 2320 ἐκπεμπό-

2174 2360 2336 2411 μενον
2363 2344 2427 2396 ὲκ
2456 2344 2689 2415 Πατρός.
2727 2344 2841 2403 Καὶ
2873 2345 3035 2415 ἡμεῖς
3070 2343 3168 2414 μὲν
3206 2344 3353 2399 οὕτω
3379 2345 3478 2415 τὴν
3505 2344 3593 2396 ἐπὶ
3616 2345 3713 2403 τοῖς

2170 2435 2414 2505 ῥηθεῖσιν
2442 2435 2738 2513 ἐπίπληξιν
2765 2434 2857 2489 τοῦ
2889 2435 3349 2506 φιλοσκώμμονος
3382 2437 3564 2507 ἀνδρὸς
3598 2436 3718 2487 ἀπο-

2170 2523 2566 2593 σκευαζόμεθα.
2612 2518 2779 2587 Οὗτος
2813 2524 2869 2578 δὲ
2906 2525 2960 2576 τί
2994 2526 3090 2578 καὶ
3136 2525 3258 2595 Θεῷ
3289 2528 3347 2578 ὲν
3377 2524 3454 2594 τῷ
3491 2524 3716 2593 μέλλοντι

2167 2613 2538 2685 δικαιωτηρίῳ
2568 2618 2659 2668 καὶ
2687 2618 2751 2685 τῇ
2820 2615 3118 2688 Ἐκκλησία
3151 2615 3292 2669 Θεοῦ
3338 2617 3433 2669 νῦν
3463 2615 3716 2683 ἀπολογή-

2167 2723 2345 2765 σεται.
2371 2708 2464 2760 τὲν
2521 2709 2685 2761 αὐτὸν
2725 2709 2867 2762 θεῖον
2895 2710 3117 2780 Πατέρα
3180 2710 3278 2763 τὸν
3332 2709 3553 2778 Νύσσης
3588 2708 3642 2760 τὸ
3665 2708 3718 2758 ὲκ

2169 2799 2378 2869 Πατρὸς
2413 2801 2654 2854 αἰτιατὸν
2690 2802 2820 2855 Υίοῦ
2861 2820 2920 2854 τε
2963 2803 3056 2854 καὶ
3088 2802 3416 2871 ΙῙνεὺματος
3447 2803 3525 2863 εἰς
3549 2801 3715 2864 διαφο-

2168 2891 2267 2958 ρὰν
2299 2891 2571 2960 εὑρίσκων
2611 2892 2987 2946 ἀποτάττοντα
3023 2894 3321 2966 πρόδηλον,
3357 2897 3414 2948 ἐν
3470 2892 3545 2963 τῷ
3585 2912 3602 2941 ι
3637 2890 3714 2942 τὸν

2170 2983 2268 3051 μὲν
2305 2982 2428 3034 Υἰὸν
2458 2987 2764 3055 προσεχῶς,
2795 2986 2854 3037 τὸ
2886 2987 2941 3039 δὲ
3000 2986 3227 3054 Πνεῦμα
3282 2986 3372 3041 διὰ
3416 2984 3510 3038 τοῦ
3541 2996 3714 3053 προσε-

495 3074 852 3140 pronuntiata
893 3087 1059 3142 esset,
1110 3078 1273 3132 veluti
1310 3082 1553 3149 spuriam
1593 3083 1751 3137 obelo
1782 3086 1985 3155 signat,
2011 3098 2060 3140 et

2167 3073 2276 3144 χῶς
2312 3077 2555 3131 αἰτιατὸν
2595 3099 2611 3126 δ
2652 3077 2926 3146 θεολογείν
2989 3080 3051 3130 ὲκ
3114 3079 3362 3149 Πατρὸς,
3414 3078 3506 3135 καὶ
3536 3073 3715 3142 ταύτην

492 3164 573 3220 sic
604 3166 862 3236 contigue
887 3177 940 3222 et
975 3170 1289 3225 immediate
1331 3189 1395 3226 ex
1433 3173 1613 3236 Patre,
1645 3176 1720 3228 uti
1757 3187 1807 3229 et
1841 3174 2058 3243 Filium,

493 3256 755 3324 Spiritum
802 3274 923 3314 esse
989 3261 1044 3325 (υ
1077 3263 1316 3328 linguam
1378 3266 1618 3319 audaciae
1649 3269 1886 3335 plenam,
1944 3288 2062 3338 qum

488 3348 685 3404 similia
728 3351 1014 3424 blateratl)
1053 3354 1341 3411 decernit?

559 3624 884 3681 M.lnvadit
932 3628 1127 3683 iterum
1166 3647 1265 3687 nos
1330 3634 1705 3691 contentiosus
1769 3638 1889 3700 iste,
1927 3638 2054 3691 dum

486 3713 723 3771 dicimus
782 3718 918 3772 nihil
979 3720 1104 3776 inde
1152 3724 1277 3778 novi
1325 3725 1502 3795 sequi,
1534 3727 1578 3780 si
1631 3728 1721 3797 qui
1759 3729 1920 3782 vitam
1959 3746 2056 3799 pro

486 3806 693 3877 Spiritu
755 3820 945 3868 sancto
969 3814 1281 3886 accipiunt,
1310 3819 1613 3874 secundum
1665 3836 1844 3876 causa:
1886 3825 2055 3899 ratio.

486 3915 606 3955 nem
628 3902 955 3972 intelligant,
984 3922 1106 3961 cum
1141 3908 1265 3963 fons
1321 3911 1444 3965 vitae
1507 3912 1677 3969 Filius
1746 3928 2048 3984 asseratur,

482 3990 627 4059 qqu
685 4007 782 4060 per
810 3991 1008 4048 Filium
1064 4010 1128 4048 ex
1163 3997 1319 4053 Patre
1345 4007 1519 4055 causa
1564 4002 1802 4071 Spiritus
1855 4006 1967 4070 sit;
2001 4017 2053 4060 et

484 4083 688 4137 l‘ontem
735 4084 852 4154 ipse
886 4086 1012 4139 vita:
1067 4089 1408 4158 unigenitum
1443 4091 1534 4147 Dei
1594 4094 1829 4150 Verbum
1877 4100 2051 4150 inter-

482 4181 721 4240 pretans,
763 4179 906 4246 quod
940 4179 1095 4233 nobis
1126 4182 1363 4248 peccatis
1395 4182 1700 4240 demortuis
1730 4202 1895 4242 causa
1925 4188 2048 4241 vita:

480 4264 602 4324 fuit,
636 4265 807 4321 instar
848 4269 1025 4324 [luxus
1061 4268 1302 4326 ﬂuminis
1332 4275 1585 4330 omnibus
1623 4277 1674 4329 in
1713 4277 1889 4347 ipsum
1934 4293 2052 4333 cre-

477 4357 754 4425 dentibus,
787 4360 996 4415 velutia
1022 4360 1173 4417 fonte
1206 4378 1238 4419 a
1265 4365 1445 4435 seipso
1475 4381 1596 4420 eam
1631 4356 1912 4434 emittens,
1938 4386 2045 4427 non

2169 3165 2376 3218 ἀθετῶν
2406 3166 2505 3238 τὴν
2532 3167 2825 3238 διαφορὰν,
2858 3169 2953 3221 καὶ
2983 3167 3058 3231 ὡς
3106 3172 3266 3239 παρά
3315 3187 3405 3223 του
3435 3168 3538 3222 τῶν
3580 3166 3712 3225 οὔδε·

2166 3257 2253 3320 νὶς
2287 3258 2448 3322 ἀξίων
2490 3259 2753 3329 ῥηθεῖσαν
2813 3260 3147 3327 διοὸελίζων,
3204 3263 3308 3313 καὶ
3364 3261 3506 3313 οὕτω
3544 3270 3715 3326 προσε-

2164 3353 2275 3417 χῶς
2315 3352 2410 3402 καὶ
2440 3350 2661 3419 ἁμέσως
2721 3347 2864 3402 εἶναι
2899 3354 2992 3403 καὶ
3039 3352 3097 3403 τὸ
3151 3350 3390 3419 Πνεῦμα
3419 3352 3481 3403 ὲκ
3506 3347 3593 3402 τοῦ
3621 3345 3715 3397 Πα-

2161 3441 2287 3507 τρὶς
2334 3443 2408 3504 ὠς
2437 3442 2598 3494 αὐτὸν
2651 3443 2740 3496 τᾶν
2794 3443 2917 3495 Υἱὺν
2951 3440 3016 3507 (ὣ
3060 3442 3319 3513 γλώττης
3376 3441 3612 3510 θρασέως
3664 3433 3719 3485 τά

2162 3535 2382 3586 τοιαῦτα
2420 3533 2858 3605 φθεγγομένηςῦ
2894 3537 3342 3606 ἀποφαινόμενος
3375 3553 3390 3599 ;

2235 3627 2314 3681 ιδ’.
2361 3628 2691 3695 Ἐιτιφὺεται
2742 3629 2901 3682 πάλιν
2936 3632 3068 3699 ἡμῖν
3117 3632 3145 3682 ὁ
3185 3629 3473 3697 φιλαίτιος
3519 3627 3717 3693 λέγουσι

2164 3719 2331 3788 μηδὲν
2362 3721 2552 3773 καινὸν
2576 3717 2737 3787 εἶναι,
2775 3720 2825 3772 εί
2860 3722 2973 3783 τοῖς
3006 3720 3103 3791 τὴν
3134 3719 3295 3793 ζωὴν
3323 3723 3403 3784 είς
3428 3720 3486 3772 τὸ
3516 3714 3719 3783 Πνεῦμα

2157 3809 2219 3862 τό
2246 3809 2400 3877 ἅγιον
2439 3812 2844 3877 ὲκλαμδὰνουσι
2872 3813 3011 3865 κατὰ
3042 3814 3130 3865 τὸν
3157 3813 3270 3883 τῆς
3298 3813 3479 3875 αἰτίας
3523 3805 3717 3877 νοηθείη

2158 3901 2313 3969 λόγον
2375 3905 2525 3974 πηγὴ
2581 3904 2723 3973 ζωῆς
2753 3905 2779 3955 ὁ
2818 3904 2938 3966 Υἱδς
2985 3903 3307 3974 εἰρημένος,
3362 3904 3444 3957 ὅτι
3503 3900 3585 3955 διὰ
3634 3894 3713 3949 τοῦ

2156 3991 2287 4044 Υίοῦ
2338 3995 2401 4045 ἐκ
2453 3995 2663 4064 Πατρός
2726 3998 2874 4047 ἔστιν
2905 3996 3052 4047 αἰτία
3087 3994 3183 4046 τοῦ
3228 3993 3570 4064 Πνεῦματος·
3632 3983 3713 4039 καὶ

2155 4087 2338 4156 πηγὴν
2393 4085 2536 4156 ζωῆς
2570 4087 2728 4149 αὐτὸς
2787 4086 2880 4140 τὸν
2905 4090 3167 4156 μονογενῆ
3206 4088 3305 4140 τοῦ
3339 4086 3475 4139 Θεοῦ
3512 4075 3716 4152 ἐξηγού-

2157 4194 2315 4247 μενος
2385 4178 2576 4247 Λόγον,
2640 4182 2721 4233 ὅτι
2779 4180 2876 4247 τῆς
2931 4180 3037 4231 ἀπὸ
3100 4180 3198 4247 τῆς
3268 4178 3547 4248 ἁμαρτίας
3588 4185 3717 4224 νενε-

2156 4270 2458 4340 κρωμένοις
2489 4275 2616 4340 ἡμῖν
2639 4272 2809 4333 αἴτιος
2849 4271 3058 4340 ὑπῆρξε
3095 4270 3270 4341 ζωῆς,
3304 4267 3574 4338 ποταμίου
3606 4258 3717 4332 ῥεῦ-

2156 4378 2321 4428 ματος
2351 4362 2506 4434 δίκην
2556 4366 2667 4425 τοῖς
2716 4366 2796 4424 εἰς
2844 4363 3007 4415 αὑτὸν
3068 4362 3393 4416 πιστεύουσι
3451 4361 3628 4419 πᾶσιν,
3654 4352 3716 4411 ὡς

478 4452 745 4519 agnoscit,
784 4454 927 4521 quod
959 4455 1074 4524 ipse
1105 4456 1269 4522 dicat,
1297 4474 1472 4535 neque
1494 4461 1561 4515 de
1586 4462 1791 4531 quibus
1816 4472 2046 4521 statuat.

2164 4452 2264 4505 ἀπὸ
2298 4453 2481 4522 πηγῆς
2509 4454 2702 4506 ἑαυτοῦ
2729 4453 2984 4523 mndata;
3013 4453 3202 4522 αὑτήν.
3244 4451 3393 4506 Ἀλλ’
3456 4451 3555 4502 οὐκ
3588 4440 3712 4535 οἶδεν

477 4538 586 4594 Nos
615 4544 759 4597 enim
783 4543 911 4598 dum
944 4547 1305 4603 asseruimus.
1357 4552 1492 4605 nihil
1520 4566 1642 4606 esse
1677 4555 1797 4606 novi
1844 4553 2047 4610 fontem

478 4632 621 4698 vitae,
652 4635 955 4690 secundum
985 4639 1135 4713 quodq
1162 4655 1257 4708 per
1288 4640 1483 4695 Filium
1517 4641 1751 4712 Spiritus
1803 4654 1907 4708 est,
1958 4646 2051 4700 Fi-

478 4726 610 4782 lium
643 4727 864 4798 intelligi
894 4730 963 4785 ab
998 4731 1081 4798 iis,
1113 4735 1204 4802 qui
1239 4734 1397 4788 vitam
1433 4736 1484 4788 in
1504 4733 1765 4807 Spiritum
1798 4748 2047 4793 sant-tum

478 4813 742 4877 referunt.
798 4834 905 4874 non
967 4830 1254 4891 prepterea
1328 4840 1551 4893 prorsus
1616 4826 2047 4895 itnprobavimus

478 4911 641 4965 etiam
675 4908 881 4967 fontem
910 4915 1036 4969 vitae
1068 4916 1405 4987 unigenitum
1442 4918 1533 4970 Dei
1569 4917 1802 4973 Verbum
1837 4921 2043 4975 dictum

479 5002 668 5062 fuiSs-e.
702 5006 846 5073 quod
887 5010 958 5059 ob
993 5018 1217 5075 peccata
1264 5008 1580 5064 itnmortuis
1613 5025 1777 5065 causa
1811 5012 1924 5081 ipse
1964 5024 2047 5068 est

477 5092 621 5160 vitae,
652 5110 716 5148 ex
742 5096 923 5165 seipso
962 5097 1218 5151 omnibus
1251 5114 1368 5151 eam
1403 5099 1677 5158 etnittens.
1716 5099 1919 5156 Verum
1955 5105 2044 5171 hic

478 5187 596 5242 suis
630 5188 977 5242 sermonibus
1005 5187 1250 5241 inserens
1277 5228 1290 5252 ,
1329 5206 1346 5239 ι
1389 5191 1519 5243 nihil
1556 5193 1677 5246 novi
1714 5209 1836 5249 esse
1869 5210 2047 5267 neque

474 5277 544 5332 ab
571 5294 672 5333 usu
731 5278 1141 5347 Scripturarum
1173 5281 1434 5344 alFennm,
1482 5282 1527 5340 si
1557 5283 1802 5351 spiritale
1838 5287 2044 5342 donum

474 5370 750 5438 tequivoce
794 5369 1033 5437 Spiritus
1088 5380 1311 5425 sanctus
1372 5384 1611 5436 vocetur,
1665 5384 1720 5431 et
1775 5376 2042 5431 actionem

475 5456 770 5526 aliquando
802 5459 1033 5527 agentis,
1067 5460 1169 5513 sibi
1208 5477 1404 5516 nomen
1433 5464 1745 5520 adsciscere
1768 5467 2041 5529 videatur,

477 5549 550 5602 uti
579 5550 710 5603 solis
743 5550 1022 5620 splendor,
1080 5565 1131 5607 et
1159 5554 1338 5609 lumen
1397 5572 1770 5628 saepenumero
1829 5560 1981 5622 solis,
2022 5579 2038 5610 ι

478 5641 713 5704 profata!
768 5643 923 5697 nobis
985 5643 1296 5715 Scripturas
1361 5650 1784 5716 exposcentibus
1854 5666 2040 5706 eorum

478 5746 595 5809 quae
629 5733 741 5807 ipse
773 5735 925 5804 dicit,
964 5753 1071 5792 non
1109 5756 1229 5795 rsse
1264 5740 1524 5809 alienum,
1552 5743 1778 5810 gratiam
1807 5742 2042 5807 Spiritus

2151 4545 2303 4607 ὅπως
2357 4545 2457 4597 οὐκ
2513 4541 2622 4597 οίδε
2683 4545 2737 4597 τί
2803 4545 2973 4612 λέγει,
3037 4544 3304 4614 καὶπερὶ
3340 4544 3503 4596 τίνων
3540 4534 3717 4605 ,διαϐε-

2153 4635 2423 4697 δαιοῦταιο
2465 4636 2659 4706 Ἡμεῖς
2703 4636 2809 4707 γὰρ
2847 4637 3013 4707 μηδὲν
3059 4638 3352 4708 εἰρηκότες
3382 4682 3385 4683 ν
3418 4631 3555 4687 εἶναι
3606 4644 3715 4681 και-

2153 4731 2240 4782 νὸν
2282 4730 2463 4800 πηγὴν
2519 4728 2684 4799 ζωῆς,
2717 4730 2860 4783 κατά
2903 4730 2963 4782 τὸ
3016 4728 3085 4782 δι’
3114 4729 3246 4782 Υίοῦ
3278 4731 3343 4781 τὸ
3366 4725 3609 4795 Πνεῦμα,
3634 4719 3712 4771 τδν

2156 4820 2280 4875 Υἱὸν
2317 4821 2657 4890 ὲκληφθῆναι
2693 4824 2805 4884 τοῖς
2838 4823 2938 4892 τὴν
2986 4821 3132 4891 ζωὴν
3175 4822 3261 4883 εἰς
3318 4819 3380 4873 τὸ
3418 4814 3636 4883 Πνεῦμα
3662 4807 3712 4859 τὺ

2152 4917 2308 4982 ἆγιον
2342 4914 2803 4983 ἐκλαμϐάνουσιν,
2840 4914 2941 4975 οὐκ
2986 4913 3350 4991 ηθετήκαμεν
3399 4909 3612 4968 πάντως
3659 4901 3713 4951 τδ

2152 5008 2245 5061 καὶ
2275 5007 2458 5077 πηγὴν
2493 5005 2637 5074 ζωῆς
2665 5005 2758 5058 τὸν
2781 5004 3047 5075 μονογενῆ
3065 5004 3174 5057 ιτοῦ
3202 5004 3344 5057 Θεοῦ
3376 5004 3549 5070 Λόγον
3574 4992 3711 5064 εἰρῆ-

2151 5098 2277 5151 σθαι
2311 5098 2400 5150 διὰ
2434 5097 2491 5149 τὸ
2519 5101 2631 5159 τοῖς
2659 5096 2766 5150 ἀπὸ
2813 5097 2911 5165 τῆς
2955 5094 3234 5165 ἁμαρτίας
3293 5087 3710 5161 νενεκρωμένοις

2149 5191 2322 5244 αἴτιον
2351 5190 2513 5243 αὑτὸν
2564 5189 2834 5258 ὑπάρχειν
2861 5188 3027 5256 ζωῆς,
3085 5187 3141 5251 ἐξ
3188 5185 3394 5238 ἑαυτοῦ
3441 5185 3550 5242 τοῖς
3591 5177 3709 5229 πᾶσι

2146 5283 2354 5352 ταύτην
2382 5282 2716 5350 πηγάζοντα.
2747 5276 2920 5343 Οὗτος
2942 5279 2999 5333 δὲ
3027 5280 3112 5331 διὰ
3142 5279 3317 5348 μέσου
3344 5278 3453 5332 τῶν
3473 5271 3709 5328 τοιούτων

2149 5378 2315 5430 αὐτοῦ
2346 5377 2540 5441 λόγων,
2572 5395 2589 5426 ι
2635 5375 2805 5445 μηδὲν
2836 5376 3022 5427 καινὸν
3051 5370 3193 5426 εἶναι
3244 5392 3263 5423 ι
3293 5374 3489 5439 λέγων,
3523 5387 3541 5418 ι
3589 5360 3708 5434 μηδὲ

2148 5469 2383 5539 τῆςοτῶν
2411 5469 2639 5537 Γραφών
2675 5467 2965 5537 συνηθείας
3014 5466 3317 5535 ἀλλότριον,
3346 5466 3441 5517 ἐὰν
3469 5463 3526 5513 τὸ
3552 5472 3699 5510 πλευ-

2152 5559 2379 5629 ματικὸν
2410 5561 2653 5629 χάρισμα
2677 5559 2831 5626 ἅγιον
2850 5559 3157 5628 ὁμωνύμως
3189 5557 3422 5625 Πνεῦμα
3455 5550 3700 5605 καλεῖται,

2148 5654 2241 5705 καὶ
2275 5652 2373 5720 τὴν
2428 5654 2711 5724 ἐνέργειαν
2758 5653 2908 5706 ἔστιν
2966 5655 3054 5706 ὅτε
3108 5647 3568 5704 οἰκειοῦσθαιτοῦ
3620 5640 3705 5709 τὴν

2145 5742 2497 5808 ἐνεργοῦντος
2530 5742 2723 5811 κλῆσιν
2782 5746 3244 5815 ἀποφαινόμενος,
3296 5743 3371 5804 ὡς
3407 5743 3497 5793 καὶ
3544 5741 3571 5803 ἠ
3616 5749 3694 5782 το)
