4042 6402
400 371 502 431 880

1321 381 1520 443 REFU
1543 385 1672 443 HT
1687 385 1755 443 lO
1793 385 2007 445 LIBRI
2048 390 2371 452 GEORGII
2396 394 2691 455 .CYl-‘HII.

3542 395 3643 454 δι’ἓῦ

406 480 555 548 ήλξου
582 479 880 552 λαμπηῗὼν
915 486 1007 541 καὶ
1037 487 1178 559 αὐγὴ
1213 491 1466 553 πολλάκις
1494 494 1592 563 τὴν
1619 495 1710 546 τοῦ
1742 494 1913 564 ἡλίου,
1948 516 1961 549 ι

2077 499 2336 570 Spiritum
2379 514 2630 559 sanctum
2687 504 2896 560 vocari.
2956 503 3110 570 Quod
3159 507 3203 560 si
3256 507 3370 574 ipse
3408 518 3517 558 non
3550 523 3645 573 p0-

407 572 761 637 ἐμφανισάτω
812 574 1065 644 ζητοῦσιν
1116 581 1247 650 ἡμῖν
1295 584 1391 645 τὰς
1421 585 1663 654 Γραιρὰς,
1701 583 1774 638 ὧν
1807 603 1971 656 φησιν

401 661 501 713 οὐκ
554 662 835 731 ἀλλότριον
892 664 1031 721 εἶναι
1071 671 1132 723 τὸ
1181 672 1279 742 τὴν
1319 674 1479 743 χάριν
1518 677 1610 728 τοῦ
1651 678 1972 746 Πνεῦματος

403 751 626 819 Πνεῦμα
660 755 813 821 ἅγιον
837 756 1114 825 λέγεσθαι.
1155 762 1213 814 ΕΞ
1240 764 1295 817 δὲ
1337 767 1434 834 μὴ,
1470 767 1534 818 ἐκ
1571 768 1663 819 τοῦ
1721 770 1967 822 ἐναντίου

399 843 497 903 τὰς
529 848 806 913 γραφικάς
843 851 1003 920 ἡμεῖς
1039 858 1343 927 μαρτυρὲας
1373 860 1688 931 παρέξομεν
1734 863 1814 923 είς
1843 863 1974 916 ἁπό-

398 932 566 998 δειξιν
588 935 683 988 τοῦ
720 938 812 991 καὶ
843 941 984 994 πάνυ
1017 945 1126 996 τῶν
1153 948 1391 1018 Γραφῶν
1423 951 1705 1019 ἀλλότριον
1739 948 1879 1007 εἶναι
1909 954 1971 1008 τὸ

397 1024 496 1095 τὴν
523 1028 810 1096 ἐνέργειαν
841 1032 942 1102 τὴν
973 1034 1065 1086 τοῦ
1112 1038 1467 1114 ἐνεργοῦντος
1499 1043 1692 1113 κλῆσιν
1733 1041 1963 1108 ἐξιδιοῦ-

398 1118 543 1170 σθαι.
600 1119 657 1170 '0
697 1120 806 1191 γὰρ
841 1125 1153 1192 σοφώτατος
1214 1132 1307 1182 καὶ
1351 1132 1514 1185 πλέον
1554 1134 1971 1206 δογματικὼτα-

393 1224 504 1271 τος,
541 1214 635 1263 καὶ
659 1213 836 1275 οὐδεὶς
868 1218 926 1268 οὗ
960 1225 1457 1295 συμμαρτυρήσειν
1487 1244 1576 1296 μοι
1621 1229 1953 1282 ἀπαναιδεύ-

397 1316 578 1361 σῑται,
612 1303 704 1353 τὸν
747 1303 1089 1378 Ἀϐουκαρὲν
1122 1313 1199 1383 μὴ
1219 1311 1360 1368 εἶναι
1394 1316 1568 1370 ταῦτα
1590 1318 1866 1389 Θεόδωρον
1910 1323 1969 1376 ἐν

392 1392 505 1452 τοῖς
532 1394 663 1463 περὶ
695 1393 855 1448 Θείων
877 1398 1159 1467 ὀνομάτων
1188 1404 1367 1472 λόγοις
1393 1407 1580 1463 αὐτοῦ.
1617 1427 1635 1460 ι
1671 1410 1743 1462 Τὸ
1765 1411 1917 1477 Θεὸς,
1944 1429 1961 1461 ι

328 1488 331 1491 ’
396 1481 580 1548 φησὶν,
617 1503 634 1533 1
673 1484 844 1554 ὄνομα
874 1490 981 1540 ἀπό
1013 1508 1155 1548 τινος
1186 1496 1467 1564 ἐνεργείας
1494 1497 1734 1569 εἴρηται,
1765 1501 1826 1553 οὐ
1859 1501 1967 1571 μὴν

393 1574 489 1640 τῆς
523 1576 807 1643 ἐνεργείας
859 1581 976 1632 ἐστὶ
1032 1587 1390 1653 σημαντικὸν,
1441 1589 1574 1643 ἀλλὰ
1608 1592 1708 1661 τῆς
1752 1591 1968 1661 φύσεως

390 1663 493 1731 τῆς
519 1665 868 1737 ἐνεργούσης.
921 1671 983 1723 Ei
1025 1674 1135 1744 γὰρ
1186 1675 1247 1728 τὸ
1297 1676 1431 1742 Θεὸς
1470 1680 1644 1750 ὄνομα
1683 1680 1963 1751 ἐνεργείας

392 1753 710 1822 δηλωτικὸν,
749 1760 856 1811 πᾶν
907 1761 963 1814 δὲ
1000 1763 1174 1835 ὄνομα
1219 1762 1425 1833 οὗτινός
1469 1772 1587 1825 ἐστι
1639 1772 1963 1841 δηλωτικὸν,

2075 601 2198 656 test,
2232 611 2330 650 nos
2367 606 2559 650 contra
2604 598 2810 666 scripta
2857 596 3171 650 testimonia
3204 597 3542 666 proferemus
3575 598 3643 649 ad

2074 687 2488 753 ostendendum,
2513 696 2568 742 et
2596 690 2832 743 maxime
2856 689 3092 744 alienum
3113 703 3236 742 esse
3268 702 3297 740 a
3322 685 3641 755 Scripturis,

2075 779 2342 833 actionem
2372 780 2473 835 sibi
2502 795 2696 836 nomen
2746 762 2957 851 agimus
2988 782 3289 836 vindicare.
3336 779 3645 849 Sapientis-

2072 869 2243 924 simus
2267 870 2510 939 quidem,
2545 881 2598 926 et
2631 874 2684 927 in
2719 875 3060 943 dogmatibus
3092 872 3371 927 tradendis
3419 871 3643 941 praecel-

2070 962 2427 1027 lentissimus,
2475 978 2651 1031 neque
2682 965 2962 1033 quispiam
3018 964 3230 1019 inﬁcias
3262 963 3421 1017 iverit
3461 963 3640 1031 impu-

2069 1053 2260 1108 denter
2299 1055 2449 1108 hunc
2483 1071 2589 1109 non
2651 1071 2771 1110 esse
2819 1056 3165 1110 Theodorum
3216 1056 3547 1115 Abucaram,
3586 1054 3641 1108 in

2070 1147 2288 1201 dictatis
2320 1162 2347 1198 a
2381 1162 2439 1202 se
2468 1146 2535 1201 de
2555 1147 2757 1201 divinis
2795 1148 3107 1201 nominibus
3153 1147 3462 1212 sententiis,
3499 1144 3641 1198 «No-

2070 1252 2193 1292 men
2227 1236 2342 1303 Dei,
2379 1256 2398 1287 1
2439 1237 2635 1306 inquit,
2673 1256 2691 1286 ι
2725 1254 2752 1289 a
2787 1236 3025 1306 quadam
3062 1237 3381 1306 operatione
3432 1236 3637 1289 dictum

2069 1338 2151 1385 est
2179 1346 2194 1396 ;
2224 1344 2334 1383 non
2372 1338 2552 1383 tamen
2594 1329 2864 1399 signiﬁcat
2896 1328 3295 1397 operationem,
3356 1328 3445 1380 sed
3473 1335 3636 1379 natu-

2068 1436 2185 1475 ram
2213 1431 2556 1488 operantem.
2586 1419 2644 1475 Si
2666 1421 2813 1475 enim
2854 1435 3050 1474 nomen
3090 1420 3182 1473 Dei
3212 1418 3487 1488 signiﬁcat
3514 1430 3641 1486 ope-

2068 1513 2360 1577 rationem,
2390 1526 2554 1567 omne
2582 1521 2762 1567 autem
2806 1525 3024 1577 nomen,
3051 1510 3210 1579 cujus
3242 1510 3402 1564 habet
3428 1507 3637 1579 signiﬁ-

2069 1604 2341 1659 cntionem
2396 1602 2541 1658 illius
2601 1612 2683 1658 est
2733 1616 2933 1656 nomen
2985 1619 2999 1656 :
3049 1603 3217 1672 igitur
3270 1616 3465 1655 nomen
3499 1599 3644 1655 Deus

2071 1712 2268 1752 nomen
2295 1697 2630 1767 operationis
2651 1708 2754 1752 est.
2782 1696 2963 1763 Quare
2990 1695 3135 1764 quod
3161 1695 3473 1749 nominatur
3498 1691 3644 1747 Deus

2071 1788 2316 1857 Operatio
2357 1788 2451 1842 Dei
2475 1798 2577 1842 est.
2612 1787 2867 1856 Operatio
2901 1787 3070 1858 igitur
3136 1786 3229 1841 Dei
3265 1797 3351 1842 est
3386 1785 3553 1854 Deus,
3589 1796 3644 1840 et

396 1848 601 1899 ἐκείνου
628 1848 782 1901 ἐστὶν
812 1850 982 1922 ὄνομα
1013 1872 1024 1883 ·
1057 1857 1152 1909 καὶ
1174 1858 1237 1911 τὸ
1275 1858 1411 1924 Θεὸς
1445 1861 1556 1932 ἄρα
1590 1863 1763 1933 ὄνομα
1802 1866 1960 1936 ἐνερ-

2071 1878 2213 1934 Deus
2259 1870 2345 1933 est
2385 1880 2630 1947 operatio
2679 1894 2801 1934 sua.
2863 1878 3011 1933 [dem
3064 1879 3228 1950 igitur
3267 1886 3350 1933 est
3388 1876 3551 1940 Deus,
3588 1884 3642 1930 et

395 1942 544 2006 γείας
573 1942 725 1994 ἐστὶν
767 1942 964 2014 ὄνομα.
1003 1947 1165 2000 Ὥστε
1200 1950 1260 2002 τὸ
1296 1950 1692 2024 ὠνομασμένον
1743 1956 1874 2018 Θεὸς
1928 1957 1962 2026 ἡ

391 2030 642 2098 ἐνέργεια
666 2032 759 2085 τοῦ
807 2034 943 2088 Θεοῦ
985 2039 1156 2093 ἐστιν.
1183 2041 1313 2104 Θεὸς
1360 2042 1469 2113 ἄρα
1500 2046 1534 2115 ἡ
1584 2046 1832 2116 ἐνέργεια
1870 2046 1964 2100 τοῦ

389 2120 547 2184 Θεοῦ,
581 2123 673 2179 καὶ
712 2127 739 2177 6
785 2124 980 2199 Θεὸςή
1029 2130 1284 2200 ἐνέργεια
1324 2135 1489 2189 αὐτοῦ
1533 2138 1703 2191 ἐστιν.
1755 2140 1965 2194 Ταυτὸν

394 2213 503 2282 ἄρα
536 2213 669 2277 Θεὸς
693 2221 786 2269 καὶ
818 2217 1073 2289 ἐνέργεια
1108 2221 1267 2290 Θεοῦ,
1312 2204 1451 2296 ὅσπερ
1476 2227 1761 2284 ἀδύνατον.
1801 2229 1864 2283 Εἰ
1908 2230 1965 2284 δέ

392 2323 477 2367 τις
511 2308 804 2376 ἐριστικῶς
844 2308 994 2379 λέγει
1018 2311 1091 2374 ὡς
1122 2316 1222 2367 οὐκ
1248 2316 1513 2371 ἀδύνατον
1534 2319 1697 2373 τοῦτο
1720 2320 1951 2386 τιθέναι,

394 2398 531 2457 ῖστω
564 2398 639 2463 ὡς
673 2401 846 2461 πολλὰ
876 2403 1052 2458 ἄτοπα
1107 2408 1396 2475 συμϐαίνει
1440 2411 1588 2481 αὐτῷ
1642 2412 1922 2480 ὁμολογεῖν
1945 2428 1959 2444 '

394 2490 614 2559 πρῶτον
644 2493 742 2562 μὲν
764 2494 823 2547 τὸ
854 2497 992 2567 πρὸς
1018 2499 1077 2551 τὸ
1099 2500 1233 2553 αὐτὸ
1253 2502 1528 2569 λέγεσθαι·
1557 2506 1625 2559 τὰ
1653 2508 1762 2577 γὰρ
1789 2509 1963 2562 ταυτά

391 2582 531 2650 πρὸς
557 2585 617 2635 τὸ
644 2585 775 2637 αὐτὸ
806 2587 1046 2656 λέγεται,
1091 2592 1144 2645 εί
1165 2609 1229 2660 γε
1256 2594 1347 2647 τὸν
1377 2596 1539 2649 αὑτὸν
1568 2597 1694 2665 ὅρον
1722 2599 1961 2669 δέχεται.

400 2675 547 2728 Ἀλλ’
580 2677 729 2747 ἡτοῦ
767 2679 903 2733 Θεοῦ
945 2683 1203 2754 ἐνέργεια
1233 2685 1327 2738 τοῦ
1366 2687 1515 2762 Θεοῦ
1557 2689 1777 2758 λέγεται
1808 2693 1963 2762 ὲνέρο

384 2784 514 2837 γεια
536 2784 552 2800 ο
575 2770 603 2821 6
637 2769 692 2821 δὲ
714 2769 847 2834 Θεὸς
881 2772 941 2825 οὐ
975 2773 1191 2842 λέγεται
1217 2776 1313 2829 τοῦ
1339 2761 1472 2832 Θεοῦ
1500 2777 1641 2839 εἶναι
1664 2782 1813 2844 Θεός.
1839 2761 1964 2838 Ἔτι

386 2861 420 2929 ἡ
462 2858 713 2928 ἐνέργεια
749 2863 1106 2931 ὲνεργοῦντός
1155 2871 1305 2922 ἐστιν
1336 2872 1590 2942 ἐνέργεια
1616 2893 1630 2906 ο
1686 2878 1714 2928 6
1742 2877 1798 2930 δὲ
1830 2876 1964 2940 Θεὸς

382 2950 489 3009 οὐκ
519 2951 871 3020 ἐνεργοῦντός
901 2956 1018 3008 ἐστι
1056 2957 1209 3019 Θεὸς.
1249 2960 1369 3012 Ἔτι
1395 2963 1443 3014 εί
1466 2964 1667 3016 ταυτὸν
1699 2965 1832 3026 Θεὸς
1859 2967 1955 3020 καὶ

385 3040 644 3111 ἐνέργεια
664 3044 823 3109 Θεοῦ,
853 3051 1249 3118 κατηγοροῖντο
1274 3053 1339 3104 ἂν
1362 3054 1649 3124 ἀμφότερα
1680 3057 1820 3109 κατὰ
1844 3056 1951 3112 τῶν

383 3134 589 3187 αὐτῶν.
639 3136 781 3188 Ἀλλ’
813 3139 839 3190 6
869 3139 1002 3202 Θεὸς
1043 3145 1437 3211 κατηγορεῖται
1465 3148 1603 3198 κατὰ
1633 3148 1846 3216 Πατρὸς
1867 3149 1960 3201 καὶ

382 3227 519 3280 Υίοῦ
542 3228 636 3280 καὶ
678 3231 1021 3300 Πνεῦματος,
1048 3235 1080 3304 ἡ
1106 3234 1161 3286 6‘3
1191 3209 1445 3305 ἐνέργεια
1481 3240 1579 3308 οὐχ
1621 3209 1850 3307 ὁμοίως.
1897 3240 1956 3294 Ὁ
1985 3209 2027 3263 C

382 3321 496 3392 γὰρ
558 3323 750 3393 Πατὴρ
799 3325 953 3389 Θεὸς,
1020 3328 1221 3394 ὁμοίως
1254 3329 1308 3380 δὲ
1377 3333 1469 3383 καὶ
1515 3334 1542 3383 6
1587 3332 1713 3395 Υἱὸς
1762 3334 1857 3385 καὶ
1900 3334 1960 3385 τὸ

386 3412 630 3481 Πιεῦμα.
659 3413 854 3467 υῦκὲει
889 3415 943 3467 δὲ
977 3419 1002 3469 6
1057 3418 1244 3490 Πατὴρ
1273 3420 1542 3489 ἐνέργεια,
1589 3423 1674 3494 ἢὸ
1732 3424 1881 3489 Υἱὸς,
1919 3424 1952 3495 ἢ

383 3503 446 3554 τὸ
493 3504 740 3573 Πνεῦμα,
793 3505 911 3559 ἀλλ’
959 3510 1310 3578 ἐνεργοῦντα.
1364 3513 1437 3564 Τὸ
1491 3514 1548 3566 δὲ
1603 3514 1859 3583 μέγιστον
1898 3515 1958 3567 τὸ

382 3597 566 3665 λέγειν
604 3597 678 3667 μὴ
708 3594 848 3651 εἶναι
877 3599 967 3652 τὸι
1007 3602 1141 3654 Θεὸν
1165 3603 1273 3672 πρὸ
1300 3603 1400 3674 τῆς
1424 3607 1713 3675 ἐνεργείας
1762 3607 1957 3674 αὐτοῦ,

380 3690 505 3743 ἀλλ’
533 3690 672 3758 ἅμα.
708 3691 789 3744 Τὰ
818 3692 926 3761 γὰρ
960 3696 1132 3747 ταυτά
1160 3696 1277 3764 ἅμα,
1300 3690 1859 3769 ὁμολογείνὰνάγκη.
1894 3700 1956 3752 Ei

379 3777 479 3834 οὖν
504 3785 529 3834 ὁ
557 3782 691 3846 Θεὸς
719 3784 914 3847 ἀῖδιος,
941 3786 1035 3836 καὶ
1062 3788 1094 3857 ἡ
1129 3786 1382 3855 ἐνέργεια
1415 3790 1583 3842 αὐτοῦ
1612 3791 1724 3861 ἄρα
1762 3792 1955 3860 ἀΐδιος,

381 3870 524 3924 ὥστε
550 3874 644 3924 καὶ
673 3875 733 3924 τὸ
766 3875 864 3942 τῆς
911 3876 1192 3945 ἐνεργείας
1236 3878 1587 3951 ἀποτέλεσμα
1635 3882 1827 3936 ἀΐδιον.
1882 3884 1958 3937 Τὸ

377 3964 440 4018 δὲ
469 3965 819 4035 ἀποτέλεσμα
842 3969 868 4020 6
897 3971 1122 4037 κόσμος.
1162 3970 1356 4031 ’Δίδιος
1383 3972 1492 4041 ἄρα
1523 3976 1549 4025 6
1578 3974 1784 4043 κόσμος
1809 3975 1956 4029 κατὰ

378 4058 481 4127 τὴν
519 4058 881 4127 προτεθεῖσαν
921 4061 1201 4116 ὑπόθεσιν.
1239 4064 1421 4133 Ὀπερ
1455 4064 1515 4116 οὐ
1565 4066 1729 4134 μόνον
1759 4067 1957 4120 ἀδύνα-

373 4167 495 4213 τον,
529 4151 666 4204 ἀλλὰ
697 4152 793 4204 καὶ
826 4152 1024 4217 ἀσεϐές
1055 4155 1177 4206 ἐστι
1216 4154 1426 4223 λέγειν.
1468 4176 1487 4208 ι
1531 4157 1694 4211 Οὕτω
1720 4162 1822 4226 τὴν
1859 4161 1955 4213 ὲκ-

378 4239 780 4329 κλησιαστικὴν
812 4244 975 4312 ἡμεῖς
1003 4244 1255 4299 παιδείαν
1284 4247 1634 4319 ἠσκήσαμεν.
1674 4249 1833 4304 Οὕτω
1854 4252 1953 4323 τὴν

376 4333 703 4406 θεολογικὴν
736 4335 982 4404 μετιέναι
1019 4337 1137 4390 ὁδὸν
1167 4340 1329 4409 ἡμεῖς
1381 4342 1808 4413 ἐπαιδεύθημεν,
1856 4343 1954 4397 καὶ

379 4423 545 4478 πάνθ’
570 4425 672 4479 ὅσα
705 4426 1067 4497 θεολογοῦμεν
1100 4432 1207 4485 ἀπὸ
1258 4432 1492 4502 Γραφῶν
1518 4437 1774 4506 συνιστᾷν
1798 4450 1812 4465 ’
1854 4438 1950 4490 καὶ

2071 1970 2315 2039 operatio
2351 1968 2465 2032 Dei,
2497 1969 2642 2038 quod
2687 1980 2771 2025 est
2825 1970 3182 2039 impossibile.
3239 1969 3297 2024 Si
3334 1970 3456 2037 quis
3512 1983 3641 2024 vero

2069 2062 2411 2116 contentiose
2437 2061 2604 2125 dicat,
2641 2073 2803 2129 posse
2833 2060 2936 2113 hoe
2983 2060 3110 2128 poni
3140 2069 3192 2113 et
3223 2060 3470 2122 concedi,
3497 2059 3641 2113 scia-

2068 2153 2137 2207 tis
2158 2153 2324 2206 multa
2348 2152 2583 2206 absurda
2604 2150 2727 2205 inde
2743 2152 2914 2221 sequi.
2936 2152 3205 2216 Primum,
3231 2150 3297 2204 ad
3328 2151 3468 2204 idem
3496 2150 3638 2205 diei:

2067 2261 2189 2317 quite
2225 2245 2367 2299 enim
2400 2254 2528 2299 sunt
2567 2242 2782 2307 eadem,
2823 2243 2890 2296 ad
2917 2243 3056 2297 idem
3089 2242 3368 2303 dicuntur,
3409 2241 3454 2294 si
3488 2256 3640 2296 eam-

2066 2340 2188 2394 dem
2213 2338 2583 2392 deﬁnitionem
2613 2336 2929 2391 admittunt.
2993 2336 3062 2389 At
3115 2336 3363 2403 operatio
3409 2332 3503 2387 Dei
3548 2332 3640 2386 Dei

2066 2430 2309 2500 Operatio
2340 2428 2537 2482 dicitur
2567 2444 2580 2480 :
2618 2425 2761 2482 Deus
2787 2440 2918 2480 vero
2954 2442 3060 2479 non
3094 2426 3295 2481 dicitur
3329 2439 3452 2480 esse
3496 2423 3638 2478 Dens

2066 2523 2180 2577 Dei.
2213 2520 2481 2578 Prteterea
2510 2519 2754 2589 operatio
2778 2519 3055 2588 operant's
3084 2518 3329 2588 operatio
3351 2529 3470 2570 est:
3495 2514 3640 2568 Deus

2068 2620 2249 2666 autem
2282 2627 2389 2665 non
2414 2619 2498 2664 est
2523 2610 2661 2664 Deus
2684 2608 2984 2677 Operantis.
3026 2606 3258 2669 liursus,
3300 2605 3346 2660 si
3379 2605 3521 2659 idem
3549 2605 3633 2671 ip-

2068 2718 2187 2757 sum
2218 2710 2299 2756 est
2330 2701 2494 2766 Deus,
2521 2711 2574 2755 et
2608 2701 2855 2770 operatio
2913 2698 3029 2763 Dei,
3066 2699 3324 2752 dicantur
3379 2696 3539 2750 ambo
3569 2697 3638 2749 de

2066 2794 2281 2854 iisdem,
2317 2800 2372 2845 at
2401 2790 2542 2844 Deus
2572 2791 2635 2844 de
2662 2788 2822 2843 Patre
2844 2788 3046 2843 dicitur
3068 2796 3123 2842 et
3150 2786 3286 2842 Filio
3325 2795 3379 2841 et
3405 2785 3633 2854 Spiritu,

2065 2885 2308 2956 operatio
2332 2897 2459 2938 vero
2488 2897 2596 2937 non
2623 2882 2704 2937 sic
2737 2900 2750 2936 :
2780 2881 2940 2936 Pater
2961 2881 3107 2935 enim
3142 2880 3287 2935 Deus
3340 2887 3444 2942 est,
3478 2878 3639 2932 simi-

2065 2981 2189 3034 liter
2216 2988 2270 3033 et
2320 2977 2491 3031 Filius
2522 2985 2575 3030 et
2632 2973 2918 3045 Spiritus;
2952 2971 3108 3027 Pater
3163 2982 3345 3027 autem
3396 2984 3506 3024 non
3557 2979 3643 3024 est

2066 3070 2334 3142 operatio,
2379 3068 2462 3123 vel
2504 3067 2700 3130 Filius,
2734 3066 2815 3119 vel
2872 3062 3127 3133 Spiritus,
3179 3062 3274 3117 sed
3326 3067 3640 3131 operantes.

2068 3161 2222 3229 Quod
2253 3174 2384 3214 vero
2434 3158 2732 3212 maximum
2765 3165 2870 3219 est,
2903 3172 3008 3210 non
3064 3155 3250 3209 dicere
3317 3151 3488 3206 Deum
3519 3167 3642 3206 esse

2062 3263 2187 3307 ante
2217 3266 2371 3307 suam
2399 3250 2798 3318 Operationem,
2826 3248 2918 3302 sed
2951 3246 3113 3301 siuml
3137 3262 3152 3299 :
3176 3259 3297 3314 qua:
3334 3243 3480 3298 enim
3510 3252 3640 3297 sunt

2064 3344 2283 3407 eadem,
2315 3355 2540 3395 necesse
2572 3348 2656 3393 est
2680 3338 2928 3394 conﬁteri
2975 3337 3140 3391 simul
3174 3350 3318 3391 esse.
3350 3334 3407 3389 Si
3479 3335 3643 3404 igitur

2064 3435 2205 3490 Deus
2244 3444 2325 3488 est
2358 3442 2618 3496 asternus,
2643 3423 2647 3427 ’
2675 3439 2729 3485 et
2757 3433 3001 3501 operatio
3029 3430 3149 3500 ejus
3183 3439 3385 3484 aeterna
3436 3437 3541 3488 est,
3575 3441 3641 3480 ex

2061 3542 2169 3597 quo
2209 3528 2288 3589 ﬁt,
2322 3532 2379 3579 ut
2414 3523 2641 3579 eﬂ‘ectus
2701 3521 3033 3592 operationis
3097 3529 3336 3575 aeternus
3367 3518 3439 3574 sit
3472 3536 3487 3584 ;
3558 3527 3642 3573 est

2063 3628 2240 3673 autem
2274 3615 2497 3670 effectus
2537 3614 2874 3683 operationis
2905 3613 3162 3678 mundus,
3192 3612 3358 3680 igitur
3405 3620 3643 3666 aeternus

2062 3708 2323 3772 mundus,
2351 3716 2412 3761 ut
2441 3707 2676 3776 positum
2701 3714 2803 3759 est.
2836 3706 3001 3774 Atqui
3036 3703 3140 3758 diei
3176 3704 3282 3758 hoc
3314 3717 3423 3758 non
3458 3704 3635 3758 solum

2061 3800 2273 3869 nequit,
2296 3798 2389 3852 sed
2423 3798 2650 3866 impium
2682 3810 2901 3865 quoque
2932 3806 3033 3849 est.
3076 3814 3094 3846 ι
3127 3795 3220 3850 Sic
3248 3810 3347 3849 nos
3381 3795 3433 3848 in
3471 3794 3641 3849 eccle-

2061 3878 2277 3948 siasliea
2300 3889 2608 3945 eruditione
2645 3888 2867 3942 exerciti
2902 3902 3098 3943 sumus
3128 3905 3142 3941 :
3180 3887 3321 3941 bane
3356 3902 3454 3942 nos
3486 3888 3641 3941 theo-

2059 3982 2292 4053 logicam
2325 3981 2467 4036 viam
2499 3979 2707 4034 calcare
2737 3980 2911 4034 edocti
2936 3994 3147 4045 sumus,
3210 3988 3266 4034 et
3296 3992 3641 4048 quaecunque

2060 4075 2128 4130 de
2185 4076 2347 4130 rebus
2396 4073 2717 4142 theologicis
2798 4073 3262 4142 pronuntiamus,
3301 4086 3366 4125 ex
3424 4073 3633 4138 scripto

2064 4164 2281 4219 traditis
2307 4164 2636 4218 testimoniis
2667 4161 3034 4228 conﬁrmare;
3068 4172 3122 4216 et
3166 4171 3303 4215 'ante
3357 4160 3540 4215 omnia
3574 4163 3641 4214 de

2058 4256 2258 4327 quibus
2288 4254 2357 4309 ab
2387 4254 2718 4309 adversariis
2748 4256 2950 4307 nostris
2992 4252 3341 4315 infestamur,
3371 4269 3465 4320 per
3488 4250 3639 4306 Seri-

2058 4358 2345 4418 pturarum
2380 4346 2550 4402 robur
2591 4346 2917 4399 eorumdem
2967 4345 3323 4413 petulantiam
3366 4343 3638 4412 frangere.

2057 4439 2128 4493 At
2160 4440 2427 4504 veritatis,
2460 4446 2521 4493 ut
2549 4437 2664 4507 ipse
2707 4439 2806 4500 ait,
2848 4437 3042 4490 vindex
3091 4437 3386 4507 praeclarus
3425 4437 3641 4491 calum-

376 4520 479 4571 ἐπὶ
508 4519 693 4583 πᾶσιν,
728 4515 808 4580 οἷς
850 4522 1003 4590 παρὰ
1027 4523 1137 4575 τῶν
1172 4524 1620 4595 ἀντιφερομένων
1654 4529 1786 4597 ἡμῖν
1810 4530 1951 4599 ἐπη-

2065 4531 2303 4585 niatores
2361 4539 2417 4585 et
2484 4530 2537 4585 in
2591 4536 2813 4584 sanctos
2875 4529 3104 4597 injurios
3159 4530 3440 4599 appellans
3506 4544 3638 4593 nos,

378 4604 717 4675 ρεαζόμεθα,
748 4608 830 4661 διὰ
865 4609 964 4678 τῆς
988 4609 1096 4663 τῶν
1145 4613 1377 4683 Γραφῶν
1411 4616 1590 4686 ίσχύος
1614 4619 1713 4688 τὴν
1747 4618 1954 4674 τούτων

375 4698 650 4768 ἐπήρειαν
694 4699 1122 4769 ἀποτρέπεσθαι.
1199 4700 1261 4756 'U
1303 4704 1359 4757 δὲ
1411 4710 1511 4776 τῆς
1567 4708 1846 4776 ἀληθείας,
1879 4710 1955 4772 ὣς

378 4806 540 4859 φησι,
570 4794 820 4858 γενναῖος
848 4794 1135 4864 έκδικητὴς
1168 4798 1514 4864 συκοφάντας
1539 4803 1688 4870 ἡμᾶς
1720 4804 1817 4855 καὶ
1845 4801 1955 4856 τῶν

314 4944 319 4945 ν
378 4881 555 4946 ἁγίων
581 4881 870 4935 ἀποκαλῶν
900 4883 1182 4954 ὑϐριστὰς,
1201 4887 1325 4949 τοὺς
1347 4886 1490 4942 οὕτω
1512 4892 1609 4959 τὴν
1636 4892 1953 4964 Θεολογικὴν

2064 4623 2160 4693 qui
2200 4622 2303 4677 hac
2334 4623 2547 4677 ratione
2580 4638 2667 4675 res
2697 4622 3031 4691 tbeologiras
3062 4629 3478 4691 pertractamus,
3501 4635 3642 4689 quo-

2063 4720 2276 4769 modoa
2314 4716 2473 4770 nobis
2508 4714 2947 4784 compellabitur,
2987 4715 3080 4785 qui
3128 4730 3194 4767 ex
3236 4715 3472 4783 propriis
3527 4724 3579 4769 et
3607 4730 3638 4769 e

2060 4818 2251 4862 ventre
2278 4810 2573 4863 novissime
2602 4846 2608 4851 ς
2635 4820 2858 4862 exortas
2908 4805 3222 4878 dogmatum
3276 4808 3545 4863 dictiones
3581 4808 3634 4860 iu

2063 4897 2361 4955 Ecelesiam
2394 4902 2483 4957 Dei
2517 4900 2861 4956 introducit?
2940 4907 2944 4911 ’

385 4979 673 5045 μετιόντας
712 4979 849 5043 ὁδὸν,
891 4978 942 5032 τί
987 4978 1052 5033 ἂν
1110 4979 1242 5050 παρ’
1270 4982 1427 5051 ἡμῶν
1480 4985 1707 5059 κληθείη
1736 4990 1897 5052 αὐτὸς
1928 4994 1955 5042 ό
1993 4992 2205 5048 οἴκοθεν
2238 4999 2331 5050 καὶ
2363 4996 2472 5049 ἀπὸ
2533 4998 2745 5062 κοιλίας
2803 4999 2928 5061 νέας
2974 4997 3101 5068 ἄρτι
3143 4995 3427 5067 δογμάτων
3457 4995 3641 5065 φωνὰς

376 5078 449 5146 τῇ
483 5075 573 5127 τοῦ
607 5075 742 5127 Θεοῦ
773 5074 1163 5144 είσηγούμενος
1202 5078 1533 5149 Ἐκκλησίᾳ;

460 5162 542 5219 ιε’.
607 5165 857 5235 Ἐρωτῶ’)
903 5167 1050 5236 ἡμᾶς
1094 5161 1270 5234 οὗτος,
1316 5169 1423 5221 Ποῦ
1457 5172 1505 5221 οἱ
1562 5170 1812 5242 θεοφόροι
1864 5174 1956 5227 τὸν

377 5258 516 5312 Θεὸν
551 5262 644 5310 καὶ
675 5257 895 5327 Πατέρα
921 5258 1008 5311 διὰ
1038 5259 1130 5311 τοῦ
1155 5258 1285 5311 Υἱοῦ
1313 5259 1485 5321 αἴτιον
1508 5261 1603 5314 τοῦ
1638 5264 1957 5333 Πνεύματος

377 5354 630 5421 ἕφασαν;
659 5350 849 5405 ἀκούει
879 5351 1006 5420 παρ’
1049 5352 1228 5419 ἡμῶν,
1251 5354 1383 5406 ὅπου
1414 5355 1575 5408 αὑτὸν
1613 5373 1631 5406 ‹
1665 5358 1935 5425 προϐολέα

375 5445 471 5498 διὰ
510 5445 687 5512 Λόγου
745 5445 839 5497 τοῦ
881 5445 1276 5513 ἐκφαντορικοῦ
1335 5448 1649 5518 Πνεύματος
1706 5467 1725 5500 ι
1779 5448 1951 5504 εἷπον.

390 5537 673 5607 Ἐρωτῶν,
706 5537 814 5591 Ποῦ
848 5537 939 5591 τὸν
990 5540 1352 5610 Παρὰκλητον
1386 5537 1540 5594 εἷπον
1595 5546 1656 5594 ἐκ
1689 5541 1783 5593 τοῦ
1826 5540 1958 5593 Υἱοῦ

377 5632 530 5700 ἔχειν
556 5630 656 5700 τὴν
693 5630 928 5701 ὕπαρξιν
955 5650 969 5697 ;
1002 5634 1212 5699 ἀκούει,
1240 5635 1374 5687 ὅπου
1415 5654 1432 5686 1
1476 5637 1538 5687 ἐκ
1570 5637 1667 5687 τοῦ
1696 5636 1826 5709 Υἱοῦ
1859 5654 1959 5704 φυ-
2004 5627 2009 5631 ’

380 5722 550 5782 sixth;
584 5724 677 5774 καὶ
731 5722 1000 5786 οὑσιωδῶς
1040 5726 1310 5797 ὑπάρχειν
1361 5746 1379 5777 ι
1423 5723 1576 5780 εἶπον
1614 5747 1630 5777 ι
1697 5730 1883 5781 αὐτόν.
1935 5747 1951 5778 ι

395 5816 670 5882 Ἑρωτὼν,
707 5815 815 5869 Ποῦ
850 5819 1010 5881 πάλιν
1057 5820 1217 5869 αὑτὸν
1251 5820 1336 5872 τὸν
1376 5821 1734 5884 Παοάκλητον
1770 5822 1828 5872 ἐκ
1866 5821 1953 5873 τοῦ

2142 5175 2225 5229 15.
2278 5173 2565 5233 Postulaus
2598 5194 2628 5233 a
2661 5182 2820 5235 nobis
2878 5185 3016 5253 ipse,
3047 5182 3166 5252 Quo
3212 5185 3265 5238 in
3294 5185 3416 5238 loco
3445 5183 3637 5243 deiferi

2063 5268 2251 5323 Patres
2300 5268 2467 5323 Deum
2527 5282 2579 5326 et
2612 5270 2827 5329 Patrem
2860 5290 2953 5342 per
3001 5277 3198 5333 Filium
3260 5296 3480 5335 causam
3515 5296 3639 5336 esse

2066 5359 2304 5430 Spiritus
2361 5363 2667 5419 dixerunt?
2711 5368 2882 5432 audit,
2926 5368 2978 5422 in
3007 5385 3118 5439 quo
3180 5372 3330 5426 illum
3374 5389 3392 5424 ι
3432 5372 3634 5442 produ-

2064 5460 2270 5507 ctorem
2321 5468 2414 5523 per
2460 5452 2691 5510 Verbum
2724 5459 3014 5513 revelantis
3042 5459 3280 5530 Spiritus
3313 5482 3331 5513 ι
3389 5479 3633 5533 pronun-

2067 5545 2291 5599 tiarunt.
2330 5547 2697 5618 Interrogans,
2731 5549 2831 5605 Ubi
2866 5550 3209 5607 Paracletum
3256 5556 3531 5622 dixerunt,
3567 5572 3635 5612 ex

2062 5632 2199 5690 Filio
2249 5637 2628 5693 exsistentiam
2681 5641 2933 5697 habere?
2991 5644 3163 5709 audit,
3209 5645 3296 5698 ubi
3339 5664 3359 5697 ‹
3397 5664 3462 5702 ex
3494 5649 3631 5703 Filio

2066 5727 2386 5780 naturaliter
2420 5740 2473 5782 et
2525 5731 2891 5787 cssentialiter
2944 5735 3211 5789 exsistere
3266 5752 3388 5791 eum
3423 5757 3443 5791 ι
3477 5740 3631 5794 dixe-

2062 5829 2207 5874 runt.
2247 5821 2522 5887 Quaereris,
2563 5822 2658 5877 Ubi
2711 5840 2902 5880 rursus
2956 5826 3292 5883 l‘arziclctum
3350 5828 3523 5899 ipsum
3568 5846 3630 5883 cx
