4042 6400
382 411 492 478 893

1302 412 1678 476 REFUTATI
1692 412 1738 468 Ο
1779 409 1987 469 LlBRI
2006 410 2350 470 ‘GEORGII
2397 409 2674 470 CYI’iill.

3527 399 3630 464 89$

385 541 496 594 γως
531 522 762 578 ἀκοῦσαι
786 525 883 588 τας
922 525 1090 590 ἀκοὰς
1122 526 1346 596 ὑπέχειν
1377 527 1591 588 αὐταῖς.
1618 523 1699 576 Τὰ
1719 523 1777 576 δὲ
1821 522 1952 592 παρ’

2087 540 2284 582 cnuam
2314 525 2420 580 illis
2450 541 2609 579 aures
2637 522 2878 592 praebere
2905 538 2918 574 :
2977 534 3097 589 qua:
3135 531 3262 571 vero
3289 530 3352 570 ex
3387 523 3536 580 se,et
3567 531 3628 566 ex

387 613 554 670 αξιτοῦ
586 614 798 668 οἴκοθεν
853 616 1024 686 αὐτῷ,
1056 618 1172 680 καὶ,
1220 618 1292 680 ὡς
1321 616 1552 685 ἔφημεν,
1595 615 1704 668 ἀπὸ
1750 613 1954 676 κοιλίας

389 702 788 772 ἐξηρευγμένα,
847 703 1100 770 καθάπερ
1156 705 1276 758 τινὰ
1331 705 1552 774 στήλην,
1593 703 1686 756 καὶ
1731 701 1960 771 στερρὸν

389 793 674 856 εὐσεϐείας
727 793 985 862 ὀνομάζει
1021 795 1203 861 λόγον,
1240 796 1336 848 καὶ
1381 793 1570 864 ὥσπερ
1623 794 1711 860 ἐφ’
1755 789 1958 862 ὑψηλοῦ

389 889 488 956 τὴν
511 885 765 950 τοιαύτην
794 886 1052 955 ἐνιδρύων
1085 887 1306 956 στήλην,
1331 885 1540 948 πάντας
1569 887 1655 938 ἐπ’
1673 884 1812 937 αὐτὰ
1837 883 1962 945 τοὺς

390 980 488 1047 τῆς
515 979 694 1045 φυγῆς
757 977 1070 1046 ὀφθαλμοὺς
1121 979 1471 1047 ἐπιστρέφειν
1511 976 1960 1042 καταναγκάζεις

399 1073 455 1121 ΕΞ
491 1071 563 1138 μὴ
597 1070 775 1120 animi:
798 1069 1068 1138 δόγματος
1104 1069 1296 1130 ταῦτα,
1337 1070 1386 1122 εί
1429 1068 1505 1138 μὴ
1549 1069 1648 1137 τῆς
1704 1067 1966 1136 ἀληθείας

400 1162 646 1213 ιντ.ὖθ.ν
680 1164 707 1229 η
732 1161 986 1227 ἁθέτηςις
1020 1164 1397 1229 ἀναφαίνεται,
1430 1161 1530 1212 οὐκ
1555 1158 1671 1212 οἶδα
1699 1161 1840 1210 τίσιν
1869 1157 1968 1210 άλ-

395 1258 505 1313 λοις
549 1255 642 1304 καὶ
669 1255 789 1304 ὅθεν
817 1253 1040 1305 ἄλλοθεν
1078 1256 1147 1304 τὰ
1171 1252 1395 1304 τοιαῦτα
1423 1251 1576 1303 ἔσται
1607 1249 1780 1306 δεινά.

471 1343 559 1408 ις’.
604 1347 704 1396 Κιυ
741 1343 793 1394 τί
821 1343 991 1394 ταῦτα
1015 1343 1177 1408 λέγω,
1217 1343 1316 1412 τὴν
1372 1343 1514 1394 κατὰ
1559 1341 1659 1410 τῆς
1707 1341 1968 1411 ἀληθείας

401 1439 636 1502 σπονδὴν
663 1434 830 1486 αὖτοῦ
871 1434 1211 1504 πειρώμενος
1268 1436 1560 1505 παριστᾷν,
1613 1436 1671 1500 ἐξ
1705 1427 1780 1486 ῶν
1807 1451 1972 1502 τομε-

399 1530 596 1599 γραςεῐ
620 1526 740 1578 καθ’
768 1526 947 1596 ἡμῶν,
972 1529 1074 1578 κάν
1129 1529 1248 1590 ταῖς
1285 1525 1408 1578 καθ’
1431 1527 1686 1594 ,ἑκάστην
1733 1525 1972 1595 ὁμιλίαις

398 1624 498 1688 τὴν
529 1619 683 1687 ἡμῶν
726 1616 1078 1681 ἐξονδένωσιν
1121 1615 1560 1687 διαρρητορεύει,
1613 1615 1685 1678 ὡς
1717 1615 1813 1666 τὸν
1847 1613 1974 1684 θρέ-

397 1726 486 1763 νον
519 1705 672 1776 ἑλῶν
707 1706 984 1772 τυραννῶν
1015 1705 1110 1756 καὶ
1138 1704 1198 1756 τὸ
1232 1705 1326 1756 ἐπὶ
1369 1706 1531 1776 πᾶσιν
1565 1697 1647 1762 οἷς
1669 1703 1790 1757 καθ’
1811 1703 1974 1772 ἡμῶν

2060 619 2316 691 propriis,
2381 627 2433 672 et
2478 633 2508 671 e
2565 625 2775 678 ventre,
2828 623 2884 668 ut
2935 611 3048 681 jam
3104 609 3366 674 diximus,
3425 615 3630 660 temore

2061 720 2292 774 eructat,
2325 711 2634 766 columnam
2659 715 2712 762 et
2759 704 3005 762 stabilem
3053 703 3272 772 pictatis
3325 713 3632 754 sermonem

2065 803 2376 872 compellat,
2402 801 2529 855 etin
2563 800 2794 854 similem
2831 797 3140 850 columnam
3169 792 3333 847 veluti
3367 791 3422 844 in
3461 788 3633 844 subli-

2065 893 2138 944 nti
2161 900 2425 951 erectam,
2460 904 2654 942 omnes
2700 887 2894 939 animae
2942 884 3132 938 oculos
3179 887 3501 932 convertere
3540 891 3636 930 co-

2067 986 2145 1052 git
2177 982 2200 1033 Ἰ
2240 981 2423 1034 Sinon
2459 978 2645 1032 isthac
2668 985 2798 1028 sunt
2841 973 3110 1044 dogmatis
3153 969 3440 1039 injustitia,
3479 965 3524 1020 si
3552 979 3640 1018 ve-

2069 1076 2244 1128 ritatis
2294 1072 2418 1126 inde
2483 1085 2590 1125 non
2651 1075 2874 1136 apparet
2915 1064 3264 1134 improbatio,
3317 1059 3502 1113 nescio
3572 1071 3638 1109 ex

2069 1167 2396 1236 quibusnam
2451 1161 2595 1225 aliis,
2644 1169 2699 1214 et
2751 1158 2894 1212 unde
2945 1155 3146 1210 similia
3195 1152 3464 1208 horrenda
3516 1162 3642 1220 pro-

2069 1259 2341 1322 vent-rint,

2143 1353 2233 1406 l6.
2266 1349 2368 1404 Sed
2394 1347 2526 1418 quid
2561 1348 2677 1400 haec
2703 1343 2918 1398 interim
2952 1353 3142 1398 narro,
3175 1337 3348 1406 ipsius
3378 1337 3643 1389 adversus

2071 1444 2357 1498 veritatem
2417 1439 2657 1493 studium
2728 1433 2971 1489 indicare
3020 1427 3379 1489 contendens,
3436 1441 3504 1477 ex
3555 1423 3643 1486 iis,

2072 1551 2194 1605 quae
2215 1541 2405 1588 contra
2436 1545 2536 1584 nos
2570 1531 2624 1582 in
2659 1527 2822 1581 tomis
2851 1541 2882 1579 a
2917 1538 2974 1579 se
3005 1519 3329 1589 compositis
3348 1515 3566 1585 digerit,
3593 1523 3646 1567 ct

2075 1627 2216 1680 inter
2293 1623 2489 1677 diurna
2556 1619 2826 1688 colloquia
2893 1617 2948 1669 in
3013 1613 3184 1668 nostri
3273 1619 3644 1675 contemptqu

2076 1716 2368 1780 declamat,
2430 1723 2688 1780 tanquam
2737 1708 2831 1778 qtti
2889 1715 3132 1762 nostram
3202 1701 3387 1758 sedem
3454 1705 3647 1754 contra

402 1799 650 1870 βούλεται
686 1797 866 1862 λέγειν
897 1795 1036 1866 ἔχων
1057 1795 1362 1858 ἀκώλυτον,
1389 1797 1524 1848 ὅπου
1551 1796 1766 1858 ἀδικίας
1803 1795 1978 1864 ὑπερ-

407 1892 516 1908 ρει
595 1890 616 1908 Ι
683 1906 713 1908 4,
767 1891 849 1908 ,,,\
887 1887 1351 1908 i4.l(3_,_!,__,_,_-
1403 1887 1564 1908 __',_P'
1598 1886 1944 1908 __‘__-_=_.__

2084 1811 2164 1878 ius
2205 1821 2366 1862 omne
2423 1804 2688 1856 violenter
2724 1807 2992 1868 occupat,
3045 1805 3100 1848 et
3157 1795 3386 1848 liberam
3445 1791 3640 1848 habet,

2477 1895 2546 1908 ..ο
2597 1893 2652 1908 ν.
2726 1907 2734 1908 ,
2779 1891 2814 1908 ο.
2885 1897 3062 1908 ,ιμιέΔ
3105 1903 3198 1908 μ--
3236 1884 3380 1908 r._..|:
3423 1881 3618 1908 f.....lnn

405 1892 562 1961 ὀολὴν
593 1890 729 1960 ἔργα
762 1891 855 1941 καὶ
882 1887 1108 1958 πράξεις
1137 1887 1352 1958 ἔχουσιν
1396 1887 1566 1940 αὐτοῦ
1594 1886 1969 1956 παραστῆσαι,

400 1983 464 2044 ἃς
487 1983 585 2034 οὶκ
615 1977 729 2033 οἶδα
754 1981 804 2033 εί
825 1999 878 2032 τι
896 1978 1076 2050 ἄλλοῆ
1109 1979 1307 2052 λῃστοῦ
1335 1981 1430 2034 καὶ
1450 1981 1714 2049 τυράννου
1747 1979 1974 2050 πράξεις

401 2076 622 2130 καλέσει
650 2091 754 2135 τις.
794 2072 854 2124 Ei
908 2077 1016 2147 γὰρ
1073 2073 1214 2125 κατὰ
1237 2074 1472 2141 θεσμοὺς
1512 2073 1606 2126 καὶ
1653 2071 1856 2140 νόμους
1886 2077 1978 2124 ἐκ-

400 2164 826 2234 κλησιαστικοὺς
878 2165 1060 2233 λέγειν
1101 2165 1195 2216 καὶ
1251 2164 1632 2233 ἀκούεινπερὶ
1687 2165 1974 2233 δογμάτων

401 2259 682 2329 ὴεούλετο,
714 2260 813 2310 οὐκ
842 2259 906 2310 ἂν
938 2257 1034 2326 τὴν
1064 2257 1150 2327 ἐφ’
1175 2259 1378 2310 ἅπασιν
1411 2257 1594 2310 ἄδειαν
1625 2256 1767 2325 ἔχων
1791 2257 1974 2320 αὐτὶς,

402 2351 436 2420 ἢ
474 2351 809 2419 κυριώτερον
835 2366 864 2400 τ
891 2368 935 2416 ,ν
963 2350 1104 2402 κατὰ
1141 2351 1359 2400 πάντων
1386 2346 1637 2411 ἐξουσίαν
1661 2347 1979 2416 ἀνεζωσμέ-

403 2459 515 2505 νος,
571 2441 839 2508 φυλακαῖς
890 2441 1012 2502 τοὺς
1073 2439 1222 2508 αὐτῷ
1279 2439 1658 2507 ἀντιλέγοντας
1705 2438 1979 2507 ἡμᾶςκαὶ

405 2536 670 2604 φρουραῖς
703 2533 1010 2598 παρεδίδου.
1048 2530 1162 2584 Νῦν
1218 2531 1264 2584 δ’
1292 2533 1438 2601 ἡμᾶς
1472 2532 1569 2600 μὲν
1611 2532 1850 2597 φυλακαὶ
1885 2529 1978 2582 καὶ

406 2632 638 2696 φρουραὶ
681 2627 891 2696 ἡμέραν
925 2625 984 2689 ἐξ
1011 2625 1225 2692 ἡμέρας
1257 2625 1652 2692 expassm-.01:
1699 2622 1980 2690 διαδέχον-

404 2737 496 2772 ται
525 2736 540 2750 ’
569 2719 727 2777 αὐτὸς
761 2716 806 2770 δ’
831 2718 919 2770 ἐπὶ
949 2717 1040 2768 τοῦ
1075 2717 1266 2784 θρόνου
1289 2717 1524 2787 κάθηται
1555 2731 1720 2783 γαυρι
1740 2717 1820 2779 τιν,
1851 2715 1978 2782 ὁμι-

405 2812 515 2864 λῶν
543 2811 750 2880 ἀπατᾷ,
797 2809 1142 2878 δογματίζων
1185 2807 1636 2877 παραλογίζεται.
1675 2807 1840 2858 Telo:
1891 2823 1982 2857 το-

409 2903 707 2972 μεγραιρεῖ,
747 2903 838 2953 καὶ
891 2901 1097 2961 πάντας
1125 2899 1156 2970 ἢ
1195 2901 1313 2961 ταῖς
1347 2899 1434 2951 διὰ
1461 2898 1663 2967 χειρῶν
1694 2897 1982 2967 ὑποσημαο

409 2995 556 3050 aiat:
584 2995 708 3054 τοὺς
736 2998 936 3060 τόμους
965 2991 1130 3043 αὐτοῦ
1165 2991 1414 3060 στέργειν
1446 2987 1854 3054 καταναγκάζει
1889 2988 1984 3042 καὶ

407 3085 670 3146 κὼδικας.
696 3083 728 3153 ἦ
752 3083 887 3135 ἀλλὰ
917 3083 1007 3134 τὸν
1029 3081 1097 3134 δι’
1118 3082 1407 3134 εὐλάϐειαν
1437 3083 1532 3134 καὶ
1557 3081 1673 3144 δέος
1703 3079 1798 3132 τοῦ
1826 3081 1900 3150 μή
1927 3097 1981 3133 τι

2075 1911 2416 1968 quaecunque
2446 1895 2549 1948 sibi
2597 1891 2840 1957 libuerit,
2872 1897 3069 1944 contra
3105 1903 3203 1942 nos
3236 1884 3380 1939 l‘andi
3423 1881 3649 1937 faculta-

2076 2003 2184 2046 tem
2225 2007 2238 2044 :
2271 2005 2394 2042 cum
2432 1987 2578 2040 illius
2621 1983 2905 2053 iniustitia
2933 1979 3386 2048 exsuperantiam
3425 1985 3478 2030 et
3510 1972 3650 2028 facta

2075 2095 2130 2139 et
2155 2085 2426 2142 actiones,
2461 2092 2600 2146 quas
2647 2074 2839 2130 nescio
2885 2089 2953 2127 an
2989 2071 3219 2126 alterius
3252 2084 3417 2140 quam
3452 2065 3644 2135 praedo-

2078 2175 2164 2230 nis
2217 2184 2270 2225 et
2321 2169 2561 2243 tyranni,
2621 2166 2868 2222 actiones
2925 2163 3199 2232 quiSpiam
3261 2155 3652 2217 nominaverit,

2078 2266 2295 2322 abunde
2325 2265 2728 2318 demonstrant.
2775 2257 2910 2311 Nam
2962 2254 3008 2310 si
3041 2253 3278 2308 decretis
3321 2247 3654 2305 ecclesiasti-

2077 2361 2156 2415 cis
2219 2357 2541 2423 legibusqne
2585 2349 2990 2412 obsecundans,
3021 2346 3206 2400 dicere
3256 2353 3308 2398 et
3352 2341 3656 2406 intelligere

2079 2454 2144 2505 de
2195 2447 2548 2516 dogmatibus
2601 2443 2828 2496 haberet
2877 2440 2930 2492 in
2981 2437 3184 2498 animo,
3237 2446 3520 2499 nunquam
3564 2431 3654 2484 ille

2080 2542 2182 2596 sibi
2211 2543 2264 2594 in
2294 2539 2551 2592 omnibus
2584 2535 2890 2589 libertatem
2923 2542 3215 2597 usurpans,
3249 2526 3334 2580 vel
3368 2535 3425 2578 ut
3475 2521 3656 2592 aptius

2081 2637 2283 2697 dicam,
2320 2641 2510 2686 contra
2547 2642 2739 2684 omnes
2771 2624 3156 2678 auctoritatem
3210 2616 3510 2686 accipiens,
3558 2628 3657 2668 nos

2081 2727 2174 2798 qui
2211 2725 2312 2792 ipsi
2357 2719 2810 2781 conti-adicimus,
2853 2725 2909 2770 et
2949 2711 3218 2767 custodiis
3246 2719 3299 2764 et
3333 2708 3653 2764 carceribus

2083 2818 2506 2884 constringeret.
2559 2813 2626 2864 At
2669 2823 2771 2863 nos
2814 2821 2960 2860 nunc
3007 2818 3258 2858 carceres
3295 2811 3350 2855 et
3394 2797 3659 2853 custodiae

2084 2906 2315 2976 singulis
2361 2902 2511 2957 horis
2563 2899 2881 2954 solertiores
2929 2893 3244 2962 excipiunt;
3297 2890 3386 2944 ille
3426 2904 3554 2940 vero
3603 2887 3658 2940 in

2087 3001 2283 3053 throno
2313 2995 2462 3050 sedet
2495 2990 2800 3050 exsultans,
2827 2995 2879 3040 et
2911 3000 3034 3040 cum
3085 2981 3341 3052 alloquiis
3367 2979 3563 3043 utitur,
3601 2978 3656 3031 in

2085 3090 2328 3145 fraudem
2367 3084 2552 3146 illicit;
2603 3095 2728 3136 cum
2773 3079 3025 3146 dogmata
3071 3073 3281 3144 pandit,
3335 3070 3556 3140 decipit,
3607 3077 3662 3122 et

409 3176 780 3246 διαμαρτῆσοίι
809 3175 902 3227 τοῦ
933 3173 1165 3245 ἀληθοῦς
1218 3173 1318 3240 τὴν
1346 3172 1671 3242 ὑπογραφὴν
1695 3171 1980 3224 διανασαλ-

2087 3178 2380 3245 decipitur.
2426 3169 2668 3225 Tandem
2708 3166 2873 3222 etiam
2910 3175 3088 3220 tomos
3117 3163 3416 3230 componit,
3449 3169 3498 3212 et
3542 3171 3662 3210 tua-

405 3269 778 3344 λόμενονταῖς
831 3267 1120 3327 δοκοὲσαις
1169 3263 1508 3336 παραδίδωσι
1566 3263 1884 3332 τιμωρίαις.
1917 3260 1982 3314 Τί

411 3363 491 3434 μὴ
517 3361 662 3428 λέγω
694 3363 753 3413 τὴ
780 3361 964 3424 μεῖξον
987 3377 1001 3424 ;
1025 3360 1121 3420 τὰς
1149 3356 1256 3410 ἀπὸ
1277 3357 1386 3410 τῶν
1412 3355 1666 3424 φυλάκων
1683 3353 1984 3422 άσοραλείας

407 3456 598 3522 ἀρκεῖν
635 3451 783 3520 αὐτῷ
838 3453 936 3520 οὐχ
972 3449 1296 3519 ἡγούμενος,
1352 3449 1490 3519 πρὸς
1518 3447 1578 3500 τὸ
1609 3450 1682 3516 μή
1722 3464 1844 3498 τινα
1875 3445 1986 3497 τῶν

409 3540 668 3594 ἁπάντων
696 3541 728 3612 ἦ
752 3541 818 3592 δι’
850 3541 1096 3609 ἐντυχίας
1129 3537 1582 3606 αὐτοπροσὼπον,
1631 3536 1664 3607 ἢ
1687 3535 1755 3590 δι’
1781 3534 1986 3606 ἐγγρά-

408 3649 512 3702 φου
541 3633 866 3703 ἐρωτήσεως
899 3631 1090 3700 μαθεῖν
1115 3647 1168 3682 τι
1200 3629 1332 3698 παρ’
1365 3631 1395 3696 ὴ
1407 3629 1522 3697 μῶν
1549 3629 1678 3698 περὶ¹
1719 3627 1831 3681 τῶν
1854 3625 1986 3696 παρ’

405 3725 576 3779 αὑτοῦ
608 3725 995 3794 ἀθετουμένων
1020 3721 1303 3792 πατρικῶν
1335 3721 1494 3774 θείων
1523 3719 1832 3786 δογμάτων,
1869 3717 1988 3787 βον-

403 3818 508 3886 λὴν
533 3816 848 3886 βουλεύεται
875 3815 1144 3882 πονηρὰν,
1179 3815 1273 3866 καὶ
1309 3812 1427 3865 οἵαν
1455 3812 1603 3874 οὔτις
1645 3829 1716 3864 πα
1731 3810 1781 3881 ρ’
1823 3809 1986 3862 αὑτὸν

403 3909 588 3968 ἄλλος.
629 3907 711 3960 Τὰ
744 3907 854 3977 γὰρ
885 3907 1016 3976 παρ’
1046 3905 1202 3976 ἡμῶν
1238 3905 1329 3957 ἐπὶ
1361 3905 1622 3958 συστάσει
1647 3901 1756 3955 τῶν
1787 3918 1986 3970 πατρι-

404 3999 522 4052 κῶν
553 3997 822 4068 εἰρημένα
853 3996 1142 4064 δογμάτων
1194 3994 1611 4062 αίτιασάμενος,
1647 3993 1742 4044 καὶ
1773 3990 1988 4044 -ιιαιιτιιιδί⁴

405 4106 514 4160 κην
545 4089 640 4158 τὴν
663 4086 811 4156 αὐτῷ
832 4085 1094 4140 δοκοῦσαν
1113 4085 1292 4146 αὐτοῖς
1316 4082 1812 4154 ὲπιψητρισάμενος,
1836 4080 1984 4150 ἡμᾶς

407 4197 472 4232 τε
508 4181 626 4242 τοὺς
678 4179 788 4230 τῶν
819 4179 1082 4248 ῥημάτων
1127 4175 1224 4228 καὶ
1269 4175 1444 4242 λόγων
1475 4173 1720 4243 πατέρας
1745 4173 1844 4242 τῆς
1875 4169 1984 4224 τῶν

409 4273 621 4326 πιστῶν
649 4270 889 4341 χορείας,
925 4267 997 4328 ὡς
1035 4267 1206 4320 ἐδόκει
1233 4264 1407 4334 αὐτῷ,
1443 4266 1764 4334 ἀποτέμνει,
1797 4266 1892 4318 καὶ
1911 4263 1988 4328 ῶς

409 4365 831 4434 ἁποκηρύκτους
866 4361 1252 4429 ἁνακηρύττει,
1287 4358 1323 4414 ὃ.
1363 4357 1556 4412 παθεῖν
1608 4358 1774 4417 αὐτὸς
1813 4356 1984 4423 ἄξιος,

409 4455 566 4510 ταῦτ’
592 4454 676 4524 ἐφ’
701 4455 832 4522 ἡμῖν
863 4453 999 4506 κατὰ
1023 4451 1224 4523 πολλὴν
1249 4451 1350 4522 τὴν
1377 4450 1562 4505 ἄδειαν
1584 4451 1860 4518 πράττων,
1892 4449 1986 4500 καὶ

2090 3284 2256 3324 unum
2284 3278 2506 3327 suarum
2539 3259 2949 3329 subscriptione
2981 3256 3224 3309 munitos
3247 3251 3463 3306 admitti
3495 3249 3660 3318 cogit,
3685 3289 3699 3300 .

2085 3371 2138 3414 et
2169 3359 2385 3414 codices
2431 3370 2460 3408 a
2503 3370 2563 3409 se
2597 3353 2771 3407 factos
2813 3349 3162 3404 subscribere
3189 3345 3261 3400 ob
3299 3344 3555 3414 pietatem
3605 3347 3661 3393 et
3707 3358 3718 3370 -

2087 3451 2364 3511 timorem,
2405 3462 2472 3500 ne
2511 3461 2539 3496 a
2572 3443 2802 3497 veritate
2836 3442 3118 3502 aberrent,
3167 3437 3221 3490 in
3263 3435 3408 3489 aliud
3443 3444 3660 3500 tempus

2091 3537 2452 3598 diﬂ'ercntes,
2525 3531 2602 3585 uti
2652 3529 2754 3584 sibi
2812 3528 3131 3598 placuerit,
3197 3523 3374 3594 ptenis
3438 3527 3652 3575 multat.

2086 3631 2267 3697 Quare
2310 3643 2420 3682 non
2471 3625 2614 3679 addo
2670 3621 2984 3677 atrociora?
3027 3617 3106 3672 Ex
3165 3617 3487 3671 custodibus
3538 3631 3662 3681 qua:

2087 3721 2190 3776 sibi
2227 3717 2648 3788 promittuntur,
2699 3710 3026 3767 securitates
3064 3709 3205 3760 haud
3241 3707 3342 3760 sibi
3371 3705 3504 3758 satis
3539 3719 3663 3756 esse

2085 3822 2374 3882 reputans,
2407 3823 2474 3862 ne
2510 3805 2654 3860 ullus
2691 3801 2938 3857 omnium
2986 3799 3100 3854 sive
3131 3813 3230 3867 per
3263 3810 3505 3864 praesens
3548 3793 3668 3847 col-

2086 3903 2364 3971 quuium,
2401 3899 2516 3953 sive
2547 3895 2831 3965 scriptam,
2865 3899 2956 3943 aut
2987 3903 3094 3944 non
3137 3887 3394 3956 scriptam
3431 3885 3666 3938 interro-

2088 3995 2361 4064 gationem
2416 3987 2624 4059 aliquid
2674 4001 2705 4040 a
2759 3983 2918 4039 nobis
2971 3981 3219 4036 addiscat
3267 3981 3336 4032 de
3390 3977 3666 4046 perversis

2089 4087 2158 4141 ab
2213 4087 2328 4154 ipso
2360 4079 2604 4152 paternis
2655 4075 2969 4144 divinisque
3016 4069 3386 4138 dogmatibus,
3431 4065 3668 4120 consilio

2091 4177 2262 4232 utitur
2297 4173 2453 4228 valde
2487 4169 2741 4234 scelesto,
2775 4177 2829 4222 et
2857 4165 3021 4236 quale
3061 4163 3243 4230 nullus
3273 4161 3434 4224 alius,
3484 4159 3664 4228 ipsum

2091 4267 2136 4323 si
2173 4264 2438 4334 excipias,
2480 4259 2900 4330 excogitaverit.
2950 4253 3088 4310 Nam
3132 4268 3252 4323 qua:
3299 4267 3330 4306 a
3393 4251 3552 4304 nobis
3598 4247 3667 4302 ad

2095 4353 2473 4413 conﬁrmanda
2526 4363 2749 4422 paterna
2799 4349 3052 4418 dogmata
3099 4346 3304 4400 dictata
3362 4349 3492 4397 sunt
3554 4337 3664 4394 cri-

2095 4445 2334 4504 minans,
2375 4447 2428 4493 et
2457 4438 2676 4492 decreto
2716 4434 2818 4489 sibi
2862 4431 3188 4500 complarito
3217 4428 3506 4489 damnans,
3559 4439 3661 4476 nos

413 4547 541 4609 τοὺς
575 4547 644 4600 τὰ
675 4545 808 4614 παρ’
846 4543 1002 4614 ἡμῶν
1046 4543 1316 4614 εἰρημένα
1346 4543 1436 4594 καὶ
1467 4539 1830 4611 γεγραμμένα
1873 4539 1980 4592 τολ-

2096 4544 2150 4588 et
2191 4533 2484 4586 verborum
2531 4536 2586 4580 et
2635 4525 2948 4578 orationum
2986 4531 3259 4590 parentes,
3293 4529 3351 4571 ut
3384 4515 3458 4568 illi
3488 4515 3666 4568 visum

415 4641 700 4712 μήσαντὰ;
734 4653 864 4690 ποτε
891 4634 1278 4706 ἀναγορεῦσαι,
1304 4635 1336 4706 ἦ
1361 4633 1671 4696 ἐπαινέσαι,
1707 4633 1740 4706 ἢ
1770 4632 1906 4694 ὅλως
1935 4647 1987 4684 τι

415 4729 660 4804 μετιέναι
692 4729 766 4798 τῷ
799 4727 944 4780 κατὰ
973 4725 1072 4795 τῆς
1105 4727 1299 4778 ἑαυτοῦ
1348 4727 1594 4798 κεφαλῆς
1625 4725 1990 4796 παραδίδωσιν

411 4823 738 4891 άναθέματι.
798 4818 1118 4886 Ἀποτέμνει
1150 4816 1251 4886 τῆς
1308 4817 1636 4889 Ἑκκλησίας
1664 4819 1811 4888 ἡμᾶς
1862 4815 1986 4878 τοὺς

410 4922 565 4980 τίνας
591 4917 620 4970 ὁ
643 4915 724 4977 τίς
751 4911 942 4980 Γτοὺς
979 4909 1236 4978 γνησίους
1284 4912 1311 4960 ὁ
1339 4909 1492 4974 νόθος
1539 4926 1600 4962 τε
1635 4909 1734 4962 καὶ
1778 4908 1988 4980 παρέγ-

414 5025 684 5081 γραπτος.
733 5002 1130 5074 Ἀποκηρύττει
1172 5001 1270 5071 τῆς
1319 4999 1414 5052 τοῦ
1471 4999 1709 5070 Χριστοῦ
1750 5002 1991 5068 ποίμνης

413 5107 538 5164 τοὺς
575 5100 842 5169 ποιμένας
871 5098 900 5150 ὁ
927 5095 1108 5158 λύκος.
1163 5094 1467 5162 Διαγράφει
1499 5095 1599 5162 τῆς
1654 5091 1762 5163 τῶν
1803 5092 1992 5160 ἱερέων

417 5193 640 5266 χορείας
671 5193 700 5243 ὁ
725 5187 944 5256 ἀνίερος
975 5187 1100 5248 τιὺς
1127 5185 1314 5254 ἱερεῖς.

2097 4637 2204 4690 est,
2229 4641 2260 4680 e
2295 4623 2538 4678 ﬁdelium
2573 4632 2716 4675 cmtu
2747 4627 3017 4688 segregat,
3059 4623 3115 4668 et
3144 4612 3222 4666 uti
3267 4611 3550 4664 abdicatos
3579 4605 3666 4660 di-

2101 4719 2287 4788 vulgat
2317 4733 2332 4770 :
2362 4730 2484 4786 qua:
2533 4714 2652 4784 ipse
2700 4709 2907 4781 perpeti
2963 4707 3164 4776 dignus
3218 4711 3322 4765 est,
3383 4715 3446 4755 ea
3493 4698 3668 4752 multa

2095 4827 2218 4866 cum
2266 4809 2558 4864 securitate
2625 4820 2690 4860 ac
2733 4803 2982 4857 libertate
3029 4799 3083 4853 in
3125 4812 3226 4851 nos
3261 4805 3506 4864 patratis.
3543 4805 3672 4846 eos-

2096 4921 2202 4976 que
2253 4904 2348 4974 qui
2399 4901 2543 4958 diem
2607 4906 2796 4953 nostra
2853 4895 2938 4950 vel
3005 4892 3206 4960 scripta
3267 4889 3352 4942 vel
3417 4883 3672 4939 laudibus

2112 4997 2394 5062 extollere,
2431 4994 2516 5046 vel
2564 4992 2868 5060 publicare,
2899 4987 2982 5041 vel
3025 4983 3232 5054 aliquid
3287 4981 3341 5035 in
3394 4981 3504 5033 illis
3537 4991 3674 5032 con-

2101 5087 2354 5156 templari
2391 5086 2618 5160 audent,
2651 5084 3022 5145 anathemate,
3049 5076 3192 5148 quod
3234 5076 3290 5127 in
3321 5073 3469 5127 illius
3511 5075 3676 5137 caput

2103 5187 2372 5243 vertatur,
2435 5175 2580 5229 ferit.
2634 5173 2864 5242 Separat
2914 5186 3016 5225 nos
3053 5170 3122 5222 ab
3179 5164 3443 5225 Ecclesia,
3485 5160 3676 5224 quales

415 5286 582 5357 quis?
616 5283 898 5340 Genuinos
936 5281 1164 5351 spurius
1211 5289 1262 5334 et
1300 5277 1662 5332 adulterinus.
1699 5273 1930 5328 Abdicat
1997 5289 2028 5328 a
2061 5271 2267 5328 Christi
2316 5269 2442 5324 ovili
2515 5277 2766 5336 pastores
2813 5267 2994 5334 lupus.
3045 5261 3210 5334 Ejicit
3255 5276 3286 5316 e
3327 5257 3675 5314 sacerdotum

420 5383 596 5438 choro
639 5376 902 5449 profanus
931 5375 1266 5430 sacerdotes.

497 5467 582 5535 ιζ’.
624 5468 762 5522 Ἀλλ’
793 5463 950 5528 οὗτος
983 5469 1081 5534 μὲν
1120 5463 1578 5536 παραχωροῦντος
1607 5461 1826 5526 πάντως
1852 5460 1991 5514 Θεοῦ

421 5563 512 5614 διὰ
540 5561 742 5628 πλῆθος
776 5557 1083 5628 ἁμαρτιῶν,
1133 5557 1320 5628 ὥσπερ
1355 5554 1585 5618 κανόνας
1627 5554 1860 5618 πάντας,
1895 5550 1993 5606 καὶ

426 5650 677 5722 πατρικὰ
706 5652 1045 5722 τυραννήσας
1082 5651 1505 5720 προστάγματα,
1536 5645 1634 5717 τὴν
1664 5647 1743 5706 είς
1765 5643 1859 5698 τὸν
1889 5660 1994 5697 πα-

423 5745 748 5816 τριαρχικὶν
803 5741 990 5814 θρόνον
1044 5742 1314 5811 ἐνίδρνοιν
1351 5737 1514 5794 ἆθλον
1569 5737 1680 5791 τῶν
1710 5737 1802 5789 ἐπὶ
1839 5733 1996 5805 κακῷ

430 5835 865 5906 σπονδασμάτων
888 5833 1043 5905 ἔσχεν
1061 5834 1126 5888 αὖ
1138 5833 1244 5900 τοῦ,
1271 5833 1411 5887 οὕτω
1442 5831 1536 5886 καὶ
1559 5830 1658 5900 τῆς
1679 5827 1864 5896 ὑγιοῦς
1887 5813 1994 5880 τῶν

2172 5455 2258 5508 Π.
2305 5455 2373 5506 At
2427 5451 2534 5516 hic,
2586 5459 2810 5520 prepter
2876 5443 3223 5515 iniquitatum
3273 5443 3676 5496 multitudinem

2102 5547 2182 5602 sic
2217 5544 2329 5599 Deo
2367 5542 2734 5614 permittente,
2785 5537 2993 5608 legibus
3046 5534 3318 5590 universis
3358 5543 3412 5588 et
3453 5532 3676 5586 Patrum

2104 5639 2388 5708 pra-ceptis
2418 5635 2700 5708 tyrannire
2726 5631 2962 5692 violatis,
3007 5628 3060 5682 in
3098 5629 3298 5682 throno
3326 5623 3678 5696 patriarcbali

2107 5733 2406 5787 sessionem
2480 5741 2705 5783 suorum
2769 5723 3076 5780 studiorum
3141 5721 3195 5774 in
3256 5720 3396 5774 male
3467 5717 3680 5789 agendo

2105 5823 2386 5896 pra-mium
2433 5817 2694 5883 obtinuit,
2740 5825 2853 5872 tum
2901 5816 3166 5871 adversus
3223 5827 3412 5870 sanam
3456 5810 3678 5867 Patrum
