4042 6400
398 3321 420 3342 δ

461 433 570 494 8'33

1533 433 1745 494 JOAN.
1786 433 1993 494 \‘ECCI
2041 434 2150 495 CP.
2195 435 2702 494 PATRIARCHJE

3599 434 3688 498 8ῧῖ

461 542 762 596 doctrinam
815 557 877 595 ac
919 541 1076 594 lilem
1114 540 1394 602 frendens,
1454 556 1623 592 novas
1674 541 2043 608 ahsurdasque

2155 540 2409 609 Πατέρων
2444 543 2970 613 καταρρυαξάμενος
2998 543 3249 606 πῖστεως,
3284 543 3403 604 νέας
3431 543 3523 596 καὶ
3553 543 3693 596 ἄλλο.

462 635 778 702 dogma'um
805 636 1074 687 dictiones
1106 632 1424 695 introducit,
1447 642 1499 685 et
1530 632 1715 701 Spnria
1762 635 2014 696 dogmata

460 735 514 778 ct
563 726 867 779 senten:i.ts
907 723 1158 778 l‘atribus
1207 725 1406 776 nostris
1444 723 1602 791 plane
1651 725 1862 791 ignotas
1908 721 2039 774 insi-

465 825 618 878 ttttal,
667 826 720 867 et
773 818 884 868 iiﬂ'C
941 815 1123 868 omnia
1180 816 1342 868 IOntis
1389 815 1547 869 editis
1595 813 1857 876 divulgat,
1901 826 2038 878 quos

465 917 589 974 apte
623 907 892 974 quispiam
944 908 1344 971 nuncupaverit
1375 906 1710 964 columnam,
1769 918 2034 956 ttm‘arnnt

464 1000 637 1066 ipsius
693 1000 961 1051 h-rreanm
1013 1014 1310 1067 ριίυιδοιιιξιιι
1343 1038 1357 1059 ,
1416 1007 1468 1049 et
1519 997 1584 1050 ad
1624 996 1744 1049 il'os
1794 993 2040 1049 subscri-

465 1092 671 1145 bendos
721 1093 1007 1146 universos
1050 1091 1097 1143 \i
1130 1091 1298 1155 cogit,
1353 1089 1543 1156 sicque
1593 1087 1890 1140 multorum
1950 1100 2042 1138 co-

465 1181 760 1250 gitationes
803 1181 1058 1236 subducit
1119 1180 1542 1247 simpliciorum,
1584 1178 1726 1246 quod
1786 1177 1840 1229 in
1891 1175 2039 1228 illius

468 1289 686 1329 morum
725 1273 1138 1341 perversiIatetIt
1171 1283 1456 1339 penetrare
1500 1280 1801 1336 nequeunt,
1835 1268 2040 1321 ﬁrmio-

471 1381 613 1426 rum,
665 1366 809 1430 qned
859 1361 1111 1415 resistere
1166 1376 1342 1412 ιιυτιιι.
1382 1374 1546 1425 quant
1582 1358 1669 1410 ille
1705 1366 1886 1425 potest
1933 1358 2043 1408 vio-

471 1453 644 1505 lenter
687 1449 911 1512 inferre,
942 1466 1048 1504 non
1090 1450 1324 1505 vah-ant.
1373 1462 1609 1515 quorum
1654 1461 1760 1500 non
1803 1455 2040 1510 mentes,

469 1545 562 1597 Sed
611 1558 804 1596 manus
859 1541 933 1594 illi
983 1541 1214 1608 obsequi
1253 1539 1530 1606 :tptiSsime
1571 1537 1846 1607 quispiam
1885 1537 2042 1590 dixe-

471 1635 562 1688 rit.
608 1631 998 1686 Verumtamen
1057 1631 1150 1700 qui
1190 1629 1340 1684 tarde
1391 1645 1453 1682 ac
1495 1627 1886 1682 inevitabilitcr
1935 1627 2040 1681 ini-

469 1741 574 1792 que
595 1725 864 1792 agenzium
895 1723 1124 1776 astutias
1146 1722 1423 1790 praevertit
1451 1720 1610 1784 Deus,
1637 1719 1720 1772 vel
1749 1718 1901 1773 ocius
1940 1716 2045 1771 hoc

473 1825 738 1882 tempore,
777 1815 858 1866 τρι
891 1813 1146 1882 deinceps
1187 1820 1473 1882 postguam
1515 1811 1615 1866 hac
1650 1812 1753 1864 vita
1801 1823 2046 1864 excesse-

472 1995 903 2049 rontirmandam
939 2009 1005 2049 ex
1053 1993 1210 2048 Patre
1244 2009 1340 2062 per
1381 1992 1580 2046 Filium
1618 1993 2046 2061 prnct-ssionem,

474 2101 662 2138 verum
722 2085 933 2140 scilicet
987 2092 1043 2138 et
1099 2085 1387 2154 antiquum
1452 2093 1766 2136 nostrorum
1825 2081 2046 2134 Patrum

470 2179 666 2247 dogma
710 2178 892 2231 studia
926 2177 1250 2242 collocasse,
1299 2177 1450 2230 illum
1499 2190 1630 2230 vero
1678 2191 1742 2229 ex
1777 2175 2048 2244 :equilibri

472 2272 738 2323 adrersus
770 2284 871 2323 nos
902 2269 1104 2322 malitia
1131 2269 1200 2322 ab
1226 2268 1475 2337 improbo
1503 2260 1747 2321 daemone
1772 2267 2046 2332 inﬂatum,

475 2359 795 2415 manifestos
847 2361 900 2413 in
937 2359 1041 2412 sibi
1088 2359 1430 2414 credentium
1469 2358 1826 2426 perditionem
1875 2358 2048 2410 han-e-

473 2469 607 2507 seon
659 2452 880 2508 inﬂatus
925 2463 1223 2514 eruetassc,
1259 2460 1313 2504 et
1355 2467 1474 2521 quae
1525 2450 1632 2504 illic
1662 2451 1822 2504 tomis
1863 2449 2045 2503 consi-

473 2545 658 2615 gnarit
691 2545 916 2600 aediﬁcia
945 2546 1204 2600 Chalana:
1247 2547 1442 2600 turrim
1475 2544 1907 2610 demonstrabit,
1941 2542 2046 2596 Ee-

478 2635 697 2689 clesiam
729 2653 856 2689 vero
887 2638 1162 2707 propriam
1195 2637 1249 2690 in
1283 2636 1527 2707 paternis
1559 2633 2048 2691 consuetudinibus

474 2742 536 2778 ac
569 2725 913 2794 dogmatibus
964 2741 1322 2788 conservans,
1379 2726 1576 2795 partim
1627 2723 1962 2778 conlidenter
1994 2729 2050 2776 et

475 2817 527 2868 in
575 2817 748 2868 uu-dio
807 2826 860 2869 rt
907 2817 959 2870 in
1014 2831 1362 2871 communem
1419 2816 1662 2868 omnium
1713 2813 2046 2866 audientiam

475 2909 866 2978 prout.utiatis,
907 2909 1100 2976 partim
1146 2908 1464 2962 thesaurum
1517 2905 1570 2960 in
1624 2906 1796 2959 sacris
1827 2903 2046 2956 Patrum

476 3012 790 3056 nostrorum
827 3000 1196 3053 voluminibus
1231 2997 1506 3072 repositis,
1557 3011 1772 3062 omnes,
1807 2996 1900 3064 qui
1938 2995 2048 3050 illi-

477 3091 656 3144 balant
701 3091 856 3144 Iidem
911 3091 1140 3146 subduci
1190 3090 1293 3145 sibi
1347 3089 1490 3160 passi
1548 3104 1653 3144 non
1698 3099 1845 3151 sum,
1900 3087 2048 3157 regni

476 3184 740 3237 cmlorum
773 3199 880 3238 non
925 3182 1052 3238 ﬂuxi
1085 3183 1178 3238 sed
1215 3182 1426 3237 stabilis
1456 3182 1648 3250 dignos
1679 3179 1896 3244 eﬂiciet,
1928 3193 2050 3247 pre-

477 3275 654 3340 cibus,
687 3290 810 3344 qrne
865 3290 988 3329 eum
1042 3274 1249 3345 genuit,
1298 3289 1514 3342 semper
1548 3269 1786 3341 Virginis
1831 3280 1883 3324 et
1929 3267 2048 3322 Dei-

481 3381 646 3436 paraa,
693 3377 740 3418 et
789 3367 1058 3430 omnium,
1092 3365 1186 3434 qui
1225 3365 1532 3418 veneranda
1592 3363 1750 3418 nobis
1797 3363 2051 3433 dogmata

482 3457 840 3522 tradiderunt,
871 3457 1180 3512 divinorum
1216 3457 1436 3510 Patrum
1471 3465 1805 3510 nostrorum.

1091 3730 1349 3787 ORATIO
1391 3729 1453 3784 11.

561 3826 612 3882 1.
658 3824 967 3880 Secundum
997 3825 1101 3878 hoc
1131 3825 1396 3878 adversus
1427 3821 1686 3892 Cyprium
1717 3830 1994 3876 certamen
2025 3833 2058 3872 a

486 3919 644 3972 nobis
679 3917 996 3986 suscipitur.
1044 3913 1125 3968 Tu
1179 3930 1308 3969 vere
1341 3915 1438 3978 liii,
1486 3923 1538 3968 et
1568 3914 1932 3969 dilectissime
1983 3913 2056 3966 mi

485 4009 794 4072 Theodore,
845 4023 956 4078 quo
1011 4008 1244 4076 primum
1290 4006 1554 4062 adversus
1601 4022 1702 4062 nos
1757 4009 1905 4062 illius
1940 4015 2060 4061 stu-

485 4101 636 4154 dium
665 4099 1006 4170 processerit,
1031 4114 1154 4153 cum
1184 4098 1404 4164 videris,
1438 4115 1584 4154 nunc
1613 4114 1736 4154 cum
1769 4098 1972 4168 aspicis
2007 4099 2058 4150 in

487 4193 898 4262 responsionem
957 4207 1059 4246 nos
1117 4191 1357 4246 secundo
1411 4193 1646 4262 accingi,
1711 4207 1778 4246 ne
1837 4205 2057 4246 causam

488 4287 754 4356 ignmato.
788 4283 920 4350 Quae
973 4283 1117 4337 enim
1153 4285 1302 4352 prius
1353 4294 1734 4348 occurrerunt,
1790 4284 1878 4338 illa
1911 4283 2061 4352 prius

485 4376 965 4447 oppugnarimus;
1017 4391 1138 4444 quae
1169 4391 1294 4430 vero
1322 4376 1566 4431 secundo
1595 4377 1649 4430 in
1683 4385 1923 4429 nostram
1970 4390 2064 4429 co-

485 4471 778 4538 gnitionem
815 4477 1106 4531 venerunt,
1142 4468 1242 4522 hac
1284 4469 1574 4535 posteriori
1617 4467 2062 4521 contradictione

2141 633 2330 694 κόιους
2344 632 2628 700 δογμάτων
2652 636 2954 703 εἰσηγεῖται
2971 634 3172 702 φωνὰς,
3193 633 3285 688 καὶ
3304 633 3543 700 δόγματα
3559 633 3694 695 νόθα,

2147 725 2240 776 καὶ
2269 723 2464 792 λόγους
2507 725 2596 786 οὓς
2629 726 2727 778 ούκ
2756 726 2955 796 ᾔδεσαν
2983 726 3032 777 οἱ
3066 725 3304 794 Πατέρες
3334 724 3488 794 ἡμῶν
3525 725 3695 776 ἔπεισι

2143 815 2289 882 ἀγει,
2313 816 2404 869 καὶ
2416 815 2585 869 ταῦτα
2613 819 2789 870 πάντα
2813 817 3200 888 τομογραφῶν,
3221 817 3420 886 στήλην
3439 816 3502 870 ἄν
3519 835 3591 879 τις
3612 817 3698 885 τὴν

2140 905 2398 974 τοιαύτην
2468 906 2610 960 εἴποι
2643 909 3020 978 τομογραφίαν
3080 907 3180 976 τῆς
3202 909 3576 977 αίρεσιαρχίας
3602 909 3688 960 αὖ·

2141 997 2234 1050 τοῦ
2277 1000 2516 1067 κήρυκα,
2547 999 2680 1069 πρὸς
2717 998 2815 1068 τὴν
2846 998 2916 1051 δι’
2963 1000 3219 1068 ὑπογραφ
3236 1001 3297 1050 ὒν
3347 999 3691 1068 ἀκολούθησιν

2144 1089 2359 1152 πάντας
2390 1089 2878 1158 παραϐιάζεταιτά
2909 1090 3018 1143 τῶν
3051 1090 3265 1143 πολλῶν
3289 1089 3428 1143 οὕτω
3461 1089 3700 1143 κλέπτων

2144 1182 2493 1250 φρονήματα,
2530 1181 2638 1233 τῶν
2663 1181 2764 1251 μὲν
2795 1182 3208 1253 ἁπλουστέρων,
3249 1181 3329 1234 δτι
3377 1183 3453 1251 μὴ
3479 1183 3591 1244 ταῖς
3615 1181 3703 1233 αύ-

2141 1271 2235 1325 τοῦ
2259 1271 2560 1341 ἐμϐαθύναι
2604 1271 3191 1344 έχουσιδυστροπίαις,
3247 1273 3356 1325 τῶν
3386 1273 3442 1325 δὲ
3489 1289 3704 1343 στερεω-

2142 1365 2338 1434 τέρων,
2384 1366 2467 1419 ὅτι
2503 1366 2592 1434 μὴ
2627 1366 2916 1435 ζάντέχειν,
2974 1367 3072 1434 ἐφ’
3118 1361 3200 1429 οἷς
3250 1367 3348 1434 τὴν
3415 1366 3505 1418 ἐπί
3543 1363 3701 1434 βλάϐῃ

2145 1455 2362 1508 πάντων
2404 1457 2557 1525 ἰσχὺν
2588 1455 2984 1527 περιϐέϐληται
3013 1455 3376 1526 ἐξισχύουσιν,
3401 1451 3474 1510 ὧν
3503 1455 3617 1510 οὐδὲ
3645 1455 3707 1507 τὰ

2147 1547 2496 1616 φρονήματα,
2525 1548 2623 1618 τὴν
2651 1547 2707 1601 δὲ
2735 1550 2891 1618 χεῖρα
2922 1548 3315 1602 ἐπακολουθεῖν
3365 1534 3506 1600 εἴποι
3536 1545 3598 1600 ἀν
3629 1563 3704 1608 τις

2149 1636 2322 1706 αὐτῷ.
2361 1637 2420 1691 Ὀ
2454 1639 2511 1692 δέ
2555 1638 2801 1710 βραδέως
2841 1640 2961 1708 μὲν,
3001 1639 3338 1710 ἀδιάδραστα
3383 1639 3440 1693 δέ
3484 1639 3581 1702 τας
3613 1639 3706 1691 τῶν

2154 1731 2614 1800 πονηρευομένων
2649 1731 2918 1802 πονηρίας
2947 1733 3348 1802 καταστρέφων
3404 1731 3535 1793 Θεὸς
3591 1732 3708 1782 ἀνα-

2153 1821 2359 1890 στήσας
2405 1819 2438 1891 ἢ
2471 1821 2560 1874 διὰ
2600 1821 2787 1884 τέλους
2843 1822 3072 1890 ἀπάρτι,
3108 1823 3142 1892 ἢ
3177 1822 3319 1892 μετά
3384 1821 3480 1891 τὴν
3515 1821 3707 1876 ἐνθένδε

471 1905 671 1964 rimus.
705 1904 980 1968 excitatis,
1014 1903 1108 1972 qui
1161 1903 1366 1970 integre
1407 1901 1808 1970 dijtrdicahunt,
1843 1915 1943 1954 nos
1976 1904 2040 1954 ad

2155 1911 2462 1982 ἀποδημίαν
2527 1911 2684 1981 ἡμῶν
2744 1913 2868 1974 τοὺς
2917 1913 3176 1984 ἁρῤεπῶς
3235 1913 3706 1982 διαγνωσομένους,

2149 2001 2296 2063 ὅπως
2351 2001 2450 2070 μέν
2495 2003 2657 2071 ἡμεῖς
2713 2003 2804 2055 ἐπὶ
2854 2003 3110 2056 συστάσει
3160 2002 3258 2072 τῆς
3291 2004 3354 2054 ἐκ
3408 2003 3612 2072 Πατρδς
3643 2003 3710 2055 δι’

2149 2091 2280 2145 Υίοῦ
2327 2091 2735 2161 ὲκπορεύσεως,
2762 2093 2858 2147 τοῦ
2882 2093 3117 2166 ἀληθοῦς
3147 2093 3396 2162 δηλονότι
3465 2095 3555 2146 καὶ
3600 2095 3692 2161 ἀρ-

2149 2182 2307 2253 χαίου
2365 2183 2474 2236 τῶν
2523 2185 2782 2254 Πατέρων
2831 2184 2989 2255 ἡμῶν
3057 2184 3336 2254 δόγματος
3390 2184 3703 2237 ὲσπουδάεα-

2153 2291 2272 2342 μεν,
2306 2275 2453 2336 ὅπως
2483 2273 2539 2328 δέ
2573 2267 2726 2336 οὗτος
2770 2274 2829 2338 ἐξ
2882 2274 3212 2346 ἀντιρῤόπου
3271 2275 3376 2345 τῆς
3425 2273 3544 2327 καθ’
3574 2272 3711 2342 ἡμῶν

2151 2367 2352 2428 κακίας
2385 2365 2488 2419 ὑπὸ
2520 2364 2614 2418 τοῦ
2653 2364 2890 2432 πονηροῦ
2932 2364 3307 2436 ἐμπνευσθεὶς
3364 2365 3599 2436 πρόδηλα
3623 2363 3707 2416 ἐπ’

2149 2459 2394 2528 ἀπωλείᾳ
2449 2458 2560 2511 τῶν
2619 2457 2766 2528 αὐτῷ
2821 2458 3160 2528 πειθομένων
3239 2459 3572 2528 ἐμπνεύσεις
3636 2457 3708 2508 αῖ-

2150 2550 2354 2622 ρέσεων
2428 2548 2806 2618 ἀπερεύξατο,
2864 2547 2933 2602 τὰ
3005 2548 3107 2615 μὲν
3149 2548 3261 2601 τῶν
3335 2549 3698 2619 τομογραφιῶν

2149 2638 2343 2691 τούτου
2399 2638 2811 2708 οἰκοδομήματα
2872 2637 3082 2706 πύργον
3138 2637 3414 2704 ἀποδείξει
3451 2636 3706 2704 Χαλάνητ,

2148 2726 2245 2796 τὴν
2297 2727 2352 2780 δὲ
2415 2728 2578 2781 αὐτοῦ
2617 2728 2942 2798 Ἐκκλησίαν
2997 2727 3088 2782 ἐπὶ
3143 2733 3261 2791 τοῖς
3284 2728 3558 2798 πατρῴοις
3600 2727 3704 2778 δια·

2148 2815 2389 2884 τηρήσας
2426 2814 2572 2868 ἔθεσί
2598 2833 2657 2869 τε
2692 2818 2786 2869 καὶ
2828 2803 3116 2886 δόγμασῗν,
3154 2813 3238 2881 οἷς
3305 2819 3407 2890 μὲν
3451 2818 3706 2889 πεπαρόη-

2149 2906 2455 2975 σιααμένως
2501 2908 2594 2960 ἐπὶ
2652 2906 2746 2960 τοῦ
2797 2908 2990 2977 μέσου,
3023 2909 3118 2960 καὶ
3154 2911 3238 2972 εἰς
3267 2909 3453 2978 κοινὴν
3512 2909 3705 2967 πάντως

2149 2996 2618 3068 ἀνηγορευμένοις
2658 2998 2946 3068 ἀκρόασιν,
2982 2992 3063 3062 οἷς
3091 2997 3148 3051 δέ
3173 2998 3251 3062 ὼς
3302 3000 3567 3070 θησαυρόν
3599 3012 3702 3050 τινα

2150 3089 2533 3157 κεκρυμμένον
2582 3091 2702 3152 ταῖς
2753 3090 2927 3158 ίεραίς
2986 3092 3564 3162 ἀποτεταμιευμέναις
3613 3086 3706 3140 τῶν

2155 3180 2416 3249 Πατέρων
2455 3180 2615 3249 ἡμῶν
2659 3179 2888 3250 βίϐλοις,
2937 3181 3153 3244 πάντας
3213 3183 3347 3247 τοὺς
3404 3181 3588 3234 ἄσυλον
3627 3177 3709 3247 τὴν

2157 3270 2520 3337 ὑγιαίνουσαν
2545 3271 2762 3334 ἑαυτοῖς
2818 3271 3002 3324 πίστιν
3037 3271 3440 3342 διατηροῦντας
3471 3271 3566 3340 τῆς
3591 3271 3708 3320 ὰσα-
3745 3333 3749 3337 ,

2154 3362 2343 3416 λεύτου
2396 3364 2733 3430 καταξιώσει
2786 3363 2893 3417 τῶν
2961 3364 3212 3435 οὐρανῶν
3247 3366 3546 3436 βασιλείας,
3593 3378 3726 3432 πρεο.

2158 3455 2364 3518 σϐείαις
2386 3455 2485 3524 τῆς
2514 3455 2676 3509 αὐτὸν
2697 3456 2963 3527 τεκούσης
2987 3457 3354 3527 ἀειπαρθένου
3369 3459 3460 3511 καὶ
3473 3456 3710 3508 Θεοτόκου

2158 3549 2252 3600 καὶ
2294 3547 2518 3601 πάντων
2563 3549 2672 3602 τῶν
2736 3549 2804 3602 τὰ
2859 3549 3035 3602 σεπτά
3090 3551 3556 3621 παραδεδωκότων
3599 3546 3710 3615 ἡμῖν

2157 3640 2404 3711 δόγματα
2428 3639 2588 3694 θείων
2620 3641 2878 3712 Πατέρων
2909 3641 3087 3710 ήμῶν.

2784 3733 3000 3787 ΛΟΓΟΣ
3024 3733 3099 3787 B'.

2231 3831 2303 3878 α’.
2347 3823 2610 3892 Δεύτερος
2633 3825 2764 3895 ἡμῖν
2793 3819 2946 3882 οὗτος
2971 3826 2997 3875 ό
3017 3824 3157 3874 κατᾶ
3177 3823 3276 3876 τοῦ
3307 3821 3546 3893 Κυπρίου
3563 3816 3707 3886 ἀγών.

2161 3915 2232 3968 Σὺ
2259 3915 2337 3980 δέ,
2366 3916 2554 3985 γνήσιε
2578 3916 2660 3968 υίέ
2700 3914 2921 3984 φίλτατε
2957 3931 3047 3982 μοι
3090 3914 3360 3982 Θεόδωρε,
3412 3913 3495 3982 ἐφ’
3536 3905 3611 3972 οἷς
3651 3906 3708 3958 τὰ

2161 4007 2354 4077 πρῶτα
2387 4007 2487 4076 τῆς
2518 4006 2652 4061 καθ’
2693 4007 2854 4078 ἡμῶν
2913 4005 3121 4076 προέϐη
3192 4007 3450 4069 σπουδῆς,
3505 4002 3709 4070 δεύτερα

2162 4099 2230 4151 τά
2255 4099 2390 4168 πρὸς
2448 4099 2754 4170 ἀπάντησιν
2822 4097 2966 4168 όρῶν
3023 4098 3124 4166 τὴν
3175 4098 3359 4152 αἰτίαν
3403 4099 3475 4167 μὴ
3525 4091 3706 4162 ἀγνόει.

2163 4185 2258 4252 Οἷς
2286 4191 2392 4261 γὰρ
2409 4192 2707 4260 ἐνετυχήκα
2716 4207 2815 4260 μεν
2838 4190 3126 4260 πρότερον,
3149 4188 3358 4252 τούτοις
3375 4189 3465 4240 καὶ
3487 4188 3711 4239 ἀντικατ-

2169 4284 2408 4354 έστημεν
2463 4284 2751 4354 πρότερον,
2784 4282 2820 4337 ἃ
2861 4282 2917 4336 δὲ
2949 4283 3029 4344 είς
3071 4281 3281 4350 γνῶσιν
3305 4280 3460 4351 ἡμῶν
3511 4277 3568 4330 τὸ
3606 4271 3710 4327 δεύ-

2163 4391 2322 4444 τερον
2357 4369 2512 4444 ἧκεν,
2544 4373 2718 4426 ταῦτα
2749 4374 2845 4426 καὶ
2878 4371 2966 4425 διὰ
2993 4371 3092 4440 τῆς
3153 4372 3447 4442 ἐσύστερον
3501 4361 3708 4431 ἀνατρέ-

2166 4483 2343 4536 πομεν
2361 4466 2758 4536 ἀντιρρήσεως.
2801 4464 2998 4533 Πρῶτα
3034 4463 3090 4516 δέ
3121 4465 3256 4533 ἡμῖν
3285 4463 3352 4516 τέι
3391 4459 3510 4516 καθ’
3566 4454 3706 4527 ἡμῶν

487 4563 792 4629 rejicimns.
828 4560 889 4614 Et
920 4560 1154 4629 primum
1193 4561 1412 4630 quidem
1463 4561 1563 4615 viri
1599 4559 1744 4615 illius
1791 4561 2051 4614 adversus

2165 4560 2394 4630 δεύτερα
2431 4559 2527 4612 τοῦ
2564 4558 2757 4630 ἀνδρδς
2789 4555 3146 4626 ἐγνώσθησαν
3215 4554 3592 4624 νεανιεύματα,
3639 4548 3710 4599 ὅτι

488 4669 588 4706 nos
623 4652 947 4722 posteriora,
997 4651 1398 4706 inconsiderata
1453 4665 1605 4706 more
1633 4650 1890 4718 iuvenum
1926 4651 2062 4706 faci-

489 4760 622 4796 nora
657 4747 964 4809 innotuere,
1001 4745 1144 4814 quod
1182 4747 1424 4814 priurum
1463 4743 1713 4796 notitiam
1762 4743 1934 4796 nostri
1963 4758 2061 4812 pro

487 4838 716 4890 veritate
766 4836 1036 4906 dogmatis
1082 4846 1235 4891 extra
1288 4834 1474 4904 patria:
1516 4833 1650 4904 lines
1698 4847 1949 4888 carceres
1996 4848 2064 4887 ac

489 4929 756 4984 custodiae
790 4931 1138 4991 snbtrasere,
1172 4926 1538 4997 posteriorum
1577 4925 1710 4978 nihil
1743 4927 1884 4978 inter
1908 4936 2062 4981 ortus

489 5032 545 5076 et
585 5022 955 5092 cegnitionem
987 5031 1232 5076 nostram
1266 5017 1598 5078 intercessit,
1627 5017 1772 5085 quod
1809 5029 1932 5087 post
1970 5035 2066 5071 no-

491 5125 666 5170 strum
711 5116 760 5167 in
797 5115 942 5182 regia
973 5125 1330 5182 congressum
1373 5118 1428 5163 et
1475 5109 1872 5163 restitutionem
1909 5125 2066 5164 exer-

493 5206 678 5260 ccndis
734 5204 1084 5258 commerciis
1147 5201 1352 5254 mutuis
1410 5201 1562 5255 locus
1615 5210 1780 5255 esset.
1829 5201 1895 5255 Et
1953 5203 2066 5255 luce

491 5313 656 5354 causa
693 5299 836 5366 cogit
869 5311 968 5349 nos
1007 5298 1071 5348 ad
1105 5293 1404 5348 secundum
1431 5293 1534 5348 hoc
1565 5305 1838 5348 certamen
1872 5295 2068 5349 incun-

494 5389 646 5441 dum.
679 5387 1014 5441 EttorditnUl‘
1047 5400 1210 5454 porro
1250 5400 1356 5438 non
1393 5385 1587 5454 aequali
1623 5401 1746 5438 cum
1776 5387 2065 5453 antagoni-

494 5488 578 5534 sta
616 5479 798 5542 modo,
840 5477 1170 5531 deeertaturi
1205 5475 1421 5544 injuriis
1471 5493 1664 5546 nempe
1717 5492 1781 5529 ac
1825 5475 2068 5529 dicteriis

495 5571 761 5624 adversus
797 5569 949 5624 illum
985 5569 1148 5623 veluti
1177 5572 1490 5624 tutamentis
1531 5569 1599 5622 ad
1635 5568 1743 5620 vim
1777 5567 2064 5621 arcendam

499 5667 698 5721 acturi.
753 5665 905 5720 illius
952 5664 1222 5734 siquidem
1258 5665 1427 5719 Solius
1463 5675 1518 5717 et
1567 5662 1811 5722 alterius,
1847 5661 1937 5729 qui
1973 5677 2068 5713 tte-

500 5774 606 5829 qnc
649 5774 834 5811 verum
884 5775 1058 5828 neque
1095 5758 1479 5828 philosophum
1523 5771 1642 5810 sese
1673 5755 1890 5826 gerendi
1953 5772 2068 5808 tn:-

505 5850 632 5903 dntn
676 5847 863 5901 t'allcat
897 5851 1059 5903 simili
1111 5850 1322 5903 ratione
1377 5852 1674 5906 decertare,
1720 5862 1881 5915 quam
1944 5862 2065 5899 cum

2164 4653 2264 4722 τὴν
2291 4651 2390 4720 μὲν
2423 4649 2534 4702 τῶν
2571 4649 2852 4719 προτέρων
2886 4647 3092 4716 γνῶσιν
3124 4647 3180 4700 at
3213 4649 3354 4717 ὑπὲρ
3385 4645 3475 4698 τοῦ
3507 4635 3710 4710 ἀληθοῦς

2165 4743 2438 4812 δόγματος
2466 4739 2754 4810 ὑπερόριοι
2787 4737 2944 4810 ἡμῶν
2977 4739 3262 4793 ἐκώλυσαν
3297 4734 3550 4806 φυλακαί.
3603 4724 3708 4778 Τῶν

2163 4832 2220 4885 δὲ
2257 4832 2526 4900 δευτέρων
2589 4831 2742 4884 οὐδὲν
2771 4826 2838 4902 ἦν
2885 4825 3170 4899 ’γενέσεως
3209 4831 3304 4882 καὶ
3333 4827 3578 4895 γνώσεως
3631 4831 3712 4885 με·

2166 4922 2320 4988 ταξὺ,
2351 4921 2438 4976 διὰ
2460 4921 2518 4974 τὸ
2555 4922 2948 4991 συνεπιδημεῖν
2982 4919 3232 4990 ἀλλήλοις
3266 4920 3401 4990 μετὰ
3424 4917 3517 4987 τὴν
3539 4915 3591 4966 ἐν
3623 4904 3710 4977 μέ-

2169 5032 2282 5078 σοις
2313 5015 2634 5084 ἀνακτόροις
2667 5013 2994 5084 συμπλοκὴν
3027 5012 3184 5084 ἡμῶν
3233 5012 3330 5064 καὶ
3362 5003 3709 5062 ἀποκατάστα-

2170 5123 2272 5162 σιν.
2307 5105 2454 5176 Αὕτη
2490 5109 2588 5176 μὲν
2652 5103 2746 5160 οὖν
2797 5105 2944 5158 αίτία
2971 5104 3065 5158 τοῦ
3123 5104 3403 5174 δευτέρους
3432 5099 3584 5168 ’ἡμᾶς
3632 5089 3706 5142 ἐπὶ

2167 5198 2258 5247 τὸν
2300 5184 2487 5264 ἀγῶνα
2545 5195 2736 5249 τοῦτον
2761 5195 2958 5250 ἐλθεῖν.
3012 5195 3321 5268 Ἐρχόμεθα
3370 5193 3425 5244 δέ
3487 5189 3580 5241 οὐκ
3610 5183 3706 5236 ἴσον

2168 5290 2243 5360 τῷ
2289 5293 2668 5362 ἀνταγωνιστῇ
2699 5291 2904 5362 τρόπον
2935 5290 3352 5359 ἀγωνισάμενοι,
3409 5285 3585 5354 ὕϐρεσι
3627 5276 3706 5343 δη·

2168 5383 2342 5436 λονότι
2367 5385 2458 5436 καὶ
2493 5384 2846 5454 σκώμμασιν,
2871 5385 2946 5447 ὼς
2973 5384 3331 5454 ἀμυντηρίοις
3381 5378 3516 5431 τισὶν
3543 5369 3704 5425 ὅπλοις

2169 5475 2485 5543 χρήσασθαι
2530 5473 2652 5526 κατ’
2677 5472 2866 5528 αὑτοῦ.
2897 5473 3080 5529 Αὐτοῦ
3110 5471 3216 5540 γὰρ
3245 5471 3407 5539 μόνου
3458 5465 3545 5516 καὶ
3565 5455 3701 5512 ἄλλου

2170 5567 2318 5630 τινὸς
2344 5568 2452 5620 τῶν
2488 5567 2701 5630 οὐδενὸς
2755 5566 2863 5620 τῶν
2888 5566 3004 5619 ὅσοι
3027 5566 3124 5619 καὶ
3162 5561 3336 5634 ἁληθῆ
3397 5557 3484 5610 καὶ
3520 5549 3700 5621 φιλόσο-

2173 5677 2271 5728 φον
2321 5661 2632 5722 οἴδασιν,δν
2689 5659 2850 5721 αὐτὸς
2907 5659 2984 5730 μὴ
3025 5659 3182 5719 εἰδὼς
3229 5653 3418 5707 etaim,
3461 5637 3700 5730 guunt}:

2172 5758 2325 5810 λ;ται
2357 5756 2447 5808 τὸν
2476 5757 2678 5824 τρόπον
2717 5755 2909 5808 τοῦτον
2975 5747 3414 5822 διαγωνίζεσθαι.
3450 5739 3620 5806 Ἡμεῖς
3664 5725 3702 5824 ξ’

2177 5848 2302 5898 ἐπεὶ
2337 5846 2393 5898 ἓν
2436 5844 2594 5899 τοῦτο
2632 5848 2793 5916 μόνον
2847 5845 3075 5915 οἴδαμεν
3101 5842 3196 5899 τοῦ
3236 5837 3434 5906 ἀγῶνθς
3488 5825 3609 5882 εἶναι
3650 5816 3698 5868 τὸ
