4042 6440
345 314 451 379 ενι

1275 317 1702 384 ῙίΕίἪΓᾹΤΙΟ
1745 320 1952 380 ιλιιιιιι
1993 321 2307 382 GEURGH
2351 317 2629 383 CYPRH.

3491 331 3600 392 8'33

349 437 942 504 κεφαλαιωδέστατα),
1017 437 1114 506 τὴν
1177 437 1265 490 τοῦ
1321 437 1590 505 πατρικοῦ
1665 436 1921 503 συστῆσαι

2034 433 2123 489 ille
2157 439 2382 501 nesciat,
2427 440 2570 494 scire
2616 455 2673 495 se
2711 451 2890 496 tamen
2945 445 3250 513 proﬁtetur.
3306 447 3414 503 Nos
3451 466 3598 513 vero,

347 525 608 596 ἀλήθειαν
646 528 940 597 δόγματος,
969 525 1089 580 καθ’
1115 521 1176 581 οὐ
1229 528 1383 580 τόσον
1405 527 1671 580 ἔπνευσεν
1737 519 1913 591 οὗτος,

343 615 420 678 ὡς
461 617 626 687 μηδὲν
649 619 898 688 ἡγεῖσθαι
929 617 1214 688 βιώσιμον,
1250 617 1298 670 εί
1335 618 1410 688 μὴ
1439 618 1556 670 νέον
1588 619 1784 670 ἑαυτὸν
1819 621 1903 670 αἱ-

353 706 649 778 ρεσιάρχην
708 711 773 778 τῇ
825 708 917 760 τοῦ
948 707 1098 783 Θεοῦ.
1138 709 1536 778 καταστήσειεν
1587 706 1910 776 Ἐκκλησία,

349 797 485 864 πρὸς
541 798 642 866 μὲν
671 800 766 862 τὰς
829 799 1017 870 ὕϐρεις
1073 801 1166 852 καὶ
1198 799 1574 870 βλασφημίας,
1623 799 1689 862 εις
1721 797 1924 861 πολλὰς

348 878 503 948 οὗτος
525 887 608 940 ὅτι
637 888 898 958 μάλιστα,
951 891 1046 944 καὶ
1103 887 1329 960 βαρείας
1383 889 1481 941 καὶ
1511 888 1655 956 ἄλλῳ
1693 889 1800 941 τινὶ¹
1834 907 1928 940 τυ-

347 977 440 1047 χὸν
469 977 830 1041 ἀνυποίστους
863 979 994 1044 τῶν,
1029 975 1142 1044 οἷος
1199 979 1363 1042 αὐτὸς
1431 979 1752 1049 μικροφυῶν
1817 979 1916 1051 τὴν

347 1065 576 1138 γνώμην
614 1071 706 1122 καὶ
747 1069 980 1136 ἁγενῶν,
1015 1069 1115 1135 τῆς
1166 1069 1326 1138 ἡμῶν
1384 1068 1647 1137 καταχέει
1707 1069 1922 1138 μετριό-

348 1174 531 1229 τητος,
575 1159 730 1213 οὐδὲν
787 1161 1012 1230 ἄμεινον
1067 1159 1158 1214 τοῦ
1216 1160 1368 1228 παρὰ
1405 1158 1501 1212 τοῦ
1533 1159 1697 1212 Δαυῒδ
1740 1159 1928 1228 κωφοῦ

347 1257 446 1310 καὶ
503 1255 702 1310 ἀλάλου
771 1255 1178 1324 διακεισόμεθα.
1265 1254 1470 1308 Ὁπόσα
1531 1255 1588 1308 δὲ
1650 1255 1758 1308 ἀπὸ
1816 1272 1928 1308 κοι-

349 1350 469 1412 λίας
535 1349 698 1410 αὐτὸς
735 1351 1033 1416 κενοφωνεῖ
1062 1349 1309 1418 δόγματα
1354 1347 1454 1416 τῆς
1484 1346 1578 1399 τοῦ
1613 1346 1748 1400 Θεοῦ
1807 1348 1928 1400 Ἐκ-

352 1441 581 1510 κλησίας
628 1439 906 1510 ἀλλότρια,
951 1438 1042 1492 τοῦ
1102 1439 1303 1502 παντὸς
1352 1438 1750 1508 ἀποτέμνοντες
1767 1437 1930 1506 λόγου

349 1529 412 1586 οὐ
455 1533 591 1586 καθ’
623 1533 786 1602 ἡμῶν
839 1535 1104 1602 πρότερος
1132 1527 1286 1596 οὗτος
1327 1532 1732 1604 ἀντιρῤητικῶς
1762 1535 1926 1605 spea-

349 1623 623 1694 ψῴδησεν,
662 1626 754 1678 ἐπὶ
787 1643 882 1678 του
923 1626 1088 1695 μέσου
1122 1624 1494 1694 προθήσομεν,
1520 1626 1612 1678 καὶ
1635 1625 1710 1694 τῷ
1741 1625 1927 1694 βουλο-

355 1713 502 1782 μένῳ
525 1713 914 1782 διαγινώσκειν
957 1717 1308 1784 παρήσομεν,
1343 1715 1391 1764 εί
1423 1713 1498 1781 μὴ
1517 1712 1606 1766 διὰ
1640 1715 1930 1784 γραφικῶν

353 1801 684 1869 ἀποδείξεων
711 1803 803 1854 τὸν
833 1804 1100 1874 αἱρέσεων
1131 1801 1293 1856 αὐτοῦ
1328 1803 1757 1874 παραστήσομεν
1776 1806 1926 1874 ἐλεγ-

355 1910 466 1963 χον.
520 1894 802 1947 Ἀκουέτω
838 1892 969 1961 γοῦν
1007 1888 1163 1956 οὗτος
1195 1893 1342 1956 ὅστις
1381 1894 1445 1945 ἂν
1486 1893 1594 1963 εἴη,
1625 1895 1720 1948 καὶ
1757 1896 1928 1965 διαγι-

357 1985 628 2038 νωτκέτω.

425 2167 492 2235 β’.
550 2187 566 2218 ι
609 2169 680 2220 Τὸ
727 2168 975 2238 Πνεῦμα,
1007 2187 1026 2222 ι
1073 2171 1228 2240 φησὶ,
1271 2190 1289 2222 ‹
1329 2172 1389 2225 τὸ
1411 2173 1567 2239 ἅγιον
1599 2175 1660 2226 ἐκ
1700 2177 1796 2243 τῆς
1835 2175 1927 2248 eji-

349 2260 474 2321 σίας
506 2259 802 2330 λεγόμενον
829 2261 923 2314 τοῦ
968 2262 1205 2333 Πατρὸς,
1235 2265 1416 2328 καλῶς
1445 2265 1510 2320 ἂν
1537 2266 1652 2336 ἔχοι
1715 2269 1818 2320 καῖ
1841 2271 1929 2321 εὐ-

349 2349 524 2413 σεϐῶς
556 2353 649 2404 καὶ
683 2353 746 2404 ἐκ
779 2352 877 2420 τῆς
910 2351 1005 2406 τοῦ
1054 2352 1185 2406 Υίοῦ
1216 2353 1491 2423 λέγεσθαι.
1523 2357 1638 2410 Μία
1663 2358 1795 2427 γὰρ,
1831 2359 1927 2412 καὶ

347 2443 425 2508 ὼς
485 2444 643 2497 οὐσία
697 2445 799 2498 οὐκ
861 2445 1014 2498 ἔστιν
1062 2446 1211 2510 ὅπως
1246 2447 1374 2500 ποτὲ
1401 2448 1666 2520 διαίρεσιν
1695 2451 1924 2521 δέχοιτο.

347 2536 574 2590 Διότιδὲ
635 2537 732 2606 μία
794 2539 857 2590 τὸ
909 2539 974 2591 ὲκ
1025 2538 1123 2608 τῆς
1153 2539 1340 2603 οὐσίας
1365 2539 1800 2613 ὁμολογούμενον
1832 2542 1926 2597 τοῦ

348 2627 566 2698 Πατρος
598 2629 658 2680 τὸ
688 2626 910 2697 Πνεῦμα
941 2630 1038 2682 καὶ
1079 2631 1148 2682 ἐκ
1195 2630 1295 2700 τῆς
1318 2629 1410 2683 τοῦ
1470 2633 1601 2686 Υίού
1661 2633 1928 2706 ὑπάρχειν

343 2719 720 2787 ὁμολογεῖται.
779 2719 924 2790 Πλὴν
967 2721 1145 2774 οὐδιὰ
1181 2720 1339 2774 τοῦτ’
1390 2723 1492 2792 ἤδη
1551 2723 1647 2777 καὶ
1697 2724 1762 2776 ἐκ
1825 2727 1925 2794 τῆς

347 2809 445 2862 τοῦ
489 2809 620 2862 Υίοῦ
659 2811 1008 2874 ὑποστάσεως
1030 2812 1088 2864 τὸ
1116 2811 1358 2882 Πνεῦμα,
1415 2813 1516 2866 κᾶν
1545 2814 1627 2866 ὅτι
1681 2814 1923 2883 μάλιστα

349 2903 418 2954 ὲκ
449 2902 546 2970 τῆς
585 2901 938 2964 ὑποστάσεως
979 2902 1074 2956 καὶ
1098 2903 1161 2954 ὲκ
1193 2903 1294 2970 τῆς
1324 2904 1512 2969 οὐσίας
1545 2905 1772 2975 λέγηται
1832 2906 1926 2960 τοῦ

349 2991 582 3062 Πατρός.
617 3011 634 3044 ι
659 2992 724 3044 Τί
755 2993 880 3064 φῂς,
909 2994 936 3044 ὁ
969 2993 1376 3061 διαγινώσκων;
1403 2991 1514 3066 ἆρα
1531 2996 1724 3065 σοφίας
1754 2997 1928 3054 ταῦτα

2030 528 2122 596 qui
2160 530 2260 583 hoc
2300 531 2474 586 solum
2515 543 2784 596 tenemus,
2814 551 3086 590 summam
3115 541 3432 594 certaminis
3457 558 3602 608 esse,

2028 622 2240 688 paterni
2275 619 2547 692 dogmatis
2593 626 2874 679 veritatem
2911 631 3288 691 constabilire,
3331 635 3397 685 ad
3455 635 3600 702 quod

2027 711 2439 766 convellendum)
2490 717 2825 769 tantumdem
2864 717 2951 770 hic
3001 718 3298 786 insudavit,
3337 732 3395 776 ut
3425 725 3604 778 vivere

2028 813 2085 852 se
2114 814 2272 866 pes-se
2327 801 2548 857 minime
2590 805 2883 868 oxis:imet,
2919 809 3023 862 nisi
3059 826 3259 864 nov-um
3317 828 3374 866 se
3429 813 3602 867 luere-

2029 887 2300 942 siareham
2355 893 2406 944 in
2441 887 2684 949 Ecclesia
2741 900 3061 961 constituat,
3109 917 3236 968 erga
3283 901 3429 956 illius
3454 903 3601 972 inju—

2029 979 2140 1032 rias
2180 995 2244 1034 ac
2297 980 2686 1048 blaSphemias,
2739 1001 2876 1054 quas
2929 991 3248 1046 innumeras
3305 992 3394 1046 ille
3437 1007 3602 1059 atque

2029 1068 2348 1136 immensas,
2382 1085 2433 1126 et
2461 1089 2680 1143 graves,
2713 1085 2766 1130 et
2796 1070 2976 1138 alteri,
3009 1082 3102 1149 qui
3134 1098 3287 1150 teque
3317 1094 3480 1152 alque
3512 1085 3602 1140 ille

2032 1161 2227 1227 pusillo
2279 1171 2445 1231 atque
2497 1165 2750 1235 degeneri
2803 1169 2986 1224 animo
3037 1183 3142 1237 est,
3197 1176 3420 1228 minime
3469 1175 3606 1230 forte

2031 1249 2368 1319 tolerabiles,
2407 1254 2459 1307 in
2495 1267 2740 1312 nostram
2777 1261 3212 1316 mediocritatem
3245 1263 3456 1327 elIudit,
3495 1283 3605 1320 non

2032 1341 2224 1397 melius
2257 1359 2419 1414 quam
2455 1349 2546 1417 qui
2579 1349 2721 1419 apud
2753 1351 3010 1408 Davidem
3047 1363 3128 1408 est
3160 1357 3360 1411 surdus
3394 1367 3446 1410 et
3482 1373 3606 1411 mu-

2033 1443 2142 1497 tus,
2180 1448 2428 1502 agemus.
2463 1436 2594 1504 Quae
2629 1457 2758 1494 vero
2803 1443 2918 1512 ipse
2963 1459 3028 1499 ex
3064 1457 3253 1500 ventre
3303 1463 3441 1502 nova
3473 1464 3604 1503 eiu-

2031 1529 2142 1576 ctat
2193 1525 2466 1592 dogmata,
2502 1546 2531 1584 a
2571 1531 2660 1586 Dei
2715 1531 2956 1589 Eetslesia
3005 1551 3234 1604 prorsus
3284 1539 3482 1605 aliena,
3536 1555 3602 1594 ex

2033 1609 2316 1676 oratione,
2379 1629 2541 1684 quam
2600 1618 2689 1673 ille
2742 1621 2952 1688 primus
3013 1625 3174 1680 nobis
3228 1627 3610 1684 contradicens

2035 1699 2420 1768 concinnavit,
2489 1719 2852 1774 pra-secantes
2918 1713 2972 1766 in
3057 1716 3296 1770 medium
3365 1719 3604 1774 adduce-

2033 1802 2173 1853 mus,
2226 1793 2535 1864 volentique
2591 1797 2892 1866 dijudicare
2948 1802 3357 1872 relinquemus,
3409 1823 3595 1862 annon-

2031 1879 2184 1934 ﬁrme
2232 1897 2327 1952 per
2379 1886 2582 1954 scripto
2637 1891 2864 1946 traditas
2898 1893 3395 1952 demonstrationes
3448 1899 3594 1953 illius

2032 1971 2414 2031 refutationem
2453 1980 2822 2039 instituemus.
2852 1970 3051 2043 Audiat
3089 1989 3255 2055 igitur
3281 1993 3600 2062 quicunque

2031 2061 2118 2116 ille
2149 2065 2240 2130 sit,
2276 2079 2436 2138 atque
2467 2071 2748 2141 dijudieet.

2101 2156 2154 2211 2.
2207 2177 2224 2210 ι
2258 2158 2516 2230 Spiritus,
2556 2183 2573 2215 ι
2633 2167 2826 2236 inquit,
2890 2187 2908 2220 ι
2946 2184 3194 2239 sanctus,
3230 2189 3355 2229 cum
3401 2176 3604 2232 dicitur

2031 2261 2096 2301 ex
2132 2251 2368 2304 essentia
2403 2249 2606 2318 Patris,
2643 2265 2789 2311 recte
2821 2260 3016 2328 pieque
3068 2271 3120 2316 et
3148 2278 3212 2318 ex
3243 2269 3479 2320 essentia
3513 2267 3603 2320 Fi-

2031 2336 2086 2390 lii
2129 2339 2362 2395 dicetur.
2413 2341 2526 2398 Una
2563 2345 2830 2416 siquidem
2867 2361 2970 2414 est,
3005 2363 3058 2406 ct
3095 2355 3170 2408 uti
3204 2358 3441 2411 essentia
3480 2359 3604 2412 nui-

2030 2429 2134 2483 laut
2165 2431 2489 2488 divisionem
2523 2435 2791 2494 admittet.
2843 2441 2906 2496 Et
2950 2445 3094 2513 quod
3134 2461 3237 2500 una
3274 2454 3378 2508 est,
3409 2450 3502 2517 qui
3536 2466 3604 2504 ex

2029 2522 2262 2576 essentia
2303 2524 2478 2580 Patris
2519 2527 2755 2596 Spiritus
2800 2547 2920 2587 esse
2959 2533 3280 2601 aﬂirmatur,
3315 2545 3368 2590 et
3397 2553 3463 2591 ex
3516 2556 3606 2592 es-

2031 2613 2204 2668 sentia
2269 2613 2392 2670 Filii
2452 2620 2716 2675 exsistere
2775 2625 3060 2678 asseritur.
3147 2625 3263 2680 Non
3321 2639 3600 2697 proptrrea

2033 2712 2211 2757 tamen
2247 2704 2480 2774 Spiritus
2513 2724 2576 2764 ex
2612 2711 2891 2781 hypostasi
2925 2713 3046 2768 Filii
3080 2717 3202 2776 erit,
3239 2717 3362 2772 licet
3389 2735 3604 2774 asseve-

2031 2801 2212 2847 ranter
2261 2811 2324 2849 ex
2382 2801 2618 2853 essentia
2671 2813 2722 2856 et
2767 2805 3048 2875 ltypnstasi
3083 2806 3258 2862 Patris
3297 2809 3533 2864 dicatur.
3577 2831 3594 2862 ι

2030 2881 2170 2949 Quid
2232 2886 2321 2941 hic
2383 2889 2484 2954 ais,
2543 2893 2635 2962 qui
2713 2894 2824 2949 Ita‘c
2875 2895 3178 2966 dijudicas?
3227 2899 3422 2952 Annon
3484 2900 3603 2956 hare

2030 2977 2190 3048 digna
2223 2990 2350 3035 sunt
2385 2971 2673 3052 sapientia,
2709 3001 2874 3056 quam
2913 2988 3108 3042 horum
3148 3001 3388 3045 assertor
3421 2997 3600 3063 pessi-

345 3082 568 3149 ἐπάξια,
601 3085 666 3154 ἥν
691 3085 718 3136 ὁ
740 3083 912 3136 ταῦτα
941 3081 1112 3151 λέγων
1137 3084 1483 3155 βρενθύεται,
1516 3088 1614 3158 οὐχ
1639 3089 1782 3161 ὑπὲρ
1801 3093 1921 3156 τοὺς

2029 3069 2156 3124 dere
2187 3073 2512 3142 sesejaclat,
2547 3091 2654 3130 non
2675 3093 2841 3147 super
2865 3094 3059 3134 omnes
3094 3081 3298 3144 solum,
3333 3088 3423 3150 qui
3454 3101 3601 3141 nune-

345 3173 444 3226 νῦν
475 3171 722 3237 ἅπαντας
751 3173 932 3244 μόνον,
975 3173 1090 3228 ἀλλ’
1108 3176 1268 3246 εῐτιερ
1283 3193 1366 3238 τις
1391 3178 1482 3230 καὶ
1504 3179 1582 3247 τῷ
1609 3180 1781 3249 χρόνῳ
1799 3182 1930 3236 ποτὲ

342 3265 408 3316 τὸ
441 3264 535 3316 ἐπὶ
588 3262 752 3335 σοφίᾳ
813 3263 973 3329 κλέος
1036 3267 1487 3338 ἀπενεγκάμενος
1533 3269 1770 3338 γέγονε;
1833 3273 1930 3336 Τίς

343 3373 500 3416 ποτε,
519 3349 564 3409 ὧ
587 3351 761 3421 οὗτος,
779 3356 992 3410 πολλῶν
1010 3357 1180 3411 ὄντων
1202 3360 1310 3412 τῶν
1329 3359 1416 3414 διὰ
1443 3361 1609 3431 μέσου
1625 3362 1719 3415 τοῦ
1739 3364 1929 3434 χρόνου

343 3449 772 3518 ὁμναδειχοέντων
807 3449 956 3520 παρὰ
1001 3449 1136 3502 Θεοῦ
1175 3450 1306 3520 ἡμῖν
1342 3450 1626 3520 θεολόγων,
1681 3454 1916 3508 τοιαῦτα

345 3541 448 3592 ἐπὶ
478 3540 574 3608 τῆς
611 3541 776 3608 ἁγίας
817 3539 1050 3608 Τριάδος
1098 3540 1494 3611 τεθεολόγηκε;
1537 3563 1554 3596 ι
1602 3543 1798 3610 Καλῶς
1857 3546 1924 3600 ἂν

339 3629 483 3700 ἔχει,
526 3650 544 3682 ο
593 3631 750 3700 φησι,
789 3651 808 3682 σ
847 3631 942 3684 καὶ
981 3631 1224 3696 εὐσεϐῶς
1257 3635 1316 3686 τὸ
1349 3635 1413 3687 ἐκ
1455 3636 1552 3704 τῆς
1575 3635 1668 3689 τοῦ
1717 3638 1930 3709 Harpe;

340 3721 536 3782 οὐσίας
565 3722 860 3793 λεγόμενον
881 3722 977 3776 καὶ
1003 3724 1068 3776 ἐκ
1098 3724 1198 3793 τῆς
1247 3725 1342 3776 τοῦ
1373 3725 1500 3779 Υίοῦ
1533 3725 1808 3792 λέγεσθαι,
1841 3729 1930 3782 διὰ

337 3813 409 3865 rt")
437 3812 566 3881 μίαν
613 3815 712 3882 τὴν
748 3812 842 3866 τοῦ
899 3813 1034 3867 Υίοῦ
1064 3815 1159 3867 καὶ
1223 3815 1434 3886 [πατρὸς
1461 3813 1602 3870 εἶναι
1647 3818 1860 3874 οὐσίαν.
1905 3838 1922 3872 ι

345 3904 451 3973 Είη
478 3905 541 3956 ἂν
571 3904 958 3977 εὐσεϐέστερον
994 3905 1136 3959 κατὰ
1163 3905 1244 3970 σὲ,
1279 3906 1328 3958 εί
1363 3907 1458 3960 καὶ
1485 3908 1550 3959 ἐκ
1581 3910 1679 3976 τῆς
1715 3909 1915 3962 ἑαυτοῦ

336 3993 616 4054 οὐσίαςτὸ
640 3994 865 4064 Πνεῦμα
913 3995 972 4048 τὺ
1009 3997 1164 4063 ἅγιον
1192 3995 1425 4064 λέγοιτο.
1483 3999 1552 4050 Ἢ
1599 3998 1708 4068 γὰρ
1769 4001 1928 4054 τοῦτο

337 4085 686 4156 ἀποδειχθὲν,
732 4085 945 4156 ἀληθῶς
996 4087 1088 4140 τὸν
1134 4086 1487 4158 ἀκροώμενον
1539 4088 1716 4142 πείσει
1757 4090 1831 4161 μὴ
1859 4091 1926 4144 δι’

333 4177 506 4231 ἄλλον
535 4180 656 4232 τινὰ
679 4175 856 4246 λόγον,
891 4177 976 4230 διὸ
993 4178 1050 4230 δὲ
1071 4179 1229 4248 μόνον
1253 4180 1310 4231 τὸ
1336 4179 1438 4250 τῆς
1453 4179 1553 4234 τοῦ
1591 4181 1806 4252 Πατρὸς
1830 4183 1924 4236 καὶ

337 4270 477 4324 Υίού
527 4271 719 4332 οὐσίας
792 4271 995 4323 ἐνιαίον
1055 4273 1120 4323 ἐκ
1175 4271 1272 4340 τῆς
1315 4272 1521 4342 ἀμφοῖν
1571 4273 1828 4342 λέγεσθαι
1859 4276 1920 4329 τὸ

338 4361 570 4431 Πνεῦμα
619 4363 838 4425 οὐσίαςς
907 4363 940 4432 ἢ
1002 4363 1098 4415 ἐὰν
1163 4363 1222 4416 τὸ
1295 4363 1551 4416 ἐντεῦθεν
1605 4363 1924 4436 βλάσφημον

2032 3163 2194 3216 vitam
2241 3173 2430 3234 agunt,
2479 3167 2572 3222 sed
2624 3185 2788 3238 super
2840 3170 3081 3240 reliquos
3119 3189 3307 3228 omnes
3333 3179 3424 3246 qui
3475 3181 3598 3233 aliis

2033 3261 2194 3322 atque
2234 3255 2359 3310 aliis
2404 3258 2744 3326 temporibus
2797 3263 3076 3330 sapientia:
3135 3262 3276 3318 fama
3329 3267 3600 3323 nobilitati

2031 3346 2198 3400 sunt?
2239 3345 2373 3414 Quis
2419 3367 2682 3420 unquam,
2725 3367 2758 3406 ο
2791 3364 2872 3417 tu,
2921 3369 3044 3409 eum
3097 3357 3254 3410 multi
3304 3367 3452 3423 sunt,
3504 3361 3600 3429 qui

2031 3437 2137 3492 hoc
2185 3441 2362 3494 medio
2411 3451 2654 3512 tempore
2695 3461 2722 3498 a
2783 3445 2889 3502 Deo
2919 3447 3078 3502 nobis
3111 3450 3348 3519 theologi
3385 3453 3596 3507 consti-

2034 3527 2135 3582 tuti
2169 3541 2312 3597 stmt,
2345 3533 2545 3586 similia
2566 3537 2632 3589 de
2651 3536 2838 3592 divina
2869 3538 3066 3594 Triade
3091 3543 3312 3596 sarmt?
3336 3562 3352 3593 ί
3385 3543 3548 3610 Bene,
3579 3564 3596 3596 ι

2030 3618 2126 3683 ait,
2163 3637 2182 3669 ο
2234 3621 2431 3693 pieque
2466 3626 2554 3694 qui
2587 3641 2651 3678 ex
2682 3631 2922 3682 essentia
2973 3629 3148 3686 Patris
3197 3631 3434 3702 Spiritus
3463 3637 3603 3690 dici-

2033 3721 2141 3773 tur,
2190 3728 2252 3766 ex
2283 3715 2522 3768 essentia
2558 3731 2780 3788 quoque
2819 3717 2942 3773 Filii
2978 3721 3110 3784 diei,
3146 3725 3291 3792 quod
3329 3723 3508 3782 Patris
3545 3737 3601 3781 et

2029 3801 2149 3856 ΡιΙὶἱ
2190 3818 2296 3858 una
2349 3808 2582 3861 essentia
2625 3819 2728 3864 est.
2761 3829 2780 3862 ι
2831 3811 2900 3864 At
2947 3815 3118 3882 magis
3155 3815 3300 3883 pium
3333 3827 3500 3884 esset,
3551 3828 3604 3873 te

2023 3893 2228 3963 judice,
2271 3896 2314 3950 si
2345 3907 2398 3950 et
2426 3914 2491 3952 ex
2542 3915 2640 3954 sua
2685 3901 2860 3970 ipsius
2895 3905 3134 3958 essentia
3169 3904 3408 3976 Spiritus
3448 3909 3602 3964 dice-

2028 3991 2198 4038 retur.
2234 3984 2288 4040 ld
2324 3989 2468 4041 enim
2501 3990 2546 4043 si
2577 4005 2703 4044 vere
2738 3991 3172 4060 demonstretur,
3208 4011 3334 4052 vere
3361 3998 3604 4053 auditmi

2027 4075 2298 4140 suadebit,
2333 4077 2538 4132 nullam
2573 4081 2643 4135 ob
2693 4081 2852 4136 aliam
2911 4085 3201 4151 rationem,
3235 4087 3328 4142 sed
3361 4097 3603 4143 tantum-

2028 4169 2188 4220 modo
2213 4168 2280 4222 ob
2305 4169 2567 4223 unitatem
2594 4173 2846 4226 essentia:
2869 4173 3046 4230 Patris
3073 4186 3128 4230 et
3151 4175 3275 4232 Filii
3303 4194 3365 4234 ex
3394 4182 3604 4236 utrius-

2026 4273 2133 4326 que
2163 4261 2401 4314 essentia
2440 4260 2704 4331 Spiritum
2755 4265 2866 4320 dici
2900 4282 2915 4320 :
2946 4278 3040 4322 aut
3084 4268 3128 4322 si
3176 4269 3302 4324 inde
3343 4270 3598 4341 blasphe-

2028 4352 2136 4404 mia
2165 4352 2452 4408 manifesta
2477 4355 2783 4419 enascitur,
2806 4357 3271 4415 dcmonstraberis
3302 4369 3356 4414 tu
3382 4378 3600 4434 quoque

335 4454 628 4525 προδηλον,
691 4453 942 4506 ἐντεῦθεν
995 4454 1364 4526 ἀποδειχθήσῃ
1425 4457 1519 4510 καὶ
1552 4433 1615 4509 σύ
1674 4433 1917 4528 μεγάλης

2029 4444 2278 4498 maximat
2325 4445 2676 4514 blasphemiae
2723 4449 2994 4504 obnoxius
3047 4465 3191 4506 esse.
3235 4450 3302 4506 Et
3343 4433 3601 4509 essentia:

336 4547 528 4614 ἔνοχος
565 4545 704 4600 εἷναι
759 4545 862 4615 τῆς
927 4545 1300 4618 βλασφημίας.
1362 4549 1474 4601 Καὶ¹
1509 4549 1568 4602 τὸ
1604 4549 1702 4620 τῆς
1729 4552 1918 4616 οὐσίας

336 4643 650 4712 ἀδιαίρετον
697 4644 868 4695 αἴτιον
913 4641 1010 4710 τῆς
1070 4643 1392 4713 θεολογικῆς
1437 4643 1644 4714 ταύτης
1699 4644 1916 4716 ρήσεως

333 4733 778 4803 προϐαλλόμενος
809 4731 1060 4802 φανερῶς
1097 4732 1404 4804 ἐλεγχθήσῃ
1467 4734 1742 4798 κλέπτων,
1787 4736 1912 4805 οὐχὶ

331 4823 546 4876 πείθων
593 4823 685 4876 τὴν
715 4823 1089 4892 ἀκροώμενον.
1155 4823 1248 4884 Τίς
1279 4825 1387 4892 γὰρ
1413 4824 1565 4879 ἔσται
1597 4829 1622 4878 ὁ
1652 4825 1744 4879 σοῦ
1799 4829 1909 4896 χεῖ-

337 4931 435 4984 ρον
476 4914 572 4984 τὴν
597 4915 785 4968 οὐσίαν
811 4913 1060 4982 διαιρῶν,
1095 4913 1192 4966 ἐὰν
1225 4913 1323 4982 τὴν
1349 4915 1543 4968 οὐσίαν
1593 4917 1689 4971 τοῦ
1741 4919 1914 4972 Πνεύ-

336 5021 517 5074 paco;
581 5005 678 5075 τῆς
725 5003 821 5056 τοῦ
867 5005 1081 5072 Πατρὸς
1139 5003 1232 5056 καὶ
1286 5002 1417 5056 Υἱοῦ
1467 5003 1794 5076 διαιρήσεις,
1837 5009 1912 5078 μὴ

333 5093 644 5165 συγχωρῶν
675 5094 803 5158 ἴσως
835 5093 930 5146 καὶ
961 5097 1024 5146 ὲκ
1047 5095 1148 5164 τῆς
1187 5093 1384 5146 ἑαυτοῦ
1432 5088 1568 5146 εἶναι
1615 5096 1802 5158 οὐσίας
1853 5097 1914 5150 τὸ

331 5183 596 5254 ΙΙνεῦμας
623 5188 776 5238 Διατί
805 5185 884 5250 δὲ,
923 5187 1064 5251 εἰπὲ,
1103 5187 1167 5240 ὲκ
1200 5185 1299 5254 μὲν
1327 5185 1424 5254 τῆς
1447 5185 1634 5248 οὐσίας
1659 5185 1720 5238 τὸ
1756 5185 1912 5255 λεγό-

329 5295 504 5350 μενον
532 5279 624 5332 τοῦ
653 5279 865 5350 Harpe;
886 5279 979 5332 καὶ
998 5280 1063 5331 ἐκ
1086 5280 1184 5348 τῆς
1213 5277 1562 5340 ὑποστάσεως
1585 5277 1826 5346 λέγεται,
1847 5281 1911 5331 ὲκ

356 5369 418 5422 δὲ
441 5369 538 5436 τῆς
559 5369 745 5433 οὐςίας
763 5371 1056 5440 λεγόμενον
1077 5369 1170 5423 τοῦ
1200 5369 1330 5423 Υἱού
1348 5371 1412 5424 ἐκ
1433 5369 1532 5440 τῆς
1558 5371 1909 5433 ὑποστάσεως

319 5461 392 5516 οὐ
415 5459 714 5530 ῥηθήσεται
735 5478 748 5523 ;
771 5460 904 5530 Οὐχὶ
923 5459 1202 5514 κάνταῦθα
1219 5460 1394 5528 λόγοις
1429 5459 1610 5528 μόνοις
1630 5457 1691 5512 τὸ
1707 5461 1802 5529 τῆς
1823 5460 1912 5512 οὐ·

223 5567 228 5570 ‘
321 5553 452 5615 σίας
481 5555 784 5624 ἀδιαίρετον
821 5553 1001 5622 φαίνει
1029 5555 1335 5624 ὁμολογεῖν,
1358 5553 1574 5622 ἀληθῶς
1597 5550 1800 5622 ταύτην
1817 5553 1911 5606 αὐ-

318 5647 420 5710 τὸς
451 5646 696 5716 διαιρῶν,
726 5647 817 5699 καὶ
845 5647 940 5714 τῆς
983 5647 1328 5715 Ἀρειανικῆς
1356 5645 1649 5717 διαρέσεως
1677 5645 1858 5712 χεῖρον
1886 5661 1900 5708 ;

335 5737 402 5787 '0
433 5739 530 5804 μὲν
560 5737 665 5804 γὰρ
695 5733 768 5806 τῷ
791 5733 882 5787 τοῦ
917 5737 1123 5804 Πατρος
1155 5736 1252 5786 ὐστ
1289 5753 1387 5806 ρῳ,
1419 5737 1510 5788 καὶ
1537 5735 1615 5786 ὅτι
1645 5733 1906 5802 γεγονότα

2031 4534 2365 4590 indivisibile
2409 4553 2629 4592 causam
2677 4539 2906 4607 hujusce
2953 4542 3270 4611 theologicae
3319 4549 3603 4602 sententiae

2031 4642 2361 4698 proponens,
2417 4629 2592 4696 palam
2634 4632 3059 4702 deprehenderis
3107 4638 3442 4701 subduceris.
3490 4658 3599 4697 non

2029 4723 2366 4789 persuadens
2419 4725 2750 4779 auditorem.
2805 4725 2940 4793 Quis
2982 4730 3123 4782 enim
3176 4730 3363 4796 fuerit,
3409 4733 3498 4802 qui
3549 4743 3601 4788 te
3659 4759 3663 4762 ·

2030 4815 2184 4884 pejus
2238 4817 2533 4872 essentiam
2587 4819 2856 4884 diviserit,
2903 4821 2949 4876 si
3004 4823 3297 4878 essentiam
3360 4824 3599 4894 Spiritus

2027 4907 2096 4960 ab
2139 4921 2200 4960 ea
2248 4922 2368 4975 qua:
2418 4918 2502 4964 est
2532 4911 2772 4965 essentia
2822 4910 2996 4968 Patris
3035 4921 3089 4968 et
3121 4913 3243 4970 Filii
3295 4920 3597 4987 separabis,

2029 5013 2136 5052 non
2176 5001 2478 5056 concedens
2512 4999 2672 5064 forte,
2709 5012 2761 5056 et
2788 5019 2850 5056 ex
2887 5008 2971 5060 sui
3001 5006 3176 5076 ipsius
3213 5012 3449 5064 essentia
3475 5013 3600 5080 Spi-

2029 5089 2192 5144 ritum
2249 5091 2407 5145 esse?
2447 5092 2627 5158 Quare
2679 5111 2828 5158 vero,
2866 5096 3037 5152 dicito
3084 5114 3294 5168 quaeso.
3345 5103 3488 5171 quod
3531 5120 3596 5158 ex

2025 5181 2264 5234 essentia
2295 5179 2494 5244 Patris,
2528 5193 2580 5236 et
2614 5200 2677 5238 ex
2707 5188 2984 5256 hypostasi
3013 5189 3155 5242 illius
3183 5191 3419 5258 dicitur;
3449 5194 3595 5262 quod

2027 5287 2158 5326 vero
2193 5286 2258 5324 ex
2295 5274 2530 5326 essentia
2560 5273 2706 5340 Filii,
2732 5293 2796 5331 ex
2826 5279 3104 5348 hypostasi
3139 5281 3286 5335 illius
3314 5299 3420 5337 non
3451 5284 3600 5339 dicc-

2027 5366 2151 5417 tur?
2187 5367 2381 5420 Annon
2417 5367 2504 5421 hic
2545 5385 2765 5441 quoque
2799 5387 2905 5426 non
2959 5373 3164 5426 ratione
3193 5376 3596 5440 tantummodo,

2025 5455 2170 5523 quod
2229 5454 2283 5508 in
2349 5458 2586 5512 essentia
2647 5468 2732 5512 est
2787 5460 3116 5516 indivisibile
3172 5459 3597 5529 deprehenderis

2023 5546 2296 5612 conﬁteri,
2331 5562 2457 5601 vere
2502 5549 2675 5618 ipsam
2711 5551 3088 5614 ειιιιιιίνίιιριιε,
3126 5563 3174 5605 et
3227 5553 3424 5604 Aniaaa
3453 5553 3596 5604 divi-

2025 5639 2180 5691 sione
2211 5641 2611 5696 atrocius?|l|e
2645 5642 2916 5710 siquidem
2959 5643 3361 5711 pusterioritate
3391 5641 3591 5709 Patris,

2023 5741 2076 5781 ‹-ι
2107 5731 2249 5801 qunti
2285 5742 2576 5801 generatus
2619 5743 2764 5789 esset
2797 5749 2859 5788 ex
2895 5733 3076 5800 Putre,
3107 5750 3212 5788 non
3257 5749 3593 5790 cotem-num
