3962 6394
296 350 408 415 905
1229 344 1666 406 BEFUTATIO
1709 341 1922 403 LIBRI
1963 341 2290 404 GEORGII
2332 339 2609 401 CYPRIL
3466 334 3572 400 906

302 461 682 534 σωρευόμενον
713 459 1012 532 ἑτερότητα
1039 458 1129 515 διά
1157 462 1256 530 τὴν
1285 463 1386 531 τῆς
1423 462 1614 525 οὐσίας
1649 460 1880 530 ἑνότητα

2011 468 2131 514 tum
2191 457 2563 514 diversitatem
2619 460 2847 525 pr0pter
2895 451 3150 508 essentia:
3219 451 3499 517 unitatem,
3539 468 3570 506 ιι

299 557 402 626 τῆς
475 551 684 614 οἰκείας
737 551 927 605 διδότω
982 569 1066 616 τις
1141 551 1456 618 ἐξίστασθαι
1524 553 1886 621 διαιρέσεως,

2011 551 2207 620 πορτίο
2233 550 2504 606 divisione
2527 549 2674 604 exire
2706 546 2967 602 concedat
2998 545 3293 617 quispiam,
3327 555 3420 599 aut
3443 544 3488 600 si
3516 545 3570 599 id

299 648 336 720 ἢ
391 648 466 717 μὴ
534 645 719 699 δοῦναι
782 644 942 697 τοῦτο
991 644 1312 714 δυνάμενος,
1357 643 1493 716 μηδὲ
1548 645 1648 714 τῆς
1702 643 1889 705 οὐσίας

303 737 664 811 φανταζέσθω
744 737 1049 808 διακρίσεις
1115 739 1210 791 καὶ
1273 738 1599 808 ἑτερότητας
1660 736 1748 790 δεά
1789 736 1888 798 τὰς

302 836 446 892 κατά
490 837 552 888 τὸ
585 833 790 902 γεννῶν
857 835 952 887 καὶ
1011 832 1372 904 γεννώμειον,
1429 835 1525 888 καὶ
1591 831 1890 900 ἐκπορεῦον

305 929 407 984 καὶ
481 927 916 996 ἐκπορευόμενον
964 927 1312 997 ἑτερότητας.
1358 926 1447 990 Ὣς
1479 927 1588 995 γὰρ
1642 925 1764 996 οὐχὶ
1823 918 1888 993 τῇ

303 1024 416 1078 τῶν
451 1022 698 1092 κλήσεων
728 1020 912 1091 σχέσει
945 1020 1042 1073 καὶ
1063 1023 1142 1092 τῇ
1175 1021 1255 1082 είς
1287 1019 1604 1090 πατρότητοι
1652 1020 1745 1072 καὶ
1779 1018 1894 1070 υἱό-

303 1132 447 1185 τητα
507 1112 770 1183 διαιρέσει
833 1114 869 1182 ἡ
928 1111 1040 1165 τῶν
1117 1109 1426 1182 προσώπων
1496 1110 1675 1175 οὐσία,
1735 1103 1809 1164 ὧν
1855 1111 1900 1180 ἡ·

302 1207 579 1277 διαίρεσις
633 1205 726 1258 καὶ
761 1205 969 1274 σχέσις,
1001 1203 1421 1272 συνδιαιρεϊται·
1469 1200 1642 1265 οὕτως
1675 1202 1793 1255 οὐδὲ
1825 1204 1891 1273 τῇ

313 1299 460 1350 κατά
529 1296 590 1348 τὸ
643 1294 847 1362 γεννῶν
913 1296 1008 1346 καὶ
1045 1294 1407 1362 γεννώμενον,
1453 1294 1548 1346 καὶ
1595 1292 1893 1363 ἐκπορεῦον

306 1390 404 1441 καὶ
432 1385 868 1455 ἐκπορευόμενον
905 1384 1174 1454 διακρίσει
1201 1385 1658 1455 συνδιακρίνεται.

385 1485 455 1549 η’.
490 1497 510 1530 ι
557 1478 670 1546 Οὐχ
709 1477 792 1530 ὃτι
831 1477 895 1530 ὲκ
925 1479 1026 1548 τῆς
1051 1477 1235 1539 οὐσίας
1269 1477 1360 1529 τοῦ
1400 1477 1638 1544 Πατρὸς,
1683 1495 1700 1527 ι
1735 1477 1890 1546 φησι,

319 1588 340 1621 ι
386 1571 617 1639 λέγομεν
649 1569 741 1621 τὸν
776 1569 906 1622 Υίδν
942 1571 1036 1623 καὶ
1069 1568 1128 1622 τὺ
1174 1568 1427 1639 Πνεῦμα,
1477 1570 1566 1622 διὰ
1607 1569 1767 1622 τοῦτο
1798 1570 1896 1623 καὶ

305 1660 489 1732 ἀρχὴν
516 1660 681 1715 αὐτὸν
715 1662 806 1714 καὶ
838 1661 1021 1716 αἰτίαν
1061 1661 1470 1730 ὁμολογοῦμεν⁹
1497 1661 1616 1713 ἀλλ’
1643 1661 1724 1714 ὅτι
1748 1661 1890 1732 ἀρχὴ

309 1752 521 1824 φυσικὴ
556 1752 652 1805 καὶ
683 1751 834 1806 αίτία
865 1752 973 1805 τῶν
1002 1752 1280 1816 οὐσιωδῶς
1312 1749 1371 1816 ἐξ
1419 1753 1585 1806 αὐτοῦ
1619 1755 1892 1807 ὑποστάν-

314 1863 442 1909 των,
479 1843 567 1897 διὰ
609 1845 768 1898 τοῦτο
802 1845 896 1899 καὶ
942 1847 1007 1898 ὲκ
1043 1845 1144 1915 τῆς
1179 1845 1369 1908 οὐσίας
1404 1845 1618 1898 ἐκείνου
1658 1846 1820 1900 αὐτά.
1868 1865 1886 1896 ι

313 1936 784 2008 Σοφιστικώτερον
819 1938 918 2007 μὲν
948 1937 1234 2007 χρώμενος
1287 1939 1523 1992 ἐνταῦθα
1555 1941 1583 1992 ὁ
1620 1939 1781 2006 λόγος
1813 1939 1892 2008 τῷ

313 2027 604 2097 ἡγουμένῳ
625 2027 718 2080 καὶ
749 2026 1005 2096 ἑπομένῳ
1029 2025 1284 2079 κλέπτειν
1305 2027 1556 2094 πειρᾶται
1579 2026 1673 2080 τὸν
1695 2028 1896 2094 ἀκροα-

309 2119 432 2190 τὴν,
449 2121 571 2188 οὐχὶ
599 2117 825 2176 πείθειν.
863 2117 1006 2187 Ἐγὼ
1023 2119 1079 2172 δὲ
1101 2119 1150 2171 εί
1176 2119 1272 2171 καὶ
1295 2119 1402 2171 ἀπὸ
1416 2118 1526 2172 τῶν
1549 2119 1794 2180 φυσικῶς
1814 2117 1896 2170 δν-

306 2225 422 2265 των
440 2210 697 2263 ἁπάντων
713 2208 810 2278 τὴν
829 2209 919 2260 ἐπὶ
937 2210 1048 2271 τοῖς
1076 2212 1198 2279 είρη
1208 2207 1389 2278 μένοις
1415 2209 1524 2278 ἔχω
1545 2209 1895 2278 παραστῆσαι

305 2303 718 2371 ἀντ.στροφήνο
770 2300 824 2351 τί
871 2299 981 2370 γὰρ
1009 2300 1074 2354 ἄν
1105 2317 1189 2363 τις
1242 2302 1351 2353 πᾶν
1381 2300 1443 2352 τὸ
1477 2303 1541 2352 ἐκ
1571 2299 1673 2368 τῆς
1703 2299 1895 2362 οὐσίας

307 2393 458 2455 τινὸς
479 2387 626 2445 εῖναι
651 2391 966 2461 λεγόμενον,
995 2391 1071 2454 ὼς
1100 2390 1160 2455 ὲξ
1187 2392 1362 2443 αἰτίου
1388 2387 1531 2444 εἶναι
1559 2390 1711 2458 λέγει
1739 2390 1894 2443 αὐτό·

307 2485 414 2539 καὶ
447 2483 719 2538 ἀνάπαλιν
769 2485 878 2537 πᾶν
908 2485 969 2537 τὸ
1015 2483 1092 2546 ὡς
1141 2484 1201 2548 ἐξ
1242 2485 1420 2538 αἰτίου
1456 2483 1605 2546 τινὸς
1657 2483 1893 2554 φυσικοῦ

310 2577 412 2629 καὶ
441 2577 684 2647 όμοφυὲς
731 2575 809 2645 τῷ
834 2575 994 2645 αἰτίῳ
1023 2572 1166 2629 εἶναι
1203 2575 1458 2645 όμολογεί
1477 2593 1493 2610 ο
1523 2576 1662 2630 ἀλλὰ
1693 2575 1897 2646 ταύτην

309 2669 454 2740 πρὸς
483 2670 542 2722 τὸ
587 2669 762 2740 παρὸν
799 2667 1068 2739 παριδὼν,
1100 2667 1192 2721 καί
1221 2685 1272 2720 τι
1310 2669 1448 2738 πρὸς
1475 2669 1567 2721 τὸν
1599 2669 1758 2738 λόγον
1818 2669 1896 2722 ετ-

310 2780 479 2834 οιτοιμι
508 2763 575 2818 ἂν
607 2765 744 2833 πρὸς
761 2763 852 2816 τὸν
882 2761 1112 2829 λέγοντα
1138 2777 1153 2792 ο
1186 2761 1356 2823 Είτις
1385 2759 1564 2831 τιθείη
1615 2759 1674 2814 τὲ
1704 2762 1768 2813 ὲκ
1797 2761 1897 2830 τῆς

309 2855 507 2918 οὐσίας
554 2853 650 2908 τοῦ
690 2855 903 2926 Πατρός
939 2854 998 2907 τὸ
1049 2852 1278 2922 Πνεῦμα
1315 2853 1411 2905 καὶ
1439 2851 1531 2906 τὸν
1561 2852 1690 2906 my
1731 2848 1896 2915 εἶναι,

310 2947 550 3001 ἔπεσθαι
599 2946 674 3010 ὡς
733 2946 1027 3018 ἡγουμένῳ
1056 2945 1134 3015 τῷ
1192 2945 1372 2998 αἰτίαν
1427 2945 1590 2998 αὐτὸν
1622 2941 1900 2998 εἶναιτῶν

308 3041 378 3107 ἐξ
407 3040 597 3094 αὐτοῦ.
628 3041 700 3093 Ἢ
729 3039 840 3110 γὰρ
864 3037 1031 3106 ἄτελε
1070 3037 1178 3090 τῶν
1207 3037 1444 3108 Γραφῶν
1471 3036 1532 3090 τὸ
1581 3038 1646 3089 ὲκ
1682 3039 1779 3108 τῆς
1809 3037 1899 3090 οὐ-

1992 646 2293 700 concedere
2329 644 2536 712 nequit,
2571 655 2749 710 neque
2788 640 3040 695 essentia:
3076 639 3408 709 imaginetur
3464 637 3573 692 dis-

1995 737 2287 790 tinetiones
2318 745 2371 790 et
2397 735 2746 788 diversitates
2795 741 3014 803 propter
3052 731 3367 801 generantis
3394 741 3446 784 et
3485 745 3576 799 go-

1996 830 2094 884 niti
2139 837 2194 884 et
2221 828 2575 897 producentis
2607 837 2662 882 et
2696 825 2946 895 producti
2974 825 3337 879 diversitates.
3375 821 3576 887 Quem-

1997 920 2290 974 admodum
2321 919 2467 974 enim
2518 917 2943 987 appellationum
2975 916 3257 980 relatione,
3310 925 3362 969 et
3392 914 3445 968 in
3479 928 3572 983 pa-

1995 1012 2309 1068 ternitatem
2371 1026 2437 1066 ac
2489 1011 2806 1065 liliationem
2857 1008 3128 1065 divisione
3187 1023 3575 1078 personarum,

1996 1119 2230 1175 quarum
2278 1103 2476 1158 divisio
2500 1113 2583 1158 est
2605 1113 2661 1156 et
2687 1101 2902 1165 relatio,
2947 1102 3184 1156 essentia
3228 1116 3335 1154 non
3383 1100 3579 1154 dividi-

1997 1208 2106 1264 tur,
2141 1200 2257 1269 pari
2286 1199 2451 1254 modo
2478 1213 2654 1266 neque
2686 1196 3000 1267 generantis
3050 1204 3104 1250 et
3153 1195 3341 1265 geniti,
3375 1194 3579 1262 produ—

1997 1292 2171 1346 centis
2195 1299 2249 1346 et
2275 1291 2525 1360 producti
2565 1289 2918 1342 diStinctione
2962 1287 3336 1356 distinguitur.

2069 1471 2122 1524 8.
2153 1491 2170 1524 ι
2204 1470 2324 1526 Non
2349 1472 2491 1542 quod
2518 1487 2580 1524 ex
2611 1472 2850 1525 essentia
2876 1470 3072 1555 Patris,
3102 1489 3119 1522 ι
3154 1470 3248 1535 ait,
3284 1489 3301 1520 ι
3349 1469 3584 1524 dicimus

1996 1563 2197 1618 Filium
2228 1573 2282 1619 et
2313 1564 2601 1634 Spiritum,
2630 1572 2916 1633 prapterea
2950 1572 3005 1618 et
3034 1563 3366 1632 principium
3400 1563 3577 1631 ipsum

1997 1665 2050 1710 et
2092 1671 2316 1711 causam
2352 1658 2700 1720 conlitemur,
2734 1655 2828 1711 sed
2853 1655 3001 1724 quod
3053 1654 3383 1725 principium
3422 1664 3583 1709 natu-

1999 1749 2114 1802 rale
2145 1758 2198 1802 et
2229 1763 2398 1804 causa
2433 1757 2512 1803 est
2547 1763 2762 1813 eorum,
2789 1764 2910 1818 quae
2949 1763 3014 1802 ex
3060 1747 3178 1817 ipso
3221 1749 3585 1804 cssentialitur

2000 1839 2330 1901 subsistunt,
2385 1849 2786 1910 prOptereaque
2833 1855 2894 1893 ea
2933 1854 2999 1894 ex
3047 1839 3217 1907 ipsius
3251 1842 3510 1894 essentia.
3563 1862 3577 1890 ο

1998 1931 2287 2000 Captiosas
2321 1931 2623 2000 argutiolas
2678 1932 2765 1986 hic
2793 1933 2970 1985 oratio
3027 1946 3322 1999 usurpans,
3363 1945 3553 1987 antece-

2003 2025 2148 2078 denti
2174 2033 2229 2079 et
2261 2024 2621 2092 subsequenti
2649 2024 2957 2079 subducere
2993 2025 3586 2092 conaturgauditorem,

1996 2105 2111 2167 non
2153 2113 2504 2182 persuadere.
2543 2115 2653 2183 Ego
2683 2129 2812 2169 vero
2841 2117 2965 2170 licet
2991 2131 3054 2169 ex
3090 2118 3434 2172 naturalibus
3470 2135 3588 2172 oni-

2004 2206 2169 2260 nibus
2213 2204 2634 2260 conversionem
2667 2208 2732 2261 ad
2765 2207 2876 2276 jam
2903 2209 3048 2263 dicta
3076 2211 3312 2280 probare
3343 2212 3548 2280 possim
3579 2231 3589 2265 :

2002 2299 2240 2367 quilibet
2269 2298 2440 2364 enim,
2471 2300 2742 2370 quidquid
2773 2320 2840 2357 cx
2890 2305 3129 2358 essentia
3184 2305 3414 2374 alicujus
3469 2322 3591 2360 esse
3631 2345 3638 2352 .

1999 2395 2223 2458 dicitur,
2259 2401 2521 2462 tanquam
2554 2407 2620 2446 ex
2681 2409 2849 2450 causa
2901 2410 3046 2462 esse,
3089 2396 3482 2465 afﬁrmaverit;
3537 2410 3589 2452 et

2002 2489 2122 2541 vice
2153 2501 2333 2553 versa,
2362 2485 2633 2557 quidquid
2655 2495 2918 2557 tanquam
2966 2505 3029 2542 ex
3061 2505 3228 2545 causa
3256 2495 3489 2546 naturali
3521 2494 3589 2546 ab

2005 2579 2188 2649 aliquo
2215 2587 2320 2643 est,
2357 2579 2605 2648 ejusdem
2629 2594 2749 2634 esse
2769 2594 2894 2634 cum
2921 2596 3086 2635 causa
3113 2593 3322 2637 naturae
3340 2599 3590 2639 asserui-—

2004 2672 2110 2725 rit:
2155 2673 2248 2726 sed
2270 2671 2423 2727 hisce
2449 2672 2500 2724 in
2531 2673 2820 2740 prwsentia
2846 2673 3127 2743 neglectis,
3158 2676 3362 2746 aliquid
3388 2677 3582 2732 addam

2004 2764 2068 2816 ad
2110 2777 2420 2817 sermonem
2451 2775 2804 2828 asserentem,
2859 2766 2902 2818 si
2943 2766 3070 2835 quis
3111 2769 3354 2836 posuerit
3399 2785 3464 2824 ex
3506 2786 3594 2827 es-

2005 2854 2178 2908 sentia
2209 2852 2388 2908 Patris
2413 2854 2676 2923 Spiritum
2716 2865 2770 2909 et
2809 2854 3007 2909 Filium
3039 2872 3184 2920 esse,
3229 2861 3494 2931 consequi
3525 2878 3591 2916 ac

2005 2946 2050 2999 si
2074 2945 2205 2998 illud
2240 2947 2592 3015 praecederet,
2628 2962 2852 3002 causam
2877 2949 3052 3019 ipsum
3077 2964 3200 3005 esse
3229 2965 3442 3019 eorum,
3473 2969 3592 3024 qum

2005 3051 2070 3090 ex
2105 3039 2224 3106 ipso
2255 3045 2408 3095 sunt.
2463 3038 2571 3092 Aut
2597 3040 2743 3092 enim
2787 3040 2906 3095 dele
2951 3056 2982 3094 e
3027 3041 3350 3112 Scripturis,
3405 3061 3472 3101 ex
3507 3065 3595 3102 es-

313 3135 442 3198 σίας
462 3133 557 3187 τοῦ
585 3131 714 3186 Υἰοῦ
747 3132 806 3185 τὸ
835 3129 1060 3201 Πνεῦμα
1089 3130 1149 3182 τὸ
1179 3130 1335 3200 ἆγιον
1372 3130 1652 3200 λέγεσθαι,
1706 3131 1739 3204 ἦ
1772 3131 1900 3184 τού-

2011 3129 2186 3184 sentia
2227 3129 2354 3185 Filii
2387 3130 2653 3201 Spiritum
2687 3133 2816 3197 dici,
2878 3141 2972 3188 aut
3001 3137 3045 3189 sl
3076 3134 3128 3189 id
3167 3137 3457 3206 fateamur,
3495 3158 3594 3195 ne:

307 3245 413 3284 του
443 3246 506 3297 γε
536 3224 977 3298 ὁμολογουμένου
1007 3227 1150 3278 κατά
1178 3225 1271 3278 τὸν
1303 3225 1395 3278 σὺν
1421 3226 1737 3294 ἀναγκαίως
1769 3243 1901 3280 συν-

312 3322 624 3394 αχθήσεται
656 3320 836 3388 λόγον,
896 3319 1040 3372 κατά
1065 3317 1125 3370 τὸ
1153 3317 1220 3370 δι’
1249 3315 1380 3371 Υίοῦ
1426 3318 1674 3371 αίτιατδν
1700 3321 1763 3372 ἐκ
1787 3319 1900 3372 Πα-

307 3414 446 3483 τρδς
490 3407 631 3466 εἶναι
693 3409 753 3463 τὸ
807 3408 1033 3478 Πνεῦμα
1081 3408 1192 3470 τοῖς
1241 3406 1601 3478 θεολογήσασι
1653 3409 1902 3478 Πατράσι

315 3506 558 3576 ῥηθῆναι
585 3505 740 3559 αὐτό.
777 3503 838 3555 Εἰ
871 3502 982 3570 γάρ
1017 3499 1251 3554 διότι.ὲκ
1278 3500 1373 3552 τοῦ
1429 3499 1643 3570 Πατρός
1670 3499 1732 3552 τὸ
1761 3496 1904 3552 εῖναι

315 3600 435 3670 Υίῴ
483 3599 580 3652 καὶ
636 3596 939 3666 Πνεύματι,
976 3593 1063 3648 διὰ
1121 3593 1380 3647 τοῦτοδέκ
1413 3595 1510 3663 τῆς
1556 3595 1650 3646 τοῦ
1685 3595 1902 3670 Πατρὸς

313 3693 500 3746 ταῦτα
533 3691 745 3754 οὐσίας,
775 3690 929 3741 ἐσται
959 3686 1052 3740 καὶ
1082 3688 1147 3740 ὲκ
1169 3686 1270 3778 τηε
1293 3687 1387 3740 τοῦ
1420 3685 1548 3739 Υίοῦ
1589 3687 1650 3740 τὸ
1682 3686 1903 3756 Πνεῦμα

314 3786 532 3850 οὐσίας,
567 3783 702 3836 διότι
735 3781 802 3835 δι’
854 3778 984 3832 Υίοῦ
1014 3780 1074 3832 τδ
1107 3771 1260 3832 εῖναῖ
1281 3777 1358 3847 τῷ
1399 3777 1698 3847 Πνεῦματι.
1733 3771 1904 3840 Οῦτος
1954 3779 1958 3783 ”

316 3881 346 3930 ὁ
376 3876 534 3944 λόγος
567 3873 660 3928 καὶ
689 3873 814 3942 δίχα
843 3872 943 3942 τῆς
973 3870 1280 3939 ἀναγκαίας
1309 3869 1421 3923 τῶν
1459 3871 1567 3921 σῶν
1598 3868 1777 3937 λόγων
1809 3869 1904 3922 ἅν-

315 3969 620 4040 τιστροφῆς
655 3966 716 4018 τὸ
744 3966 852 4018 τῶν
881 3965 992 4019 σῶν
1027 3962 1331 4033 ,νοημάτων
1380 3960 1676 4028 ἀπελέγξει
1725 3962 1904 4031 παρά·

319 4065 500 4132 λογον.
527 4064 588 4114 El
615 4060 674 4114 δέ
703 4077 768 4128 γε
797 4060 894 4112 καὶ
925 4058 1087 4111 πάλιν
1105 4057 1284 4111 πάντα
1307 4058 1371 4110 σὺ
1402 4057 1578 4126 λέγων
1606 4055 1728 4108 κατ’
1751 4054 1906 4121 ἐξου-

323 4159 472 4220 σίαν,
508 4155 568 4208 οὐ
596 4154 684 4208 διὰ
710 4155 770 4208 τὸ
801 4148 942 4204 εἶναι
969 4151 1036 4204 δι’
1062 4150 1196 4204 Υίοῦ
1233 4151 1294 4202 τὸ
1326 4150 1550 4219 Πνεῦμα
1581 4152 1645 4203 ὲκ
1681 4149 1781 4218 τῆς
1809 4147 1904 4202 τοῦ

323 4247 458 4302 Υίοῦ
487 4246 620 4300 αὐτὸ
647 4243 787 4297 εἶναι
819 4243 1010 4305 οὐσίας
1031 4242 1196 4312 ἐρεῖς,
1223 4239 1310 4292 διὰ
1337 4239 1394 4290 δὲ
1415 4240 1477 4291 τὸ
1501 4238 1689 4302 ἁπλῶς
1711 4237 1908 4307 όμοού-

325 4358 446 4394 σιον
469 4356 483 4370 θ
505 4339 621 4392 ἀλλ’
643 4335 1016 4406 ἀπαντήσεται
1037 4350 1119 4386 σοι
1145 4335 1171 4386 ὁ
1198 4332 1356 4399 λόγος
1378 4330 1477 4401 τὴν
1496 4329 1591 4382 τοῦ
1616 4331 1906 4401 ὀμοουσίου

323 4434 434 4488 κᾶν
481 4431 716 4485 ἐνταῦθα
760 4427 1061 4498 προ-τείνων
1119 4424 1512 4496 ἀντιστροφὴν,
1566 4423 1662 4476 καὶ
1706 4423 1907 4491 ὁμοίως

324 4527 468 4593 αὐτῇ
501 4522 884 4592 ἀντιστρέφειν
915 4518 1168 4572 ἀπαιτῶν
1221 4517 1343 4571 κατ’
1371 4517 1621 4584 ἀνάγκην
1651 4514 1743 4565 ἐπὶ
1774 4511 1905 4564 Υίοῦ

326 4620 427 4674 καὶ
462 4615 778 4686 Πνεῦματος
812 4613 873 4666 τὸ
915 4615 980 4665 ὲκ
1021 4612 1122 4681 τῆς
1155 4610 1363 4672 οὐσίας.
1410 4608 1510 4670 Τίς
1537 4607 1644 4675 γὰρ
1673 4611 1769 4659 καὶ
1802 4604 1910 4656 τῶν

331 4711 508 4784 μικρὰ
545 4709 779 4776 συνορᾷν
810 4705 1127 4774 δυναμένων
1156 4707 1216 4755 οὐ
1263 4705 1447 4755 πᾶσαν
1482 4699 1624 4755 εἶναι
1660 4700 1909 4766 ἀνάγκην

325 4810 465 4878 ὲριί,
504 4809 551 4858 εί
581 4805 670 4857 διὰ
698 4803 758 4856 τὸ
788 4800 1078 4872 ὁμοούσιον
1106 4802 1168 4850 ἐκ
1207 4797 1308 4863 τῆς
1355 4796 1542 4858 οὐσίας
1575 4795 1670 4847 τοῦ
1702 4794 1828 4846 Υίοῦ
1854 4795 1914 4846 τὸ

331 4899 559 4965 Πνεῦμα
587 4895 648 4947 τὸ
674 4893 828 4960 ἅγιον
857 4890 1098 4957 λέγεται,
1131 4887 1225 4938 xai.
1247 4887 1310 4936 ἐκ
1339 4885 1435 4953 τῆς
1467 4884 1559 4935 τοῦ
1595 4883 1913 4953 Πνεύματος

325 4993 422 5045 τὸν
454 4990 580 5043 Υἱὸν
609 4987 694 5040 διὰ.
723 4987 783 5038 τὸ
812 4983 946 5037 αὐτὸ
979 4977 1232 5048 λέγεσθαι
1259 4994 1274 5042 ;

406 5084 471 5136 θ’.
529 5081 618 5134 Ἐν
665 5079 765 5149 μιᾷ
810 5077 923 5128 τῶν
980 5073 1074 5126 τοῦ
1113 5071 1317 5124 οἰκείου
1381 5067 1542 5138 λόγου
1594 5065 1914 5135 περικοπῶν

331 5173 527 5245 ὥσπερ
557 5191 609 5224 τι
640 5173 836 5241 λῆμμα
892 5166 1053 5220 τοῦτο
1078 5163 1280 5236 ,τίθησι
1307 5161 1574 5232 πρότερον
1594 5175 1609 5190 ·
1673 5179 1692 5210 ί
1739 5158 1915 5211 Πολλά

337 5271 442 5342 μὲν
490 5271 559 5322 τὰ
589 5267 686 5322 τοῦ
731 5265 800 5319 ἐκ
831 5279 996 5328 τινος
1027 5258 1424 5330 σημαινόμενα.
1470 5254 1581 5308 Καὶ
1629 5253 1739 5322 γάρ
1770 5252 1830 5303 τὸ
1859 5252 1917 5315 ἐξ

334 5366 494 5432 ὓλης,
537 5360 635 5414 καὶ
662 5358 724 5412 τὺ
756 5357 836 5425 ,ἐκ
885 5355 1076 5419 τόπου,
1112 5353 1209 5404 καὶ
1257 5349 1317 5402 τὸ
1367 5348 1506 5419 μετά
1551 5346 1732 5408 τοῦτο,
1765 5344 1918 5397 ἐστιν

331 5461 426 5511 ὅτε
456 5454 550 5508 καὶ
566 5454 627 5507 τὸ
645 5452 706 5518 ἐξ
735 5450 934 5521 ἀρχῆς,
969 5448 1065 5502 καὶ
1099 5447 1160 5497 τὺ
1186 5447 1250 5496 ἐκ
1277 5442 1380 5512 τῆς
1396 5439 1585 5505 οὐσίας
1612 5439 1736 5494 ὅθεν
1765 5438 1922 5506 λέγε-

333 5570 450 5618 ται,
469 5552 566 5604 καὶ
591 5547 651 5601 τὸ
667 5546 795 5600 ὅθεν
810 5539 1159 5610 ὲκινήθη,καὶ
1172 5539 1398 5590 πλεῖστα
1416 5537 1474 5590 δὲ
1492 5535 1658 5604 ἕτερα
1681 5535 1922 5606 τὴνιφω-

337 5649 438 5717 νὴν
452 5645 707 5714 εὑρήσεις
727 5637 1121 5709 σημαίνουσαν.
1147 5631 1293 5684 Ἀλλ’
1311 5633 1368 5683 ὲν
1389 5633 1500 5692 τοῖς
1524 5646 1592 5682 πε
1603 5628 1812 5698 ρἰβεοῦ
1834 5629 1922 5681 λό-

335 5755 457 5808 γοις
469 5735 738 5806 Κύριλ).ος
760 5728 957 5801 μὴ’τῶν
972 5726 1146 5781 ἄλλων
1158 5725 1409 5792 δεόμενος
1426 5723 1518 5777 ἐπὶ
1532 5721 1701 5800 τριῶν
1717 5718 1923 5774 τούτων

334 5837 401 5890 τὸ
430 5835 501 5888 ἐκ
529 5849 693 5895 τινος
735 5824 1158 5895 ικλαμεάνεται.
1205 5821 1466 5891 Σημαίνει
1523 5820 1621 5888 μὲν
1649 5821 1758 5887 γὰρ
1790 5813 1922 5888 παρ’

592 5930 864 5986 Parnoc.
897 5925 937 5983 Ο
952 5941 1012 5982 ιι.
1049 5917 1259 5981 CXLI.

2013 3222 2257 3278 cessain
2288 3232 2338 3278 te
2383 3235 2667 3279 asserente
2696 3225 3004 3296 colligetur,
3026 3230 3329 3284 secundum
3355 3247 3450 3300 per
3502 3233 3597 3287 Fi-

2013 3318 2144 3370 lium
2189 3325 2481 3372 causatum
2506 3332 2573 3373 ex
2613 3317 2776 3373 Patre
2809 3335 2930 3376 esse
2963 3320 3223 3392 Spiritum
3255 3339 3283 3377 a
3315 3323 3593 3387 Patribus.

2013 3412 2104 3480 qui
2153 3411 2282 3464 illud
2339 3411 2660 3483 decrevere,
2715 3413 2923 3472 dictum
2990 3415 3184 3472 fuisse.
3245 3415 3491 3488 Namque
3549 3423 3595 3474 si

2012 3503 2159 3571 quod
2180 3518 2246 3558 ex
2277 3501 2438 3560 Patre
2465 3503 2639 3560 Filius
2663 3515 2718 3560 et
2759 3506 3000 3576 Spiritus
3034 3524 3156 3564 esse
3189 3508 3416 3577 habent,
3471 3527 3600 3581 pro-

2014 3607 2200 3665 pterea
2233 3613 2298 3652 ex
2331 3599 2574 3653 essentia
2619 3599 2734 3653 haec
2773 3598 2952 3655 Patris
2981 3604 3270 3665 sunt,.crit
3311 3613 3365 3657 et
3403 3619 3469 3658 ex
3516 3625 3598 3658 es-

2013 3691 2188 3745 sentia
2219 3690 2344 3744 Filii
2384 3690 2646 3759 Spiritus,
2695 3691 2840 3760 quod
2885 3708 2950 3747 ex
2985 3693 3124 3747 Filio
3171 3709 3292 3748 esse
3358 3693 3598 3764 δρίιιίιιη

2013 3782 2198 3836 liabet.
2233 3780 2360 3838 Haec
2380 3783 2747 3849 ratiocinatio,
2782 3784 2945 3838 etiam
2979 3785 3184 3854 absque
3229 3787 3446 3839 tuorum"
3481 3803 3604 3842 εει-ο

2013 3890 2239 3931 monum
2273 3877 2634 3932 conversione
2666 3877 2993 3941 necessaria,
3040 3885 3254 3932 tuarum
3305 3888 3604 3933 sententia-

2017 3986 2137 4026 rum
2181 3970 2420 4026 absurda
2473 3969 2866 4025 manifestabit.
2916 3969 3073 4037 Quod
3105 3971 3152 4025 si
3184 3987 3402 4040 rursus,
3460 3989 3492 4026 ο
3547 3986 3600 4027 ιιι

2013 4064 2109 4134 qui
2151 4064 2334 4118 omnia
2375 4064 2594 4133 propria
2635 4065 2958 4119 auctoritate
3013 4063 3271 4130 blateras,
3309 4081 3416 4120 non
3457 4073 3600 4136 quod

2014 4170 2109 4226 per
2130 4155 2328 4210 Filium
2355 4155 2593 4225 Spiritus
2623 4164 2725 4222 est,
2761 4172 2826 4210 ex
2859 4157 3031 4224 ipsius
3055 4158 3289 4212 essentia
3321 4157 3426 4212 dici
3455 4158 3603 4212 aﬂir-

2017 4251 2270 4313 maveris,
2305 4251 2398 4305 sed
2418 4248 2737 4319 simpliciter
2760 4259 2980 4318 propter
3003 4249 3249 4305 eamdem
3282 4251 3600 4318 essentiam,

2014 4343 2108 4397 sed
2140 4351 2394 4398 occurret
2455 4341 2549 4395 tibi
2575 4342 2943 4405 ratiocinatio,
2997 4343 3480 4397 consubstantialis
3517 4322 3605 4397 hic

2013 4436 2175 4490 etiam
2228 4433 2560 4504 protendens
2612 4434 3050 4496 conversionem,
3098 4441 3153 4487 et
3203 4433 3400 4488 similis
3439 4435 3602 4487 modo

2013 4542 2132 4582 eam
2165 4535 2491 4582 convertens
2516 4527 2828 4581 necessario
2857 4527 2924 4581 de
2982 4525 3120 4580 Filio
3146 4534 3200 4580 et
3235 4526 3440 4596 Spiritu
3471 4527 3602 4581 illud

2015 4636 2080 4675 ex
2109 4621 2344 4676 essentia
2379 4621 2771 4689 pronuntiabit.
2813 4619 2947 4686 Quis
2983 4620 3127 4672 enim
3160 4634 3224 4674 ex
3275 4620 3342 4674 iis
3382 4621 3475 4689 qui
3518 4637 3601 4674 res

2014 4713 2100 4770 vel
2128 4713 2385 4767 momenti
2417 4711 2652 4776 alicuius
2673 4711 2972 4780 intelligere
3026 4721 3274 4780 possunt,
3307 4728 3414 4766 non
3451 4728 3606 4780 pror-

2016 4817 2112 4856 sus
2141 4801 2453 4856 necessario
2486 4803 2648 4865 dicet,
2696 4803 2738 4856 si
2787 4811 3006 4871 prapter
3036 4803 3281 4856 eamdem
3313 4805 3603 4857 essentiam

2017 4907 2084 4948 ex
2116 4893 2354 4948 essentia
2387 4892 2507 4946 Filii
2551 4891 2790 4962 Spiritus
2821 4902 3045 4947 sanctus
3073 4893 3294 4958 dicitur,
3349 4895 3511 4948 etiam
3540 4911 3603 4948 ex

2017 4985 2256 5039 essentia
2285 4983 2522 5053 Spiritus
2558 4983 2756 5039 Filium
2791 4995 3011 5054 propter
3034 4985 3270 5055 idipsum
3297 4984 3426 5040 dici.

2089 5077 2142 5131 9.
2177 5074 2234 5128 In
2299 5091 2404 5128 una
2461 5091 2574 5130 suae
2627 5077 2894 5131 orationis
2949 5078 3206 5147 pericope
3258 5077 3398 5133 hanc
3443 5079 3607 5135 veluti

2021 5167 2388 5236 sumptionem
2421 5179 2551 5220 ante
2578 5167 2682 5221 alia
2711 5169 2965 5236 proponit
2997 5187 3009 5222 :
3046 5189 3064 5221 ι
3097 5169 3277 5225 Multa:
3306 5181 3434 5226 sunt
3466 5171 3608 5228 illius

2021 5274 2084 5311 ea:
2112 5256 2290 5327 aliqua
2320 5257 2641 5327 signiﬁcata.
2672 5254 2918 5325 Namque
2935 5275 2997 5312 ex
3031 5262 3278 5327 materia,
3299 5268 3352 5316 et
3376 5277 3439 5315 ex
3464 5261 3605 5329 loco,

2023 5363 2076 5409 et
2108 5368 2231 5407 cum
2281 5352 2405 5416 hoc,
2466 5350 2758 5419 aliquando
2800 5351 2964 5404 etiam
3013 5367 3078 5405 ex
3111 5354 3401 5424 principio,
3461 5367 3513 5410 et
3543 5369 3609 5408 ex

2024 5447 2258 5502 essentia
2298 5445 2440 5498 unde
2477 5443 2695 5506 dicitur,
2749 5452 2803 5496 et
2851 5444 2995 5497 unde
3052 5455 3260 5500 motum
3308 5448 3517 5520 habuit,
3557 5456 3612 5502 et

2024 5541 2285 5609 pleraque
2309 5537 2414 5590 alia
2440 5536 2582 5590 hanc
2629 5535 2921 5589 dictionem
2979 5536 3240 5590 denotare
3283 5540 3609 5606 comperles.

2029 5631 2134 5706 Sed
2211 5641 2337 5684 eum
2409 5629 2479 5683 de
2534 5627 2646 5682 Deo
2711 5641 2895 5681 sermo
2981 5636 3086 5688 est,
3154 5627 3387 5698 Cyl'illtts
3475 5633 3614 5687 alio-

2027 5738 2148 5777 rum
2228 5723 2452 5784 minime
2516 5719 2785 5788 indigens,
2843 5721 2909 5773 dc
2972 5719 3056 5776 liis
3115 5720 3288 5774 tribus
3341 5721 3493 5787 illud,
3546 5739 3611 5777 ea:

2029 5817 2234 5885 aliqua,
2273 5815 2493 5884 accipit.
2528 5811 2812 5882 Signiﬁcat
2851 5811 2992 5866 enim
3021 5811 3162 5882 apud
3203 5814 3352 5865 illum
3389 5813 3440 5868 id
3465 5815 3610 5883 quod

3117 5905 3190 5969 29
