3962 6392
455 309 565 374 9G7

1464 314 1701 377 IOAN.
1743 314 1986 379 VECCI'
2006 315 2115 377 CP.
2160 313 2670 377 PATRIARCH/E
2693 383 2699 387 ,

3186 262 3299 271 ΑΗ,

3596 314 3743 380 ’908

454 449 520 485 ex
553 430 738 500 aliquo
769 430 1051 498 subsistit,
1087 438 1143 486 et
1191 431 1488 491 essentiam
1532 433 1913 503 consequitur,
1937 432 2031 503 qui

2137 432 2288 505 αὑτῷ
2313 434 2446 489 αὑτό
2478 450 2537 488 τε
2575 434 2637 487 τὸ
2666 432 2730 487 ἐκ
2758 447 2903 497 τινος
2935 431 3244 500 ὑφίσταται,
3302 430 3397 485 καὶ
3420 426 3742 497 οὑσιοῦται,

453 522 667 594 primus
685 531 741 576 et
760 522 1012 594 proprius
1036 522 1262 591 hujusce
1280 524 1377 578 erit
1395 524 1752 593 signiﬁcatus,
1774 536 2031 595 tanquam

454 614 547 680 qui
578 623 981 686 repraesentat,
1013 616 1233 685 proprie
1278 631 1341 670 ex
1388 617 1578 688 aliquo
1631 618 2032 674 exsistentiam.

452 700 613 758 Notat
639 704 803 758 etiam
855 718 925 759 ex
984 706 1447 760 consubstantiali
1510 708 2034 772 manilestationem,

453 795 710 863 etmuasi
770 794 1187 861 ostensionem,
1237 812 1344 868 qua
1394 794 1606 854 ratione
1656 798 1890 854 dicimus
1927 799 2035 854 Do-

456 886 686 949 minum,
722 898 978 942 naturam
1017 904 1084 947 ex
1108 889 1267 945 nobis
1302 893 1668 961 assumpsisse
1690 934 1705 959 ,
1740 902 1845 948 aut
1873 893 2035 950 nobis

466 980 1013 1035 consubstantialem.
1067 981 1197 1036 ltem
1237 999 1306 1038 ex
1365 984 1551 1055 aliquo
1604 985 1775 1041 videri
1822 996 2034 1042 motum

445 1072 719 1140 accipere,
771 1072 854 1128 vel
884 1075 1018 1143 quid
1048 1075 1253 1130 simile.
1297 1095 1316 1127 ι
1364 1075 1462 1133 His
1505 1078 1668 1133 veluti
1720 1079 2074 1148 sumptione-

446 1165 727 1231 orationi,
764 1175 824 1220 ut
879 1166 994 1235 jam
1040 1166 1281 1223 diximus
1307 1208 1322 1234 ,
1370 1171 1675 1241 praepositis
1708 1171 1981 1227 subinfert
2016 1188 2033 1227 :

455 1276 472 1307 σ
513 1257 703 1327 Itaque
748 1274 875 1313 cum
924 1260 1188 1331 Cyrillum
1225 1261 1384 1315 audis
1409 1301 1423 1325 ,
1484 1277 1548 1316 ex
1578 1263 1739 1318 Patre
1768 1263 2036 1319 exsistere

452 1349 718 1420 Spiritum
770 1359 1025 1406 sanctum
1074 1352 1375 1420 dicentem,
1434 1355 1564 1410 illud
1600 1356 1844 1412 indicare
1880 1369 2032 1427 puta,

445 1457 573 1498 eum
608 1441 931 1509 subsistere,
969 1443 1172 1499 habere
1200 1460 1345 1511 esse,
1366 1447 1683 1515 procedere.
1737 1447 1875 1502 Cum
1907 1463 2034 1503 vero

446 1548 510 1587 ex
531 1530 691 1599 Filio,
716 1534 781 1588 ad
802 1533 966 1588 alium
988 1536 1170 1588 Statim
1192 1535 1558 1604 signiﬁcatum
1582 1553 1822 1603 recurre,
1840 1553 2035 1608 nempe

451 1625 577 1679 inde
638 1633 899 1696 tanquam
934 1641 1000 1680 ex
1056 1627 1511 1682 consubstantiali
1564 1630 1925 1696 manifeSIari,
1973 1639 2030 1685 et

446 1718 684 1782 ostendi,
713 1728 767 1774 et
800 1719 923 1773 inde
972 1728 1183 1773 motum
1263 1720 1465 1776 habere
1490 1762 1504 1786 ,
1566 1722 1802 1776 videtur.
1842 1740 1861 1774 ι
1900 1721 2032 1792 ,Age

450 1810 564 1879 iam
627 1819 683 1864 tu
770 1810 966 1865 borum
1038 1810 1308 1867 dictorum
1374 1812 1536 1867 ﬁdem
1607 1812 1849 1868 exsolve.
1908 1812 2026 1880 Quo

447 1902 498 1954 in
563 1902 682 1958 loco
758 1904 871 1958 bace
925 1904 1003 1959 ait
1057 1904 1339 1975 Cyrillus?
1394 1905 1460 1977 Et
1513 1907 1557 1961 si
1627 1906 1865 1977 Cyrillus
1916 1923 2023 1963 non

448 2005 555 2059 est,
587 1998 714 2066 quis
740 2007 823 2051 est
851 1999 944 2069 qui
976 2012 1037 2053 ea
1067 1996 1254 2069 Cyrilli
1283 2014 1404 2054 esse
1424 2000 1679 2055 dictitat?
1712 2001 2023 2070 producan-

447 2098 533 2142 tur
582 2090 910 2159 sei‘ipturte,
978 2099 1034 2145 et
1082 2107 1175 2146 eas
1224 2108 1388 2164 supra
1445 2102 1607 2161 caput
1658 2102 1869 2162 gestare
1908 2101 2023 2147 ‘non

446 2183 849 2237 recusabimus.
889 2181 1045 2255 Quod
1071 2185 1115 2239 si
1160 2194 1263 2240 tuae
1293 2185 1496 2240 mentis
1548 2185 1655 2240 ista
1713 2194 1843 2241 sunt
1884 2184 2026 2239 fetus

441 2281 495 2328 et
523 2274 791 2344 germina,
836 2285 889 2329 et
931 2290 1053 2331 esse
1087 2276 1222 2330 nulli
1250 2277 1478 2330 dubium
1535 2285 1639 2343 est,
1677 2291 1707 2330 a
1738 2285 1791 2332 te
1818 2277 1940 2332 solo
1970 2276 2024 2330 in

445 2366 652 2421 honore
702 2365 1047 2433 habeantur,
1098 2382 1199 2421 nec
1246 2376 1458 2422 tantum
1497 2382 1524 2422 a
1579 2378 1668 2431 te,
1719 2368 1814 2423 sed
1846 2368 1916 2423 ab
1958 2368 2026 2423 iis

443 2459 632 2524 etiam,
657 2459 745 2529 qui
774 2474 925 2514 more
947 2459 1217 2529 pecudum
1243 2459 1348 2513 tuis
1373 2460 1616 2531 vestigiis
1639 2460 1896 2517 insistere
1916 2476 2026 2517 non

444 2549 856 2607 iudelectantur.
881 2550 1259 2607 Verumtamen
1293 2558 1347 2605 tu
1373 2552 1446 2606 nil
1474 2553 1598 2608 novi
1617 2554 1781 2609 etiam
1801 2554 1892 2609 hie
1909 2569 2030 2609 mo-

441 2640 580 2708 liris,
606 2641 710 2695 nisi
734 2640 857 2713 quis
886 2656 1087 2696 novum
1117 2642 1474 2710 reputaverit,
1504 2644 1653 2708 quod
1672 2644 1798 2698 dum
1821 2644 1875 2698 in
1912 2658 2031 2698 om-

440 2733 602 2789 nibus
625 2734 747 2788 aliis
782 2735 1109 2789 auctoritate
1142 2748 1250 2802 qua
1292 2750 1352 2789 es
1378 2734 1635 2805 dogmata
1664 2735 1910 2806 elIingas,
1942 2736 2030 2791 hic

444 2826 769 2881 nominatim
798 2825 1058 2898 Cyrillum
1087 2840 1269 2880 rerum
1303 2841 1329 2878 a
1354 2836 1406 2880 te
1431 2827 1704 2881 dictarunt
1738 2837 2023 2883 auctorem

438 2919 750 2975 constituis.
784 2918 894 2990 Ego
919 2932 1065 2985 vero,
1087 2918 1214 2973 licet
1241 2918 1458 2972 abunde
1476 2928 1566 2973 tua
1587 2920 1702 2973 luce
1720 2930 2031 2976 commenta

441 3024 566 3066 esse
589 3011 879 3066 ostendere
905 3024 1149 3081 possum,
1190 3012 1318 3064 dum
1356 3021 1409 3065 tu
1430 3014 1718 3068 ostendere
1741 3015 1937 3085 nequis
1967 3029 2031 3069 ca

441 3102 706 3173 Cyrillum
742 3103 999 3169 dictasse,
1035 3100 1140 3156 alia
1167 3116 1385 3172 quoque
1411 3107 1626 3160 ratione
1665 3113 1812 3159 tuam
1839 3114 2030 3159 contra

446 3196 730 3252 veritatem
778 3195 1070 3250 stultitiam
1099 3197 1403 3266 evulgabo,
1442 3197 1622 3267 palam
1656 3207 1784 3251 ante
1836 3197 2027 3252 oculos

442 3303 674 3358 ponens,
725 3303 890 3359 quam
926 3288 1047 3357 ipsa
1073 3289 1143 3344 ob
1188 3290 1586 3344 absurditatem
1638 3288 2024 3345 refutationem

441 3381 790 3437 admittunt:
828 3398 847 3431 ι
904 3380 1044 3436 Cum
1097 3396 1162 3436 ex
1212 3380 1413 3448 Patre,
1448 3400 1469 3434 ι
1525 3383 1650 3450 ais,
1708 3400 1729 3434 ‹
1764 3384 2029 3438 exsistere

443 3472 711 3543 Spiritum
760 3472 1001 3544 Cyrillus
1032 3476 1207 3540 dicit,
1254 3476 1465 3532 indicat
1512 3491 1639 3533 eum
1675 3477 1982 3532 subsistere
2008 3517 2023 3541 ,

442 3560 642 3616 habere
657 3577 799 3631 esse;
822 3553 1026 3644 cuin-ex
1056 3564 1217 3631 Filio,
1242 3582 1308 3620 ex
1332 3567 1783 3621 consubstantiali
1812 3566 2033 3621 manife-

443 3653 600 3719 stari,
651 3657 884 3721 ostendi,
917 3667 971 3710 et
1003 3657 1126 3712 inde
1177 3668 1385 3711 motum
1414 3657 1635 3712 habere.
1670 3675 1688 3708 ι
1750 3656 1864 3727 Ego
1897 3673 2030 3713 vero

444 3746 553 3812 nio,
588 3746 631 3799 si
664 3749 878 3803 duabus
899 3750 1233 3805 dictionibus
1259 3752 1509 3805 diversos
1558 3750 1899 3821 signiﬁcatus
1928 3751 2031 3804 tri-

442 3839 677 3905 bueres,
727 3848 824 3893 aut
885 3839 1133 3895 eamdem
1181 3841 1479 3896 dictionem
1513 3840 1585 3894 ab
1615 3855 1723 3895 uno
1776 3841 2029 3910 tlieologo

446 3931 515 3985 de
555 3929 717 3987 Patre
742 3976 758 4000 ,
811 3933 880 3988 ab
916 3934 1026 3988 alio
1058 3934 1124 3989 de
1153 3932 1296 3988 Filio
1323 3936 1522 3988 dictam
1550 3935 1785 4004 probare
1812 3947 2027 4003 posses,

445 4034 541 4081 aut
570 4027 638 4081 ab
676 4043 784 4082 uno
840 4028 1143 4096 eodemque
1192 4028 1260 4081 de
1314 4038 1544 4098 utroque
1592 4028 1645 4082 in
1694 4028 1800 4083 alia
1844 4037 2029 4083 tamen

443 4119 701 4193 pericope
754 4122 823 4176 de
880 4120 1041 4175 Patre
1096 4119 1279 4175 addita
1359 4121 1855 4186 determinatione,
1908 4132 2031 4190 qua:

442 4214 582 4268 illud
616 4214 836 4281 inferet,
872 4216 924 4267 in
956 4217 1060 4268 alia
1089 4215 1156 4268 de
1183 4211 1322 4267 Filio
1344 4253 1357 4275 ,
1406 4230 1528 4269 cum
1565 4212 1712 4269 aliud
1762 4212 2031 4267 inferente

442 4307 904 4363 determinatione
929 4349 945 4374 ,
997 4307 1232 4362 fortasse
1260 4307 1469 4378 aliquid
1500 4307 1686 4360 dicere
1737 4304 2026 4373 videreris,

437 4398 731 4470 proferens
757 4414 884 4470 quae
916 4398 1078 4455 dicis.
1133 4398 1286 4465 Quod
1329 4402 1378 4456 si
1428 4415 1537 4455 una
1562 4409 1615 4454 et
1639 4399 1827 4454 eadem
1860 4396 2030 4453 dictio

2137 525 2166 577 δ
2194 524 2258 595 δὴ
2295 525 2389 579 καὶ
2426 524 2643 597 πρῶτον
2682 525 2776 578 καὶ
2806 523 3010 595 κυρίως
3037 522 3193 577 τοῦδε
3239 522 3307 577 ἂν
3331 524 3416 601 εἴη
3458 525 3746 594 σημαινό-

2139 632 2324 687 μενον,
2360 615 2437 679 ὠς
2466 616 2637 688 αὐτὴν
2662 616 3008 687 παριστάνων
3037 614 3136 685 τὴν
3165 614 3260 668 τοῦ
3300 615 3509 686 κυρίως
3557 616 3621 670 ἐκ
3652 633 3744 669 τι⁶
3854 610 3863 617 ’

2137 725 2226 771 νος
2258 706 2515 779 ὕπαρξιν.
2570 707 2834 776 Σημαίνει
2877 708 2935 761 δὲ
2961 708 3057 761 καὶ
3087 707 3190 775 τὴν
3222 707 3297 769 ὡς
3344 706 3408 771 ἐξ
3436 708 3743 775 όμοουσίου

2138 802 2466 870 φανέρωσιν,
2504 800 2599 854 καὶ
2620 794 2731 852 οἷον
2760 797 3051 863 ἀνάδειξιν,
3091 798 3295 859 καθ’ὃν
3323 801 3527 870 τρόπον
3548 801 3747 870 φαμὲν

2148 890 2242 945 τὸν
2265 891 2471 959 Κύριον
2498 891 2599 962 τὴν
2625 891 2684 957 ἐξ
2721 890 2875 961 ἡμῶν
2909 890 3071 959 φύσιν
3109 890 3423 955 ἀναλαϐεῖν,
3450 891 3570 962 ἦτοι
3629 893 3750 961 τὴν

2135 982 2423 1055 ὀμοούσιον
2450 986 2584 1054 ἡμῖν
2604 1000 2619 1016 ο
2656 984 2793 1038 ἀλλὰ
2821 984 2888 1054 δὴ
2920 984 3015 1037 καὶ
3068 982 3130 1036 τὸ
3186 984 3252 1037 ἐκ
3283 1001 3428 1057 “cum;
3462 982 3613 1048 δόξαι
3640 1000 3747 1036 κι-

2135 1077 2389 1148 νηθῆναι,
2422 1078 2516 1144 καὶ
2561 1075 2615 1129 εί
2634 1077 2687 1130 τί
2721 1094 2825 1131 που
2867 1075 3271 1147 παραπλήσιον.
3312 1095 3331 1129 ι
3365 1076 3552 1131 Ταῦτα
3570 1060 3755 1129 ’θίαθά

2134 1187 2188 1223 τι
2222 1171 2437 1241 λῆμμα,
2469 1168 2544 1233 ὡς
2587 1168 2826 1240 εἴρηται,
2860 1167 2958 1222 τοῦ
2989 1168 3151 1236 λόγου
3184 1166 3555 1239 προειληφὼς,
3590 1168 3751 1221 ἑπά-

2135 1277 2264 1331 γει·
2308 1281 2327 1313 ε
2366 1261 2579 1315 Οὐκοῦν
2635 1261 2766 1317 ὅταν
2821 1260 3104 1331 Κυρίλλου
3154 1259 3361 1331 ἀκούῃς
3405 1264 3470 1315 ὲκ
3516 1262 3756 1331 [ἰατρὸς

2138 1355 2409 1425 ὑπάρχειν
2452 1352 2515 1407 τὸ
2565 1353 2792 1423 Πνεῦμα
2824 1352 2887 1407 τὸ
2939 1352 3096 1421 ἅγιον
3128 1352 3402 1421 λέγοντος,
3454 1353 3640 1406 ἐκεῖνό
3674 1369 3753 1421 γε

2135 1445 2331 1519 δηλοῦν
2388 1444 2602 1515 νόμιζε,
2647 1445 2732 1499 ὅτι
2790 1444 3113 1514 ὑφίσταται,
3160 1444 3243 1499 ὅτι
3289 1444 3405 1515 ἔχει
3447 1445 3510 1498 τὸ
3564 1440 3755 1510 εἶναι,

2135 1540 2217 1593 ὅτι
2272 1538 2655 1609 ἐκπορεύεται.
2725 1537 2899 1593 Ὀταν
2952 1538 3009 1590 δὲ
3071 1540 3138 1591 ὲκ
3193 1536 3289 1591 τοῦ
3338 1536 3470 1592 Υἱοῦ
3511 1539 3607 1590 ἐπὶ
3641 1537 3754 1590 τὸν

2135 1628 2297 1681 ἄλλον
2325 1610 2529 1684 αὐτίκα
2582 1631 2694 1695 τὸν,
2746 1627 2842 1682 τοῦ
2877 1628 3001 1682 ὅθεν
3058 1609 3137 1692 ῶς
3186 1627 3248 1693 ἐξ
3300 1628 3591 1697 όμοουσίου
3625 1644 3756 1696 φα-

2136 1722 2388 1794 νεροῦται
2447 1721 2544 1775 καὶ
2584 1720 3010 1786 ἀναδείκνυται,
3059 1722 3153 1775 καὶ
3211 1721 3324 1785 τὸν,
3384 1719 3511 1793 ὅθεν
3558 1722 3751 1773 κινιί-

2062 1797 2102 1852 B
2134 1814 2257 1869 σθαι
2292 1814 2463 1878 δοκεῖ,
2503 1814 2799 1884 μετάὁαινε
2848 1813 3074 1885 τρόπον.
3102 1832 3127 1865 θ
3180 1814 3317 1880 ’Ἄγε
3349 1814 3436 1881 δὴ.
3462 1806 3510 1868 ὧ
3549 1803 3748 1874 οὗτος,

2129 1907 2228 1979 τὴν
2258 1906 2369 1962 τῶν
2398 1907 2711 1976 λεγομένων
2739 1906 2885 1961 δίδου
2943 1906 3128 1961 πίστιν
3186 1908 3339 1977 ἡμῖν.
3396 1905 3514 1959 nni
3541 1906 3744 1961 ταῦτα.

2126 1999 2397 2071 Κύριλλος
2422 2016 2440 2066 ;
2469 1999 2532 2053 Ei
2560 1998 2620 2053 δὲ
2653 1999 2729 2070 μὴ
2761 1998 3052 2070 Κύριλλος,
3077 1997 3160 2062 τίς
3185 1998 3270 2051 ὅτι
3298 1996 3575 2066 Κυρίλλου
3602 1996 3752 2048 ταῦ-

2125 2107 2237 2156 τα;
2271 2092 2594 2161 παρίτωσαν
2633 2093 2691 2144 αί
2717 2089 2958 2159 Γραφαὶ,
3000 2089 3095 2143 καὶ
3118 2089 3232 2145 ἀνω
3267 2090 3454 2157 φέρειν
3486 2090 3748 2158 κεφαλῆς

2126 2184 2186 2237 οὑ
2210 2181 2681 2253 παραιτησόμεθα.
2699 2183 2762 2235 Εἰ
2785 2182 2843 2236 δὲ
2867 2182 2969 2252 σῆς
2993 2180 3229 2244 devota;
3256 2180 3433 2235 ταῦτα
3451 2197 3550 2249 γεν
3562 2181 3622 2249 ni;
3636 2199 3746 2248 μα-

2125 2292 2216 2338 τα,
2255 2274 2337 2328 ὅτι
2369 2275 2426 2329 δὲ
2457 2274 2557 2345 σῆς
2583 2275 2977 2344 ἀναμφίὸολον,
3011 2275 3106 2327 καὶ
3149 2273 3296 2344 μόνῳ
3320 2289 3404 2326 σοι
3444 2273 3738 2342 πρεσϐευ-

2126 2367 2397 2437 έσθωσαν,
2437 2367 2561 2422 εἰδὲ
2592 2368 2666 2438 μὴ
2685 2368 2852 2437 μόνῳ,
2885 2367 3024 2421 ἀ)λά
3066 2367 3162 2422 καὶ⁸
3194 2370 3305 2430 τοῖς
3343 2366 3503 2437 δίκην
3531 2368 3746 2439 αἱρου-

2130 2460 2314 2530 μένοις
2352 2459 2692 2529 θρεμμάτων
2751 2461 2929 2513 ὀπίσω
2960 2477 3055 2514 σου
3102 2460 3389 2528 φέρεσθαι.
3455 2460 3627 2513 Ἀ)λᾶ
3669 2464 3744 2514 σὺ

2130 2554 2232 2623 μὲν
2265 2553 2419 2607 οὑδὶν
2472 2553 2624 2617 ξένον
2688 2553 2969 2607 κάνταῦθα
3020 2553 3212 2615 ποιῶν,
3248 2553 3297 2606 εί
3348 2554 3543 2623 μήτις
3574 2553 3750 2618 ξένον

2128 2646 2410 2715 λογίσαιτο
2438 2647 2521 2700 ὅτι
2554 2645 2639 2715 ἐφ’
2694 2646 2872 2701 ἅπασι
2921 2649 3030 2709 τοῖς
3092 2646 3276 2709 ἀλλοις
3323 2645 3446 2699 κατ’
3480 2645 3753 2711 ἐξουσίαν
3813 2683 3835 2703 ς

2130 2737 2385 2793 πλάττων
2408 2739 2478 2792 τὰ
2503 2738 2770 2807 δόγματα,
2819 2737 3059 2792 ἐνταῦθα
3110 2739 3205 2792 καὶ
3235 2738 3372 2807 πρὸς
3400 2738 3578 2806 ὄνομα
3615 2740 3753 2792 Κυ-

2132 2831 2316 2901 ριλλον
2339 2830 2449 2885 τῶν
2479 2830 2589 2883 σῶν
2619 2831 2945 2900 προεστήσω
2983 2829 3345 2899 πλασμάτων,
3375 2832 3635 2900 είρήκεις
3673 2835 3754 2883 τὰ

2130 2924 2423 2994 εἰρημένα.
2466 2922 2611 2991 Ἐγὼ
2664 2923 2722 2975 δὲ
2751 2922 2954 2991 καίπερ
3005 2921 3326 2989 ἀρκούντως
3355 2922 3437 2984 είς
3475 2922 3573 2991 τὴν
3632 2924 3757 2974 τῶν

2135 3016 2246 3070 σῶν
2276 3016 2615 3086 πλασμάτων
2662 3013 2938 3078 ἀπόδειξιν
3000 3014 3164 3083 μόνου
3205 3014 3301 3068 τοῦ
3354 3013 3429 3085 μὴ
3488 3014 3647 3085 ἔχειν
3690 3033 3756 3069 σε

2132 3108 2516 3173 ἀποδεῖξαιότι
2544 3107 2814 3177 Κύριλλος
2866 3107 3062 3171 ταῦτα,
3094 3106 3186 3159 κα)⁵
3230 3104 3409 3169 ἄλλως
3440 3105 3546 3177 τὴν
3592 3109 3761 3160 κατὰ

2130 3201 2232 3272 τῆς
2261 3200 2520 3271 ἀληθείας
2575 3199 2863 3267 ἀπελέγξω
2915 3215 3010 3251 σου
3053 3198 3413 3268 ματαιότητα,
3470 3199 3565 3251 ὑπ’
3596 3197 3751 3268 δ’ξκν

2103 3292 2385 3363 ,φανερῶς
2421 3292 2668 3361 (θέμενος,
2696 3285 2810 3344 οἷον
2843 3290 2933 3343 ἐπὶ
2968 3288 3046 3357 τῷ
3078 3289 3380 3360 παραλόγῳ
3403 3290 3520 3359 ἔχει
3549 3292 3747 3344 ταῦτα

2130 3387 2224 3438 τὸν
2255 3386 2499 3454 ἔλεγχον.
2539 3382 2740 3435 «Ὅταν
2764 3383 2831 3435 ἐκ
2872 3382 3138 3451 Πατρδ;,ι
3171 3381 3376 3448 λέγεις,
3411 3401 3431 3434 ε
3466 3383 3758 3453 ὑπάρχειν

2129 3479 2190 3531 τὸ
2216 3478 2439 3546 Πνεῦμα
2470 3475 2742 3544 Κύριλλος
2808 3473 2979 3542 λέγει,
3011 3475 3094 3526 ὅτι
3126 3462 3421 3543 ὑφίσταται
3455 3475 3636 3543 δηλοῖ,
3664 3478 3758 3544 ὅτι

2130 3568 2246 3639 ἔχει
2277 3566 2339 3620 τὸ
2366 3563 2523 3619 εἶναι.
2585 3565 2758 3619 Ὅταν
2787 3563 2833 3615 δ’
2860 3566 2923 3616 ὲκ
2944 3566 3037 3617 τοῦ
3060 3564 3213 3628 Υίοῦ,
3234 3565 3318 3617 ὅτι
3349 3565 3425 3626 ὡς
3457 3566 3517 3631 ἐξ
3540 3569 3754 3635 ὀμοου-

2134 3662 2254 3713 σίου
2280 3658 2614 3728 φανεροῦται
2646 3658 2742 3710 καὶ
2769 3657 3173 3723 ἀναδείκνυται,
3204 3657 3290 3710 ὅτι
3317 3658 3541 3711 ἐκεῖθεν
3568 3664 3758 3713 κινεῖο

2129 3765 2277 3801 cata
2315 3745 2459 3815 Ἐγὼ
2482 3745 2563 3812 δὲ,
2592 3746 2655 3799 El
2687 3729 2946 3816 μὲιίδυσὶ,
2966 3747 3132 3816 φημὶ,
3155 3746 3467 3812 λέξεσίτισι
3498 3749 3597 3811 τὰς
3625 3748 3758 3802 δια-

2128 3838 2334 3909 ,φόρους
2389 3835 2667 3906 σημασίας
2731 3836 2957 3899 ἐδίδους,
3011 3835 3173 3906 ἢτὴν
3217 3836 3391 3904 αὑτὴν
3430 3835 3578 3899 λέξιν
3609 3841 3756 3907 παρ’

2130 3928 2294 3984 ἄλλου
2319 3928 2431 3981 τῶν
2462 3926 2728 3995 θεολόγων
2764 3926 2859 3979 ἐπὶ
2886 3924 3123 3995 Πατρός,
3157 3926 3251 3979 καὶ
3278 3926 3409 3996 παρ’
3438 3925 3604 3979 ἄλλου
3642 3929 3751 3980 ἐπὶ

2131 4020 2223 4076 τοῦ
2258 4019 2390 4075 Υίοῦ
2452 4020 2755 4090 εἰρημένην
2820 4022 3112 4090 παριστᾷν
3162 4014 3332 4088 εἶχες,
3390 4020 3422 4088 ἢ
3462 4018 3757 4089 παρ’ὲνος

2137 4109 2236 4179 μὲν
2261 4108 2357 4162 καὶ
2406 4104 2502 4159 τοῦ
2552 4106 2719 4159 αὑτοῦ
2764 4107 2851 4159 ἐπ’
2884 4108 3126 4177 ἀμφοῖν·
3168 4108 3310 4177 πλὴν
3348 4108 3407 4159 ἐν
3463 4106 3604 4178 ἄλλῃ
3638 4111 3750 4178 μέν

2132 4217 2240 4255 τινι
2270 4201 2547 4273 περικοπῇ
2578 4201 2673 4252 ἐπὶ
2705 4199 2940 4271 Πατρὸς,
2980 4200 3076 4252 καὶ
3109 4198 3250 4269 μιτά
3296 4199 3456 4252 τοῦτο
3485 4199 3544 4252 δέ
3572 4217 3626 4253 τι
3656 4201 3758 4253 δυ-

2131 4292 2367 4363 ναμένου
2401 4291 2712 4363 διορισμοῦ,
2744 4294 2801 4346 ἐν
2852 4291 2987 4363 ἄλλῃ
3032 4292 3092 4347 δέ
3138 4310 3247 4346 τινι
3302 4293 3398 4346 ἐπὶ
3442 4291 3604 4356 Υῑοῦ,
3649 4302 3754 4347 καὶ

2137 4386 2276 4457 μετὰ
2301 4384 2396 4439 τοῦ
2429 4384 2566 4439 ἀλλο
2596 4402 2650 4438 τι
2685 4384 2987 4456 δυναμένου
3012 4384 3322 4456 διορισμοῦ,
3357 4385 3491 4449 ἴσως
3522 4386 3592 4440 ἂν
3625 4387 3751 4440 ἐδό-

438 4503 551 4559 est,
586 4494 880 4563 quaeinter
928 4490 1069 4546 alias
1102 4492 1171 4546 ad
1219 4490 1602 4562 explicandam
1656 4487 1896 4558 alicujus
1938 4500 2028 4542 es-

2134 4498 2253 4545 κεις
2277 4497 2330 4533 τι
2352 4480 2556 4548 λέγειν,
2579 4479 2755 4547 λέγων
2775 4478 2811 4534 ἀ
2834 4478 3015 4548 λέγεις
3036 4493 3050 4511 ’
3084 4479 3131 4532 εί
3161 4478 3218 4532 δὲ
3251 4478 3351 4548 μία
3398 4480 3434 4549 η
3473 4478 3621 4544 λέξις
3644 4481 3752 4531 καὶ

445 4587 731 4643 sentialem
758 4584 1176 4655 productionem
1206 4595 1259 4639 et
1286 4580 1671 4638 exsistentiam
1727 4581 2025 4651 praecipua,

448 4692 513 4733 ac
539 4678 830 4749 potissima
867 4686 988 4742 est;
1016 4676 1147 4747 quid
1185 4690 1252 4730 ex
1285 4674 1475 4744 aliquo
1523 4671 1876 4729 essentialem
1904 4685 2032 4740 pro-

448 4772 768 4826 ductionem
840 4769 1022 4845 aptius
1073 4766 1528 4839 reprzesentabit,
1590 4765 1699 4820 nisi
1767 4764 1899 4818 illud
1964 4777 2033 4819 ex

446 4867 586 4929 hoc,
635 4864 740 4917 boe
781 4863 911 4932 quid
965 4861 1293 4916 naturaliter
1348 4859 1616 4914 exsistere
1661 4866 1719 4912 et
1762 4857 2033 4913 essentia-

446 4954 618 5011 iiter?
670 4952 728 5008 Si
765 4955 833 5009 ab
875 4969 986 5009 uno
1031 4954 1337 5019 eodemque
1380 4958 1435 5005 et
1473 4951 1529 5003 in
1585 4964 1694 5004 una
1733 4951 2035 5018 eademque

445 5047 773 5117 scriptionis
801 5048 1063 5118 pericope
1088 5083 1103 5109 ,
1139 5042 1206 5096 de
1240 5051 1472 5111 utraque
1520 5056 1754 5112 persona
1787 5049 2031 5110 accepta,

448 5152 504 5197 et
563 5150 777 5198 tantum
863 5140 933 5195 ab
999 5136 1150 5191 omni
1202 5136 1656 5190 determinatione
1736 5144 2034 5203 exempta,

453 5235 699 5292 maxime
730 5245 1001 5305 personas
1039 5226 1317 5295 vinciens,
1355 5237 1411 5281 et
1465 5228 1624 5298 quasi
1666 5226 1723 5282 in
1766 5228 2036 5281 unitatem

442 5334 788 5389 eontrabeus
828 5324 1148 5395 conjunctio
1178 5322 1382 5386 ﬁrmat,
1415 5324 1481 5376 ad
1513 5321 1643 5392 quid
1668 5330 1860 5376 contra
1885 5330 2034 5373 tuum

444 5434 614 5497 caput
655 5421 929 5478 absurdae
978 5419 1078 5473 bas
1125 5417 1611 5471 determinationes
1674 5412 1923 5483 ellingis?
1976 5411 2035 5467 Si

448 5523 668 5579 diverso
697 5518 862 5575 modo
893 5531 960 5572 ex
996 5513 1159 5570 Patre
1195 5523 1248 5570 et
1278 5512 1421 5570 Filio
1452 5514 1694 5584 Spiritus
1719 5514 2034 5577 exsisteret,

448 5633 563 5671 non
624 5614 704 5669 sic
742 5615 975 5684 {propter
1024 5609 1441 5678 conjunctionis
1494 5615 1548 5661 et
1608 5604 2034 5661 indilferentiam

446 5710 519 5764 de
550 5719 781 5777 utroque
818 5713 1045 5761 sanctus
1075 5702 1446 5767 ostendisset;
1484 5713 1633 5754 nunc
1662 5699 1885 5768 quidem
1909 5739 1925 5765 ,
1969 5714 2038 5754 ex

450 5798 614 5858 Patre
660 5810 715 5856 et
767 5797 907 5856 Filio
964 5797 1116 5854 illum
1166 5794 1422 5862 progredi
1477 5792 1777 5850 decernens
1804 5829 1819 5858 ,
1866 5807 2033 5865 nunc,

2132 4572 2273 4641 αὑτὴ
2292 4573 2353 4625 τὸ
2379 4572 2520 4626 κατά
2552 4570 2742 4625 πασῶν
2774 4571 2832 4625 αἱ
2884 4570 2987 4640 τήν
3020 4586 3174 4633 τινος
3207 4570 3465 4624 οὑσίωσιν
3501 4570 3750 4642 δηλοῦσι,

2132 4665 2228 4720 καὶ
2250 4662 2483 4735 ὓπαρξιν
2510 4663 2711 4735 ἔχουσα
2741 4663 2964 4734 κράτος
3030 4662 3084 4715 τί
3115 4663 3232 4735 γὰρ
3264 4664 3365 4735 τὴν
3390 4663 3455 4717 ἐκ
3484 4680 3633 4728 τινος
3657 4665 3755 4716 οὐ.

2136 4756 2324 4808 σίωσιν
2352 4756 2751 4826 παραστήσεις,
2784 4753 2837 4807 εί
2862 4753 2940 4826 μὴ
2970 4753 3031 4807 τὸ
3052 4755 3117 4808 ὲκ
3144 4753 3300 4807 τοῦδέ
3330 4770 3481 4815 τινος
3533 4752 3658 4806 τόδε
3692 4770 3749 4805 τι

2135 4846 2382 4917 φυσικῶς
2414 4847 2685 4917 ὑπάρχειν
2722 4847 2819 4901 καὶ
2869 4846 3187 4914 οὑσιωδῶςς
3248 4846 3313 4899 Ei
3347 4844 3503 4917 παρά
3528 4845 3625 4898 τοῦ
3655 4845 3754 4897 αὑ-

2135 4939 2232 4995 τοῦ
2265 4939 2360 4992 καὶ
2394 4939 2514 5003 ἑνὸς
2577 4941 2673 4993 καὶ
2711 4940 2779 5011 τῇ
2830 4939 2971 5009 αὑτῇ
3021 4937 3119 4991 καὶ
3177 4941 3280 5008 μιᾷ
3311 4940 3594 5011 περικοπῇ
3641 4937 3741 5004 τῆς

2137 5031 2358 5104 γραφῆς
2387 5031 2476 5084 ἐπ’
2506 5033 2710 5102 ἀμφοῖν
2735 5032 2848 5084 τοῖν
2875 5029 3193 5102 προσώποιν
3217 5029 3618 5102 λαμϐανομένη
3649 5032 3743 5082 καὶ

2136 5126 2293 5179 τόσον
2325 5123 2525 5189 παντὸς
2582 5123 2905 5195 ἐξῃρημένη
2934 5121 3243 5195 διορισμοῦ,
3272 5123 3398 5175 ὅσον
3417 5124 3447 5175 ό
3472 5123 3542 5175 τὰ
3580 5124 3751 5194 πρόσ-

2142 5234 2273 5272 ωπα
2343 5215 2598 5281 συνδέων,
2656 5220 2753 5270 καὶ
2807 5211 2920 5271 οἷον
2958 5217 3217 5285 συνάγων
3255 5218 3335 5279 είς
3359 5216 3596 5286 ἑνότητα
3625 5215 3753 5267 σῦν-

2138 5310 2336 5381 δεσμος
2371 5312 2651 5382 παριστᾷ,
2706 5310 2792 5364 ἶνα
2822 5311 2877 5365 τί
2939 5312 3082 5365 κατά
3108 5310 3208 5381 τῆς
3263 5310 3461 5364 ἑαυτοῦ
3509 5310 3751 5380 κεφαλῆς

2139 5406 2266 5485 τοὺς
2318 5406 2666 5474 παραλόγους
2707 5403 2920 5474 πλάττῃ
2955 5402 3317 5474 διορισμούς;
3380 5404 3444 5456 Εἰ
3479 5405 3748 5476 διαφόρως

2140 5492 2208 5568 ἧν
2239 5498 2305 5549 ὲκ
2335 5496 2550 5565 Πατρδς
2585 5496 2682 5549 καὶ⁴
2714 5494 2848 5549 Υίοῦ
2872 5495 2935 5548 τὸ
2967 5494 3196 5565 Πνεῦμα
3228 5496 3502 5567 ὑπάρχον,
3546 5497 3647 5549 οὑκ
3677 5495 3742 5549 ἂν

2142 5588 2284 5643 οὕτω
2309 5588 2370 5642 τὸ
2394 5588 2484 5643 διὰ
2515 5589 2608 5641 τοῦ
2636 5589 2731 5643 καὶ
2762 5588 3067 5659 συνδέσμου
3094 5588 3394 5659 ἀδιάφορον
3420 5590 3510 5643 ἐπ’
3542 5588 3739 5657 ἀμφοῖν

2141 5682 2170 5735 ό
2196 5682 2386 5750 ’Ἄγιος
2423 5680 2792 5747 ἐπεδείκνυτο,
2825 5680 2923 5736 νῦν
2980 5680 3081 5753 μὲν
3128 5682 3194 5735 ὲκ
3226 5680 3440 5753 [ἰατρὸς
3473 5682 3570 5735 καὶ
3610 5677 3730 5732 Υὶοὺ

2144 5773 2279 5828 αὑτὸ
2341 5772 2594 5843 προϊέναι
2654 5772 2946 5845 θεολογῶν,
2997 5773 3092 5828 νῦν
3143 5772 3200 5827 δὲ
3236 5773 3565 5842 προχεῖσθαι
3596 5768 3737 5851 παρὰ
