3962 6474
237 492 345 555 909

1156 489 1590 552 REFUTATIO
1631 490 1846 551 LIBRI
1887 489 2207 549 GEORGII
2253 490 2534 552 CYl’Iill.

3385 491 3491 557 910

237 590 391 667 Υίοῦ,
423 602 564 676 κο.θά
593 602 656 674 δὴ
692 560 793 658 καὶ
822 603 956 676 παρ’
1000 604 1162 659 αὑτοῦ
1192 605 1285 658 τοῦ
1326 605 1558 675 Πατρός.
1621 603 1809 671 Ἡμεῖς

1915 600 2118 656 eﬂ‘undi
2150 618 2179 654 a
2213 599 2391 666 Filio,
2425 603 2585 658 sicuti
2638 603 2801 657 etiam
2834 617 2897 656 ex
2957 602 3075 671 ipso
3135 601 3314 658 Patre.
3377 602 3488 657 Nos

238 696 368 768 μίαν
400 695 602 766 ταύτην
627 697 895 768 διαίρεσιν
910 697 1133 768 οἴδαμεν
1170 699 1264 751 καὶ
1294 697 1671 767 πρεσϐεύομεν
1702 697 1812 749 Πα-

234 789 364 858 τρδς
384 788 475 841 καὶ
500 788 656 853 Υἱοῦ,
686 791 751 860 ἦν
777 790 834 842 αἱ
856 790 1076 861 κλήσεις
1114 791 1272 843 αὑταὶ
1304 788 1580 859 πατρότης
1628 787 1811 857 ἔχουσι

233 880 332 932 καὶ
378 878 585 948 υίότης,
610 879 888 951 ὡρισμένα
922 881 991 933 τά
1021 880 1348 951 προσωπικά
1372 879 1814 946 συνεπαγόμεναι

233 970 416 1024 πάντα
458 971 724 1040 ἰδιώματα
750 989 763 1002 ·
795 973 886 1025 καὶ
911 973 1014 1025 οὑκ
1052 974 1117 1053 ᾄν
1140 973 1271 1026 ποτέ.
1305 989 1387 1035 τις
1410 971 1541 1041 μίαν
1558 970 1679 1023 τινὰ
1705 970 1813 1021 τῶν

232 1065 332 1132 τὴν
361 1062 622 1151 διαίρειξν
658 1064 863 1135 ταύτην
893 1065 1170 1136 δηλουσῶν
1206 1064 1408 1130 λέξεων
1439 1060 1681 1131 εἰληφὼς
1724 1062 1812 1115 ἐπ’

233 1156 438 1224 ἀιιφοίν
469 1157 581 1208 τοῖν
633 1156 945 1227 προσώποιν
997 1156 1360 1225 συνημμένως
1392 1153 1570 1218 οὕτως
1621 1156 1755 1224 ἐρεῖ,
1784 1156 1813 1207 6

232 1248 426 1317 Πατήρ
459 1247 554 1299 καὶ
582 1248 609 1299 6
662 1247 787 1308 Υἱὸς
818 1248 1179 1319 ἀγέννητα,ἢ
1215 1249 1244 1300 6
1278 1248 1462 1317 Πατὴρ
1496 1247 1593 1299 καὶ
1627 1249 1655 1299 6
1688 1246 1814 1308 Υἱὸς

230 1336 490 1407 γεννητά,
525 1337 556 1406 ἢ
594 1338 659 1389 τὰ
690 1338 898 1402 καὶτὰ,
950 1339 1051 1392 ὅσα
1087 1341 1186 1408 τῆς
1214 1339 1555 1406 διαιρέσεως.
1602 1338 1699 1392 Διά
1731 1354 1815 1390 τοι

234 1430 395 1491 τοῦτο
413 1428 533 1487 οὑδὲ
562 1428 623 1479 τὸ
649 1431 712 1481 ἐκ
742 1429 953 1497 Πατρὸς
983 1431 1079 1484 καὶ
1112 1429 1241 1483 Υἱοῦ
1267 1430 1535 1501 ὑπάρχειν
1549 1429 1610 1482 τὸ
1638 1429 1813 1482 Πνεῦ-

235 1538 313 1591 μα
353 1523 432 1584 εἰς
458 1521 708 1589 δήλωσιν,
736 1516 802 1592 ἦς
828 1520 1008 1588 βούλει
1048 1522 1334 1592 διαφορᾶς,
1364 1522 1441 1589 τῷ
1472 1522 1639 1592 ’Λγίῳ
1664 1522 1814 1591 είλῆ-

232 1612 371 1680 φθαι
400 1613 795 1681 διατεινόμεθα.
842 1615 913 1666 Σὺ
966 1613 1019 1666 δὲ
1050 1614 1120 1667 τὰ
1148 1613 1375 1668 τοιαῦτα
1420 1614 1815 1685 χρησμολογῶν

230 1708 315 1768 εἰς
338 1704 656 1774 ὁμωνυμίαν
688 1706 921 1772 ἀπάγεις
948 1707 1006 1760 τὸ
1031 1709 1123 1761 καὶ
1145 1706 1396 1778 δαίμοσιν
1422 1709 1478 1770 ἐς
1511 1708 1670 1778 δεῦρο
1694 1710 1817 1761 ἀνε-

230 1796 575 1866 πιχείρητον,
607 1797 776 1868 αὑτὴν
811 1797 1030 1868 ἐκείνην
1058 1798 1155 1869 τὴν
1181 1799 1277 1851 τοῦ
1311 1798 1465 1865 ἁγίου
1496 1800 1816 1867 Πνεύματος

232 1888 443 1957 κλῆσιν,
477 1891 542 1960 ἣν
574 1890 733 1951 αὐτὸς
756 1892 783 1943 ὁ
810 1890 903 1943 τοῦ
947 1890 1081 1944 Θεοῦ
1115 1890 1240 1952 Υἱὸς
1268 1891 1364 1944 καὶ
1393 1891 1568 1956 Λόγος
1590 1889 1670 1961 τῷ
1701 1891 1812 1944 Πα-

236 1979 487 2048 ρακλήτῳ
514 1978 812 2049 ἀφώρισεν,
851 1980 939 2034 ὅτε
970 1984 1080 2045 τοῖς
1114 1980 1384 2050 μαθηταῖς
1417 1980 1478 2033 τὸ
1503 1980 1611 2033 τῶν
1642 1980 1813 2033 ἐθνῶν

230 2069 537 2140 προέτρεπε
600 2071 903 2142 βάπτισμα.
943 2072 1064 2135 Πῶς
1101 2074 1208 2144 γὰρ
1253 2075 1352 2144 οὑχ
1390 2074 1683 2144 ὁμωνυμία
1717 2090 1804 2126 σα⁹

225 2160 357 2231 φὴς,
388 2163 437 2214 εἰ
470 2162 534 2215 ἐκ
559 2163 770 2234 Πατρδς
799 2168 896 2234 μὲν
921 2164 1190 2236 ὑπάρχειν
1224 2165 1522 2237 εἰρημένον
1549 2166 1609 2218 τὸ
1642 2165 1812 2218 Πνεῦ-

226 2269 307 2319 μα
335 2253 398 2305 τὸ
429 2254 603 2321 ἆγιον,
656 2255 807 2324 δηλοῖ
839 2256 929 2308 τὸν
986 2256 1369 2328 ΙΙαράκλητον,
1405 2256 1464 2323 ἐξ
1500 2257 1626 2312 Υίοῦ
1668 2260 1724 2312 δὲ
1755 2264 1811 2312 ἐν

222 2345 492 2416 ὁποιῳοῦν
536 2346 643 2399 τῶν
681 2346 824 2417 ἂττερ
874 2349 929 2401 αἱ
975 2350 1362 2420 πεπλασμέναι
1433 2368 1514 2404 σοι
1563 2350 1810 2421 φανερώ-

224 2455 342 2502 ast;
364 2442 460 2493 καὶ
493 2439 792 2504 ἀναδείξεις
820 2439 1102 2510 βούλονται
1148 2442 1546 2513 ἐνεργημάτων
1602 2443 1806 2507 auro-3;

223 2530 351 2595 Ἔτι
377 2533 426 2593 εί
466 2531 641 2584 κοινόν
690 2535 809 2585 ἐστι
842 2534 1016 2605 Πατρὶ
1047 2533 1141 2587 καὶ
1186 2534 1301 2605 Υἱῷ
1326 2536 1385 2590 τὸ
1414 2536 1473 2600 ἐξ
1502 2535 1706 2607 ἀμφοῖν
1751 2535 1811 2587 τὸ

219 2620 454 2691 Πνεῦμα
506 2624 598 2676 καὶ
630 2624 920 2689 κινεῖσθαι,
972 2627 1066 2678 καὶ
1105 2625 1495 2696 φανεροῦσθαι,
1554 2630 1648 2682 καὶ
1679 2632 1813 2685 ἀνα-

214 2713 559 2781 δῖίκνυσθαι,
610 2715 643 2785 ἢ
674 2716 851 2768 κοινὸν
907 2716 1048 2770 ἔστω
1082 2719 1177 2771 καὶ
1210 2718 1270 2770 τὸ
1306 2718 1654 2789 ὑφίστασθαι,
1714 2726 1811 2778 καὶ

144 2787 166 2806 ’
220 2800 451 2871 σύμπαν
505 2804 637 2873 ἡμῖν
667 2803 884 2857 ἵσταται
930 2806 992 2859 τὸ
1026 2787 1401 2877 ζητοῦμενονο
1452 2810 1484 2881 ἢ
1531 2812 1623 2865 ἐὰν
1661 2815 1808 2880 ἰδίως

216 2893 323 2945 ἐπὶ
353 2893 511 2961 μόνου
539 2894 631 2947 τοῦ
663 2896 872 2966 Πατρὶς
905 2898 937 2967 ή
972 2898 1066 2951 τοῦ
1096 2899 1422 2968 ὑφίστασθαι
1463 2904 1709 2973 σημασία
1734 2906 1810 2974 τῷ

218 2985 499 3056 ὑπάρχειν
544 2987 1018 3059 ἀποκεκλήρωται,
1048 2992 1171 3045 οδδέ
1194 2994 1253 3045 τὸ
1281 2994 1552 3049 κινεῖσθαι
1586 3000 1678 3050 καὶ
1711 3016 1814 3067 φα-

218 3077 534 3160 νεροῦσ-θαι,
559 3081 653 3132 καὶ
685 3080 1102 3136 άναδείκθυσθαι
1134 3084 1314 3137 κοινόν
1344 3085 1461 3139 ἐστι
1486 3087 1665 3160 Πατρὶ
1717 3089 1810 3142 καὶ

218 3168 367 3238 Υίῷ,
402 3158 518 3222 ἀλλ’
553 3170 697 3234 ἰδίως
728 3172 823 3224 καὶ
855 3172 992 3225 αὑτά
1036 3174 1131 3227 ἐπὶ
1165 3176 1327 3243 μόνου
1354 3158 1808 3249 ἀποκεκλήρωται

215 3261 322 3315 τοῦ
349 3261 502 3316 Υίοῦ.
551 3263 663 3316 Καὶ
714 3264 805 3328 δὺς
832 3265 1007 3320 ταῦτα
1053 3268 1196 3321 κατά
1225 3268 1286 3321 τὸ
1320 3269 1607 3340 πρόδηλον,
1643 3271 1809 3334 ὁνέος

215 3351 614 3425 δογματιστὴς,
665 3357 757 3410 καὶ
788 3359 949 3426 ἡμεῖς
995 3360 1366 3429 σιωπήσομεν.
1429 3360 1592 3414 Ἀλλὰ
1618 3362 1802 3417 δοῦναι

216 3443 327 3497 οὑκ
352 3443 499 3513 ἔχεις
522 3461 536 3475 ·
565 3447 708 3499 κατά
735 3446 938 3517 πολλὴν
968 3449 1024 3501 δὲ
1057 3450 1154 3521 τὴν
1184 3450 1434 3517 ἐξουσίαν
1465 3452 1533 3505 τά
1563 3453 1663 3523 μὲν
1696 3455 1804 3507 τῶν

216 3536 289 3588 ἐκ
321 3534 533 3604 Harpe;
570 3539 664 3591 καὶ
710 3538 841 3591 Υίοῦ
884 3541 1023 3610 μετὰ
1052 3542 1148 3611 τῆς
1212 3544 1510 3613 συναφείας
1554 3546 1649 3598 τοῦ
1705 3547 1806 3600 καί

213 3627 533 3697 λεγομένων
581 3631 734 3684 κοινά
784 3629 925 3685 εἶναι
958 3634 1291 3703 νομοθετεῖς,
1346 3636 1415 3689 τὰ
1450 3635 1506 3689 δὲ
1546 3638 1675 3701 ἰδια,
1709 3639 1805 3691 καὶ

210 3719 323 3771 οὑκ
342 3714 458 3771 οἶδα
488 3719 675 3773 λοιπὸν
700 3721 755 3773 εί
779 3739 861 3784 τις
889 3722 1048 3784 ἄλλος
1080 3724 1187 3777 τῶν
1217 3722 1439 3780 πώποτε
1474 3745 1809 3798 μνημονευο-

218 3811 408 3879 μένων
424 3810 713 3883 αίρετικῶν
740 3800 960 3866 τοιαῦτα
990 3816 1131 3868 κατά
1149 3817 1282 3871 Θεοῦ
1319 3818 1804 3891 βεϐλασφήμηκεν.

1916 708 2077 747 unam
2108 702 2321 749 tanttnn
2372 695 2695 751 divisionem
2746 696 3030 761 novimus,
3068 705 3121 750 et
3170 698 3492 765 proﬁtemur

1915 783 2093 840 Patris
2124 794 2177 839 et
2208 784 2356 865 Filii,
2388 804 2547 858 quam
2582 787 2634 841 in
2682 803 2741 843 se
2784 791 3073 843 continent
3122 788 3203 841 hae
3252 790 3492 858 appella-

1915 877 2090 930 tiones
2161 880 2462 945 paternitas
2527 887 2580 934 et
2632 879 2860 944 liliatio,
2918 894 3039 933 cum
3124 894 3231 933 una
3304 895 3489 935 secum

1915 967 2125 1022 ducunt
2185 968 2581 1027 determinatas
2628 971 2945 1039 personales
2997 985 3187 1025 omnes
3251 973 3493 1040 preprie-

1918 1066 2055 1112 tates
2077 1096 2093 1124 ,
2122 1064 2180 1112 et
2228 1074 2509 1128 nunquam
2541 1058 2811 1129 quispiam
2840 1074 3002 1112 unam
3055 1072 3123 1111 ex
3175 1057 3261 1112 bis
3297 1057 3493 1113 dictio-

1917 1148 2106 1215 nibus,
2141 1166 2262 1219 quae
2300 1151 2624 1205 divisionem
2659 1150 2798 1205 hanc
2829 1157 3022 1203 notant
3047 1187 3062 1214 ,
3108 1163 3397 1205 assumens
3427 1150 3493 1204 de

1917 1252 2158 1312 utraque
2199 1258 2432 1313 persona
2467 1242 2802 1313 coniunctim
2857 1241 2930 1294 ita
2959 1241 3267 1296 enuntiabit
3289 1281 3304 1307 ,
3336 1241 3493 1295 Pater

1916 1340 1971 1387 et
2023 1332 2193 1392 Filius
2247 1336 2563 1405 unigenita,
2618 1344 2711 1389 aut
2758 1333 2921 1387 Pater
2968 1339 3023 1385 et
3071 1329 3241 1386 Filius
3287 1332 3489 1399 genita,

1918 1432 2013 1478 aut
2069 1425 2183 1479 haec
2225 1433 2280 1479 et
2333 1425 2486 1491 hate,
2541 1440 2663 1494 quae
2714 1434 2843 1477 sunt
2887 1421 3197 1478 divisionis.
3232 1421 3489 1491 Propter.

1917 1531 2091 1585 eaque
2148 1530 2327 1586 neque
2403 1515 2532 1571 illud
2591 1531 2657 1570 ex
2709 1512 2872 1568 Patre
2923 1522 2977 1569 et
3031 1515 3166 1569 Filio
3228 1512 3492 1582 Spiritum

1917 1609 2218 1674 exsistere,
2249 1606 2317 1661 ad
2354 1605 2651 1661 notandam
2675 1648 2689 1673 ,
2722 1622 2888 1677 quam
2932 1607 3049 1676 ipse
3082 1607 3160 1661 vis
3187 1646 3202 1670 ,
3235 1606 3495 1660 dilIeren-

1920 1703 2053 1755 tiam
2123 1714 2155 1754 a
2228 1707 2419 1754 sancto
2493 1710 2837 1767 assumptum
2894 1713 3016 1754 esse
3088 1698 3490 1755 contendimus.

1918 1792 1999 1847 Tu
2060 1808 2223 1862 porro
2281 1791 2480 1846 similia
2531 1790 2698 1846 veluti
2752 1807 2818 1846 ex
2858 1790 3083 1846 oraculo
3138 1792 3375 1846 fundens
3428 1792 3493 1843 ad

1920 1884 2327 1956 homonymiam
2380 1883 2564 1953 rapis,
2595 1898 2759 1953 quam
2811 1899 2912 1939 nec
2974 1884 3250 1939 dtetnones
3280 1887 3347 1938 ad
3390 1883 3493 1941 hoc

1920 1992 2095 2047 usque
2151 1988 2365 2044 tempus
2416 1982 2615 2029 conatu
2666 1976 2778 2029 ullo
2834 1977 3074 2031 assecuti
3125 1987 3293 2039 sunt,
3344 1976 3493 2030 illam

1917 2068 2091 2137 ipsam
2143 2066 2318 2121 sancti
2367 2063 2608 2135 Spiritus
2656 2066 3126 2135 appellationem,
3179 2083 3344 2136 quant
3381 2065 3507 2136 ipso?

1918 2158 2010 2212 Dei
2043 2155 2214 2211 Filius
2242 2164 2295 2210 et
2327 2154 2564 2210 Verbum
2598 2152 2884 2211 Paracleto
2913 2158 3289 2227 appropriavit
3313 2199 3328 2223 ,
3367 2173 3491 2212 cum

1916 2249 2207 2319 discipulis
2263 2248 2508 2319 gentium
2561 2249 2834 2318 baptisma
2892 2250 3293 2304 committebat.
3345 2251 3492 2318 Qun-

1920 2341 2082 2395 modo
2116 2339 2265 2394 enim
2294 2354 2401 2394 non
2431 2339 2536 2393 erit
2562 2348 2755 2408 aperta
2786 2339 3143 2411 homonymia
3172 2381 3186 2403 ,
3221 2341 3265 2395 si
3294 2356 3360 2395 ex
3394 2342 3495 2395 l’u-

1917 2442 1997 2487 tre
2023 2432 2243 2501 quidem
2274 2431 2540 2485 exsistere
2571 2446 2694 2485 cum
2730 2432 2932 2486 dicitur
2967 2430 3207 2502 Spiritus
3246 2448 3492 2500 sanctus,

1915 2524 2186 2594 signiﬁcat
2241 2521 2635 2589 Paracletum;
2701 2538 2763 2576 ex
2832 2522 2972 2577 Filio
3039 2540 3169 2578 vero
3224 2527 3491 2596 singulas,

1915 2633 2053 2689 quas
2112 2617 2502 2673 commentitiae
2564 2617 2685 2672 ista:
2739 2627 2846 2672 tuae
2900 2620 3377 2676 trianifestationes
3439 2633 3493 2674 ct

1915 2711 2260 2767 ostensiones
2297 2710 2533 2764 innuunt
2560 2749 2576 2775 ,
2624 2710 2772 2765 illius
2807 2714 3173 2779 operationes.
3224 2714 3490 2769 Praeterea

1915 2804 1960 2859 si
1994 2818 2286 2858 commune
2333 2811 2417 2856 est
2452 2802 2597 2856 Patri
2651 2812 2706 2856 et
2753 2801 2933 2867 Filio,
2988 2818 3053 2857 ex
3086 2814 3323 2873 utroque
3372 2804 3495 2873 Spi—

1916 2896 2087 2953 ritum
2124 2903 2177 2949 et
2209 2894 2450 2958 moveri,
2481 2905 2535 2947 et
2577 2892 2915 2948 manifestari
2941 2936 2956 2960 ,
2996 2906 3051 2949 et
3089 2895 3303 2951 05ten.ti
3331 2936 3344 2958 ,
3400 2909 3494 2951 aut

1913 3001 2206 3042 commune
2240 2986 2309 3039 sit
2339 2999 2560 3054 quoque
2599 2983 2899 3038 subsistere
2924 3024 2939 3049 ,
2985 2995 3039 3037 et
3095 2985 3349 3041 universa
3392 3003 3496 3041 no-
3562 2992 3569 3003 '

1915 3090 2027 3136 stra
2088 3081 2316 3149 qmrStio
2372 3077 2531 3133 linem
2596 3077 2815 3131 habebit
2850 3095 2862 3131 :
2897 3087 2988 3131 aut
3057 3078 3101 3132 si
3167 3080 3384 3151 preprie
3442 3082 3493 3133 in

1915 3175 2034 3230 solo
2104 3172 2267 3227 Patre
2331 3170 2698 3242 signiﬁcatum
2784 3169 3118 3225 sultsisteudi
3200 3172 3495 3227 exsistendi

1915 3265 2087 3320 dictio
2116 3264 2349 3328 obtinet,
2378 3272 2433 3316 et
2466 3261 2699 3324 moveri,
2729 3269 2783 3316 et
2835 3262 3196 3331 ntanil'estari,
3227 3273 3281 3319 et
3311 3277 3497 3319 osten-

1917 3360 2010 3427 di,
2043 3357 2358 3413 communia
2386 3371 2495 3410 non
2523 3339 2658 3409 sunt
2685 3353 2837 3411 Patri
2872 3365 2928 3409 et
2953 3356 3114 3422 Filio,
3146 3360 3237 3410 Sed
3276 3364 3494 3431 proprie

1916 3452 2035 3522 ipsa
2091 3450 2148 3503 in
2212 3445 2353 3502 Filio
2410 3447 2590 3502 locum
2652 3445 2876 3501 habent.
2912 3444 3099 3515 Palam
3168 3449 3283 3503 lucc
3336 3452 3493 3515 mgis

1914 3543 2200 3601 concedito
2247 3555 2440 3596 recens
2489 3549 2653 3595 natus
2702 3540 3018 3609 dogmatum
3065 3541 3226 3606 lator,
3257 3554 3309 3596 et
3340 3551 3493 3598 tace-

1918 3638 2122 3693 bitnus.
2165 3633 2270 3689 Sed
2306 3650 2418 3690 non
2457 3632 2748 3700 concedes,
2785 3633 2896 3686 imo
2931 3648 3128 3702 magna
3163 3636 3495 3691 auctoritate

1914 3730 2031 3784 haec
2062 3728 2284 3797 quidem
2319 3740 2439 3793 qua:
2475 3740 2539 3778 ex
2572 3722 2733 3777 Patre
2762 3731 2816 3777 et
2844 3722 2983 3778 Filio
3036 3741 3161 3779 cum
3207 3726 3490 3785 additione

1914 3815 2324 3888 conjunctionis
2349 3826 2437 3880 et,
2500 3815 2814 3869 communia
2865 3830 2987 3870 esse
3039 3816 3335 3883 decernis,
3386 3820 3489 3874 alia

215 3916 358 3957 vero
387 3904 628 3973 propria,
660 3913 714 3957 et
744 3905 1013 3960 non-dum
1051 3909 1230 3977 capio,
1263 3925 1329 3963 an
1374 3911 1518 3967 unus
1569 3914 1711 3969 alius
1758 3929 1825 3970 ex
1863 3911 1960 3977 iis,
1999 3910 2090 3979 qui
2122 3920 2365 3976 unquam
2429 3915 2931 3961 commemorantur
2996 3906 3261 3975 haeretici,
3313 3909 3493 3967 simile

212 3998 278 4052 in
322 3994 494 4050 Deum
532 3996 903 4066 hlasphemias
937 4000 1252 4069 ejaculavit.

300 4154 357 4208 ι’.
390 4156 501 4211 Καὶ
533 4155 703 4227 χωρὶς
737 4158 943 4213 τούτων
975 4161 1097 4214 ὅσον
1124 4159 1350 4233 ἔχειτὸν
1382 4163 1623 4236 ἔλεγχον,
1669 4168 1726 4233 ἐξ
1749 4161 1811 4221 οὗ

211 4249 465 4318 παράγει
502 4248 637 4319 πρὸς
681 4250 1002 4322 ἀνατροπὴν
1062 4253 1164 4324 τῆς
1223 4255 1513 4327 ὑπάρξεως
1559 4259 1812 4329 ὑποδείγ-

213 4357 422 4412 ματος.
441 4341 539 4413 τὴν
571 4342 645 4406 ὡς
685 4342 745 4407 ἐξ
777 4343 998 4412 ὁμοσίου
1026 4346 1121 4401 τοῦ
1150 4348 1281 4402 Υίοῢ
1311 4351 1640 4421 φανέρωσιν.
1676 4356 1812 4426 «Δη-

207 4434 325 4498 λοῖ,
368 4451 388 4484 ι
420 4434 575 4503 φησὶ,
633 4454 652 4487 ‹
680 4437 776 4490 τοῦ
832 4438 1155 4508 Πνεὺματος
1208 4442 1302 4494 καὶ
1348 4443 1627 4510 ἀνάδειξιν
1672 4447 1701 4499 6
1752 4448 1811 4514 ἐξ

209 4528 358 4582 Υἱοῦ
387 4526 655 4597 ὑπάρχειν
700 4529 875 4597 λέγων
905 4530 964 4582 τὸ
998 4532 1242 4603 Πνεῦμα,
1273 4535 1395 4589 καθ’
1434 4535 1493 4589 ὃν
1526 4539 1617 4590 καὶ
1648 4540 1811 4609 ἡμεῖς

1986 4166 2073 4222 l0.
2146 4162 2211 4217 Et
2265 4170 2461 4231 praeter
2519 4160 2637 4214 haec
2697 4174 2859 4226 quam
2918 4162 3090 4218 solide
3138 4163 3492 4219 confutantur

1911 4254 2197 4325 exemplo,
2231 4268 2338 4322 quo
2374 4251 2462 4305 ille
2518 4251 2584 4304 ad
2643 4252 3054 4306 conrellendam
3105 4256 3487 4311 exsistenttam

1912 4350 2129 4404 utitur:
2171 4364 2189 4398 ι
2230 4343 2407 4397 Veluti
2461 4359 2526 4397 ex
2575 4343 3031 4398 consubstantiaii
3082 4342 3222 4399 Filio
3255 4347 3489 4402 manife.

1915 4441 2285 4503 festationem,
2322 4459 2339 4491 ›
2377 4439 2474 4504 ait,
2511 4454 2528 4489 ι
2563 4436 2803 4505 Spiritus
2832 4445 2984 4490 notat
3008 4446 3060 4491 et
3092 4440 3485 4505 ostensionem,

1910 4533 2004 4603 qui
2035 4548 2098 4587 ex
2131 4529 2273 4587 Filio
2297 4531 2564 4586 exsistere
2591 4527 2856 4598 Spiritum
2890 4528 3107 4592 asserit,
3144 4542 3209 4604 eo
3249 4547 3358 4601 quo
3387 4549 3488 4589 nos

208 4621 278 4673 λέ
294 4635 463 4687 γομεν
481 4620 683 4686 τρόπον
709 4621 802 4674 τὸν
846 4622 1049 4693 Κύριον
1073 4626 1172 4693 τὴν
1197 4626 1254 4693 ἐξ
1287 4628 1447 4697 ἡμῶν
1480 4630 1644 4696 φύσιν
1673 4632 1808 4684 ἀνα-

1915 4625 2148 4680 dicimus
2177 4624 2340 4679 modo
2373 4622 2666 4690 Dominum
2697 4665 2710 4687 ,
2743 4637 2865 4692 qua:
2903 4638 2968 4677 ex
3018 4624 3177 4679 nobis
3208 4635 3355 4693 erat,
3388 4642 3488 4681 na-

212 4712 434 4774 λαϐεῖν,
462 4713 582 4784 ἦτοι
615 4714 712 4783 τὴν
742 4716 872 4784 ἡμῖν
929 4717 1237 4785 ὁμοςὺσιον.
1279 4740 1297 4773 ι
1345 4721 1489 4789 Ἐγὼ
1530 4722 1587 4775 δὲ
1620 4725 1713 4777 καί
1754 4725 1804 4777 τί

222 4822 371 4875 φημι
414 4802 540 4857 ἄλλο
560 4821 573 4833 ·
600 4806 633 4875 ἡ
674 4807 738 4857 ὲκ
767 4806 865 4871 τῆς
896 4807 1053 4876 ἡμῶν
1103 4810 1321 4876 φύσεως
1361 4816 1619 4882 γεγονυῖα
1644 4815 1809 4883 φανὲ-

226 4911 397 4966 ρωσις
429 4895 522 4948 τοῦ
560 4897 767 4966 Κυρίου
792 4900 889 4950 καὶ
920 4900 1188 4965 ἀνάδειξις
1237 4902 1433 4973 δηλοῦν
1490 4906 1739 4976 βούλεται
1772 4907 1805 4979 ἢ

221 4991 324 5058 τὴν
348 4987 489 5040 κατὰ
536 4987 625 5041 τὸν
657 4989 944 5058 ἄνθρωπον
974 4991 1140 5046 αὑτοῦ
1173 4991 1441 5063 ὕπαρξιν
1472 4997 1553 5051 ὅτι
1601 4998 1710 5069 γάρ
1740 4999 1807 5052 ἐκ

222 5077 318 5132 τοῦ
360 5078 673 5148 Ἀδαμιαίου
711 5082 1032 5154 φυράματος
1054 5083 1155 5155 τὴν
1182 5086 1325 5139 κατά
1351 5085 1529 5159 σάρκα
1567 5087 1806 5159 ὓπαρξιν

220 5171 250 5221 ὁ
277 5168 482 5238 Κύριος
534 5172 780 5244 {exemi}
816 5177 1132 5244 φωνέρωσις
1190 5175 1355 5229 αὑτοῦ
1393 5177 1485 5229 καὶ
1536 5178 1806 5244 ἀνάδειξις

219 5258 437 5327 γέγονε.
494 5263 590 5314 καὶ
634 5262 813 5326 καλῶς
870 5263 984 5336 ἔχει
1038 5266 1223 5320 λοιπὸν
1254 5266 1520 5338 ἑπόμενον
1553 5272 1617 5341 τῇ
1664 5269 1806 5323 κατά

221 5353 408 5427 σάρκα
446 5353 679 5424 ὑπάρξει
708 5355 809 5425 τὴν
831 5356 975 5410 κατά
1004 5359 1183 5430 σάρκα
1214 5361 1525 5430 φανέρωσιν
1552 5361 1649 5414 καὶ
1673 5361 1806 5415 ἀνά-

212 5445 394 5508 δειξιν
441 5444 726 5515 ὁμολογεῖν
752 5444 845 5500 τοῦ
889 5448 1120 5519 Κυρίου.
1171 5452 1234 5504 Et
1266 5450 1396 5519 γοῦν
1428 5450 1572 5505 οὑτω
1608 5451 1801 5514 ταῦτα,

218 5538 442 5599 πάντως
464 5538 518 5591 δὲ
536 5537 697 5604 οὑτω,
735 5539 828 5592 καὶ
860 5541 893 5610 ἡ
927 5543 1079 5611 παρά
1106 5540 1201 5595 τοῦ
1225 5541 1352 5596 Υίοῦ
1383 5543 1686 5614 φανέρωσις
1708 5543 1802 5598 τοῦ

216 5630 542 5701 Πνεύματος
560 5633 657 5686 καὶ
686 5633 953 5699 ἀνάδειξις
985 5635 1083 5706 τὴν
1106 5637 1259 5706 παρά
1282 5636 1379 5688 τοῦ
1400 5636 1533 5690 Υίοΰ
1565 5635 1800 5707 ὕπαρξιν

217 5722 366 5778 κατὰ
395 5726 491 5788 τὰς
516 5723 979 5791 τῶνὰποδείξεων
1011 5728 1411 5798 ταμηριὼδιις
1446 5716 1798 5799 παρίστησιν.

218 5816 350 5870 Ὀτι
379 5818 488 5885 γάρ
533 5818 598 5870 ἐκ
624 5816 718 5870 τοῦ
747 5817 875 5870 Υίοὺ
904 5820 1136 5888 ὑπάρχει
1164 5821 1259 5872 καὶ
1284 5822 1688 5891 πεφανέρωται,
1709 5821 1804 5873 καὶ

220 5905 597 5961 ἀναδέδεικται
616 5906 748 5976 παρ’
766 5909 954 5976 αὑτοῦ,
987 5912 1079 5963 καὶ
1100 5913 1419 5975 χορηγείται
1450 5914 1545 5965 καὶ
1572 5911 1798 5976 δίδοται.

1910 4725 2090 4770 turam
2167 4714 2564 4784 assumpsisse,
2634 4713 2793 4768 nobis
2872 4728 3071 4783 nempe
3121 4717 3488 4772 consubstan-

1909 4808 2111 4863 tialem.
2183 4825 2203 4859 ι
2258 4808 2371 4878 Ego
2418 4822 2545 4861 vero
2621 4804 2769 4861 aliud
2849 4808 3122 4862 adnecto:
3176 4825 3245 4864 ex
3295 4822 3483 4866 nostra

1908 4915 2107 4959 natura
2165 4901 2307 4958 facta
2381 4900 2600 4957 Domini
2663 4901 3075 4973 manifestatio,
3128 4913 3184 4958 et
3239 4914 3487 4964 ostensio

1908 5009 2141 5066 prorsus
2194 4994 2420 5057 innuit,
2461 4994 2765 5049 secundum
2821 4994 3093 5050 hominem
3140 4996 3289 5054 illius
3343 5001 3488 5055 exsi-

1908 5085 2167 5142 stentiam
2200 5102 2213 5139 :
2242 5099 2368 5138 nam
2400 5084 2551 5153 quod
2580 5100 2648 5140 ex
2676 5086 2954 5143 Adamima
2974 5103 3155 5144 massa
3181 5090 3485 5149 secundum

1908 5191 2130 5230 carnem
2174 5176 2439 5229 Dominus
2485 5178 2867 5234 cxsistentiam
2900 5179 3133 5247 habuit,
3182 5178 3332 5237 illius
3374 5198 3488 5237 ma-

1908 5267 2191 5325 nil‘estatio
2223 5274 2277 5321 et
2322 5268 2569 5323 ostensio
2601 5267 2743 5324 facta
2770 5278 2894 5337 est,
2921 5272 3051 5329 hinc
3100 5273 3355 5345 sequitur
3385 5290 3484 5330 nos

1907 5357 2194 5416 commode
2252 5373 2378 5412 cum
2458 5358 2776 5414 exsistentia
2858 5364 3161 5420 secundum
3240 5381 3481 5432 carnem,

1909 5452 2212 5509 secundum
2245 5465 2467 5506 carnem
2499 5449 2999 5507 manil'estationem
3025 5465 3081 5510 et
3111 5460 3479 5513 ostensionem

1907 5544 2127 5601 Domini
2180 5543 2362 5599 fateri.
2400 5542 2525 5598 Haec
2581 5546 2788 5614 itaque,
2833 5546 2879 5609 si
2920 5546 2995 5603 ita
3042 5564 3102 5603 se
3151 5550 3389 5618 habent,
3427 5563 3485 5607 ut

1909 5636 2137 5692 omnino
2182 5651 2243 5693 se
2289 5635 2531 5700 habent,
2561 5637 2726 5693 etiam
2775 5652 2843 5691 ex
2895 5634 3032 5693 Filio
3073 5637 3310 5709 Spiritus
3370 5660 3488 5696 nu-

1907 5725 2190 5783 aifestatio
2228 5736 2282 5782 et
2328 5728 2576 5783 ostensio
2600 5743 2666 5783 ex
2702 5727 2840 5795 Filio
2889 5732 3261 5785 exslstentiam
3292 5747 3482 5787 secun-

1909 5817 2037 5872 dum
2068 5819 2476 5886 coniecturales
2510 5818 3017 5875 demonstrationes
3046 5827 3480 5892 reprasenta'oit.

1906 5907 2063 5975 Quod
2111 5910 2256 5966 enim
2307 5926 2375 5967 ex
2408 5907 2548 5967 Filio
2599 5909 2850 5976 exsistit,
2893 5923 2947 5969 et
2978 5912 3382 5979 manifestatur,
3427 5925 3503 5970 cl.‘
