3962 6410
426 370 451 471 ’ξ
490 376 589 443 911
1505 377 1741 438 ἸΟΛΝ.
1786 376 2001 438 VECCI
2040 376 2149 438 ΕΡ.
2188 374 2697 437 ΡΑΤΒῙᾹΗΕΗῈ
3648 368 3761 434 9ἷὲ

466 494 825 561 ‘ustenditur,
850 493 919 549 ab
948 493 1135 549 eodem
1181 505 1400 563 quoque
1448 492 1846 563 suppeditatur,
1877 499 1933 547 ct
1959 491 2026 545 da

2194 489 2261 544 :al
2296 490 2352 544 el.’
2376 509 2429 546 τι
2473 491 2581 545 τῶν
2610 490 2852 561 ὑστέρων
2901 489 3000 560 τῆς
3047 487 3213 542 αὑτοῦ
3250 486 3542 559 ῦπᾶρξεώς
3576 487 3758 553 ἑστιν,

478 596 595 649 tur,
638 593 693 641 et
737 583 1005 655 quidquid
1053 582 1200 639 aliud
1246 582 1315 638 de
1360 581 1508 639 illius
1533 583 1855 638 exsistentia
1906 596 2029 636 asse

2199 582 2286 635 πελ.
2302 583 2407 636 ’καλ⁸
2439 584 2586 654 παρᾶ
2610 583 2822 654 Πατρὶς
2847 580 3040 647 οὕτως.
3060 581 3121 633 Ei
3143 581 3198 634 δὲ
3221 579 3373 646 παρὰ
3396 579 3620 650 Πατρὸς
3652 582 3763 651 μὲν

486 679 648 741 ritur,
681 690 805 731 cum
833 684 888 729 et
914 674 984 729 de
1021 672 1184 730 Patre
1223 672 1604 731 consideratio
1650 689 1758 729 non
1804 673 1909 727 alia
1966 673 2050 727 sit.

2198 674 2323 741 ὗτω,
2350 675 2502 745 παρὰ
2532 675 2586 727 δὲ
2616 674 2746 728 Υἱοῦ
2793 673 2988 739 ἄλλως,
3020 673 3156 743 ἄλλη
3191 672 3354 727 πάλιν
3397 672 3762 744 βλασφημίας

483 768 690 834 Quodsi
715 782 745 821 a
774 764 932 822 Patre
962 766 1182 837 quidem
1214 765 1318 822 hoc
1344 806 1360 831 ,
1406 780 1437 820 a
1467 763 1609 820 Filio
1635 779 1768 821 vero
1805 765 1914 819 alio
1942 778 2047 819 mo-

2193 765 2362 836 ,γχόνη
2395 764 2472 834 τῷ
2502 762 2831 835 Δημιουργῷ
2878 764 3220 833 πλακήσεται
3281 763 3390 816 τῶν
3442 762 3757 832 διαφορῶν.

480 865 572 929 do,
601 861 745 917 alius
802 875 997 915 rursus
1050 858 1407 931 blasphemiae
1462 860 1691 931 laqueus
1730 859 2044 914 diﬂerentia‘

2201 859 2236 913 ιύ
2267 859 2375 929 γὰρ
2406 858 2637 927 φυσικὸν
2670 857 2871 926 δοτῆρα
2903 856 3000 910 καὶ
3035 854 3272 927 χορηγὸν
3294 854 3387 907 τοῦ
3426 854 3765 924 Πνεῦματος

480 969 599 1009 rum
641 952 820 1022 opilici
878 950 1321 1020 complicabitur.
1374 947 1561 1020 Neque
1610 948 1756 1005 enim
1812 949 2044 1005 datorem

2204 955 2252 1006 ὸν
2290 953 2417 1006 Υἱὸν
2448 951 2773 1023 πρεσϐεύειν
2806 948 3310 1019 διαγνωσθήσεται,
3360 947 3655 1017 ὑπηρέτην
3701 947 3768 1000 δὲ

479 1043 789 1098 naturalem
854 1049 911 1097 et
989 1039 1458 1112 suppeditatorem
1549 1037 1785 1111 Spiritus
1856 1037 2043 1094 Filiurr

2210 1063 2295 1108 rw;
2332 1046 2425 1098 καὶ
2481 1043 2795 1116 λειτουργὸν
2839 1044 2937 1116 τῆς
2970 1043 3338 1116 φανερώσεως
3387 1037 3489 1093 καὶ
3535 1039 3774 1093 ἀναδεί-

466 1149 786 1206 agnoscere
816 1132 1183 1204 reputabitur,
1212 1131 1308 1188 sed
1338 1131 1724 1188 administrum
1755 1142 1809 1187 et
1838 1146 2056 1188 servum
2163 1133 2299 1198 ξεως

476 1225 949 1313 manifestationis
977 1235 1030 1281 et
1054 1226 1415 1282 ostensionis.

547 1320 657 1373 H.‘
678 1336 697 1370 ι
725 1317 1003 1374 Exsistere
1054 1331 1120 1374 ex
1152 1316 1341 1383 'Filio,
1372 1337 1391 1372 ι
1423 1318 1519 1385 ait,
1577 1335 1596 1370 ι
1632 1316 1869 1388 Cyrillus
1920 1316 2059 1373 dixit

2234 1322 2322 1381 ια’.
2376 1344 2394 1377 ι
2451 1323 2748 1395 ’Υπάρχειν
2776 1323 2839 1377 ὲκ
2869 1320 2962 1376 τοῦ
2990 1321 3154 1387 nos,
3194 1341 3215 1376 ι
3248 1324 3403 1394 φησὶ,
3438 1342 3457 1375 ι
3489 1326 3553 1377 τὸ
3577 1324 3770 1379 Πνεῦ-

479 1412 751 1482 Spiritum
778 1450 794 1477 ,
824 1411 944 1467 sed
1001 1425 1110 1466 non
1149 1409 1599 1481 propter'ipsius
1644 1409 1712 1464 ad
1761 1409 2043 1465 essentiam

2204 1435 2237 1470 a
2261 1415 2533 1488 Κύριλλος
2566 1417 2811 1488 εἴρηκεν,
2842 1415 2958 1468 ἀλλ’
2991 1414 3052 1467 οὐ
3110 1413 3178 1468 δι’
3210 1415 3384 1483 αὐτὴν
3427 1414 3596 1468 αὐτοῦ
3656 1415 3767 1484 τὴν

476 1500 931 1572 productionem,
978 1503 1072 1558 sed
1154 1506 1376 1570 propter
1425 1499 1653 1570 gratiam
1711 1497 2030 1569 ex‘Spiritu

2198 1507 2436 1573 ῦσίωσιν,
2472 1505 2565 1559 διὰ
2591 1505 2648 1558 δὲ
2674 1506 2774 1578 τὴν
2830 1508 2895 1559 ὲκ
2929 1504 3024 1558 τοῦ
3078 1505 3395 1574 Πνεῦματος
3443 1503 3540 1559 τοῦ
3576 1508 3639 1558 ὲν
3678 1507 3762 1577 τῷ

476 1610 601 1667 quae
631 1595 685 1648 in
718 1593 862 1650 Filio
893 1602 1076 1649 manet
1103 1632 1119 1663 ,
1158 1592 1412 1649 ﬁdelibus
1441 1591 1813 1663 ell'ulgentem.
1845 1609 1866 1646 ι
1901 1591 2040 1646 Alius

2190 1599 2274 1670 έὶᾦ
2307 1599 2559 1671 μένοντος
2593 1597 3032 1664 ἀπολάμπουσαν
3075 1599 3190 1661 τοῖς
3224 1598 3437 1660 πιστοῖς
3493 1598 3695 1668 χάριν.
3734 1617 3754 1649 ι

480 1693 685 1743 iterum
722 1687 813 1744 hic
864 1696 949 1743 est
980 1684 1337 1757 blasphemia:
1365 1699 1650 1742 excessus.
1698 1682 1834 1739 Nam
1869 1685 1915 1738 si
1948 1684 2044 1753 spi-

2201 1695 2330 1765 Αλλη
2356 1692 2518 1748 πάλιν
2552 1691 2690 1762 αὕτη
2727 1690 3079 1761 βλασφημίας
3109 1689 3409 1761 ὑπερϐολή.
3440 1691 3502 1742 Ei
3536 1692 3651 1761 γὰρ
3692 1691 3765 1743 τὰ

474 1781 722 1837 ritalium
775 1779 1045 1836 donorum
1100 1776 1365 1843 ell'ectus,
1403 1776 1670 1846 effulgens
1708 1777 1762 1831 in
1799 1776 2038 1833 ﬁdelibus

2204 1787 2266 1840 Iw
2300 1785 2690 1856 πνευματικῶν
2719 1784 3073 1856 χαρισμάτων
3094 1783 3516 1852 ἀποτελέσματα
3544 1784 3581 1852 ἡ
3614 1785 3768 1835 ἁπο-

478 1874 681 1945 gratia“
695 1871 942 1943 Spiritus
973 1878 1057 1926 est
1084 1912 1101 1938 ,
1136 1879 1192 1925 et
1223 1871 1267 1926 si
1304 1870 1420 1925 haec
1446 1870 1667 1940 quidem
1697 1869 1905 1940 absque
1954 1868 2042 1940 hy-

2201 1881 2452 1953 ἀμπουσα
2501 1880 2615 1943 τοῖς
2646 1849 2858 1940 πιστοῖς
2888 1849 3003 1930 ἐστι
3063 1876 3226 1947 χάρις
3254 1875 3351 1928 τοῦ
3371 1849 3382 1852 ﬁ
3404 1849 3765 1943 Πνεῦματοτ,

474 1966 683 2038 postasi
732 1975 903 2031 sunt,
952 1978 1020 2019 ex
1069 1962 1231 2020 Patre
1267 1978 1411 2018 .vcro
1439 1971 1494 2018 et
1538 1962 1689 2018 Filio
1738 1963 2038 2018 exsistenti:

2205 1972 2257 2024 al
2309 1970 2359 2023 ei
2407 1966 2582 2022 ταῦτα
2616 1968 2713 2038 μὲν
2749 1966 3120 2032 ἀνυπόστατα,
3157 1967 3191 2036 ἡ
3237 1964 3293 2018 δὲ
3324 1963 3418 2017 τοῦ
3447 1969 3510 2017 ἐκ
3536 1964 3769 2033 Πατρὸς

475 2058 718 2128 Spiritus
774 2055 1073 2126 appellatio
1126 2055 1245 2111 haec
1292 2053 1546 2122 indicat,
1600 2069 1707 2124 qua
1761 2054 1975 2109 ratione
2002 2069 2039 2108 e‘

2200 2065 2254 2118 al
2278 2060 2408 2116 Υἱοῦ
2441 2061 2779 2133 ὑπάρχοντος
2803 2059 2942 2113 Πνεύ
2952 2076 3121 2129 ματος
3144 2058 3341 2127 κλῆσις
3370 2056 3542 2109 ταῦτα
3564 2057 3730 2125 δηλοῖ
3748 2071 3764 2084 ⁸

477 2148 720 2218 Spiritus
768 2162 833 2202 ex
871 2155 1109 2217 utroque
1155 2145 1472 2212 exsistens,
1527 2146 1736 2215 absque
1776 2146 2041 2216 hypostas‘

2197 2152 2276 2217 ςῶς
2305 2152 2424 2222 οὐχὶ
2455 2153 2550 2205 καὶ
2582 2146 2643 2204 τὸ
2671 2149 2732 2214 ἐξ
2759 2151 2964 2220 ἀμφοῖν
2996 2150 3241 2220 ὑπάρχον
3277 2147 3505 2218 Πνεῦμα
3539 2149 3761 2201 ἀνυπο-

475 2242 545 2295 ab
598 2241 805 2297 eisdem
859 2238 1129 2297 exsistere
1185 2255 1295 2296 non
1349 2236 2039 2309 intelligeturLNirursu:

2201 2245 2373 2308 τάτως
2421 2244 2691 2315 ὑπάρχειν
2738 2243 2798 2309 ἐξ
2822 2241 3005 2296 αὐτῶν
3050 2241 3414 2312 νοηθήσεται;
3448 2241 3498 2292 ει
3524 2243 3606 2309 μή
3637 2258 3765 2304 οπως

473 2334 664 2389 eadem
712 2333 928 2388 ratione
958 2346 1126 2388 unam
1156 2332 1535 2403 ,eamdemque
1584 2329 1823 2401 Spiritus
1872 2331 2037 2401 appel-

2206 2340 2253 2393 αἰ
2285 2335 2451 2392 πάλιν
2472 2337 2570 2408 τὴν
2608 2335 2784 2407 αὐτὴν
2816 2335 2910 2388 καὶ
2947 2335 3079 2405 μίαν
3110 2333 3308 2403 κλῆσιν
3340 2333 3451 2385 ’τοῦ
3491 2331 3770 2403 Πνεῦμα-

474 2423 732 2478 lationem
781 2421 839 2477 in
895 2420 1006 2476 duo
1069 2418 1426 2484 subdividat,
1478 2418 1733 2473 eumdem
1784 2418 2038 2488 Spiritum

2215 2450 2247 2495 ις
2276 2433 2357 2493 εἰς
2385 2431 2671 2500 ἀμφότερα
2707 2429 2982 2499 διαιρήσει
3030 2425 3091 2479 τὸ
3115 2425 3248 2479 αὐτὸ
3289 2423 3519 2494 Πνεῦμα
3555 2425 3779 2478 ἔνυττο-

472 2530 598 2569 cum
630 2514 914 2587 hypostasi
948 2528 1016 2569 ex
1046 2510 1210 2568 Patre
1236 2552 1252 2578 ,
1299 2511 1418 2568 sine
1465 2510 1744 2584 bypostasi
1793 2525 1859 2565 ex
1891 2509 2030 2564 Filio

2208 2524 2367 2586 ιάτως
2396 2523 2494 2592 μὲν
2528 2523 2592 2574 ὲκ
2616 2520 2850 2590 Πατρὸς,
2884 2518 3268 2579 ἁνυποστάτως
3296 2516 3344 2570 δ’
3396 2520 3463 2571 ὲκ
3495 2515 3595 2569 τοῦ
3624 2516 3772 2571 ΥΞοῦ

473 2608 787 2680 prodigiosa
842 2607 1178 2678 loquacitate
1225 2603 1583 2660 enuntiatus?
1651 2622 1670 2656 ι
1715 2600 1942 2658 Exsistit
1985 2617 2037 2656 ει

2210 2613 2554 2684 ιρατολογῶν.
2617 2633 2635 2666 ι
2680 2612 2950 2685 ’Υπάρχει
2982 2614 3046 2665 ἐκ
3079 2610 3175 2664 τοῦ
3200 2594 3354 2674 Υἱοῦ,
3388 2629 3409 2662 ι
3441 2612 3605 2679 φησὶ,
3648 2629 3667 2662 ι
3708 2611 3774 2662 τὸ

476 2700 636 2769 Filio,
660 2718 680 2753 ι
717 2700 818 2765 ιιίι,
848 2718 869 2753 ι
900 2700 1162 2769 Spiritus,
1187 2697 1282 2753 sed
1308 2711 1436 2752 cum
1465 2694 1875 2766 suppeditatum
1900 2693 2040 2748 illum

2306 2724 2403 2777 μα,
2436 2704 2553 2760 ἀλλ’
2581 2706 2711 2758 ὅταν
2764 2706 2841 2768 ὡς
2883 2704 3295 2775 χορηγούμενον
3327 2701 3566 2771 νοῶμεν,
3632 2703 3775 2755 ὅταν

478 2793 834 2863 intelligimus
862 2831 878 2859 ,
931 2806 1057 2847 cum
1096 2790 1327 2846 missum
1360 2826 1377 2855 ,
1438 2796 1494 2843 et
1522 2789 1708 2842 datum
1732 2827 1756 2856 ,
1799 2801 1924 2842 cum
1984 2787 2042 2841 ad

2202 2798 2530 2868 εμπόμενον,
2561 2797 2655 2852 καὶ
2680 2797 2981 2867 διδόμενον,
3025 2797 3156 2849 ὅταν
3183 2796 3277 2848 ἐπὶ
3294 2794 3356 2847 τὸ
3382 2794 3766 2849 ἀνακαινίσαι

477 2882 850 2939 renovandam
907 2889 1213 2937 creaturam
1260 2879 1592 2935 venientem.
1624 2896 1645 2930 ι
1711 2876 1779 2931 Ει
1825 2878 1872 2932 si
1925 2891 2041 2931 cum

2205 2890 2254 2960 ὴν
2272 2872 2456 2944 κτίσιν
2481 2890 2830 2960 ἐρχόμενον.»
2862 2888 2974 2941 Καὶ
3004 2889 3052 2940 εἰ
3075 2888 3163 2940 ὅτε
3194 2885 3393 2952 ταῦτα,
3420 2886 3544 2938 τότε
3570 2886 3769 2956 ὑπάρ-

476 2976 591 3030 h-azc
613 3013 629 3039 ,
670 2983 786 3028 tum
817 2988 881 3029 ex
917 2971 1060 3029 Filio
1099 2970 1362 3042 Spiritum
1408 2970 1775 3042 intelligemus
1798 3012 1814 3038 ,
1866 2978 2040 3041 poste-

2212 2996 2274 3032 ειν
2302 2982 2365 3032 ὲκ
2395 2978 2490 3032 τοῦ
2536 2978 2668 3032 Υῐοῦ
2701 2978 2763 3031 τὸ
2814 2977 3037 3046 Πνεῦμα
3095 2978 3388 3046 νοήσομεν,
3441 2974 3665 3046 ὕστερα
3709 2978 3776 3031 δὲ

479 3066 626 3121 riora
654 3079 782 3121 vero
806 3065 931 3122 «haec
959 3073 1109 3131 sunt,
1142 3072 1196 3119 et
1223 3063 1328 3120 sub
1356 3071 1605 3133 tempore
1638 3063 1864 3127 cadunt,
1894 3064 2043 3132 plane

2214 3072 2327 3125 ιῦτα
2345 3071 2439 3125 καὶ
2480 3071 2584 3124 ὑπὸ
2608 3072 2824 3142 χρόνον,
2849 3070 2971 3141 οὐχὶ
2999 3069 3092 3124 καὶ
3118 3071 3305 3132 ἁῖδίως
3331 3070 3610 3139 ὑπάρχειν
3648 3074 3778 3138 ἐρεῖ

477 3174 585 3216 non
621 3160 692 3216 ab
721 3168 928 3216 aeterno
977 3157 1247 3217 exsistere
1280 3158 1460 3229 ipsum
1510 3173 1577 3212 ex
1603 3156 1743 3213 Filio
1773 3157 2041 3228 quispiam

2210 3182 2238 3229 ς
2260 3163 2389 3218 αὐτὸ
2416 3164 2480 3217 ὲκ
2503 3164 2596 3218 τοῦ
2648 3163 2799 3218 Υἱοῦ.
2836 3163 2899 3215 Ei
2926 3163 2983 3216 δὲ
3016 3163 3093 3233 μὴ
3147 3162 3333 3225 ὰῖδιως
3367 3164 3432 3216 ὲκ
3461 3163 3556 3217 τοῦ
3594 3163 3774 3232 Υἱοῦ,

476 3254 637 3311 dicet.
684 3251 898 3320 Quodsi
940 3267 1050 3307 non
1082 3252 1153 3307 ab
1198 3258 1406 3306 πίοι-πο
1452 3247 1669 3306 a‘Filio
1721 3250 1792 3306 ab
1845 3260 2040 3328 aeterno

2210 3256 2347 3321 ῖδὶως
2376 3256 2622 3328 ὑπάρχον
2648 3258 2710 3310 ὲκ
2738 3254 2833 3310 τοῦ
2858 3256 3093 3326 Πατρὸς,
3123 3254 3284 3309 τοῦτο
3310 3257 3420 3326 γὰρ
3448 3256 3560 3310 οὐδ’
3585 3258 3774 3321 αὐτὸς

475 3346 758 3403 exsistens
789 3361 819 3399 a
870 3343 1070 3411 Patre,
1106 3342 1231 3399 'boc
1281 3342 1429 3399 enim
1479 3357 1580 3397 nec
1628 3343 1748 3413 ipse
1776 3341 1934 3399 fateri
1965 3360 2039 3400 re-

2193 3348 2439 3419 μολογεῖν
2494 3347 2858 3401 ἀναϐάλλεται
2886 3365 2901 3379 ·
2937 3348 3056 3410 πῶς
3085 3348 3119 3418 ἡ
3177 3347 3449 3418 ὑπάρχειν
3480 3346 3637 3411 λέξις
3675 3351 3757 3402 ἐπ

434 3459 439 3464 ’
473 3445 661 3506 cusat,
704 3437 987 3507 quomodo
1014 3435 1185 3492 dictio
1214 3435 1485 3491 exsistere
1518 3434 1586 3491 de
1604 3436 1823 3507 duobus
1846 3451 1998 3493 secut

2208 3443 2362 3509 atpoiv
2394 3440 2701 3511 εἰλημμένη
2726 3443 2868 3494 κατὰ
2897 3439 3249 3510 ταυτὸν,οὒχὶ
3268 3439 3329 3493 τὸ
3359 3440 3494 3495 αὐτὸ
3525 3441 3772 3513 Πνεῦμα

474 3529 605 3585 dum
637 3530 781 3586 idem
808 3538 1047 3599 accepta,
1075 3527 1331 3583 eumdem
1374 3526 1642 3598 Spiritum
1680 3543 1825 3583 nunc
1860 3544 2038 3584 rursus

2158 3535 2253 3586 καὶ
2277 3532 2439 3585 πάλιν
2472 3533 2552 3594 ei;
2581 3534 2640 3584 τ’)
2667 3531 2925 3603 ἐγχρονον
2953 3532 3046 3589 καὶ
3073 3531 3303 3602 ἄχρονον
3335 3532 3619 3605 διαιρήσει
3644 3550 3662 3600 ;

475 3628 529 3681 in
570 3625 701 3681 illud
717 3624 862 3696 quod
903 3624 1108 3694 absque
1136 3620 1403 3692 principio
1426 3628 1559 3686 .est,
1586 3632 1641 3677 et
1668 3623 1722 3677 in
1757 3621 1886 3677 illud
1910 3622 2056 3693 quod
2080 3624 2183 3678 sub
2204 3622 2475 3694 principio
2502 3623 2668 3688 cadit,
2702 3639 2812 3677 non
2844 3623 3094 3678 dividet?
3340 3614 3345 3618 ’

549 3721 639 3776 l2.
688 3739 707 3773 ι
747 3718 828 3774 Ex
874 3720 1068 3784 Patre,
1126 3735 1146 3769 ι
1195 3717 1415 3787 inquit,
1472 3735 1493 3768 ι
1529 3718 1765 3789 Cyrillus
1833 3718 2047 3782 scribit,

2224 3716 2316 3788 ιβ’.
2353 3736 2372 3770 ι
2418 3718 2515 3771 Ἐκ
2550 3720 2785 3789 Πατρὸς,
2820 3737 2844 3770 a
2903 3718 3058 3789 φησι,
3101 3737 3120 3770 ι
3150 3719 3401 3790 προϊέναι
3427 3718 3486 3770 τὸ
3521 3720 3770 3792 Πνεῦμα

478 3811 749 3882 Spiritum
800 3808 1059 3881 progredi
1112 3806 1282 3863 veluti
1314 3821 1381 3862 ex
1421 3821 1519 3862 ore
1545 3845 1561 3873 ,
1613 3818 1666 3862 et
1695 3806 1844 3861 fonte
1866 3804 2042 3861 Patre.

2209 3810 2425 3882 ὑριλλος
2455 3812 2682 3883 γράφει,
2713 3811 2789 3875 ὡς
2817 3811 2925 3866 ἀπὸ
2956 3814 3224 3882 στόματος
3252 3816 3349 3866 καὶ
3392 3814 3467 3876 ὡς
3495 3816 3606 3868 ἀπὸ
3646 3835 3768 3886 πη-

478 3903 715 3959 Basilius
743 3901 869 3957 item
895 3917 911 3956 :
939 3900 1021 3955 Ex
1046 3898 1155 3955 Deo
1177 3913 1300 3954 esse
1321 3897 1523 3954 dicitur
1546 3896 1778 3969 Spiritus
1807 3908 2042 3964 sanctus,

2198 3907 2258 3975 ἧς
2281 3903 2375 3956 τοῦ
2407 3904 2640 3975 Πατρός.
2678 3904 2785 3957 Kal
2812 3906 3097 3969 Βασίλειος
3126 3906 3321 3977 nam;
3360 3907 3456 3961 Ἐιι
3476 3908 3571 3962 τοῦ
3605 3909 3762 3964 Θειῦ

479 4011 589 4052 non
618 4003 678 4050 ut
723 4002 854 4051 sunt
899 3992 1085 4048 omnia
1124 4007 1193 4047 ex
1235 3991 1367 4060 Deo,
1419 3992 1515 4048 sed
1563 4002 1621 4046 ut
1680 4007 1708 4045 a
1771 3989 1883 4046 Deo
1925 4006 2043 4061 pro-

2197 3992 2296 4049 ἱναι
2326 3996 2544 4064 λέγεται
2579 3996 2641 4049 τὸ
2682 3997 2908 4068 Πνεῦμα
2941 3998 3001 4050 τὸ
3024 3997 3202 4066 ἅγιον,
3233 3999 3332 4069 οὐχ
3363 4001 3437 4062 ὡς
3466 4003 3535 4053 τὰ
3567 4002 3761 4057 πάντα

480 4087 732 4157 qrediens
761 4124 778 4151 ,
828 4100 935 4140 non
986 4084 1149 4140 modo
1199 4084 1568 4155 generationis
1605 4091 1666 4137 ut
1718 4081 1924 4149 Filius,
1954 4082 2044 4137 sed

2196 4108 2222 4144 κ
2246 4089 2342 4144 τοῦ
2368 4089 2503 4143 Θεοῦ
2552 4089 2836 4159 προελθὸν,
2858 4090 2934 4142 οὐ
2956 4089 3235 4161 γεννητῶς
3281 4089 3357 4153 ὡς
3386 4091 3414 4142 ό
3449 4090 3600 4156 Υἱὸς,
3626 4094 3760 4146 ἀλλ)

481 4189 540 4234 ut
567 4177 807 4250 Spiritus
832 4178 945 4233 oris
994 4176 1163 4231 illius.
1197 4195 1216 4228 ι
1280 4178 1351 4237 At
1383 4178 1623 4231 nondum
1654 4174 1845 4244 capio,
1885 4188 2045 4243 quam

2190 4199 2233 4246 ις
2285 4179 2511 4249 Πνεῦμα
2556 4181 2826 4249 στόματος
2873 4181 3065 4237 αὐτοῦ.
3106 4200 3125 4234 ι
3168 4182 3279 4235 Kal
3311 4183 3414 4236 οὐκ
3450 4178 3572 4237 οἶδα
3615 4188 3754 4239 τίνα

479 4274 582 4329 ista
616 4273 670 4327 in
714 4288 775 4328 se
815 4271 1098 4328 continere
1126 4269 1389 4326 adversus
1433 4279 1620 4325 nostra
1653 4268 1797 4323 dicta
1829 4276 2043 4322 contra-

2196 4273 2334 4328 αῦτα
2353 4274 2453 4344 τὴν
2478 4274 2831 4343 ἐναντιότητα
2863 4276 2998 4344 πρὸς
3026 4273 3117 4327 τὸν
3147 4274 3418 4345 ἡμέτερον
3460 4274 3610 4346 ἔχειν
3634 4280 3760 4332 οἶε-

479 4366 729 4422 rietatem
790 4365 1086 4421 existimet.
1140 4363 1356 4420 Etenim
1388 4364 1434 4419 si
1469 4378 1536 4420 ex
1565 4376 1662 4417 ore
1702 4359 2043 4432 progreditur

2193 4385 2250 4422 at
2289 4367 2469 4436 λόγον.
2522 4367 2711 4436 Εἰγάρ
2736 4367 2817 4420 ὅτι
2843 4365 2917 4430 ὡς
2949 4367 3060 4421 ἀπὸ
3087 4368 3358 4437 στόματος
3391 4371 3607 4440 πρόεισι
3648 4371 3755 4425 τοῦ

479 4458 655 4515 Patris
683 4458 944 4528 Spiritus,
968 4466 1025 4512 et
1051 4456 1165 4513 oris
1199 4455 1378 4511 Patris
1400 4453 1636 4525 Spiritus
1656 4460 1761 4519 cst,
1789 4467 1858 4506 ex
1890 4451 2043 4505 Patre

2191 4460 2370 4531 [ατρὸς
2391 4459 2452 4513 τὸ
2484 4457 2710 4527 Πνεῦμα
2729 4457 3001 4528 στόματος
3035 4458 3096 4512 ὸν
3124 4457 3221 4512 τοῦ
3250 4459 3488 4530 Πατρὸς,
3548 4461 3648 4533 τὴν
3684 4465 3755 4518 ὲκ

477 4551 856 4607 exsistentiam
880 4549 1065 4614 habet,
1085 4547 1249 4604 utille
1276 4547 1372 4611 ait,
1406 4553 1632 4612 etsunt,
1661 4559 1783 4614 quae
1810 4542 1943 4598 dicit
1989 4549 2041 4597 ut

2192 4549 2367 4620 [ατρὸς
2396 4547 2630 4620 ὓπαρξιν
2661 4547 2774 4618 ἔχει
2802 4548 2945 4601 κατὰ
2988 4549 3078 4602 τὸν
3101 4549 3330 4617 λέγοντα
3362 4551 3458 4605 καὶ
3504 4553 3602 4604 ἐπὶ
3621 4556 3756 4607 τοὺ-

475 4643 629 4698 dicit.
655 4641 718 4694 Et
736 4640 783 4697 si
802 4657 865 4696 ex
881 4639 989 4696 Deo
1017 4656 1140 4697 esse
1157 4639 1440 4704 asseritur,
1458 4646 1714 4707 tanquam
1734 4637 1829 4708 qui
1851 4650 1919 4713 ex
1941 4635 2039 4691 Dec

2190 4656 2266 4702 οις
2295 4637 2512 4709 ἀληθῶς
2540 4636 2899 4707 ἀληθεύοντα.
2934 4638 3046 4692 Kal
3070 4640 3119 4691 εἰ
3149 4640 3215 4692 ὲκ
3263 4639 3361 4693 τοῦ
3406 4641 3549 4694 Θεοῦ
3600 4639 3754 4697 εἶναι

476 4747 804 4805 progressus
845 4740 929 4789 est
955 4773 972 4799 ,
1013 4742 1069 4788 et
1090 4740 1155 4788 ut
1186 4730 1429 4802 Spiritus
1460 4730 1573 4784 oris
1604 4727 1722 4793 Dei,
1751 4728 1863 4797 jam
1896 4742 2040 4797 aper-

2192 4729 2516 4800 μολογεῖται,
2545 4727 2619 4790 ὡς
2646 4729 2711 4780 ὲκ
2749 4728 2843 4780 τοῦ
2876 4726 3013 4781 Θεοῦ
3034 4728 3322 4799 προελθὸν,
3349 4731 3443 4784 καὶ
3472 4732 3551 4795 ὡς
3576 4734 3756 4786 Πνεῦ-

478 4834 595 4880 tum
628 4834 877 4881 remanet
906 4827 1073 4882 etiam
1104 4840 1173 4881 ex
1218 4822 1358 4879 Filio
1388 4837 1510 4879 esse
1533 4862 1552 4890 ,
1601 4831 1656 4876 et
1683 4836 1749 4876 ex
1779 4818 1918 4874 Filio
1950 4820 2042 4874 ha-

2185 4839 2234 4874 ια
2268 4820 2537 4891 στόματος
2569 4818 2663 4873 τοῦ
2706 4820 2865 4886 Θεοῦ,
2886 4820 3112 4892 εῦδὴλον
3143 4821 3219 4885 ὡς
3253 4825 3348 4877 καὶ
3377 4825 3443 4877 ἐκ
3477 4825 3575 4877 τοῦ
3608 4824 3749 4879 Υἰοῦ

478 4923 612 4975 bere
679 4918 1067 4975 exsistentiam
1110 4917 1183 4971 ab
1234 4928 1395 4984 aequo
1439 4913 1626 4985 judice
1689 4910 2042 4981 reputabitur,

2192 4909 2317 4982 [ναι,
2348 4913 2444 4968 καὶ
2470 4912 2569 4983 τὴν
2593 4912 2652 4978 ἐξ
2684 4911 2817 4966 Υἱοῦ
2855 4911 3003 4984 ἐχειν
3039 4913 3116 4984 τῷ
3131 4914 3577 4986 εὐγνωμονοῦντι
3613 4919 3756 4988 ὁμου

479 5023 739 5084 tanquam
800 5012 897 5084 qui
945 5026 1014 5066 ex
1067 5007 1208 5065 Filio
1256 5006 1645 5078 progreditur,
1713 5015 1769 5060 et
1815 5002 2043 5076 Spiritus

2187 4989 2525 5077 ογηθήσεται
2583 5002 2843 5075 ὓπαρξιν,
2881 5004 2958 5067 ὡς
2995 5004 3091 5058 καὶ
3119 5005 3184 5058 ἐκ
3214 5006 3313 5059 τοῦ
3363 5007 3497 5060 Υἱοῦ
3529 5011 3751 5080 προϊὸν,

479 5106 593 5162 oris
623 5103 746 5160 Filii
775 5114 888 5161 est.
945 5102 1005 5159 Si
1061 5114 1190 5157 vero
1244 5101 1373 5181 quia
1429 5098 1553 5155 fons
1612 5098 1847 5169 Spiritus
1886 5096 2043 5153 Patet

2194 5098 2252 5151 al
2309 5096 2534 5166 Πνεῦμα
2589 5096 2857 5167 στόματος
2900 5094 2962 5150 ὸν
3005 5096 3101 5149 τοῦ
3151 5096 3310 5151 Υἱοῦ.
3346 5097 3413 5153 El
3456 5098 3505 5152 δ’
3534 5100 3620 5154 ὅτι
3657 5102 3754 5154 καὶ

480 5210 567 5255 est
590 5240 606 5266 ,
644 5209 937 5269 propterea
988 5211 1055 5251 ex
1111 5191 1272 5249 Patre
1306 5191 1544 5264 Spiritus
1577 5202 1697 5261 est,
1745 5208 1917 5264 quare
1941 5207 2044 5248 non

2184 5188 2311 5260 πηγὴ
2339 5188 2433 5242 τοῦ
2461 5187 2778 5257 Πνεύματος
2807 5190 2836 5241 ό
2858 5190 3050 5260 Πατήρ
3081 5191 3219 5256 ἔστι,
3247 5189 3337 5245 διὰ
3367 5191 3529 5245 τοῦτο
3555 5196 3623 5246 ὲκ
3650 5193 3748 5248 τοῦ

477 5300 533 5347 et
561 5307 593 5347 a
623 5288 783 5354 Filio,
816 5303 942 5344 cum
978 5286 1180 5343 eadem
1232 5279 1531 5356 Scriptum
1561 5285 1766 5342 fontem
1804 5283 2041 5357 ejusdem

2184 5279 2375 5351 Ιατρὸς
2399 5279 2460 5334 τὸ
2488 5279 2735 5351 Πνεῦμα,
2769 5279 2886 5346 πῶς
2907 5281 3029 5350 οὐχὶ
3052 5281 3147 5334 καὶ
3170 5283 3233 5335 ἐκ
3261 5281 3358 5336 τοῦ
3395 5284 3554 5349 Υῐοῦ,
3586 5287 3748 5358 εἴπερ

480 5381 720 5456 Spiritus
749 5377 947 5435 Filium
979 5377 1385 5449 depraedicant?

2186 5371 2216 5423 ιὶ
2236 5371 2402 5427 αὐταὶ
2430 5371 2650 5444 Γραφαὶ
2672 5372 2859 5445 πηγὴν
2889 5371 2984 5426 τοῦ
3040 5373 3210 5428 αὑτοῦ
3246 5375 3566 5447 Πνεύματος
3618 5379 3750 5433 ἀνα-

2159 5464 2494 5536 κηρύττουσι
2515 5465 2609 5518 τὸν
2649 5464 2777 5519 Υἰόν
2801 5482 2817 5532 ;
3297 5521 3306 5530 ,
3668 5486 3673 5489 τ

554 5566 646 5621 l5.
699 5561 808 5620 Sed
869 5561 1095 5619 accedat
1147 5557 1527 5617 Theodoretus
1552 5597 1568 5624 ,
1620 5567 1676 5614 et
1724 5556 2058 5615 Theodoreti

2231 5563 2322 5626 ιγ’.
2385 5556 2550 5612 Ἀλλὰ
2582 5557 2797 5630 παρίτω
2848 5561 2943 5615 καὶ
2983 5560 3352 5633 Θεοδώρητος,
3399 5566 3497 5619 καὶ
3527 5566 3587 5619 ai
3615 5566 3746 5621 Θεο-

480 5656 907 5729 increpationes.
953 5654 1185 5723 Quando
1224 5669 1344 5725 quae
1369 5650 1750 5708 Theodoretus
1795 5652 2044 5709 adversus

2177 5655 2405 5726 ῑωρήτου
2440 5656 2817 5728 ἐπιτιμήσεις.
2870 5657 3025 5713 Ἐπεὶ
3055 5661 3166 5730 γὰρ
3210 5660 3246 5714 ἃ
3283 5660 3429 5716 κατὰ
3473 5663 3741 5735 Κορίλλου

482 5749 744 5833 Cyrillum
775 5748 1018 5819 scripsit,
1054 5745 1142 5803 his
1195 5744 1380 5802 verbis
1412 5758 1670 5815 expressa
1701 5762 1715 5799 :
1754 5761 1773 5797 ι
1807 5742 1964 5811 Quod
2008 5746 2046 5801 si

2176 5747 2509 5819 Βεοδώρητος
2556 5748 2663 5820 ἔφη
2697 5749 2893 5817 αὐταῖς
2939 5749 3085 5805 οὕτω
3120 5751 3303 5817 λέξεσι
3362 5752 3541 5823 λέγων
3566 5773 3581 5788 ·
3622 5773 3643 5808 ι
3682 5755 3740 5808 Ei
