3962 6400
308 418 429 515 ,913

1247 428 1683 495 ΗΕῈἯΤᾹΤΙΟ
1725 432 1941 493 LIBRI
1981 432 2303 495 GEORGII
2345 432 2601 495 CYPRII

3473 431 3582 496 οη

310 528 427 607 μὲν
459 533 547 590 διὰ
573 535 734 591 τοῦτο
782 537 915 592 ίδιον
947 537 1041 594 τοῦ
1072 539 1203 596 Υίοῦ
1254 540 1360 611 ἐφη
1408 543 1468 597 τὸ
1509 543 1759 613 Πνεῦμα,
1817 543 1900 597 ὅτι

2019 554 2226 614 propter
2241 544 2345 600 hoc
2363 546 2616 617 proprius
2631 543 2749 599 Filii
2778 543 3025 615 Spiritus
3040 541 3314 614 est,'quod
3336 542 3583 613 ejusdem

321 629 560 697 όμοφυές
614 630 711 684 καὶ
741 631 805 683 ἐκ
851 631 1063 703 Πατρδς
1097 634 1561 703 ἐκπορευόμενον,
1610 635 1903 706 συνομολο-

320 722 672 790 γήσομενέί
704 723 748 776 δ’
773 723 855 777 ότι
906 725 966 790 ἐξ
996 725 1144 779 -Υίοῦ
1192 727 1293 797 τὴν
1349 726 1585 795 ὕπαρξιν
1629 728 1771 799 ἔχει,
1828 729 1903 791 ὼς

322 812 649 883 βλάσφημον
702 816 862 869 τοῦτο
889 819 982 872 καὶ
1013 819 1273 883 δυσσεϐὲς
1326 820 1728 892 ἀπορρίψομεν,
1768 840 1786 873 ι
1825 823 1904 887 είς

322 907 650 976 συμμαχίαν
704 903 859 973 οὗτος
889 911 1275 981 προϐάλλεται,
1337 914 1506 983 μηδὲν
1535 914 1686 984 αὐτῷ
1721 912 1904 982 μέλον,

320 1000 401 1075 ὅτι
428 1001 729 1068 ἀναθέματι
760 1005 1159 1076 παρεδόθησαν.
1184 1009 1309 1071 Πῶς
1337 1008 1471 1079 γὰρ,
1495 1008 1554 1071 ὃς
1578 1008 1699 1071 οὐδὲ
1720 1010 1780 1062 16
1797 1008 1907 1061 ἀπδ

222 1152 227 1157 η
318 1092 429 1144 τῶν
454 1094 697 1147 κανόνων
720 1099 831 1159 τοῖς
865 1097 1100 1168 ἀνιέρως
1128 1100 1195 1153 τὰ
1222 1101 1342 1172 ίερὰ
1369 1101 1908 1173 μεταχειριζομένοις

319 1186 693 1255 ἐπισειόμενον
719 1188 926 1243 δέδοικε
952 1191 1029 1260 τῷ
1073 1193 1509 1264 πλημμελήματι
1550 1196 1905 1267 ἐνεχόμενοςς

321 1276 542 1342 ῐδωμεν,
580 1280 631 1330 εί
668 1283 743 1349 μὴ
768 1279 841 1339 ὡς
891 1283 986 1334 ἐπὶ
1012 1283 1328 1354 καλαμίνης
1360 1285 1563 1354 ῥάϐδου
1589 1286 1699 1339 τῶν
1731 1288 1910 1359 ἐπιτι-

324 1369 545 1438 μήσεων
567 1359 773 1424 τούτων
802 1374 1146 1444 ἐστήρικται.
1205 1394 1224 1427 ι
1256 1375 1608 1447 Θεοδώρητον
1634 1376 1838 1443 καλῶς,
1885 1398 1902 1429 ι

322 1465 508 1532 φησιν,
552 1481 573 1516 1
611 1466 951 1535 ἐπιτιμῶντα
982 1468 1139 1533 εἰδὼς
1176 1469 1466 1540 Κύριλλος,
1496 1470 1911 1541 οὐτ’ἐφιλονεὲ-

325 1573 486 1624 κησε,
510 1557 603 1629 καὶ
628 1558 873 1628 παρῆλθε
900 1561 1038 1623 τέως
1069 1562 1395 1633 σιγῇ,δῆλον
1418 1565 1482 1618 ἐκ
1512 1565 1703 1617 τούτου
1736 1565 1908 1618 ποιῶν

329 1648 630 1715 μηδ”αὐτδν
650 1651 778 1713 τούς
796 1650 970 1717 οὕτως
986 1654 1273 1723 οἰομένους
1305 1655 1690 1727 ἀποδέχεσθαι.
1717 1657 1846 1710 Ὀτι
1863 1655 1910 1709 δ’

326 1740 476 1807 ὅμως
505 1741 636 1794 ίδιόν
664 1743 782 1796 ἐστι
805 1744 901 1797 τοῦ
937 1744 1070 1797 Υἱοῦ
1104 1746 1163 1799 τὸ
1193 1746 1438 1817 Πνεῦμα,
1490 1748 1736 1819 σφοδρῶς
1762 1748 1912 1815 ἀγω-

329 1831 539 1893 νξζεται
589 1833 885 1900 δεικνύναι,
916 1837 1014 1889 καὶ
1040 1836 1133 1890 τοῦ
1162 1835 1318 1905 λόγου
1362 1840 1598 1891 ποιεῖται
1623 1838 1717 1891 τὸν
1747 1838 1912 1894 Ἀπό-

333 1924 513 1976 στολον
544 1925 818 1997 μάρτυρα,
858 1928 952 1980 καί
987 1945 1188 1999 φησιν·
1235 1929 1629 2000 Ἐκπορεύεται
1661 1931 1760 2001 μὲν
1796 1932 1907 2002 γὰρ

328 2016 392 2066 ἐκ
413 2015 508 2067 τοῦ
539 2012 675 2068 Θεοῦ
724 2019 818 2071 καὶ
870 2019 1081 2090 Πατρδς
1118 2020 1180 2075 16
1228 2020 1449 2091 Πνεῦμα
1487 2021 1549 2074 16
1591 2022 1745 2086 ἅγιον
1766 2022 1909 2076 κατὰ

324 2107 426 2175 τὴν
454 2108 547 2160 τοῦ
588 2110 840 2181 Σωτῆρος
898 2111 1115 2182 φωνὴν,
1163 2110 1282 2165 ἀλλ’
1339 2113 1441 2168 οὐκ
1476 2112 1757 2183 ἀλλότριόν
1790 2116 1909 2166 ἐστι

306 2201 420 2263 ,καὶ
468 2199 562 2253 τοῦ
618 2201 769 2255 Υῐοῦ.
805 2220 826 2254 ι
866 2203 1006 2270 Εὖγε
1052 2204 1148 2257 τοῦ
1208 2206 1390 2271 καλῶς
1444 2224 1527 2261 σοι
1579 2206 1908 2277 τηρηθέντος

326 2295 742 2366 ἀπαραποιήτου
769 2298 869 2368 τῆς
901 2299 1169 2371 Κυρίλλου
1226 2300 1544 2370 ἀπολογίας.
1578 2301 1688 2355 Καὶ
1718 2302 1771 2356 τί
1802 2302 1911 2373 γὰρ

325 2388 459 2440 ἄλλο
504 2388 605 2457 τὴν
659 2389 771 2443 τῶν
809 2393 1189 2463 ἐπιτιμήσεων
1234 2386 1599 2464 Θεοδωρήτου’
1647 2394 1911 2463 συστήσει

324 2480 677 2550 ἀνατροπήν;
728 2481 816 2533 Ἐν
869 2481 967 2551 μὲν
1023 2481 1131 2553 γὰρ
1169 2482 1247 2554 τῷ
1301 2481 1482 2551 λέγειν
1549 2482 1824 2551 Κύριλλος
1880 2484 1910 2536 6

325 2572 624 2637 θειότατος,
680 2573 764 2626 ὅτι
818 2591 838 2625 ι
865 2574 962 2626 Ἐκ
993 2572 1129 2627 Θεοῦ
1184 2578 1277 2628 καὶ¹
1322 2572 1542 2645 Πατρδς
1588 2574 1649 2627 τὸ
1682 2571 1912 2643 Πνεῦμα

322 2664 389 2715 16
417 2664 571 2730 ἆγιον
593 2664 954 2735 ἐκπορεύεται
977 2668 1118 2721 κατά
1139 2668 1237 2737 τήν
1253 2667 1348 2721 τοῦ
1380 2666 1636 2738 Σωτῆρος
1664 2665 1903 2736 φωνὴν,ι

325 2752 417 2807 διὰ
450 2759 551 2823 τῆς
598 2755 961 2825 εὐαγγελικῆς
985 2754 1189 2827 ταύτης
1219 2756 1531 2826 μαρτυρίας
1562 2755 1662 2829 τὴν
1705 2756 1767 2809 ἐκ
1796 2756 1912 2809 Πα-

326 2841 454 2910 τρὸς
479 2842 573 2897 τοῦ
604 2845 923 2915 Πνεύματος
978 2836 1297 2917 συνίστησιν
1331 2846 1567 2920 ὕπαρξιν
1589 2863 1604 2879 ο
1640 2850 1698 2902 ἐν
1722 2848 1781 2902 δὲ
1812 2848 1910 2918 τῷ,

332 2956 357 2990 ε
387 2937 527 2991 Ἀλλ’
555 2937 676 2990 οὐδὲ
729 2938 1012 3009 ἀλλότριον
1054 2939 1150 2993 τοῦ
1184 2939 1318 2994 Υῐοῦ
1375 2941 1545 3006 ἐστιν,
1585 2959 1604 2992 ι
1657 2942 1908 3009 ἐπάγειν,

324 3030 426 3083 καὶ
458 3031 521 3082 ἐκ
550 3029 645 3083 τοῦ
678 3030 810 3084 Υίοῦ
846 3027 989 3086 εἶναι
1029 3031 1159 3085 αὐτὸ
1186 3033 1548 3103 ὑπεμφαίνει.
1586 3034 1699 3087 Καὶ
1753 3051 1912 3086 συνο-

329 3121 624 3193 μολογήσει
653 3140 744 3194 μοι
766 3126 899 3191 πᾶς,
932 3123 989 3187 ὃς
1017 3122 1113 3177 τοῦ
1135 3125 1335 3188 παντὸς
1369 3126 1469 3195 τὴν
1495 3125 1754 3195 ἀλήθειαν
1780 3143 1911 3196 προ·

326 3214 616 3285 τιθέμενος
644 3217 737 3269 τὸν
762 3216 922 3283 λόγον
955 3217 1226 3285 ὁμολογεῖ,
1257 3217 1378 3271 καθ’
1407 3218 1465 3270 ὄν
1494 3219 1612 3271 ἐστι
1662 3219 1722 3271 τὸ
1746 3216 1935 3295 Πνεῦέ

315 3303 319 3307 ’
331 3325 414 3376 μα
444 3305 573 3360 ῑδιον
603 3306 700 3360 τοῦ
722 3307 855 3361 Υίοῦ
878 3324 892 3339 ο
919 3309 1039 3377 216;
1072 3309 1252 3379 βούλει
1280 3310 1372 3365 καὶ
1399 3309 1484 3365 σύ.
1517 3310 1705 3372 Ὅπως
1735 3310 1790 3362 δὲ
1817 3309 1916 3364 καί

328 3399 626 3468 σὺ,λέγω,
666 3401 881 3456 σκόπει.
918 3400 983 3455 Τί
1030 3403 1187 3472 ῥοκεῖ
1222 3419 1339 3469 σοις
1400 3401 1739 3456 Πυνθάνεται
1793 3400 1917 3457 κατ’

329 3489 603 3560 ἐρώτησιν
626 3494 654 3545 6
678 3492 835 3561 λόγος
861 3493 1289 3564 ἀποτεινόμενός
1318 3496 1646 3565 τικρατεῖν,
1676 3495 1751 3558 ὡς
1777 3496 1921 3565 λῆμ·

333 3599 415 3651 μα
453 3584 560 3635 τῶν
582 3584 900 3652 ἀναγκαίων
942 3587 1118 3639 ἐκεῖνο
1170 3585 1281 3641 τῶν
1327 3585 1655 3641 Ἀθανασίου
1711 3587 1918 3657 ῥητῶν,

329 3675 394 3727 ἐν
424 3666 467 3739 ᾧ
491 3691 646 3744 φησι,
692 3692 711 3727 ι
744 3676 1003 3745 τοιαύτην
1040 3677 1185 3749 ἐχειν
1212 3679 1313 3749 τὴν
1352 3676 1514 3748 φύσιν
1562 3679 1657 3733 καὶ
1684 3680 1838 3744 τάξιν
1859 3679 1922 3734 τὸ

328 3765 561 3837 Πνεῦμα
591 3767 729 3838 πρὸς
765 3769 858 3822 τὸν
892 3769 1045 3836 Υίδν,
1105 3770 1226 3824 οἵαν
1258 3771 1288 3823 6
1327 3771 1455 3833 Υἱὸς
1487 3770 1603 3843 ἔχει
1634 3773 1774 3844 πρὸς
1819 3773 1914 3829 16v

334 3859 573 3930 Πατέρα.
610 3880 631 3912 ι
673 3861 742 3913 Ἦ
772 3860 826 3914 τί
873 3860 1002 3914 ἄλλο
1035 3861 1219 3931 ἐρεῖς;
1282 3864 1543 3933 Κρατείν,
1568 3859 1706 3931 οῖδα,
1741 3867 1918 3936 ἐρεῖς,

332 3955 460 4006 ἐπεὶ
487 3955 652 4023 μηδὲν
669 3954 812 4025 ἔχεις
844 3953 1130 4009 κάνταῦθα
1146 3958 1212 4026 τῇ
1234 3955 1529 4029 περιεργίᾳ
1556 3957 1919 4029 χαρίσασθαι.

334 4047 400 4100 Et
438 4047 563 4115 γοῦν
593 4048 692 4117 τὴν
720 4048 921 4120 χρῆσιν
965 4052 1195 4118 κρατεῖν
1242 4049 1369 4121 χρὴ,
1430 4051 1650 4116 πάντως
1698 4053 1757 4106 δὲ
1787 4054 1917 4126 χρὴ,

334 4139 387 4189 εἰ
432 4138 731 4208 μέμνησαι,
782 4139 877 4191 καὶ
932 4138 1098 4191 πάλιν
1145 4140 1412 4212 ἐρωτήσει
1454 4142 1482 4195 6
1516 4141 1673 4210 λόγος
1724 4159 1807 4211 σε,
1838 4145 1921 4198 ὅτι

331 4230 438 4296 τὴν
462 4228 628 4300 ἄλλην
658 4231 766 4285 τῶν
789 4232 1117 4288 Ἀθανασίου
1170 4234 1386 4303 ῥήσεων
1413 4233 1544 4306 τὴν,
1586 4254 1606 4287 ι
1633 4236 1856 4308 Ἐπειδὴ
1893 4241 1922 4293 6

334 4325 554 4395 Tibqéx
583 4325 677 4377 106
710 4325 844 4378 Θεοῦ
875 4326 1044 4393 ἐστι,ι
1078 4327 1360 4394 λέγουσαν,
1399 4328 1563 4393 «ίδιος
1601 4330 1703 4399 τῆς
1731 4331 1923 4396 οὐσία-ς

330 4416 503 4472 αὐτοῦ
536 4419 673 4482 ἐστι,
705 4436 724 4469 ι
762 4417 840 4488 τῷ
873 4418 996 4473 καθ’
1031 4419 1213 4503 ἡμῶν,
1269 4420 1474 4490 μᾶλλον
1535 4420 1594 4474 δὲ
1626 4425 1768 4477 κατὰ
1819 4425 1920 4495 τῆς

326 4509 594 4579 ἀληθείας
644 4510 1018 4581 σχεδιασθέντι
1073 4529 1156 4566 σοι
1218 4513 1375 4599 τόμῳ
1447 4515 1916 4586 συμπεριέλαὸες.

2005 645 2234 701 naturae,
2262 646 2315 691 et
2340 651 2406 692 ex
2433 635 2597 692 Patre
2637 635 2923 707 procedit,
2952 644 3007 691 et
3032 650 3138 691 nos
3189 649 3407 705 quoque
3440 635 3580 690 fate-

2008 727 2190 781 bimur
2221 744 2237 783 :
2270 726 2315 782 si
2359 742 2486 783 vero
2511 730 2656 800 quod
2686 743 2753 784 ex
2792 727 2935 783 Filio
2975 727 3354 783 exsistentiam
3391 726 3577 789 habet,

2009 824 2264 886 tanquam
2295 817 2670 889 blasphetnum
2696 819 2797 877 hoc
2820 827 2873 874 et
2900 820 3128 888 impium
3163 817 3497 890 rejicimus,»
3529 819 3585 874 in

2010 907 2095 960 sui
2131 908 2396 963 auxilium
2444 909 2533 965 hic
2562 910 2832 981 producit,
2871 910 3006 965 nihil
3028 924 3249 974 curans,
3277 908 3425 979 quod
3455 924 3585 964 ana-

2010 999 2239 1054 themati
2287 1001 2482 1056 tradita
2516 1011 2642 1056 sunt
2665 1001 2966 1073 (quomodo
2996 1002 3144 1057 enim
3186 1009 3426 1065 curaret,
3458 1015 3585 1056 cum

2010 1091 2155 1158 quod
2174 1106 2204 1144 a
2229 1092 2535 1148 canonibus
2548 1092 2709 1147 rebus
2726 1094 2901 1149 sacris
2922 1093 3148 1163 profane
3166 1108 3361 1147 manus
3384 1092 3590 1147 immit-

2011 1182 2252 1239 tentibus
2275 1183 2555 1255 inﬂigitur,
2574 1185 2799 1239 minime
2820 1185 3029 1253 timeat,
3053 1185 3241 1241 sceleri
3266 1183 3589 1253 astrictus?)

2013 1274 2424 1331 consideremus
2445 1293 2605 1345 quam
2632 1278 2686 1332 in
2712 1278 3017 1334 arundineo
3045 1278 3239 1332 barum
3261 1276 3592 1345 increpatio-

2012 1382 2143 1421 num
2174 1367 2367 1422 hacqu
2399 1368 2504 1424 sibi
2543 1369 2897 1426 atabilitatem
2921 1369 3191 1440 promittit
3222 1387 3237 1426 :
3285 1367 3595 1423 v'Theodo-

2013 1469 2190 1514 retum
2216 1501 2231 1525 ,
2265 1479 2284 1511 ι
2334 1462 2448 1526 ait,
2492 1482 2509 1514 ι
2546 1477 2668 1517 cum
2701 1463 2872 1532 probe
2902 1476 3025 1519 sese
3082 1463 3454 1532 increpantem
3488 1459 3593 1530 Cy-

2017 1550 2171 1604 rillus
2205 1554 2558 1621 agnovisset,
2591 1554 2794 1609 nullam
2832 1555 3003 1610 movit
3055 1554 3462 1609 contentionem
3485 1595 3501 1620 ,
3537 1565 3592 1607 et

2015 1642 2238 1698 silentio
2268 1646 2530 1713 praeteriit
2561 1688 2574 1713 ,
2610 1654 2799 1718 aperte
2830 1648 2933 1702 hoc
2969 1648 3218 1702 indicans
3245 1687 3259 1711 ,
3310 1661 3485 1716 neque
3536 1662 3596 1701 se

2017 1749 2114 1789 eos
2146 1773 2161 1799 ,
2196 1736 2290 1803 qui
2325 1738 2398 1792 ita
2448 1739 2810 1808 opinarentur
2866 1740 3179 1795 admittere.
3228 1739 3596 1815 Nihilominus

2018 1828 2300 1896 proprium
2346 1844 2471 1886 esse
2521 1830 2786 1900 Spiritum
2831 1830 2955 1886 Filii
2988 1831 3339 1888 vehementer
3367 1838 3598 1886 conatur

2016 1922 2331 1991 ostendere,
2363 1931 2418 1978 et
2451 1923 2581 1980 dicti
2623 1924 2709 1978 sui
2737 1933 2928 1981 testem
2978 1926 3204 1981 adducit
3250 1925 3598 1995 Apostolum,

2015 2021 2069 2068 et
2098 2014 2214 2069 ait:
2267 2013 2522 2071 Procedit
2577 2018 2724 2072 enim
2757 2033 2821 2072 ex
2877 2017 2986 2073 Deo
3038 2027 3091 2073 et
3143 2017 3305 2072 Patre
3358 2016 3598 2087 Spiritus

2018 2118 2245 2162 sanctus
2280 2108 2580 2164 secundum
2618 2109 2922 2165 Salvatoris
2959 2126 3173 2176 vocem,
3205 2116 3313 2164 n‘on
3348 2119 3431 2165 est
3464 2126 3593 2163 vero

2018 2199 2234 2255 alienus
2275 2215 2305 2254 a
2338 2199 2494 2258 Filio.
2532 2220 2551 2254 ι
2590 2200 2770 2273 Euge,
2799 2204 2945 2272 quod
3006 2203 3172 2273 probe
3219 2201 3406 2271 Cyrilli
3470 2217 3599 2269 apu-

2019 2290 2216 2360 logiam
2265 2303 2495 2348 sartam.
2531 2301 2734 2349 tectam
2781 2294 3143 2351 conservasti.
3203 2295 3268 2348 Et
3319 2295 3597 2362 quodnam

2018 2381 2167 2436 aliud
2205 2381 3012 2456 Theodoreti'increpationum
3054 2385 3441 2441 refutationem
3484 2402 3599 2437 Im;-

2021 2473 2130 2530 lius
2182 2474 2638 2533 confirmaverit?
2691 2479 2827 2533 Cum
2875 2479 3023 2534 enim
3064 2478 3445 2534 divinissimns
3499 2476 3600 2544 Cy-

2022 2565 2177 2621 rillus
2205 2566 2375 2623 dicit:
2437 2587 2456 2622 c
2489 2567 2567 2624 Ex
2603 2568 2713 2626 Deo
2744 2579 2798 2626 et
2835 2570 2997 2626 Patre
3044 2569 3315 2641 Spiritum
3350 2578 3598 2625 sanetum

2020 2659 2319 2726 procedere
2379 2662 2689 2718 secundum
2747 2660 3051 2719 Salvatoris
3111 2676 3337 2725 vocem,
3406 2681 3424 2713 ι
3507 2676 3602 2729 per

2024 2751 2417 2821 Evangelicum
2455 2754 2561 2810 hoc
2599 2755 2975 2811 testimonium
3029 2771 3095 2809 ex
3152 2752 3313 2809 Patre
3363 2753 3603 2823 Spiritus

2019 2841 2393 2898 exsistentiam
2425 2843 2661 2914 probat:
2693 2857 2819 2899 cum
2857 2858 2987 2899 Vero
3008 2883 3023 2908 ,
3062 2861 3081 2895 ι
3117 2840 3235 2896 Non
3269 2841 3483 2896 alienus
3516 2849 3603 2893 est

2022 2950 2051 2987 a
2085 2934 2251 2999 Filio,
2295 2955 2312 2983 ι
2349 2935 2653 3006 subnectit,
2686 2947 2739 2993 et
2767 2952 2834 2992 ex
2863 2937 3003 2993 Filio
3048 2952 3171 2994 esse
3207 2951 3332 2991 eum
3364 2935 3593 2990 demon-

2022 3036 2182 3082 strat.
2218 3027 2287 3083 Et
2319 3030 2371 3084 id
2404 3045 2511 3085 una
2564 3045 2782 3086 mecum
2832 3029 3134 3095 fatebitur,
3190 3027 3442 3099 quisquis
3482 3024 3603 3078 reli—

2025 3121 2153 3191 quis
2185 3120 2308 3177 aliis
2338 3123 2625 3177 veritatem
2651 3137 2984 3193 praeponens
3034 3124 3303 3176 rationem
3341 3135 3449 3174 non
3483 3119 3604 3183 inli-

2027 3215 2249 3282 ciatur,
2298 3216 2370 3273 ob
2415 3232 2584 3287 quam
2631 3217 2872 3289 Spiritus
2921 3218 3123 3273 dicitur
3176 3231 3299 3272 esse
3348 3214 3604 3286 proprius

2024 3305 2188 3373 Filii,
2222 3317 2279 3363 et
2309 3308 2357 3364 si
2412 3309 2494 3366 vis
2531 3319 2587 3366 tu
2617 3324 2869 3387 quoque,
2901 3309 3192 3391 quomodo
3207 3323 3339 3364 vero
3395 3316 3450 3360 tu
3515 3306 3603 3359 inv-

2022 3411 2228 3467 quam,
2267 3398 2581 3455 considera.
2639 3397 2782 3466 Quid
2838 3398 2936 3454 tibi
2969 3396 3217 3453 videtur?
3267 3393 3464 3465 qu:erit
3520 3408 3604 3447 se-

2023 3488 2270 3545 cundum
2305 3490 2795 3563 interrogationem
2825 3490 3002 3546 oratio
3034 3490 3393 3551 contendens,
3429 3483 3602 3540 ﬁrmi-

2023 3589 2189 3637 tatem
2240 3583 2444 3641 habere
2474 3625 2489 3651 ,
2544 3584 2714 3639 veluti
2763 3586 3133 3656 sumptionem
3181 3582 3470 3639 Athanasii
3512 3580 3597 3636 di-

2023 3680 2214 3738 ctum,
2272 3689 2387 3744 quo
2430 3674 2518 3730 ille
2544 3664 2675 3739 'ait,
2735 3694 2754 3727 ι
2794 3676 2955 3730 talem
3011 3675 3210 3730 habere
3260 3681 3512 3727 naturam
3552 3681 3607 3725 et

2025 3766 2277 3822 ordinem
2341 3764 2610 3836 Spiritum
2680 3782 2808 3837 erga
2864 3766 3099 3830 Filium,
3164 3766 3381 3837 qualem
3445 3765 3605 3819 habet

2026 3857 2201 3913 Filius
2240 3873 2368 3929 erga
2402 3856 2641 3915 Patrem.
2671 3879 2691 3912 ι
2754 3863 2834 3915 An
2867 3860 3011 3915 aliud
3061 3860 3189 3929 quid
3241 3858 3431 3913 dices?
3482 3855 3605 3911 Fir-

2026 3951 2273 4006 mitatem
2309 3952 2462 4009 dices
2495 3953 2720 4020 habere,
2754 3969 2876 4008 cum
2908 3954 3046 4008 nihil
3076 3953 3163 4008 hic
3198 3952 3425 4017 haheas,
3458 3952 3603 4020 quod

2024 4050 2132 4097 tua:
2166 4043 2471 4100 curiositati
2502 4044 2831 4101 satisfaciat.
2877 4045 2935 4102 Si
2978 4046 3164 4118 itaque
3195 4046 3401 4101 dictum
3435 4046 3606 4100 lirmi-

2026 4142 2187 4188 tatem
2232 4135 2436 4192 habere
2464 4152 2691 4194 necesse
2716 4147 2843 4206 est,
2894 4139 2940 4195 si
2980 4139 3242 4194 memoria
3278 4148 3328 4193 te
3360 4154 3470 4193 non
3502 4137 3604 4192 fal-

2025 4225 2123 4293 lit,
2154 4227 2355 4281 iterum
2409 4244 2440 4284 a
2495 4238 2549 4284 te
2597 4230 2777 4285 oratio
2832 4230 3074 4301 requiret
3116 4230 3262 4285 aliud
3314 4231 3605 4285 Athanasii

2024 4317 2266 4385 dictum,
2301 4333 2597 4376 asserens:
2662 4339 2680 4373 ι
2718 4321 2952 4388 Quando
3002 4321 3177 4377 Filius
3221 4336 3288 4376 ex
3340 4321 3447 4376 Deo
3498 4331 3601 4385 est,

2026 4411 2285 4482 proprius
2320 4422 2403 4467 est
2432 4413 2688 4470 essentia
2717 4414 2864 4470 illius
2888 4453 2904 4479 ,
2947 4432 2966 4463 ι
3007 4414 3149 4483 quod
3187 4422 3279 4467 tuo
3313 4414 3603 4468 adversum

2024 4517 2155 4569 nos,
2187 4503 2370 4572 potius
2406 4519 2536 4560 vero
2587 4512 2776 4559 contra
2816 4504 3106 4560 veritatem
3142 4514 3344 4559 temere
3377 4508 3602 4559 concin-

333 4604 450 4656 Καὶ
478 4602 525 4654 εί
557 4603 632 4674 μὴ
683 4604 1070 4674 ὁμολογήσεις,
1102 4596 1305 4661 αὐτίκα.
1354 4606 1504 4678 μάλα
1541 4610 1569 4662 6
1613 4609 1781 4678 τόμος
1820 4611 1913 4680 ἐμ-

2028 4601 2156 4648 nato
2223 4604 2372 4650 Iomo
2420 4596 2908 4667 comprehendisti.
2967 4596 3032 4652 Et
3077 4598 3135 4652 si
3157 4597 3209 4652 id
3242 4614 3349 4651 non
3387 4613 3600 4652 annue-

329 4694 695 4762 φανιζόμενος
722 4695 1013 4764 ἁπελέγξει
1046 4711 1107 4748 σε
1129 4711 1144 4726 ο
1177 4699 1270 4750 καὶ
1299 4698 1489 4753 σκόπει
1520 4699 1705 4754 λοιπὸν
1737 4701 1919 4770 ἀπάρ-

332 4803 409 4846 τι,
438 4785 486 4836 εί
516 4784 590 4857 μή
614 4784 675 4838 16
721 4785 787 4838 ἐκ
811 4783 907 4838 106
940 4783 1075 4838 Υίοῦ
1112 4781 1250 4840 εἶναι
1283 4787 1343 4842 τὸ
1382 4789 1605 4860 Πνεῦμα
1633 4790 1917 4863 συνίστησι

328 4874 627 4945 Κύριλλος,
686 4895 705 4928 ι
736 4875 1137 4948 ἐκπορεύεσθαι
1178 4879 1279 4947 μὲν
1329 4879 1394 4933 ἐκ
1418 4881 1634 4952 Πατρδς
1670 4901 1688 4934 ι
1744 4883 1919 4953 λέγων

334 4986 357 5018 ο
399 4968 548 5033 αὐτό,
575 4969 635 5023 οὐ
671 4969 854 5038 μέντοι
880 4986 944 5038 γε
969 4969 1252 5041 ἀλλότριον
1289 4965 1429 5024 εἶναι
1460 4973 1555 5025 τοῦ
1584 4973 1750 5043 Υίοῦ;
1796 4995 1815 5029 ι
1855 4977 1917 5030 Et

324 5063 445 5130 γὰρ
476 5061 610 5114 διότι
633 5064 697 5115 ἐκ
728 5061 823 5115 τοῦ
852 5061 986 5115 Θεοῦ
1024 5065 1174 5117 ἐστιν
1212 5064 1240 5115 6
1276 5062 1418 5128 Υίὸς,
1449 5065 1546 5117 καὶ
1603 5068 1919 5135 μνημόνευε

327 5157 433 5223 τῆς
464 5155 584 5208 κατ’
625 5153 947 5209 Ἀθανάσιον
974 5153 1082 5207 τῶν
1107 5154 1418 5224 προσώπων
1462 5156 1780 5225 ἀναλογίας,
1828 5159 1917 5214 διὰ

326 5246 494 5300 τοῦτο
521 5245 652 5309 ἴδιος
698 5246 797 5315 τῆς
826 5232 1017 5309 οὐσίας
1037 5244 1207 5300 αὐτοῦ
1242 5246 1378 5312 ἐστι,
1413 5236 1497 5309 τίς
1528 5245 1685 5301 ἔσται
1734 5250 1762 5301 6
1797 5250 1919 5303 πεί-

331 5339 446 5392 Θων
469 5337 627 5407 λόγος
658 5338 734 5408 μὴ
757 5337 853 5391 καὶ
899 5337 991 5390 τὸν
1033 5337 1177 5390 Θεῖον
1223 5341 1451 5409 φρονεῖν
1477 5339 1751 5410 Κύριλλον
1783 5342 1916 5396 ἴδιον

329 5432 435 5501 τῆς
465 5430 561 5485 τοῦ
596 5431 726 5484 Υίοῦ
749 5432 809 5485 τὸ
839 5430 1070 5500 Πνεῦμα
1105 5430 1318 5497 οὐσίας,
1359 5432 1546 5504 ἐπειδὴ
1569 5433 1633 5485 ἐκ
1662 5433 1756 5487 τοῦ
1781 5435 1914 5489 Υίοῦ

331 5524 490 5587 ἐστις
519 5522 592 5575 T6
620 5521 711 5574 τὸν
739 5519 866 5574 Υίὸν
902 5520 1030 5573 ίδιον
1055 5520 1155 5591 τῆς
1182 5518 1278 5572 τοῦ
1312 5519 1529 5590 Πατρδς
1553 5517 1695 5586 εἶναι
1723 5518 1915 5587 οὐσίας

329 5613 409 5671 ὡς
445 5611 713 5682 ἑπόμενον
747 5610 1035 5681 ἡγουμένῳ
1067 5608 1147 5680 τῷ
1195 5610 1261 5664 ἐκ
1308 5610 1525 5679 Πατρός
1572 5611 1739 5666 αὐτὸν
1771 5611 1914 5667 εἷναι

346 5702 670 5767 Ἀθανόισιος
704 5703 910 5772 τίθησι.
967 5701 1072 5756 Καὶ
1129 5700 1195 5755 σὺ
1252 5702 1315 5754 16
1365 5700 1593 5773 Πνεῦμα
1629 5702 1760 5757 ἴδιον
1814 5704 1915 5775 τῆς

332 5793 432 5847 τοῦ
484 5792 613 5846 Υἱοῦ
662 5788 802 5848 εἶναι
859 5792 1047 5857 οὐσίας
1080 5791 1386 5863 ὁμολογῶν,
1445 5794 1538 5846 καὶ
1560 5791 1705 5847 οὓτω
1732 5785 1913 5860 διδοὺς

333 5889 396 5940 τὸ
444 5885 726 5965 ἑπόμενον,
754 5881 901 5963 θείτα
930 5884 1226 5965 16136136
1276 5884 1604 5956 ἡγούμενον,
1640 5887 1699 5941 16
1725 5890 1789 5945 ἐκ
1817 5888 1911 5947 τοῦ

980 5959 1187 5968 MO...

2028 4686 2102 4740 ris
2124 4726 2140 4751 ,
2175 4689 2361 4743 statim
2414 4698 2599 4744 tomus
2634 4689 2687 4743 in
2722 4689 2905 4744 medio
2952 4689 3255 4760 productus
3288 4690 3499 4745 evincet
3530 4700 3601 4756 te,

2023 4786 2080 4831 et
2128 4778 2245 4847 jam
2299 4779 2585 4835 considera
2640 4794 2825 4836 annon
2880 4796 2943 4836 ex
2996 4779 3141 4836 Filio
3178 4798 3301 4837 esse
3338 4782 3602 4853 Spiritum

2022 4870 2263 4942 Cyrillus
2310 4873 2665 4943 comprobat:
2709 4892 2727 4925 ι
2759 4872 3060 4930 Procedere
3094 4876 3314 4945 quidem
3349 4876 3500 4931 illum
3536 4891 3603 4934 ex

2024 4963 2185 5019 Patre
2213 5004 2228 5029 ,
2284 4982 2303 5015 ι
2341 4979 2448 5019 non
2503 4980 2630 5019 vero
2661 4981 2785 5020 eum
2840 4966 3077 5021 alienum
3128 4983 3252 5022 esse
3292 4984 3322 5023 a
3369 4968 3596 5025 Filioh

2023 5055 2157 5110 Nam
2190 5057 2271 5124 si,
2306 5058 2454 5127 quod
2491 5072 2558 5113 ex
2594 5059 2702 5113 Deo
2749 5058 2924 5116 Filius
2953 5069 3037 5115 est
3061 5102 3077 5128 ,
3110 5070 3167 5116 et
3210 5063 3477 5116 memoria
3517 5078 3605 5117 re-

2020 5147 2140 5201 cole
2166 5148 2596 5202 Athanasianam
2629 5164 2989 5218 personarum
3021 5156 3453 5225 proportionem,
3486 5171 3604 5225 pro-

2022 5246 2210 5306 pterea
2275 5237 2531 5307 proprius
2590 5238 2741 5296 illius
2795 5245 3063 5299 essentiw
3105 5252 3228 5308 est,
3284 5257 3404 5314 qum
3463 5245 3603 5301 ratio

2025 5328 2364 5398 persuaserit
2431 5330 2679 5385 divinum
2735 5333 3003 5405 Cyrillum
3060 5353 3168 5392 non
3223 5349 3407 5393 tenere
3475 5353 3606 5409 pro-

2019 5421 2198 5492 prium
2247 5437 2370 5478 esse
2427 5423 2695 5493 Spiritum
2749 5426 3005 5483 essentiae
3058 5429 3221 5495 Filii,
3270 5431 3492 5503 quando
3527 5447 3594 5488 ex

2018 5514 2158 5570 Filio
2189 5515 2305 5570 est?
2333 5513 2533 5570 Filium
2562 5517 2845 5587 proprium
2879 5533 3000 5574 esse
3034 5530 3275 5589 paternae
3307 5524 3587 5591 essentiae,

2018 5609 2098 5664 uti
2129 5609 2475 5680 subsequens
2512 5610 2886 5665 antecedentis
2912 5651 2930 5676 ,
2979 5625 3043 5665 ex
3083 5612 3243 5668 Patre
3281 5629 3410 5669 eum
3452 5630 3595 5682 esse,

2021 5700 2355 5756 Athanasius
2382 5700 2557 5772 ponit.
2618 5698 2685 5756 Et
2739 5711 2805 5756 tu-
2833 5700 3096 5771 Spiritum
3145 5706 3424 5774 proprium
3466 5705 3613 5763 Filii.

2020 5791 2287 5848 essentia}
2324 5806 2584 5848 asserens
2607 5830 2624 5859 ,
2671 5801 2725 5847 et
2755 5791 2839 5848 sic
2869 5793 3202 5851 concedens.
3229 5795 3594 5870 subsequens.

2018 5885 2367 5960 postmodum
2425 5886 2573 5942 illius
2646 5889 3007 5958 antecedens,
3064 5907 3126 5946 ex
3205 5890 3342 5947 Filio
3401 5908 3596 5962 nempe
