3962 6404
389 395 495 460 915

1419 398 1638 461 ΙΟΑΝ.
1677 396 1890 459 VECCI
1935 395 2046 454 (ΣΡ.
2093 389 2606 453 PATRIAHCHE

2021 229 2060 254 κ

3549 381 3666 448 916

387 522 512 563 esse
559 506 712 562 illum
739 545 754 571 ,
809 505 991 560 tollis?
1034 504 1242 583 Quodsi
1270 513 1326 561 et
1363 503 1416 561 in
1450 505 1558 561 illis
1591 506 1756 560 etiam
1791 503 1958 558 velle-

2075 502 2196 554 1⁸ίοῦ
2221 497 2623 572 δηλονότιεῖναι
2657 497 2810 566 αὐτὸ,
2843 497 3054 568 ἀφαιρῇ
3078 513 3095 560 ;
3119 494 3184 550 ΕΞ
3218 495 3277 550 δὲ
3304 493 3402 550 καὶ⁵
3429 495 3488 549 ἰν
3517 494 3670 549 ὲκεί-

389 614 514 654 mus
571 607 623 653 te
695 596 944 654 refellere
1001 599 1202 668 quibus
1258 599 1532 665 decernis,
1602 619 1620 652 ι
1675 597 1964 668 Proprium

394 704 518 743 esse
565 687 745 742 Patris
795 687 1065 756 Spiritum
1124 699 1382 759 tanquam
1416 688 1510 760 qui
1542 704 1608 744 ex
1639 704 1706 744 eo
1750 699 1872 753 est,
1914 695 1968 741 et

387 779 912 846 consubstantialis;
956 777 1081 833 Filii
1116 795 1247 835 vero
1277 781 1422 850 quod
1452 796 1517 836 ex
1565 795 1632 835 eo
1667 780 1816 834 nullo
1847 794 1965 833 mo-

383 871 488 932 do,
547 870 642 925 sed
691 870 834 940 quod
889 871 1417 937 consubsta—ntialis,
1467 892 1486 925 ι
1550 872 1679 942 quid
1726 871 1790 926 ad
1849 871 1966 924 haec

390 963 794 1032 respondebis?
851 965 1141 1030 Quomodo
1216 981 1323 1021 non
1386 966 1620 1020 horres?
1679 963 1964 1032 Quomodo

383 1072 490 1109 non
549 1057 910 1124 consideras,
981 1073 1171 1128 pmnas
1227 1069 1278 1114 te
1339 1059 1448 1112 Deo
1501 1059 1794 1126 daturum,
1831 1059 1960 1112 dum

377 1147 760 1208 divisiones,et
805 1149 1294 1205 determinationes
1345 1166 1412 1206 ex
1466 1151 1699 1220 propriis
1740 1150 1798 1204 in
1855 1149 1962 1204 Pa-

381 1249 526 1292 trum
575 1239 928 1310 dogmatibus
961 1242 1068 1299 illis
1099 1244 1347 1313 apprime
1384 1244 1696 1298 contrarias
1731 1247 1962 1302 commi-

383 1348 396 1388 ι
425 1348 632 1387 ISCCI'IS.

453 1423 541 1477 lli.
577 1425 687 1494 Age
739 1439 891 1492 vero,
935 1428 1176 1494 auditor,
1209 1427 1276 1483 ad
1310 1428 1708 1499 expositionem
1768 1443 1962 1498 prava-

381 1529 502 1568 rum
530 1515 1042 1586 interpretationtim
1089 1521 1436 1584 accedamus,
1479 1537 1620 1594 quas
1667 1521 1962 1578 admirabi-

381 1605 448 1660 lis
467 1607 571 1662 iste
585 1608 949 1678 philosophus
978 1611 1048 1666 ad
1075 1611 1220 1666 dicta
1238 1611 1468 1681 Nysseni
1494 1613 1560 1669 ad
1581 1613 1871 1669 Ablabium
1891 1628 1957 1668 ex

375 1697 607 1754 cerebro
637 1699 867 1769 profert.
896 1702 1146 1774 Namque
1167 1705 1257 1762 hic
1277 1706 1557 1774 praevertit
1582 1706 1884 1769 veritatem,
1907 1713 1960 1760 et

375 1796 574 1854 putans
623 1805 722 1846 nos
767 1806 960 1847 omnes
1003 1795 1164 1864 quasi
1213 1811 1408 1851 somno
1463 1789 1792 1866 Oppressos,
1841 1811 1956 1851 rem

376 1893 483 1932 non
525 1893 684 1947 posse
726 1895 964 1954 capere,
1013 1884 1221 1954 profert
1278 1902 1402 1953 quae
1447 1886 1654 1958 profert
1697 1897 1792 1942 :tu
1827 1901 1956 1943 vero

374 1980 600 2039 attente,
647 1989 831 2029 annon
902 1976 1046 2030 male
1113 1977 1204 2032 ille
1271 1989 1548 2049 peragat,
1612 1979 1956 2034 considera:

377 2083 396 2115 ι
436 2060 551 2120 Non
592 2075 678 2122 est
729 2069 1094 2138 propositum,
1134 2087 1151 2120 ι
1217 2069 1316 2133 ait,
1367 2087 1386 2120 ι
1433 2067 1684 2135 Nysseno
1739 2068 1958 2125 Patrem

383 2159 744 2224 t-rocessione
781 2159 1022 2228 Spir-itus
1072 2161 1347 2231 spoliare:
1401 2163 1664 2232 spoliaret
1708 2179 1838 2219 vero
1864 2203 1880 2229 ,
1915 2163 1963 2220 si

375 2265 495 2304 rum
528 2251 579 2304 in
627 2251 825 2306 Filium
859 2253 1203 2322 immutaret,
1259 2255 1705 2311 immutationem
1733 2273 1962 2324 vocans,

375 2345 418 2395 si
455 2343 606 2405 illud,
639 2344 781 2412 quod
813 2361 911 2413 per
933 2346 1250 2416 contiguum
1280 2349 1523 2404 estnihil
1551 2349 1767 2406 tlitferre
1790 2350 1964 2412 abeo.

377 2437 528 2506 quod
582 2452 646 2492 ex
683 2425 946 2510 contigua
979 2440 1551 2512 est,,intelligeretur.
1584 2461 1604 2494 ι
1657 2441 1772 2512 Ego
1802 2455 1966 2512 porro

377 2529 584 2584 nullam
621 2545 747 2589 reor
777 2545 902 2588 esse
931 2531 1227 2600 rationem,
1275 2549 1398 2603 quae
1427 2544 1586 2605 cogat
1623 2533 1828 2591 inferre
1858 2535 1962 2590 Pa-

376 2621 474 2676 tris
499 2632 554 2676 et
575 2622 696 2678 Filii
731 2625 784 2679 in
811 2623 1049 2695 Spiritus
1080 2641 1378 2697 progressu
1401 2627 1757 2690 divisionem,
1791 2628 1968 2682 donec

383 2713 514 2770 mihi
555 2715 859 2781 Scriptura:
892 2721 1245 2790 persuadent,
1283 2719 1550 2790 quidquid
1582 2735 1648 2774 ex
1685 2718 1844 2774 Patre
1871 2735 1967 2788 per

378 2802 575 2860 Filium
603 2807 828 2871 dicitur,
862 2811 940 2864 uti
977 2825 1043 2866 ex
1078 2825 1188 2864 uno
1227 2809 1340 2864 Deo
1370 2825 1492 2865 esse
1532 2819 1588 2864 et
1617 2810 1750 2864 dici.
1796 2829 1814 2863 ι
1859 2810 1966 2867 Sed

377 2915 444 2954 ex
475 2897 637 2964 Filio,
671 2919 690 2952 ›
728 2901 825 2966 ait,
862 2921 882 2954 ι
909 2902 1153 2972 Spiritus
1187 2901 1511 2971 procedens,
1539 2917 1604 2956 ex
1633 2904 1791 2958 Patre
1831 2921 1970 2959 nun-

285 3070 298 3079 _
379 3003 547 3054 quam
575 2992 931 3059 processerit,
967 2991 1064 3046 sed
1094 2992 1277 3062 potius
1303 3001 1680 3061 generaretur,
1723 2994 1769 3050 si
1799 3005 1851 3049 et
1882 2993 1972 3049 Fi-

379 3080 509 3139 lius.
555 3097 622 3137 ex
668 3099 780 3154 quo
829 3083 1094 3155 Spiritus,
1137 3102 1202 3139 ex
1253 3086 1417 3141 Patre
1465 3097 1779 3155 generatur.
1820 3106 1840 3139 ι
1906 3090 1970 3143 Et

2071 613 2184 660 νοις
2199 593 2554 650 ἐπιλαϐέσθαι
2577 611 2672 647 σου
2701 593 3004 662 θελήσομεν
3033 592 3091 644 ὲν
3117 583 3198 652 οἷς
3220 587 3420 658 λέγεις,
3449 605 3468 640 ι
3497 587 3670 642 Ἷδιον

2073 691 2172 760 μὲν
2205 688 2298 742 τοῦ
2339 687 2554 757 Πατρδς
2586 683 2724 741 εἶναι
2773 685 2834 738 τὸ
2876 681 3104 752 Πνεῦμα
3133 721 3150 746 ,
3203 682 3278 746 ὡς
3309 680 3526 734 ἐκεῖθεν
3555 679 3665 732 καὶ

2067 781 2376 851 ὁμοούσιον,
2410 780 2504 834 τοῦ
2533 778 2664 833 Υἱοῦ
2695 778 2774 843 δὲ,
2807 778 2890 830 ὅτι
2918 775 3128 829 ἐκεῖθεν
3161 773 3261 842 μὲν
3285 771 3565 842 οὐδαμῶς,
3584 772 3678 824 ὅτι

2066 869 2122 924 δὲ
2151 869 2463 939 ὁμοούσιον,
2499 887 2518 920 ι
2562 867 2614 922 τί
2667 867 2762 922 καὶ
2812 867 2948 936 πρὸς
2995 865 3170 918 ταῦτα
3216 866 3396 936 ipsR;
3441 861 3567 924 Πῶς
3604 863 3678 913 οὐ

2068 964 2314 1032 φρίττεις
2335 979 2352 1031 ;
2373 962 2499 1024 Πῶς
2529 962 2628 1016 οὐκ
2669 963 2825 1029 έννοῇ
2858 960 3018 1023 δίκας
3047 957 3258 1026 ὑφέξων
3290 955 3410 1026 Θεῷ
3452 955 3542 1023 ἐφ’
3581 950 3678 1017 οἷς

2069 1054 2373 1124 μερισμοὺς
2419 1053 2516 1108 καὶ
2568 1051 2886 1123 διορισμοὺς
2939 1048 3152 1103 οἴκοθεν
3191 1047 3357 1110 αὐτδς
3407 1048 3499 1100 ἐπὶ
3554 1047 3683 1105 τοῖς

2066 1145 2174 1197 τῶν
2194 1144 2456 1217 Πατέρων
2501 1143 2739 1213 δόγμασι
2773 1141 2988 1214 πλάττῃ
3009 1182 3025 1205 ,
3061 1139 3198 1193 πολὺ
3234 1139 3334 1210 τὴν
3374 1139 3500 1191 κατ’
3521 1137 3684 1190 ὲκεί-

2066 1259 2170 1293 νων
2205 1238 2560 1308 ἐναντιότητα
2593 1236 2817 1306 ἔχοντας
2833 1252 2848 1298 ;

2138 1441 2221 1494 ιδ’.
2263 1436 2437 1511 Δεῦρο
2465 1437 2552 1508 δὴ,
2589 1429 2634 1490 ὦ
2661 1434 2930 1503 ἁκροατά,
2965 1434 3057 1486 καὶ
3089 1431 3189 1484 ἐπὶ
3225 1430 3324 1498 τὴν
3359 1427 3684 1491 ἀνάπτυξιν

2067 1531 2259 1603 τωμεν,
2273 1523 2348 1589 ὧν
2363 1531 2455 1582 ἐπὶ
2477 1531 2594 1591 ταῖς
2613 1525 3058 1596 πρθςἈϐλάόιον
3076 1523 3170 1576 τοῦ
3190 1522 3412 1591 Νύσσης
3439 1521 3681 1590 ῥήσεσιν

2061 1629 2091 1680 6
2121 1625 2422 1697 θαυμάσιος
2437 1613 2594 1684 οὗτος
2614 1620 2908 1690 φιλΰσοερος
2939 1615 3370 1689 παρεξηγήσεων
3403 1615 3679 1666 ποιεῖται.

2074 1718 2134 1772 '0
2162 1718 2259 1788 μὲν
2289 1715 2400 1785 γὰρ
2424 1711 2856 1783 παραλογίζεται
2881 1711 2980 1780 τὴν
3010 1709 3292 1777 ἀλήθειαν,
3313 1705 3458 1778 [καὶ]
3482 1709 3680 1774 016515-

2067 1826 2155 1873 νος
2171 1806 2305 1882 [ὅτι]
2329 1807 2515 1874 ὥσπερ
2535 1805 2703 1874 βαθὺς
2723 1804 2867 1870 ὑμᾶς
2884 1803 3095 1864 πάντας
3118 1801 3285 1863 ὕπνος
3304 1801 3559 1865 κατεῖχε,
3581 1797 3679 1850 λέ-

2067 1917 2155 1970 γει
2174 1899 2210 1954 ἃ
2229 1899 2408 1966 λέγει·
2451 1897 2608 1960 σὺδὲ,
2631 1897 2680 1948 εί
2727 1895 2802 1964 μὴ
2827 1891 3036 1955 κακῶς,
3077 1891 3291 1943 σκέπει.
3318 1889 3424 1942 «οὖ
3449 1889 3671 1947 σκοπός

2069 1991 2280 2061 ἔστιτῷ
2312 1989 2594 2058 Νύσσης,ι
2615 1987 2770 2056 φησὶ,
2809 2004 2822 2037 ι
2843 1985 2936 2037 τὸν
2957 1985 3176 2050 Πατέρα
3197 1982 3295 2052 τὴν
3324 1980 3669 2051 ὲκπὸρευσιν

2070 2083 2366 2156 ἀφελέσθαι
2396 2081 2490 2136 τοῦ
2521 2078 2658 2134 lived
2669 2095 2838 2146 ματος
2865 2091 2878 2108 ·
2912 2077 3206 2144 ἀφαιροῖτο
3231 2074 3278 2127 δ’
3313 2075 3380 2127 ἂν
3408 2075 3490 2136 εἰς
3535 2072 3677 2125 Υἱδν

2069 2179 2277 2248 ταύτην
2320 2173 2768 2245 μετατιθέμενοε-
2825 2167 3120 2238 μετάθεσιν
3168 2167 3478 2235 ὀνομάζων,
3517 2165 3573 2218 εἰ
3614 2167 3682 2218 τ’)

2069 2272 2161 2326 διὰ
2189 2267 2284 2324 τοῦ
2311 2265 2596 2338 προσεχῶς
2629 2264 2797 2334 μηδὲν
2825 2261 3110 2330 διαφέρειν
3141 2259 3234 2313 τοῦ
3355 2257 3450 2310 τοῦ
3479 2274 3677 2328 προσι-

2070 2363 2210 2436 εχῶς
2252 2361 2512 2430 κρίνοιτο.
2569 2377 2587 2409 ι
2681 2355 2822 2423 Ἐγὼ
2867 2354 2923 2407 δὲ
2957 2352 3166 2421 μηδένα
3200 2347 3356 2421 οἶμαι
3389 2349 3681 2403 διενίστα-

2073 2455 2199 2510 σθαι
2237 2454 2397 2520 λόγον
2445 2450 2536 2505 τὸν
2563 2447 2828 2518 διαίρεσιν
2869 2444 3080 2514 Harpe;
3137 2445 3229 2496 καὶ
3273 2441 3404 2495 Tia-5
3455 2441 3552 2493 ἐπὶ
3609 2443 3685 2512 τῇ

2069 2547 2167 2604 τοῦ
2229 2547 2552 2614 Πνεῦματος
2609 2537 2825 2610 προόδι»
2889 2537 3254 2606 συστήσοντα,
3309 2533 3424 2586 ἐστ’
3481 2533 3553 2587 ἄν
3611 2549 3689 2600 με

2074 2637 2338 2694 πείθωσιν
2373 2637 2432 2689 αἱ
2466 2633 2714 2704 Γραφαὶ,
2746 2631 2856 2683 πᾶν
2900 2627 2956 2680 εἴ
2981 2644 3036 2680 τι
3077 2629 3142 2679 ἐκ
3189 2626 3401 2696 Πατρὺς
3437 2625 3506 2679 δι’
3533 2625 3688 2678 Υἱοῦ

2073 2733 2314 2802 λέγεται,
2333 2729 2412 2792 ὡς
2441 2727 2501 2793 ἐξ
2537 2725 2657 2791 ἑνὸς
2695 2723 2832 2779 Θεοῦ
2861 2719 3004 2776 εἶναι
3031 2721 3125 2776 καὶ
3155 2719 3431 2786 λέγεσθαι.
3466 2736 3487 2770 ι
3522 2719 3689 2772 Ἀλλ’

2074 2831 2140 2882 ὲκ
2167 2823 2260 2880 τοῦ
2310 2817 2466 2883 Υίοῦ,
2501 2839 2521 2872 ι
2568 2817 2729 2889 φησι,
2771 2835 2790 2869 ι
2851 2815 2910 2868 τὸ
2959 2813 3186 2882 Πνεῦμα
3219 2811 3695 2880 ἐκπορευόμενον

2075 2922 2140 2975 ὲκ
2189 2916 2286 2972 τοῦ
2347 2913 2561 2984 Πατρὺς
2608 2910 2712 2964 οὐκ
2750 2909 2817 2964 ἂν
2877 2909 3264 2977 ἐκπορεύοιτο,
3315 2904 3560 2975 γεννῷτο
3622 2905 3694 2958 δὲ

2080 3012 2306 3083 μᾶλλον,
2339 3009 2501 3078 εἴπερ
2531 3005 2629 3060 καὶ
2653 3007 2682 3057 ὀ
2712 3003 2842 3066 Υίδς
2877 3001 2940 3066 ἐξ
2969 2994 3030 3054 οὗ
3073 3001 3134 3054 τὸ
3170 2997 3416 3069 Πνεῦμα,
3457 2999 3522 3052 ὲκ
3574 3000 3697 3052 τοῦ

2080 3105 2299 3176 [la-cpit;
2322 3100 2605 3170 γεννητός.
2641 3115 2660 3149 ι
2698 3097 2812 3151 Καὶ
2839 3094 2942 3149 οὐκ
2987 3087 3106 3148 οἶδα
3143 3092 3198 3146 τί
3248 3093 3387 3161 πρὸς
3410 3092 3510 3159 τὴν
3535 3092 3698 3160 ἁλή-

381 3175 625 3231 nondum
676 3177 946 3248 intelligo,
987 3177 1119 3248 quid
1171 3179 1238 3234 ad
1285 3179 1566 3236 veritatem
1602 3181 1704 3237 ista
1736 3181 1958 3240 faciant.

2075 3175 2217 3257 θειαν
2259 3193 2456 3250 ταῦτα.
2492 3192 2560 3246 Τί
2598 3189 2710 3260 γὰρ
2753 3186 2954 3242 κωλύει
2997 3185 3094 3240 καὶ
3161 3185 3311 3255 ἡμᾶς
3337 3186 3690 3251 ἀντεπενεγ-

383 3272 520 3338 Quid
553 3274 699 3328 enim
760 3274 984 3344 impedit
1035 3291 1134 3331 nos
1159 3285 1354 3331 contra
1399 3273 1704 3334 referentes
1736 3277 1959 3340 dicere:

384 3371 393 3412 :
427 3375 448 3418 t
473 3365 522 3420 si
560 3381 656 3434 per
684 3365 883 3420 Filium
914 3368 1184 3436 procedit,
1229 3383 1336 3424 non
1378 3385 1446 3424 ex
1481 3367 1646 3425 Patre
1676 3384 1966 3440 processe—

2067 3290 2268 3350 κόντας
2329 3285 2508 3338 εἰπεῖν
2534 3296 2547 3310 ·
2595 3280 2707 3334 Καὶ
2750 3279 2800 3332 εί
2849 3277 2919 3331 δι’
2965 3275 3098 3331 Υίοῦ
3133 3276 3532 3346 ἐκπορεύεται.
3560 3276 3685 3328 οὐκ

2067 3382 2134 3438 ἂν
2165 3383 2228 3434 ἑκ
2253 3376 2350 3432 τοῦ
2378 3373 2598 3445 Πατρδς
2629 3369 3008 3442 ὲκπορεΰοιτο.
3041 3367 3286 3451 γεννῷτο
3319 3367 3378 3420 δὲ
3415 3366 3636 3436 μᾶλλον
3669 3387 3687 3432 ;

381 3459 474 3524 tit,
504 3458 824 3528 sed'potius
875 3460 1272 3530 generaretur?
1301 3469 1359 3514 ut
1389 3461 1471 3516 sic
1511 3472 1661 3516 tuam
1693 3462 1962 3518 adversus

2075 3473 2142 3537 ὥς
2169 3473 2236 3526 ἂν
2255 3469 2408 3524 οὕτω
2429 3466 2525 3530 τὰς
2569 3463 2712 3519 κατά
2744 3462 2840 3516 τοῦ
2870 3464 3118 3524 εἰπόντος
3158 3462 3376 3529 Πατρδς
3423 3460 3526 3533 τὴν
3561 3460 3684 3516 διὰ

383 3551 600 3603 Patrem
648 3548 984 3604 asSerentem
1041 3568 1061 3601 ι
1116 3549 1398 3620 per.illud
1441 3549 1588 3619 quod
1641 3548 1964 3617 contiguum

378 3653 482 3706 est,
523 3661 542 3694 ι
586 3643 986 3713 impudentiam
1025 3651 1524 3714 reprtesentemus;
1567 3649 1662 3696 aut
1704 3639 1882 3696 Patris
1913 3650 1968 3697 et

380 3735 502 3790 Filii
535 3735 879 3796 divisionem.
907 3737 1000 3792 illa
1031 3737 1272 3793 dictione
1305 3754 1323 3788 ι
1359 3751 1454 3806 per
1492 3735 1626 3790 illud
1655 3734 1801 3804 quod
1827 3750 1965 3790 con-

380 3827 591 3899 tiguum
619 3839 721 3892 est,
765 3849 781 3880 ι
821 3830 1063 3886 concede
1101 3836 1156 3882 et
1195 3843 1368 3883 novas
1392 3827 1558 3883 hasce
1581 3827 1971 3896 generationes

381 3919 698 3989 prodigiose
745 3921 1018 3992 continge,
1049 3930 1146 3974 aut
1175 3921 1220 3976 si
1265 3919 1526 3974 unionem
1558 3919 1850 3990 utriusque
1883 3918 1972 3974 di-

381 4015 493 4068 ctio
525 4029 618 4080 per
659 4011 863 4066 Filium
895 4009 1086 4074 infert,
1114 4009 1252 4063 nihil
1286 4010 1470 4064 minus
1506 4006 1672 4080 quam
1711 4025 1777 4064 ex
1811 4017 1972 4065 utro-

382 4121 488 4170 que
529 4106 631 4159 hoc
687 4101 953 4172 quidquid
1002 4110 1086 4155 est
1139 4099 1416 4155 affirmans
1467 4114 1590 4154 esse
1652 4108 1856 4154 temere
1909 4113 1973 4152 ac

383 4197 698 4267 prodigiose
721 4209 814 4247 eas
857 4203 915 4247 tu
967 4194 1234 4247 blateras.
1282 4193 1390 4246 Per
1449 4189 1650 4246 Filium
1687 4205 1760 4246 ex
1811 4189 1972 4243 Patre

385 4301 670 4346 causatum
731 4287 996 4358 Spiritum
1055 4293 1310 4342 sanctum
1367 4279 1642 4348 decernit,
1706 4294 1762 4339 et
1817 4297 1973 4338 norat

388 4381 677 4452 theologia:
741 4380 950 4434 effusus
997 4387 1052 4433 et
1088 4377 1502 4446 insuperabilis,
1534 4386 1596 4432 ut
1627 4376 1744 4446 ipse
1769 4375 1972 4445 opina-

386 4487 494 4539 tur,
533 4485 741 4535 orator,
799 4489 818 4523 ι
860 4470 919 4524 Si
964 4470 1018 4523 in
1059 4468 1298 4540 Spiritus
1349 4479 1663 4535 causatum,
1705 4487 1725 4520 ›
1770 4469 1970 4540 inquit.

2071 3563 2176 3620 τοῦ
2207 3558 2524 3632 προσεχῶς
2563 3555 2752 3628 φωνὴν
2793 3554 3187 3624 ἀναισχυντίας
3239 3571 3336 3607 σου
3379 3555 3689 3625 παραστή-

2071 3667 2275 3722 σωμεν.
2308 3650 2342 3722 ἢ
2377 3649 2646 3719 διαίρεσιν
2676 3645 2808 3698 Υἰοῦ
2855 3646 2948 3698 καὶ
2985 3645 3198 3715 Harpe;
3251 3644 3398 3702 κατά
3425 3645 3528 3715 τὴν
3566 3644 3685 3699 διὰ

2069 3747 2178 3802 τοῦ
2211 3743 2530 3816 προσεχῶς
2557 3740 2743 3813 φωνὴν
2773 3739 2885 3805 δὸς,
2917 3739 3016 3792 καὶ
3067 3741 3170 3802 τας
3222 3738 3421 3802 καινὰς
3454 3739 3683 3802 ταύτας

2071 3837 2422 3912 τερατολόγει
2451 3836 2740 3905 γεννήσεις
2763 3847 2780 3864 ·
2819 3831 2854 3904 ἢ
2898 3831 3059 3900 εἰπερ
3095 3829 3295 3882 ἕνωσιν
3326 3829 3680 3903 ἀμιφῡτὲρων

2073 3933 2107 4003 ἡ
2146 3931 2222 3986 δι’
2285 3928 2423 3984 Υἱοῦ
2462 3924 2620 3996 φωνὴ
2669 3923 2920 3985 δύναται,
2949 3921 3104 3976 οὐδὲν
3147 3916 3313 3992 ἧττον
3341 3923 3374 3990 ἢ
3400 3922 3528 3974 ὅσον
3571 3923 3680 3975 καὶ

2073 4023 2136 4088 ἐξ
2159 4023 2366 4093 ἀμφοῖν
2406 4017 2588 4072 αὐτῶν
2621 4016 2740 4070 τάδε
2769 4033 2824 4069 τι
2858 4014 3098 4082 λέγουσα
3143 4010 3313 4080 εἶναι,
3355 4013 3534 4083 μάτην
3569 4013 3678 4065 αὑ-

2074 4117 2174 4180 τὰς
2209 4133 2265 4168 τε
2278 4112 2610 4184 ρατολογεϊς.
2653 4107 2753 4161 Διά
2780 4107 2873 4162 τοῦ
2903 4107 3034 4160 Υἱοῦ
3065 4105 3312 4160 αίτιατδν
3337 4106 3400 4158 τὸ
3433 4105 3669 4174 Πνεῦμα

2075 4211 2142 4263 ἐκ
2170 4207 2265 4262 τοῦ
2298 4204 2516 4276 Πατρὸς
2547 4204 2576 4256 6
2615 4201 2810 4270 ’Ἄγιος
2853 4199 3134 4268 θεολὸγεί·
3172 4201 3271 4254 καὶ
3304 4197 3334 4250 6
3392 4199 3494 4268 τῆς
3532 4199 3675 4262 νέας

2077 4301 2356 4370 θεολογίας
2405 4296 2614 4360 πλατὺς
2668 4295 2763 4350 καὶ
2810 4293 3314 4360 ἀνανταγώνιστος.
3350 4291 3431 4351 ὡς
3469 4291 3669 4354 οἴεται,

2079 4395 2287 4466 ῥήτωρ,
2327 4410 2347 4443 ι
2379 4391 2444 4446 Ei
2474 4391 2552 4454 είς
2582 4387 2644 4444 τὸ
2679 4387 2774 4441 τοῦ
2825 4385 3148 4455 Πνεύματος
3195 4385 3468 4449 αἱτιατὸν,
3509 4404 3527 4436 ι
3563 4401 3675 4454 φη-

2078 4487 2187 4551 σἰν,
2229 4503 2248 4536 ι
2282 4486 2315 4554 ἡ
2354 4483 2440 4536 δά
2464 4479 2560 4534 τοῦ
2593 4471 3062 4549 προσεχῶςφωνὴ
3095 4476 3287 4540 τείνει,
3323 4475 3426 4528 οὐκ
3473 4475 3540 4528 ἂν
3575 4476 3665 4544 εἴη

391 4585 409 4616 ι
453 4567 620 4620 dictio
659 4579 758 4634 per
809 4563 968 4628 illud,
1015 4564 1160 4632 quod
1213 4562 1532 4634 contiguum
1579 4569 1684 4628 est,
1719 4561 1966 4632 re5picit.

2078 4577 2285 4649 κυρίως
2340 4576 2513 4637 αἴτιος
2537 4575 2565 4626 6
2604 4573 2794 4642 Πατήρ
2812 4589 2828 4621 9
2866 4572 2989 4624 ἐπεὶ
3014 4570 3076 4622 τό
3104 4586 3167 4638 γε
3196 4568 3324 4622 ἄλλο
3349 4586 3405 4621 τι
3433 4569 3544 4640 πρὸ
3568 4567 3663 4621 τοῦ

386 4675 495 4714 non
522 4665 668 4713 esset
702 4656 920 4726 proprie
969 4670 1136 4711 causa
1175 4655 1376 4722 Pater;
1431 4669 1560 4710 cum
1614 4653 1764 4709 aliud
1817 4653 1976 4724 quid-

386 4753 530 4819 piam
567 4759 692 4803 ante
716 4747 936 4802 Patrem
969 4763 1193 4803 causam
1220 4748 1452 4810 habens,
1485 4761 1594 4800 non
1637 4745 1693 4800 in
1735 4745 1887 4799 illum
1915 4752 1976 4798 ut

386 4849 442 4901 in
477 4842 696 4915 proprie
723 4858 943 4896 causam
975 4843 1295 4897 referretur.
1334 4857 1352 4891 ι
1395 4839 1463 4894 Et
1491 4853 1593 4892 nos
1625 4839 1845 4907 quidem
1887 4837 1972 4890 vi-

387 4937 662 5007 l-pendere
721 4934 1019 4998 existimat,
1065 4947 1172 4986 non
1235 4931 1384 4985 illum
1431 4929 1522 5000 qui
1586 4928 1760 4983 dixit:
1811 4945 1829 4980 ι
1871 4926 1977 4982 Per

388 5035 521 5092 illud
551 5033 695 5104 quod
729 5033 984 5101 contigue
1012 5039 1118 5093 est,
1141 5046 1159 5078 ι
1187 5043 1311 5081 cum
1341 5043 1449 5082 non
1481 5040 1704 5081 causam
1735 5023 1972 5088 Patrem,

386 5139 442 5184 ρι
491 5137 621 5182 ante
664 5124 880 5180 Patrem
931 5135 1154 5174 causam
1205 5118 1444 5186 Spiritus
1487 5115 1687 5172 Filium
1741 5115 1975 5174 demon-

383 5220 550 5278 strari
599 5233 666 5273 ex
717 5233 852 5272 voce
891 5217 997 5271 ista
1043 5212 1384 5280 comprobat.
1437 5210 1686 5281 Namque
1721 5211 1792 5278 si,
1826 5209 1973 5280 quod

390 5329 485 5377 per
521 5309 720 5366 Filium
753 5307 992 5377 Spiritus
1017 5321 1085 5360 ex
1111 5303 1271 5358 Patre
1297 5313 1380 5359 est
1407 5303 1757 5367 exsistentia,
1780 5318 1888 5356 non
1922 5303 1974 5354 in

391 5409 606 5463 Patrem
639 5403 716 5458 uti
751 5401 806 5455 in
849 5399 1072 5470 proprie
1113 5411 1336 5452 causam
1370 5396 1460 5453 illa
1491 5395 1790 5451 referretur
1821 5409 1836 5448 :
1875 5393 1974 5448 etsi

395 5505 678 5568 propterea
737 5509 904 5573 causa
957 5491 1194 5562 Spiritus
1241 5489 1414 5546 Filius
1467 5501 1596 5545 ante
1627 5489 1844 5545 Patrem
1886 5501 1978 5540 ro-

397 5574 702 5648 tuta‘retur.
756 5602 932 5655 neque
976 5583 1344 5656 suppeditatio
1391 5591 1448 5639 et
1477 5583 1629 5636 datio
1655 5581 1893 5651 Spiritus
1924 5582 1978 5636 in

395 5681 611 5734 Patrem
644 5678 719 5732 uti
757 5681 979 5749 proprie
1009 5690 1230 5732 causam
1257 5673 1556 5730 referretur
1583 5689 1599 5727 :
1634 5687 1809 5742 neque
1834 5672 1979 5727 enim

397 5769 514 5824 lz-zec
541 5783 761 5839 quoque
811 5785 908 5841 per
949 5765 1151 5822 Filium
1181 5783 1306 5824 esse
1344 5781 1520 5823 novus
1551 5765 1658 5822 iste
1690 5765 1981 5837 theologus

401 5861 752 5917 inficiabitur.
784 5865 894 5918 Aut
927 5864 1113 5934 itaque
1145 5877 1322 5934 neque
1351 5862 1549 5920 horum
1575 5861 1794 5932 proprie
1823 5860 1984 5920 Pater

2077 4671 2292 4740 Πατρδς
2323 4667 2446 4738 ἕχον
2480 4667 2656 4721 αἴτιον
2680 4666 2782 4718 οὐκ
2827 4663 2892 4718 ἂν
2930 4663 3010 4725 εἰς
3057 4663 3292 4727 ἐκεῖνον,
3329 4661 3408 4723 ὡς
3442 4663 3523 4723 εἰς
3569 4679 3640 4714 κν

2081 4755 2212 4825 ρίως
2261 4753 2452 4818 αἴτιον,
2486 4753 2841 4820 ἀναφέροιτο.
2903 4767 2922 4796 ι
2980 4749 3090 4802 Καὶ
3138 4749 3288 4818 ἡμᾶς
3349 4745 3669 4813 ἐξουθενοῧν

2075 4849 2248 4902 οἴεται
2279 4846 2340 4898 οὐ
2374 4845 2463 4899 τὸν
2501 4845 2562 4898 τὸ
2591 4843 2688 4898 διὰ
2722 4842 2827 4896 τοῦ
2859 4838 3180 4910 apem-‘16:;
3212 4839 3503 4910 είρηκότα,
3542 4838 3670 4891 ὅταν

2083 4940 2159 5010 μὴ
2181 4937 2386 5008 κυρίως
2426 4934 2600 4989 αἴτιον
2638 4935 2728 4989 τὸν
2767 4933 3016 5005 Πατέρα,
3057 4934 3154 4985 καὶ
3182 4931 3288 5002 πρὸ
3328 4931 3426 4984 τοῦ
3453 4929 3668 5000 Ila-:96;

2079 5031 2251 5084 αἴτιον
2297 5029 2394 5081 τοῦ
2431 5028 2754 5097 Πνεύματος
2784 5015 3201 5094 »ἀναφαίνεσθαι
3253 5023 3346 5077 τὸν
3388 5022 3520 5075 Υίδν
3560 5022 3669 5076 ἀπὸ

2078 5123 2178 5191 τῆς
2221 5119 2410 5190 φωνῆς
2451 5117 2658 5187 ταύτης
2711 5115 3139 5180 κατασκευάζει.
3179 5115 3241 5167 Εἰ
3281 5114 3394 5182 γάρ
3449 5113 3530 5166 ὅτι
3580 5111 3667 5162 δια

2081 5213 2177 5268 τοῦ
2218 5211 2349 5266 Υίοῦ
2381 5213 2414 5281 ἡ
2442 5209 2896 5280 τοῦΠνεὺματος
2929 5209 2994 5262 ἐκ
3029 5207 3246 5277 Πατρός
3298 5208 3452 5258 ἑστιν
3491 5203 3666 5271 ῦπαρ-

2082 5309 2185 5375 ξις,
2215 5305 2317 5360 οὐκ
2366 5305 2434 5360 ἂν
2469 5307 2548 5368 είς
2600 5303 2692 5356 τὸν
2737 5303 2962 5372 Πατέρα
3014 5299 3091 5363 ὡς
3147 5301 3228 5364 είς
3261 5299 3467 5369 κυρίως
3497 5297 3671 5348 atrio-ir

2081 5398 2408 5470 ἀναφέροιτο
2437 5396 2578 5466 αὕτη
2602 5411 2616 5426 ’
2647 5394 2746 5448 καὶ
2778 5395 2826 5448 εί
2857 5393 2946 5446 διὰ
2973 5392 3134 5446 τοῦτο
3165 5392 3342 5454 arcto;
3371 5390 3468 5443 τοῦ
3499 5387 3670 5442 Ilvati-

2087 5507 2254 5562 ματος
2283 5493 2310 5544 ὁ
2341 5489 2470 5552 Υἱὸς
2501 5487 2610 5556 πρὸ
2639 5486 2735 5540 τοῦ
2780 5485 2992 5554 Πατρδς
3024 5486 3290 5554 κρίνοιτο,
3323 5482 3434 5536 οὐδ’
3461 5482 3529 5536 ἂν
3559 5478 3669 5532 οὐδ’

2085 5584 2119 5653 ἡ
2149 5581 2383 5652 χορηγία
2412 5583 2506 5632 καὶ
2535 5580 2680 5642 δόσις
2713 5577 2807 5631 τοῦ
2839 5579 2883 5631 Π
2921 5577 3160 5646 εᾶματος
3211 5573 3296 5638 είς
3327 5574 3420 5628 τὸν
3450 5573 3666 5642 Πατέρα

2083 5676 2158 5737 ὡς
2225 5675 2306 5737 εἰς
2349 5671 2554 5742 κυρίως
2604 5668 2780 5725 αἴτιον
2831 5668 3184 5739 ἀναφέροιτο·
3237 5665 3364 5719 οσδὶ
3415 5665 3526 5733 γὰρ
3576 5661 3668 5714 καὶ

2085 5768 2256 5822 ταῦτα
2314 5767 2403 5820 διὰ
2457 5765 2549 5820 τοῦ
2604 5762 2734 5818 Υίοῦ
2783 5758 2928 5816 εἶναι
2957 5764 2985 5815 6
3017 5764 3203 5824 καινὸς
3257 5757 3510 5825 θεολόγος
3559 5755 3666 5821 εχει

2089 5860 2450 5935 ἀρνήσασθαι.
2512 5860 2581 5914 Ἦ
2641 5856 2774 5930 γοῦν
2837 5853 3212 5930 μηδὲρούτων
3267 5851 3478 5924 κυρίως
3529 5847 3666 5902 inm
