3962 6400
325 370 455 451 '911

1280 383 1724 446 REFUTATIO
1766 384 1986 445 LIBRI
2026 386 2357 450 GEORGII
2398 389 2683 452 CYPRII;

3511 384 3616 446 9N

343 495 515 555 αῐτιος
557 494 585 546 ό
612 491 822 563 Πατὴρ,
871 491 965 547 καὶ
1005 493 1037 565 ἢ
1071 491 1180 564 πρὸ
1234 493 1332 547 τοῦ
1365 492 1580 563 Πατρός
1618 494 1647 545 ὁ
1678 490 1806 554 Υἱὸς
1841 492 1937 545 καὶ

2055 511 2203 553 :ausa
2235 498 2327 562 sit,
2362 498 2475 553 imo
2508 507 2602 552 aut
2629 506 2754 551 ante
2782 496 2999 551 Patrem
3031 494 3227 548 horum
3253 492 3426 548 Filius
3448 507 3611 547 causa

343 579 553 635 τούτων
586 580 757 643 αἴτιος
788 580 947 646 ἔστω,
979 582 1060 635 ὅτι
1097 580 1188 635 διὰ
1216 579 1312 635 τοῦ
1347 580 1478 635 Υίοῦ
1521 580 1775 650 ταῦτα,ιῆ
1810 579 1927 634 ἀλλ’

344 673 503 744 εἴπερ
539 674 596 725 ἐν
633 673 848 737 τούτοις
879 675 938 728 10
974 673 1299 744 βλάσφημον
1329 676 1629 743 προφανὲς,
1669 672 1792 742 μηδ’
1827 674 1923 726 ἐπὶ

339 768 406 833 τῇ
443 767 649 835 φυσικῇ
688 767 782 818 καὶ
828 766 1080 820 οὐσιώδει
1133 765 1367 837 ὑπάρξει
1428 763 1525 819 τοῦ
1578 767 1922 834 Πνεύματος.

343 857 428 909 ὅτι
456 855 544 907 διὰ
565 856 659 908 τοῦ
686 855 816 909 Υίοῦ
842 857 1003 924 αῦτη,
1038 859 1066 911 ὁ
1096 858 1195 926 τῆς
1238 857 1497 928 ἀληθείας
1530 857 1824 921 ἀντίπαλος
1853 858 1920 912 τὰ

345 948 423 1017 μὴ
474 949 680 1015 κυρίως
731 950 825 1002 καὶ
880 949 1105 1020 δεύτερα
1164 951 1315 1004 αῐτια
1349 951 1458 1004 ἀπὸ
1509 949 1608 1018 τῆς
1658 947 1733 1002 δι’
1781 949 1926 1004 Υὶοῦ

341 1040 738 1092 ἀναπλαττέτω
778 1042 983 1111 φωνῆς.
1014 1043 1125 1095 Καὶ
1160 1042 1238 1112 μή
1282 1058 1373 1112 μοι
1404 1041 1475 1094 τὰ
1510 1041 1651 1110 σοφᾶ
1684 1041 1927 1111 προϐαλ-

341 1131 524 1184 λέσθω
574 1133 781 1196 ἐκεῖνα,
814 1133 874 1185 ὲν
920 1127 1004 1197 οἷς
1053 1132 1449 1204 μεγαληγορῶν
1495 1134 1665 1189 πολὺν
1695 1134 1786 1188 τὸν
1816 1135 1929 1189 τῶν

343 1224 560 1294 ὕϐρεων
610 1222 770 1279 ὕθλον
820 1225 1219 1289 κατασκεδάζει
1248 1225 1358 1278 τῶν
1406 1225 1514 1279 ἀπὸ
1552 1224 1651 1296 τῆς
1688 1225 1757 1279 δι’
1795 1226 1928 1281 Υίοῦ

342 1318 439 1370 καὶ
488 1314 549 1380 ἐξ
590 1315 710 1368 1‘106
758 1316 979 1382 δόσεως,
1010 1318 1105 1370 καὶ
1152 1317 1423 1388 χορηγίας
1462 1317 1561 1372 τοῦ
1607 1319 1931 1389 Πνεῦματος

340 1411 442 1472 τὴν
475 1407 543 1461 δι’
574 1407 706 1460 Υῐοῦ
740 1410 834 1464 καὶ
872 1409 929 1474 ἐξ
961 1408 1091 1461 Υίοῦ
1125 1409 1537 1480 ὓπαρξινδιατὰ
1574 1410 1677 1475 τὰς
1712 1428 1929 1483 τεκμη-

356 1500 570 1568 ριὼδεις
606 1499 717 1552 τῶν
749 1499 1084 1564 ἀποδείξεων
1130 1501 1537 1557 συνιστὼντων.
1580 1504 1642 1556 E1
1686 1505 1797 1576 γὰρ
1831 1506 1927 1558 310.1

353 1591 656 1660 θελήματος
687 1590 1003 1661 πληρώσεις
1033 1594 1247 1664 ἀληθῶς
1271 1595 1465 1662 ταῦτα,
1497 1596 1590 1650 καὶ
1620 1595 1934 1668 θελήματος

342 1684 599 1753 δεύτερα,
630 1684 768 1738 ἀλλὰ
809 1685 997 1739 καινὸν
1024 1686 1180 1741 οὐδὲν
1212 1688 1304 1741 καὶ
1330 1688 1432 1758 τῆς
1465 1689 1746 1759 θεολογίας
1775 1690 1933 1744 ἀλλό-

343 1792 495 1846 τριον
527 1776 588 1829 10
616 1776 712 1830 106
742 1778 870 1831 Υἱοῦ
894 1779 1003 1832 ἀπ’)
1034 1778 1126 1833 τοῦ
1162 1780 1379 1851 Πατρδς
1402 1782 1709 1852 ἀδιαίρετον
1741 1784 1834 1836 ἐπὶ
1863 1786 1929 1856 τῇ
1968 1832 2006 1886 Β

356 1869 567 1939 προόδῳ
597 1869 694 1922 τοῦ
748 1869 1087 1940 Πνεύματος,
1139 1875 1235 1926 καὶ
1277 1873 1371 1927 ἀπ’
1420 1874 1602 1928 αὐτῶν
1652 1878 1928 1946 συνιστᾷν.

364 1963 470 2014 Καὶ
515 1965 597 2015 ὅτι
649 1961 722 2033 μὴ
762 1962 862 2033 τῆς
902 1961 1183 2032 Θεολογίας
1229 1965 1513 2037 ἀλλότριον
1557 1968 1658 2021 οὐκ
1714 1967 1872 2032 ἄλλος
1899 1969 1933 2039 ἢ

351 2045 512 2115 οὗτος
549 2055 713 2117 αὐτὸς
745 2057 1004 2130 συστῄσει
1036 2058 1066 2111 ό
1111 2059 1200 2111 διὰ
1232 2060 1329 2113 τοῦ
1377 2060 1663 2130 προσεχῶς
1712 2062 1843 2116 Υίοῦ
1874 2065 1938 2116 ἐκ

348 2145 565 2214 Πκτρδς
589 2146 650 2197 10
669 2147 763 2198 106
808 2146 1125 2217 Πνεύματος
1156 2148 1481 2221 θεολογήσας
1508 2152 1776 2207 αἰτιατόν.
1848 2155 1938 2208 Ἐν

354 2237 465 2306 γὰρ
502 2239 617 2301 τοῖς
641 2228 778 2305 πρὸς
811 2239 1077 2308 Εὐνόμιον
1127 2243 1561 2321 Ἀντιρῥητικοίς
1589 2245 1723 2315 ὁμοῦ
1756 2247 1854 2316 μὲν
1878 2248 1939 2301 τὸ

351 2327 445 2381 τοῦ
473 2329 791 2400 Πνεῦματος
835 2332 972 2402 πρὸς
1001 2334 1090 2387 τὸν
1125 2334 1254 2388 Υίὸν
1282 2333 1486 2399 ἰδιάζον
1531 2337 1641 2391 ἀπὸ
1673 2336 1770 2390 τοῦ
1801 2340 1941 2409 μήτε

354 2419 665 2486 μονογενώς
710 2421 774 2472 ὲκ
816 2421 909 2473 τοῦ
956 2422 1170 2492 Πατρός
1218 2424 1811 2494 6n011ﬁvat,-zatldn0
1838 2429 1933 2482 τοῦ

350 2509 421 2561 δι’
453 2511 621 2565 αὐτοῦ
652 2511 749 2566 τοῦ
780 2513 910 2567 Υῑοῦ
945 2519 1010 2568 ὲκ
1060 2518 1274 2587 Πατρός
1306 2516 1611 2588 πεφηνέναι
1648 2517 1938 2588 θεολογῶν,

350 2601 491 2671 ὁμοῦ
524 2602 581 2655 δὲ
616 2603 712 2657 καὶ
757 2605 856 2668 τῆς
878 2606 940 2657 ὲκ
973 2606 1183 2676 Πατρὸς
1212 2607 1300 2660 διὰ
1327 2608 1421 2661 τοῦ
1450 2609 1788 2678 Μονογενοῦς
1811 2613 1943 2665 ὑπο⁸

356 2692 604 2757 στάτεως
639 2695 739 2763 τῆς
764 2696 1001 2760 κτίσεως
1042 2698 1442 2768 μνημονεύων·
1482 2704 1577 2755 καὶ
1615 2702 1714 2772 τὴν
1757 2702 1944 2757 ἐντεῦ-

360 2784 457 2837 θεν
504 2784 633 2848 ἴσως
678 2785 1238 2859 ὑποπτευθησομένην
1288 2791 1397 2844 τινὶ
1461 2792 1572 2845 τῶν
1626 2794 1946 2864 μικροφυῶν

356 2879 456 2931 καὶ
486 2879 723 2945 ἀναξίων
751 2879 845 2932 τοῦ
880 2880 1202 2950 Πνεῦματος
1239 2884 1539 2954 ὁμοιότητα
1569 2884 1765 2939 τούτου
1808 2888 1945 2957 πρὸς

356 2968 460 3038 τὴν
514 2970 693 3023 κτίσιν
736 2971 822 3025 διὰ
879 2971 1099 3038 λέξεων.
1134 2966 1207 3029 ὧν
1261 2973 1429 3036 αὐτὸς
1480 2968 1615 3039 οἶδε,
1673 2977 1938 3033 κάλλιστα

357 3063 628 3129 ἀναιρῶν,
666 3062 941 3116 δείκνυσιν
980 3063 1251 3134 ἐναργῶς,
1287 3067 1453 3137 μηδὲν
1490 3068 1642 3138 ἡμᾶς
1680 3068 1947 3139 ἄτοπονῆ

2035 587 2128 653 sit,
2163 588 2308 658 quod
2335 604 2428 659 per
2467 588 2666 643 Filium
2703 588 2805 643 ista
2838 588 2966 647 sint,
3009 597 3105 640 aut
3137 585 3182 640 si
3227 584 3278 638 in
3314 583 3466 639 hisce
3501 582 3615 635 bla-

2037 679 2287 747 sphemia
2326 678 2503 748 palam
2536 688 2640 744 est,
2677 692 2850 747 neque
2880 678 2932 731 in
2968 673 3229 739 naturali,
3258 684 3313 728 et
3341 670 3618 727 essentiali

1984 800 1987 803 »
2031 769 2349 825 exsistentia
2380 770 2638 835 Spiritus,
2665 768 2809 838 quod
2840 769 2929 823 illa
2965 782 3060 836 per
3098 764 3307 820 Filium
3341 773 3446 827 est,
3477 761 3622 816 veri-

2035 863 2160 917 tatis
2185 863 2481 917 hostiSnon
2504 865 2772 933 proprias,
2799 863 2892 917 sed
2918 859 3187 917 secundas
3202 873 3401 914 causas
3427 873 3457 911 a
3491 871 3623 911 voce

2035 970 2128 1024 per
2162 952 2367 1008 Filium
2398 955 2695 1024 contingat,
2738 963 2792 1008 et
2822 969 2927 1007 non
2960 951 3095 1006 mihi
3133 960 3254 1005 cata
3297 949 3386 1002 illa
3418 961 3619 1016 pr0po-

2041 1054 2177 1109 nat,
2223 1046 2422 1116 quibus
2489 1061 2681 1117 magna
2721 1045 2954 1116 iactans“
2983 1044 3237 1115 ingentes
3289 1039 3620 1110 iniuriarum

2039 1146 2210 1202 nugas
2238 1130 2468 1186 elluudit
2502 1131 2556 1185 in
2592 1146 2708 1194 eos,
2749 1131 2841 1201 qui
2868 1143 2933 1183 ex
2966 1130 3185 1184 datione
3213 1136 3269 1182 et
3299 1124 3583 1194 suppeditn
3605 1152 3620 1162 -

2037 1223 2185 1277 tione
2220 1222 2460 1292 Spiritus
2497 1238 2590 1293 per
2617 1220 2817 1276 Filium
2850 1228 2903 1276 et
2925 1236 2990 1275 ex
3023 1218 3187 1281 Filio,
3221 1234 3314 1287 per
3346 1216 3544 1271 Filium
3571 1226 3624 1269 et
3656 1248 3659 1249 ν

2037 1331 2103 1369 ex
2136 1312 2273 1370 Filio
2310 1315 2685 1370 exsistentiam
2733 1312 3036 1369 secundum
3088 1311 3487 1380 conjecturales
3526 1310 3639 1363 de»

2039 1407 2467 1464 monstrationes
2497 1414 2955 1473 argumentantur
2988 1423 3002 1460 :
3043 1404 3169 1459 licet
3198 1405 3347 1458 enim
3376 1402 3627 1457 volunta-

2039 1500 2110 1555 tis
2169 1501 2287 1554 ιιίιξο
2331 1507 2459 1554 sunt
2506 1498 2868 1568 expletiones,
2931 1504 2985 1552 et
3017 1495 3375 1551 ovoluntatem
3437 1492 3628 1547 subse-

2038 1601 2301 1661 quantur,
2357 1598 2412 1644 et
2470 1590 2595 1645 novi
2653 1589 2789 1643 nihil
2851 1597 2955 1654 est,
3025 1603 3206 1657 neque
3263 1601 3293 1638 a
3355 1582 3627 1652 theologia

2038 1682 2275 1737 alienum
2298 1680 2419 1735 Filii
2446 1697 2474 1735 a
2508 1681 2666 1736 Patre
2694 1679 3023 1734 indivisibile
3049 1679 3101 1732 in
3141 1691 3432 1747 progressu
3463 1671 3629 1744 Spiri-

2049 1779 2137 1824 tus
2178 1770 2341 1824 etiam
2377 1785 2472 1840 per
2508 1771 2657 1839 ipsas
2707 1770 3085 1838 comprobare.
3124 1765 3189 1821 Et
3219 1767 3323 1820 hoc
3366 1778 3472 1819 non
3506 1776 3630 1819 esse

2039 1861 2366 1931 ajtheologia
2403 1862 2639 1915 alienum
2692 1876 2799 1915 non
2854 1860 2994 1914 alius
3024 1875 3187 1928 quam
3226 1857 3314 1911 hic
3348 1857 3464 1926 ipse
3494 1870 3629 1910 con-

2042 1951 2302 2017 ﬁrmabit,
2363 1953 2457 2021 qui
2519 1968 2615 2023 per
2660 1951 2882 2015 Filium,
2935 1952 3031 2021 qui
3081 1950 3376 2018 contiguus
3420 1955 3530 2010 est,
3561 1960 3626 1999 ex

2039 2045 2198 2099 Patre
2231 2043 2499 2114 Spiritum
2531 2043 2744 2097 causari
2769 2042 2988 2097 tradidit
3024 2057 3040 2096 :
3100 2056 3226 2094 nam
3260 2040 3315 2093 in
3347 2038 3631 2092 Antirrhc-

2042 2134 2163 2190 ticis
2201 2134 2464 2189 adversus
2508 2130 2837 2187 Eunomium
2892 2131 3055 2187 simul
3091 2129 3330 2200 Spiritus
3380 2134 3629 2197 respectu

2042 2226 2164 2281 Filii
2207 2225 2595 2295 proprietatem
2630 2240 2696 2279 ex
2736 2239 2826 2289 eo,
2864 2224 3009 2294 quod
3043 2237 3149 2277 non
3187 2221 3263 2275 uti
3305 2218 3631 2290 Unigenitus

2041 2334 2106 2374 ex
2156 2318 2321 2374 Patre
2370 2319 2644 2384 subsistit,
2672 2327 2726 2373 et
2759 2317 2904 2388 quod
2960 2320 3056 2386 per
3086 2315 3264 2386 ipsum
3312 2311 3510 2367 Filium
3564 2326 3628 2367 ex

2042 2411 2204 2465 Patre
2237 2419 2479 2480 apparet,
2514 2411 2759 2465 decernit
2790 2426 2804 2463 :
2833 2408 2996 2464 simul
3026 2407 3191 2462 etiam
3219 2423 3282 2461 ex
3339 2403 3503 2459 Patre
3542 2418 3633 2473 per

2047 2500 2320 2572 Uuigeniti
2374 2503 2713 2574 hypostasim
2752 2510 3017 2558 creatura:
3072 2498 3404 2554 mentionem
3467 2495 3633 2551 indu—

2045 2609 2196 2661 cens,
2246 2604 2319 2659 et.
2374 2612 2497 2665 quae
2563 2595 2690 2651 inde
2745 2594 2884 2649 forte
2944 2594 2998 2647 in
3037 2576 3414 2661 suspicionem
3450 2584 3633 2642 venire

2046 2694 2282 2758 poterat,
2324 2687 2589 2755 dejectam
2628 2694 2684 2742 et
2710 2686 2987 2755 indignam
3019 2684 3186 2754 hujus
3212 2680 3628 2738 similitudinem

2047 2796 2170 2835 cum
2204 2788 2453 2836 creatura
2503 2796 2597 2850 per
2645 2781 2937 2855 dictiones,
2983 2794 3120 2849 quas
3178 2775 3297 2847 ipse
3340 2775 3632 2842 novit,0p-

2050 2874 2182 2928 time
2211 2868 2501 2938 dirimens,
2553 2873 2791 2928 ostendit
2825 2879 3101 2942 patenter,
3138 2869 3350 2924 nullum
3401 2883 3500 2921 nos
3544 2866 3636 2918 ab-

2051 2966 2286 3022 surdum
2344 2980 2520 3035 neque
2555 2966 2760 3030 dicere,
2797 2979 2975 3045 neque
3006 2963 3328 3034 intelligere,
3365 2961 3409 3015 si
3458 2958 3636 3011 Patris

2052 3069 2107 3115 ct
2140 3058 2264 3113 Filii
2317 3058 2650 3115 indivisibile
2696 3059 2939 3114 dictione
2995 3072 3088 3127 per
3141 3054 3339 3110 Filium
3396 3051 3639 3105 insinue-

357 3153 695 3207 διανοεῖσθαι
727 3155 756 3225 ἢ
789 3155 997 3225 λέγειν,
1023 3157 1119 3210 ἐὰν
1166 3157 1227 3210 10
1273 3157 1368 3211 106
1406 3159 1624 3230 Πατρὸς
1669 3160 1766 3213 καὶ
1815 3161 1944 3213 Υίοῦ

2055 3165 2216 3217 mus;
2248 3151 2392 3221 quod
2444 3159 2498 3206 et
2544 3150 2783 3221 Spiritus
2822 3158 3044 3204 sanctus
3081 3163 3175 3217 per
3212 3144 3411 3199 Filium
3444 3158 3640 3197 causa-

360 3244 685 3315 ὰόιαίρετογ
720 3247 864 3299 κατὰ
910 3249 1010 3316 τὴν
1051 3247 1122 3301 δι’
1164 3248 1297 3303 Υίοῦ
1344 3251 1709 3321 παριστῶμεν
1742 3252 1951 3324 φωνὴν,

373 3338 484 3389 c710
528 3337 622 3390 106
657 3339 749 3391 καὶ
780 3338 841 3392 τὸ
871 3340 1024 3406 ἄγων
1064 3340 1288 3409 Πνεῦμα
1339 3339 1428 3395 διὰ
1479 3340 1574 3394 τοῦ
1625 3341 1756 3395 Υίοῦ
1810 3339 1953 3396 εἶναι

362 3429 629 3493 αἰτίατδν,
651 3431 743 3482 καὶ
769 3430 870 3500 τὴν
898 3432 1074 3485 κτίσιν
1113 3432 1199 3486 διὰ
1231 3430 1324 3484 τοῦ
1356 3432 1487 3486 Υίοῦ
1519 3434 1774 3505 ποιητήν.
1794 3432 1953 3488 Οὕτω

367 3522 469 3591 μὲν
508 3520 602 3573 06v
632 3522 723 3573 καὶ
754 3521 862 3574 ἀπὸ
898 3521 1008 3574 τῶν
1033 3522 1291 3578 τοιούτων
1329 3525 1485 3595 ἡμᾶς
1508 3526 1536 3576 ὁ
1566 3526 1792 3596 Νύσσης
1826 3543 1954 3579 συνο

367 3617 605 3686 ίστησιν,
666 3614 753 3685 ἐφ’
796 3612 878 3679 οἷς
922 3616 951 3669 ό
997 3617 1444 3688 φιλοσκώμμων,
1484 3619 1580 3672 καὶ
1632 3618 1799 3689 μηδὲν
1859 3616 1957 3673 τοῦ

367 3710 699 3777 κακηγορεῖν
730 3708 891 3760 πλέον
912 3708 1083 3773 εἰδὼς,
1118 3709 1351 3780 ἐπιτιμᾷ
1376 3709 1445 3763 τὰ
1472 3709 1743 3781 ἡμέτερα.

443 3801 523 3854 ιε’.
582 3800 642 3855 Ὀ
672 3799 729 3854 δὲ
768 3801 864 3854 καὶ
892 3801 1055 3855 πάλιν
1101 3800 1200 3873 τὴν
1251 3802 1344 3855 τοῦ
1383 3801 1657 3872 δόγματος
1702 3803 1958 3875 συγχέειν

368 3894 633 3964 ἀλήθειαν
671 3894 875 3966 τρόπον
920 3895 1138 3950 ἅπαιτα
1188 3895 1459 3961 σπεύδων,
1493 3915 1513 3948 ι
1550 3894 1655 3950 Διὰ
1698 3896 1799 3967 τὴν
1848 3898 1981 3969 τῶν,

370 3986 676 4057 ὀνομάτων,
711 4006 729 4039 ι
764 3989 919 4057 φησι,
967 4005 986 4039 ι
1029 3987 1284 4054 σύνταξιν
1333 3988 1503 4058 μόνην
1529 3990 1671 4059 μετᾶ
1701 3989 1793 4043 τὸν
1818 3989 1951 4045 Υἰδν

372 4076 473 4149 τὴν
505 4078 598 4130 τοῦ
629 4079 943 4148 [Ινεύματος
971 4079 1165 4149 κλῆσιν
1195 4081 1603 4151 προφέρουσαν,
1635 4082 1730 4136 καὶ
1769 4081 1859 4137 διὰ
1900 4087 1962 4137 10

374 4171 633 4242 σχετικὰς
707 4175 801 4225 καὶ
888 4173 1133 4242 ἀλλήλων
1200 4175 1602 4243 ἐφελκυστικὰς
1665 4171 1809 4229 εἶναι
1860 4174 1962 4241 τὰς

374 4265 630 4336 κλήσεις,
666 4265 762 4338 τὴν
790 4265 882 4320 τοῦ
913 4267 1131 4338 Πατρός
1161 4267 1256 4321 καὶ
1296 4267 1425 4322 Υίοῦ
1441 4268 1605 4338 λέγω,
1636 4268 1756 4323 οὐδέ
1778 4287 1831 4322 τι
1854 4269 1965 4323 τῶν

379 4359 640 4413 ἁπάντων
673 4359 877 4428 μεταξὺ
913 4361 1350 4433 καταδεχομένας
1385 4361 1484 4414 '106
1533 4361 1820 4434 προσεχῶς
1870 4363 1966 4417 καὶ

376 4450 468 4503 διὰ
497 4450 588 4504 τοῦ
626 4453 909 4522 προσεχῶς
951 4452 1165 4522 εἴρηται
1203 4452 1280 4523 τῷ
1321 4452 1509 4524 Ἀγίῳ.
1546 4452 1670 4507 Ὅτι
1696 4455 1829 4526 γάρ»
1859 4471 1968 4524 φη⁹

2059 3253 2169 3306 tur,
2227 3251 2282 3296 et
2336 3252 2591 3296 creatura
2650 3258 2743 3311 per
2792 3239 2994 3296 Filium
3030 3249 3269 3294 creatur.
3322 3236 3433 3291 liae
3475 3235 3641 3303 igitur

2058 3332 2271 3388 ratione
2297 3341 2351 3388 et
2387 3348 2455 3388 ex
2479 3316 2757 3387 similibus
2799 3347 2899 3385 nos
2928 3329 3225 3401 Nyssenus,
3246 3327 3540 3383 conﬁrmat
3579 3325 3631 3378 in

2058 3423 2186 3489 illis,
2216 3424 2417 3495 quibus
2447 3425 2550 3480 iste
2591 3423 2813 3494 jocandi
2850 3437 2974 3477 cum
3014 3420 3298 3475 dicacitate
3331 3417 3634 3479 studiosus.

2058 3525 2112 3572 et
2166 3527 2364 3588 praeter
2416 3516 2776 3573 maledicendi
2813 3516 2918 3571 vim
2959 3515 3204 3569 omnium
3259 3510 3642 3583 ignarissiuius

2061 3619 2247 3665 nostra
2275 3609 2477 3680 culpat.

2132 3820 2221 3875 15.
2265 3818 2366 3878 Hic
2398 3835 2592 3876 rursus
2647 3819 2824 3876 modis
2866 3819 3121 3875 omnibus
3169 3818 3452 3875 veritatem
3504 3818 3641 3888 dog-

2062 3913 2227 3969 matis
2258 3913 2625 3968 interturbare
2657 3912 2881 3969 studens
2920 3929 2937 3968 :
2968 3931 2986 3965 ι
3012 3912 3242 3982 Propter
3272 3911 3577 3975 nominum,
3619 3928 3638 3961 ι

2063 4003 2160 4071 ait,
2202 4023 2222 4056 ι
2255 4004 2716 4059 constructionem
2738 4005 2933 4070 solam,
2966 4018 3088 4074 quae
3121 4014 3245 4075 post
3274 4002 3472 4057 Filium
3515 4001 3640 4073 Spi-

2063 4097 2207 4151 ritus
2261 4095 2685 4167 appellationem
2729 4096 2996 4161 atl‘ert,-et
3036 4105 3256 4169 propter
3287 4095 3558 4158 relativas,
3593 4106 3643 4150 et

2065 4203 2187 4248 sese
2213 4198 2404 4263 mutuo
2437 4188 2711 4246 trahentes
2730 4190 3137 4262 appellationes,
3165 4188 3365 4255 Patris,
3395 4189 3642 4259 inquam,

2064 4291 2117 4338 et
2148 4279 2295 4349 Filii,
2349 4280 2564 4336 nullum
2629 4282 2873 4337 medium
2925 4283 3068 4339 inter
3106 4298 3227 4338 sese
3276 4282 3644 4345 admittentes,

2065 4374 2327 4445 contigui,
2361 4381 2415 4430 et
2473 4389 2570 4445 per
2631 4374 2946 4443 contiguum
2985 4390 3016 4430 a
3053 4383 3244 4429 sancto
3294 4374 3497 4428 dictum
3538 4382 3642 4428 est.

2066 4464 2202 4521 Cum
2245 4466 2417 4530 enim,
2457 4485 2478 4520 ι
2530 4466 2627 4529 ait,
2667 4483 2686 4518 ι
2724 4466 3010 4521 nominum
3058 4466 3141 4520 vis
3193 4464 3393 4519 Filium
3453 4466 3645 4518 imme-

381 4546 490 4608 σὶν,
532 4546 707 4615 ἡτῶν
741 4547 1025 4615 ὀνομάτων
1068 4545 1301 4617 δύναμις
1354 4547 1483 4601 Υἰὸν
1530 4548 1753 4617 ἀμέσως
1806 4547 1949 4602 συνά-

2072 4558 2218 4614 diate
2244 4558 2586 4630 eonjungeus
2616 4558 2786 4631 Patri,
2815 4558 3079 4630 impediat
3123 4562 3442 4628 contiguum
3475 4557 3645 4628 Spiri-

374 4652 592 4690 πτουσα
624 4635 699 4708 τῷ
746 4637 922 4706 Πατρὶ
967 4638 1143 4708 εἴργει
1185 4641 1472 4712 προσεχῶς
1518 4642 1580 4695 10
1628 4641 1856 4711 Πνεῦμα
1888 4643 1967 4695 εί-

378 4731 539 4782 πεῖνσ
578 4736 674 4782 και
699 4730 783 4782 ὅτι
818 4731 849 4797 ἡ
895 4729 1123 4801 πρόοδος
1160 4730 1257 4783 τοῦ
1288 4733 1539 4805 ἀριθμοῦ
1584 4733 1831 4789 οὐδέποτ’
1876 4734 1972 4788 εὐ-

378 4822 485 4885 θὺς
539 4820 616 4890 τῷ
690 4821 1014 4892 ἀριθμοῦντι
1077 4821 1168 4874 δύο
1224 4825 1363 4892 μετὰ
1428 4825 1559 4894 μίαν
1624 4825 1967 4896 προδεικνύει

381 4914 626 4983 μονάδας
647 4931 660 4944 ⁸
695 4917 760 4968 ὲκ
791 4915 916 4981 μιᾶς
946 4914 1004 4967 δὲ
1045 4917 1125 4979 εἰς
1153 4915 1349 4985 ἑτέραν
1396 4924 1628 4985 προάγει
1660 4920 1747 4974 διὰ
1780 4920 1873 4973 τοῦ
1902 4918 1964 4972 τὸ

381 5006 673 5076 προσεχῶς
703 5008 731 5059 ὁ
772 5007 900 5067 Υἱὸς
933 5007 1009 5077 τῷ
1042 5008 1239 5075 Πατρὶ,
1271 5008 1332 5060 οὐ
1365 5010 1453 5061 διὰ
1499 5011 1597 5078 τὴν
1640 5010 1969 5066 ἀκολουθίαν

378 5096 481 5152 τοῦ
515 5095 677 5153 εἶναι.
716 5118 735 5151 ι
779 5099 920 5152 Ἀλλ’
952 5100 1002 5152 el
1042 5098 1195 5153 ταῦθ’
1244 5098 1413 5161 οὕτω,
1445 5101 1538 5152 καὶ
1569 5099 1656 5153 διὰ
1704 5101 1879 5155 ταῦτα
1909 5104 1971 5156 τὸ

383 5192 676 5261 προσεκῶς
713 5193 806 5245 καὶ
840 5193 929 5246 διὰ
965 5191 1061 5246 τοῦ
1093 5192 1377 5262 rip-303x46;
1422 5193 1450 5245 0
1494 5192 1815 5257 διδάσκαλος
1842 5194 1968 5263 ἔφη,

380 5284 490 5336 οὐκ
515 5282 581 5336 ἂν
619 5284 708 5337 ὅτε
738 5284 839 5355 τὴν
872 5285 978 5337 ἀπὸ
1007 5284 1100 5338 τοῦ
1133 5285 1311 5339 αἰτίου
1344 5285 1440 5339 καὶ
1485 5284 1730 5339 αἰτιατοῦ
1762 5288 1971 5356 μεταξὺ

384 5375 500 5429 τῶν
529 5376 695 5447 τριῶν
754 5375 1065 5447 προσώπων
1116 5377 1501 5447 θεωρουμένην
1553 5378 1815 5448 διαφορὰν
1863 5376 1972 5431 ἐδί-

387 5470 585 5532 δασκε,
621 5471 794 5524 ταῦτα
849 5472 1091 5542 εἰρήκεν.
1142 5470 1228 5524 Ἐν
1264 5469 1374 5541 γὰρ
1404 5474 1471 5541 τῇ
1508 5469 1736 5543 τοιαύτῃ
1765 5472 1976 5540 διαιρέ-

391 5578 483 5616 σει
510 5561 681 5616 ταῦτα
730 5562 1023 5634 θεολογῶν,
1062 5563 1156 5618 καὶ
1197 5564 1288 5617 τὸν
1318 5564 1417 5634 μὲν
1450 5564 1668 5635 Πατέρα
1696 5566 1773 5634 τῷ
1814 5564 1976 5635 αἰτίῳ

390 5654 506 5712 ἀπὸ
534 5656 627 5710 τοῦ
659 5655 790 5711 Υἰοῦ
821 5657 1067 5729 διαιρῶν,
1094 5658 1219 5711 Υίὸν
1254 5657 1299 5709 δ’
1334 5654 1403 5710 αὖ
1436 5657 1546 5711 ἀπὸ
1598 5657 1691 5711 106
1720 5658 1978 5730 Πνεῦμα-

393 5766 514 5811 τος,
545 5748 621 5820 τῷ
653 5752 938 5820 προσεχῶς
966 5749 1068 5820 μὲν
1111 5750 1299 5838 αὐτρν,
1330 5749 1418 5803 διὰ
1452 5751 1547 5802 τοῦ
1600 5752 1885 5822 προσεχὼς
1919 5750 1977 5804 δὲ

394 5842 460 5895 10
509 5841 733 5907 Πνεῦμα
793 5843 1014 5897 αἰτιατὰ
1068 5838 1206 5898 εἶναι
1258 5844 1368 5898 ἀπὸ
1412 5844 1646 5910 Πατρὸς,
1701 5845 1976 5909 ἁριδήλως

2070 4657 2182 4703 tum
2205 4650 2389 4704 dicere
2428 4665 2442 4703 :
2483 4657 2537 4704 et
2569 4650 2715 4719 quod
2743 4665 3067 4722 progressus
3103 4651 3318 4705 numeri
3366 4665 3645 4719 nunquam

2071 4741 2255 4795 statim
2298 4740 2435 4796 duas
2473 4742 2711 4797 unitates
2756 4753 2880 4812 post
2924 4759 3091 4798 unam
3134 4744 3403 4810 ostendit,
3439 4759 3507 4799 ex
3540 4760 3645 4797 una

2072 4849 2197 4888 vero
2222 4833 2277 4888 in
2311 4834 2471 4889 aliam
2523 4834 2794 4904 producit,
2828 4845 3112 4906 propterea
3168 4836 3427 4907 contigue
3477 4833 3648 4891 Filius

2071 4925 2217 4980 Patri
2249 4935 2351 4991 est,
2381 4944 2488 4997 non
2515 4940 2736 4998 propter
2758 4931 3207 5000 consequentiam
3243 4930 3597 4986 cxsistentiae.
3625 4949 3642 4981 ι

2072 5019 2226 5083 Quod
2261 5020 2306 5073 si
2346 5020 2459 5075 haec
2489 5021 2566 5075 ita
2598 5037 2656 5075 se
2702 5023 2925 5089 habent,
2956 5033 3360 5094 proptereaque
3396 5023 3649 5089 contigue

2074 5117 2128 5162 et
2158 5125 2256 5178 per
2315 5109 2444 5165 illud
2477 5112 2623 5179 quod
2653 5113 2975 5183 contiguum
3019 5124 3123 5178 est,
3164 5122 3461 5183 praeceptor
3495 5111 3650 5176 dixit,

2074 5214 2356 5269 nunquam
2403 5200 2766 5256 diﬂ‘erentiam
2828 5219 3009 5259 causa:
3038 5214 3094 5260 et
3130 5204 3341 5259 eausati
3378 5204 3517 5258 inter
3545 5212 3650 5259 tres

2077 5291 2791 5361 personasconsideratam
2840 5295 3047 5352 docens
3081 5337 3097 5362 ,
3147 5296 3346 5354 similia
3395 5296 3649 5352 dixisset.

2077 5382 2128 5436 lu
2160 5382 2324 5437 simili
2360 5383 2626 5455 siquidem
2686 5385 2957 5441 divisione
2988 5388 3113 5441 talia
3160 5387 3441 5453 sanciens,
3470 5397 3523 5440 et
3550 5385 3652 5441 Pa—

2080 5487 2214 5531 trem
2248 5477 2466 5547 quidem
2497 5492 2528 5531 a
2566 5476 2705 5533 Filio
2740 5493 2905 5531 causa
2936 5478 3208 5542 dividens,
3265 5476 3467 5533 Filium
3497 5478 3649 5532 dein-

2079 5582 2204 5637 ceps
2239 5584 2269 5622 a
2307 5566 2534 5639 Spiritu,
2564 5569 2706 5638 quod
2729 5568 2983 5635 contigue
3010 5568 3144 5635 ipse,
3184 5583 3279 5637 per
3313 5569 3442 5623 illud
3469 5578 3651 5623 autem

2079 5663 2225 5730 quod
2274 5662 2589 5733 contiguum
2639 5667 2744 5725 est,
2808 5657 3071 5727 Spiritum
3140 5662 3353 5713 causari
3409 5678 3439 5715 a
3480 5658 3653 5725 Patre,

2082 5752 2377 5808 manifesto
2424 5754 2793 5818 demonstrat,
2846 5761 3066 5823 propter
3103 5752 3436 5809 exsistentiac
3463 5770 3652 5810 consc-

2083 5846 2361 5907 qucntiam
2391 5846 2625 5907 tradere,
2657 5858 2766 5899 non
2796 5845 2874 5899 uti
2908 5846 3079 5906 placet
3119 5858 3384 5898 novorum
3431 5846 3653 5912 doguw
