3962 6394
1608 239 1689 249 ..σου

396 390 505 457 919

398 517 516 564 tum
558 509 807 575 eﬂictori,
844 525 1062 582 propter
1093 516 1374 570 nominum
1409 517 1579 573 solam
1614 521 1977 575 constrttctio-
2008 527 2053 583 Δ

399 620 546 658 nem.
590 601 775 675 Neque
800 606 945 660 enim
986 608 1039 661 in
1076 610 1417 675 nominibus,
1458 614 1550 666 sed
1588 615 1640 667 itt
1679 616 1838 668 rebus
1880 615 1978 669 Pa—

401 705 546 748 trum
572 696 853 751 electiores
881 697 1036 753 {idem
1073 711 1316 755 nostram
1344 718 1467 759 esse
1501 706 1743 760 tradunt.
1771 704 1979 771 Quodsi

401 786 659 854 praedicto
710 788 934 856 garrulo
982 804 1286 857 asserente,
1343 796 1730 864 appellationes
1770 797 1981 867 simpli-

317 930 322 937 _
399 877 532 929 citer
562 886 761 932 nostra;
792 879 1156 938 confessionis
1188 884 1402 953 signum
1434 896 1591 951 sunt,
1622 896 1677 941 et
1722 904 1830 942 non
1857 905 1981 959 quae

398 986 495 1040 per
542 972 938 1041 appellationes
1012 974 1328 1031 indicantur
1384 990 1654 1047 personae,
1736 980 1977 1034 nondum

399 1063 700 1130 Conspicio,
734 1076 854 1132 quae
888 1064 1088 1133 poterit
1126 1080 1248 1120 esse
1273 1066 1411 1120 ratio
1441 1069 1776 1136 persuadens
1810 1086 1979 1125 unum

396 1167 589 1206 verum
622 1151 816 1219 Deum,
866 1164 921 1208 et
962 1156 1140 1209 solum
1177 1156 1342 1211 Deum
1376 1158 1476 1212 tria
1504 1175 1647 1216 esse.
1695 1160 1808 1232 Ego
1834 1163 1979 1217 enim

399 1244 639 1299 naturali
670 1255 724 1300 et
751 1247 1029 1301 essentiali
1066 1247 1283 1301 illorum
1336 1250 1672 1305 exsistentia:
1714 1253 1979 1308 unitatem

395 1336 667 1396 comitari,
709 1346 763 1391 et
794 1336 966 1392 fateor
993 1348 1047 1393 et
1094 1348 1274 1405 teneo,
1312 1355 1476 1411 quam
1512 1358 1618 1397 non
1659 1343 1804 1398 aliud
1840 1344 1983 1398 indi-

397 1430 625 1488 e.tverit,
676 1444 840 1498 quam
874 1429 1003 1483 illud
1053 1430 1252 1497 solum,
1291 1432 1433 1501 quod
1492 1433 1688 1488 habeat
1729 1448 1824 1503 per
1884 1432 1980 1487 Fio

397 1518 530 1572 lium
554 1532 619 1572 ex
642 1517 799 1573 Patre
815 1502 1209 1588 cxsist'entiam,
1234 1531 1287 1577 ct
1306 1523 1716 1579 subsistentiam
1732 1502 1982 1596 Spiritus

396 1621 642 1666 sanctus.
673 1612 743 1665 At
777 1627 883 1665 non
911 1614 983 1666 ita
1016 1622 1230 1677 tenens,
1270 1618 1512 1670 nondum
1571 1616 1749 1686 capio,
1780 1618 1981 1688 quibus

402 1702 674 1757 machinis
708 1712 762 1757 et
811 1717 1127 1758 sermonum
1175 1706 1418 1775 strophis
1466 1707 1979 1764 condemnationem

398 1793 639 1864 ellogict,
688 1795 741 1849 in
796 1792 1055 1849 Triadem
1086 1796 1296 1867 absque
1332 1798 1693 1853 subsistentia
1723 1800 1856 1856 solis
1884 1817 1985 1857 no-

402 1887 636 1941 minibus
666 1895 721 1941 et
790 1888 906 1943 sola
939 1888 1223 1943 nominum
1276 1891 1693 1947 enumeratione
1723 1904 1985 1950 constan-
2017 1875 2059 1930 Β

400 1989 480 2032 ter
506 1979 768 2036 credere:
802 1999 820 2032 ι
860 1980 979 2035 Non
1015 1983 1109 2046 ita,
1153 2001 1172 2034 ι
1205 1984 1300 2047 ait,
1343 2001 1362 2035 ι
1404 1984 1697 2053 appellatio
1740 1984 1982 2055 Spiritus

397 2070 841 2137 eottjunctionem
876 2088 999 2127 cum
1025 2073 1132 2128 alio
1159 2076 1470 2131 necessario
1505 2076 1690 2144 infert,
1719 2087 1980 2149 tanquam

396 2178 461 2215 ex
498 2161 655 2217 Patre
675 2170 730 2217 et
758 2161 916 2230 Filio,
950 2166 1054 2221 nisi
1085 2168 1208 2236 quis
1237 2168 1420 2225 Patris
1449 2184 1650 2225 nomen
1677 2172 1731 2226 in
1768 2176 1980 2243 produ-

335 2259 342 2267 '
398 2262 602 2307 ctorem
642 2252 1033 2312 immutaverit.
1094 2257 1234 2314 Tum
1274 2260 1417 2316 enim
1468 2278 1577 2317 non
1617 2264 1838 2330 Filium,
1886 2266 1983 2320 sed

396 2341 578 2408 ipsum
630 2344 958 2414 productum
996 2351 1273 2421 contigue,
1316 2372 1335 2406 ι
1385 2354 1483 2421 ait,
1534 2374 1553 2406 ι
1593 2356 1797 2411 attrahi
1827 2356 1980 2412 vide-

396 2431 497 2485 bit.
535 2451 555 2484 tt
587 2432 871 2505 Elegantes
901 2441 1237 2513 argutiolasll
1269 2441 1658 2502 Verumtamen
1691 2448 1982 2504 Damasce-

393 2539 521 2589 nus,
576 2527 670 2596 qui
729 2537 1000 2586 terrarum
1044 2533 1235 2589 orbem
1268 2539 1490 2607 prapria
1524 2539 1765 2611 thelogta
1800 2542 1980 2612 reple-

392 2617 495 2679 vit,
517 2617 643 2673 .hazc
673 2619 899 2677 minime
923 2625 1337 2693 approbaverit:
1370 2646 1391 2682 ι
1428 2628 1732 2686 Productor
1753 2632 1923 2697 enim,
1954 2651 1974 2685 ι

392 2706 491 2770 ait,
526 2726 545 2758 ι
583 2722 678 2777 per
708 2709 943 2766 Verbum
977 2712 1154 2770 Pater.
1192 2734 1211 2767 ι
1254 2715 1317 2770 Ει
1353 2718 1572 2771 ubinam
1607 2734 1767 2774 suum
1797 2721 1979 2777 locum

392 2798 661 2854 obtinebit
690 2800 822 2857 illud
861 2805 1117 2876 contigue
1146 2807 1202 2862 in
1249 2808 1555 2876 producto?
1587 2829 1607 2863 ι
1648 2812 1816 2880 Nihil,
1849 2834 1871 2868 ι
1902 2818 1979 2870 ait

391 2904 574 2945 novus
605 2891 708 2948 iste
749 2888 1062 2966 theolOgus,
1108 2915 1128 2950 ι
1166 2900 1455 2956 veritatem
1492 2904 1890 2973 immutaverit,
1930 2908 1979 2963 si

390 2998 489 3053 per
519 2985 574 3042 id
604 2988 750 3057 quod
777 2991 1035 3061 contigue
1076 3001 1162 3047 est
1188 3004 1414 3050 sanctus
1460 2998 1789 3066 productum
1822 3016 1978 3057 asse-

392 3090 540 3142 rens,
582 3078 941 3135 nihilominus
982 3088 1038 3135 et
1083 3084 1338 3153 contigue
1365 3084 1496 3140 illud
1530 3102 1657 3143 esse
1702 3089 1975 3161 intelligit.

389 3167 697 3225 Productor
719 3172 865 3227 enim
899 3170 1138 3271 Spiritus
1165 3173 1326 3230 Pater
1364 3185 1470 3244 est,
1513 3188 1813 3237 etcausam
1850 3182 1978 3254 Spi-
2006 3215 2054 3279 ο

388 3260 530 3315 ritus
570 3261 739 3317 dictio
784 3272 958 3319 notat.
1008 3252 1315 3323 Productor
1362 3286 1454 3339 per
1487 3270 1748 3339 Verbum,
1780 3252 1970 3331 etnon

389 3351 534 3405 idem
563 3350 680 3406 haec
706 3351 874 3407 dictio
902 3352 1012 3409 ullo
1038 3355 1200 3411 modo
1224 3358 1500 3427 exprimit.
1540 3379 1561 3412 ι
1598 3362 1661 3415 Et
1698 3364 1974 3420 undenam

389 3451 568 3496 oratto
601 3448 983 3501 auctoritatem
1014 3459 1383 3518 consequetur
1420 3468 1488 3507 ex
1529 3454 1738 3524 scripto
1774 3458 1975 3512 tradito

391 3534 751 3590 testimonio?
805 3536 873 3592 Et
917 3538 970 3592 itt
1015 3541 1215 3610 quibus
1245 3543 1378 3598 illud
1421 3544 1797 3603 voluminibus
1823 3548 1974 3615 latet,

391 3647 515 3702 quae
567 3632 692 3689 licet
737 3636 969 3692 multum
1026 3638 1461 3697 laboraverimus
1517 3641 1585 3697 ad
1629 3643 1779 3699 hunc
1827 3644 1973 3700 diem

388 3725 576 3795 ignota
610 3727 995 3783 occultantur?
1039 3727 1147 3785 Sed
1175 3746 1240 3786 ex
1277 3734 1594 3789 necessaria
1639 3734 1813 3806 ipsius
1844 3752 1974 3792 con-

390 3819 716 3888 sequentia?
748 3819 815 3875 Et
832 3821 1070 3890 primum
1104 3824 1323 3893 quidem
1359 3825 1509 3879 nulla
1541 3825 1731 3896 logica:
1758 3828 1972 3884 metho-

390 3913 514 3977 dus,
544 3921 639 3967 aut
668 3914 806 3968 ratio
829 3916 1145 3988 necessario
1180 3917 1334 3986 sequi
1366 3918 1638 3987 probabit,
1675 3919 1805 3976 illud
1827 3921 1971 3991 quod

389 4005 645 4075 contigue
702 4013 809 4071 est,
862 4021 986 4061 cum
1043 4007 1160 4070 illo,
1211 4011 1357 4078 quod
1390 4024 1486 4079 per
1512 4012 1831 4081 contiguum
1862 4022 1969 4077 est,

389 4097 750 4153 concordare.
795 4095 1106 4155 Secundum
1152 4099 1319 4165 illius,
1354 4101 1448 4172 qui
1481 4103 1534 4158 id
1568 4103 1833 4171 decrevit,
1869 4120 1972 4160 au-

389 4190 640 4256 ctoritas,
677 4205 799 4261 qua:
824 4190 928 4246 etsi
960 4192 1013 4247 id
1037 4192 1203 4249 etiam
1240 4195 1379 4249 ratio
1400 4197 1805 4264 comprobaret.
1842 4211 1974 4267 pro-

391 4283 538 4337 fecto
567 4285 794 4353 majoris
823 4284 1161 4356 dignationis
1190 4296 1359 4343 esset.
1412 4286 1784 4344 Dilierentiam
1821 4290 1971 4346 enim

393 4378 428 4430 il
454 4378 538 4433 ius
573 4378 629 4432 in
662 4378 877 4435 duabus
912 4380 1161 4449 personis
1192 4382 1434 4437 causatis
1461 4384 1605 4437 inter
1642 4383 1801 4449 illud,
1825 4388 1973 4456 quod

391 4472 646 4542 contigue
677 4480 783 4538 est,
815 4481 871 4527 et
916 4472 1072 4538 illud,
1110 4487 1206 4543 per
1237 4476 1381 4545 quod
1407 4475 1668 4546 contigue
1700 4485 1805 4543 est,
1849 4492 1974 4532 cum

1420 402 1633 467 JUAN.
1678 406 1889 467 VECCI
1928 406 2037 470 CP.
2080 408 2595 476 ΡΑἸἪΙΑΒΟΗΑΞ

2358 257 2411 266 ...ο

3562 418 3677 485 920

2083 529 2383 601 παρίστησι
2413 530 2503 584 διὰ
2538 534 2640 605 τὴν
2676 533 2769 587 τοῦ
2810 531 2952 590 εἶναι
3009 538 3187 594 ταῦτα
3216 540 3491 595 διδάσκειν
3532 540 3677 594 ἀκο-

2083 619 2302 675 λουθίαν
2321 638 2334 651 ·
2360 623 2625 694 οΰμενουν
2655 627 2730 687 ὡς
2755 630 2784 682 6
2807 630 2874 682 τὰ
2913 630 3009 684 νέα
3034 633 3431 703 πλαστουργῶν
3462 634 3682 703 δόγμα-

2083 730 2150 765 τα
2186 713 2431 785 βούλεται
2461 716 2552 770 διὰ
2582 718 2682 792 τὴν
2709 721 2818 775 τῶν
2853 722 3136 792 ὀνομάτων
3177 724 3435 792 σύνταξιν
3471 726 3677 795 μόνην.

2086 811 2159 863 Οὐ
2192 812 2300 883 γὰρ
2327 814 2386 868 ἐν
2424 814 2674 886 ὀνόμασι,
2705 818 2870 886 φασὶν
2890 820 2940 872 οἰ
2985 819 3092 874 τῶν
3123 820 3387 901 Πατέρων
3418 820 3679 889 λογάδες,

2082 905 2115 972 ἠ
2153 904 2340 967 πίστις
2376 905 2562 974 ἡμῶν,
2589 906 2706 960 ἀλλ’
2756 908 2812 961 ὲν
2862 910 3177 980 πράγμασι.
3210 911 3322 963 Καὶ
3368 910 3486 979 εἴγε
3523 913 3685 965 κατά

2040 1020 2045 1023 -
2083 995 2176 1049 τὸν
2208 995 2444 1067 ρηθέντα
2481 998 2876 1069 κενολογοῦντα
2908 1003 2966 1057 αἰ
2996 1004 3220 1072 κλήσεις
3256 1001 3445 1064 ἁπλῶς
3465 1002 3530 1055 τὸ
3566 1004 3684 1071 τῆς

2083 1089 2377 1161 ὁμολογίας
2415 1093 2550 1163 ἡμῖν
2576 1095 2683 1147 εἰσι
2731 1095 3041 1165 γνώρισμα,
3070 1095 3168 1149 καὶ
3195 1095 3319 1165 οὐχὶ
3353 1094 3422 1148 τὰ
3462 1096 3529 1149 ὲκ
3558 1096 3686 1150 τῶν

2086 1183 2333 1253 κλήσεων
2392 1186 2773 1256 σημαινόμενα
2829 1189 3123 1258 πρόσωπα,
3155 1187 3254 1258 οὐχ
3303 1188 3437 1258 δρῶ,
3483 1188 3570 1251 τίς
3602 1188 3682 1242 ἂν

2086 1275 2240 1329 ἔσται
2267 1280 2294 1330 ό
2319 1277 2526 1331 πείθων
2559 1279 2718 1347 λόγος
2751 1278 2849 1333 ἕνα
2880 1279 3016 1333 Θεὸν
3045 1279 3330 1351 ἀληθινὸν)
3362 1281 3455 1334 καὶ
3507 1280 3684 1349 μόνον

2084 1368 2218 1421 Θεὸν
2251 1367 2391 1424 εἶναι
2436 1371 2513 1457 τὰ
2561 1372 2713 1441 τρία.
2760 1370 2904 1439 Ἐγὼ
2929 1371 3040 1442 γὰρ
3065 1374 3131 1443 τῇ
3161 1377 3365 1443 φυσικῇ
3397 1376 3538 1458 αῦτῇ
3577 1376 3687 1427 καὶ
3714 1368 3729 1473 ξ

2086 1461 2334 1515 οὐσιῶδει
2376 1462 2558 1516 αὐτῶν
2601 1462 2832 1532 ὑπάρξει
2879 1464 2979 1533 τὴν
3026 1465 3309 1534 συμφυΐαν
3349 1466 3684 1519 ἀκολουθεῖν

2086 1562 2183 1616 καὶ
2211 1559 2460 1629 ὁμολογῶ
2496 1561 2591 1613 καὶ
2622 1559 2825 1630 φρονῶ,
2858 1560 2927 1630 ἢν
2956 1559 3110 1613 οὐδὲν
3134 1559 3265 1614 ἄλλο
3303 1559 3364 1613 τὸ
3388 1563 3688 1629 παριστῶν

2086 1651 2371 1722 πείθομαι,
2402 1652 2486 1706 ὅτι
2527 1652 2603 1723 μὴ
2634 1654 2797 1723 μόνον
2826 1652 2886 1706 τὸ
2915 1653 3003 1706 διὰ
3037 1652 3132 1706 τοῦ
3166 1651 3297 1706 Υἱοῦ
3342 1654 3408 1706 ὲκ
3456 1654 3687 1724 Πατρὸς

2087 1750 2184 1819 τὴν
2260 1748 2496 1818 ὕπαρξιν
2544 1750 2640 1804 καὶ
2696 1750 2951 1803 οὐσίωσιν
3000 1749 3146 1821 ἔχειν
3200 1750 3259 1802 τὸ
3329 1750 3554 1817 Πνεῦμα
3614 1749 3689 1802 τὸ

2086 1843 2263 1911 ἅγιον.
2340 1836 2511 1906 Οὗτος
2548 1842 2605 1896 δὲ
2664 1843 2740 1913 μὴ
2793 1841 2936 1896 οὕτω
2988 1840 3204 1912 φρονῶν
3242 1842 3343 1895 οὐκ
3394 1836 3512 1895 οἰδα
3565 1842 3689 1893 τίσι

2090 1936 2359 2005 μηχαναῖς
2407 1933 2504 1987 καὶ
2554 1938 2816 2004 στροφαῖς
2863 1934 3039 2002 λόγων
3086 1931 3302 2002 ἐκφύγῃ
3337 1932 3411 2002 μὴ
3448 1933 3690 1984 καταδι-

2086 2025 2358 2093 κασθῆναι
2383 2024 2446 2078 τὸ
2479 2027 2558 2088 ei;
2581 2025 2957 2079 ἀνυπόστατον
2992 2024 3274 2078 πιστεύειν
3306 2024 3539 2093 Τριάδα,
3573 2020 3688 2091 μό-

2086 2135 2200 2181 νοις
2249 2118 2479 2187 όνόμασι
2566 2118 2659 2172 καλ⁸
2727 2123 2866 2191 μόνῃ
2935 2120 3221 2188 ὀνομάτων
3286 2117 3687 2186 ἀπαριθμήσει

2086 2212 2510 2283 συνισταμένην.
2550 2232 2568 2263 ι
2610 2213 2722 2283 Οὐχ
2769 2214 2932 2274 οὕτω,
2973 2232 2992 2265 ι
3030 2214 3218 2282 φησὶν,
3253 2232 3271 2263 ι
3309 2210 3463 2282 ἡτοῦ
3494 2209 3684 2263 Πνεῦ-

2087 2323 2257 2376 ματος
2332 2308 2678 2378 προσηγορία
2740 2305 2839 2377 τὴν
2914 2305 3052 2375 πρὸς
3119 2307 3312 2374 ἕτερον
3370 2305 3689 2372 ἀναγκάζει

2086 2400 2388 2468 συνάφειαν
2424 2398 2501 2464 ὡς
2552 2400 2618 2452 ἐκ
2655 2400 2873 2469 Πατρὸς
2917 2396 3013 2452 καὶ
3040 2397 3195 2463 Υἱοῦ,
3223 2399 3274 2450 εἰ
3318 2396 3392 2465 μή
3427 2412 3513 2457 τις
3551 2395 3693 2464 βού-

2082 2496 2236 2550 λεται
2286 2495 2350 2548 τὸ
2388 2496 2483 2548 τοῦ
2532 2493 2749 2564 [ἰατρὸς
2798 2494 2968 2563 ὄνομα
3008 2493 3088 2556 εἰς
3124 2490 3394 2561 προϐολέα
3428 2489 3689 2553 μεταλα-

2084 2590 2199 2644 ϐεῖν
2222 2603 2237 2619 ⁸
2286 2588 2411 2642 τότε
2466 2587 2575 2658 γὰρ
2612 2588 2672 2640 οὐ
2699 2587 2790 2639 τὸν
2821 2585 2972 2651 Υἰδν,
3005 2583 3141 2639 αὐτὸ
3169 2582 3228 2637 δὲ
3278 2582 3340 2635 τὸ
3375 2580 3690 2651 πρόϐλημα

2062 2682 2391 2756 ’προσεχῶς,
2450 2699 2471 2734 ι
2536 2682 2724 2751 φησὶν,
2770 2698 2788 2731 ι
2842 2677 3209 2748 ἐφελκόμενον
3266 2676 3407 2747 ἴδῃς.
3471 2694 3491 2725 ι
3552 2675 3693 2727 Τῶν

2084 2776 2529 2849 κομψευμάτωνί
2579 2773 2720 2827 Ἀλλ’
2758 2774 2788 2826 6
2821 2773 2887 2825 ὲκ
2928 2771 3226 2842 Δαμασκοῦ
3272 2769 3374 2839 τὴν
3419 2767 3699 2835 οἰκουμέ-

2083 2887 2184 2941 νην
2232 2869 2334 2939 τῆς
2383 2866 2594 2928 οἰκείας
2658 2864 2960 2936 πληρώσας
3041 2860 3321 2929 θεολογίας
3371 2861 3432 2912 οὐ
3497 2858 3695 2912 ταῦτα

2086 2962 2361 3032 βούλεται.
2398 2978 2418 3013 ι
2456 2959 2768 3030 Προϐολεὺς
2812 2956 2944 3027 γὰρ,
3005 2975 3025 3009 ι
3054 2957 3248 3026 ’φησὶ,
3298 2972 3317 3004 ι
3365 2951 3455 3007 διὰ
3496 2952 3699 3019 Λόγου

2083 3055 2178 3108 τοῦ
2235 3053 2558 3123 Πνεῦματος
2590 3052 2619 3104 ὁ
2654 3051 2865 3122 Πατήρ.
2919 3070 2938 3102 ›
2977 3049 3090 3104 Καὶ
3142 3048 3247 3101 ποῦ
3307 3047 3407 3117 τὴν
3461 3046 3702 3100 οἰκείαν

2085 3149 2271 3218 χώραν
2329 3145 2441 3211 ἕξει
2500 3146 2564 3199 τὸ
2617 3143 2906 3215 προσεχῶς
2954 3143 3049 3197 ἐπὶ
3101 3140 3197 3195 τοῦ
3232 3139 3701 3215 προϐλήματος;

2091 3258 2110 3290 ι
2140 3237 2329 3304 Οὐδὲν,
2366 3257 2386 3290 ι
2424 3239 2590 3307 φησὶν
2645 3237 2675 3289 6
2709 3236 2895 3298 καινὸς
2937 3234 3210 3302 θεολόγος,
3251 3253 3269 3284 ι
3306 3233 3368 3286 τὸ
3401 3232 3541 3302 πρὸς
3575 3234 3703 3302 τὴν

2087 3332 2347 3402 ἀλήθειαν
2404 3329 2812 3399 παραλλάττον,
2855 3329 2903 3382 εἰ
2969 3328 3058 3381 διὰ
3113 3325 3211 3380 τοῦ
3275 3323 3560 3397 προσεχῶς
3624 3327 3704 3377 τὸ

2089 3425 2384 3497 πρόϐλημα
2422 3423 2599 3492 λέγων
2639 3425 2669 3477 6
2699 3422 2913 3492 Ἄγιος,
2945 3422 3097 3492 ὅμως
3139 3420 3236 3475 καὶ
3290 3418 3581 3490 προσεχῶς
3619 3421 3705 3473 ὲκ

2089 3520 2304 3591 Πατρὸς
2332 3518 2468 3574 αὐτὸ
2514 3513 2657 3572 εῖναι
2702 3519 2832 3572 νοεῖ.
2881 3514 3193 3587 Προϐολεὺς
3218 3513 3329 3584 γὰρ
3371 3509 3465 3565 τοῦ
3498 3510 3702 3564 11νεὺ-

2090 3630 2259 3685 ματος
2304 3612 2334 3665 6
2385 3611 2599 3682 Πατὴρ,
2645 3610 2744 3664 κα)⁸
2797 3608 2890 3663 τὸν
2941 3609 3119 3662 αἰτιον
3155 3605 3251 3660 τοῦ
3276 3603 3698 3684 Πνεῦματοςή

2083 3707 2230 3774 λέξις
2288 3705 2572 3779 σημαίνει.
2617 3704 2929 3775 Προϐολεῦς
2980 3703 3070 3759 διὰ
3105 3702 3261 3766 Υἰοῦ,
3310 3701 3405 3754 καὶ
3457 3699 3583 3768 οὐχὶ
3619 3700 3697 3751 τὸ

2085 3801 2222 3857 αὐτὸ
2259 3798 2542 3855 κάνταῦθα
2583 3799 2616 3871 ἡ
2669 3797 2811 3863 λέξις
2841 3798 3067 3852 δύναται
3104 3794 3379 3865 οὐδαμῶς.
3416 3811 3437 3845 ι
3498 3790 3697 3845 Πόθεν

2083 3900 2112 3952 6
2143 3896 2300 3965 λόγος
2344 3895 2408 3949 τὸ
2438 3892 2632 3948 πιστὸν
2663 3892 2777 3960 ἔξει
2829 3890 2939 3946 ἀπὸ
2986 3889 3267 3962 γραφικῆς
3316 3883 3690 3957 μαρτυρίαςς

2087 3993 2199 4045 Καὶ
2252 3989 2400 4052 τίνες
2456 3988 2514 4042 αἰ
2573 3985 2784 4057 ταύτην
2850 3984 3117 4055 φέρουσαι
3169 3979 3365 4054 βίϐλοι,
3402 3980 3498 4033 καὶ
3556 3978 3691 4041 τοῖς

2087 4083 2260 4139 πολλά
2310 4081 2583 4152 καμοῦσιν
2627 4080 2759 4151 ἡμῖν
2789 4078 3146 4149 άγνοηθεῖσαι
3207 4074 3375 4146 μέχρι
3411 4071 3505 4126 καὶ
3543 4070 3687 4138 vis;

2095 4178 2239 4235 Ἀλλ’
2265 4177 2374 4232 άπὸ
2397 4178 2496 4247 τῆς
2525 4174 2647 4230 κατ’
2679 4174 2928 4244 ἀνάγκην
2963 4169 3287 4236 ἀκολουθίας
3316 4166 3486 4224 αὑτοῦ
3509 4186 3523 4236 ;
3563 4170 3688 4223 Καὶ

2086 4272 2284 4345 πρῶτα
2329 4270 2431 4343 μὲν
2459 4268 2685 4340 οὐδεμία
2721 4266 2913 4337 λογική
2962 4283 3047 4330 τις
3076 4264 3304 4335 μέθοδος
3337 4263 3515 4327 ἔσται,
3550 4261 3685 4315 καθ’

2085 4370 2154 4441 ἢν
2200 4367 2506 4435 ἀναγκάσει
2550 4366 2579 4417 6
2628 4362 2786 4430 λόγος
2848 4361 2910 4413 τὸ
2967 4357 3255 4430 προσεχῶς
3311 4355 3389 4425 τῷ
3431 4357 3522 4410 διὰ
3578 4356 3682 4410 τοῦ

2085 4459 2375 4534 προσεχῶς
2428 4457 2744 4527 συμφωνεῖν
2768 4468 2785 4486 ·
2817 4453 3073 4523 δεύτερον
3116 4453 3150 4523 ή
3188 4448 3284 4504 τοῦ
3326 4449 3507 4505 ταῦτα
3556 4448 3683 4502 Geo-

393 4539 570 4635 palani
607 4566 929 4630 asseruerit,
955 4568 1047 4636 qui
1085 4539 1177 4623 illo
1208 4539 1312 4625 ﬁde
1345 4568 1649 4639 dignionde
1673 4570 1977 4627 dictionum

2088 4555 2420 4624 λογήσαντος
2475 4548 2815 4614 ἀξιοπιστία.
2849 4546 2914 4601 Εἰ
2942 4546 2999 4599 δέ
3047 4563 3133 4608 τις
3178 4544 3275 4598 καὶ
3315 4539 3384 4616 ἦν
3431 4545 3462 4596 6
3508 4542 3681 4596 τοῦτο

398 4656 694 4711 concordia
730 4655 945 4712 fuerit?
980 4657 1226 4715 Tertium
1259 4662 1303 4716 si
1341 4661 1551 4716 nullum
1586 4671 1736 4718 esset
1776 4663 1978 4720 discri-

395 4764 545 4812 men,
576 4749 977 4820 nuncquidem
1010 4751 1291 4822 contigue,
1335 4766 1482 4807 nunc
1535 4767 1631 4820 per
1662 4752 1797 4808 illud
1829 4754 1981 4824 quod

393 4841 648 4912 contigue
677 4851 762 4897 est
787 4858 853 4897 ex
879 4842 1062 4910 Patre,
1092 4844 1414 4914 productum
1450 4844 1581 4906 dici,
1613 4859 1720 4914 qua
1750 4847 1981 4914 [ratione

397 4949 521 4986 eum
551 4933 604 4987 in
650 4934 929 5005 plerisque
976 4935 1303 5004 theologicis
1352 4933 1516 4989 dictis
1558 4933 1732 4992 Filius
1766 4936 1981 4993 dicatur

392 5024 648 5093 contigue
677 5041 740 5079 ex
795 5025 977 5090 Patre,
1013 5026 1066 5078 in
1116 5026 1402 5080 nonnullis
1442 5026 1621 5083 dictus
1654 5028 1819 5083 etiam
1870 5046 1978 5084 non

388 5128 495 5182 est,
525 5131 621 5186 per
652 5116 783 5171 illttd
819 5117 960 5187 quod
989 5116 1248 5192 contigue
1280 5125 1384 5182 est,
1421 5126 1476 5171 et
1503 5115 1744 5186 Spiritus
1767 5120 1858 5188 qui
1879 5133 1976 5188 per

389 5210 546 5275 illud,
598 5209 742 5277 quod
777 5208 1033 5277 contigue
1090 5219 1192 5272 est,
1222 5222 1287 5260 ex
1327 5208 1507 5273 Patre,
1556 5208 1879 5276 afﬁrmatur,
1922 5210 1977 5262 in

389 5318 499 5356 una
566 5302 758 5355 saltem
812 5299 1106 5367 aliquando
1174 5300 1473 5369 scriptione
1532 5316 1642 5355 non
1703 5301 1979 5355 invenitur

392 5396 575 5447 dictus
622 5395 877 5460 contigue
905 5406 967 5444 ex
1000 5389 1198 5446 Patre?
1246 5392 1382 5446 Cum
1421 5394 1586 5447 etiam
1622 5393 1759 5449 alias
1788 5394 1977 5463 appel-

390 5486 662 5540 lationum
711 5482 889 5536 Patris
917 5491 972 5535 et
1006 5479 1130 5535 Filii
1165 5492 1353 5537 mutua
1382 5483 1661 5548 attractio,
1691 5493 1745 5536 et
1777 5482 1973 5543 relatio

392 5582 605 5647 absque
634 5574 802 5630 dubio
836 5574 1073 5630 suﬂiciat
1118 5575 1184 5629 ad
1235 5573 1653 5645 exprimendum
1695 5589 1762 5629 ex
1808 5572 1974 5629 Patre

389 5683 744 5741 progressum
786 5665 912 5722 Filii
942 5670 1221 5737 contigue,
1267 5667 1585 5722 redundans
1625 5677 1681 5722 et
1713 5680 1975 5737 superva-

392 5775 623 5815 caneum
648 5762 888 5816 ostendit
905 5760 1115 5817 dictum
1142 5775 1417 5825 asserens,
1444 5761 1702 5830 contigue
1726 5776 1791 5817 ex
1816 5760 1977 5817 Patre

393 5849 590 5906 Filium
611 5866 753 5908 esse.
772 5852 874 5920 QUI
893 5857 1035 5912 enim
1064 5856 1146 5912 vel
1170 5855 1426 5923 pusillum
1446 5855 1768 5926 intelligunt,
1796 5856 1976 5926 potius

2087 4646 2522 4702 κατασκευάσων
2543 4643 2725 4712 λόγος,
2743 4638 2811 4712 ἦν
2845 4640 2913 4695 ἂν
2940 4640 3003 4694 τὸ
3030 4639 3427 4709 προτιμότερον
3448 4637 3675 4709 ἔχουσα.

2088 4738 2366 4810 Διαφοράν
2398 4737 2506 4807 γὰρ
2533 4734 2701 4789 αὐτοῦ
2729 4737 2823 4789 ἐπὶ
2853 4733 2964 4787 τῶν
3004 4732 3099 4788 δύο
3143 4731 3411 4785 αἰτιατῶν
3457 4729 3680 4800 προσώ-

2091 4848 2209 4885 πων
2234 4831 2295 4883 τὸ
2326 4829 2413 4884 διὰ
2444 4827 2541 4882 τοῦ
2579 4827 2875 4898 προσεχῶς
2906 4828 3044 4898 πρὸς
3076 4826 3138 4879 τὸ
3180 4826 3471 4897 προσεχῶς
3505 4827 3679 4879 καθα-

2089 4923 2197 4994 ρῶς
2237 4922 2546 4993 εἰρηκότος,
2573 4920 2655 4983 τίς
2721 4919 2936 4973 ἐκείνου
2989 4918 3442 4987 ἀξιοπιστότερος
3482 4918 3579 4970 ἐπὶ
3606 4920 3671 4988 τῇ

2085 5016 2194 5072 τῶν
2226 5017 2425 5081 λέξεων
2480 5014 2819 5085 συμφωνίᾳ;
2874 5014 2985 5066 Καὶ
3041 5011 3225 5083 τρίτον
3276 5014 3326 5065 εἰ
3383 5012 3552 5082 μηδὲν
3603 5008 3679 5082 ἧν

2084 5111 2342 5183 διαφέρον
2374 5109 2470 5162 νῦν
2502 5108 2605 5180 μὲν
2655 5106 2965 5178 προσεχῶς,
2988 5105 3086 5158 νῦν
3117 5105 3175 5159 δὲ
3219 5105 3310 5159 διὰ
3343 5105 3441 5158 τοῦ
3476 5121 3674 5177 προσε-

2085 5205 2195 5276 χῶς
2228 5207 2292 5258 ὲκ
2330 5196 2546 5272 [ἰατρὸς
2568 5201 2629 5256 τὸ
2677 5200 2972 5270 πρόϐλημα
3003 5198 3283 5267 λέγεσθαι,
3309 5197 3396 5261 τίς
3438 5200 3467 5250 6
3512 5197 3671 5265 λόγος

2089 5298 2163 5368 μὴ
2193 5295 2402 5350 καὶτὸν
2442 5296 2498 5347 ὲν
2540 5292 2767 5354 πολλαῖς
2795 5292 2906 5345 τῶν
2942 5290 3237 5358 θεολογιῶν
3278 5288 3569 5359 προσεχῶς
3608 5291 3672 5341 ἐκ

2085 5390 2299 5461 Πατρὸς
2342 5386 2640 5460 εἰρημένον
2688 5387 2818 5439 Υἱὸν
2870 5388 3022 5438 ἐστιν
3070 5378 3133 5439 οὗ
3169 5383 3409 5455 ῥηθῆναι
3451 5384 3540 5438 διὰ
3573 5379 3668 5436 τοῦ

2088 5484 2393 5553 προσεχῶς,
2427 5484 2522 5535 καὶ
2548 5481 2611 5533 τὸ
2636 5480 2725 5534 διὰ
2757 5479 2853 5533 τοῦ
2882 5480 3173 5552 προσεχῶς
3197 5480 3264 5531 ὲκ
3300 5480 3516 5549 Πατρὸς
3549 5477 3668 5530 θεο-

2083 5577 2416 5646 λογούμενον
2452 5573 2683 5644 Πνεῦμα
2706 5571 3010 5644 εὑρεθῆναι
3044 5572 3142 5625 καὶ
3174 5573 3233 5625 ὲν
3264 5572 3367 5642 μιᾷ
3392 5570 3502 5624 τινί
3537 5586 3665 5623 ποτε

2083 5672 2194 5726 τῶν
2239 5658 2471 5741 γραφῶν
2503 5665 2788 5738 προσεχῶς
2833 5667 2899 5718 ὲκ
2953 5665 3207 5736 Πατρός;
3266 5663 3481 5727 "sum;
3520 5659 3664 5716 τετὸ

2081 5761 2189 5814 τῶν
2221 5760 2489 5830 κλήσεων,
2522 5757 2739 5830 [ἰατρὸς
2768 5759 2862 5811 καὶ
2895 5756 3048 5825 Υἰοῦ,
3082 5757 3249 5824 λέγω,
3269 5754 3659 5827 ὲφελκυστικδν

2084 5851 2331 5921 ἀλλήλων
2382 5852 2476 5906 καὶ
2531 5849 2801 5922 σχετικὸν,
2836 5847 3044 5920 ἀρκοῦν
3092 5846 3551 5920 ὁμολογουμένως
3579 5847 3655 5908 εἰς
