3962 6396
276 389 375 458 9Ξ1

1206 391 1641 452 REFUTATKO
1684 397 1902 457 Lllllil
1942 399 2265 461 GEORGII
2308 401 2588 462 (IYPllll.

3421 399 3528 462 922

270 499 373 567 τὴν
414 500 696 570 προσεχῶς
725 501 786 552 ὲκ
817 499 1031 571 Πατρδς
1066 502 1157 556 τοῦ
1191 503 1322 556 Υίοῦ
1368 504 1616 575 πρόοδον,
1651 524 1844 577 περισ-

1982 531 2003 564 n
2044 528 2335 584 progressu
2372 513 2607 582 Spiritus
2648 510 2991 567 infallibilem
3038 509 3328 581 theologia!
3362 514 3535 567 ratio-

274 590 530 658 σολογίαν
585 592 708 645 τινὰ
769 592 1012 648 δείκνυσι
1033 596 1134 665 τὴν
1168 596 1453 666 προσεχῶς
1509 599 1574 650 ἐκ
1629 600 1844 671 Πατρὺς

271 681 544 749 λέγουησαν
610 683 701 736 τὸν
750 684 878 738 Υίὸν
933 682 1072 741 εἶναι
1120 686 1423 756 θεολογίαν.
1488 692 1549 742 Οἱ
1599 691 1705 762 γὰρ
1753 694 1849 744 καὶ

277 771 490 840 σμικρὰ
536 775 770 846 συνορᾷν
821 775 1040 843 ἔχοντες
1087 777 1292 847 μᾶλλον
1346 779 1439 831 ὲπῖ
1471 780 1569 847 τῆς
1614 781 1846 850 προόδου

274 862 373 914 τοῦ
416 863 736 933 Πνεύματος
778 868 878 935 τὴν
911 870 1212 922 ἄπταιστον
1267 870 1522 923 ἀπαιτεῖν
1570 870 1851 940 θεολογίαν

273 956 673 1021 διαγνώσονται
730 962 806 1030 μὴ
866 959 1013 1026 ἅπαξ
1048 963 1230 1034 μόνον,
1259 964 1395 1019 ἀλλὰ
1443 966 1536 1019 καὶ
1575 966 1849 1037 πολλαχοῦ

276 1050 375 1137 καὶ¹
407 1049 733 1120 συχνότερον
779 1051 841 1104 τὸ
893 1039 1179 1124 προσεᾷὥς
1224 1056 1492 1112 τίθεσθαι.
1534 1059 1690 1111 Ἐπεὶ
1741 1061 1851 1130 γὰρ

277 1142 422 1192 κατὰ
467 1143 560 1212 τον
613 1144 671 1196 ἐν
731 1144 1084 1213 Εὑαγγελίοις
1122 1148 1295 1203 τύπον
1333 1151 1435 1219 τῆς
1484 1152 1853 1220 ἐκφωνήσεως

278 1235 464 1299 τρίτον
502 1236 591 1287 ἀεὶ
640 1236 701 1288 τὺ
749 1238 844 1292 τοῦ
891 1239 1214 1309 Πνεύματος
1258 1241 1604 1312 προφέρεται
1655 1243 1852 1314 ὄνομα,

282 1323 441 1395 εἴπερ
473 1327 673 1405 ᾔδεσαν
703 1330 921 1400 ἀληθῶς
940 1333 991 1386 οί
1017 1333 1119 1399 τῆς
1154 1333 1437 1401 θεολογίας
1483 1335 1713 1399 κανόνες
1762 1335 1873 1388 και

282 1416 586 1487 γνώμονες,
619 1423 668 1474 οἰ
720 1424 789 1475 τὰ
821 1424 1001 1478 λεπτὰ
1049 1425 1259 1494 ταύτης
1305 1425 1715 1496 διηρθρωκότες
1753 1429 1864 1496 llat-

283 1509 465 1578 τέρες,
498 1511 573 1581 μὴ
610 1512 709 1585 τὴν
733 1514 826 1567 τοῦ
854 1516 982 1569 Υξοῦ
1010 1516 1206 1586 δηλοῦν
1246 1494 1487 1588 ὕπαρξιν
1553 1516 1616 1569 τὸ
1645 1516 1733 1571 διὰ
1767 1494 1865 1570 τοῦ

285 1602 591 1671 προσεχῶς,
642 1605 844 1673 μᾶλλον
906 1608 973 1660 ἂν
1032 1608 1091 1660 τὸ
1160 1609 1449 1680 προσεχῶς
1482 1609 1577 1662 ἐπὶ
1621 1609 1722 1680 τῆς
1759 1608 1856 1664 τοῦ

1950 620 2073 657 Item
2104 621 2356 674 poscere,
2389 605 2789 674 dijudicabunt,
2832 618 2938 658 non
2972 603 3140 657 semel
3173 608 3387 656 tantum
3429 602 3525 657 sed

1952 693 2169 761 smpius,
2205 703 2258 749 et
2303 696 2578 765 plerisque
2611 695 2664 748 in
2716 694 2852 749 locis
2896 693 3029 747 illud
3084 695 3328 762 contigue
3379 692 3532 765 poni.

1952 780 2086 835 Nam
2124 798 2245 837 cum
2270 785 2571 839 secundum
2601 802 2722 855 quae
2751 785 2803 839 in
2831 784 3143 853 Evangeliis
3162 793 3270 847 est,
3301 783 3533 837 formam

1954 875 2371 941 enuntiationis,
2400 877 2621 930 tertium
2653 890 2870 945 semper
2900 889 3099 929 nomen
3132 873 3371 943 Spiritus
3400 888 3532 942 pro-

1957 965 2183 1031 feratur,
2219 967 2265 1021 si
2296 982 2422 1021 vere
2451 968 2687 1022 scissent
2717 967 3000 1035 theologia
3028 967 3232 1035 regulae
3258 977 3311 1020 et
3342 967 3537 1033 cogni-

1960 1068 2129 1124 tores,
2159 1059 2253 1129 qui
2278 1060 2500 1113 subtilia
2523 1059 2669 1113 illius
2702 1067 2850 1113 recte
2873 1066 3036 1126 atque
3067 1057 3318 1112 ordinate
3347 1056 3532 1127 diges-

1959 1159 2167 1214 serunt,
2216 1164 2311 1217 per
2341 1150 2473 1204 illud
2504 1165 2519 1204 :
2558 1149 2713 1215 Quod
2743 1151 3000 1219 contigue
3028 1156 3134 1214 est,
3158 1147 3532 1203 exsistentiam

1957 1240 2078 1296 Filii
2119 1258 2225 1296 non
2276 1241 2530 1308 indicari,
2560 1242 2742 1312 potius
2773 1241 2903 1295 illud
2932 1240 3175 1311 contigue
3209 1240 3264 1303 in
3295 1239 3536 1294 notanda

1959 1332 2197 1404 Spiritus
2219 1334 2535 1388 exsistentia
2582 1342 2961 1403 usurpassent.
3004 1334 3072 1386 At
3118 1346 3264 1385 nunc
3319 1338 3531 1384 tantum

1961 1426 2172 1480 nescire
2200 1426 2474 1489 videntur,
2499 1434 2559 1479 ut
2591 1424 2773 1494 potius
2807 1426 2861 1477 in
2891 1421 3210 1478 exsistentia
3241 1418 3367 1476 Filii
3401 1434 3538 1474 con-

1961 1520 2130 1587 tigue,
2169 1526 2223 1571 et
2259 1518 2573 1572 immediate
2601 1517 2922 1578 decernant,
2951 1513 3368 1569 accuratissima
3410 1525 3545 1581 pro-

1965 1609 2184 1662 batione
2207 1624 2315 1662 non
2344 1623 2407 1664 ea
2437 1610 2650 1671 ratione
2681 1624 2711 1662 a
2747 1608 2909 1662 Patre
2941 1606 3203 1676 Spiritum
3235 1619 3375 1660 esse.

286 1695 604 1765 Πνεύματος
635 1700 923 1770 ὑπάρξεως
973 1703 1309 1771 ὲθεολόγουν.
1339 1704 1454 1757 Νῦν
1494 1703 1549 1756 δὲ
1593 1703 1751 1756 τόσον
1778 1703 1852 1773 μὴ
1895 1702 2092 1755 εἰδέναι
2159 1703 2443 1771 φαίνονται
2492 1703 2675 1766 τοῦτο,
2725 1701 2801 1764 ὼς
2849 1702 2943 1753 ἐπὶ
3002 1700 3100 1769 τῆς
3156 1697 3290 1751 Υίοῦ
3341 1696 3547 1767 μᾶλλον

287 1788 577 1861 ὑπάρξεως
635 1793 695 1845 τὸ
745 1788 1033 1865 προσεχῶς
1063 1798 1158 1850 καὶ
1206 1796 1430 1866 ἀμέσως
1462 1796 1740 1865 θεολογεῖν
1805 1797 1886 1860 εἰς
1925 1797 2333 1869 ἀκριϐεστάτην
2400 1794 2751 1867 παράστασιν
2799 1793 2898 1863 τοῦ
2957 1792 3031 1864 μὴ
3081 1793 3175 1847 καί⁹
3202 1793 3264 1846 τὸ
3313 1793 3545 1862 Πνεῦμα
3607 1815 3628 1836 ο

288 1883 456 1946 οὕτως
486 1885 551 1939 ἐκ
580 1888 793 1958 Πατρὸς
823 1887 985 1944 εἶναι.

365 1983 459 2040 ις’.
515 1996 534 2029 ι
589 1945 730 2033 Ἀλλ’
761 1945 847 2049 ἐτη
888 1981 978 2044 ἂν,
1044 2000 1063 2033 ι
1125 1983 1263 2052 φησὶ
1308 1982 1583 2051 Κύπριος,
1624 2001 1645 2034 ι
1681 1983 1739 2036 οὐ
1766 1984 1866 2054 τὴν

2046 1982 2132 2035 16.
2183 2000 2200 2033 ι
2238 1981 2341 2035 Sed
2372 1990 2508 2045 esto,
2551 1999 2571 2031 ›
2624 1981 2700 2035 ait
2742 1979 3000 2050 Cyprius,
3050 1997 3068 2030 ι
3116 1994 3225 2032 non
3279 1978 3551 2033 exsisten-

284 2068 525 2141 ὕπαρξιν
557 2072 749 2144 αὐτὴν,
781 2075 879 2145 τὴν
904 2075 962 2127 δὲ
993 2075 1085 2128 διὰ
1137 2076 1233 2129 τοῦ
1289 2073 1423 2130 Υίοῦ
1459 2074 1727 2142 έκφανσιν
1770 2073 1866 2129 τοῦ

284 2162 605 2233 Πνεύματος
640 2166 737 2220 καὶ
769 2167 1091 2237 ἁπόλαμψιν
1120 2169 1179 2221 ὲν
1209 2171 1275 2238 τῇ
1308 2167 1399 2222 διὰ
1453 2168 1548 2221 τοῦ
1582 2169 1871 2237 π’ροσεχῶς

285 2259 441 2326 φωνῇ
474 2257 794 2312 διδάσκωνὸ
818 2259 1031 2325 Ἄγιος.
1075 2278 1094 2311 ι
1142 2260 1288 2329 Ἐγὼ
1341 2259 1388 2312 δ’
1427 2260 1694 2329 ἔκφανσιν
1742 2260 1866 2330 μὲν,

289 2346 385 2399 καὶ
421 2347 737 2418 ἀπόλαμψιν
764 2349 861 2421 τοῦ
910 2350 1233 2420 Πνεύματος
1263 2352 1331 2406 δι’
1361 2352 1492 2405 Υἱοῦ
1540 2354 1606 2405 ὲκ
1654 2352 1871 2424 Πατρὺς

255 2440 482 2494 έούκ⁹ἆν
517 2458 648 2495 ποτε
684 2442 1091 2515 ἁναϐαλλοίμην
1124 2444 1437 2513 ὁμολογεῖν,
1475 2443 1621 2516 πλὴν
1653 2444 1732 2507 ὡς
1764 2445 1867 2514 τῆς

287 2533 534 2604 φυσικῆς
588 2534 878 2606 ὑπάρξεως
940 2538 1036 2591 καὶ
1088 2538 1262 2592 ταῦτα
1307 2538 1616 2609 δηλωτικάο
1660 2538 1757 2592 καὶ
1809 2538 1871 2592 τὸ

288 2624 491 2695 ἀληθὲς
519 2625 618 2692 τῆς
646 2625 758 2680 τῶν
780 2625 982 2692 λέξεων
1029 2628 1352 2698 συμφωνίας
1384 2630 1536 2683 πᾶσα
1580 2627 1870 2700 θεολογική

290 2719 557 2787 συστήσει
591 2717 798 2789 γραφὴ,
828 2721 860 2789 ή
901 2719 996 2773 καὶ
1041 2721 1129 2773 ἐπ’
1164 2720 1328 2774 αὐτοῦ
1375 2719 1508 2774 Υἱοῦ
1541 2720 1641 2791 τὴν
1664 2721 1727 2773 ὲκ
1761 2721 1874 2773 Πα-

291 2810 423 2880 τρδς
458 2808 694 2881 ὕπαρξιν
736 2812 826 2865 διὰ
858 2811 961 2881 τῆς
1012 2812 1331 2882 ὲκφάνσεως
1376 2813 1470 2865 καὶ
1502 2811 1874 2880 ἁπολάμψεως

293 2901 728 2972 παριστάνουσα.
752 2903 815 2955 Ei
849 2902 896 2955 δ’
922 2906 950 2956 ὁ
974 2904 1083 2958 τῶν
1106 2903 1241 2956 νέων
1270 2903 1557 2971 θεολογιῶν
1580 2902 1875 2972 διορίζεται

292 2993 596 3066 νομοθέτης
645 2995 954 3067 βουλήσεως
999 2996 1094 3049 καὶ
1129 2994 1401 3065 θελήσεως
1434 2990 1576 3049 εἶναι
1612 2997 1706 3049 καὶ
1738 2994 1877 3048 ταύ-

290 3103 397 3150 τας
421 3087 766 3159 βηλωτικὰς,
792 3089 867 3153 ὡς
912 3090 967 3141 αἱ
1007 3090 1270 3158 χορηγίαι
1312 3090 1407 3141 καί
1447 3088 1748 3143 ἀποστολαὶ
1781 3089 1878 3141 καὶ

290 3179 494 3243 δόσεις,
519 3181 614 3234 καὶ
639 3181 755 3234 εἴτι
772 3182 1014 3235 τοιοῦτον
1037 3182 1124 3235 ἐπ’
1152 3182 1436 3254 ἀνατροπῇ
1461 3185 1559 3252 τῆ;
1588 3182 1878 3253 ὑπάρξεως

297 3271 645 3339 προτείνεται
703 3272 836 3338 παρ’
867 3272 1057 3338 αὐτοῦ,
1101 3251 1424 3328 ἑπέσθωσαν
1453 3275 1502 3327 oi
1540 3273 1874 3344 βουλόμενοι.

1970 2074 2098 2127 tiant
2137 2074 2332 2142 ipsam,
2360 2075 2450 2128 sed
2483 2088 2577 2143 per
2617 2072 2814 2126 Filium
2853 2072 3092 2141 Spiritus
3129 2070 3537 2131 emicationetn,

1967 2169 2080 2220 sive
2111 2166 2453 2221 etl‘ulsionem
2490 2167 2543 2219 in
2578 2165 2838 2226 dictione,
2890 2178 2988 2233 per
3026 2163 3158 2217 illud
3180 2200 3196 2225 ,
3240 2162 3385 2228 quod
3420 2174 3556 2215 con-

1972 2261 2118 2330 tigue
2146 2270 2250 2323 est,
2289 2259 2483 2314 doceat
2514 2266 2763 2330 sanctus.
2800 2275 2819 2306 ι
2876 2256 2992 2324 Ego
3022 2268 3152 2307 vero
3179 2252 3551 2317 eﬁ‘ulsionem,

1970 2350 2085 2406 sive
2139 2349 2523 2404 emicationem
2576 2348 2816 2417 Spiritus
2877 2362 2945 2401 ex
2996 2346 3157 2400 Patre
3193 2359 3289 2413 per
3354 2343 3550 2417 Filium

1972 2442 2129 2498 fateri
2177 2458 2457 2512 nunquam
2503 2439 2810 2510 effugerint,
2863 2438 3162 2492 dummodo
3193 2437 3284 2490 illa
3317 2414 3551 2490 natura-

1971 2537 2078 2592 lem
2106 2535 2483 2591 exsistentiam
2528 2541 2681 2587 notat
2721 2549 2734 2586 :
2782 2541 2837 2586 et
2882 2531 3167 2584 veritatem
3208 2528 3555 2583 concordan-

1976 2633 2115 2687 tium
2148 2629 2470 2698 :dictionum
2523 2636 2720 2683 cuncta
2772 2625 3151 2692 theologorum
3201 2619 3350 2673 dicta
3410 2631 3559 2672 eom-

1974 2723 2303 2793 probabuut,
2340 2736 2462 2791 qua:
2486 2721 2553 2775 de
2584 2721 2702 2789 ipso
2732 2717 2873 2771 Filio
2895 2731 2961 2770 ex
2987 2714 3147 2768 Patre
3168 2709 3552 2766 exsistentiam

1975 2831 2070 2885 per
2139 2812 2481 2868 eﬁulsionem
2540 2821 2595 2867 et
2646 2810 3026 2864 emicationent
3096 2803 3428 2873 exprimunt.
3476 2798 3557 2865 [Si

1977 2924 2130 2974 vero,
2162 2907 2241 2962 uti
2271 2919 2540 2960 novarum
2581 2886 3016 2972 theOIOgicaru'm
3060 2897 3366 2952 dictionum
3401 2893 3559 2964 [lator

1978 3001 2323 3067 determinat,
2376 3000 2714 3055 voluntatem
2768 3004 2823 3051 et
2878 2991 3167 3049 consilium
3222 2987 3557 3059 significant,

1979 3089 2440 3165 quemadmodum
2497 3085 2995 3158 snppeditationes,
3030 3080 3342 3143 missiones,
3383 3075 3564 3129 datio-

1983 3202 2098 3252 nes,
2131 3193 2187 3240 et
2234 3182 2499 3254 quidquid
2548 3180 2696 3235 aliud
2732 3177 2799 3232 ad
2832 3174 3242 3231 convellendam
3279 3169 3562 3225 exsisten-

1983 3280 2112 3334 tiam
2170 3276 2239 3330 ab
2285 3276 2477 3328 eodem
2518 3269 2872 3341 producitur,
2930 3275 2983 3321 et
3033 3266 3085 3319 in
3152 3261 3390 3316 medium
3448 3272 3559 3312 non

296 3363 366 3415 Τί
398 3364 534 3431 πρὸς
555 3363 654 3434 τὴν
685 3363 940 3433 ἀλήθειαν
974 3366 1070 3419 καί
1097 3366 1339 3436 ἡμᾶς,εῐ
1363 3382 1509 3430 τινες
1537 3365 1875 3438 θρεμμάτων

1984 3370 2147 3426 nimis
2178 3377 2337 3425 caute
2371 3364 2627 3429 aﬁ‘ertur,
2652 3361 2853 3432 quibus
2894 3358 3011 3414 haec
3053 3353 3379 3423 complacita
3411 3357 3564 3411 sunt,

292 3454 457 3523 δίκην
500 3454 674 3508 ὀπίσω
737 3455 1028 3525 κενολόγου
1082 3458 1229 3521 τινὸς
1275 3456 1523 3512 ἐθέλουσι
1577 3457 1875 3531 φέρεσθαι;

297 3562 366 3613 φε
378 3546 677 3616 ρέσθωσαν.

375 3733 461 3799 ιζ’·
526 3738 715 3806 Ἡμεῖς
769 3740 816 3793 δ’
864 3740 962 3809 ἆγε
1010 3740 1078 3809 δὴ
1117 3739 1316 3808 ἴδωμεν
1349 3741 1445 3793 καὶ
1486 3738 1514 3791 ὃ
1563 3737 1877 3792 τελευταῖον

295 3827 497 3899 ὥσπερ
532 3830 745 3901 ἄμαχόν
790 3848 842 3882 τι
891 3831 984 3883 καὶ
1033 3829 1495 3884 δυσαντίϐλεπτον
1541 3828 1635 3882 ἐπὶ
1670 3830 1738 3898 τῇ
1783 3827 1884 3897 τῆς

295 3920 564 3988 ἀληθείας
596 3919 879 3995 ἀνατροπῇ
922 3924 950 3976 ὀ
997 3923 1095 3992 τῆς
1135 3920 1396 3992 ἀληθείας
1443 3918 1769 3991 δογματίζει
1799 3920 1887 3973 ἀν-

295 4014 547 4077 τίπαλος.
605 4033 623 4065 ι
672 4015 748 4068 Τὸ
796 4013 1236 4085 προεπινοεῖσθαι
1272 4013 1364 4066 τὸν
1406 4012 1532 4066 Υἱὸν
1571 4011 1664 4065 τοῦ
1707 4010 1883 4066 Πνεύ-

304 4124 475 4174 ματος
502 4107 644 4161 κατὰ
675 4108 766 4160 τὸν
796 4109 896 4177 τῆς
924 4108 1105 4168 αἰτίας
1151 4107 1307 4175 λόγον
1342 4106 1427 4171 οὐ,
1470 4123 1491 4158 ι
1533 4105 1696 4175 φησὶ,
1739 4122 1758 4155 ι
1795 4102 1884 4157 διὰ

296 4199 407 4267 τὴν
461 4196 553 4251 τοῦ
594 4193 734 4252 εἶναι
795 4198 1020 4267 πρόοδον
1065 4197 1142 4268 τῷ
1201 4198 1352 4265 αὐτῷ
1409 4196 1580 4267 Ἀγίῳ
1631 4194 1885 4266 ῥηθῆναι,

298 4291 424 4344 ἀλλ’
488 4290 712 4362 ἐπειδὴ,
773 4310 792 4344 ι
856 4294 1044 4365 φησὶν,
1122 4311 1140 4344 ι
1213 4290 1388 4353 αἴτιος
1448 4289 1550 4359 μὲν
1603 4287 1737 4341 Υἱοῦ
1795 4272 1890 4341 καὶ

298 4382 623 4454 Πνεύματος
655 4385 682 4435 ὁ
710 4382 921 4453 Πατὴρ,
953 4382 1030 4453 τῷ
1084 4382 1257 4453 Πατρί
1303 4381 1384 4443 δὲ,
1485 4380 1680 4448 Πατρὶ,
1726 4377 1891 4442 εὐθὺς

302 4479 711 4531 συνεπινοείται
760 4479 788 4529 ὁ
839 4476 967 4538 Υἱὸς
1010 4474 1153 4528 κατὰ
1186 4474 1290 4547 τὴν
1328 4472 1431 4525 τῶν
1476 4471 1611 4542 πρός
1646 4486 1701 4522 τι
1729 4467 1892 4538 φύσιν

297 4569 409 4624 ἀπ’
460 4569 707 4639 ἀλλήλων
756 4568 1142 4637 συναγομένων
1195 4565 1274 4637 τῷ
1326 4563 1472 4636 λόγῳ
1523 4563 1624 4634 τῆς
1676 4561 1888 4625 αἰτίας,

296 4665 430 4737 ἦτοι
489 4663 592 4733 τῆς
651 4660 789 4734 πρὸς
838 4661 930 4715 τὸν
997 4658 1217 4731 Πατέρα
1265 4657 1360 4713 τὸν
1407 4657 1581 4741 αςτιον
1624 4655 1887 4725 σχέσεως,

306 4755 723 4824 προεπινοεϊται
757 4751 849 4806 τοῦ
880 4749 1200 4820 Πνεύματος
1232 4750 1261 4802 ὁ
1308 4748 1458 4812 Υἱός.
1503 4767 1522 4799 ι
1570 4743 1714 4814 Ἐγὼ
1755 4744 1801 4797 δ’
1834 4746 1891 4798 ὲν

302 4848 529 4911 πολλοῖς
583 4847 692 4900 τῶν
744 4845 893 4917 ἐμῶν
950 4842 1393 4914 προεπινοεϊσθαι
1443 4841 1540 4897 τοῦ
1573 4842 1893 4910 Πνεύματος

299 4942 402 4996 τὸν
430 4941 557 4995 Υίδν
581 4939 723 4995 κατὰ
750 4938 844 4990 τὸν
867 4939 966 5007 τῆς
995 4935 1173 4998 αἰτίας
1202 4934 1383 5003 λόγον,
1414 4934 1556 4988 κατὰ
1576 4933 1637 4986 τὸ
1663 4934 1732 4986 δι’
1760 4929 1894 4986 Υίοῦ

304 5039 380 5089 ὲκ
418 5032 632 5102 Πατρὸς
663 5030 764 5102 τὴν
787 5030 995 5083 οἰκείαν
1029 5025 1181 5096 αὐτῷ
1214 5025 1360 5096 ἔχειν
1390 5024 1591 5090 αἰτίαν,
1626 5022 1901 5095 ἐξηγησά-

308 5143 500 5199 μενος,
538 5126 661 5179 ἐπεὶ
693 5126 721 5178 ὀ
754 5123 916 5187 αὑτός
944 5123 1094 5175 ἐστιν
1126 5120 1316 5188 Ἀγιος
1342 5119 1372 5172 ὁ
1408 5117 1504 5170 καὶ
1523 5117 1616 5170 διὰ
1641 5114 1736 5169 τοῦ
1767 5113 1899 5167 Υίοῦ

307 5217 557 5275 σίτιατὺν
585 5216 718 5271 αὐτὸ
758 5217 822 5269 ὲκ
873 5216 1087 5285 Πατρδς
1140 5211 1416 5284 ἀριδήλως
1469 5205 1761 5278 θεολογῶν,
1794 5206 1893 5276 τῆς

308 5309 641 5379 ἐξηγήσεως
696 5306 900 5377 ταύτης
951 5306 1104 5359 οὐδὲν
1153 5304 1488 5373 σαφέστερον
1538 5300 1776 5371 ἥγημαι,
1811 5298 1894 5352 ὅτι

314 5376 446 5475 μηδ’
472 5376 856 5472 ἀληθέστερον,
894 5398 952 5450 '0
993 5397 1051 5450 δὲ
1077 5395 1169 5449 τὸν
1199 5395 1358 5463 λόγον
1394 5392 1492 5462 τῆς
1522 5389 1700 5453 αἰτίας
1730 5389 1810 5452 είς
1835 5387 1896 5441 τὸ

308 5495 455 5563 πρὸς
481 5492 723 5561 ἀλλήλας
757 5489 1148 5559 ὲφελκυστικὺν
1174 5487 1282 5540 τῶν
1307 5486 1555 5557 κλήσεων
1580 5482 1895 5555 ἀναφέρων,

312 5587 418 5641 καὶ
447 5585 547 5657 τὴν
591 5584 728 5656 πρὸς
775 5584 867 5636 τὸν
912 5583 1084 5636 αἴτιον
1116 5581 1338 5651 Πατέρα
1367 5579 1554 5648 σχέσιν
1579 5575 1774 5648 δηλοῦν
1799 5572 1897 5644 τὴν

312 5678 470 5743 λέξιν
492 5676 902 5747 διανιστάμενος
935 5675 1073 5744 πρὸς
1100 5673 1176 5742 τῷ
1204 5672 1489 5741 αἰνίγματι
1519 5669 1699 5739 λέγειν
1728 5665 1898 5737 παρό-

323 5790 504 5847 μοιον,
555 5770 699 5825 έοικε
752 5771 848 5824 καὶ
898 5772 998 5840 τὴν
1043 5770 1142 5839 τῆς
1180 5767 1358 5828 αἰτίας
1381 5763 1530 5830 λέξιν
1563 5762 1662 5816 οὑκ
1697 5762 1776 5824 εἰς
1803 5760 1898 5829 δή·

326 5868 500 5921 λωσιν
536 5865 924 5936 πραγματικῆς
974 5860 1281 5938 ὑπάρξεως,
1308 5858 1430 5913 καθ’
1465 5857 1533 5930 ἢν
1564 5857 1627 5911 τὰ
1679 5852 1897 5910 αἰτιατὰ

1984 3471 2302 3532 sequantur.
2342 3457 2485 3525 Quid
2542 3456 2700 3510 obest
2774 3451 2932 3507 nobis
2982 3456 3037 3504 et
3078 3446 3318 3510 veritati,
3360 3444 3403 3497 si
3444 3442 3568 3511 qui-

1983 3557 2108 3613 dam
2136 3554 2404 3625 pecudum
2429 3551 2604 3606 instar
2625 3560 2763 3602 vana
2790 3559 2852 3599 ac
2900 3543 3188 3597 temeraria
3218 3537 3567 3608 obloqueutis

1982 3646 2210 3714 vestigia
2249 3639 2594 3713 sequuntur?
2622 3643 2943 3706 sequantur.

2054 3736 2145 3799 t7,
2184 3735 2297 3805 Age
2330 3746 2476 3787 nunc
2507 3744 2636 3785 vero
2664 3741 2764 3783 nos
2799 3735 2858 3780 ct
2887 3734 3226 3795 postremum
3261 3719 3393 3775 illud
3427 3733 3563 3773 con-

1984 3828 2309 3891 sideremus,
2365 3820 2513 3893 quod
2539 3820 2615 3875 uti
2639 3816 3006 3888 insuperabile
3053 3824 3106 3869 et
3142 3810 3566 3883 inexpugnabile

1986 3921 2052 3976 ad
2084 3915 2433 3974 refellendam
2483 3915 2791 3977 veritatem,
2849 3909 3093 3965 veritatis
3153 3905 3336 3960 hostis
3395 3901 3566 3957 veluti

1987 4016 2183 4085 dogma
2252 4011 2547 4082 proponit:
2595 4027 2615 4061 ι
2674 4005 3022 4076 Pracintelligi
3091 4000 3287 4057 Filium
3361 3997 3566 4069 Spiritu

1991 4105 2297 4165 secundum
2375 4117 2554 4158 causa:
2647 4100 2923 4157 rationem
2976 4137 2991 4163 ,
3067 4115 3087 4147 ι
3162 4095 3289 4152 ait.
3363 4111 3382 4145 ι
3459 4105 3571 4145 non

1990 4210 2211 4271 propter
2243 4208 2622 4267 _progressum
2684 4192 2751 4246 ad
2807 4205 2932 4246 esse
2993 4202 3024 4241 a
3094 4197 3286 4243 sancto
3357 4182 3571 4238 dictum

1991 4292 2182 4355 fuisse,
2218 4288 2310 4345 sed
2342 4288 2473 4358 quia
2520 4300 2689 4341 causa
2722 4281 2845 4336 Filii
2888 4289 2944 4336 et
2991 4279 3231 4349 Spiritus
3274 4278 3439 4330 Pater
3467 4282 3573 4339 est,

1992 4402 2116 4443 cum
2152 4382 2313 4438 Patre
2340 4395 2470 4435 vero
2498 4387 2557 4433 ut
2583 4376 2743 4431 Patre
2774 4389 2881 4429 una
2918 4371 3084 4431 simul
3122 4366 3442 4436 intelligitur
3486 4363 3579 4419 Fi-

1991 4480 2099 4535 lius
2148 4473 2450 4532 secundum
2513 4479 2764 4525 naturam
2821 4463 3109 4522 relationis
3165 4460 3400 4515 invicem
3455 4469 3580 4511 sese

1994 4569 2311 4640 colligentes
2368 4563 2580 4620 ratione
2631 4575 2835 4625 causae,
2905 4567 3021 4633 aut
3062 4554 3126 4609 ad
3183 4552 3423 4615 Patrem,
3482 4547 3581 4618 qui

1996 4675 2163 4717 causa
2191 4666 2297 4723 est,
2327 4656 2612 4712 relationis
2644 4649 3083 4723 praeintelligitur
3119 4644 3326 4716 Spiritu
3344 4640 3573 4695 Filius.)
3641 4695 3648 4701 _

1999 4754 2112 4825 Ego
2161 4765 2327 4824 porro
2363 4750 2416 4804 in
2468 4747 2750 4818 plerisque
2784 4743 2920 4798 meis
2961 4738 3184 4810 scriptis
3227 4732 3578 4808 praeintelligi

1993 4845 2195 4904 Filium
2258 4842 2469 4914 Spiritu
2532 4836 2830 4894 secundum
2872 4849 3052 4890 causa:
3107 4831 3401 4896 rationem,
3448 4826 3578 4881 dttm

1998 4957 2094 5013 per
2123 4938 2324 4994 Filium
2354 4951 2420 4992 ex
2453 4934 2619 4990 Patre
2651 4931 2929 5004 prepriam
2958 4942 3178 4984 causam
3225 4925 3409 4990 habet,
3454 4935 3579 4977 cum

1996 5030 2375 5102 exposuerim,
2402 5029 2627 5097 quando
2663 5026 2802 5079 idem
2837 5032 3065 5079 sanctus
3110 5027 3214 5084 est,
3249 5017 3341 5087 qui
3370 5030 3467 5086 per
3500 5013 3584 5067 Fi-

2000 5124 2134 5178 lium
2189 5126 2475 5174 causatum
2528 5117 2710 5186 ipsum
2756 5131 2821 5170 ex
2866 5113 3027 5169 Patre
3081 5112 3260 5182 palam
3314 5104 3581 5172 decernit,

2003 5215 2105 5268 hac
2156 5209 2500 5279 expositione
2554 5208 2691 5261 nihil
2722 5207 2938 5276 planius
2988 5202 3277 5268 duxerim,
3328 5214 3433 5271 qua
3480 5211 3583 5253 nec

2002 5301 2304 5374 quidquam
2334 5299 2518 5354 verius
2547 5312 2670 5354 esse
2702 5312 2849 5352 reor.
2875 5295 2943 5349 At
2975 5297 3063 5350 hic
3101 5297 3371 5349 rationem
3403 5304 3585 5346 causa

2004 5396 2071 5452 ad
2108 5401 2354 5449 mutuam
2407 5390 2839 5462 appellationum
2876 5388 3262 5443 attractionem
3316 5384 3581 5447 referens,

2004 5498 2059 5545 et
2088 5502 2215 5558 erga
2241 5485 2454 5541 Patrem
2474 5500 2699 5541 causam
2723 5482 3046 5539 relationem
3079 5480 3323 5534 dictione
3348 5478 3582 5533 indicari

2004 5578 2365 5643 contendens,
2411 5586 2775 5647 praterquam
2831 5571 2977 5644 quod
3037 5570 3312 5642 aenigtnati
3373 5570 3583 5626 similia

2005 5670 2255 5734 blaterat,
2288 5669 2503 5724 videtur
2529 5677 2584 5723 et
2613 5682 2793 5722 causa:
2826 5665 3123 5721 dictionem
3155 5664 3224 5720 ad
3262 5663 3589 5733 significan-

2006 5762 2133 5819 dam
2161 5765 2363 5818 realem
2393 5760 2787 5826 exsistentiam,
2824 5758 3122 5815 secundum
3158 5773 3323 5829 quam
3350 5766 3589 5814 causata:

2008 5872 2253 5928 persona!
2301 5855 2662 5915 subsistentes
2698 5870 2760 5911 ex
2824 5855 3158 5913 subsistente
3210 5868 3376 5911 causa
3436 5859 3588 5923 sunt,
