3962 6396
275 383 388 447 925

1392 382 1490 444 DE
1530 382 1829 443 UNIONE
1867 382 2426 443 ECCLESIARUM.

3444 381 3548 445 926

272 501 539 570 δυσχερὴς
567 500 653 570 ἐφ’
695 501 803 570 ὅτῳ
828 495 920 555 οὗν
947 500 1055 554 τῶν
1095 502 1631 571 ἀναγινωσκομένων
1673 502 1766 554 ἐπὶ
1790 503 1856 571 τῇ

1979 514 2086 554 rem
2113 499 2399 563 ducentes,
2434 477 2756 570 nulla‘ipsis
2781 500 3069 557 didicultas
3107 507 3375 564 remanet,
3414 500 3547 555 dum

275 589 625 658 καταγνώσει
683 591 794 642 τῶν
846 591 1012 645 αὐτοῦ
1089 592 1352 661 αἱρέσεων
1411 591 1649 662 ἔχουσιν·
1709 590 1854 646 οὕτω

1983 591 2164 661 iugula
2218 591 2426 660 legunt,
2482 591 2553 645 ad
2584 592 3028 661 condemnandas
3082 593 3227 647 illius
3290 591 3548 646 haereses.

274 685 445 745 (635;,
481 683 657 745 οὕτως
707 685 738 752 ἠ
771 683 947 736 πάντα
975 682 1185 737 νικῶσα
1220 683 1472 753 ἀλήθεια.
1502 685 1610 737 Kal.
1642 684 1705 735 σὺ
1734 682 1854 753 Θεῷ

1979 683 2050 737 Sic
2088 682 2254 744 Deus,
2292 681 2371 737 sic
2401 683 2585 737 omnia
2613 675 2838 739 vincens
2882 687 3106 740 veritas.
3162 684 3225 738 Et
3258 694 3315 737 tu
3352 683 3463 738 Deo
3491 691 3547 735 et

275 777 375 829 xv‘.
404 779 467 845 τῇ
501 776 730 846 ἀληθεία
764 778 1106 848 εὐχαριστεῖν
1140 778 1235 829 σὺν
1261 778 1393 845 ἡμῖν
1419 775 1494 847 μὴ
1529 776 1853 845 παυόμενος,

1957 774 2171 828 veritati
2203 774 2406 842 gratias
2431 790 2592 843 agere
2638 791 2747 831 una
2798 778 3084 832 nobiscum
3137 791 3206 831 ne
3236 790 3440 837 cesses,
3496 779 3553 827 et

273 870 376 921 καὶ
405 869 503 936 τὴν
542 870 623 931 εὶς
654 868 806 931 τέλος
832 868 1033 938 ταύτης
1061 867 1385 938 ἐπιταχῦναι
1412 869 1857 923 ἀποκατάστασιν

1979 865 2358 921 'estitutionem
2390 867 2555 926 citius
2579 868 2838 925 advenire
2880 885 3110 925 exorare
3145 866 3414 940 neglectui
3452 865 3550 921 tibi

273 959 537 1029 εὔχεσθαι
568 959 641 1029 μὴ
674 960 886 1029 ἀμέλει.

316 1188 369 1197 ς...-
392 1190 430 1196 -_
448 1189 575 1196 ’.πυ-μ
594 1188 865 1197 .——.—————.

1963 972 2033 1011 ne
2052 957 2155 1012 ‘sit.

868 1171 3519 1214 _______________._._.._a_________'.______________________..___

1413 1341 1763 1476 ΤΟΥ
1839 1339 2419 1477 ΑΥΤΟΥ

1832 1573 1994 1626 ΠΕΡΙ

996 1761 1215 1847 ΤΗΣ
1292 1756 2274 1846 ΕΚΚΑΗΣΙΑΣΤΙΚΗΣ
2350 1759 2828 1844 ΕΙΡΗΝΗΣ

1470 2123 2360 2282 EJUSDEM

1011 2443 1209 2605 DE~
1269 2442 1627 2555 PACE
1668 2512 1673 2517 -
1722 2440 2835 2558 ECCLESIASTICA

1481 2703 2353 2796 FRAGMENTUM.

340 2928 361 2993 ί
368 2930 513 2994 Apud
548 2928 801 2989 Allatium,
821 2926 884 2976 de
911 2924 1169 2987 utriusque
1194 2920 1433 2972 Ecclesiae
1455 2925 1697 2983 perpetua
1718 2910 1767 2968 in
1792 2921 2022 2981 dogmate
2045 2918 2109 2967 de
2136 2917 2425 2978 Purgatorio
2466 2916 2810 2973 consensione,
2838 2928 2887 2977 p.
2912 2914 3020 3003 59h.
3046 2916 3215 2966 Romae
3242 2916 3379 2978 16⁵55,
3402 2920 3495 2979 8°.)

1903 3097 1973 3108 .——

351 3267 416 3319 Ei
445 3265 543 3333 μὲν
576 3262 702 3332 ἄρτι
746 3260 976 3331 πρώτως
1005 3259 1034 3311 ὁ
1071 3258 1203 3329 περὶ
1247 3257 1346 3326 τῆς
1385 3257 1444 3309 ὲν
1473 3255 1551 3325 τῷ
1600 3255 1862 3324 Συμϐόλῳ

2040 3253 2285 3322 Namque
2318 3251 2363 3307 si
2408 3266 2553 3307 nunc
2588 3252 2825 3321 primum
2868 3252 2935 3307 de
2968 3252 3249 3308 additione
3300 3253 3357 3309 in
3395 3252 3563 3326 Syn-

273 3351 605 3421 ττροσθήκης
655 3349 812 3416 λόγος
872 3347 1038 3417 μέσον
1076 3346 1331 3416 Γραικῶν
1386 3362 1447 3397 τε
1498 3344 1591 3397 καὶ
1650 3342 1872 3396 Ἰταλῶν

271 3446 531 3508 ἐκινεῖτο,
574 3441 695 3511 τάχ’
727 3441 795 3493 ἂν
840 3439 1047 3508 γυμνὸς
1096 3438 1314 3507 ἀτιάσης
1373 3436 1539 3504 ἄλλης
1591 3435 1871 3504 ζητήσεως

272 3537 644 3605 ἐγυμνάζετο,
673 3536 785 3589 εἴτε
805 3552 891 3597 τις
919 3533 1072 3601 αὐτῷ
1099 3531 1429 3604 παραφθορά
1459 3529 1559 3595 τῆς
1588 3527 1873 3598 ἀκριϐείας

272 3631 593 3699 ἐντήκεται,
626 3630 737 3681 εἴτε
786 3627 948 3697 μέχρι
998 3627 1200 3690 λέξεως
1236 3625 1339 3694 τῆς
1375 3623 1635 3691 διαφορᾶς
1680 3620 1869 3673 δοκού-

274 3736 384 3789 σης
413 3720 549 3789 πρὸς
583 3719 645 3771 τὸ
670 3718 769 3788 τῆς
798 3717 1005 3780 ἐννοίας
1039 3716 1213 3777 οὕτως
1245 3713 1478 3782 ὑγιαίνει
1510 3710 1865 3778 ἀδιάφθορον·

273 3814 406 3866 ἐπεὶ
443 3813 501 3865 δὲ
545 3812 603 3877 ὲξ
634 3810 813 3864 αὐτῶν
861 3809 972 3862 τῶν
1003 3809 1099 3861 τοῦ
1138 3806 1345 3859 Φωτξου
1407 3803 1617 3874 χρόνων
1659 3803 1686 3853 ὁ
1718 3801 1873 3865 λόγος

276 3907 426 3962 οὕτω
451 3906 550 3975 τὴν
580 3903 758 3970 κακὴν
785 3901 1100 3973 ἀναρρήξας
1133 3900 1299 3953 ὠδῖνα
1328 3897 1598 3967 προῆλθεν
1629 3896 1707 3957 εἰς
1736 3893 1872 3961 φῶς,

274 3997 494 4066 εἶπερὸ
528 3994 622 4047 νῦν
672 3993 801 4062 περὶ
849 3992 1041 4045 τούτου
1093 3989 1455 4057 προκείμενος
1505 3986 1662 4053 λόγος
1696 4000 1874 4052 παρα-

278 4088 501 4156 στήσειε
533 4089 648 4149 τοῖς
696 4084 1058 4154 φιλίστορσιν,
1092 4082 1167 4146 ὡς
1216 4080 1378 4142 αὺτλς
1429 4080 1719 4149 ἀμφότερα
1755 4076 1871 4127 Φώ-

278 4194 400 4243 τιος
423 4178 500 4248 τῷ
531 4177 673 4249 λόγῳ
700 4175 791 4228 τοῦ
836 4174 1135 4228 σκανδάλου
1184 4174 1401 4241 ἐγένετο
1443 4172 1624 4240 πατήρ
1673 4186 1734 4222 τε
1778 4168 1875 4223 καὶ

276 4272 600 4341 ἀναιρὲτης,
650 4269 865 4329 οὐδενος
908 4267 1070 4320 ἄλλου
1096 4266 1235 4335 τάχα
1269 4265 1349 4332 τῷ
1382 4262 1685 4333 εὐγνώμονι
1707 4263 1876 4333 ἀκρο-

276 4364 390 4433 ατῇ
424 4363 454 4431 ἢ
494 4362 665 4431 μόνης
713 4360 881 4427 αὐτῆς
918 4359 1103 4428 δεήσει
1136 4357 1234 4426 τῆς
1291 4356 1526 4425 ἱστορίας
1581 4353 1876 4421 διαγνῶναι

270 4451 359 4512 ὡς
396 4452 593 4519 μάτην,
629 4450 724 4503 καὶ
767 4449 853 4502 ἐπ’
877 4449 1053 4501 οὐδενὶ
1096 4448 1301 4518 εὐλόγῳ
1341 4446 1490 4515 αἰτία
1519 4445 1575 4498 αἱ
1648 4444 1880 4511 Ἐκκλη-

1974 3346 2101 3400 bolo
2132 3347 2272 3399 inter
2302 3342 2520 3399 Graecos
2551 3354 2604 3398 et
2635 3342 2861 3398 Latinos
2891 3343 3201 3399 differentia
3233 3346 3565 3401 circumfer-

1973 3447 2145 3502 retur,
2208 3436 2345 3491 l‘orte
2427 3436 2569 3490 nuda
2621 3436 2690 3490 ab
2733 3435 2884 3489 omni
2928 3435 3033 3490 alia
3084 3437 3388 3502 quaestione
3440 3452 3565 3507 per-

1979 3541 2342 3593 tractaretur,
2411 3544 2480 3584 an
2546 3528 2729 3597 aliqua
2791 3528 2847 3582 in
2911 3527 3177 3599 Symbolo
3239 3529 3569 3585 adulteratio

1978 3633 2248 3679 accuratae
2285 3620 2406 3675 ﬁdei
2462 3619 2818 3688 impingatur,
2851 3634 2920 3673 an
2971 3620 3137 3674 etiam
3168 3621 3568 3685 controversia;

1978 3730 2086 3769 non
2106 3713 2242 3766 ultra
2261 3711 2557 3765 dictionem
2587 3719 2866 3779 protensa,
2885 3713 3171 3764 sententia:
3202 3712 3565 3782 integritatem

1983 3802 2316 3874 conservat}
2358 3800 2746 3855 Verumtamen
2778 3813 2901 3853 cum
2933 3798 3005 3853 ab
3038 3807 3194 3854 atate
3221 3799 3338 3868 ipsa
3391 3798 3568 3854 Photii

1982 3900 2180 3953 similis
2232 3896 2603 3965 discrepantia
2652 3894 2915 3964 disruptis
2965 3893 3302 3948 membranis
3349 3892 3569 3947 exclusa

1981 4002 2084 4056 est,
2114 3991 2158 4044 si
2193 3990 2339 4045 circa
2370 3989 2474 4043 hoc
2504 3988 2789 4059 proposita
2817 3988 2994 4043 oratio
3030 3985 3428 4041 demonstrabit
3459 3999 3567 4038 non

1982 4081 2308 4148 incuriosis,
2358 4084 2612 4136 eumdem
2654 4081 2906 4135 Pbotium
2968 4079 3021 4133 in
3070 4079 3282 4133 ratione
3327 4077 3570 4133 scandali

1982 4187 2274 4245 utrumque
2354 4173 2592 4242 fecisse,
2656 4183 2711 4228 et
2772 4187 3094 4243 procreasse
3148 4172 3314 4237 illud,
3368 4180 3423 4225 ct
3474 4170 3569 4226 de-

1983 4268 2290 4331 struxisse,
2322 4266 2473 4321 nullo
2506 4266 2616 4320 alio
2655 4281 2842 4332 aequus
2884 4265 3102 4320 auditor
3145 4263 3439 4333 indigebit,
3477 4263 3570 4319 sed

1983 4377 2053 4418 ex
2099 4361 2213 4416 sola
2265 4360 2494 4414 historia
2541 4359 2849 4420 discernet,
2898 4356 3066 4426 gratis
3112 4364 3167 4409 et
3213 4355 3419 4423 absque
3463 4354 3571 4409 ulla

1989 4468 2185 4518 causa,
2213 4466 2334 4522 quae
2364 4450 2561 4505 rationi
2597 4456 2969 4504 consentanea
3003 4449 3092 4515 sit,
3122 4447 3395 4502 Ecclesias
3433 4440 3569 4502 inter

276 4545 403 4599 σὶαι
434 4543 689 4612 ἀλλήλαις
718 4522 969 4595 τοσοῦτον
997 4541 1192 4610 χρόνον
1223 4536 1695 4605 ὲκπεπολέμωντο.
1721 4536 1783 4613 ξεί
1813 4533 1873 4586 δὲ

1986 4562 2108 4603 sese
2158 4561 2256 4616 per
2310 4552 2389 4600 tot
2440 4559 2616 4598 annos
2669 4542 2987 4597 inimicitias
3042 4550 3209 4610 atque
3263 4538 3572 4596 simultates

238 4694 247 4700 ,
274 4641 301 4693 5
335 4640 446 4697 τοί,
478 4635 747 4706 παροῦσιν
785 4635 1166 4700 ἐντευξόμενος
1202 4632 1378 4699 λόγοις
1410 4631 1508 4701 οὐχ
1544 4629 1656 4694 ’ἐξει
1685 4628 1746 4682 τὸ
1774 4627 1872 4681 τοῦ

1979 4638 2309 4695 exercuisse.
2370 4636 2426 4691 Si
2482 4652 2612 4692 vero
2690 4636 2781 4707 qui
2860 4649 3143 4689 sermones
3200 4633 3303 4688 hos
3355 4639 3573 4686 nostros

274 4728 586 4783 σκανδάλου
633 4725 929 4792 διαγνῶναι
988 4723 1292 4791 ἀλόγιστον,
1346 4719 1430 4783 οἷς
1483 4722 1666 4792 μέλλει
1721 4719 1875 4789 παρά

273 4824 408 4883 ταῖς
463 4819 729 4888 ἱστορίαις
776 4815 1022 4885 ἐντυχεῖν
1074 4814 1286 4882 Φωτίῳ,
1340 4813 1439 4867 νῦν
1470 4814 1570 4883 μὶν
1615 4814 1692 4876 ὡς
1737 4812 1876 4883 πρὸς

274 4912 515 4980 ἀπειλὴν
555 4911 856 4980 σχίσματος
902 4909 970 4962 τὰ
1021 4907 1120 4977 τῆς
1173 4905 1493 4975 Ῥωμαϊκῆς
1547 4905 1874 4977 Ἐκκλησῐας

275 5004 450 5072 ἔθιμα
475 5000 879 5069 ὐποτεινομένῳ
906 5000 965 5052 ὲν
987 5000 1107 5060 ταῖς
1130 4998 1268 5068 πρὸς
1291 4996 1383 5051 τὸν
1417 4998 1651 5049 πάππαν
1671 4997 1875 5067 δηλαδὴ

276 5092 551 5147 Νικόλαον
590 5090 921 5155 ἐπιστολαῖς,
944 5091 1032 5144 ὅτε
1058 5087 1168 5141 τῶν
1197 5087 1299 5156 τῆς
1337 5086 1607 5156 ἀναῶχῆς
1645 5087 1877 5141 ἐλπίδων

275 5186 365 5239 ἔτι
403 5184 705 5256 ἀπῃώρητο
726 5200 739 5214 °
763 5191 860 5236 νῦν
892 5183 949 5236 δὲ
987 5183 1076 5235 ὅτε
1105 5182 1138 5252 ἡ
1169 5179 1288 5252 ἔρις
1332 5180 1686 5250 ὲκορυφοῦτο,
1720 5179 1879 5248 αἴρε-

278 5294 370 5332 σιν
402 5280 496 5332 καὶ
540 5277 800 5331 ἀσέϐειαν
854 5277 923 5329 τὰ
967 5275 1192 5329 τοιαῦτα
1242 5276 1342 5345 τῆς
1386 5274 1705 5343 Ῥωμαῖκῆς
1756 5273 1878 5325 Ἐκ-

276 5370 511 5438 κλησίας
544 5370 641 5439 ἔθη
677 5369 1044 5424 ἀποκαλοῦντι
1068 5384 1084 5399 ·
1113 5370 1203 5422 ὅτε
1235 5369 1292 5422 δὲ
1325 5363 1483 5431 αὖθις
1528 5369 1561 5439 ὴ
1595 5367 1695 5436 τῆς
1723 5368 1878 5438 εἰρή-

279 5476 383 5527 νης
413 5459 564 5528 αὐτῷ
604 5458 961 5528 πωσεμειδὶα
993 5456 1230 5526 γαλήνη,
1269 5457 1424 5511 θείαν
1455 5472 1516 5508 τε
1567 5457 1663 5508 καὶ
1712 5456 1879 5523 ἁγίαν

281 5552 382 5603 καὶ
410 5549 694 5614 εὐσεόείας
723 5550 1041 5605 διδάσκαλον
1063 5549 1162 5618 τὴν
1190 5547 1509 5619 Ῥωμαϊκὴν
1547 5547 1879 5619 Ἐκκλησιαν

281 5644 740 5713 ἁνακηρύττοντιο
775 5642 913 5696 ἀλλά
966 5641 1030 5695 τὸ
1114 5641 1217 5705 τῆς
1264 5641 1613 5711 διαγνώσεως
1663 5640 1879 5705 ἐντελὲς

282 5736 430 5799 ἕξεις
463 5738 574 5798 τοῖς
618 5735 760 5804 μετὰ
807 5736 909 5804 τὴν
957 5734 1206 5805 ἱστορίαν
1252 5734 1669 5805 ῥηθησομένοις,
1699 5735 1789 5788 ὅτε
1819 5735 1882 5788 τὸ

282 5826 385 5880 τοῦ
410 5827 621 5895 ἀγῶνος
656 5825 1033 5898 ὑποδνσόμεθα
1060 5824 1445 5899 λογικώτερον,
1477 5826 1728 5897 ἐγκύψας
1755 5828 1877 5881 ἑπι-

1975 4729 2242 4794 excurrit,
2267 4725 2511 4783 scandali
2543 4726 2750 4780 nullam
2783 4740 3035 4791 causam,
3061 4740 3182 4793 qua:
3214 4723 3413 4778 rationi
3438 4738 3575 4777 con-

1978 4830 2239 4876 sentanea
2295 4822 2412 4886 sit,
2456 4818 2767 4889 dignoverit
2824 4834 2891 4875 ex
2940 4819 3009 4873 iis
3053 4832 3175 4886 qua:
3224 4817 3277 4870 in
3327 4814 3575 4869 historiis

1976 4912 2167 4983 legerit
2197 4912 2264 4967 de
2296 4912 2520 4972 Photio.
2557 4927 2706 4966 nunc
2738 4910 2959 4981 quidem
2989 4910 3231 4965 schisma
3265 4908 3572 4970 minitante,

1980 4999 2240 5055 Romana:
2272 5000 2535 5057 Ecclesiae
2579 5002 3007 5056 consuetudines
3038 5007 3389 5071 proponeret,
3425 4998 3478 5051 in
3509 4996 3575 5049 iis

1981 5105 2207 5158 nempe,
2248 5104 2388 5158 quas
2433 5090 2502 5143 ad
2546 5105 2737 5158 papam
2782 5088 3066 5145 Nicolaum
3101 5089 3249 5144 dedit
3296 5088 3574 5155 epistolas,

1980 5180 2111 5235 dum
2162 5181 2344 5234 adhuc
2394 5194 2454 5235 se
2507 5181 2877 5250 recipiendum
2923 5197 3044 5237 esse
3091 5196 3187 5249 spe
3254 5179 3574 5232 lactaretur.

1978 5272 2140 5327 Nunc
2172 5287 2321 5338 vero,
2355 5287 2482 5327 cum
2529 5273 2703 5327 turbae
2749 5273 2983 5341 litesque
3030 5275 3253 5327 intenta:
3291 5283 3573 5343 accresre.

1983 5374 2142 5429 rent,
2179 5365 2433 5420 heresim
2470 5375 2524 5419 et
2562 5366 2895 5435 itupictatem
2933 5366 3142 5420 similes
3178 5363 3436 5419 Ecclesiae
3470 5361 3574 5415 [lu-

1982 5471 2158 5511 manae
2179 5455 2608 5511 consuetudines
2628 5462 2979 5524 nuncupante
3026 5456 3356 5524 nutandoque
3409 5451 3575 5507 etiam

1982 5563 2106 5604 cum
2144 5563 2338 5604 rursus
2370 5548 2522 5616 pacis
2556 5548 2658 5617 ipsi
2702 5546 3070 5614 tranquillitas
3100 5546 3406 5610 arridebat,
3443 5544 3575 5598 divi-

1983 5657 2111 5697 nam
2143 5650 2199 5696 et
2244 5650 2492 5699 sanctam
2542 5650 2598 5697 et
2647 5641 2963 5710 magismm
3014 5638 3236 5708 pietatis
3268 5636 3577 5692 Romanam

1984 5734 2283 5791 Ecclesium
2329 5736 2693 5805 praedicante,
2742 5734 3114 5803 dignationem
3163 5729 3462 5800 perfectam
3511 5746 3576 5784 ex

1985 5828 2076 5895 iis,
2111 5843 2231 5897 quae
2268 5836 2390 5898 post
2424 5828 2713 5884 historiam
2751 5840 3094 5894 apponcmus
3130 5838 3256 5879 cum
3298 5832 3579 5879 certamen
