  <div class='ocr_page' id='page_1' title='image "/cluster/home/n/w/nwhite01/storage/ocr_20150623/141/coo.31924054870468/470.png"; bbox 0 0 3962 6414; ppageno 0'>
   <div class='ocr_carea' id='block_1_1' title="bbox 273 346 381 410">
    <p class='ocr_par' dir='ltr' id='par_1_1' title="bbox 273 346 381 410">
     <span class='ocr_line' id='line_1_1' title="bbox 273 346 381 410; baseline 0.019 -2"><span class='ocrx_word' id='word_1_1' title='bbox 273 346 381 410; x_wconf 75' lang='lat'><strong>933</strong></span> 
     </span>
    </p>
   </div>
   <div class='ocr_carea' id='block_1_2' title="bbox 1387 343 2425 427">
    <p class='ocr_par' dir='ltr' id='par_1_2' title="bbox 1387 343 2425 427">
     <span class='ocr_line' id='line_1_2' title="bbox 1387 343 2425 427; baseline -0.002 -20"><span class='ocrx_word' id='word_1_2' title='bbox 1387 345 1491 427; x_wconf 30' lang='lat' dir='ltr'><strong>DE,</strong></span> <span class='ocrx_word' id='word_1_3' title='bbox 1524 343 1825 407; x_wconf 85' lang='lat' dir='ltr'><strong>UNIONE</strong></span> <span class='ocrx_word' id='word_1_4' title='bbox 1862 344 2425 406; x_wconf 83' lang='lat' dir='ltr'><strong>ECCLESIARUM.</strong></span> 
     </span>
    </p>
   </div>
   <div class='ocr_carea' id='block_1_3' title="bbox 3460 351 3569 415">
    <p class='ocr_par' dir='ltr' id='par_1_3' title="bbox 3460 351 3569 415">
     <span class='ocr_line' id='line_1_3' title="bbox 3460 351 3569 415; baseline 0.018 -2"><span class='ocrx_word' id='word_1_5' title='bbox 3460 351 3569 415; x_wconf 73' lang='lat' dir='ltr'><strong>93l</strong></span> 
     </span>
    </p>
   </div>
   <div class='ocr_carea' id='block_1_4' title="bbox 272 458 1863 532">
    <p class='ocr_par' dir='ltr' id='par_1_4' title="bbox 272 458 1863 532">
     <span class='ocr_line' id='line_1_4' title="bbox 272 458 1863 532; baseline -0.002 -16"><span class='ocrx_word' id='word_1_6' title='bbox 272 462 566 532; x_wconf 79' lang='grc' dir='ltr'>συντηρεῖν</span> <span class='ocrx_word' id='word_1_7' title='bbox 601 458 898 530; x_wconf 80' lang='grc' dir='ltr'>ἀπολογίαν</span> <span class='ocrx_word' id='word_1_8' title='bbox 929 459 991 513; x_wconf 82' lang='grc' dir='ltr'><strong>τδ</strong></span> <span class='ocrx_word' id='word_1_9' title='bbox 1025 459 1160 531; x_wconf 82' lang='grc' dir='ltr'>μηδὲ</span> <span class='ocrx_word' id='word_1_10' title='bbox 1192 461 1591 532; x_wconf 75' lang='grc' dir='ltr'><strong>παρειληφέναι</strong></span> <span class='ocrx_word' id='word_1_11' title='bbox 1623 460 1863 531; x_wconf 75' lang='grc' dir='ltr'>προεαλ-</span> 
     </span>
    </p>
   </div>
   <div class='ocr_carea' id='block_1_5' title="bbox 1971 458 3570 532">
    <p class='ocr_par' dir='ltr' id='par_1_5' title="bbox 1973 459 3570 530">
     <span class='ocr_line' id='line_1_5' title="bbox 1973 459 3570 530; baseline 0.006 -16"><span class='ocrx_word' id='word_1_12' title='bbox 1973 462 2112 514; x_wconf 80' lang='lat' dir='ltr'><strong>ratio</strong></span> <span class='ocrx_word' id='word_1_13' title='bbox 2143 460 2288 515; x_wconf 86' lang='lat' dir='ltr'><strong>nulla</strong></span> <span class='ocrx_word' id='word_1_14' title='bbox 2312 469 2587 530; x_wconf 86' lang='lat' dir='ltr'><strong>poscetur.</strong></span> <span class='ocrx_word' id='word_1_15' title='bbox 2625 459 2678 515; x_wconf 87' lang='lat' dir='ltr'><strong>Si</strong></span> <span class='ocrx_word' id='word_1_16' title='bbox 2704 462 2827 530; x_wconf 86' lang='lat' dir='ltr'><strong>quis</strong></span> <span class='ocrx_word' id='word_1_17' title='bbox 2855 464 2996 527; x_wconf 72' lang='lat' dir='ltr'><strong>apud</strong></span> <span class='ocrx_word' id='word_1_18' title='bbox 3036 479 3133 519; x_wconf 90' lang='lat' dir='ltr'><strong>uos</strong></span> <span class='ocrx_word' id='word_1_19' title='bbox 3154 466 3570 523; x_wconf 81' lang='lat' dir='ltr'><strong>convinceretur</strong></span> 
     </span>
    </p>
   </div>
   <div class='ocr_carea' id='block_1_6' title="bbox 269 553 1864 626">
    <p class='ocr_par' dir='ltr' id='par_1_6' title="bbox 269 553 1864 626">
     <span class='ocr_line' id='line_1_6' title="bbox 269 553 1864 626; baseline -0.001 -18"><span class='ocrx_word' id='word_1_20' title='bbox 269 556 523 624; x_wconf 84' lang='grc' dir='ltr'>λόμενος,</span> <span class='ocrx_word' id='word_1_21' title='bbox 560 555 662 608; x_wconf 83' lang='grc' dir='ltr'>οὐκ</span> <span class='ocrx_word' id='word_1_22' title='bbox 710 553 778 608; x_wconf 84' lang='grc' dir='ltr'>ἂν</span> <span class='ocrx_word' id='word_1_23' title='bbox 821 554 1054 624; x_wconf 74' lang='grc' dir='ltr'>εὐθύνης</span> <span class='ocrx_word' id='word_1_24' title='bbox 1097 554 1556 626; x_wconf 79' lang='grc' dir='ltr'>άπαιτηθήσεται.</span> <span class='ocrx_word' id='word_1_25' title='bbox 1590 555 1652 608; x_wconf 83' lang='lat' dir='ltr'><strong>El</strong></span> <span class='ocrx_word' id='word_1_26' title='bbox 1691 554 1747 607; x_wconf 77' lang='grc' dir='ltr'><strong>δέ</strong></span> <span class='ocrx_word' id='word_1_27' title='bbox 1781 572 1864 618; x_wconf 87' lang='grc' dir='ltr'><strong>τις</strong></span> 
     </span>
    </p>
   </div>
   <div class='ocr_carea' id='block_1_7' title="bbox 268 644 1865 716">
    <p class='ocr_par' dir='ltr' id='par_1_7' title="bbox 268 644 1865 716">
     <span class='ocr_line' id='line_1_7' title="bbox 268 644 1865 716; baseline -0.001 -16"><span class='ocrx_word' id='word_1_28' title='bbox 268 644 401 716; x_wconf 78' lang='grc' dir='ltr'>παρ’</span> <span class='ocrx_word' id='word_1_29' title='bbox 442 646 577 716; x_wconf 77' lang='grc' dir='ltr'>ἡμῖν</span> <span class='ocrx_word' id='word_1_30' title='bbox 625 645 785 699; x_wconf 85' lang='grc' dir='ltr'>τοῦτο</span> <span class='ocrx_word' id='word_1_31' title='bbox 836 645 1112 716; x_wconf 87' lang='grc' dir='ltr'>δεδρακὼς</span> <span class='ocrx_word' id='word_1_32' title='bbox 1161 646 1541 715; x_wconf 79' lang='grc' dir='ltr'><strong>ἐξελήλεγκτο,</strong></span> <span class='ocrx_word' id='word_1_33' title='bbox 1575 647 1751 709; x_wconf 79' lang='grc' dir='ltr'>οὐδεὶς</span> <span class='ocrx_word' id='word_1_34' title='bbox 1799 647 1865 699; x_wconf 83' lang='grc' dir='ltr'>ἂν</span> 
     </span>
    </p>
   </div>
   <div class='ocr_carea' id='block_1_8' title="bbox 269 738 1866 809">
    <p class='ocr_par' dir='ltr' id='par_1_8' title="bbox 269 738 1866 809">
     <span class='ocr_line' id='line_1_8' title="bbox 269 738 1866 809; baseline -0.003 -16"><span class='ocrx_word' id='word_1_35' title='bbox 269 739 426 809; x_wconf 84' lang='grc' dir='ltr'><strong>αὐτῷ</strong></span> <span class='ocrx_word' id='word_1_36' title='bbox 477 738 808 809; x_wconf 78' lang='grc' dir='ltr'><strong>συγγνώμης</strong></span> <span class='ocrx_word' id='word_1_37' title='bbox 842 739 965 792; x_wconf 78' lang='grc' dir='ltr'>οὐδὲ</span> <span class='ocrx_word' id='word_1_38' title='bbox 1023 738 1215 808; x_wconf 78' lang='grc' dir='ltr'>ρανίδα</span> <span class='ocrx_word' id='word_1_39' title='bbox 1260 738 1551 803; x_wconf 79' lang='grc' dir='ltr'>ὲπέσταξε.</span> <span class='ocrx_word' id='word_1_40' title='bbox 1583 738 1703 790; x_wconf 85' lang='grc' dir='ltr'><strong>Τῶν</strong></span> <span class='ocrx_word' id='word_1_41' title='bbox 1757 738 1866 808; x_wconf 75' lang='grc' dir='ltr'>γὰρ</span> 
     </span>
    </p>
   </div>
   <div class='ocr_carea' id='block_1_9' title="bbox 268 828 1862 899">
    <p class='ocr_par' dir='ltr' id='par_1_9' title="bbox 268 828 1862 899">
     <span class='ocr_line' id='line_1_9' title="bbox 268 828 1862 899; baseline -0.002 -15"><span class='ocrx_word' id='word_1_42' title='bbox 268 829 578 885; x_wconf 71' lang='grc' dir='ltr'><strong>ἐλαττόνων</strong></span> <span class='ocrx_word' id='word_1_43' title='bbox 603 830 782 898; x_wconf 86' lang='grc' dir='ltr'>νόμων</span> <span class='ocrx_word' id='word_1_44' title='bbox 810 830 842 898; x_wconf 84' lang='grc' dir='ltr'><strong>ἡ</strong></span> <span class='ocrx_word' id='word_1_45' title='bbox 875 829 1207 899; x_wconf 75' lang='grc' dir='ltr'>παράϐασις,</span> <span class='ocrx_word' id='word_1_46' title='bbox 1230 828 1578 898; x_wconf 79' lang='grc' dir='ltr'><strong>ἀτιμώρητος</strong></span> <span class='ocrx_word' id='word_1_47' title='bbox 1610 830 1862 897; x_wconf 79' lang='grc' dir='ltr'><strong>μείνασα,</strong></span> 
     </span>
    </p>
   </div>
   <div class='ocr_carea' id='block_1_10' title="bbox 216 920 1862 997">
    <p class='ocr_par' dir='ltr' id='par_1_10' title="bbox 216 920 1862 997">
     <span class='ocr_line' id='line_1_10' title="bbox 216 920 1862 997; baseline -0.007 -9"><span class='ocrx_word' id='word_1_48' title='bbox 216 977 235 997; x_wconf 87' lang='lat'><strong>_._</strong></span> <span class='ocrx_word' id='word_1_49' title='bbox 268 923 414 993; x_wconf 78' lang='grc' dir='ltr'>πρὸς</span> <span class='ocrx_word' id='word_1_50' title='bbox 460 922 564 992; x_wconf 82' lang='grc' dir='ltr'>τὴν</span> <span class='ocrx_word' id='word_1_51' title='bbox 614 922 723 975; x_wconf 85' lang='grc' dir='ltr'><strong>τῶν</strong></span> <span class='ocrx_word' id='word_1_52' title='bbox 777 920 1042 991; x_wconf 81' lang='grc' dir='ltr'><strong>μειζόνων</strong></span> <span class='ocrx_word' id='word_1_53' title='bbox 1096 922 1370 993; x_wconf 76' lang='grc' dir='ltr'>ἐπιτρίϐει</span> <span class='ocrx_word' id='word_1_54' title='bbox 1429 920 1862 992; x_wconf 78' lang='grc' dir='ltr'><strong>καταφρόνησιν.</strong></span> 
     </span>
    </p>
   </div>
   <div class='ocr_carea' id='block_1_11' title="bbox 208 992 1860 1085">
    <p class='ocr_par' dir='ltr' id='par_1_11' title="bbox 208 992 1860 1085">
     <span class='ocr_line' id='line_1_11' title="bbox 208 992 1860 1085; baseline -0.005 -14"><span class='ocrx_word' id='word_1_55' title='bbox 272 992 464 1070; x_wconf 70' lang='grc' dir='ltr'>’Ἄλλοι</span> <span class='ocrx_word' id='word_1_56' title='bbox 508 1012 655 1077; x_wconf 77' lang='grc' dir='ltr'>ἅπαξ</span> <span class='ocrx_word' id='word_1_57' title='bbox 710 1013 1008 1083; x_wconf 86' lang='grc' dir='ltr'>μονάσασιν</span> <span class='ocrx_word' id='word_1_58' title='bbox 1039 1016 1073 1085; x_wconf 80' lang='grc' dir='ltr'><strong>ἡ</strong></span> <span class='ocrx_word' id='word_1_59' title='bbox 1120 992 1445 1084; x_wconf 84' lang='grc' dir='ltr'>κρεωφαγία</span> <span class='ocrx_word' id='word_1_60' title='bbox 1499 999 1711 1078; x_wconf 82' lang='grc' dir='ltr'>οῦτιγε</span> <span class='ocrx_word' id='word_1_61' title='bbox 1749 1011 1860 1081; x_wconf 77' lang='grc' dir='ltr'>βδεο</span> 
     </span>
    </p>
   </div>
   <div class='ocr_carea' id='block_1_12' title="bbox 269 1104 1865 1176">
    <p class='ocr_par' dir='ltr' id='par_1_12' title="bbox 269 1104 1865 1176">
     <span class='ocr_line' id='line_1_12' title="bbox 269 1104 1865 1176; baseline -0.003 -17"><span class='ocrx_word' id='word_1_62' title='bbox 269 1107 650 1176; x_wconf 83' lang='grc' dir='ltr'>λυσσομένοις,</span> <span class='ocrx_word' id='word_1_63' title='bbox 695 1104 811 1159; x_wconf 80' lang='grc' dir='ltr'>ἀλλ’</span> <span class='ocrx_word' id='word_1_64' title='bbox 851 1106 1212 1174; x_wconf 75' lang='grc' dir='ltr'>ἀσκουμένοις</span> <span class='ocrx_word' id='word_1_65' title='bbox 1245 1106 1406 1175; x_wconf 82' lang='grc' dir='ltr'>μέχρι</span> <span class='ocrx_word' id='word_1_66' title='bbox 1447 1105 1635 1166; x_wconf 78' lang='grc' dir='ltr'><strong>τέλους</strong></span> <span class='ocrx_word' id='word_1_67' title='bbox 1656 1105 1865 1175; x_wconf 73' lang='grc' dir='ltr'><strong>ἀπρόσ-</strong></span> 
     </span>
    </p>
   </div>
   <div class='ocr_carea' id='block_1_13' title="bbox 270 1195 1863 1266">
    <p class='ocr_par' dir='ltr' id='par_1_13' title="bbox 270 1195 1863 1266">
     <span class='ocr_line' id='line_1_13' title="bbox 270 1195 1863 1266; baseline -0.001 -15"><span class='ocrx_word' id='word_1_68' title='bbox 270 1213 415 1261; x_wconf 78' lang='grc' dir='ltr'>ιτοςο</span> <span class='ocrx_word' id='word_1_69' title='bbox 478 1197 690 1266; x_wconf 80' lang='grc' dir='ltr'>ἑτέροις</span> <span class='ocrx_word' id='word_1_70' title='bbox 751 1195 809 1248; x_wconf 81' lang='grc' dir='ltr'>δὲ</span> <span class='ocrx_word' id='word_1_71' title='bbox 868 1195 992 1248; x_wconf 76' lang='grc' dir='ltr'>οὐδὲ</span> <span class='ocrx_word' id='word_1_72' title='bbox 1043 1198 1136 1249; x_wconf 69' lang='grc' dir='ltr'><strong>ἐπὶ</strong></span> <span class='ocrx_word' id='word_1_73' title='bbox 1191 1196 1328 1249; x_wconf 79' lang='grc' dir='ltr'>πολὺ</span> <span class='ocrx_word' id='word_1_74' title='bbox 1385 1196 1863 1266; x_wconf 79' lang='grc' dir='ltr'>παρατηρήσιμος.</span> 
     </span>
    </p>
   </div>
   <div class='ocr_carea' id='block_1_14' title="bbox 281 1285 1869 1358">
    <p class='ocr_par' dir='ltr' id='par_1_14' title="bbox 281 1285 1869 1358">
     <span class='ocr_line' id='line_1_14' title="bbox 281 1285 1869 1358; baseline -0.002 -16"><span class='ocrx_word' id='word_1_75' title='bbox 281 1288 432 1356; x_wconf 77' lang='grc' dir='ltr'><strong>Ἐγὼ</strong></span> <span class='ocrx_word' id='word_1_76' title='bbox 464 1288 521 1343; x_wconf 78' lang='grc' dir='ltr'>δὲ</span> <span class='ocrx_word' id='word_1_77' title='bbox 554 1290 647 1341; x_wconf 79' lang='grc' dir='ltr'>καὶ</span> <span class='ocrx_word' id='word_1_78' title='bbox 676 1288 833 1355; x_wconf 85' lang='grc' dir='ltr'>λόγον</span> <span class='ocrx_word' id='word_1_79' title='bbox 879 1288 1037 1358; x_wconf 80' lang='grc' dir='ltr'>παρὰ</span> <span class='ocrx_word' id='word_1_80' title='bbox 1066 1288 1278 1355; x_wconf 81' lang='grc' dir='ltr'>ἀνδρῶν</span> <span class='ocrx_word' id='word_1_81' title='bbox 1315 1289 1414 1356; x_wconf 77' lang='grc' dir='ltr'>τὴν</span> <span class='ocrx_word' id='word_1_82' title='bbox 1445 1287 1704 1357; x_wconf 83' lang='grc' dir='ltr'>ἀλήθειαν</span> <span class='ocrx_word' id='word_1_83' title='bbox 1741 1285 1869 1339; x_wconf 87' lang='grc' dir='ltr'>πολ-</span> 
     </span>
    </p>
   </div>
   <div class='ocr_carea' id='block_1_15' title="bbox 268 1379 1864 1451">
    <p class='ocr_par' dir='ltr' id='par_1_15' title="bbox 268 1379 1864 1451">
     <span class='ocr_line' id='line_1_15' title="bbox 268 1379 1864 1451; baseline 0 -18"><span class='ocrx_word' id='word_1_84' title='bbox 268 1381 367 1435; x_wconf 72' lang='grc' dir='ltr'><strong>λοῦ</strong></span> <span class='ocrx_word' id='word_1_85' title='bbox 399 1379 686 1451; x_wconf 79' lang='grc' dir='ltr'><strong>τιμώντων</strong></span> <span class='ocrx_word' id='word_1_86' title='bbox 715 1380 949 1450; x_wconf 80' lang='grc' dir='ltr'>ἥκουσα,</span> <span class='ocrx_word' id='word_1_87' title='bbox 979 1381 1054 1443; x_wconf 84' lang='grc' dir='ltr'>ὡς</span> <span class='ocrx_word' id='word_1_88' title='bbox 1076 1381 1168 1433; x_wconf 72' lang='grc' dir='ltr'>τὸν</span> <span class='ocrx_word' id='word_1_89' title='bbox 1189 1380 1288 1451; x_wconf 82' lang='grc' dir='ltr'>τὴν</span> <span class='ocrx_word' id='word_1_90' title='bbox 1319 1380 1429 1433; x_wconf 83' lang='grc' dir='ltr'>τῶν</span> <span class='ocrx_word' id='word_1_91' title='bbox 1468 1379 1864 1451; x_wconf 78' lang='grc' dir='ltr'>Ἀλεξανδρέων</span> 
     </span>
    </p>
   </div>
   <div class='ocr_carea' id='block_1_16' title="bbox 258 1472 1866 1544">
    <p class='ocr_par' dir='ltr' id='par_1_16' title="bbox 258 1472 1866 1544">
     <span class='ocr_line' id='line_1_16' title="bbox 258 1472 1866 1544; baseline 0 -17"><span class='ocrx_word' id='word_1_92' title='bbox 258 1473 615 1542; x_wconf 76' lang='grc' dir='ltr'>”Ἐκκλησίαν</span> <span class='ocrx_word' id='word_1_93' title='bbox 650 1474 854 1543; x_wconf 80' lang='grc' dir='ltr'>ὲφορᾷν</span> <span class='ocrx_word' id='word_1_94' title='bbox 914 1472 1199 1543; x_wconf 86' lang='grc' dir='ltr'>μέλλοντα,</span> <span class='ocrx_word' id='word_1_95' title='bbox 1253 1475 1347 1527; x_wconf 83' lang='grc' dir='ltr'>καὶ</span> <span class='ocrx_word' id='word_1_96' title='bbox 1393 1474 1552 1542; x_wconf 87' lang='grc' dir='ltr'>λόγον</span> <span class='ocrx_word' id='word_1_97' title='bbox 1611 1474 1866 1544; x_wconf 74' lang='grc' dir='ltr'>ὑποσχεῖν</span> 
     </span>
    </p>
   </div>
   <div class='ocr_carea' id='block_1_17' title="bbox 268 1563 1861 1634">
    <p class='ocr_par' dir='ltr' id='par_1_17' title="bbox 268 1563 1861 1634">
     <span class='ocr_line' id='line_1_17' title="bbox 268 1563 1861 1634; baseline -0.002 -14"><span class='ocrx_word' id='word_1_98' title='bbox 268 1564 625 1629; x_wconf 73' lang='grc' dir='ltr'>ἐκϐιάζονται</span> <span class='ocrx_word' id='word_1_99' title='bbox 657 1564 764 1618; x_wconf 74' lang='grc' dir='ltr'><strong>ἀπό</strong></span> <span class='ocrx_word' id='word_1_100' title='bbox 791 1580 936 1626; x_wconf 85' lang='grc' dir='ltr'>τινος</span> <span class='ocrx_word' id='word_1_101' title='bbox 976 1565 1246 1634; x_wconf 77' lang='grc' dir='ltr'><strong>ἐγχωρίου</strong></span> <span class='ocrx_word' id='word_1_102' title='bbox 1275 1563 1639 1633; x_wconf 78' lang='grc' dir='ltr'><strong>περιπετείας</strong></span> <span class='ocrx_word' id='word_1_103' title='bbox 1668 1564 1861 1617; x_wconf 88' lang='grc' dir='ltr'>τούτου</span> 
     </span>
    </p>
   </div>
   <div class='ocr_carea' id='block_1_18' title="bbox 268 1651 1862 1727">
    <p class='ocr_par' dir='ltr' id='par_1_18' title="bbox 268 1651 1862 1727">
     <span class='ocr_line' id='line_1_18' title="bbox 268 1651 1862 1727; baseline 0 -20"><span class='ocrx_word' id='word_1_104' title='bbox 268 1654 654 1727; x_wconf 77' lang='grc' dir='ltr'>κρατήσαντος</span> <span class='ocrx_word' id='word_1_105' title='bbox 691 1652 766 1722; x_wconf 80' lang='grc' dir='ltr'>μὴ</span> <span class='ocrx_word' id='word_1_106' title='bbox 812 1651 876 1706; x_wconf 83' lang='grc' dir='ltr'>ἄν</span> <span class='ocrx_word' id='word_1_107' title='bbox 904 1670 1036 1705; x_wconf 87' lang='grc' dir='ltr'>ποτε</span> <span class='ocrx_word' id='word_1_108' title='bbox 1088 1653 1191 1723; x_wconf 81' lang='grc' dir='ltr'>τῆς</span> <span class='ocrx_word' id='word_1_109' title='bbox 1226 1653 1582 1724; x_wconf 84' lang='grc' dir='ltr'>κρεωφαγίας</span> <span class='ocrx_word' id='word_1_110' title='bbox 1627 1654 1862 1723; x_wconf 77' lang='grc' dir='ltr'>ἀφίστα-</span> 
     </span>
    </p>
   </div>
   <div class='ocr_carea' id='block_1_19' title="bbox 269 1745 1864 1816">
    <p class='ocr_par' dir='ltr' id='par_1_19' title="bbox 269 1745 1864 1816">
     <span class='ocr_line' id='line_1_19' title="bbox 269 1745 1864 1816; baseline 0.001 -17"><span class='ocrx_word' id='word_1_111' title='bbox 269 1747 428 1800; x_wconf 86' lang='grc' dir='ltr'>σθαι.</span> <span class='ocrx_word' id='word_1_112' title='bbox 465 1747 577 1799; x_wconf 74' lang='grc' dir='ltr'><strong>Καὶ</strong></span> <span class='ocrx_word' id='word_1_113' title='bbox 631 1747 820 1815; x_wconf 78' lang='grc' dir='ltr'>σχῆμα</span> <span class='ocrx_word' id='word_1_114' title='bbox 872 1747 971 1816; x_wconf 86' lang='grc' dir='ltr'>μὲν</span> <span class='ocrx_word' id='word_1_115' title='bbox 1001 1745 1096 1798; x_wconf 87' lang='grc' dir='ltr'><strong>τοῦ</strong></span> <span class='ocrx_word' id='word_1_116' title='bbox 1148 1748 1473 1815; x_wconf 78' lang='grc' dir='ltr'>μονάζοντος</span> <span class='ocrx_word' id='word_1_117' title='bbox 1518 1746 1620 1799; x_wconf 77' lang='grc' dir='ltr'>οὐκ</span> <span class='ocrx_word' id='word_1_118' title='bbox 1661 1745 1726 1800; x_wconf 80' lang='grc' dir='ltr'>ἄν</span> <span class='ocrx_word' id='word_1_119' title='bbox 1778 1765 1864 1810; x_wconf 92' lang='grc' dir='ltr'><strong>τις</strong></span> 
     </span>
    </p>
   </div>
   <div class='ocr_carea' id='block_1_20' title="bbox 276 1836 1661 1913">
    <p class='ocr_par' dir='ltr' id='par_1_20' title="bbox 276 1836 1661 1913">
     <span class='ocr_line' id='line_1_20' title="bbox 276 1836 1661 1913; baseline 0.001 -19"><span class='ocrx_word' id='word_1_120' title='bbox 276 1838 410 1910; x_wconf 82' lang='grc' dir='ltr'>παρ’</span> <span class='ocrx_word' id='word_1_121' title='bbox 459 1838 594 1910; x_wconf 78' lang='grc' dir='ltr'>ἡμῖν</span> <span class='ocrx_word' id='word_1_122' title='bbox 643 1842 725 1902; x_wconf 88' lang='grc' dir='ltr'><strong>είς</strong></span> <span class='ocrx_word' id='word_1_123' title='bbox 773 1836 1039 1909; x_wconf 83' lang='grc' dir='ltr'>κληρικοῦ</span> <span class='ocrx_word' id='word_1_124' title='bbox 1094 1842 1661 1913; x_wconf 77' lang='grc' dir='ltr'>μετασχηματίσειενο</span> 
     </span>
    </p>
   </div>
   <div class='ocr_carea' id='block_1_21' title="bbox 270 1930 1862 2004">
    <p class='ocr_par' dir='ltr' id='par_1_21' title="bbox 270 1930 1862 2004">
     <span class='ocr_line' id='line_1_21' title="bbox 270 1930 1862 2004; baseline 0 -18"><span class='ocrx_word' id='word_1_125' title='bbox 270 1933 355 1996; x_wconf 80' lang='grc' dir='ltr'>δὲ,</span> <span class='ocrx_word' id='word_1_126' title='bbox 375 1931 591 1985; x_wconf 75' lang='grc' dir='ltr'>ἐπειδὰν</span> <span class='ocrx_word' id='word_1_127' title='bbox 613 1931 750 2001; x_wconf 79' lang='grc' dir='ltr'>πρὸς</span> <span class='ocrx_word' id='word_1_128' title='bbox 781 1933 1086 2002; x_wconf 80' lang='grc' dir='ltr'>ἐπισκοπῆς</span> <span class='ocrx_word' id='word_1_129' title='bbox 1111 1930 1245 2002; x_wconf 73' lang='grc' dir='ltr'>ὕψος</span> <span class='ocrx_word' id='word_1_130' title='bbox 1265 1935 1359 1986; x_wconf 79' lang='grc' dir='ltr'>τὸν</span> <span class='ocrx_word' id='word_1_131' title='bbox 1390 1935 1664 2004; x_wconf 83' lang='grc' dir='ltr'>μοναστὴν</span> <span class='ocrx_word' id='word_1_132' title='bbox 1693 1934 1862 2002; x_wconf 70' lang='grc' dir='ltr'>ὑψοῦν</span> 
     </span>
    </p>
   </div>
   <div class='ocr_carea' id='block_1_22' title="bbox 271 2019 1864 2094">
    <p class='ocr_par' dir='ltr' id='par_1_22' title="bbox 271 2019 1864 2094">
     <span class='ocr_line' id='line_1_22' title="bbox 271 2019 1864 2094; baseline -0.001 -18"><span class='ocrx_word' id='word_1_133' title='bbox 271 2023 602 2091; x_wconf 78' lang='grc' dir='ltr'><strong>ἐθελήσωσι,</strong></span> <span class='ocrx_word' id='word_1_134' title='bbox 636 2019 823 2075; x_wconf 88' lang='grc' dir='ltr'>τοῦτον</span> <span class='ocrx_word' id='word_1_135' title='bbox 852 2019 1155 2092; x_wconf 86' lang='grc' dir='ltr'>περίτροχα</span> <span class='ocrx_word' id='word_1_136' title='bbox 1176 2021 1475 2090; x_wconf 75' lang='grc' dir='ltr'>κείροντες,</span> <span class='ocrx_word' id='word_1_137' title='bbox 1506 2024 1567 2076; x_wconf 78' lang='grc' dir='ltr'>τὸ</span> <span class='ocrx_word' id='word_1_138' title='bbox 1594 2026 1864 2094; x_wconf 80' lang='grc' dir='ltr'>πρότερον</span> 
     </span>
    </p>
   </div>
   <div class='ocr_carea' id='block_1_23' title="bbox 268 2108 1864 2185">
    <p class='ocr_par' dir='ltr' id='par_1_23' title="bbox 268 2108 1864 2185">
     <span class='ocr_line' id='line_1_23' title="bbox 268 2108 1864 2185; baseline -0.001 -18"><span class='ocrx_word' id='word_1_139' title='bbox 268 2112 672 2185; x_wconf 57' lang='grc' dir='ltr'>μεταμείόουσι</span> <span class='ocrx_word' id='word_1_140' title='bbox 705 2115 910 2182; x_wconf 81' lang='grc' dir='ltr'>σχῆμα.</span> <span class='ocrx_word' id='word_1_141' title='bbox 947 2112 1134 2174; x_wconf 76' lang='grc' dir='ltr'>Οὕτως</span> <span class='ocrx_word' id='word_1_142' title='bbox 1174 2115 1232 2166; x_wconf 78' lang='grc' dir='ltr'>ἐν</span> <span class='ocrx_word' id='word_1_143' title='bbox 1270 2108 1352 2175; x_wconf 74' lang='grc' dir='ltr'>οἷς</span> <span class='ocrx_word' id='word_1_144' title='bbox 1381 2113 1483 2166; x_wconf 78' lang='grc' dir='ltr'>οὐκ</span> <span class='ocrx_word' id='word_1_145' title='bbox 1525 2113 1639 2168; x_wconf 78' lang='grc' dir='ltr'>ἔστι</span> <span class='ocrx_word' id='word_1_146' title='bbox 1683 2115 1864 2174; x_wconf 81' lang='grc' dir='ltr'>πίστις</span> 
     </span>
    </p>
   </div>
   <div class='ocr_carea' id='block_1_24' title="bbox 263 2202 1869 2274">
    <p class='ocr_par' dir='ltr' id='par_1_24' title="bbox 263 2202 1869 2274">
     <span class='ocr_line' id='line_1_24' title="bbox 263 2202 1869 2274; baseline -0.004 -12"><span class='ocrx_word' id='word_1_147' title='bbox 263 2209 331 2262; x_wconf 81' lang='grc' dir='ltr'>τὸ</span> <span class='ocrx_word' id='word_1_148' title='bbox 363 2205 751 2274; x_wconf 69' lang='grc' dir='ltr'>ἁθετούμενον,</span> <span class='ocrx_word' id='word_1_149' title='bbox 808 2203 932 2257; x_wconf 80' lang='grc' dir='ltr'>οὐδὲ</span> <span class='ocrx_word' id='word_1_150' title='bbox 980 2203 1160 2258; x_wconf 85' lang='grc' dir='ltr'>κοινοῦ</span> <span class='ocrx_word' id='word_1_151' title='bbox 1194 2221 1254 2256; x_wconf 89' lang='grc' dir='ltr'><strong>τε</strong></span> <span class='ocrx_word' id='word_1_152' title='bbox 1299 2206 1396 2257; x_wconf 77' lang='grc' dir='ltr'>καὶ</span> <span class='ocrx_word' id='word_1_153' title='bbox 1442 2202 1734 2258; x_wconf 84' lang='grc' dir='ltr'>καθολικοῦ</span> <span class='ocrx_word' id='word_1_154' title='bbox 1764 2204 1869 2274; x_wconf 75' lang='grc' dir='ltr'>ψη-</span> 
     </span>
    </p>
   </div>
   <div class='ocr_carea' id='block_1_25' title="bbox 268 2299 1867 2374">
    <p class='ocr_par' dir='ltr' id='par_1_25' title="bbox 268 2299 1867 2374">
     <span class='ocr_line' id='line_1_25' title="bbox 268 2299 1867 2374; baseline -0.002 -19"><span class='ocrx_word' id='word_1_155' title='bbox 268 2302 547 2374; x_wconf 81' lang='grc' dir='ltr'>φίσματος</span> <span class='ocrx_word' id='word_1_156' title='bbox 579 2300 876 2364; x_wconf 80' lang='grc' dir='ltr'>ἔκπτωσις,</span> <span class='ocrx_word' id='word_1_157' title='bbox 928 2299 1110 2353; x_wconf 78' lang='grc' dir='ltr'>ἄλλων</span> <span class='ocrx_word' id='word_1_158' title='bbox 1146 2301 1277 2369; x_wconf 84' lang='grc' dir='ltr'>παρ’</span> <span class='ocrx_word' id='word_1_159' title='bbox 1300 2300 1482 2364; x_wconf 84' lang='grc' dir='ltr'>ἄλλοις</span> <span class='ocrx_word' id='word_1_160' title='bbox 1517 2299 1656 2354; x_wconf 79' lang='grc' dir='ltr'>ἐθῶν</span> <span class='ocrx_word' id='word_1_161' title='bbox 1678 2317 1737 2353; x_wconf 89' lang='grc' dir='ltr'>τε</span> <span class='ocrx_word' id='word_1_162' title='bbox 1770 2301 1867 2355; x_wconf 72' lang='grc' dir='ltr'>καὶ</span> 
     </span>
    </p>
   </div>
   <div class='ocr_carea' id='block_1_26' title="bbox 268 2389 1865 2462">
    <p class='ocr_par' dir='ltr' id='par_1_26' title="bbox 268 2389 1865 2462">
     <span class='ocr_line' id='line_1_26' title="bbox 268 2389 1865 2462; baseline 0.001 -16"><span class='ocrx_word' id='word_1_163' title='bbox 268 2395 525 2462; x_wconf 81' lang='grc' dir='ltr'>νομίμων</span> <span class='ocrx_word' id='word_1_164' title='bbox 558 2391 998 2462; x_wconf 80' lang='grc' dir='ltr'>φυλαττομένων,</span> <span class='ocrx_word' id='word_1_165' title='bbox 1032 2389 1157 2444; x_wconf 76' lang='grc' dir='ltr'>οὔτε</span> <span class='ocrx_word' id='word_1_166' title='bbox 1194 2393 1325 2454; x_wconf 81' lang='grc' dir='ltr'>τοὺς</span> <span class='ocrx_word' id='word_1_167' title='bbox 1356 2393 1606 2461; x_wconf 86' lang='grc' dir='ltr'>φύλακας</span> <span class='ocrx_word' id='word_1_168' title='bbox 1632 2394 1865 2459; x_wconf 82' lang='grc' dir='ltr'>ἀδικεῖν,</span> 
     </span>
    </p>
   </div>
   <div class='ocr_carea' id='block_1_27' title="bbox 265 2478 1866 2557">
    <p class='ocr_par' dir='ltr' id='par_1_27' title="bbox 265 2478 1866 2557">
     <span class='ocr_line' id='line_1_27' title="bbox 265 2478 1866 2557; baseline 0.001 -19"><span class='ocrx_word' id='word_1_169' title='bbox 265 2485 396 2539; x_wconf 68' lang='grc' dir='ltr'>οὔτε</span> <span class='ocrx_word' id='word_1_170' title='bbox 426 2485 553 2547; x_wconf 78' lang='grc' dir='ltr'>τοὺς</span> <span class='ocrx_word' id='word_1_171' title='bbox 579 2483 1063 2554; x_wconf 72' lang='grc' dir='ltr'>παραδεξαμένους</span> <span class='ocrx_word' id='word_1_172' title='bbox 1095 2488 1460 2555; x_wconf 84' lang='grc' dir='ltr'>παρανομεῖν,</span> <span class='ocrx_word' id='word_1_173' title='bbox 1488 2485 1665 2557; x_wconf 81' lang='grc' dir='ltr'>ὀρθῶς</span> <span class='ocrx_word' id='word_1_174' title='bbox 1689 2488 1756 2542; x_wconf 77' lang='grc' dir='ltr'>ἄν</span> <span class='ocrx_word' id='word_1_175' title='bbox 1783 2478 1866 2550; x_wconf 79' lang='grc' dir='ltr'><strong>τις</strong></span> 
     </span>
    </p>
   </div>
   <div class='ocr_carea' id='block_1_28' title="bbox 268 2575 1866 2647">
    <p class='ocr_par' dir='ltr' id='par_1_28' title="bbox 268 2575 1866 2647">
     <span class='ocr_line' id='line_1_28' title="bbox 268 2575 1866 2647; baseline 0.001 -16"><span class='ocrx_word' id='word_1_176' title='bbox 268 2578 482 2647; x_wconf 82' lang='grc' dir='ltr'>κρίνειν</span> <span class='ocrx_word' id='word_1_177' title='bbox 539 2575 695 2639; x_wconf 78' lang='grc' dir='ltr'>εἰδὼς</span> <span class='ocrx_word' id='word_1_178' title='bbox 746 2576 1065 2646; x_wconf 86' lang='grc' dir='ltr'>διορίσαιτο.</span> <span class='ocrx_word' id='word_1_179' title='bbox 1121 2576 1318 2629; x_wconf 79' lang='grc' dir='ltr'>Καίτοι</span> <span class='ocrx_word' id='word_1_180' title='bbox 1373 2593 1439 2647; x_wconf 86' lang='grc' dir='ltr'><strong>γε</strong></span> <span class='ocrx_word' id='word_1_181' title='bbox 1495 2580 1555 2631; x_wconf 86' lang='grc' dir='ltr'>τὸ</span> <span class='ocrx_word' id='word_1_182' title='bbox 1605 2579 1866 2647; x_wconf 81' lang='grc' dir='ltr'>νομισθὲν</span> 
     </span>
    </p>
   </div>
   <div class='ocr_carea' id='block_1_29' title="bbox 267 2666 1866 2742">
    <p class='ocr_par' dir='ltr' id='par_1_29' title="bbox 267 2666 1866 2742">
     <span class='ocr_line' id='line_1_29' title="bbox 267 2666 1866 2742; baseline 0.001 -21"><span class='ocrx_word' id='word_1_183' title='bbox 267 2672 407 2742; x_wconf 75' lang='grc' dir='ltr'>ἡμῖν</span> <span class='ocrx_word' id='word_1_184' title='bbox 438 2669 519 2731; x_wconf 84' lang='grc' dir='ltr'><strong>είς</strong></span> <span class='ocrx_word' id='word_1_185' title='bbox 568 2668 853 2738; x_wconf 76' lang='grc' dir='ltr'>ἐπίκλημα</span> <span class='ocrx_word' id='word_1_186' title='bbox 879 2668 1017 2740; x_wconf 78' lang='grc' dir='ltr'>πρὸς</span> <span class='ocrx_word' id='word_1_187' title='bbox 1050 2666 1170 2722; x_wconf 78' lang='grc' dir='ltr'>ἔνια</span> <span class='ocrx_word' id='word_1_188' title='bbox 1201 2669 1313 2723; x_wconf 83' lang='grc' dir='ltr'>τῶν</span> <span class='ocrx_word' id='word_1_189' title='bbox 1363 2669 1866 2741; x_wconf 78' lang='grc' dir='ltr'>κατηριθμημένων</span> 
     </span>
    </p>
   </div>
   <div class='ocr_carea' id='block_1_30' title="bbox 264 2756 1868 2833">
    <p class='ocr_par' dir='ltr' id='par_1_30' title="bbox 264 2756 1868 2833">
     <span class='ocr_line' id='line_1_30' title="bbox 264 2756 1868 2833; baseline 0.001 -17"><span class='ocrx_word' id='word_1_190' title='bbox 264 2764 395 2827; x_wconf 56' lang='grc' dir='ltr'>οὐδ’,</span> <span class='ocrx_word' id='word_1_191' title='bbox 426 2764 485 2816; x_wconf 83' lang='grc' dir='ltr'>ὲν</span> <span class='ocrx_word' id='word_1_192' title='bbox 522 2763 809 2832; x_wconf 82' lang='grc' dir='ltr'>συγκρίσει</span> <span class='ocrx_word' id='word_1_193' title='bbox 842 2763 905 2814; x_wconf 77' lang='grc' dir='ltr'>τὸ</span> <span class='ocrx_word' id='word_1_194' title='bbox 945 2756 1240 2815; x_wconf 75' lang='grc' dir='ltr'>ἀνεύθυνον</span> <span class='ocrx_word' id='word_1_195' title='bbox 1281 2763 1645 2833; x_wconf 80' lang='grc' dir='ltr'>ἀποφέρεται.</span> <span class='ocrx_word' id='word_1_196' title='bbox 1705 2765 1868 2818; x_wconf 82' lang='grc' dir='ltr'>’Δλλά</span> 
     </span>
    </p>
   </div>
   <div class='ocr_carea' id='block_1_31' title="bbox 262 2853 1870 2926">
    <p class='ocr_par' dir='ltr' id='par_1_31' title="bbox 262 2853 1870 2926">
     <span class='ocr_line' id='line_1_31' title="bbox 262 2853 1870 2926; baseline -0.001 -16"><span class='ocrx_word' id='word_1_197' title='bbox 262 2856 341 2910; x_wconf 72' lang='grc' dir='ltr'><strong>τά</strong></span> <span class='ocrx_word' id='word_1_198' title='bbox 366 2855 466 2926; x_wconf 79' lang='grc' dir='ltr'>μὲν</span> <span class='ocrx_word' id='word_1_199' title='bbox 491 2856 573 2918; x_wconf 79' lang='grc' dir='ltr'><strong>εις</strong></span> <span class='ocrx_word' id='word_1_200' title='bbox 594 2855 693 2925; x_wconf 81' lang='grc' dir='ltr'>τὴν</span> <span class='ocrx_word' id='word_1_201' title='bbox 719 2853 825 2906; x_wconf 84' lang='grc' dir='ltr'><strong>τῶν</strong></span> <span class='ocrx_word' id='word_1_202' title='bbox 855 2853 1143 2925; x_wconf 81' lang='grc' dir='ltr'>ὲκθέσμων</span> <span class='ocrx_word' id='word_1_203' title='bbox 1167 2854 1264 2907; x_wconf 75' lang='grc' dir='ltr'>καὶ</span> <span class='ocrx_word' id='word_1_204' title='bbox 1287 2853 1592 2924; x_wconf 83' lang='grc' dir='ltr'>βδελυκτῶν</span> <span class='ocrx_word' id='word_1_205' title='bbox 1623 2856 1870 2909; x_wconf 78' lang='grc' dir='ltr'>ἀπελαύ-</span> 
     </span>
    </p>
   </div>
   <div class='ocr_carea' id='block_1_32' title="bbox 268 2945 1866 3017">
    <p class='ocr_par' dir='ltr' id='par_1_32' title="bbox 268 2945 1866 3017">
     <span class='ocr_line' id='line_1_32' title="bbox 268 2945 1866 3017; baseline -0.001 -15"><span class='ocrx_word' id='word_1_206' title='bbox 268 2963 356 3002; x_wconf 84' lang='grc' dir='ltr'>νει</span> <span class='ocrx_word' id='word_1_207' title='bbox 387 2946 605 3017; x_wconf 84' lang='grc' dir='ltr'>χώραν·</span> <span class='ocrx_word' id='word_1_208' title='bbox 642 2945 774 3000; x_wconf 80' lang='grc' dir='ltr'>αὐτὸ</span> <span class='ocrx_word' id='word_1_209' title='bbox 817 2945 874 2998; x_wconf 81' lang='grc' dir='ltr'>δὲ</span> <span class='ocrx_word' id='word_1_210' title='bbox 897 2948 996 3016; x_wconf 85' lang='grc' dir='ltr'>τῆς</span> <span class='ocrx_word' id='word_1_211' title='bbox 1037 2946 1147 2999; x_wconf 85' lang='grc' dir='ltr'><strong>τῶν</strong></span> <span class='ocrx_word' id='word_1_212' title='bbox 1196 2947 1500 3000; x_wconf 78' lang='grc' dir='ltr'>ἐπαινετῶν</span> <span class='ocrx_word' id='word_1_213' title='bbox 1550 2947 1643 3000; x_wconf 69' lang='grc' dir='ltr'>καὶ</span> <span class='ocrx_word' id='word_1_214' title='bbox 1676 2949 1866 3000; x_wconf 73' lang='grc' dir='ltr'>καλλί-</span> 
     </span>
    </p>
   </div>
   <div class='ocr_carea' id='block_1_33' title="bbox 268 3016 1925 3109">
    <p class='ocr_par' dir='ltr' id='par_1_33' title="bbox 268 3016 1925 3109">
     <span class='ocr_line' id='line_1_33' title="bbox 268 3016 1925 3109; baseline 0.001 -19"><span class='ocrx_word' id='word_1_215' title='bbox 268 3055 418 3091; x_wconf 83' lang='grc' dir='ltr'>στων</span> <span class='ocrx_word' id='word_1_216' title='bbox 455 3038 679 3108; x_wconf 81' lang='grc' dir='ltr'>μερίδος</span> <span class='ocrx_word' id='word_1_217' title='bbox 703 3037 1023 3107; x_wconf 78' lang='grc' dir='ltr'>ἐξήρτηται.</span> <span class='ocrx_word' id='word_1_218' title='bbox 1060 3039 1172 3090; x_wconf 72' lang='grc' dir='ltr'><strong>Καὶ</strong></span> <span class='ocrx_word' id='word_1_219' title='bbox 1200 3038 1259 3089; x_wconf 84' lang='grc' dir='ltr'><strong>τὺ</strong></span> <span class='ocrx_word' id='word_1_220' title='bbox 1293 3039 1393 3107; x_wconf 81' lang='grc' dir='ltr'>μὲν</span> <span class='ocrx_word' id='word_1_221' title='bbox 1418 3039 1510 3092; x_wconf 78' lang='grc' dir='ltr'>καὶ</span> <span class='ocrx_word' id='word_1_222' title='bbox 1550 3039 1866 3109; x_wconf 69' lang='grc' dir='ltr'>πεπρᾶχθαι</span> <span class='ocrx_word' id='word_1_223' title='bbox 1909 3016 1925 3031; x_wconf 57' lang='grc'><em>’</em></span> 
     </span>
    </p>
   </div>
   <div class='ocr_carea' id='block_1_34' title="bbox 265 3129 1866 3204">
    <p class='ocr_par' dir='ltr' id='par_1_34' title="bbox 265 3129 1866 3204">
     <span class='ocr_line' id='line_1_34' title="bbox 265 3129 1866 3204; baseline -0.001 -18"><span class='ocrx_word' id='word_1_224' title='bbox 265 3133 369 3186; x_wconf 78' lang='grc' dir='ltr'>καὶ</span> <span class='ocrx_word' id='word_1_225' title='bbox 398 3130 828 3204; x_wconf 81' lang='grc' dir='ltr'>διαπράττεσθαι</span> <span class='ocrx_word' id='word_1_226' title='bbox 867 3129 1037 3200; x_wconf 80' lang='grc' dir='ltr'>μέχρι</span> <span class='ocrx_word' id='word_1_227' title='bbox 1080 3129 1176 3183; x_wconf 90' lang='grc' dir='ltr'><strong>νῦν</strong></span> <span class='ocrx_word' id='word_1_228' title='bbox 1207 3131 1742 3204; x_wconf 73' lang='grc' dir='ltr'>πεπαρρησιασμένῃ</span> <span class='ocrx_word' id='word_1_229' title='bbox 1773 3132 1866 3185; x_wconf 73' lang='grc' dir='ltr'>καὶ</span> 
     </span>
    </p>
   </div>
   <div class='ocr_carea' id='block_1_35' title="bbox 267 3221 1861 3296">
    <p class='ocr_par' dir='ltr' id='par_1_35' title="bbox 267 3221 1861 3296">
     <span class='ocr_line' id='line_1_35' title="bbox 267 3221 1861 3296; baseline -0.003 -18"><span class='ocrx_word' id='word_1_230' title='bbox 267 3227 427 3296; x_wconf 70' lang='grc' dir='ltr'>φωνῇ</span> <span class='ocrx_word' id='word_1_231' title='bbox 470 3225 565 3278; x_wconf 80' lang='grc' dir='ltr'>καὶ</span> <span class='ocrx_word' id='word_1_232' title='bbox 614 3222 812 3295; x_wconf 83' lang='grc' dir='ltr'>γνώμῃ</span> <span class='ocrx_word' id='word_1_233' title='bbox 860 3221 957 3274; x_wconf 73' lang='grc' dir='ltr'><strong>καὶ</strong></span> <span class='ocrx_word' id='word_1_234' title='bbox 999 3222 1277 3293; x_wconf 83' lang='grc' dir='ltr'>προσώπῳ</span> <span class='ocrx_word' id='word_1_235' title='bbox 1316 3223 1678 3293; x_wconf 82' lang='grc' dir='ltr'>κηρύσσεται.</span> <span class='ocrx_word' id='word_1_236' title='bbox 1741 3224 1861 3286; x_wconf 55' lang='lat' dir='ltr'><strong>llo};</strong></span> 
     </span>
    </p>
   </div>
   <div class='ocr_carea' id='block_1_36' title="bbox 267 3312 1865 3384">
    <p class='ocr_par' dir='ltr' id='par_1_36' title="bbox 267 3312 1865 3384">
     <span class='ocr_line' id='line_1_36' title="bbox 267 3312 1865 3384; baseline 0 -16"><span class='ocrx_word' id='word_1_237' title='bbox 267 3317 342 3368; x_wconf 75' lang='grc' dir='ltr'>ἂν</span> <span class='ocrx_word' id='word_1_238' title='bbox 358 3316 420 3368; x_wconf 85' lang='grc' dir='ltr'>οὐ</span> <span class='ocrx_word' id='word_1_239' title='bbox 448 3312 874 3383; x_wconf 84' lang='grc' dir='ltr'>σεμνολογηθείη</span> <span class='ocrx_word' id='word_1_240' title='bbox 901 3330 1006 3375; x_wconf 88' lang='grc' dir='ltr'>τις,</span> <span class='ocrx_word' id='word_1_241' title='bbox 1031 3314 1114 3365; x_wconf 79' lang='grc' dir='ltr'>ὅτι</span> <span class='ocrx_word' id='word_1_242' title='bbox 1137 3314 1303 3383; x_wconf 84' lang='grc' dir='ltr'>μήπω</span> <span class='ocrx_word' id='word_1_243' title='bbox 1323 3314 1529 3383; x_wconf 70' lang='grc' dir='ltr'>λήξεως</span> <span class='ocrx_word' id='word_1_244' title='bbox 1554 3314 1865 3384; x_wconf 76' lang='grc' dir='ltr'>ἱερωμένων</span> 
     </span>
    </p>
   </div>
   <div class='ocr_carea' id='block_1_37' title="bbox 266 3404 1864 3477">
    <p class='ocr_par' dir='ltr' id='par_1_37' title="bbox 266 3404 1864 3477">
     <span class='ocr_line' id='line_1_37' title="bbox 266 3404 1864 3477; baseline 0 -18"><span class='ocrx_word' id='word_1_245' title='bbox 266 3406 473 3476; x_wconf 70' lang='grc' dir='ltr'>τυχὼν,</span> <span class='ocrx_word' id='word_1_246' title='bbox 497 3404 640 3458; x_wconf 74' lang='grc' dir='ltr'>οὕτω</span> <span class='ocrx_word' id='word_1_247' title='bbox 685 3406 781 3476; x_wconf 81' lang='grc' dir='ltr'><strong>τὴν</strong></span> <span class='ocrx_word' id='word_1_248' title='bbox 810 3404 1005 3457; x_wconf 83' lang='grc' dir='ltr'>ἑαυτοῦ</span> <span class='ocrx_word' id='word_1_249' title='bbox 1031 3405 1308 3461; x_wconf 83' lang='grc' dir='ltr'>πολιτείαν</span> <span class='ocrx_word' id='word_1_250' title='bbox 1349 3406 1706 3477; x_wconf 72' lang='grc' dir='ltr'>ἑῤῥύθμισεν,</span> <span class='ocrx_word' id='word_1_251' title='bbox 1724 3405 1864 3459; x_wconf 83' lang='grc' dir='ltr'>ὥστε</span> 
     </span>
    </p>
   </div>
   <div class='ocr_carea' id='block_1_38' title="bbox 267 3496 1863 3569">
    <p class='ocr_par' dir='ltr' id='par_1_38' title="bbox 267 3496 1863 3569">
     <span class='ocr_line' id='line_1_38' title="bbox 267 3496 1863 3569; baseline -0.001 -16"><span class='ocrx_word' id='word_1_252' title='bbox 267 3500 378 3553; x_wconf 78' lang='grc' dir='ltr'>καὶ</span> <span class='ocrx_word' id='word_1_253' title='bbox 416 3498 509 3551; x_wconf 84' lang='grc' dir='ltr'><strong>ὑπ’</strong></span> <span class='ocrx_word' id='word_1_254' title='bbox 544 3497 725 3551; x_wconf 73' lang='grc' dir='ltr'>αὐτῶν</span> <span class='ocrx_word' id='word_1_255' title='bbox 758 3496 870 3549; x_wconf 85' lang='grc' dir='ltr'>τῶν</span> <span class='ocrx_word' id='word_1_256' title='bbox 908 3497 1353 3568; x_wconf 74' lang='grc' dir='ltr'>κεκληρωμένων</span> <span class='ocrx_word' id='word_1_257' title='bbox 1395 3500 1494 3568; x_wconf 77' lang='grc' dir='ltr'>τὴν</span> <span class='ocrx_word' id='word_1_258' title='bbox 1540 3499 1863 3569; x_wconf 72' lang='grc' dir='ltr'>ἱερωσύνην,</span> 
     </span>
    </p>
   </div>
   <div class='ocr_carea' id='block_1_39' title="bbox 270 3591 1866 3664">
    <p class='ocr_par' dir='ltr' id='par_1_39' title="bbox 270 3591 1866 3664">
     <span class='ocr_line' id='line_1_39' title="bbox 270 3591 1866 3664; baseline -0.004 -16"><span class='ocrx_word' id='word_1_259' title='bbox 270 3594 376 3649; x_wconf 76' lang='grc' dir='ltr'>καὶ</span> <span class='ocrx_word' id='word_1_260' title='bbox 400 3595 602 3657; x_wconf 85' lang='grc' dir='ltr'>παντὸς</span> <span class='ocrx_word' id='word_1_261' title='bbox 648 3592 809 3646; x_wconf 78' lang='grc' dir='ltr'>ἄλλον</span> <span class='ocrx_word' id='word_1_262' title='bbox 842 3591 1209 3661; x_wconf 79' lang='grc' dir='ltr'>πληρώματος</span> <span class='ocrx_word' id='word_1_263' title='bbox 1235 3595 1314 3654; x_wconf 84' lang='grc' dir='ltr'>εἰς</span> <span class='ocrx_word' id='word_1_264' title='bbox 1337 3592 1600 3661; x_wconf 83' lang='grc' dir='ltr'>ἀρχιερέα</span> <span class='ocrx_word' id='word_1_265' title='bbox 1632 3592 1866 3664; x_wconf 78' lang='grc' dir='ltr'>προκρίο</span> 
     </span>
    </p>
   </div>
   <div class='ocr_carea' id='block_1_40' title="bbox 267 3683 1862 3755">
    <p class='ocr_par' dir='ltr' id='par_1_40' title="bbox 267 3683 1862 3755">
     <span class='ocr_line' id='line_1_40' title="bbox 267 3683 1862 3755; baseline -0.003 -14"><span class='ocrx_word' id='word_1_266' title='bbox 267 3686 495 3751; x_wconf 77' lang='grc' dir='ltr'>νεοθαι;</span> <span class='ocrx_word' id='word_1_267' title='bbox 539 3685 609 3738; x_wconf 77' lang='grc' dir='ltr'>τὰ</span> <span class='ocrx_word' id='word_1_268' title='bbox 647 3684 703 3737; x_wconf 83' lang='grc' dir='ltr'>δὲ</span> <span class='ocrx_word' id='word_1_269' title='bbox 737 3683 847 3736; x_wconf 78' lang='grc' dir='ltr'>οὐδ’</span> <span class='ocrx_word' id='word_1_270' title='bbox 900 3685 984 3737; x_wconf 89' lang='grc' dir='ltr'>ὃτι</span> <span class='ocrx_word' id='word_1_271' title='bbox 1037 3684 1361 3754; x_wconf 81' lang='grc' dir='ltr'>πράττεται,</span> <span class='ocrx_word' id='word_1_272' title='bbox 1401 3685 1503 3736; x_wconf 82' lang='grc' dir='ltr'>ὃσα</span> <span class='ocrx_word' id='word_1_273' title='bbox 1551 3684 1653 3755; x_wconf 84' lang='grc' dir='ltr'><strong>ἐμὲ</strong></span> <span class='ocrx_word' id='word_1_274' title='bbox 1699 3683 1862 3754; x_wconf 84' lang='grc' dir='ltr'>γινώ-</span> 
     </span>
    </p>
   </div>
   <div class='ocr_carea' id='block_1_41' title="bbox 263 3775 1857 3848">
    <p class='ocr_par' dir='ltr' id='par_1_41' title="bbox 263 3775 1857 3848">
     <span class='ocr_line' id='line_1_41' title="bbox 263 3775 1857 3848; baseline -0.001 -18"><span class='ocrx_word' id='word_1_275' title='bbox 263 3793 448 3842; x_wconf 75' lang='grc' dir='ltr'>σκειν,</span> <span class='ocrx_word' id='word_1_276' title='bbox 478 3777 923 3846; x_wconf 81' lang='grc' dir='ltr'>συνομολογεῖται</span> <span class='ocrx_word' id='word_1_277' title='bbox 956 3777 1065 3837; x_wconf 81' lang='grc' dir='ltr'>τοῖς</span> <span class='ocrx_word' id='word_1_278' title='bbox 1113 3775 1547 3846; x_wconf 77' lang='grc' dir='ltr'>ἁμαρτάνουσιν,</span> <span class='ocrx_word' id='word_1_279' title='bbox 1570 3779 1637 3848; x_wconf 75' lang='grc' dir='ltr'>τῇ</span> <span class='ocrx_word' id='word_1_280' title='bbox 1687 3778 1857 3846; x_wconf 82' lang='grc' dir='ltr'>ὑπερ-</span> 
     </span>
    </p>
   </div>
   <div class='ocr_carea' id='block_1_42' title="bbox 258 3865 1863 3941">
    <p class='ocr_par' dir='ltr' id='par_1_42' title="bbox 258 3865 1863 3941">
     <span class='ocr_line' id='line_1_42' title="bbox 258 3865 1863 3941; baseline 0 -18"><span class='ocrx_word' id='word_1_281' title='bbox 258 3871 401 3941; x_wconf 73' lang='grc' dir='ltr'>ὗολῇ</span> <span class='ocrx_word' id='word_1_282' title='bbox 430 3871 522 3925; x_wconf 87' lang='grc' dir='ltr'><strong>τοῦ</strong></span> <span class='ocrx_word' id='word_1_283' title='bbox 552 3871 908 3940; x_wconf 80' lang='grc' dir='ltr'>άτοπήματος</span> <span class='ocrx_word' id='word_1_284' title='bbox 940 3870 1093 3935; x_wconf 79' lang='grc' dir='ltr'>ἴσως,</span> <span class='ocrx_word' id='word_1_285' title='bbox 1131 3869 1165 3939; x_wconf 79' lang='grc' dir='ltr'>ἢ</span> <span class='ocrx_word' id='word_1_286' title='bbox 1188 3871 1289 3922; x_wconf 83' lang='grc' dir='ltr'>οὐκ</span> <span class='ocrx_word' id='word_1_287' title='bbox 1322 3865 1417 3922; x_wconf 86' lang='grc' dir='ltr'>οἷδ’</span> <span class='ocrx_word' id='word_1_288' title='bbox 1442 3872 1468 3922; x_wconf 83' lang='grc' dir='ltr'><strong>ὃ</strong></span> <span class='ocrx_word' id='word_1_289' title='bbox 1490 3886 1543 3922; x_wconf 89' lang='grc' dir='ltr'><strong>τι</strong></span> <span class='ocrx_word' id='word_1_290' title='bbox 1576 3871 1669 3923; x_wconf 75' lang='grc' dir='ltr'>καὶ</span> <span class='ocrx_word' id='word_1_291' title='bbox 1701 3871 1863 3935; x_wconf 72' lang='grc' dir='ltr'>εἴπω,</span> 
     </span>
    </p>
   </div>
   <div class='ocr_carea' id='block_1_43' title="bbox 264 3960 1860 4032">
    <p class='ocr_par' dir='ltr' id='par_1_43' title="bbox 264 3960 1860 4032">
     <span class='ocr_line' id='line_1_43' title="bbox 264 3960 1860 4032; baseline -0.001 -17"><span class='ocrx_word' id='word_1_292' title='bbox 264 3961 383 4016; x_wconf 75' lang='grc' dir='ltr'><strong>τῶν</strong></span> <span class='ocrx_word' id='word_1_293' title='bbox 415 3961 754 4032; x_wconf 82' lang='grc' dir='ltr'>δεδρακότων</span> <span class='ocrx_word' id='word_1_294' title='bbox 801 3960 1191 4030; x_wconf 82' lang='grc' dir='ltr'>άλασσομένων</span> <span class='ocrx_word' id='word_1_295' title='bbox 1226 3961 1424 4030; x_wconf 82' lang='grc' dir='ltr'>μᾶλλον</span> <span class='ocrx_word' id='word_1_296' title='bbox 1469 3962 1567 4031; x_wconf 85' lang='grc' dir='ltr'>τῆς</span> <span class='ocrx_word' id='word_1_297' title='bbox 1597 3962 1860 4032; x_wconf 79' lang='grc' dir='ltr'>ἀληθείας</span> 
     </span>
    </p>
   </div>
   <div class='ocr_carea' id='block_1_44' title="bbox 260 4053 1867 4125">
    <p class='ocr_par' dir='ltr' id='par_1_44' title="bbox 260 4053 1867 4125">
     <span class='ocr_line' id='line_1_44' title="bbox 260 4053 1867 4125; baseline -0.002 -17"><span class='ocrx_word' id='word_1_298' title='bbox 260 4055 372 4125; x_wconf 78' lang='grc' dir='ltr'>τὴν</span> <span class='ocrx_word' id='word_1_299' title='bbox 399 4055 648 4125; x_wconf 78' lang='grc' dir='ltr'>ἄρνησιν.</span> <span class='ocrx_word' id='word_1_300' title='bbox 701 4053 795 4116; x_wconf 88' lang='grc' dir='ltr'>Τίς</span> <span class='ocrx_word' id='word_1_301' title='bbox 847 4055 957 4125; x_wconf 83' lang='grc' dir='ltr'>γὰρ</span> <span class='ocrx_word' id='word_1_302' title='bbox 1008 4053 1362 4118; x_wconf 78' lang='grc' dir='ltr'>σαὸὂατίζειν</span> <span class='ocrx_word' id='word_1_303' title='bbox 1405 4055 1464 4105; x_wconf 82' lang='grc' dir='ltr'>ὲν</span> <span class='ocrx_word' id='word_1_304' title='bbox 1515 4054 1867 4123; x_wconf 84' lang='grc' dir='ltr'>Χριστιανοίς</span> 
     </span>
    </p>
   </div>
   <div class='ocr_carea' id='block_1_45' title="bbox 263 4144 1867 4216">
    <p class='ocr_par' dir='ltr' id='par_1_45' title="bbox 263 4144 1867 4216">
     <span class='ocr_line' id='line_1_45' title="bbox 263 4144 1867 4216; baseline -0.001 -16"><span class='ocrx_word' id='word_1_305' title='bbox 263 4145 467 4209; x_wconf 77' lang='grc' dir='ltr'>τελῶν,</span> <span class='ocrx_word' id='word_1_306' title='bbox 489 4146 596 4200; x_wconf 79' lang='grc' dir='ltr'>κᾶν</span> <span class='ocrx_word' id='word_1_307' title='bbox 628 4146 890 4216; x_wconf 80' lang='grc' dir='ltr'>μυριάκις</span> <span class='ocrx_word' id='word_1_308' title='bbox 919 4144 1245 4214; x_wconf 82' lang='grc' dir='ltr'>ύπενεχθείη</span> <span class='ocrx_word' id='word_1_309' title='bbox 1276 4144 1509 4210; x_wconf 85' lang='grc' dir='ltr'>τούτοις,</span> <span class='ocrx_word' id='word_1_310' title='bbox 1539 4146 1639 4196; x_wconf 84' lang='grc' dir='ltr'>οὐκ</span> <span class='ocrx_word' id='word_1_311' title='bbox 1661 4145 1725 4198; x_wconf 81' lang='grc' dir='ltr'>ἂν</span> <span class='ocrx_word' id='word_1_312' title='bbox 1747 4144 1867 4212; x_wconf 75' lang='grc' dir='ltr'>εξο-</span> 
     </span>
    </p>
   </div>
   <div class='ocr_carea' id='block_1_46' title="bbox 267 4235 1865 4309">
    <p class='ocr_par' dir='ltr' id='par_1_46' title="bbox 267 4235 1865 4309">
     <span class='ocr_line' id='line_1_46' title="bbox 267 4235 1865 4309; baseline -0.001 -18"><span class='ocrx_word' id='word_1_313' title='bbox 267 4237 541 4309; x_wconf 74' lang='grc' dir='ltr'>μόσαιτο,</span> <span class='ocrx_word' id='word_1_314' title='bbox 576 4235 673 4298; x_wconf 87' lang='grc' dir='ltr'>Τίς</span> <span class='ocrx_word' id='word_1_315' title='bbox 721 4237 777 4289; x_wconf 85' lang='grc' dir='ltr'>δὲ</span> <span class='ocrx_word' id='word_1_316' title='bbox 815 4237 992 4306; x_wconf 86' lang='grc' dir='ltr'>γάμον</span> <span class='ocrx_word' id='word_1_317' title='bbox 1047 4236 1430 4305; x_wconf 83' lang='grc' dir='ltr'>βδελύττεσθαι</span> <span class='ocrx_word' id='word_1_318' title='bbox 1482 4236 1765 4308; x_wconf 78' lang='grc' dir='ltr'>ἔνθεσμον,</span> <span class='ocrx_word' id='word_1_319' title='bbox 1815 4238 1865 4290; x_wconf 84' lang='grc' dir='ltr'><strong>εί</strong></span> 
     </span>
    </p>
   </div>
   <div class='ocr_carea' id='block_1_47' title="bbox 266 4327 1865 4402">
    <p class='ocr_par' dir='ltr' id='par_1_47' title="bbox 266 4327 1865 4402">
     <span class='ocr_line' id='line_1_47' title="bbox 266 4327 1865 4402; baseline -0.002 -19"><span class='ocrx_word' id='word_1_320' title='bbox 266 4331 352 4402; x_wconf 80' lang='grc' dir='ltr'>μὴ</span> <span class='ocrx_word' id='word_1_321' title='bbox 382 4333 450 4383; x_wconf 88' lang='grc' dir='ltr'><strong>τά</strong></span> <span class='ocrx_word' id='word_1_322' title='bbox 477 4329 587 4383; x_wconf 82' lang='grc' dir='ltr'><strong>τῶν</strong></span> <span class='ocrx_word' id='word_1_323' title='bbox 614 4329 891 4382; x_wconf 76' lang='grc' dir='ltr'>δυσσεὸὦν</span> <span class='ocrx_word' id='word_1_324' title='bbox 916 4327 1010 4381; x_wconf 74' lang='grc' dir='ltr'>καὶ</span> <span class='ocrx_word' id='word_1_325' title='bbox 1049 4328 1226 4381; x_wconf 82' lang='grc' dir='ltr'>ἀθέων</span> <span class='ocrx_word' id='word_1_326' title='bbox 1257 4327 1560 4395; x_wconf 83' lang='grc' dir='ltr'>ἐπίπροσθε</span> <span class='ocrx_word' id='word_1_327' title='bbox 1595 4328 1737 4398; x_wconf 87' lang='grc' dir='ltr'>θείη,</span> <span class='ocrx_word' id='word_1_328' title='bbox 1770 4328 1865 4381; x_wconf 81' lang='grc' dir='ltr'>καὶ</span> 
     </span>
    </p>
   </div>
   <div class='ocr_carea' id='block_1_48' title="bbox 261 4416 1866 4492">
    <p class='ocr_par' dir='ltr' id='par_1_48' title="bbox 261 4416 1866 4492">
     <span class='ocr_line' id='line_1_48' title="bbox 261 4416 1866 4492; baseline -0.003 -17"><span class='ocrx_word' id='word_1_329' title='bbox 261 4420 366 4475; x_wconf 84' lang='grc' dir='ltr'><strong>τοῦ</strong></span> <span class='ocrx_word' id='word_1_330' title='bbox 399 4417 748 4492; x_wconf 88' lang='grc' dir='ltr'>Δημιουργοῦ</span> <span class='ocrx_word' id='word_1_331' title='bbox 798 4421 890 4472; x_wconf 75' lang='grc' dir='ltr'>καὶ</span> <span class='ocrx_word' id='word_1_332' title='bbox 921 4419 1021 4490; x_wconf 82' lang='grc' dir='ltr'>τῆς</span> <span class='ocrx_word' id='word_1_333' title='bbox 1052 4418 1265 4472; x_wconf 75' lang='grc' dir='ltr'>ἐκεῖθεν</span> <span class='ocrx_word' id='word_1_334' title='bbox 1308 4416 1641 4484; x_wconf 82' lang='grc' dir='ltr'>ἀγαθοειδῶς</span> <span class='ocrx_word' id='word_1_335' title='bbox 1667 4419 1866 4470; x_wconf 86' lang='grc' dir='ltr'>οὺσιω-</span> 
     </span>
    </p>
   </div>
   <div class='ocr_carea' id='block_1_49' title="bbox 1974 552 3568 623">
    <p class='ocr_par' dir='ltr' id='par_1_49' title="bbox 1974 552 3568 623">
     <span class='ocr_line' id='line_1_49' title="bbox 1974 552 3568 623; baseline 0.004 -17"><span class='ocrx_word' id='word_1_336' title='bbox 1974 552 2078 607; x_wconf 88' lang='lat' dir='ltr'><strong>hoc</strong></span> <span class='ocrx_word' id='word_1_337' title='bbox 2112 552 2325 617; x_wconf 79' lang='lat' dir='ltr'><strong>fecisse,</strong></span> <span class='ocrx_word' id='word_1_338' title='bbox 2369 567 2546 609; x_wconf 84' lang='lat' dir='ltr'><strong>.uemo</strong></span> <span class='ocrx_word' id='word_1_339' title='bbox 2578 553 2625 605; x_wconf 86' lang='lat' dir='ltr'><strong>ei</strong></span> <span class='ocrx_word' id='word_1_340' title='bbox 2661 553 2822 606; x_wconf 84' lang='lat' dir='ltr'><strong>ullam</strong></span> <span class='ocrx_word' id='word_1_341' title='bbox 2854 555 3024 609; x_wconf 64' lang='lat' dir='ltr'><strong>veniae</strong></span> <span class='ocrx_word' id='word_1_342' title='bbox 3081 569 3233 623; x_wconf 81' lang='lat' dir='ltr'><strong>gutta</strong></span> <span class='ocrx_word' id='word_1_343' title='bbox 3262 578 3288 606; x_wconf 77' lang='grc' dir='ltr'><strong>ιι</strong></span> <span class='ocrx_word' id='word_1_344' title='bbox 3330 558 3568 612; x_wconf 79' lang='lat' dir='ltr'><strong>instilla-</strong></span> 
     </span>
    </p>
   </div>
   <div class='ocr_carea' id='block_1_50' title="bbox 1972 645 3570 715">
    <p class='ocr_par' dir='ltr' id='par_1_50' title="bbox 1972 645 3570 715">
     <span class='ocr_line' id='line_1_50' title="bbox 1972 645 3570 715; baseline 0.003 -17"><span class='ocrx_word' id='word_1_345' title='bbox 1972 645 2114 699; x_wconf 85' lang='lat' dir='ltr'><strong>verit</strong></span> <span class='ocrx_word' id='word_1_346' title='bbox 2148 664 2161 700; x_wconf 91' lang='lat'><strong>:</strong></span> <span class='ocrx_word' id='word_1_347' title='bbox 2189 646 2462 699; x_wconf 89' lang='lat' dir='ltr'><strong>minorum</strong></span> <span class='ocrx_word' id='word_1_348' title='bbox 2497 647 2640 699; x_wconf 88' lang='lat' dir='ltr'><strong>cnim</strong></span> <span class='ocrx_word' id='word_1_349' title='bbox 2675 647 2848 715; x_wconf 62' lang='lat' dir='ltr'><strong>legum</strong></span> <span class='ocrx_word' id='word_1_350' title='bbox 2874 648 3042 700; x_wconf 85' lang='lat' dir='ltr'><strong>inulta</strong></span> <span class='ocrx_word' id='word_1_351' title='bbox 3067 651 3308 711; x_wconf 51' lang='lat' dir='ltr'><strong>violave,</strong></span> <span class='ocrx_word' id='word_1_352' title='bbox 3333 652 3570 706; x_wconf 63' lang='lat' dir='ltr'><strong>tritiores</strong></span> 
     </span>
    </p>
   </div>
   <div class='ocr_carea' id='block_1_51' title="bbox 1977 736 3569 808">
    <p class='ocr_par' dir='ltr' id='par_1_51' title="bbox 1977 736 3569 808">
     <span class='ocr_line' id='line_1_51' title="bbox 1977 736 3569 808; baseline 0.003 -17"><span class='ocrx_word' id='word_1_353' title='bbox 1977 738 2228 791; x_wconf 76' lang='lat' dir='ltr'><strong>homines</strong></span> <span class='ocrx_word' id='word_1_354' title='bbox 2259 736 2323 789; x_wconf 88' lang='lat' dir='ltr'><strong>ad</strong></span> <span class='ocrx_word' id='word_1_355' title='bbox 2354 737 2619 805; x_wconf 81' lang='lat' dir='ltr'><strong>majorum</strong></span> <span class='ocrx_word' id='word_1_356' title='bbox 2645 749 3012 808; x_wconf 81' lang='lat' dir='ltr'><strong>contemptum</strong></span> <span class='ocrx_word' id='word_1_357' title='bbox 3044 741 3194 795; x_wconf 80' lang='lat' dir='ltr'><strong>facit.</strong></span> <span class='ocrx_word' id='word_1_358' title='bbox 3237 743 3370 797; x_wconf 74' lang='lat' dir='ltr'><strong>Aliis</strong></span> <span class='ocrx_word' id='word_1_359' title='bbox 3399 745 3569 797; x_wconf 77' lang='lat' dir='ltr'><strong>semel</strong></span> 
     </span>
    </p>
   </div>
   <div class='ocr_carea' id='block_1_52' title="bbox 1976 828 3566 897">
    <p class='ocr_par' dir='ltr' id='par_1_52' title="bbox 1976 828 3566 897">
     <span class='ocr_line' id='line_1_52' title="bbox 1976 828 3566 897; baseline 0.003 -16"><span class='ocrx_word' id='word_1_360' title='bbox 1976 828 2138 882; x_wconf 81' lang='lat' dir='ltr'><strong>factis</strong></span> <span class='ocrx_word' id='word_1_361' title='bbox 2182 828 2468 881; x_wconf 82' lang='lat' dir='ltr'><strong>monachis</strong></span> <span class='ocrx_word' id='word_1_362' title='bbox 2541 842 2669 882; x_wconf 81' lang='lat' dir='ltr'><strong>esus</strong></span> <span class='ocrx_word' id='word_1_363' title='bbox 2700 832 2946 882; x_wconf 81' lang='lat' dir='ltr'><strong>carnium</strong></span> <span class='ocrx_word' id='word_1_364' title='bbox 2986 848 3093 884; x_wconf 90' lang='lat' dir='ltr'><strong>non</strong></span> <span class='ocrx_word' id='word_1_365' title='bbox 3123 833 3566 897; x_wconf 62' lang='lat' dir='ltr'><strong>exsecrantibus,</strong></span> 
     </span>
    </p>
   </div>
   <div class='ocr_carea' id='block_1_53' title="bbox 1974 921 3564 991">
    <p class='ocr_par' dir='ltr' id='par_1_53' title="bbox 1974 921 3564 991">
     <span class='ocr_line' id='line_1_53' title="bbox 1974 921 3564 991; baseline 0.003 -16"><span class='ocrx_word' id='word_1_366' title='bbox 1974 921 2068 975; x_wconf 87' lang='lat' dir='ltr'><strong>sed</strong></span> <span class='ocrx_word' id='word_1_367' title='bbox 2099 937 2158 976; x_wconf 90' lang='lat' dir='ltr'><strong>se</strong></span> <span class='ocrx_word' id='word_1_368' title='bbox 2208 922 2640 977; x_wconf 78' lang='lat' dir='ltr'><strong>exeri~itantibiis</strong></span> <span class='ocrx_word' id='word_1_369' title='bbox 2696 938 2872 991; x_wconf 84' lang='lat' dir='ltr'><strong>usque</strong></span> <span class='ocrx_word' id='word_1_370' title='bbox 2910 924 3259 979; x_wconf 62' lang='lat' dir='ltr'><strong>interdicitur</strong></span> <span class='ocrx_word' id='word_1_371' title='bbox 3297 944 3309 978; x_wconf 90' lang='lat'><strong>:</strong></span> <span class='ocrx_word' id='word_1_372' title='bbox 3341 929 3409 979; x_wconf 89' lang='lat' dir='ltr'><strong>ab</strong></span> <span class='ocrx_word' id='word_1_373' title='bbox 3442 925 3491 980; x_wconf 87' lang='lat' dir='ltr'><strong>al</strong></span> <span class='ocrx_word' id='word_1_374' title='bbox 3520 925 3564 980; x_wconf 86' lang='lat' dir='ltr'><strong>is</strong></span> 
     </span>
    </p>
   </div>
   <div class='ocr_carea' id='block_1_54' title="bbox 1973 1011 3562 1083">
    <p class='ocr_par' dir='ltr' id='par_1_54' title="bbox 1973 1011 3562 1083">
     <span class='ocr_line' id='line_1_54' title="bbox 1973 1011 3562 1083; baseline 0.001 -17"><span class='ocrx_word' id='word_1_375' title='bbox 1973 1027 2104 1067; x_wconf 85' lang='lat' dir='ltr'><strong>vero</strong></span> <span class='ocrx_word' id='word_1_376' title='bbox 2150 1026 2256 1065; x_wconf 90' lang='lat' dir='ltr'><strong>non</strong></span> <span class='ocrx_word' id='word_1_377' title='bbox 2314 1011 2408 1065; x_wconf 90' lang='lat' dir='ltr'><strong>diu</strong></span> <span class='ocrx_word' id='word_1_378' title='bbox 2443 1014 2545 1065; x_wconf 89' lang='lat' dir='ltr'><strong>boc</strong></span> <span class='ocrx_word' id='word_1_379' title='bbox 2595 1011 2941 1067; x_wconf 83' lang='lat' dir='ltr'><strong>observatur.</strong></span> <span class='ocrx_word' id='word_1_380' title='bbox 3010 1013 3121 1083; x_wconf 77' lang='lat' dir='ltr'><strong>Ego</strong></span> <span class='ocrx_word' id='word_1_381' title='bbox 3175 1026 3227 1067; x_wconf 83' lang='lat' dir='ltr'><strong>ct</strong></span> <span class='ocrx_word' id='word_1_382' title='bbox 3284 1016 3562 1068; x_wconf 75' lang='lat' dir='ltr'><strong>hominum</strong></span> 
     </span>
    </p>
   </div>
   <div class='ocr_carea' id='block_1_55' title="bbox 1976 1104 3566 1174">
    <p class='ocr_par' dir='ltr' id='par_1_55' title="bbox 1976 1104 3566 1174">
     <span class='ocr_line' id='line_1_55' title="bbox 1976 1104 3566 1174; baseline 0.004 -19"><span class='ocrx_word' id='word_1_383' title='bbox 1976 1104 2158 1157; x_wconf 82' lang='lat' dir='ltr'><strong>audivi</strong></span> <span class='ocrx_word' id='word_1_384' title='bbox 2191 1118 2523 1170; x_wconf 82' lang='lat' dir='ltr'><strong>sermonem,</strong></span> <span class='ocrx_word' id='word_1_385' title='bbox 2570 1104 2855 1158; x_wconf 76' lang='lat' dir='ltr'><strong>veritatem</strong></span> <span class='ocrx_word' id='word_1_386' title='bbox 2894 1121 3088 1174; x_wconf 68' lang='lat' dir='ltr'><strong>magno</strong></span> <span class='ocrx_word' id='word_1_387' title='bbox 3141 1109 3191 1159; x_wconf 90' lang='lat' dir='ltr'><strong>in</strong></span> <span class='ocrx_word' id='word_1_388' title='bbox 3228 1110 3433 1161; x_wconf 84' lang='lat' dir='ltr'><strong>honore</strong></span> <span class='ocrx_word' id='word_1_389' title='bbox 3472 1111 3566 1161; x_wconf 83' lang='lat' dir='ltr'><strong>lia-</strong></span> 
     </span>
    </p>
   </div>
   <div class='ocr_carea' id='block_1_56' title="bbox 1975 1194 3568 1268">
    <p class='ocr_par' dir='ltr' id='par_1_56' title="bbox 1975 1194 3568 1268">
     <span class='ocr_line' id='line_1_56' title="bbox 1975 1194 3568 1268; baseline 0.003 -19"><span class='ocrx_word' id='word_1_390' title='bbox 1975 1194 2247 1259; x_wconf 84' lang='lat' dir='ltr'><strong>beutium,</strong></span> <span class='ocrx_word' id='word_1_391' title='bbox 2305 1211 2430 1250; x_wconf 89' lang='lat' dir='ltr'><strong>eum</strong></span> <span class='ocrx_word' id='word_1_392' title='bbox 2466 1211 2657 1265; x_wconf 82' lang='lat' dir='ltr'><strong>nempe</strong></span> <span class='ocrx_word' id='word_1_393' title='bbox 2692 1197 2980 1250; x_wconf 79' lang='lat' dir='ltr'><strong>occasione</strong></span> <span class='ocrx_word' id='word_1_394' title='bbox 3028 1199 3166 1266; x_wconf 73' lang='lat' dir='ltr'><strong>ejus,</strong></span> <span class='ocrx_word' id='word_1_395' title='bbox 3197 1202 3285 1268; x_wconf 71' lang='lat' dir='ltr'><strong>qui</strong></span> <span class='ocrx_word' id='word_1_396' title='bbox 3327 1202 3568 1254; x_wconf 65' lang='lat' dir='ltr'><strong>Alexan-</strong></span> 
     </span>
    </p>
   </div>
   <div class='ocr_carea' id='block_1_57' title="bbox 1973 1285 3569 1354">
    <p class='ocr_par' dir='ltr' id='par_1_57' title="bbox 1973 1285 3569 1354">
     <span class='ocr_line' id='line_1_57' title="bbox 1973 1285 3569 1354; baseline 0.003 -15"><span class='ocrx_word' id='word_1_397' title='bbox 1973 1285 2260 1340; x_wconf 90' lang='lat' dir='ltr'><strong>drinorum</strong></span> <span class='ocrx_word' id='word_1_398' title='bbox 2317 1285 2576 1340; x_wconf 66' lang='lat' dir='ltr'><strong>Ecclesiae</strong></span> <span class='ocrx_word' id='word_1_399' title='bbox 2628 1289 2822 1354; x_wconf 81' lang='lat' dir='ltr'><strong>pra-sul</strong></span> <span class='ocrx_word' id='word_1_400' title='bbox 2888 1287 3108 1342; x_wconf 78' lang='lat' dir='ltr'><strong>futurus</strong></span> <span class='ocrx_word' id='word_1_401' title='bbox 3137 1300 3272 1354; x_wconf 79' lang='lat' dir='ltr'><strong>erat,</strong></span> <span class='ocrx_word' id='word_1_402' title='bbox 3312 1290 3450 1345; x_wconf 82' lang='lat' dir='ltr'><strong>lianc</strong></span> <span class='ocrx_word' id='word_1_403' title='bbox 3483 1308 3569 1344; x_wconf 73' lang='lat' dir='ltr'><strong>ra~</strong></span> 
     </span>
    </p>
   </div>
   <div class='ocr_carea' id='block_1_58' title="bbox 1978 1373 3571 1448">
    <p class='ocr_par' dir='ltr' id='par_1_58' title="bbox 1978 1373 3571 1448">
     <span class='ocr_line' id='line_1_58' title="bbox 1978 1373 3571 1448; baseline 0.006 -22"><span class='ocrx_word' id='word_1_404' title='bbox 1978 1373 2179 1427; x_wconf 82' lang='lat' dir='ltr'><strong>tionem</strong></span> <span class='ocrx_word' id='word_1_405' title='bbox 2244 1376 2428 1428; x_wconf 90' lang='lat' dir='ltr'><strong>subire</strong></span> <span class='ocrx_word' id='word_1_406' title='bbox 2494 1376 2637 1445; x_wconf 81' lang='lat' dir='ltr'><strong>cogi,</strong></span> <span class='ocrx_word' id='word_1_407' title='bbox 2673 1377 2814 1446; x_wconf 86' lang='lat' dir='ltr'><strong>quod</strong></span> <span class='ocrx_word' id='word_1_408' title='bbox 2859 1394 2924 1432; x_wconf 84' lang='lat' dir='ltr'><strong>ex</strong></span> <span class='ocrx_word' id='word_1_409' title='bbox 2980 1378 3165 1448; x_wconf 73' lang='lat' dir='ltr'><strong>aliquo</strong></span> <span class='ocrx_word' id='word_1_410' title='bbox 3222 1382 3286 1436; x_wconf 88' lang='lat' dir='ltr'><strong>iis</strong></span> <span class='ocrx_word' id='word_1_411' title='bbox 3334 1383 3387 1434; x_wconf 92' lang='lat' dir='ltr'><strong>in</strong></span> <span class='ocrx_word' id='word_1_412' title='bbox 3435 1384 3571 1436; x_wconf 87' lang='lat' dir='ltr'><strong>locis</strong></span> 
     </span>
    </p>
   </div>
   <div class='ocr_carea' id='block_1_59' title="bbox 1980 1470 3569 1543">
    <p class='ocr_par' dir='ltr' id='par_1_59' title="bbox 1980 1470 3569 1543">
     <span class='ocr_line' id='line_1_59' title="bbox 1980 1470 3569 1543; baseline 0.006 -23"><span class='ocrx_word' id='word_1_413' title='bbox 1980 1482 2110 1521; x_wconf 88' lang='lat' dir='ltr'><strong>casu</strong></span> <span class='ocrx_word' id='word_1_414' title='bbox 2148 1470 2507 1521; x_wconf 85' lang='lat' dir='ltr'><strong>constitutum</strong></span> <span class='ocrx_word' id='word_1_415' title='bbox 2544 1478 2648 1533; x_wconf 87' lang='lat' dir='ltr'><strong>cst,</strong></span> <span class='ocrx_word' id='word_1_416' title='bbox 2680 1484 2740 1522; x_wconf 85' lang='lat' dir='ltr'><strong>se</strong></span> <span class='ocrx_word' id='word_1_417' title='bbox 2765 1485 3044 1543; x_wconf 78' lang='lat' dir='ltr'><strong>nunquam</strong></span> <span class='ocrx_word' id='word_1_418' title='bbox 3077 1473 3144 1526; x_wconf 88' lang='lat' dir='ltr'><strong>ab</strong></span> <span class='ocrx_word' id='word_1_419' title='bbox 3174 1489 3270 1527; x_wconf 89' lang='lat' dir='ltr'><strong>esu</strong></span> <span class='ocrx_word' id='word_1_420' title='bbox 3321 1476 3569 1529; x_wconf 80' lang='lat' dir='ltr'><strong>carnium</strong></span> 
     </span>
    </p>
   </div>
   <div class='ocr_carea' id='block_1_60' title="bbox 1975 1558 3569 1629">
    <p class='ocr_par' dir='ltr' id='par_1_60' title="bbox 1975 1558 3569 1629">
     <span class='ocr_line' id='line_1_60' title="bbox 1975 1558 3569 1629; baseline 0.004 -16"><span class='ocrx_word' id='word_1_421' title='bbox 1975 1558 2272 1613; x_wconf 88' lang='lat' dir='ltr'><strong>abstinere.</strong></span> <span class='ocrx_word' id='word_1_422' title='bbox 2299 1558 2367 1613; x_wconf 86' lang='lat' dir='ltr'><strong>At</strong></span> <span class='ocrx_word' id='word_1_423' title='bbox 2396 1562 2536 1629; x_wconf 84' lang='lat' dir='ltr'><strong>apud</strong></span> <span class='ocrx_word' id='word_1_424' title='bbox 2567 1576 2667 1614; x_wconf 90' lang='lat' dir='ltr'><strong>uos</strong></span> <span class='ocrx_word' id='word_1_425' title='bbox 2700 1563 2953 1616; x_wconf 78' lang='lat' dir='ltr'><strong>monachi</strong></span> <span class='ocrx_word' id='word_1_426' title='bbox 2978 1564 3222 1619; x_wconf 84' lang='lat' dir='ltr'><strong>habitum</strong></span> <span class='ocrx_word' id='word_1_427' title='bbox 3252 1582 3412 1620; x_wconf 85' lang='lat' dir='ltr'><strong>nemo</strong></span> <span class='ocrx_word' id='word_1_428' title='bbox 3462 1584 3569 1623; x_wconf 86' lang='lat' dir='ltr'><strong>uu-</strong></span> 
     </span>
    </p>
   </div>
   <div class='ocr_carea' id='block_1_61' title="bbox 1974 1651 3566 1721">
    <p class='ocr_par' dir='ltr' id='par_1_61' title="bbox 1974 1651 3566 1721">
     <span class='ocr_line' id='line_1_61' title="bbox 1974 1651 3566 1721; baseline 0.006 -18"><span class='ocrx_word' id='word_1_429' title='bbox 1974 1665 2137 1721; x_wconf 90' lang='lat' dir='ltr'><strong>quam</strong></span> <span class='ocrx_word' id='word_1_430' title='bbox 2198 1652 2250 1704; x_wconf 91' lang='lat' dir='ltr'><strong>iu</strong></span> <span class='ocrx_word' id='word_1_431' title='bbox 2313 1651 2530 1707; x_wconf 74' lang='lat' dir='ltr'><strong>clericis</strong></span> <span class='ocrx_word' id='word_1_432' title='bbox 2581 1656 2998 1709; x_wconf 78' lang='lat' dir='ltr'><strong>commutavcrit</strong></span> <span class='ocrx_word' id='word_1_433' title='bbox 3033 1674 3044 1708; x_wconf 93' lang='lat'>:</span> <span class='ocrx_word' id='word_1_434' title='bbox 3084 1660 3329 1710; x_wconf 84' lang='lat' dir='ltr'><strong>nonnulli</strong></span> <span class='ocrx_word' id='word_1_435' title='bbox 3382 1670 3566 1713; x_wconf 89' lang='lat' dir='ltr'><strong>autem</strong></span> 
     </span>
    </p>
   </div>
   <div class='ocr_carea' id='block_1_62' title="bbox 1977 1742 3569 1820">
    <p class='ocr_par' dir='ltr' id='par_1_62' title="bbox 1977 1742 3569 1820">
     <span class='ocr_line' id='line_1_62' title="bbox 1977 1742 3569 1820; baseline 0.005 -25"><span class='ocrx_word' id='word_1_436' title='bbox 1977 1758 2102 1795; x_wconf 91' lang='lat' dir='ltr'><strong>cum</strong></span> <span class='ocrx_word' id='word_1_437' title='bbox 2174 1742 2444 1797; x_wconf 84' lang='lat' dir='ltr'><strong>voluerint</strong></span> <span class='ocrx_word' id='word_1_438' title='bbox 2502 1746 2832 1799; x_wconf 84' lang='lat' dir='ltr'><strong>monachum</strong></span> <span class='ocrx_word' id='word_1_439' title='bbox 2890 1747 2957 1801; x_wconf 83' lang='lat' dir='ltr'><strong>ad</strong></span> <span class='ocrx_word' id='word_1_440' title='bbox 3019 1751 3569 1820; x_wconf 64' lang='lat' dir='ltr'><strong>cpiscotiifastigiunt</strong></span> 
     </span>
    </p>
   </div>
   <div class='ocr_carea' id='block_1_63' title="bbox 1732 1829 3569 1911">
    <p class='ocr_par' dir='ltr' id='par_1_63' title="bbox 1732 1829 3569 1911">
     <span class='ocr_line' id='line_1_63' title="bbox 1732 1829 3569 1911; baseline 0.005 -26"><span class='ocrx_word' id='word_1_441' title='bbox 1732 1842 1865 1895; x_wconf 73' lang='grc' dir='ltr'>ἔνιοι</span> <span class='ocrx_word' id='word_1_442' title='bbox 1905 1829 2250 1897; x_wconf 63' lang='lat' dir='ltr'><strong>Battollrre,</strong></span> <span class='ocrx_word' id='word_1_443' title='bbox 2310 1852 2435 1889; x_wconf 88' lang='lat' dir='ltr'><strong>eum</strong></span> <span class='ocrx_word' id='word_1_444' title='bbox 2491 1838 2876 1894; x_wconf 85' lang='lat' dir='ltr'><strong>orbiculariter</strong></span> <span class='ocrx_word' id='word_1_445' title='bbox 2932 1840 3264 1906; x_wconf 86' lang='lat' dir='ltr'><strong>tondentes,</strong></span> <span class='ocrx_word' id='word_1_446' title='bbox 3334 1844 3569 1911; x_wconf 82' lang='lat' dir='ltr'><strong>prioren</strong></span> 
     </span>
    </p>
   </div>
   <div class='ocr_carea' id='block_1_64' title="bbox 1978 1927 3573 2000">
    <p class='ocr_par' dir='ltr' id='par_1_64' title="bbox 1978 1927 3573 2000">
     <span class='ocr_line' id='line_1_64' title="bbox 1978 1927 3573 2000; baseline 0.006 -21"><span class='ocrx_word' id='word_1_447' title='bbox 1978 1927 2223 1981; x_wconf 89' lang='lat' dir='ltr'><strong>habitum</strong></span> <span class='ocrx_word' id='word_1_448' title='bbox 2283 1928 2599 1982; x_wconf 87' lang='lat' dir='ltr'><strong>immutaut.</strong></span> <span class='ocrx_word' id='word_1_449' title='bbox 2649 1928 2724 1982; x_wconf 87' lang='lat' dir='ltr'><strong>Ita</strong></span> <span class='ocrx_word' id='word_1_450' title='bbox 2756 1932 2843 1983; x_wconf 83' lang='lat' dir='ltr'><strong>ubi</strong></span> <span class='ocrx_word' id='word_1_451' title='bbox 2900 1932 3049 1984; x_wconf 86' lang='lat' dir='ltr'><strong>nulla</strong></span> <span class='ocrx_word' id='word_1_452' title='bbox 3075 1943 3158 1985; x_wconf 85' lang='lat' dir='ltr'><strong>est</strong></span> <span class='ocrx_word' id='word_1_453' title='bbox 3197 1937 3573 2000; x_wconf 65' lang='lat' dir='ltr'><strong>pra-tariCato</strong></span> 
     </span>
    </p>
   </div>
   <div class='ocr_carea' id='block_1_65' title="bbox 1980 2019 3571 2088">
    <p class='ocr_par' dir='ltr' id='par_1_65' title="bbox 1980 2019 3571 2088">
     <span class='ocr_line' id='line_1_65' title="bbox 1980 2019 3571 2088; baseline -0.001 -15"><span class='ocrx_word' id='word_1_454' title='bbox 1980 2019 2128 2083; x_wconf 76' lang='lat' dir='ltr'><strong>ﬁdei,</strong></span> <span class='ocrx_word' id='word_1_455' title='bbox 2187 2034 2285 2073; x_wconf 90' lang='lat' dir='ltr'><strong>nec</strong></span> <span class='ocrx_word' id='word_1_456' title='bbox 2333 2021 2643 2075; x_wconf 81' lang='lat' dir='ltr'><strong>communis</strong></span> <span class='ocrx_word' id='word_1_457' title='bbox 2699 2030 2753 2074; x_wconf 88' lang='lat' dir='ltr'><strong>et</strong></span> <span class='ocrx_word' id='word_1_458' title='bbox 2807 2021 3064 2075; x_wconf 77' lang='lat' dir='ltr'><strong>catholici</strong></span> <span class='ocrx_word' id='word_1_459' title='bbox 3100 2023 3303 2077; x_wconf 76' lang='lat' dir='ltr'><strong>decreti</strong></span> <span class='ocrx_word' id='word_1_460' title='bbox 3338 2024 3571 2088; x_wconf 69' lang='lat' dir='ltr'><strong>t-Versin,</strong></span> 
     </span>
    </p>
   </div>
   <div class='ocr_carea' id='block_1_66' title="bbox 1975 2111 3571 2189">
    <p class='ocr_par' dir='ltr' id='par_1_66' title="bbox 1975 2111 3571 2189">
     <span class='ocr_line' id='line_1_66' title="bbox 1975 2111 3571 2189; baseline 0.004 -24"><span class='ocrx_word' id='word_1_461' title='bbox 1975 2125 2103 2165; x_wconf 89' lang='lat' dir='ltr'><strong>cum</strong></span> <span class='ocrx_word' id='word_1_462' title='bbox 2141 2111 2235 2165; x_wconf 86' lang='lat' dir='ltr'><strong>alii</strong></span> <span class='ocrx_word' id='word_1_463' title='bbox 2288 2111 2433 2180; x_wconf 89' lang='lat' dir='ltr'><strong>apud</strong></span> <span class='ocrx_word' id='word_1_464' title='bbox 2491 2111 2628 2189; x_wconf 81' lang='lat' dir='ltr'><strong>alios</strong></span> <span class='ocrx_word' id='word_1_465' title='bbox 2660 2127 2843 2168; x_wconf 89' lang='lat' dir='ltr'><strong>mores</strong></span> <span class='ocrx_word' id='word_1_466' title='bbox 2878 2124 2930 2167; x_wconf 85' lang='lat' dir='ltr'><strong>et</strong></span> <span class='ocrx_word' id='word_1_467' title='bbox 2972 2113 3118 2182; x_wconf 67' lang='lat' dir='ltr'><strong>leges</strong></span> <span class='ocrx_word' id='word_1_468' title='bbox 3167 2115 3571 2181; x_wconf 84' lang='lat' dir='ltr'><strong>custodiantur,</strong></span> 
     </span>
    </p>
   </div>
   <div class='ocr_carea' id='block_1_67' title="bbox 1976 2205 3572 2279">
    <p class='ocr_par' dir='ltr' id='par_1_67' title="bbox 1976 2205 3572 2279">
     <span class='ocr_line' id='line_1_67' title="bbox 1976 2205 3572 2279; baseline 0.001 -20"><span class='ocrx_word' id='word_1_469' title='bbox 1976 2221 2078 2259; x_wconf 86' lang='lat' dir='ltr'><strong>nec</strong></span> <span class='ocrx_word' id='word_1_470' title='bbox 2137 2205 2395 2262; x_wconf 79' lang='lat' dir='ltr'><strong>custodes</strong></span> <span class='ocrx_word' id='word_1_471' title='bbox 2430 2206 2632 2275; x_wconf 83' lang='lat' dir='ltr'><strong>injuste</strong></span> <span class='ocrx_word' id='word_1_472' title='bbox 2660 2222 2844 2276; x_wconf 82' lang='lat' dir='ltr'><strong>agere,</strong></span> <span class='ocrx_word' id='word_1_473' title='bbox 2880 2222 2981 2263; x_wconf 90' lang='lat' dir='ltr'><strong>nec</strong></span> <span class='ocrx_word' id='word_1_474' title='bbox 3003 2222 3100 2262; x_wconf 90' lang='lat' dir='ltr'><strong>eos</strong></span> <span class='ocrx_word' id='word_1_475' title='bbox 3131 2207 3226 2279; x_wconf 89' lang='lat' dir='ltr'><strong>qui</strong></span> <span class='ocrx_word' id='word_1_476' title='bbox 3275 2225 3383 2262; x_wconf 87' lang='lat' dir='ltr'><strong>non</strong></span> <span class='ocrx_word' id='word_1_477' title='bbox 3413 2226 3572 2263; x_wconf 70' lang='lat' dir='ltr'><strong>accu-</strong></span> 
     </span>
    </p>
   </div>
   <div class='ocr_carea' id='block_1_68' title="bbox 1975 2297 3575 2372">
    <p class='ocr_par' dir='ltr' id='par_1_68' title="bbox 1975 2297 3575 2372">
     <span class='ocr_line' id='line_1_68' title="bbox 1975 2297 3575 2372; baseline 0.005 -23"><span class='ocrx_word' id='word_1_478' title='bbox 1975 2310 2197 2366; x_wconf 85' lang='lat' dir='ltr'><strong>perunt,</strong></span> <span class='ocrx_word' id='word_1_479' title='bbox 2246 2308 2434 2352; x_wconf 87' lang='lat' dir='ltr'><strong>contra</strong></span> <span class='ocrx_word' id='word_1_480' title='bbox 2469 2297 2642 2368; x_wconf 77' lang='lat' dir='ltr'><strong>legem</strong></span> <span class='ocrx_word' id='word_1_481' title='bbox 2689 2300 2893 2364; x_wconf 75' lang='lat' dir='ltr'><strong>facere,</strong></span> <span class='ocrx_word' id='word_1_482' title='bbox 2935 2300 2983 2355; x_wconf 91' lang='lat' dir='ltr'><strong>is</strong></span> <span class='ocrx_word' id='word_1_483' title='bbox 3017 2301 3110 2368; x_wconf 86' lang='lat' dir='ltr'><strong>qui</strong></span> <span class='ocrx_word' id='word_1_484' title='bbox 3143 2312 3284 2355; x_wconf 82' lang='lat' dir='ltr'><strong>tecte</strong></span> <span class='ocrx_word' id='word_1_485' title='bbox 3322 2302 3575 2372; x_wconf 80' lang='lat' dir='ltr'><strong>judicare</strong></span> 
     </span>
    </p>
   </div>
   <div class='ocr_carea' id='block_1_69' title="bbox 1976 2389 3575 2457">
    <p class='ocr_par' dir='ltr' id='par_1_69' title="bbox 1976 2389 3575 2457">
     <span class='ocr_line' id='line_1_69' title="bbox 1976 2389 3575 2457; baseline 0.003 -15"><span class='ocrx_word' id='word_1_486' title='bbox 1976 2390 2143 2454; x_wconf 88' lang='lat' dir='ltr'><strong>norit,</strong></span> <span class='ocrx_word' id='word_1_487' title='bbox 2196 2389 2439 2443; x_wconf 88' lang='lat' dir='ltr'><strong>deﬁniat.</strong></span> <span class='ocrx_word' id='word_1_488' title='bbox 2506 2389 2573 2444; x_wconf 72' lang='lat' dir='ltr'><strong>lit</strong></span> <span class='ocrx_word' id='word_1_489' title='bbox 2626 2405 2754 2444; x_wconf 86' lang='lat' dir='ltr'><strong>vero</strong></span> <span class='ocrx_word' id='word_1_490' title='bbox 2806 2393 3009 2457; x_wconf 89' lang='lat' dir='ltr'><strong>quoda</strong></span> <span class='ocrx_word' id='word_1_491' title='bbox 3066 2392 3224 2446; x_wconf 83' lang='lat' dir='ltr'><strong>noLis</strong></span> <span class='ocrx_word' id='word_1_492' title='bbox 3257 2394 3309 2446; x_wconf 84' lang='lat' dir='ltr'><strong>iu</strong></span> <span class='ocrx_word' id='word_1_493' title='bbox 3346 2396 3575 2447; x_wconf 82' lang='lat' dir='ltr'><strong>crimine</strong></span> 
     </span>
    </p>
   </div>
   <div class='ocr_carea' id='block_1_70' title="bbox 1976 2481 3571 2551">
    <p class='ocr_par' dir='ltr' id='par_1_70' title="bbox 1976 2481 3571 2551">
     <span class='ocr_line' id='line_1_70' title="bbox 1976 2481 3571 2551; baseline 0.001 -17"><span class='ocrx_word' id='word_1_494' title='bbox 1976 2481 2223 2550; x_wconf 86' lang='lat' dir='ltr'><strong>ponitur,</strong></span> <span class='ocrx_word' id='word_1_495' title='bbox 2256 2481 2302 2536; x_wconf 79' lang='lat' dir='ltr'><strong>si</strong></span> <span class='ocrx_word' id='word_1_496' title='bbox 2342 2496 2466 2535; x_wconf 86' lang='lat' dir='ltr'><strong>cum</strong></span> <span class='ocrx_word' id='word_1_497' title='bbox 2520 2482 2781 2545; x_wconf 83' lang='lat' dir='ltr'><strong>nonullis,</strong></span> <span class='ocrx_word' id='word_1_498' title='bbox 2820 2499 2943 2551; x_wconf 74' lang='lat' dir='ltr'><strong>quze</strong></span> <span class='ocrx_word' id='word_1_499' title='bbox 3003 2496 3364 2540; x_wconf 86' lang='lat' dir='ltr'><strong>anuuinerata</strong></span> <span class='ocrx_word' id='word_1_500' title='bbox 3420 2497 3571 2551; x_wconf 88' lang='lat' dir='ltr'><strong>sum,</strong></span> 
     </span>
    </p>
   </div>
   <div class='ocr_carea' id='block_1_71' title="bbox 1975 2570 3571 2632">
    <p class='ocr_par' dir='ltr' id='par_1_71' title="bbox 1975 2570 3571 2632">
     <span class='ocr_line' id='line_1_71' title="bbox 1975 2570 3571 2632; baseline 0.003 -8"><span class='ocrx_word' id='word_1_501' title='bbox 1975 2570 2315 2632; x_wconf 77' lang='lat' dir='ltr'><strong>c0nieratur,</strong></span> <span class='ocrx_word' id='word_1_502' title='bbox 2387 2571 2521 2624; x_wconf 81' lang='lat' dir='ltr'><strong>recti</strong></span> <span class='ocrx_word' id='word_1_503' title='bbox 2555 2580 2610 2624; x_wconf 89' lang='lat' dir='ltr'><strong>et</strong></span> <span class='ocrx_word' id='word_1_504' title='bbox 2643 2574 2755 2626; x_wconf 85' lang='lat' dir='ltr'><strong>veri</strong></span> <span class='ocrx_word' id='word_1_505' title='bbox 2788 2572 3251 2627; x_wconf 77' lang='lat' dir='ltr'><strong>existimationem</strong></span> <span class='ocrx_word' id='word_1_506' title='bbox 3307 2576 3523 2629; x_wconf 80' lang='lat' dir='ltr'><strong>habebit</strong></span> <span class='ocrx_word' id='word_1_507' title='bbox 3556 2592 3571 2629; x_wconf 89' lang='lat'><strong>:</strong></span> 
     </span>
    </p>
   </div>
   <div class='ocr_carea' id='block_1_72' title="bbox 1976 2663 3573 2733">
    <p class='ocr_par' dir='ltr' id='par_1_72' title="bbox 1976 2663 3573 2733">
     <span class='ocr_line' id='line_1_72' title="bbox 1976 2663 3573 2733; baseline 0 -15"><span class='ocrx_word' id='word_1_508' title='bbox 1976 2674 2032 2719; x_wconf 92' lang='lat' dir='ltr'><strong>et</strong></span> <span class='ocrx_word' id='word_1_509' title='bbox 2081 2664 2187 2717; x_wconf 87' lang='lat' dir='ltr'><strong>alia</strong></span> <span class='ocrx_word' id='word_1_510' title='bbox 2236 2664 2457 2733; x_wconf 87' lang='lat' dir='ltr'><strong>quidem</strong></span> <span class='ocrx_word' id='word_1_511' title='bbox 2505 2663 2842 2719; x_wconf 81' lang='lat' dir='ltr'><strong>nefariorum</strong></span> <span class='ocrx_word' id='word_1_512' title='bbox 2876 2674 2930 2720; x_wconf 87' lang='lat' dir='ltr'><strong>et</strong></span> <span class='ocrx_word' id='word_1_513' title='bbox 2976 2669 3395 2722; x_wconf 76' lang='lat' dir='ltr'><strong>exsecrabilium</strong></span> <span class='ocrx_word' id='word_1_514' title='bbox 3452 2669 3573 2721; x_wconf 77' lang='grc' dir='ltr'><strong>Ιυρυ</strong></span> 
     </span>
    </p>
   </div>
   <div class='ocr_carea' id='block_1_73' title="bbox 1983 2756 3571 2831">
    <p class='ocr_par' dir='ltr' id='par_1_73' title="bbox 1983 2756 3571 2831">
     <span class='ocr_line' id='line_1_73' title="bbox 1983 2756 3571 2831; baseline 0.001 -21"><span class='ocrx_word' id='word_1_515' title='bbox 1983 2757 2289 2821; x_wconf 78' lang='lat' dir='ltr'><strong>ducuntur,</strong></span> <span class='ocrx_word' id='word_1_516' title='bbox 2334 2756 2437 2811; x_wconf 85' lang='lat' dir='ltr'><strong>hoc</strong></span> <span class='ocrx_word' id='word_1_517' title='bbox 2467 2771 2595 2811; x_wconf 88' lang='lat' dir='ltr'><strong>vero</strong></span> <span class='ocrx_word' id='word_1_518' title='bbox 2630 2758 2778 2813; x_wconf 82' lang='lat' dir='ltr'><strong>laudi</strong></span> <span class='ocrx_word' id='word_1_519' title='bbox 2808 2767 2911 2821; x_wconf 87' lang='lat' dir='ltr'><strong>est,</strong></span> <span class='ocrx_word' id='word_1_520' title='bbox 2945 2768 2997 2812; x_wconf 88' lang='lat' dir='ltr'><strong>et</strong></span> <span class='ocrx_word' id='word_1_521' title='bbox 3044 2770 3267 2828; x_wconf 88' lang='lat' dir='ltr'><strong>putatur</strong></span> <span class='ocrx_word' id='word_1_522' title='bbox 3297 2778 3422 2817; x_wconf 86' lang='lat' dir='ltr'><strong>esse</strong></span> <span class='ocrx_word' id='word_1_523' title='bbox 3455 2764 3571 2831; x_wconf 84' lang='lat' dir='ltr'><strong>pul-</strong></span> 
     </span>
    </p>
   </div>
   <div class='ocr_carea' id='block_1_74' title="bbox 1978 2848 3572 2919">
    <p class='ocr_par' dir='ltr' id='par_1_74' title="bbox 1978 2848 3572 2919">
     <span class='ocr_line' id='line_1_74' title="bbox 1978 2848 3572 2919; baseline 0.004 -17"><span class='ocrx_word' id='word_1_524' title='bbox 1978 2848 2316 2902; x_wconf 84' lang='lat' dir='ltr'><strong>cherrimum</strong></span> <span class='ocrx_word' id='word_1_525' title='bbox 2376 2848 2479 2904; x_wconf 86' lang='lat' dir='ltr'><strong>hoc</strong></span> <span class='ocrx_word' id='word_1_526' title='bbox 2544 2865 2722 2919; x_wconf 86' lang='lat' dir='ltr'><strong>usque</strong></span> <span class='ocrx_word' id='word_1_527' title='bbox 2789 2852 2968 2906; x_wconf 85' lang='lat' dir='ltr'><strong>adhuc</strong></span> <span class='ocrx_word' id='word_1_528' title='bbox 3005 2863 3059 2906; x_wconf 88' lang='lat' dir='ltr'><strong>et</strong></span> <span class='ocrx_word' id='word_1_529' title='bbox 3114 2855 3313 2907; x_wconf 75' lang='lat' dir='ltr'><strong>factum</strong></span> <span class='ocrx_word' id='word_1_530' title='bbox 3365 2871 3487 2910; x_wconf 85' lang='lat' dir='ltr'><strong>esse</strong></span> <span class='ocrx_word' id='word_1_531' title='bbox 3521 2865 3572 2908; x_wconf 76' lang='grc' dir='ltr'><strong>ιι</strong></span> 
     </span>
    </p>
   </div>
   <div class='ocr_carea' id='block_1_75' title="bbox 1974 2926 3571 3012">
    <p class='ocr_par' dir='ltr' id='par_1_75' title="bbox 1974 2926 3571 3012">
     <span class='ocr_line' id='line_1_75' title="bbox 1974 2926 3571 3012; baseline 0.008 -24"><span class='ocrx_word' id='word_1_532' title='bbox 1974 2926 2114 3000; x_wconf 83' lang='lat' dir='ltr'><strong>ﬁeri,</strong></span> <span class='ocrx_word' id='word_1_533' title='bbox 2170 2935 2339 2990; x_wconf 86' lang='lat' dir='ltr'><strong>libera</strong></span> <span class='ocrx_word' id='word_1_534' title='bbox 2403 2952 2535 2992; x_wconf 90' lang='lat' dir='ltr'><strong>voce</strong></span> <span class='ocrx_word' id='word_1_535' title='bbox 2572 2947 2628 2993; x_wconf 87' lang='lat' dir='ltr'><strong>et</strong></span> <span class='ocrx_word' id='word_1_536' title='bbox 2648 2941 2917 2995; x_wconf 82' lang='lat' dir='ltr'><strong>sententia</strong></span> <span class='ocrx_word' id='word_1_537' title='bbox 2950 2950 3003 2995; x_wconf 85' lang='lat' dir='ltr'><strong>et</strong></span> <span class='ocrx_word' id='word_1_538' title='bbox 3034 2941 3181 2996; x_wconf 86' lang='lat' dir='ltr'><strong>vultu</strong></span> <span class='ocrx_word' id='word_1_539' title='bbox 3224 2946 3571 3012; x_wconf 72' lang='lat' dir='ltr'><strong>traedicatur.</strong></span> 
     </span>
    </p>
   </div>
   <div class='ocr_carea' id='block_1_76' title="bbox 1982 3026 3570 3105">
    <p class='ocr_par' dir='ltr' id='par_1_76' title="bbox 1982 3026 3570 3105">
     <span class='ocr_line' id='line_1_76' title="bbox 1982 3026 3570 3105; baseline 0.009 -29"><span class='ocrx_word' id='word_1_540' title='bbox 1982 3026 2272 3092; x_wconf 80' lang='lat' dir='ltr'><strong>Quomodo</strong></span> <span class='ocrx_word' id='word_1_541' title='bbox 2288 3028 2434 3081; x_wconf 89' lang='lat' dir='ltr'><strong>enim</strong></span> <span class='ocrx_word' id='word_1_542' title='bbox 2464 3044 2572 3083; x_wconf 87' lang='lat' dir='ltr'><strong>non</strong></span> <span class='ocrx_word' id='word_1_543' title='bbox 2598 3034 2827 3088; x_wconf 84' lang='lat' dir='ltr'><strong>summis</strong></span> <span class='ocrx_word' id='word_1_544' title='bbox 2851 3034 3108 3090; x_wconf 60' lang='lat' dir='ltr'><strong>laudibus</strong></span> <span class='ocrx_word' id='word_1_545' title='bbox 3140 3042 3263 3105; x_wconf 72' lang='lat' dir='ltr'><strong>qua</strong></span> <span class='ocrx_word' id='word_1_546' title='bbox 3291 3039 3570 3105; x_wconf 73' lang='lat' dir='ltr'><strong>eﬂrratur,</strong></span> 
     </span>
    </p>
   </div>
   <div class='ocr_carea' id='block_1_77' title="bbox 1974 3120 3565 3199">
    <p class='ocr_par' dir='ltr' id='par_1_77' title="bbox 1974 3120 3565 3199">
     <span class='ocr_line' id='line_1_77' title="bbox 1974 3120 3565 3199; baseline 0.009 -28"><span class='ocrx_word' id='word_1_547' title='bbox 1974 3121 2116 3185; x_wconf 74' lang='lat' dir='ltr'><strong>quod</strong></span> <span class='ocrx_word' id='word_1_548' title='bbox 2165 3120 2411 3176; x_wconf 87' lang='lat' dir='ltr'><strong>nondum</strong></span> <span class='ocrx_word' id='word_1_549' title='bbox 2466 3125 2814 3178; x_wconf 79' lang='lat' dir='ltr'><strong>sacerdmuut</strong></span> <span class='ocrx_word' id='word_1_550' title='bbox 2859 3130 3108 3182; x_wconf 81' lang='lat' dir='ltr'><strong>ordinem</strong></span> <span class='ocrx_word' id='word_1_551' title='bbox 3150 3135 3565 3199; x_wconf 75' lang='lat' dir='ltr'><strong>assecuttts,it-a</strong></span> 
     </span>
    </p>
   </div>
   <div class='ocr_carea' id='block_1_78' title="bbox 1969 3213 3568 3292">
    <p class='ocr_par' dir='ltr' id='par_1_78' title="bbox 1969 3213 3568 3292">
     <span class='ocr_line' id='line_1_78' title="bbox 1969 3213 3568 3292; baseline 0.005 -24"><span class='ocrx_word' id='word_1_552' title='bbox 1969 3213 2137 3268; x_wconf 84' lang='lat' dir='ltr'><strong>vitam</strong></span> <span class='ocrx_word' id='word_1_553' title='bbox 2193 3231 2349 3270; x_wconf 86' lang='lat' dir='ltr'><strong>suam</strong></span> <span class='ocrx_word' id='word_1_554' title='bbox 2404 3216 2719 3272; x_wconf 85' lang='lat' dir='ltr'><strong>moderatus</strong></span> <span class='ocrx_word' id='word_1_555' title='bbox 2743 3229 2826 3272; x_wconf 86' lang='lat' dir='ltr'><strong>est</strong></span> <span class='ocrx_word' id='word_1_556' title='bbox 2873 3230 3012 3275; x_wconf 79' lang='lat' dir='ltr'><strong>utet</strong></span> <span class='ocrx_word' id='word_1_557' title='bbox 3063 3224 3185 3275; x_wconf 78' lang='lat' dir='ltr'><strong>alis</strong></span> <span class='ocrx_word' id='word_1_558' title='bbox 3220 3225 3424 3292; x_wconf 82' lang='lat' dir='ltr'><strong>quibus</strong></span> <span class='ocrx_word' id='word_1_559' title='bbox 3476 3241 3568 3278; x_wconf 80' lang='lat'><strong>5..-</strong></span> 
     </span>
    </p>
   </div>
   <div class='ocr_carea' id='block_1_79' title="bbox 1962 3303 3567 3382">
    <p class='ocr_par' dir='ltr' id='par_1_79' title="bbox 1962 3303 3567 3382">
     <span class='ocr_line' id='line_1_79' title="bbox 1962 3303 3567 3382; baseline 0.007 -25"><span class='ocrx_word' id='word_1_560' title='bbox 1962 3303 2270 3358; x_wconf 83' lang='lat' dir='ltr'><strong>cerdotium</strong></span> <span class='ocrx_word' id='word_1_561' title='bbox 2324 3305 2538 3376; x_wconf 66' lang='grc' dir='ltr'>(ὼιὶεἰι,</span> <span class='ocrx_word' id='word_1_562' title='bbox 2592 3317 2645 3362; x_wconf 89' lang='lat' dir='ltr'><strong>et</strong></span> <span class='ocrx_word' id='word_1_563' title='bbox 2701 3309 2769 3362; x_wconf 89' lang='lat' dir='ltr'><strong>ab</strong></span> <span class='ocrx_word' id='word_1_564' title='bbox 2830 3313 2979 3364; x_wconf 88' lang='lat' dir='ltr'><strong>omni</strong></span> <span class='ocrx_word' id='word_1_565' title='bbox 3049 3314 3258 3382; x_wconf 86' lang='lat' dir='ltr'><strong>reliquo</strong></span> <span class='ocrx_word' id='word_1_566' title='bbox 3304 3325 3446 3369; x_wconf 75' lang='lat' dir='ltr'><strong>cmtu</strong></span> <span class='ocrx_word' id='word_1_567' title='bbox 3500 3321 3567 3368; x_wconf 85' lang='lat' dir='ltr'><strong>at</strong></span> 
     </span>
    </p>
   </div>
   <div class='ocr_carea' id='block_1_80' title="bbox 1964 3395 3570 3469">
    <p class='ocr_par' dir='ltr' id='par_1_80' title="bbox 1964 3395 3570 3469">
     <span class='ocr_line' id='line_1_80' title="bbox 1964 3395 3570 3469; baseline 0.007 -19"><span class='ocrx_word' id='word_1_568' title='bbox 1964 3395 2340 3465; x_wconf 90' lang='lat' dir='ltr'><strong>pontiﬁcatum</strong></span> <span class='ocrx_word' id='word_1_569' title='bbox 2394 3400 2519 3453; x_wconf 88' lang='lat' dir='ltr'><strong>aliis</strong></span> <span class='ocrx_word' id='word_1_570' title='bbox 2568 3400 2932 3468; x_wconf 66' lang='lat' dir='ltr'><strong>praeferatur?</strong></span> <span class='ocrx_word' id='word_1_571' title='bbox 2986 3403 3241 3469; x_wconf 68' lang='lat' dir='ltr'><strong>Quaedam</strong></span> <span class='ocrx_word' id='word_1_572' title='bbox 3308 3423 3437 3460; x_wconf 85' lang='lat' dir='ltr'><strong>vero</strong></span> <span class='ocrx_word' id='word_1_573' title='bbox 3471 3425 3570 3461; x_wconf 71' lang='lat' dir='ltr'><strong>nec</strong></span> 
     </span>
    </p>
   </div>
   <div class='ocr_carea' id='block_1_81' title="bbox 1966 3488 3567 3571">
    <p class='ocr_par' dir='ltr' id='par_1_81' title="bbox 1966 3488 3567 3571">
     <span class='ocr_line' id='line_1_81' title="bbox 1966 3488 3567 3571; baseline 0.007 -30"><span class='ocrx_word' id='word_1_574' title='bbox 1966 3491 2034 3544; x_wconf 86' lang='lat' dir='ltr'><strong>ab</strong></span> <span class='ocrx_word' id='word_1_575' title='bbox 2066 3488 2134 3543; x_wconf 90' lang='lat' dir='ltr'><strong>iis</strong></span> <span class='ocrx_word' id='word_1_576' title='bbox 2159 3490 2404 3558; x_wconf 87' lang='lat' dir='ltr'><strong>quidem,</strong></span> <span class='ocrx_word' id='word_1_577' title='bbox 2430 3491 2522 3561; x_wconf 87' lang='lat' dir='ltr'><strong>qui</strong></span> <span class='ocrx_word' id='word_1_578' title='bbox 2576 3493 2903 3563; x_wconf 84' lang='lat' dir='ltr'><strong>delinquunt</strong></span> <span class='ocrx_word' id='word_1_579' title='bbox 2930 3498 3098 3565; x_wconf 85' lang='lat' dir='ltr'><strong>(quod</strong></span> <span class='ocrx_word' id='word_1_580' title='bbox 3129 3500 3345 3565; x_wconf 72' lang='lat' dir='ltr'><strong>quidem</strong></span> <span class='ocrx_word' id='word_1_581' title='bbox 3372 3501 3567 3571; x_wconf 71' lang='lat' dir='ltr'><strong>sciam)</strong></span> 
     </span>
    </p>
   </div>
   <div class='ocr_carea' id='block_1_82' title="bbox 1970 3580 3569 3649">
    <p class='ocr_par' dir='ltr' id='par_1_82' title="bbox 1970 3580 3569 3649">
     <span class='ocr_line' id='line_1_82' title="bbox 1970 3580 3569 3649; baseline 0.008 -18"><span class='ocrx_word' id='word_1_582' title='bbox 1970 3580 2115 3649; x_wconf 78' lang='lat' dir='ltr'><strong>quod</strong></span> <span class='ocrx_word' id='word_1_583' title='bbox 2148 3582 2306 3647; x_wconf 86' lang='lat' dir='ltr'><strong>ﬁunt,</strong></span> <span class='ocrx_word' id='word_1_584' title='bbox 2348 3582 2645 3638; x_wconf 81' lang='lat' dir='ltr'><strong>laudantur</strong></span> <span class='ocrx_word' id='word_1_585' title='bbox 2687 3586 2756 3640; x_wconf 86' lang='lat' dir='ltr'><strong>ob</strong></span> <span class='ocrx_word' id='word_1_586' title='bbox 2796 3603 3067 3642; x_wconf 87' lang='lat' dir='ltr'><strong>summam</strong></span> <span class='ocrx_word' id='word_1_587' title='bbox 3096 3591 3329 3645; x_wconf 81' lang='lat' dir='ltr'><strong>fortasse</strong></span> <span class='ocrx_word' id='word_1_588' title='bbox 3370 3593 3569 3645; x_wconf 77' lang='lat' dir='ltr'><strong>absut-</strong></span> 
     </span>
    </p>
   </div>
   <div class='ocr_carea' id='block_1_83' title="bbox 1974 3673 3569 3749">
    <p class='ocr_par' dir='ltr' id='par_1_83' title="bbox 1974 3673 3569 3749">
     <span class='ocr_line' id='line_1_83' title="bbox 1974 3673 3569 3749; baseline 0.008 -22"><span class='ocrx_word' id='word_1_589' title='bbox 1974 3673 2225 3736; x_wconf 84' lang='lat' dir='ltr'><strong>ditatem,</strong></span> <span class='ocrx_word' id='word_1_590' title='bbox 2262 3682 2358 3727; x_wconf 89' lang='lat' dir='ltr'><strong>aut</strong></span> <span class='ocrx_word' id='word_1_591' title='bbox 2409 3676 2597 3729; x_wconf 85' lang='lat' dir='ltr'><strong>nescio</strong></span> <span class='ocrx_word' id='word_1_592' title='bbox 2643 3678 2770 3745; x_wconf 81' lang='lat' dir='ltr'><strong>quid</strong></span> <span class='ocrx_word' id='word_1_593' title='bbox 2815 3680 3016 3745; x_wconf 88' lang='lat' dir='ltr'><strong>dicam,</strong></span> <span class='ocrx_word' id='word_1_594' title='bbox 3063 3682 3129 3734; x_wconf 79' lang='lat' dir='ltr'><strong>iis</strong></span> <span class='ocrx_word' id='word_1_595' title='bbox 3164 3687 3260 3749; x_wconf 88' lang='lat' dir='ltr'><strong>qui</strong></span> <span class='ocrx_word' id='word_1_596' title='bbox 3318 3683 3569 3739; x_wconf 82' lang='lat' dir='ltr'><strong>fecerunt</strong></span> 
     </span>
    </p>
   </div>
   <div class='ocr_carea' id='block_1_84' title="bbox 1966 3763 3559 3841">
    <p class='ocr_par' dir='ltr' id='par_1_84' title="bbox 1966 3763 3559 3841">
     <span class='ocr_line' id='line_1_84' title="bbox 1966 3763 3559 3841; baseline 0.006 -22"><span class='ocrx_word' id='word_1_597' title='bbox 1966 3763 2385 3831; x_wconf 87' lang='lat' dir='ltr'><strong>iuﬁciationem,</strong></span> <span class='ocrx_word' id='word_1_598' title='bbox 2441 3768 2658 3821; x_wconf 82' lang='lat' dir='ltr'><strong>veritati</strong></span> <span class='ocrx_word' id='word_1_599' title='bbox 2709 3773 3195 3838; x_wconf 88' lang='lat' dir='ltr'><strong>autepouentibus.</strong></span> <span class='ocrx_word' id='word_1_600' title='bbox 3238 3774 3372 3841; x_wconf 81' lang='lat' dir='ltr'><strong>Quis</strong></span> <span class='ocrx_word' id='word_1_601' title='bbox 3408 3778 3559 3829; x_wconf 86' lang='lat' dir='ltr'><strong>enim</strong></span> 
     </span>
    </p>
   </div>
   <div class='ocr_carea' id='block_1_85' title="bbox 1966 3859 3563 3932">
    <p class='ocr_par' dir='ltr' id='par_1_85' title="bbox 1966 3859 3563 3932">
     <span class='ocr_line' id='line_1_85' title="bbox 1966 3859 3563 3932; baseline 0.007 -21"><span class='ocrx_word' id='word_1_602' title='bbox 1966 3859 2329 3926; x_wconf 79' lang='lat' dir='ltr'><strong>sabbatizare,</strong></span> <span class='ocrx_word' id='word_1_603' title='bbox 2376 3861 2472 3929; x_wconf 89' lang='lat' dir='ltr'><strong>qui</strong></span> <span class='ocrx_word' id='word_1_604' title='bbox 2521 3860 2574 3915; x_wconf 88' lang='lat' dir='ltr'><strong>iti</strong></span> <span class='ocrx_word' id='word_1_605' title='bbox 2625 3859 2956 3919; x_wconf 84' lang='lat' dir='ltr'><strong>Christianis</strong></span> <span class='ocrx_word' id='word_1_606' title='bbox 3012 3877 3343 3932; x_wconf 86' lang='lat' dir='ltr'><strong>censeatur,</strong></span> <span class='ocrx_word' id='word_1_607' title='bbox 3397 3870 3563 3923; x_wconf 85' lang='lat' dir='ltr'><strong>etiam</strong></span> 
     </span>
    </p>
   </div>
   <div class='ocr_carea' id='block_1_86' title="bbox 1969 3951 3566 4027">
    <p class='ocr_par' dir='ltr' id='par_1_86' title="bbox 1969 3951 3566 4027">
     <span class='ocr_line' id='line_1_86' title="bbox 1969 3951 3566 4027; baseline 0.008 -24"><span class='ocrx_word' id='word_1_608' title='bbox 1969 3952 2016 4003; x_wconf 87' lang='lat' dir='ltr'><strong>si</strong></span> <span class='ocrx_word' id='word_1_609' title='bbox 2050 3952 2247 4006; x_wconf 85' lang='lat' dir='ltr'><strong>millies</strong></span> <span class='ocrx_word' id='word_1_610' title='bbox 2272 3951 2362 4006; x_wconf 88' lang='lat' dir='ltr'><strong>his</strong></span> <span class='ocrx_word' id='word_1_611' title='bbox 2397 3953 2741 4019; x_wconf 84' lang='lat' dir='ltr'><strong>succumbat,</strong></span> <span class='ocrx_word' id='word_1_612' title='bbox 2772 3971 2878 4010; x_wconf 81' lang='lat' dir='ltr'><strong>non</strong></span> <span class='ocrx_word' id='word_1_613' title='bbox 2907 3956 3081 4027; x_wconf 84' lang='lat' dir='ltr'><strong>ejuret</strong></span> <span class='ocrx_word' id='word_1_614' title='bbox 3105 3960 3127 4013; x_wconf 83' lang='lat'><strong>?</strong></span> <span class='ocrx_word' id='word_1_615' title='bbox 3152 3960 3288 4026; x_wconf 77' lang='lat' dir='ltr'><strong>Quis</strong></span> <span class='ocrx_word' id='word_1_616' title='bbox 3338 3978 3397 4016; x_wconf 83' lang='lat' dir='ltr'><strong>se</strong></span> <span class='ocrx_word' id='word_1_617' title='bbox 3428 3978 3566 4016; x_wconf 80' lang='lat' dir='ltr'><strong>con-</strong></span> 
     </span>
    </p>
   </div>
   <div class='ocr_carea' id='block_1_87' title="bbox 1964 4042 3567 4121">
    <p class='ocr_par' dir='ltr' id='par_1_87' title="bbox 1964 4042 3567 4121">
     <span class='ocr_line' id='line_1_87' title="bbox 1964 4042 3567 4121; baseline 0.007 -23"><span class='ocrx_word' id='word_1_618' title='bbox 1964 4042 2181 4113; x_wconf 70' lang='lat' dir='ltr'><strong>iugium</strong></span> <span class='ocrx_word' id='word_1_619' title='bbox 2212 4047 2487 4099; x_wconf 84' lang='lat' dir='ltr'><strong>exsecrari</strong></span> <span class='ocrx_word' id='word_1_620' title='bbox 2513 4046 2843 4115; x_wconf 81' lang='lat' dir='ltr'><strong>legitimum,</strong></span> <span class='ocrx_word' id='word_1_621' title='bbox 2872 4050 2979 4105; x_wconf 90' lang='lat' dir='ltr'><strong>nisi</strong></span> <span class='ocrx_word' id='word_1_622' title='bbox 3012 4054 3136 4120; x_wconf 83' lang='lat' dir='ltr'><strong>quis</strong></span> <span class='ocrx_word' id='word_1_623' title='bbox 3183 4056 3470 4121; x_wconf 80' lang='lat' dir='ltr'><strong>impiorum</strong></span> <span class='ocrx_word' id='word_1_624' title='bbox 3501 4064 3567 4109; x_wconf 56' lang='lat' dir='ltr'><strong>at:</strong></span> 
     </span>
    </p>
   </div>
   <div class='ocr_carea' id='block_1_88' title="bbox 1972 4134 3566 4216">
    <p class='ocr_par' dir='ltr' id='par_1_88' title="bbox 1972 4134 3566 4216">
     <span class='ocr_line' id='line_1_88' title="bbox 1972 4134 3566 4216; baseline 0.008 -25"><span class='ocrx_word' id='word_1_625' title='bbox 1972 4136 2092 4191; x_wconf 86' lang='lat' dir='ltr'><strong>sine</strong></span> <span class='ocrx_word' id='word_1_626' title='bbox 2139 4134 2253 4190; x_wconf 87' lang='lat' dir='ltr'><strong>Deo</strong></span> <span class='ocrx_word' id='word_1_627' title='bbox 2278 4136 2559 4191; x_wconf 83' lang='lat' dir='ltr'><strong>hominum</strong></span> <span class='ocrx_word' id='word_1_628' title='bbox 2612 4142 2939 4195; x_wconf 87' lang='lat' dir='ltr'><strong>sententiam</strong></span> <span class='ocrx_word' id='word_1_629' title='bbox 2967 4146 3147 4212; x_wconf 79' lang='lat' dir='ltr'><strong>Opiﬁci</strong></span> <span class='ocrx_word' id='word_1_630' title='bbox 3179 4158 3480 4216; x_wconf 61' lang='lat' dir='ltr'><strong>praeponat,</strong></span> <span class='ocrx_word' id='word_1_631' title='bbox 3512 4161 3566 4203; x_wconf 84' lang='lat' dir='ltr'><strong>et</strong></span> 
     </span>
    </p>
   </div>
   <div class='ocr_carea' id='block_1_89' title="bbox 1965 4228 3564 4301">
    <p class='ocr_par' dir='ltr' id='par_1_89' title="bbox 1965 4228 3564 4301">
     <span class='ocr_line' id='line_1_89' title="bbox 1965 4228 3564 4301; baseline 0.009 -21"><span class='ocrx_word' id='word_1_632' title='bbox 1965 4229 2015 4281; x_wconf 89' lang='lat' dir='ltr'><strong>ei</strong></span> <span class='ocrx_word' id='word_1_633' title='bbox 2066 4228 2371 4301; x_wconf 84' lang='lat' dir='ltr'><strong>liypostasi,</strong></span> <span class='ocrx_word' id='word_1_634' title='bbox 2406 4244 2529 4299; x_wconf 72' lang='lat' dir='ltr'><strong>quae</strong></span> <span class='ocrx_word' id='word_1_635' title='bbox 2569 4229 2694 4285; x_wconf 86' lang='lat' dir='ltr'><strong>inde</strong></span> <span class='ocrx_word' id='word_1_636' title='bbox 2752 4248 2847 4301; x_wconf 89' lang='lat' dir='ltr'><strong>per</strong></span> <span class='ocrx_word' id='word_1_637' title='bbox 2892 4234 3195 4291; x_wconf 80' lang='lat' dir='ltr'><strong>bonitatem</strong></span> <span class='ocrx_word' id='word_1_638' title='bbox 3247 4240 3564 4295; x_wconf 74' lang='lat' dir='ltr'><strong>exstiterit?</strong></span> 
     </span>
    </p>
   </div>
   <div class='ocr_carea' id='block_1_90' title="bbox 1965 4320 3552 4403">
    <p class='ocr_par' dir='ltr' id='par_1_90' title="bbox 1965 4320 3552 4403">
     <span class='ocr_line' id='line_1_90' title="bbox 1965 4320 3552 4403; baseline 0.01 -31"><span class='ocrx_word' id='word_1_639' title='bbox 1965 4320 2097 4387; x_wconf 86' lang='lat' dir='ltr'><strong>Quis</strong></span> <span class='ocrx_word' id='word_1_640' title='bbox 2123 4332 2303 4377; x_wconf 90' lang='lat' dir='ltr'><strong>autem</strong></span> <span class='ocrx_word' id='word_1_641' title='bbox 2331 4322 2766 4394; x_wconf 85' lang='lat' dir='ltr'><strong>Dominicorum,</strong></span> <span class='ocrx_word' id='word_1_642' title='bbox 2806 4335 2860 4383; x_wconf 87' lang='lat' dir='ltr'><strong>et</strong></span> <span class='ocrx_word' id='word_1_643' title='bbox 2892 4339 3269 4397; x_wconf 82' lang='lat' dir='ltr'><strong>paternorum,</strong></span> <span class='ocrx_word' id='word_1_644' title='bbox 3309 4344 3361 4387; x_wconf 85' lang='lat' dir='ltr'><strong>et</strong></span> <span class='ocrx_word' id='word_1_645' title='bbox 3380 4349 3552 4403; x_wconf 87' lang='lat' dir='ltr'><strong>syno-</strong></span> 
     </span>
    </p>
   </div>
   <div class='ocr_carea' id='block_1_91' title="bbox 1967 4413 3562 4489">
    <p class='ocr_par' dir='ltr' id='par_1_91' title="bbox 1967 4413 3562 4489">
     <span class='ocr_line' id='line_1_91' title="bbox 1967 4413 3562 4489; baseline 0.01 -24"><span class='ocrx_word' id='word_1_646' title='bbox 1967 4413 2174 4471; x_wconf 83' lang='lat' dir='ltr'><strong>dalium</strong></span> <span class='ocrx_word' id='word_1_647' title='bbox 2236 4414 2609 4482; x_wconf 86' lang='lat' dir='ltr'><strong>decretorum,</strong></span> <span class='ocrx_word' id='word_1_648' title='bbox 2664 4432 2732 4471; x_wconf 90' lang='lat' dir='ltr'><strong>ne</strong></span> <span class='ocrx_word' id='word_1_649' title='bbox 2777 4418 3055 4488; x_wconf 82' lang='lat' dir='ltr'><strong>sigillatim</strong></span> <span class='ocrx_word' id='word_1_650' title='bbox 3085 4423 3289 4489; x_wconf 86' lang='lat' dir='ltr'><strong>dicam,</strong></span> <span class='ocrx_word' id='word_1_651' title='bbox 3338 4440 3562 4480; x_wconf 84' lang='lat' dir='ltr'><strong>nonre-</strong></span> 
     </span>
    </p>
   </div>
   <div class='ocr_carea' id='block_1_92' title="bbox 261 4507 1863 4591">
    <p class='ocr_par' dir='ltr' id='par_1_92' title="bbox 261 4509 1859 4584">
     <span class='ocr_line' id='line_1_92' title="bbox 261 4509 1859 4584; baseline -0.003 -17"><span class='ocrx_word' id='word_1_652' title='bbox 261 4513 457 4584; x_wconf 87' lang='grc' dir='ltr'>θείσης</span> <span class='ocrx_word' id='word_1_653' title='bbox 480 4513 834 4574; x_wconf 79' lang='grc' dir='ltr'>ὑποστάσεως</span> <span class='ocrx_word' id='word_1_654' title='bbox 864 4528 881 4578; x_wconf 87' lang='grc'>;</span> <span class='ocrx_word' id='word_1_655' title='bbox 910 4512 1007 4574; x_wconf 88' lang='grc' dir='ltr'><strong>Τίς</strong></span> <span class='ocrx_word' id='word_1_656' title='bbox 1033 4513 1090 4566; x_wconf 83' lang='grc' dir='ltr'>δὲ</span> <span class='ocrx_word' id='word_1_657' title='bbox 1123 4514 1231 4563; x_wconf 82' lang='grc' dir='ltr'>τῶν</span> <span class='ocrx_word' id='word_1_658' title='bbox 1262 4510 1602 4565; x_wconf 70' lang='grc' dir='ltr'>δεσππικῶν</span> <span class='ocrx_word' id='word_1_659' title='bbox 1633 4509 1728 4562; x_wconf 80' lang='grc' dir='ltr'>καὶ</span> <span class='ocrx_word' id='word_1_660' title='bbox 1752 4526 1859 4567; x_wconf 81' lang='grc' dir='ltr'>πα-</span> 
     </span>
    </p>
   </div>
   <div class='ocr_carea' id='block_1_93' title="bbox 1971 4507 3563 4591">
    <p class='ocr_par' dir='ltr' id='par_1_93' title="bbox 1971 4507 3563 4591">
     <span class='ocr_line' id='line_1_93' title="bbox 1971 4507 3563 4591; baseline 0.009 -33"><span class='ocrx_word' id='word_1_661' title='bbox 1971 4514 2221 4560; x_wconf 89' lang='lat' dir='ltr'><strong>vereatur</strong></span> <span class='ocrx_word' id='word_1_662' title='bbox 2258 4507 2533 4574; x_wconf 88' lang='lat' dir='ltr'><strong>conﬁteri,</strong></span> <span class='ocrx_word' id='word_1_663' title='bbox 2559 4523 2620 4564; x_wconf 83' lang='lat' dir='ltr'><strong>se</strong></span> <span class='ocrx_word' id='word_1_664' title='bbox 2651 4510 2829 4564; x_wconf 82' lang='lat' dir='ltr'><strong>moliri</strong></span> <span class='ocrx_word' id='word_1_665' title='bbox 2850 4523 3223 4583; x_wconf 82' lang='lat' dir='ltr'><strong>contemptum</strong></span> <span class='ocrx_word' id='word_1_666' title='bbox 3250 4516 3271 4569; x_wconf 82' lang='lat'>?</span> <span class='ocrx_word' id='word_1_667' title='bbox 3294 4517 3367 4591; x_wconf 70' lang='lat' dir='ltr'><strong>Eii</strong></span> <span class='ocrx_word' id='word_1_668' title='bbox 3406 4518 3563 4573; x_wconf 82' lang='lat' dir='ltr'><strong>laicis</strong></span> 
     </span>
    </p>
   </div>
   <div class='ocr_carea' id='block_1_94' title="bbox 261 4599 1853 4678">
    <p class='ocr_par' dir='ltr' id='par_1_94' title="bbox 261 4599 1853 4678">
     <span class='ocr_line' id='line_1_94' title="bbox 261 4599 1853 4678; baseline -0.004 -20"><span class='ocrx_word' id='word_1_669' title='bbox 261 4604 494 4678; x_wconf 85' lang='grc' dir='ltr'>τρικῶν,</span> <span class='ocrx_word' id='word_1_670' title='bbox 533 4607 630 4661; x_wconf 75' lang='grc' dir='ltr'>καὶ</span> <span class='ocrx_word' id='word_1_671' title='bbox 658 4602 961 4657; x_wconf 76' lang='grc' dir='ltr'>συναδικῶν</span> <span class='ocrx_word' id='word_1_672' title='bbox 983 4602 1292 4671; x_wconf 82' lang='grc' dir='ltr'>δογμάτων,</span> <span class='ocrx_word' id='word_1_673' title='bbox 1334 4601 1421 4655; x_wconf 81' lang='grc' dir='ltr'>ἵνα</span> <span class='ocrx_word' id='word_1_674' title='bbox 1457 4599 1534 4671; x_wconf 83' lang='grc' dir='ltr'>μὴ</span> <span class='ocrx_word' id='word_1_675' title='bbox 1576 4599 1701 4655; x_wconf 85' lang='grc' dir='ltr'>καθ’</span> <span class='ocrx_word' id='word_1_676' title='bbox 1720 4600 1853 4653; x_wconf 78' lang='grc' dir='ltr'>ἒκα-</span> 
     </span>
    </p>
   </div>
   <div class='ocr_carea' id='block_1_95' title="bbox 262 4692 1860 4763">
    <p class='ocr_par' dir='ltr' id='par_1_95' title="bbox 262 4692 1860 4763">
     <span class='ocr_line' id='line_1_95' title="bbox 262 4692 1860 4763; baseline -0.001 -15"><span class='ocrx_word' id='word_1_677' title='bbox 262 4711 396 4748; x_wconf 84' lang='grc' dir='ltr'>στον</span> <span class='ocrx_word' id='word_1_678' title='bbox 419 4692 583 4762; x_wconf 79' lang='grc' dir='ltr'>λέγω,</span> <span class='ocrx_word' id='word_1_679' title='bbox 612 4694 713 4748; x_wconf 83' lang='grc' dir='ltr'>οὐκ</span> <span class='ocrx_word' id='word_1_680' title='bbox 747 4693 815 4747; x_wconf 86' lang='grc' dir='ltr'>ἂν</span> <span class='ocrx_word' id='word_1_681' title='bbox 862 4692 1184 4762; x_wconf 75' lang='grc' dir='ltr'>αἰσχυνθείη</span> <span class='ocrx_word' id='word_1_682' title='bbox 1222 4693 1314 4745; x_wconf 81' lang='grc' dir='ltr'>καὶ</span> <span class='ocrx_word' id='word_1_683' title='bbox 1350 4693 1609 4763; x_wconf 83' lang='grc' dir='ltr'>πράττων</span> <span class='ocrx_word' id='word_1_684' title='bbox 1663 4692 1860 4763; x_wconf 76' lang='grc' dir='ltr'>ὁμολο-</span> 
     </span>
    </p>
   </div>
   <div class='ocr_carea' id='block_1_96' title="bbox 260 4783 1859 4858">
    <p class='ocr_par' dir='ltr' id='par_1_96' title="bbox 260 4783 1859 4858">
     <span class='ocr_line' id='line_1_96' title="bbox 260 4783 1859 4858; baseline 0.001 -21"><span class='ocrx_word' id='word_1_685' title='bbox 260 4790 437 4858; x_wconf 82' lang='grc' dir='ltr'>γῆσαι</span> <span class='ocrx_word' id='word_1_686' title='bbox 490 4786 588 4856; x_wconf 80' lang='grc' dir='ltr'><strong>την</strong></span> <span class='ocrx_word' id='word_1_687' title='bbox 648 4784 1038 4849; x_wconf 80' lang='grc' dir='ltr'>ὲξουδὲνωσιν;</span> <span class='ocrx_word' id='word_1_688' title='bbox 1106 4783 1200 4836; x_wconf 87' lang='grc' dir='ltr'>Ἐκ</span> <span class='ocrx_word' id='word_1_689' title='bbox 1255 4783 1441 4854; x_wconf 85' lang='grc' dir='ltr'>μέντοι</span> <span class='ocrx_word' id='word_1_690' title='bbox 1497 4783 1702 4838; x_wconf 83' lang='grc' dir='ltr'>λαῖκῶν</span> <span class='ocrx_word' id='word_1_691' title='bbox 1758 4784 1859 4855; x_wconf 78' lang='grc' dir='ltr'>τὴν</span> 
     </span>
    </p>
   </div>
   <div class='ocr_carea' id='block_1_97' title="bbox 265 4877 1862 4952">
    <p class='ocr_par' dir='ltr' id='par_1_97' title="bbox 265 4877 1862 4952">
     <span class='ocr_line' id='line_1_97' title="bbox 265 4877 1862 4952; baseline -0.008 -16"><span class='ocrx_word' id='word_1_692' title='bbox 265 4882 424 4952; x_wconf 83' lang='grc' dir='ltr'>ἱεράν</span> <span class='ocrx_word' id='word_1_693' title='bbox 450 4879 731 4935; x_wconf 81' lang='grc' dir='ltr'>πολιτείαν</span> <span class='ocrx_word' id='word_1_694' title='bbox 762 4877 1180 4952; x_wconf 78' lang='grc' dir='ltr'>ἐπανῃρημένον</span> <span class='ocrx_word' id='word_1_695' title='bbox 1207 4879 1288 4941; x_wconf 84' lang='grc' dir='ltr'><strong>είς</strong></span> <span class='ocrx_word' id='word_1_696' title='bbox 1318 4878 1580 4950; x_wconf 82' lang='grc' dir='ltr'>ἀρχιερέα</span> <span class='ocrx_word' id='word_1_697' title='bbox 1623 4878 1862 4951; x_wconf 79' lang='grc' dir='ltr'>προάγε..</span> 
     </span>
    </p>
   </div>
   <div class='ocr_carea' id='block_1_98' title="bbox 263 4970 1860 5042">
    <p class='ocr_par' dir='ltr' id='par_1_98' title="bbox 263 4970 1860 5042">
     <span class='ocr_line' id='line_1_98' title="bbox 263 4970 1860 5042; baseline -0.002 -13"><span class='ocrx_word' id='word_1_698' title='bbox 263 4982 397 5029; x_wconf 80' lang='grc' dir='ltr'>σθαι</span> <span class='ocrx_word' id='word_1_699' title='bbox 438 4972 716 5027; x_wconf 85' lang='grc' dir='ltr'>ἀκώλυτον</span> <span class='ocrx_word' id='word_1_700' title='bbox 758 4972 920 5040; x_wconf 80' lang='grc' dir='ltr'>ἄγαν,</span> <span class='ocrx_word' id='word_1_701' title='bbox 958 4972 1053 5025; x_wconf 78' lang='grc' dir='ltr'>καὶ</span> <span class='ocrx_word' id='word_1_702' title='bbox 1086 4970 1334 5039; x_wconf 84' lang='grc' dir='ltr'>Πατράσι</span> <span class='ocrx_word' id='word_1_703' title='bbox 1362 4970 1530 5034; x_wconf 84' lang='grc' dir='ltr'>θείοις</span> <span class='ocrx_word' id='word_1_704' title='bbox 1575 4973 1636 5026; x_wconf 88' lang='grc' dir='ltr'><strong>ού</strong></span> <span class='ocrx_word' id='word_1_705' title='bbox 1680 4972 1860 5042; x_wconf 87' lang='grc' dir='ltr'>λόγοις</span> 
     </span>
    </p>
   </div>
   <div class='ocr_carea' id='block_1_99' title="bbox 262 5060 1860 5135">
    <p class='ocr_par' dir='ltr' id='par_1_99' title="bbox 262 5060 1860 5135">
     <span class='ocr_line' id='line_1_99' title="bbox 262 5060 1860 5135; baseline -0.004 -14"><span class='ocrx_word' id='word_1_706' title='bbox 262 5065 747 5135; x_wconf 79' lang='grc' dir='ltr'>καθωμιλημένον,</span> <span class='ocrx_word' id='word_1_707' title='bbox 777 5060 889 5116; x_wconf 83' lang='grc' dir='ltr'>ἀλλ’</span> <span class='ocrx_word' id='word_1_708' title='bbox 920 5060 1102 5131; x_wconf 77' lang='grc' dir='ltr'>ἔργοις</span> <span class='ocrx_word' id='word_1_709' title='bbox 1151 5060 1334 5123; x_wconf 85' lang='grc' dir='ltr'>αὐτοῖς</span> <span class='ocrx_word' id='word_1_710' title='bbox 1374 5060 1860 5132; x_wconf 80' lang='grc' dir='ltr'>διαπεπραγμένον</span> 
     </span>
    </p>
   </div>
   <div class='ocr_carea' id='block_1_100' title="bbox 259 5151 1861 5229">
    <p class='ocr_par' dir='ltr' id='par_1_100' title="bbox 259 5151 1861 5229">
     <span class='ocr_line' id='line_1_100' title="bbox 259 5151 1861 5229; baseline -0.002 -16"><span class='ocrx_word' id='word_1_711' title='bbox 259 5160 360 5214; x_wconf 75' lang='grc' dir='ltr'><strong>ἐπὶ</strong></span> <span class='ocrx_word' id='word_1_712' title='bbox 388 5158 611 5229; x_wconf 80' lang='grc' dir='ltr'>μεγάλῳ</span> <span class='ocrx_word' id='word_1_713' title='bbox 641 5158 819 5226; x_wconf 79' lang='grc' dir='ltr'>κέρδει</span> <span class='ocrx_word' id='word_1_714' title='bbox 853 5156 949 5225; x_wconf 75' lang='grc' dir='ltr'><strong>τῆς</strong></span> <span class='ocrx_word' id='word_1_715' title='bbox 996 5154 1215 5223; x_wconf 84' lang='grc' dir='ltr'>νύμφης</span> <span class='ocrx_word' id='word_1_716' title='bbox 1252 5151 1492 5223; x_wconf 78' lang='grc' dir='ltr'>Χριστοῦ</span> <span class='ocrx_word' id='word_1_717' title='bbox 1533 5154 1861 5224; x_wconf 79' lang='grc' dir='ltr'>Ἐκκλησίας</span> 
     </span>
    </p>
   </div>
   <div class='ocr_carea' id='block_1_101' title="bbox 261 5245 1862 5320">
    <p class='ocr_par' dir='ltr' id='par_1_101' title="bbox 261 5245 1862 5320">
     <span class='ocr_line' id='line_1_101' title="bbox 261 5245 1862 5320; baseline -0.004 -13"><span class='ocrx_word' id='word_1_718' title='bbox 261 5255 413 5308; x_wconf 79' lang='grc' dir='ltr'>κατὰ</span> <span class='ocrx_word' id='word_1_719' title='bbox 448 5250 740 5320; x_wconf 81' lang='grc' dir='ltr'>διαφόρους</span> <span class='ocrx_word' id='word_1_720' title='bbox 788 5248 1011 5318; x_wconf 80' lang='grc' dir='ltr'>καιροὺς</span> <span class='ocrx_word' id='word_1_721' title='bbox 1064 5245 1448 5300; x_wconf 74' lang='grc' dir='ltr'>ἐπιδέδεικται.</span> <span class='ocrx_word' id='word_1_722' title='bbox 1486 5247 1630 5315; x_wconf 82' lang='grc' dir='ltr'>Ὅρα</span> <span class='ocrx_word' id='word_1_723' title='bbox 1677 5247 1758 5311; x_wconf 85' lang='grc' dir='ltr'>δὲ,</span> <span class='ocrx_word' id='word_1_724' title='bbox 1810 5248 1862 5300; x_wconf 83' lang='grc' dir='ltr'><strong>εί</strong></span> 
     </span>
    </p>
   </div>
   <div class='ocr_carea' id='block_1_102' title="bbox 264 5336 1861 5417">
    <p class='ocr_par' dir='ltr' id='par_1_102' title="bbox 264 5336 1861 5417">
     <span class='ocr_line' id='line_1_102' title="bbox 264 5336 1861 5417; baseline -0.004 -18"><span class='ocrx_word' id='word_1_725' title='bbox 264 5344 473 5417; x_wconf 81' lang='grc' dir='ltr'>βούλει,</span> <span class='ocrx_word' id='word_1_726' title='bbox 507 5342 645 5412; x_wconf 85' lang='grc' dir='ltr'>πρὸς</span> <span class='ocrx_word' id='word_1_727' title='bbox 692 5342 806 5403; x_wconf 89' lang='grc' dir='ltr'>τοῖς</span> <span class='ocrx_word' id='word_1_728' title='bbox 857 5336 1170 5409; x_wconf 76' lang='grc' dir='ltr'>εἰρημένοις</span> <span class='ocrx_word' id='word_1_729' title='bbox 1203 5336 1425 5400; x_wconf 74' lang='grc' dir='ltr'>καὶτὰς</span> <span class='ocrx_word' id='word_1_730' title='bbox 1459 5338 1569 5391; x_wconf 83' lang='grc' dir='ltr'><strong>τῶν</strong></span> <span class='ocrx_word' id='word_1_731' title='bbox 1613 5339 1861 5411; x_wconf 88' lang='grc' dir='ltr'>λειτουρ-</span> 
     </span>
    </p>
   </div>
   <div class='ocr_carea' id='block_1_103' title="bbox 262 5428 1862 5506">
    <p class='ocr_par' dir='ltr' id='par_1_103' title="bbox 262 5428 1862 5506">
     <span class='ocr_line' id='line_1_103' title="bbox 262 5428 1862 5506; baseline -0.003 -17"><span class='ocrx_word' id='word_1_732' title='bbox 262 5437 404 5505; x_wconf 83' lang='grc' dir='ltr'>γιῶν</span> <span class='ocrx_word' id='word_1_733' title='bbox 436 5435 789 5506; x_wconf 80' lang='grc' dir='ltr'>ἑτερότητας,</span> <span class='ocrx_word' id='word_1_734' title='bbox 842 5431 941 5497; x_wconf 84' lang='grc' dir='ltr'>τὰς</span> <span class='ocrx_word' id='word_1_735' title='bbox 974 5434 1030 5483; x_wconf 78' lang='grc' dir='ltr'>ἐν</span> <span class='ocrx_word' id='word_1_736' title='bbox 1075 5431 1198 5492; x_wconf 84' lang='grc' dir='ltr'>ταῖς</span> <span class='ocrx_word' id='word_1_737' title='bbox 1248 5428 1457 5497; x_wconf 79' lang='grc' dir='ltr'>εὐχαῖς,</span> <span class='ocrx_word' id='word_1_738' title='bbox 1490 5429 1588 5494; x_wconf 85' lang='grc' dir='ltr'><strong>τὰς</strong></span> <span class='ocrx_word' id='word_1_739' title='bbox 1640 5433 1699 5484; x_wconf 85' lang='grc' dir='ltr'>ὲν</span> <span class='ocrx_word' id='word_1_740' title='bbox 1741 5434 1862 5496; x_wconf 85' lang='grc' dir='ltr'>ταῖς</span> 
     </span>
    </p>
   </div>
   <div class='ocr_carea' id='block_1_104' title="bbox 262 5519 1861 5595">
    <p class='ocr_par' dir='ltr' id='par_1_104' title="bbox 262 5519 1861 5595">
     <span class='ocr_line' id='line_1_104' title="bbox 262 5519 1861 5595; baseline -0.003 -15"><span class='ocrx_word' id='word_1_741' title='bbox 262 5527 613 5595; x_wconf 72' lang='grc' dir='ltr'>ἐπικλήσεσι,</span> <span class='ocrx_word' id='word_1_742' title='bbox 660 5526 759 5593; x_wconf 87' lang='grc' dir='ltr'>τὰς</span> <span class='ocrx_word' id='word_1_743' title='bbox 798 5524 856 5576; x_wconf 81' lang='grc' dir='ltr'>ἐν</span> <span class='ocrx_word' id='word_1_744' title='bbox 895 5521 1047 5586; x_wconf 80' lang='grc' dir='ltr'>τάξει</span> <span class='ocrx_word' id='word_1_745' title='bbox 1074 5522 1169 5573; x_wconf 70' lang='grc' dir='ltr'>καὶ</span> <span class='ocrx_word' id='word_1_746' title='bbox 1212 5519 1526 5591; x_wconf 80' lang='grc' dir='ltr'>ἀκολουθίᾳ,</span> <span class='ocrx_word' id='word_1_747' title='bbox 1554 5520 1652 5585; x_wconf 84' lang='grc' dir='ltr'><strong>τὰς</strong></span> <span class='ocrx_word' id='word_1_748' title='bbox 1696 5523 1756 5576; x_wconf 82' lang='grc' dir='ltr'>ὲν</span> <span class='ocrx_word' id='word_1_749' title='bbox 1784 5523 1861 5594; x_wconf 84' lang='grc' dir='ltr'>τῷ</span> 
     </span>
    </p>
   </div>
   <div class='ocr_carea' id='block_1_105' title="bbox 261 5612 1862 5688">
    <p class='ocr_par' dir='ltr' id='par_1_105' title="bbox 261 5612 1862 5688">
     <span class='ocr_line' id='line_1_105' title="bbox 261 5612 1862 5688; baseline -0.003 -16"><span class='ocrx_word' id='word_1_750' title='bbox 261 5618 359 5672; x_wconf 91' lang='grc' dir='ltr'><strong>τοῦ</strong></span> <span class='ocrx_word' id='word_1_751' title='bbox 391 5618 587 5688; x_wconf 77' lang='grc' dir='ltr'>χρόνου</span> <span class='ocrx_word' id='word_1_752' title='bbox 618 5617 785 5685; x_wconf 75' lang='grc' dir='ltr'>μήκει</span> <span class='ocrx_word' id='word_1_753' title='bbox 816 5614 911 5668; x_wconf 78' lang='grc' dir='ltr'>καὶ</span> <span class='ocrx_word' id='word_1_754' title='bbox 963 5616 1028 5682; x_wconf 74' lang='grc' dir='ltr'>τῇ</span> <span class='ocrx_word' id='word_1_755' title='bbox 1067 5612 1393 5682; x_wconf 79' lang='grc' dir='ltr'>βραχύτητι,</span> <span class='ocrx_word' id='word_1_756' title='bbox 1423 5614 1523 5674; x_wconf 82' lang='grc' dir='ltr'>τὰς</span> <span class='ocrx_word' id='word_1_757' title='bbox 1561 5613 1620 5664; x_wconf 85' lang='grc' dir='ltr'>ἐν</span> <span class='ocrx_word' id='word_1_758' title='bbox 1666 5613 1862 5684; x_wconf 80' lang='grc' dir='ltr'>πλήθει</span> 
     </span>
    </p>
   </div>
   <div class='ocr_carea' id='block_1_106' title="bbox 261 5701 1857 5777">
    <p class='ocr_par' dir='ltr' id='par_1_106' title="bbox 261 5701 1857 5777">
     <span class='ocr_line' id='line_1_106' title="bbox 261 5701 1857 5777; baseline -0.003 -14"><span class='ocrx_word' id='word_1_759' title='bbox 261 5710 359 5763; x_wconf 84' lang='grc' dir='ltr'><strong>καί</strong></span> <span class='ocrx_word' id='word_1_760' title='bbox 394 5708 691 5777; x_wconf 81' lang='grc' dir='ltr'>ὀλιγότητι,</span> <span class='ocrx_word' id='word_1_761' title='bbox 728 5707 823 5761; x_wconf 78' lang='grc' dir='ltr'>καὶ</span> <span class='ocrx_word' id='word_1_762' title='bbox 870 5705 932 5759; x_wconf 82' lang='grc' dir='ltr'>τὸ</span> <span class='ocrx_word' id='word_1_763' title='bbox 974 5705 1040 5757; x_wconf 90' lang='grc' dir='ltr'><strong>δι’</strong></span> <span class='ocrx_word' id='word_1_764' title='bbox 1076 5704 1275 5768; x_wconf 74' lang='grc' dir='ltr'>αὐτῶν,</span> <span class='ocrx_word' id='word_1_765' title='bbox 1309 5701 1355 5756; x_wconf 82' lang='grc' dir='ltr'><strong>ὣ</strong></span> <span class='ocrx_word' id='word_1_766' title='bbox 1392 5702 1486 5756; x_wconf 88' lang='grc' dir='ltr'><strong>τοῦ</strong></span> <span class='ocrx_word' id='word_1_767' title='bbox 1541 5702 1857 5775; x_wconf 82' lang='grc' dir='ltr'>θαύματοςι</span> 
     </span>
    </p>
   </div>
   <div class='ocr_carea' id='block_1_107' title="bbox 262 5794 1863 5866">
    <p class='ocr_par' dir='ltr' id='par_1_107' title="bbox 262 5794 1863 5866">
     <span class='ocr_line' id='line_1_107' title="bbox 262 5794 1863 5866; baseline 0.001 -14"><span class='ocrx_word' id='word_1_768' title='bbox 262 5801 293 5852; x_wconf 84' lang='grc' dir='ltr'><strong>δ</strong></span> <span class='ocrx_word' id='word_1_769' title='bbox 324 5797 506 5864; x_wconf 77' lang='grc' dir='ltr'>κοινὸς</span> <span class='ocrx_word' id='word_1_770' title='bbox 539 5800 701 5866; x_wconf 77' lang='grc' dir='ltr'>ἄρτος</span> <span class='ocrx_word' id='word_1_771' title='bbox 731 5799 809 5863; x_wconf 88' lang='grc' dir='ltr'><strong>είς</strong></span> <span class='ocrx_word' id='word_1_772' title='bbox 838 5794 998 5866; x_wconf 80' lang='grc' dir='ltr'>σῶμα</span> <span class='ocrx_word' id='word_1_773' title='bbox 1032 5794 1272 5863; x_wconf 83' lang='grc' dir='ltr'>Χριστοῦ</span> <span class='ocrx_word' id='word_1_774' title='bbox 1307 5794 1729 5865; x_wconf 79' lang='grc' dir='ltr'>μεταὸάλλεται,</span> <span class='ocrx_word' id='word_1_775' title='bbox 1766 5800 1863 5853; x_wconf 80' lang='grc' dir='ltr'>καὶ</span> 
     </span>
    </p>
   </div>
   <div class='ocr_carea' id='block_1_108' title="bbox 1962 4602 3565 4680">
    <p class='ocr_par' dir='ltr' id='par_1_108' title="bbox 1962 4602 3565 4680">
     <span class='ocr_line' id='line_1_108' title="bbox 1962 4602 3565 4680; baseline 0.008 -29"><span class='ocrx_word' id='word_1_776' title='bbox 1962 4610 2121 4662; x_wconf 74' lang='lat' dir='ltr'><strong>sane,</strong></span> <span class='ocrx_word' id='word_1_777' title='bbox 2151 4612 2282 4653; x_wconf 90' lang='lat' dir='ltr'><strong>cum</strong></span> <span class='ocrx_word' id='word_1_778' title='bbox 2300 4613 2517 4655; x_wconf 85' lang='lat' dir='ltr'><strong>sacrum</strong></span> <span class='ocrx_word' id='word_1_779' title='bbox 2548 4602 2674 4656; x_wconf 74' lang='lat' dir='ltr'><strong>vitae</strong></span> <span class='ocrx_word' id='word_1_780' title='bbox 2706 4617 2877 4673; x_wconf 79' lang='lat' dir='ltr'><strong>genus</strong></span> <span class='ocrx_word' id='word_1_781' title='bbox 2901 4609 3226 4675; x_wconf 84' lang='lat' dir='ltr'><strong>susceperit,</strong></span> <span class='ocrx_word' id='word_1_782' title='bbox 3253 4610 3318 4662; x_wconf 86' lang='lat' dir='ltr'><strong>ad</strong></span> <span class='ocrx_word' id='word_1_783' title='bbox 3348 4614 3565 4680; x_wconf 78' lang='lat' dir='ltr'><strong>pontiu-</strong></span> 
     </span>
    </p>
   </div>
   <div class='ocr_carea' id='block_1_109' title="bbox 1963 4693 3562 4769">
    <p class='ocr_par' dir='ltr' id='par_1_109' title="bbox 1963 4693 3562 4769">
     <span class='ocr_line' id='line_1_109' title="bbox 1963 4693 3562 4769; baseline 0.009 -25"><span class='ocrx_word' id='word_1_784' title='bbox 1963 4699 2148 4745; x_wconf 87' lang='lat' dir='ltr'><strong>catum</strong></span> <span class='ocrx_word' id='word_1_785' title='bbox 2199 4693 2529 4761; x_wconf 86' lang='lat' dir='ltr'><strong>promoveri,</strong></span> <span class='ocrx_word' id='word_1_786' title='bbox 2585 4694 2745 4750; x_wconf 81' lang='lat' dir='ltr'><strong>valde</strong></span> <span class='ocrx_word' id='word_1_787' title='bbox 2792 4711 3139 4769; x_wconf 84' lang='lat' dir='ltr'><strong>consequens</strong></span> <span class='ocrx_word' id='word_1_788' title='bbox 3178 4716 3301 4756; x_wconf 85' lang='lat' dir='ltr'><strong>esse</strong></span> <span class='ocrx_word' id='word_1_789' title='bbox 3361 4704 3562 4758; x_wconf 85' lang='lat' dir='ltr'><strong>divinis</strong></span> 
     </span>
    </p>
   </div>
   <div class='ocr_carea' id='block_1_110' title="bbox 1960 4781 3561 4867">
    <p class='ocr_par' dir='ltr' id='par_1_110' title="bbox 1960 4781 3561 4867">
     <span class='ocr_line' id='line_1_110' title="bbox 1960 4781 3561 4867; baseline 0.011 -31"><span class='ocrx_word' id='word_1_790' title='bbox 1960 4781 2238 4852; x_wconf 87' lang='lat' dir='ltr'><strong>Patribus,</strong></span> <span class='ocrx_word' id='word_1_791' title='bbox 2292 4801 2404 4841; x_wconf 87' lang='lat' dir='ltr'><strong>non</strong></span> <span class='ocrx_word' id='word_1_792' title='bbox 2445 4787 2630 4847; x_wconf 76' lang='lat' dir='ltr'><strong>verbis</strong></span> <span class='ocrx_word' id='word_1_793' title='bbox 2688 4791 3144 4867; x_wconf 86' lang='lat' dir='ltr'><strong>pronuntiatum,</strong></span> <span class='ocrx_word' id='word_1_794' title='bbox 3191 4799 3285 4852; x_wconf 81' lang='lat' dir='ltr'><strong>sed</strong></span> <span class='ocrx_word' id='word_1_795' title='bbox 3346 4813 3403 4851; x_wconf 88' lang='lat' dir='ltr'><strong>re</strong></span> <span class='ocrx_word' id='word_1_796' title='bbox 3443 4799 3561 4867; x_wconf 83' lang='lat' dir='ltr'><strong>ipsa</strong></span> 
     </span>
    </p>
   </div>
   <div class='ocr_carea' id='block_1_111' title="bbox 1966 4866 3651 4954">
    <p class='ocr_par' dir='ltr' id='par_1_111' title="bbox 1966 4866 3651 4954">
     <span class='ocr_line' id='line_1_111' title="bbox 1966 4866 3651 4954; baseline 0.008 -23"><span class='ocrx_word' id='word_1_797' title='bbox 1966 4885 2205 4950; x_wconf 77' lang='lat' dir='ltr'><strong>gestum,</strong></span> <span class='ocrx_word' id='word_1_798' title='bbox 2258 4892 2473 4949; x_wconf 70' lang='lat' dir='ltr'><strong>magna:</strong></span> <span class='ocrx_word' id='word_1_799' title='bbox 2520 4879 2774 4937; x_wconf 76' lang='lat' dir='ltr'><strong>utilitatis</strong></span> <span class='ocrx_word' id='word_1_800' title='bbox 2810 4866 3025 4954; x_wconf 62' lang='lat' dir='ltr'><strong>sponsae</strong></span> <span class='ocrx_word' id='word_1_801' title='bbox 3053 4884 3256 4940; x_wconf 79' lang='lat' dir='ltr'><strong>Christi</strong></span> <span class='ocrx_word' id='word_1_802' title='bbox 3304 4866 3563 4944; x_wconf 75' lang='lat' dir='ltr'><strong>Ecclesiae</strong></span> <span class='ocrx_word' id='word_1_803' title='bbox 3638 4886 3651 4891; x_wconf 82' lang='grc'><strong><em>“</em></strong></span> 
     </span>
    </p>
   </div>
   <div class='ocr_carea' id='block_1_112' title="bbox 1964 4970 3559 5049">
    <p class='ocr_par' dir='ltr' id='par_1_112' title="bbox 1964 4970 3559 5049">
     <span class='ocr_line' id='line_1_112' title="bbox 1964 4970 3559 5049; baseline 0.007 -25"><span class='ocrx_word' id='word_1_804' title='bbox 1964 4984 2132 5027; x_wconf 84' lang='lat' dir='ltr'><strong>causa</strong></span> <span class='ocrx_word' id='word_1_805' title='bbox 2157 4970 2211 5025; x_wconf 91' lang='lat' dir='ltr'><strong>in</strong></span> <span class='ocrx_word' id='word_1_806' title='bbox 2239 4970 2492 5038; x_wconf 83' lang='lat' dir='ltr'><strong>pluribus</strong></span> <span class='ocrx_word' id='word_1_807' title='bbox 2520 4971 3096 5031; x_wconf 77' lang='lat' dir='ltr'><strong>demonstratum‘est.</strong></span> <span class='ocrx_word' id='word_1_808' title='bbox 3120 4977 3204 5031; x_wconf 82' lang='lat' dir='ltr'><strong>Ad</strong></span> <span class='ocrx_word' id='word_1_809' title='bbox 3235 4979 3348 5033; x_wconf 82' lang='lat' dir='ltr'><strong>haec</strong></span> <span class='ocrx_word' id='word_1_810' title='bbox 3377 4984 3559 5049; x_wconf 73' lang='lat' dir='ltr'><strong>aSpEce</strong></span> 
     </span>
    </p>
   </div>
   <div class='ocr_carea' id='block_1_113' title="bbox 1964 5061 3565 5140">
    <p class='ocr_par' dir='ltr' id='par_1_113' title="bbox 1964 5061 3565 5140">
     <span class='ocr_line' id='line_1_113' title="bbox 1964 5061 3565 5140; baseline 0.005 -22"><span class='ocrx_word' id='word_1_811' title='bbox 1964 5061 2012 5118; x_wconf 86' lang='lat' dir='ltr'><strong>si</strong></span> <span class='ocrx_word' id='word_1_812' title='bbox 2060 5062 2165 5127; x_wconf 87' lang='lat' dir='ltr'><strong>vis,</strong></span> <span class='ocrx_word' id='word_1_813' title='bbox 2185 5071 2240 5117; x_wconf 87' lang='lat' dir='ltr'><strong>et</strong></span> <span class='ocrx_word' id='word_1_814' title='bbox 2292 5064 2758 5119; x_wconf 85' lang='lat' dir='ltr'><strong>monasteriorum</strong></span> <span class='ocrx_word' id='word_1_815' title='bbox 2820 5068 3135 5135; x_wconf 88' lang='lat' dir='ltr'><strong>varietates,</strong></span> <span class='ocrx_word' id='word_1_816' title='bbox 3167 5084 3289 5140; x_wconf 70' lang='lat' dir='ltr'><strong>qua:</strong></span> <span class='ocrx_word' id='word_1_817' title='bbox 3337 5073 3391 5126; x_wconf 89' lang='lat' dir='ltr'><strong>in</strong></span> <span class='ocrx_word' id='word_1_818' title='bbox 3440 5086 3565 5126; x_wconf 82' lang='lat' dir='ltr'><strong>ora-</strong></span> 
     </span>
    </p>
   </div>
   <div class='ocr_carea' id='block_1_114' title="bbox 1964 5153 3563 5225">
    <p class='ocr_par' dir='ltr' id='par_1_114' title="bbox 1964 5153 3563 5225">
     <span class='ocr_line' id='line_1_114' title="bbox 1964 5153 3563 5225; baseline 0.006 -16"><span class='ocrx_word' id='word_1_819' title='bbox 1964 5153 2228 5219; x_wconf 84' lang='lat' dir='ltr'><strong>tionibus,</strong></span> <span class='ocrx_word' id='word_1_820' title='bbox 2257 5169 2381 5223; x_wconf 69' lang='lat' dir='ltr'><strong>que:</strong></span> <span class='ocrx_word' id='word_1_821' title='bbox 2404 5155 2459 5209; x_wconf 88' lang='lat' dir='ltr'><strong>in</strong></span> <span class='ocrx_word' id='word_1_822' title='bbox 2490 5154 2955 5225; x_wconf 82' lang='lat' dir='ltr'><strong>invocationibns,</strong></span> <span class='ocrx_word' id='word_1_823' title='bbox 2987 5160 3042 5214; x_wconf 87' lang='lat' dir='ltr'><strong>in</strong></span> <span class='ocrx_word' id='word_1_824' title='bbox 3073 5162 3267 5215; x_wconf 82' lang='lat' dir='ltr'><strong>ordine</strong></span> <span class='ocrx_word' id='word_1_825' title='bbox 3297 5169 3350 5215; x_wconf 90' lang='lat' dir='ltr'><strong>et</strong></span> <span class='ocrx_word' id='word_1_826' title='bbox 3368 5177 3563 5218; x_wconf 84' lang='lat' dir='ltr'><strong>conse-</strong></span> 
     </span>
    </p>
   </div>
   <div class='ocr_carea' id='block_1_115' title="bbox 1965 5246 3561 5320">
    <p class='ocr_par' dir='ltr' id='par_1_115' title="bbox 1965 5246 3561 5320">
     <span class='ocr_line' id='line_1_115' title="bbox 1965 5246 3561 5320; baseline 0.005 -21"><span class='ocrx_word' id='word_1_827' title='bbox 1965 5246 2207 5317; x_wconf 83' lang='lat' dir='ltr'><strong>quentia,</strong></span> <span class='ocrx_word' id='word_1_828' title='bbox 2257 5247 2312 5301; x_wconf 91' lang='lat' dir='ltr'><strong>in</strong></span> <span class='ocrx_word' id='word_1_829' title='bbox 2382 5247 2650 5316; x_wconf 84' lang='lat' dir='ltr'><strong>temporis</strong></span> <span class='ocrx_word' id='word_1_830' title='bbox 2680 5248 3045 5306; x_wconf 77' lang='lat' dir='ltr'><strong>diuturnitate</strong></span> <span class='ocrx_word' id='word_1_831' title='bbox 3075 5258 3131 5308; x_wconf 87' lang='lat' dir='ltr'><strong>et</strong></span> <span class='ocrx_word' id='word_1_832' title='bbox 3179 5253 3470 5320; x_wconf 76' lang='lat' dir='ltr'><strong>brevitate,</strong></span> <span class='ocrx_word' id='word_1_833' title='bbox 3506 5257 3561 5308; x_wconf 91' lang='lat' dir='ltr'><strong>in</strong></span> 
     </span>
    </p>
   </div>
   <div class='ocr_carea' id='block_1_116' title="bbox 1968 5338 3563 5418">
    <p class='ocr_par' dir='ltr' id='par_1_116' title="bbox 1968 5338 3563 5418">
     <span class='ocr_line' id='line_1_116' title="bbox 1968 5338 3563 5418; baseline 0.005 -25"><span class='ocrx_word' id='word_1_834' title='bbox 1968 5338 2322 5395; x_wconf 84' lang='lat' dir='ltr'><strong>multitudine</strong></span> <span class='ocrx_word' id='word_1_835' title='bbox 2348 5348 2404 5394; x_wconf 90' lang='lat' dir='ltr'><strong>et</strong></span> <span class='ocrx_word' id='word_1_836' title='bbox 2423 5339 2716 5408; x_wconf 85' lang='lat' dir='ltr'><strong>paucitate.</strong></span> <span class='ocrx_word' id='word_1_837' title='bbox 2745 5341 2811 5396; x_wconf 87' lang='lat' dir='ltr'><strong>Et</strong></span> <span class='ocrx_word' id='word_1_838' title='bbox 2858 5346 3078 5413; x_wconf 81' lang='lat' dir='ltr'><strong>quidem</strong></span> <span class='ocrx_word' id='word_1_839' title='bbox 3098 5347 3159 5400; x_wconf 66' lang='lat' dir='ltr'><strong>tiu</strong></span> <span class='ocrx_word' id='word_1_840' title='bbox 3208 5347 3276 5401; x_wconf 81' lang='lat' dir='ltr'><strong>iis</strong></span> <span class='ocrx_word' id='word_1_841' title='bbox 3306 5348 3366 5418; x_wconf 86' lang='grc' dir='ltr'>(ο</span> <span class='ocrx_word' id='word_1_842' title='bbox 3394 5348 3563 5400; x_wconf 77' lang='lat' dir='ltr'><strong>mira-</strong></span> 
     </span>
    </p>
   </div>
   <div class='ocr_carea' id='block_1_117' title="bbox 1965 5429 3552 5508">
    <p class='ocr_par' dir='ltr' id='par_1_117' title="bbox 1965 5429 3552 5508">
     <span class='ocr_line' id='line_1_117' title="bbox 1965 5429 3552 5508; baseline 0.005 -20"><span class='ocrx_word' id='word_1_843' title='bbox 1965 5429 2234 5503; x_wconf 72' lang='lat' dir='ltr'><strong>culum!)</strong></span> <span class='ocrx_word' id='word_1_844' title='bbox 2300 5433 2612 5488; x_wconf 79' lang='lat' dir='ltr'><strong>communis</strong></span> <span class='ocrx_word' id='word_1_845' title='bbox 2644 5435 2805 5503; x_wconf 86' lang='lat' dir='ltr'><strong>panis</strong></span> <span class='ocrx_word' id='word_1_846' title='bbox 2826 5436 2882 5489; x_wconf 93' lang='lat' dir='ltr'><strong>in</strong></span> <span class='ocrx_word' id='word_1_847' title='bbox 2906 5453 3120 5508; x_wconf 73' lang='lat' dir='ltr'><strong>corpus</strong></span> <span class='ocrx_word' id='word_1_848' title='bbox 3182 5441 3389 5496; x_wconf 78' lang='lat' dir='ltr'><strong>Christi</strong></span> <span class='ocrx_word' id='word_1_849' title='bbox 3424 5458 3552 5496; x_wconf 84' lang='lat' dir='ltr'><strong>niu-</strong></span> 
     </span>
    </p>
   </div>
   <div class='ocr_carea' id='block_1_118' title="bbox 1965 5525 3545 5603">
    <p class='ocr_par' dir='ltr' id='par_1_118' title="bbox 1965 5525 3545 5603">
     <span class='ocr_line' id='line_1_118' title="bbox 1965 5525 3545 5603; baseline 0.006 -24"><span class='ocrx_word' id='word_1_850' title='bbox 1965 5532 2137 5590; x_wconf 84' lang='lat' dir='ltr'><strong>tatur,</strong></span> <span class='ocrx_word' id='word_1_851' title='bbox 2186 5532 2242 5588; x_wconf 78' lang='lat' dir='ltr'><strong>et</strong></span> <span class='ocrx_word' id='word_1_852' title='bbox 2294 5538 2590 5579; x_wconf 87' lang='lat' dir='ltr'><strong>commune</strong></span> <span class='ocrx_word' id='word_1_853' title='bbox 2641 5525 2828 5580; x_wconf 83' lang='lat' dir='ltr'><strong>vinum</strong></span> <span class='ocrx_word' id='word_1_854' title='bbox 2889 5531 3117 5600; x_wconf 70' lang='lat' dir='ltr'><strong>sanguis</strong></span> <span class='ocrx_word' id='word_1_855' title='bbox 3182 5533 3303 5602; x_wconf 85' lang='lat' dir='ltr'><strong>ejus</strong></span> <span class='ocrx_word' id='word_1_856' title='bbox 3334 5535 3413 5599; x_wconf 85' lang='lat' dir='ltr'><strong>ﬁt,</strong></span> <span class='ocrx_word' id='word_1_857' title='bbox 3451 5538 3545 5603; x_wconf 87' lang='lat' dir='ltr'><strong>qui</strong></span> 
     </span>
    </p>
   </div>
   <div class='ocr_carea' id='block_1_119' title="bbox 1965 5614 3559 5693">
    <p class='ocr_par' dir='ltr' id='par_1_119' title="bbox 1965 5614 3559 5693">
     <span class='ocr_line' id='line_1_119' title="bbox 1965 5614 3559 5693; baseline 0.007 -22"><span class='ocrx_word' id='word_1_858' title='bbox 1965 5629 2093 5671; x_wconf 85' lang='lat' dir='ltr'><strong>eum</strong></span> <span class='ocrx_word' id='word_1_859' title='bbox 2145 5616 2201 5671; x_wconf 84' lang='lat' dir='ltr'><strong>in</strong></span> <span class='ocrx_word' id='word_1_860' title='bbox 2230 5614 2663 5686; x_wconf 80' lang='lat' dir='ltr'><strong>redemptionem</strong></span> <span class='ocrx_word' id='word_1_861' title='bbox 2694 5632 2795 5687; x_wconf 85' lang='lat' dir='ltr'><strong>pro</strong></span> <span class='ocrx_word' id='word_1_862' title='bbox 2828 5619 2990 5674; x_wconf 84' lang='lat' dir='ltr'><strong>nobis</strong></span> <span class='ocrx_word' id='word_1_863' title='bbox 3017 5622 3087 5674; x_wconf 83' lang='lat' dir='ltr'><strong>de</strong></span> <span class='ocrx_word' id='word_1_864' title='bbox 3119 5629 3341 5693; x_wconf 83' lang='lat' dir='ltr'><strong>proprio</strong></span> <span class='ocrx_word' id='word_1_865' title='bbox 3392 5630 3559 5681; x_wconf 85' lang='lat' dir='ltr'><strong>latere</strong></span> 
     </span>
    </p>
   </div>
   <div class='ocr_carea' id='block_1_120' title="bbox 1965 5707 3558 5775">
    <p class='ocr_par' dir='ltr' id='par_1_120' title="bbox 1965 5707 3558 5775">
     <span class='ocr_line' id='line_1_120' title="bbox 1965 5707 3558 5775; baseline 0.009 -13"><span class='ocrx_word' id='word_1_866' title='bbox 1965 5707 2187 5775; x_wconf 63' lang='lat' dir='ltr'><strong>eliudit;</strong></span> <span class='ocrx_word' id='word_1_867' title='bbox 2220 5717 2277 5764; x_wconf 87' lang='lat' dir='ltr'><strong>et</strong></span> <span class='ocrx_word' id='word_1_868' title='bbox 2303 5710 2501 5765; x_wconf 89' lang='lat' dir='ltr'><strong>borum</strong></span> <span class='ocrx_word' id='word_1_869' title='bbox 2533 5709 2831 5767; x_wconf 80' lang='lat' dir='ltr'><strong>discrimen</strong></span> <span class='ocrx_word' id='word_1_870' title='bbox 2864 5725 2928 5765; x_wconf 88' lang='lat' dir='ltr'><strong>ac</strong></span> <span class='ocrx_word' id='word_1_871' title='bbox 2967 5713 3204 5770; x_wconf 83' lang='lat' dir='ltr'><strong>varietas</strong></span> <span class='ocrx_word' id='word_1_872' title='bbox 3225 5718 3558 5775; x_wconf 86' lang='lat' dir='ltr'><strong>unitormem</strong></span> 
     </span>
    </p>
   </div>
   <div class='ocr_carea' id='block_1_121' title="bbox 1968 5791 3558 5877">
    <p class='ocr_par' dir='ltr' id='par_1_121' title="bbox 1968 5791 3558 5877">
     <span class='ocr_line' id='line_1_121' title="bbox 1968 5791 3558 5877; baseline 0.01 -26"><span class='ocrx_word' id='word_1_873' title='bbox 1968 5796 2329 5869; x_wconf 84' lang='lat' dir='ltr'><strong>deiﬁcamque</strong></span> <span class='ocrx_word' id='word_1_874' title='bbox 2417 5791 2653 5869; x_wconf 84' lang='lat' dir='ltr'><strong>Spiritus</strong></span> <span class='ocrx_word' id='word_1_875' title='bbox 2747 5800 2980 5872; x_wconf 75' lang='lat' dir='ltr'><strong>gratiam</strong></span> <span class='ocrx_word' id='word_1_876' title='bbox 3018 5804 3425 5877; x_wconf 77' lang='lat' dir='ltr'><strong>_multipliciter</strong></span> <span class='ocrx_word' id='word_1_877' title='bbox 3503 5820 3558 5867; x_wconf 85' lang='lat' dir='ltr'><strong>et</strong></span> 
     </span>
    </p>
   </div>
  </div>
