3962 6410
522 321 628 385 935
1551 326 1762 387 JOAN-
1816 323 2027 385 VECCl
2073 324 2177 381 (ἷῐ).
2225 325 2737 405 PATlllAllClLE
3348 361 3356 369 ·
3622 343 3705 407 936

521 434 917 491 lnvariabililer
976 437 1180 507 suscipi
1212 437 1282 492 ab
1314 436 1400 502 iis,
1433 446 1654 506 propter
1684 451 1806 506 qua:
1854 436 1970 490 haec
2008 449 2085 505 ge-

2148 441 2177 496 λ
2204 436 2233 489 ὁ
2267 438 2446 500 κοινὸς
2475 432 2616 501 alvo;
2638 424 2802 507 ἀἷμα
2830 455 2932 508 χρη
2943 455 3047 509 ματ
3058 438 3180 506 ίζειυ
3208 441 3297 495 τοῦ
3326 441 3502 514 λύτρον
3538 449 3644 519 ἡμῖν
3667 456 3712 521 ἐξ

519 535 737 591 runtur,
764 543 869 582 non
919 530 1214 596 prohibuit.
1250 528 1390 594 Quin
1418 530 1581 583 etiam
1622 538 1791 581 testes
1825 526 1968 598 apud
1993 541 2083 581 nos

2206 529 2415 592 οἰκείας
2444 529 2686 601 πλευρᾶς
2741 530 2901 583 τοῦτο
2947 530 3045 584 σὺν
3075 530 3226 584 ῦδατι
3252 532 3539 603 βλῦσαντος.
3573 542 3715 617 Kell]

519 632 587 670 ex
659 620 861 687 regulis
918 621 1122 675 nostris
1185 621 1250 674 ad
1306 630 1417 674 tres
1479 635 1836 675 numeramus
1871 619 2000 688 :qui
2050 619 2083 672 s“

2208 623 2320 675 τῶν
2335 623 2643 693 εἰρημένων
2662 624 2918 694 ἑτερότης
2943 641 3002 677 τε
3025 623 3121 676 καὶ
3149 625 3456 697 παραλλαγὴ
3482 628 3569 699 τὴν
3591 632 3719 687 ὲνοει-

519 710 811 775 cwtcroqui
846 708 976 763 vitio
1001 719 1244 772 careant,
1271 709 1404 764 satis
1430 718 1558 764 sunt
1605 709 1671 763 ad
1705 709 1862 762 ﬁdem
1887 708 2081 763 veritat

2209 715 2277 785 δῆ
2309 719 2403 769 καὶ
2433 715 2680 769 θεοποιδν
2713 716 2875 786 χάριν
2932 716 3027 769 τοῦ
3079 716 3381 786 {Iv-stipato;
3423 720 3719 790 ἀπληθύντω;

521 796 849 865 faciendam,
871 801 1122 869 quamvis
1142 801 1193 853 in
1222 801 1464 869 episcopi
1487 801 1694 855 crimen
1718 799 2065 854 adsiscantur

2213 826 2272 863 τε
2307 809 2403 862 καὶ
2434 808 2873 876 ἀπαραλλάκτως
2907 808 3263 873 ὑποδέξασθαι
3293 810 3360 862 τὰ
3387 810 3465 880 ἐφ’
3485 805 3560 876 οἷς
3588 812 3722 867 ταῦτα

522 888 664 957 apud
701 890 837 944 alios
892 908 1020 945 vero
1050 892 1152 947 nisi
1196 905 1460 947 numerus
1507 891 1725 945 testium
1772 898 1990 959 superet
2022 905 2086 944 se

2214 900 2449 954 τελεῖται
2483 902 2544 954 οὐ
2589 899 2934 954 διεκώλυσεν.
2982 900 3145 954 Ἀλλὰ
3202 899 3293 952 καὶ
3347 901 3597 972 μάρτυρες
3648 903 3724 972 μὲν

515 980 824 1049 ptuaginta,
892 981 1046 1049 quasi
1111 981 1398 1051 populum,
1426 981 1518 1051 qui
1566 990 1883 1045 accusatur,
1933 995 2077 1049 quan

2215 995 2347 1065 παρ’
2375 996 2508 1066 ἡμῖν
2548 996 2640 1047 καὶ
2671 994 2785 1057 τοῖς
2830 995 2960 1063 παρ’
3010 994 3141 1063 ἡμῖν
3184 992 3367 1044 κανόσι
3412 992 3560 1062 μέχρι
3596 995 3727 1061 τριῶν

517 1072 720 1126 tumvis
765 1073 816 1125 in
879 1088 937 1127 re
993 1074 1108 1142 ipsa
1156 1072 1320 1127 fuerit
1371 1073 1765 1141 deprehensus,
1808 1073 1957 1126 omni
2000 1073 2077 1126 eri

2162 1070 2169 1089 ’
2207 1085 2626 1157 ἀριθμούμενοι,
2658 1085 2725 1138 ἂν
2767 1084 2942 1148 ἄλλως
2973 1083 3285 1154 ἀδιάϐλητοι
3321 1084 3558 1153 τύχωσιν,
3589 1084 3726 1139 ἱκανοὶ

518 1176 665 1216 mme
720 1163 856 1216 liber
907 1165 1234 1219 absolvitur.
1273 1164 1421 1220 Satis
1479 1181 1600 1235 quat
1632 1166 1775 1219 dicta
1824 1174 1951 1219 sunt
1985 1181 2082 1219 esst

2210 1178 2586 1232 πιστώσασθαι
2636 1177 2734 1249 τὴν
2766 1175 3047 1246 ἀλήθειαν,
3079 1175 3183 1229 κᾶν
3230 1176 3308 1238 είς
3356 1176 3626 1228 ἐπισκιὶποιι
3659 1176 3732 1245 λη-

516 1257 659 1307 duco
728 1255 1043 1311 hominibus
1092 1260 1287 1326 aequis,
1335 1257 1541 1328 quique
1562 1274 1666 1313 non
1705 1259 2080 1327 malint,quau

2209 1273 2415 1342 φθῶσιν
2460 1272 2743 1341 ἐπίκλημα
2768 1286 2781 1299 ·
2829 1271 2962 1341 παρ’
3001 1268 3183 1331 ἄλλοις
3214 1268 3270 1321 δὲ
3299 1268 3362 1322 ἂν
3393 1267 3463 1339 μὴ
3504 1269 3585 1322 τὸν
3609 1268 3729 1322 ἐϐδο-

512 1363 818 1435 intelligere
851 1368 1132 1437 redargui.
1169 1388 1187 1420 ι

2210 1368 2456 1436 μήκοντα
2482 1363 2654 1433 δῆμον
2685 1363 2747 1416 τὸ
2779 1362 2886 1414 τῶν
2928 1359 3227 1431 μαρτύρων
3261 1359 3594 1430 ὑπερεκπέσῃ
3620 1360 3729 1428 πλῆ-

512 1462 626 1521 θος,
648 1460 1025 1530 άνέγκλητοςὸ
1043 1462 1541 1533 κατηγορούμενος,
1564 1464 1669 1517 κᾶν
1692 1465 1778 1517 ἐπ’
1802 1465 2105 1537 αὐτοφώρῳ
2139 1462 2345 1534 ληφθῇ,
2372 1459 2693 1513 ἀπολύεται.
2734 1454 3033 1521 Ἐπιλείψει
3080 1472 3144 1524 με
3177 1454 3209 1523 ή
3239 1453 3418 1523 ἡμέρα
3454 1451 3542 1514 τὰς
3576 1451 3729 1504 τοιαῦ-

513 1567 617 1615 τας
684 1552 950 1623 διαφορὰς
999 1556 1343 1624 ἐπιλέγοντα.
1399 1558 1618 1626 Ἀρκεῖν
1666 1558 2001 1629 δ”ὴγοῦμαι
2048 1558 2266 1621 καὶτὰς
2306 1554 2608 1626 εἰρημένας
2635 1551 2765 1613 τοῖς’
2797 1551 3127 1617 εὐγνώμοσι,
3170 1545 3265 1601 καὶ
3322 1539 3399 1608 οἷς
3464 1543 3533 1614 μὴ
3576 1542 3731 1613 μᾶλλον

511 1644 780 1713 ἐράσμιον
804 1645 900 1698 τοῦ
942 1647 1182 1699 συνιέναι
1213 1648 1273 1699 τὺ
1310 1648 1705 1718 διελέγχεσθαι.
1741 1667 1761 1701 ι

587 1737 820 1792 Attende
842 1738 933 1806 qui
963 1737 1194 1808 hujusce
1230 1740 1515 1796 Photianae
1541 1743 1792 1812 epistolae
1839 1743 1907 1798 ad
1940 1741 2107 1797 Nico-
2134 1746 2151 1806 ]

2166 1750 2182 1803 ι
2282 1738 2430 1806 Ὅρα
2456 1735 2486 1787 ὁ
2515 1734 2634 1794 ταῖς
2671 1729 2919 1804 ῥηθεῖσιν
2945 1726 3292 1795 ἐντυγχάνων
3332 1727 3635 1795 περικοπαῖς
3658 1726 3730 1795 τῆς

514 1829 660 1881 laum
698 1831 1006 1899 pontilicem
1043 1847 1326 1902 pertcopas
1379 1833 1554 1903 legis;
1587 1835 1895 1903 discitoque
1938 1850 2078 1904 quan

2207 1820 2345 1900 πρὸς
2373 1829 2465 1881 τὸν
2494 1827 2726 1879 πάππαν
2753 1819 3023 1874 Νικόλαον
3060 1816 3352 1887 ἐπιπολῆς
3379 1816 3592 1881 Φωτίου,
3617 1818 3730 1879 ὅπως

510 1919 740 1986 ριιΙιΙιι·ο
796 1919 879 1972 vir
914 1922 1019 1975 iste
1061 1919 1324 1977 Romana:
1370 1921 1627 1979 Ecclesia:
1677 1924 2074 1981 consuetudine

2204 1939 2265 1974 τε
2327 1918 2572 1989 ἀκριϐῶς
2625 1914 2782 1977 οὗτος
2819 1914 2889 1967 τά
2938 1910 3041 1982 τῆς
3092 1908 3410 1981 Ῥωμαῖκῆς
3455 1907 3730 1976 Ἐκκλησία;

512 2012 728 2078 calleat,
757 2022 935 2082 etqua
978 2015 1196 2070 ratione
1242 2017 1599 2072 ecclesiastici
1648 2021 1962 2076 schismatis
1988 2029 2076 2074 tan

2204 2014 2369 2080 ἔθιμα
2407 2009 2544 2081 ᾔδει,
2575 2006 2671 2061 καὶ
2699 2008 2848 2068 ὅπως
2878 2004 2955 2079 ὡς
2980 2003 3120 2073 πρὸς
3144 2000 3378 2063 ἀπειλὴν
3402 2002 3727 2068 ὲκκλησιασιιι

511 2117 628 2160 tum
649 2122 758 2160 non
794 2104 968 2161 futuri
1003 2108 1186 2163 minas
1212 2120 1505 2180 proponat.
1548 2110 1663 2167 Hoc
1690 2113 1959 2182 siquidem
1981 2132 1986 2137 ·
2010 2129 2073 2168 ea

2205 2088 2303 2155 κοῦ
2337 2101 2635 2171 σχίσματος
2664 2097 2914 2150 ὑπέτεινε
2934 2093 3141 2148 ταῦτα.
3190 2092 3364 2146 Τοῦτο
3386 2090 3490 2161 γάρ
3518 2089 3730 2158 ἡτοὺτων

512 2198 763 2250 rumdem
814 2199 1156 2253 enumeratio
1186 2202 1321 2257 satis
1382 2201 1674 2258 manifesto
1704 2204 1955 2260 indicat:
1987 2214 2076 2260 tun

2204 2194 2584 2265 άπαρίθμησις
2632 2188 3087 2262 ὲμφαντικωτὲρα
3139 2185 3416 2256 βούλεται.
3466 2184 3565 2238 Καὶ
3613 2184 3728 2243 σύνες

514 2288 830 2356 intelligito,
867 2305 1146 2360 nunquam
1170 2307 1293 2346 eum
1348 2292 1546 2348 similia
1585 2296 1641 2348 in
1705 2305 1954 2365 apertum
1986 2298 2078 2353 bell

2209 2285 2282 2357 μὴ
2317 2284 2382 2338 ἄν
2414 2298 2543 2336 ποτε
2591 2283 2672 2343 εἰς
2706 2279 2887 2350 μάχην
2937 2277 3202 2348 λαμπράν
3251 2274 3546 2348 ἀναρρῆξαι
3567 2271 3727 2371 ’τοῦτον

512 2380 623 2430 lum
676 2379 1031 2434 exclusurum
1096 2379 1307 2450 fuisse,
1362 2383 1408 2438 si
1444 2384 1612 2454 ipsius
1653 2383 1860 2440 Nicolai
1912 2402 2071 2444 recon

2204 2377 2362 2438 αὐτὰ,
2395 2376 2448 2427 εἴ
2475 2390 2537 2443 γε
2573 2372 2706 2443 παρ’
2751 2369 2917 2426 αὐτοῦ
2942 2369 3223 2423 Νικολάου
3273 2367 3530 2435 ἀναδοχῆς
3560 2360 3732 2463 ήξιοῦξό

512 2469 754 2525 ciliatam
800 2473 1137 2529 voluntatem
1187 2476 1535 2532 obtinuisset.
1590 2475 1791 2534 Verum
1825 2496 1949 2536 cum
1989 2482 2076 2552 ips

2201 2485 2367 2532 τινος.
2403 2467 2533 2520 Ὅτε
2587 2465 2643 2519 δὲ
2674 2464 2838 2527 αὐτός
2885 2479 2946 2517 τε
2998 2462 3296 2527 Νικόλαος,
3355 2457 3608 2558 μεταστάς
3645 2457 3734 2558 τῶν

510 2561 773 2620 Nicolaus
812 2582 879 2620 ex
910 2569 1191 2621 hominum
1217 2569 1328 2623 vita
1351 2568 1591 2640 migrans
1611 2609 1626 2636 ,
1679 2572 1960 2628 canonicis
1984 2573 2073 2627 vin

2201 2555 2327 2627 ὦδε,
2359 2560 2669 2619 κανονικαῖς
2702 2555 3058 2627 ἐνισχημένον
3100 2552 3298 2615 πέδαις
3332 2549 3510 2619 ἀφῆκε
3530 2546 3611 2598 τὸν
3641 2545 3730 2596 Φώ·

513 2654 651 2709 culis
684 2655 1053 2724 cerupeditum
1081 2658 1336 2712 Photium
1357 2659 1685 2728 reliquisset,
1718 2674 1773 2715 et
1805 2662 2075 2717 Adrianus

2200 2670 2336 2716 τιον,
2362 2651 2455 2704 καὶ
2485 2650 2573 2703 ὅτε
2614 2647 2889 2719 Ἀδριανὸς
2932 2645 3214 2699 Νικόλαον
3245 2641 3608 2730 διαδεξάμενος
3634 2651 3729 2730 ,στι-

509 2747 605 2816 qui
630 2745 860 2801 Nieolao
885 2749 1155 2803 successu
1179 2727 1539 2804 validioribus
1559 2764 1847 2819 pcenarum
1878 2752 2073 2822 ligami

2201 2745 2548 2815 ϐαρωτέρους
2572 2741 2681 2795 τῶν
2712 2741 3004 2809 ἐπιτιμίων
3049 2736 3177 2799 τοῦς
3216 2734 3426 2797 κλοιοὺς
3470 2727 3726 2822 adtigi-Euel-

513 2815 677 2893 nibus
727 2840 1140 2907 obstrinxisset,
1200 2836 1427 2897 Photius
1464 2843 1528 2896 ad
1559 2815 1718 2913 vopus
1773 2843 2076 2911 accingitur

2201 2836 2491 2907 χάλκευσε,
2515 2834 2705 2900 γέγονε
2736 2829 2834 2884 καὶ
2876 2827 3083 2890 Φὼτιος
3118 2827 3221 2880 τοῦ
3250 2825 3434 2896 ἔργου,
3467 2820 3555 2875 καὶ
3573 2817 3669 2871 λύει
3685 2815 3729 2925 rb.

511 2930 879 2998 expanditque
912 2929 1115 2984 liberas
1140 2930 1256 2986 alas
1294 2932 1554 2987 adversus
1575 2931 1879 2986 Romanam
1918 2933 2075 2987 Eccle

2201 2926 2402 2998 πτερδν
2458 2927 2492 2996 ἡ
2544 2924 2688 2978 κατὰ
2742 2922 2842 2993 τῆς
2892 2919 3212 2991 Ῥωμαῖκῆς
3271 2914 3579 2993 Ἐκκλησίας
3630 2922 3716 2973 παρ

511 3021 680 3089 siam,
741 3022 812 3076 ab
869 3022 1061 3077 eodem
1103 3022 1420 3078 elucubrata
1463 3023 1720 3093 epistola,
1761 3032 1817 3078 et
1848 3038 1945 3092 per
1972 3023 2075 3077 uni

2201 3018 2369 3074 αὐτοῦ
2394 3015 2869 3088 λογογραφηθεῖσα
2897 3012 3178 3084 ἐπιστολὴ,
3215 3011 3312 3067 καὶ
3336 3010 3432 3081 τὴν
3452 3002 3728 3102 οἰκουμένην

510 3124 728 3163 versum
790 3119 1059 3165 terrarum
1134 3114 1323 3167 orbem
1385 3113 1650 3179 avolans,
1720 3114 2059 3184 exspatiatur

2165 3111 2503 3181 ςδιίπταται,
2562 3108 2758 3163 καὶτὰ
2819 3106 3058 3178 τεμάχια
3113 3106 3232 3166 τοῖς
3284 3102 3481 3170 ἑαυτῆς
3521 3099 3729 3149 ἐπισυνα-

510 3200 672 3270 cujus
722 3202 1021 3270 particulas
1050 3204 1166 3259 suis
1197 3204 1398 3259 addere
1453 3206 1714 3261 membris
1743 3206 2074 3274 oratioexpo

2199 3205 2300 3274 ψαι
2342 3205 2564 3274 μέρεσιν
2595 3204 2624 3256 δ
2654 3202 2810 3270 λόγος
2842 3199 2948 3254 ὑπὸ
2974 3198 3083 3252 τῶν
3112 3196 3313 3251 ἑαυτοῦ
3349 3186 3728 3261 ὲπαγγελμάτων

509 3293 703 3356 scitur,
726 3302 785 3348 ut
819 3295 1108 3363 promissis
1139 3305 1277 3351 stet:
1305 3297 1419 3352 haec
1443 3308 1574 3353 sunt
1605 3316 1619 3352 ;
1657 3297 1818 3363 (Sed,
1843 3298 2073 3368 oimpro

2199 3297 2476 3368 ἅπῄτηται
2506 3295 2622 3360 νῦν,
2654 3294 2690 3348 ἃ
2733 3295 2827 3349 καὶ
2858 3292 3074 3363 ἔχουσιν
3101 3289 3279 3353 οὕτως
3304 3305 3317 3318 ·
3370 3306 3388 3338 ι
3434 3282 3565 3338 Ἀλλ’
3592 3279 3631 3332 ὣ
3656 3291 3728 3368 ποί

512 3385 664 3448 bum,
722 3386 965 3440 invidum
1019 3395 1073 3442 et
1118 3389 1227 3443 Deo
1290 3389 1527 3443 invisum
1578 3388 1873 3444 consilium
1929 3390 2075 3445 ineat

2199 3366 2380 3459 "ibas
2427 3406 2488 3442 τε
2538 3389 2635 3443 καὶ
2683 3387 2957 3456 βασκάνου
3007 3383 3102 3437 καὶ
3147 3381 3313 3436 ἀθέου
3344 3376 3529 3448 βουλῆς
3552 3372 3618 3424 ’τε
3657 3366 3727 3420 καὶ

510 3478 694 3545 ptumi
739 3477 992 3533 Nondum
1045 3479 1191 3535 enim
1242 3481 1606 3553 Bulgarorum
1653 3497 1788 3552 gens
1823 3498 1919 3552 per
1951 3482 2074 3538 bien

2200 3481 2491 3553 πράξεωςί
2545 3478 2713 3533 Οὔπω
2764 3476 2873 3548 γὰρ
2909 3475 3003 3529 τοῦ
3058 3473 3171 3528 τῶν
3220 3466 3538 3540 Βουλγάρων
3579 3462 3726 3564 {livet};

511 3570 665 3621 nium
733 3582 937 3623 rectam
969 3571 1405 3625 Christtanorum
1457 3570 1774 3640 religionem
1820 3573 2075 3642 amplexa

2197 3573 2307 3625 οὐδ’
2347 3573 2427 3636 εἰς
2470 3570 2564 3625 δύο
2611 3571 2894 3633 ἐνιαυτοὺς
2931 3569 3032 3637 τὴν
3083 3568 3257 3639 ὀρθὴν
3286 3566 3394 3620 τῶν
3437 3564 3726 3633 Χριστιανων

510 3660 692 3726 batur,
744 3676 864 3715 cum
922 3661 1077 3731 iurpii
1111 3663 1336 3733 quidam
1387 3662 1637 3717 homines
1665 3672 1720 3716 et
1751 3667 2069 3720 exsecrandi

2196 3662 2466 3733 τιμῶντος
2497 3662 2821 3734 θρησκείαν,
2863 3661 3054 3732 ἄνδρες
3101 3659 3387 3721 δυσσεϐεῖς
3422 3656 3511 3709 καὶ
3540 3644 3728 3715 ἀποτρό-

506 3763 560 3806 et
578 3767 816 3820 quonam
846 3768 943 3808 eos
1002 3754 1165 3808 titulo
1190 3754 1442 3822 pietatem
1469 3754 1654 3810 colens
1684 3756 1767 3809 vir
1808 3771 1917 3810 non
1960 3758 2066 3827 insi

2197 3772 2372 3819 παιοι,
2404 3756 2497 3809 καὶ
2521 3753 2575 3807 τί
2608 3756 2713 3825 γὰρ
2743 3754 2844 3806 οὐκ
2874 3753 2939 3807 ἄν
2962 3770 3045 3815 τις
3077 3751 3324 3822 εῦσεϐῶν
3356 3747 3566 3808 τούτους
3586 3741 3726 3806 ἐξονο-

507 3844 784 3910 gniverit?
832 3845 1083 3899 homines
1140 3859 1171 3898 e
1241 3844 1480 3899 tenebris
1523 3856 1915 3914 prorepentes,
1967 3863 2071 3903 cun

2198 3850 2458 3918 μάσειεν;
2522 3848 2714 3919 ἄνδρες
2775 3847 2840 3901 ἐκ
2889 3847 3114 3910 σκότους
3167 3844 3491 3905 ἀναδύντες·
3524 3839 3611 3906 τῆς
3644 3830 3727 3899 γὰρ

507 3950 575 3988 ex
599 3935 842 3990 occiduis
866 3934 1110 4004 partibus
1132 3947 1312 3988 ortum
1341 3934 1624 3990 ducerent.
1643 3937 1792 3991 lleul
1817 3945 2071 4007 quomodt

2195 3941 2453 4011 ἑσπερίου
2500 3941 2696 4011 μοίρας
2735 3939 2982 4010 ὑπῆρχον
3025 3940 3388 4009 γεννήματα·
3435 3929 3597 4004 οἵμοιι
3637 3923 3726 3984 πῶς

507 4028 711 4097 reliqua
748 4028 1091 4098 prosequar?
1129 4026 1196 4081 lli
1251 4027 1306 4081 itt
1339 4039 1577 4097 gentem,
1607 4031 1816 4085 novella
1857 4049 2071 4101 quorun

2195 4034 2257 4088 τδ
2283 4035 2575 4089 ὑπόλοιπον
2609 4033 3010 4105 ὲκδιηγήσομαι
3034 4049 3050 4099 ;
3079 4026 3231 4086 οὗτοι
3262 4031 3397 4103 πρὸς
3423 4029 3483 4082 τὸ
3506 4016 3726 4086 νεοπαγὲς

507 4114 721 4186 pietas,
769 4129 822 4173 et
882 4134 1074 4173 recens
1124 4121 1467 4184 constituta,
1540 4130 1798 4189 tanquam
1868 4125 2051 4196 fulgur

2194 4127 2275 4191 είς
2308 4126 2611 4193 εὐσέϐειαν,
2640 4126 2736 4180 καὶ
2760 4124 3116 4179 νεοσύστατον
3148 4124 3325 4191 ἔθνος,
3350 4122 3531 4189 ὥσπερ
3559 4128 3724 4184 κεραυ-

504 4222 871 4278 terraemotus,
930 4222 1024 4266 aut
1069 4213 1293 4280 copiosa
1342 4215 1569 4283 grando,
1602 4231 1715 4282 aut,
1742 4227 1801 4271 ut
1837 4221 2068 4288 propr-iu;

2194 4220 2305 4286 νδςν
2338 4220 2371 4289 ἢ
2409 4219 2653 4289 σεισμὸς,
2699 4218 2733 4290 ἢ
2767 4216 3010 4288 χαλάζης
3054 4218 3282 4289 πλῆθος,
3334 4211 3605 4288 μᾶλλονδὲ
3662 4206 3724 4256 οῖ-

505 4305 708 4370 diram,
772 4314 1030 4374 tauquam
1093 4320 1223 4373 aper
1268 4308 1521 4376 agrestis,
1591 4310 1805 4364 vineam
1874 4309 2068 4365 Domiti

2192 4314 2367 4367 κειότε
2377 4330 2464 4384 ρον
2486 4312 2679 4376 εἰπεῖν,
2713 4314 2902 4381 ὥσπερ
2925 4311 3116 4382 ἄγριος
3150 4312 3337 4383 μονιδς
3359 4305 3723 4380 ἐμπηδήσαντες

505 4397 786 4462 dilectam,
839 4411 1014 4466 nuper
1069 4398 1341 4452 consitam
1386 4400 1715 4464 insilientes,
1749 4402 1999 4470 pedibus,
2036 4419 2066 4459 e

2191 4406 2282 4463 τὸν
2317 4406 2618 4477 ἀμπελῶνα
2653 4404 2881 4476 Κυρίου,
2924 4404 3016 4457 τὸν
3050 4403 3413 4473 ἠγαπημένον
3452 4397 3541 4453 καὶ
3566 4393 3720 4459 νεόφυ-

505 4490 786 4552 dcutibus,
840 4489 959 4543 sive
1016 4489 1228 4544 semitis
1262 4492 1595 4560 quibusdam
1639 4495 1841 4560 politiat
1892 4495 2068 4565 turpis

2160 4507 2170 4552 ι
2197 4515 2288 4552 τον
2327 4499 2420 4551 καὶ
2459 4497 2585 4550 ποσὶ
2614 4497 2708 4550 καὶ
2735 4495 2967 4560 ὀδοῦσιν,
2998 4497 3116 4567 ἦτοι
3159 4494 3367 4566 τρίϐοις
3408 4488 3620 4560 αἰσχρᾶς
3650 4498 3724 4533 πο·

504 4592 559 4636 et
596 4583 913 4652 dogmatum
946 4585 1362 4651 depravatorum
1389 4583 1535 4656 (qua:
1576 4585 1799 4639 illorum
1840 4598 1958 4642 erat
1988 4602 2057 4641 au

2193 4589 2415 4655 λιτείας,
2448 4592 2542 4644 καὶ
2593 4585 2861 4661 διαφθορᾷ
2905 4587 3217 4658 δογμάτων,
3264 4588 3327 4640 τό
3359 4602 3422 4654 γε
3462 4587 3537 4644 εἰς
3559 4578 3723 4643 τόλμαν

507 4677 729 4744 dacial)
765 4675 1137 4744 depraedantes
1195 4678 1571 4732 devastarunt.
1598 4676 1759 4732 Omni
1818 4680 2071 4750 siquideu‘

2190 4680 2324 4757 ἧκον
2350 4687 2447 4753 τὴν
2472 4685 2674 4750 αὐτῶν,
2707 4682 3224 4753 κατανεμησάμενοι
3249 4681 3594 4751 ὲλυμήναντο.
3617 4664 3725 4722 Ἀπδ

506 4781 635 4821 cum
698 4766 1064 4821 lraudulentia
1118 4782 1149 4822 a
1211 4771 1362 4823 sanis
1390 4778 1446 4822 et
1510 4770 1664 4837 puris
1717 4770 2066 4841 dogmatibus

2191 4778 2302 4846 γὰρ
2328 4776 2436 4829 τῶν
2466 4776 2645 4845 ὀρθῶν
2678 4777 2772 4828 καὶ
2803 4775 3059 4848 καθαρῶν
3088 4775 3379 4845 δογμάτων
3410 4775 3498 4848 καί¹
3527 4769 3615 4837 τῆς
3640 4761 3724 4815 τῶν

506 4865 562 4911 et
593 4870 625 4908 a
697 4853 803 4910 ﬁde
869 4857 1144 4929 inculpata
1213 4858 1655 4937 Christianorum
1700 4874 1799 4914 eos
1822 4862 2070 4917 deducet-4

2192 4870 2538 4939 Χριστιανῶν
2581 4870 2885 4939 ἀμωμήτου
2919 4869 3155 4931 πίστεως
3198 4863 3585 4937 παραφθείρειν
3625 4850 3722 4904 τού-

510 4958 566 5005 et
625 4965 976 5022 corrumpere
1031 4954 1402 5021 conabantur.
1459 4953 1526 5009 Et
1583 4954 1817 5024 primum
1869 4958 2074 5028 quidem

2192 4979 2317 5025 τους
2345 4963 2438 5015 καὶ
2470 4962 2721 5031 ὕποσπᾷν
2753 4961 3387 5031 κατεπανουργεύσαντο.
3413 4957 3518 5010 Καὶ
3548 4948 3725 5018 πρῶτον

508 5045 663 5113 ipsos
691 5054 886 5114 praeter
911 5062 1184 5103 canonum
1212 5047 1432 5102 decreta
1486 5048 1543 5102 in
1577 5048 1786 5118 jejunis
1820 5048 2072 5106 Sabbato-

2196 5054 2294 5122 μὲν
2324 5056 2520 5116 αὐτοὺς
2538 5053 2640 5123 οὐχ
2660 5052 2821 5114 ὁσίως
2845 5056 2922 5116 είς
2948 5053 3045 5124 τὴν
3061 5052 3171 5105 τῶν
3191 5051 3485 5104 Σαϐϐάτων
3507 5037 3721 5114 νηστείαν

505 5152 628 5191 rum
683 5139 1069 5196 traduxerunt.
1124 5140 1277 5194 Solet
1320 5151 1502 5196 autem
1540 5144 1622 5198 vel
1666 5143 1940 5199 levissima
1962 5154 2069 5205 :trau

2196 5148 2536 5217 μετέστησαν
2563 5163 2576 5179 ·
2605 5143 2713 5200 οἶδε
2734 5148 2789 5200 δὲ
2827 5148 2921 5200 καὶ
2948 5148 2982 5217 ή
3012 5145 3187 5217 μικρά
3214 5145 3323 5198 τῶν
3352 5136 3720 5212 παραδοθέντων

501 5230 772 5284 ditionum
829 5232 1101 5302 neglectio
1169 5233 1423 5288 homines
1474 5235 1541 5290 ad
1595 5236 1764 5291 totius
1827 5238 2065 5293 doctrina

2191 5239 2450 5309 ἀθέτησις
2485 5240 2579 5292 καὶ
2613 5239 2750 5309 πρὸς
2768 5239 2897 5308 ὃλην
2923 5241 3017 5292 τοῦ
3043 5239 3317 5310 δόγματος
3354 5231 3624 5305 ἐπιτρέψαι
3642 5223 3718 5289 τὴν

501 5332 885 5393 contemptum
957 5324 1265 5379 traducere.
1295 5325 1529 5395 ,Deinde
1582 5329 1817 5396 primam
1849 5328 2065 5399 quadra

2192 5333 2596 5402 καταφρόνησιν
2621 5348 2633 5362 ·
2683 5335 2873 5386 ἔπειτα
2905 5333 2961 5386 δὲ
2989 5333 3088 5404 τὴν
3116 5334 3226 5387 τῶν
3255 5330 3512 5403 νηστειῶν
3534 5321 3718 5395 πρώτην

505 5416 847 5485 gesimalium
929 5414 1268 5486 jejuniorum
1333 5418 1730 5474 hebdomadam
1792 5435 1823 5473 a
1876 5420 2069 5490 reliqut

2194 5426 2465 5495 ἑϐδομάδα
2487 5428 2585 5494 τῆς
2618 5425 2784 5497 ἄλλης
2811 5430 3065 5499 νηστείας
3111 5426 3520 5497 περικόψαντες,
3542 5420 3612 5481 εἰς
3637 5428 3715 5481 γα·

472 5508 711 5579 jejunio
768 5508 1168 5580 discerpentes,
1231 5513 1287 5566 in
1358 5514 1519 5571 lactis
1564 5515 1879 5583 petionem,
1940 5529 2033 5569 cas

2191 5518 2573 5583 λακτοποσίας,
2598 5520 2693 5571 καὶ
2713 5522 2880 5589 τυροῦ
2914 5523 3149 5591 τρυφὴν,
3180 5521 3275 5573 καὶ
3304 5519 3400 5587 τὴν
3423 5516 3525 5569 τῶν
3549 5506 3713 5580 ὁμοίων

501 5615 700 5664 esum,
760 5611 816 5656 et
890 5604 1154 5658 similium
1222 5604 1700 5675 ingurgitationem
1781 5614 2065 5661 traxerunt

2192 5608 2530 5678 ἀδδηφαγίαν
2562 5609 2941 5666 καθείλκυσαν.
2987 5609 3268 5665 Ἐντεῦθεν
3301 5609 3479 5668 αὐτοῖς
3513 5602 3600 5672 τὴν
3620 5592 3712 5649 ίδὸν

500 5688 642 5745 Hinc
699 5697 1199 5765 transgressionum
1256 5699 1376 5754 vias
1467 5696 1883 5753 dilatantes‘de
1935 5706 2064 5753 rectr

2190 5701 2299 5753 τῶν
2352 5703 2720 5770 παραϐάσεων
2767 5703 3228 5772 ὲμπλατύνοντες,
3272 5701 3367 5754 καὶ
3405 5697 3499 5765 τῆς
3533 5687 3709 5744 εὐθείας

503 5784 726 5843 tramite
771 5796 856 5840 et-
886 5788 1035 5857 regia
1065 5788 1149 5843 via
1176 5789 1544 5845 abduxerunt.
1572 5788 1894 5846 Sacerdotes
1936 5798 2067 5857 post!

2191 5791 2378 5855 τρίϐου
2408 5792 2503 5846 καὶ
2536 5792 2817 5857 βασιλικῆς
2847 5794 3281 5858 διαστρέφοντες,
3307 5789 3394 5843 καὶ
3416 5786 3476 5849 δὴ
3508 5782 3589 5834 καὶ
3610 5784 3709 5826 τουὲ
