3962 6466
216 444 311 507 93Ἱ

1310 436 1407 496 DE
1449 430 1744 494 UNIONE
1782 429 2334 491 ECCLESIARUM.

3363 426 3467 487 938

213 564 454 632 ὲνθέσμῳ
482 559 643 629 γάμῳ
679 555 1078 628 πρεσϐυτέρους
1112 552 1530 622 διαπρέποντας,
1563 550 1612 601 οι
1642 547 1775 600 πολ-

1904 544 2102 599 nodum
2132 544 2372 614 legitimo
2405 542 2723 612 coniunctos
2743 541 3109 608 matrimonio,
3134 542 3226 612 qui
3256 544 3465 614 puellas

210 658 306 720 λάς
339 654 506 723 κόρας
554 652 724 721 χωρῖς
761 649 949 717 ἀνδρὸς
996 649 1262 716 γυναῖκας
1290 642 1650 703 δεικνύοντες,
1691 639 1787 693 καὶ

212 748 475 813 γυναῖκας
507 744 699 804 παῖδας
736 740 1125 808 ὲκτρεφούσας,
1164 728 1239 789 ὧν
1269 734 1368 786 οὐκ
1399 731 1513 784 ἔστι
1546 728 1788 797 πατέρας

214 838 530 900 θεάσασθαι,
556 830 699 891 οὗτοι
726 833 850 896 τοὺς
880 831 955 893 ὡς
986 829 1202 898 ἀληθῶς
1225 828 1358 881 Θεοῦ
1391 825 1558 894 ἱερεῖς
1586 822 1790 891 μυσάτ-

211 929 396 997 τεσθαί
448 945 509 981 τε
566 928 660 981 καὶ
713 922 1155 994 ἀποστρέφεσθαι
1211 915 1637 989 παρεσκεύασαν
1691 913 1791 983 τῆς

213 1020 395 1085 Μανοῦ
428 1017 701 1087 γεωργίας
741 1017 797 1069 ὲν
829 1014 1012 1075 αὐτοῖς
1044 1011 1113 1065 τὰ
1160 1009 1455 1078 σπέρματα
1484 1004 1789 1059 κατασπεί-

217 1129 416 1186 ροντες,
447 1108 541 1162 καὶ
589 1106 768 1177 ψυχὰς
802 1105 928 1176 ἄρτι
978 1103 1299 1173 βλαστάνειν
1342 1097 1656 1168 ἀρξαμένας
1700 1095 1792 1149 τὸν

214 1206 415 1274 σπόρον
458 1201 558 1268 τῆς
599 1197 879 1259 εύσεϐεξας
935 1197 999 1265 τῇ
1053 1192 1160 1273 τῶν
1210 1189 1468 1257 ζιζανίων
1518 1187 1794 1258 ἔπισπορᾷ

214 1294 620 1366 λυμαινόμενοι.
679 1287 841 1345 ’Δλλά
877 1304 943 1356 γε
989 1286 1052 1355 δὴ
1102 1284 1226 1346 τοὺς
1255 1282 1361 1337 ὑπὸ
1403 1278 1794 1350 πρεσϐυτέρων

216 1388 373 1460 μύρῳ
404 1383 730 1456 χρισθέντας
758 1378 1118 1449 ἀναμυρίζειν
1163 1376 1317 1429 αὐτοὶ
1345 1371 1405 1426 ού
1437 1370 1792 1441 πεφρίκασιν,

212 1476 545 1538 ἐπισκόπους
571 1474 793 1533 ἑαυτοὺς
822 1468 1271 1538 ἀναγορεύοντες,
1310 1464 1406 1519 καὶ
1434 1463 1494 1516 τδ
1520 1462 1629 1515 τῶν
1658 1477 1795 1530 πρε-

214 1571 489 1639 σϐυτέρων
538 1568 745 1638 χρίσμα
791 1562 1066 1635 ἄχρηστον
1120 1555 1282 1623 εἶναι,
1332 1558 1428 1610 καὶ
1477 1555 1558 1617 εἰς
1614 1553 1794 1625 μάτην

213 1659 575 1717 ἐπιτελεῖσθαι
621 1654 1063 1728 τερατευόμενοι.
1118 1645 1248 1721 ’Ἆρ’
1304 1647 1475 1709 ἔστιν,
1535 1644 1594 1709 ὃς
1645 1645 1795 1712 τηλιο

214 1755 426 1823 καύτην
461 1753 596 1821 ἀκοῇ
632 1746 968 1818 παρείληφεν
1001 1742 1208 1804 ἄνοιαν,
1260 1740 1327 1807 ἦν
1359 1734 1712 1805 κατατολμᾷν
1744 1731 1795 1786 οἱ

217 1846 566 1915 παράφρονες
607 1838 706 1893 ούκ
739 1836 1073 1905 ὲνάρκησαν,
1116 1832 1242 1894 τοὺς
1286 1828 1434 1894 ἅπαξ
1466 1825 1643 1911 ,μύρῳ
1670 1841 1794 1895 χρι-

224 1937 439 1997 σθέντας
470 1931 843 2003 ἀναχρίοντες,
865 1928 962 1987 καὶ
993 1925 1064 1978 τὰ
1091 1924 1199 1978 τῶν
1245 1918 1590 1992 Χριστιανῶν
1624 1918 1795 1985 ύπερ-

220 2028 331 2101 φυῆ
361 2030 455 2083 καὶ
483 2029 603 2082 θεῖα
632 2026 907 2098 μυστήρια
932 2025 1012 2087 εἰς
1038 2021 1204 2090 λῆρον
1238 2017 1432 2088 μιαρὸν
1462 2015 1557 2069 καὶ
1582 2011 1792 2066 πλατὺν

215 2119 597 2190 ὲξορχούμενοι
627 2118 875 2186 γέλωτας
913 2114 1019 2169 Καὶ
1039 2112 1099 2166 τό
1126 2127 1190 2181 γε
1224 2108 1385 2179 σοφὸν
1421 2106 1531 2160 τῶν
1556 2104 1630 2166 ὡς
1664 2102 1796 2172 ἁλη-

215 2211 327 2276 θῶς
380 2212 641 2281 ἀμυήτων
667 2226 681 2241 ο
715 2210 792 2262 Οὐ
818 2210 927 2279 γὰρ
958 2205 1158 2271 ἔξεστι,
1189 2202 1376 2274 φασιν,
1427 2196 1635 2270 ἱερεῦσι
1671 2196 1795 2259 τοὺς

215 2301 572 2371 τελουμένους
612 2298 767 2371 μύρῳ
806 2296 1077 2365 ἀγιάζειν·
1125 2289 1443 2362 ἀρχιερεῦσι
1473 2288 1583 2360 γάρ
1613 2287 1797 2359 μόνοις

218 2392 499 2463 ἐνομίσθη.
539 2390 707 2444 Πόθεν
745 2391 774 2445 6
803 2389 999 2459 νόμος;
1044 2385 1129 2450 τίς
1161 2383 1205 2440 δ’
1231 2384 1259 2436 6
1280 2382 1615 2453 νομοθέτης;
1645 2381 1796 2443 ποῖος

212 2486 323 2541 τῶν
349 2484 687 2547 ἀποστόλων,
714 2482 822 2536 τῶν
851 2480 1115 2550 Πατέρων
1137 2478 1217 2543 δὲ,
1242 2475 1380 2531 άλλά
1402 2475 1511 2529 τῶν
1537 2472 1795 2538 συνόδων,

215 2579 253 2649 ἢ
286 2577 390 2631 ποῦ
439 2576 534 2630 καὶ
574 2576 704 2629 πότε
737 2574 1004 2634 συστᾶσα.
1038 2570 1200 2625 τίνων
1238 2567 1296 2622 δὲ
1338 2566 1665 2639 κρατήσασα
1692 2564 1801 2635 ψή-

218 2687 377 2740 φοις;
422 2667 561 2722 Ἀλλ’
610 2667 711 2719 ούκ
745 2665 952 2732 ἔξεστιν
987 2664 1151 2732 ἱερεῖς
1182 2660 1340 2734 μύρῳ
1367 2660 1495 2722 τοὺς
1543 2656 1804 2728 βαπτιζο-

221 2764 418 2834 μένους
474 2757 818 2830 σφραγίξειν.
872 2754 1084 2809 Οὐκοῦν
1134 2753 1258 2807 οὐδὲ
1306 2749 1590 2821 βαπτίζειν
1641 2747 1800 2815 ὅλως,

216 2854 344 2907 οὐδὲ
381 2851 631 2920 ἱερᾶσθαι
668 2848 795 2920 ἄρα,
829 2847 916 2900 ἵνα
950 2846 1035 2899 σοὶ
1064 2843 1198 2914 μηδὲ
1230 2842 1504 2915 ἡμίτομος
1535 2843 1564 2895 6
1595 2842 1803 2911 ἱερεὺς,

215 2946 336 3000 ἀλλ’
353 2945 643 3014 ὁλόκληρος
667 2945 744 3005 εἰς
768 2942 983 3012 ἀνίερον
1000 2940 1086 3009 εἴη
1114 2938 1315 3009 κλῆρον
1332 2935 1803 3006 ἀπεληλασμένος.

227 3039 527 3111 Ἱερουργεῖ
558 3037 620 3090 τὸ
667 3021 1001 3091 Δεσποτικδν
1044 3031 1204 3101 σῶμα
1243 3029 1342 3084 καὶ
1377 3024 1513 3100 αἷμα
1543 3024 1806 3099 Χριστοῦ,

215 3131 316 3185 καὶ
346 3131 471 3193 τοὺς
516 3129 687 3182 πάλαι
741 3122 1276 3197 μυσταγωγηθὲντας
1321 3122 1390 3176 δι’
1416 3120 1596 3176 αὐτῶν
1628 3121 1805 3177 καθα-

215 3222 437 3294 γιάζει·
472 3221 591 3284 πῶς
622 3219 720 3289 οὐχ
763 3216 983 3281 ἀγιάσει
1018 3216 1178 3288 μύρῳ
1208 3214 1379 3285 χρίων
1429 3214 1556 3274 τοὺς
1589 3211 1684 3266 νῦν
1715 3229 1803 3265 τε·

214 3316 555 3383 λουμένους;
593 3310 853 3375 Βαπτίζει
899 3310 928 3361 6
962 3309 1164 3378 ἱερεὺς,
1198 3306 1495 3377 καθάρσιον
1525 3303 1696 3373 δῶρον
1727 3301 1807 3374 τῷ

219 3404 613 3480 βαπτιζομένῳ
669 3402 1108 3474 τελεσιουργῶν,
1159 3399 1276 3461 πῶς
1327 3396 1375 3453 εἰ
1428 3397 1806 3468 τελεσιουργὸς

217 3499 384 3563 αὐτὸς
428 3498 664 3568 ὑπάρχει
713 3496 1058 3566 καθάρσεως,
1110 3491 1441 3563 ἀφαιρήσεις
1498 3488 1662 3544 αὐτοῦ
1708 3487 1807 3559 τὴν

218 3589 475 3661 φυλακήν
501 3591 593 3643 καὶ
616 3587 886 3658 σφραγῖδα
905 3602 921 3652 ;
957 3584 1368 3654 Ἀλλ⁶ἀφαιρεῖς
1391 3584 1493 3653 τὴν
1511 3581 1804 3653 σφραγῖδα,

220 3681 352 3754 μηδ’
385 3682 679 3753 ὑπηρετεῖν
730 3679 1045 3750 ἐπιτρέψεις
1071 3677 1150 3750 τῷ
1198 3676 1379 3748 δώρῳ,
1411 3674 1535 3746 μηδ’
1571 3675 1632 3726 ὲν
1657 3670 1806 3742 αύτῷ

216 3791 376 3838 τινας
411 3774 830 3844 τελεσιουργεῖν,
862 3772 950 3826 ἵνα
983 3786 1045 3823 σε
1071 3763 1300 3840 γυμνοῖς
1322 3769 1350 3820 6
1385 3769 1478 3829 σδς
1509 3764 1688 3835 ἱερεὺς
1717 3766 1807 3818 ὲν-

214 3866 543 3938 διαπρέπων
594 3864 843 3935 ὀνόμασι,
893 3862 996 3932 τῆς
1024 3861 1196 3932 αὐτῆς
1245 3856 1394 3929 αύτῷ
1441 3855 1806 3927 χοροστασίας

216 3961 525 4030 κορυφαῖον
578 3955 727 4029 δείξῃ
783 3956 880 4010 καλ⁴
938 3955 1259 4013 ἐπίσκοπον.
1318 3949 1481 4005 Ἀλλά
1526 3949 1636 4019 γὰρ
1686 3946 1809 4018 οὐχὶ

223 4050 396 4123 μόνον
424 4050 504 4113 εἰς
527 4048 704 4102 ταῦτα
728 4048 1067 4117 παρανομεῖν
1113 4042 1504 4117 ἐξηνέχθησαν,
1535 4040 1673 4094 ἀλλὰ
1710 4039 1808 4093 καὶ

216 4142 281 4196 ετ
312 4158 394 4202 τις
426 4140 614 4193 κακῶν
663 4140 780 4192 ἐστι
829 4139 1084 4206 κορωνὶς,
1119 4137 1197 4200 είς
1224 4134 1428 4202 ταύτην
1476 4133 1804 4203 ἀνέδραμον.

217 4234 376 4305 Πρὸς
397 4235 504 4305 γάρ
523 4251 605 4286 τοι
633 4234 741 4296 τοῖς
771 4230 1081 4302 εἰρημένοις
1111 4229 1428 4299 ἀτοπήμασι
1454 4230 1549 4285 καὶ
1573 4227 1635 4280 τὸ
1659 4225 1807 4298 ἱερὸν

216 4330 326 4382 καὶ
360 4327 513 4394 ἅγιον
558 4324 854 4395 Σύμϐολον,
885 4322 915 4376 ὂ
944 4324 1079 4376 πᾶσι
1123 4323 1232 4383 τοῖς
1268 4319 1565 4395 συνοδικοῖς
1594 4318 1696 4379 ,καὶ
1729 4319 1810 4373 ol-

218 4417 577 4486 κουμενικοῖς
611 4414 960 4485 ψηφίσμασιν
990 4410 1200 4481 ἄμαχον
1233 4408 1345 4479 ἔχει
1374 4407 1473 4478 τὴν
1508 4408 1682 4477 ίσχὺν,
1717 4405 1809 4460 νόο

216 4508 346 4570 θοις
382 4506 678 4577 λογισμοῖς,
709 4507 804 4558 καὶ
829 4503 1279 4574 παρεγγράπτοις
1311 4500 1511 4568 λόγοις,
1540 4500 1635 4553 κοιλ⁹
1676 4498 1810 4570 θρά-

1893 636 2090 689 multas
2143 635 2262 689 sine
2312 635 2428 689 viro
2481 634 2737 689 mulieres
2765 632 3097 700 etl'ecerunt,
3142 645 3197 690 et
3219 636 3477 692 mulieres

1890 742 2089 797 pueros
2140 726 2456 790 educantes,
2515 718 2749 796 Quorum
2813 742 2972 781 nemo
3020 737 3225 796 patrem
3279 728 3471 793 novit,

1890 835 2071 884 veros,
2132 820 2209 875 uti
2269 820 2539 883 dixeram,
2598 820 2909 875 sacerdotes
2966 820 3058 875 Dei
3083 821 3388 876 abominari
3418 830 3475 876 et

1891 912 2131 966 aversari
2182 911 2507 976 docuerunt,
2564 912 2774 967 semina
2838 911 3148 968 Manichaee
3211 912 3476 983 agricola-

1894 1003 2057 1058 tionis
2092 1003 2234 1071 apud
2256 1003 2374 1059 illos
2396 1010 2659 1068 serentes,
2688 1013 2743 1058 et
2778 1004 2986 1060 animas
3020 1015 3133 1059 tum
3159 1007 3472 1074 nuperrime

1893 1107 2079 1148 semen
2118 1093 2333 1163 pietatis
2384 1092 2632 1164 proferre
2662 1094 2982 1164 incipientes
3025 1097 3478 1166 superseininatis

1894 1185 2123 1243 zizaniis
2156 1185 2295 1241 male
2325 1187 2631 1255 perdentes.
2655 1184 2759 1241 Sed
2788 1196 2842 1241 et
2887 1187 3183 1242 chrismate
3230 1191 3480 1245 inunetos

1892 1294 1991 1351 per
2051 1279 2404 1346 sacerdOtes,
2465 1280 2648 1335 denuo
2701 1280 2999 1335 chrismate
3059 1282 3324 1350 inungere
3367 1297 3478 1337 non

1895 1373 2153 1441 horrent,
2180 1388 2303 1428 cum
2336 1387 2396 1428 se
2451 1372 2737 1443 episcopos
2778 1374 3114 1442 praedicant;
3146 1379 3202 1427 et
3254 1374 3481 1443 presby-

1896 1474 2137 1521 terorum
2166 1465 2409 1521 chrisma
2445 1466 2638 1521 inutile
2667 1466 2948 1537 quiddam,
2978 1475 3031 1522 et
3051 1466 3249 1521 frustra
3279 1466 3482 1523 factum
3590 1528 3599 1539 κ

1894 1558 2408 1613 comminiscuntur.
2466 1558 2628 1614 Estne
2683 1560 2830 1629 quis,
2863 1559 2953 1629 qui
2997 1559 3157 1615 talem
3209 1561 3482 1615 insaniam

1896 1647 2190 1718 aliquando
2218 1648 2444 1703 auribus
2473 1649 2676 1715 audiit,
2707 1664 2871 1720 quam
2905 1665 3011 1705 non
3037 1650 3370 1705 cohort-uere
3403 1650 3486 1704 in-

1898 1740 2172 1796 sanientes
2204 1740 2294 1796 isti
2317 1739 2603 1795 factitare?
2636 1750 2696 1795 nt
2723 1743 2890 1798 semel
2918 1752 3196 1812 unguento
3214 1744 3484 1800 delibutus

1899 1846 2094 1888 rursus
2146 1832 2489 1903 inungercnt,
2542 1842 2596 1888 et
2630 1843 2859 1906 augusta
2892 1836 3004 1901 illa,
3031 1836 3324 1907 divinaque
3365 1838 3481 1910 my-

1897 1924 2063 1979 steria
2091 1924 2146 1978 in
2176 1926 2315 1980 bene
2346 1926 2535 1995 longas
2569 1941 2742 1996 nugas
2773 1935 2827 1982 et
2856 1926 3028 1982 risum
3075 1927 3486 1999 lubentiamque

1896 2030 2156 2070 conversa
2188 2017 2605 2086 prostituerent.
2638 2016 2741 2072 Sed
2779 2017 2901 2074 vide
2929 2027 2984 2073 et
3006 2020 3476 2076 sanctiﬁcatorum

1897 2105 2195 2161 fallacias:
2234 2103 2356 2160 Non
2407 2106 2555 2171 licet,
2608 2105 2883 2176 inquiunt,
2940 2109 3335 2176 sacerdotibus,
3386 2113 3478 2179 qui

1898 2192 1967 2249 ad
2019 2195 2405 2264 perfectionem
2453 2197 2974 2264 deducuntur,‘eos
3034 2200 3157 2255 oleo
3204 2202 3487 2271 inungere.

1901 2283 2016 2340 Ho‘c
2037 2286 2183 2340 enim
2212 2287 2346 2342 solis
2373 2286 2491 2359 lege
2511 2301 2835 2343 concessum
2855 2298 2939 2344 est
2966 2289 3260 2360 episcOpis.
3292 2291 3491 2347 Verum

1902 2377 2046 2433 unde
2097 2378 2190 2434 illa
2216 2379 2343 2434 lex?
2382 2381 2507 2450 quis
2558 2381 2879 2452 legislator?
2915 2384 3040 2454 quis
3094 2385 3490 2452 apostolorum,

1901 2469 2028 2541 quis
2046 2485 2110 2526 ex
2131 2470 2405 2539 Patribus,
2423 2474 2507 2528 vel
2544 2488 2576 2530 ο
2614 2474 2836 2546 synodis
2870 2476 3095 2546 aliqua?
3117 2475 3216 2533 Ubi
3248 2479 3492 2547 gentium

1903 2560 2016 2626 illa,
2075 2563 2159 2617 vel
2214 2558 2434 2633 quando
2464 2575 2673 2632 coacta,
2700 2580 3009 2635 querumve
3046 2567 3184 2622 votis
3210 2570 3420 2623 sancita
3439 2579 3494 2625 et

1905 2652 2222 2724 suﬁ‘t'agiis?
2264 2654 2377 2710 Non
2413 2655 2537 2711 licet
2588 2657 2861 2713 sacerdoti
2892 2672 2987 2715 eos
3010 2660 3104 2730 qui
3146 2661 3495 2731 baptizantur

1905 2744 2026 2799 oleo
2068 2746 2307 2815 signare.
2352 2744 2495 2816 Ergo
2523 2762 2623 2802 nec
2649 2748 2949 2818 baptizare,
2994 2766 3096 2807 nec
3141 2754 3489 2810 sacriﬁcare:

1906 2837 2096 2906 sicque
2159 2837 2227 2892 de
2254 2838 2430 2893 media
2475 2839 2559 2895 sui
2591 2848 2744 2907 parte
2782 2841 3060 2906 sacerdos,
3086 2846 3341 2900 sacerdos
3382 2861 3492 2901 non

1906 2926 2178 2998 perfectus
2238 2929 2294 2982 in
2344 2936 2546 2985 sortem
2574 2929 2732 2985 abeat
2783 2931 3009 2988 abaetus
3036 2934 3341 3002 profanam.
3388 2935 3494 3002 Qui

1909 3034 2109 3093 corpus
2144 3021 2485 3083 Dominicum
2512 3032 2823 3092 consecrat,
2852 3033 2905 3079 et
2925 3024 3129 3081 Christi
3149 3028 3495 3097 sanguinem,

1910 3122 1966 3169 et
2036 3131 2132 3186 per
2180 3116 2272 3170 illa
2324 3131 2420 3170 eos
2441 3117 2767 3183 sanctiﬁcat,
2826 3119 2920 3189 qui
2976 3120 3151 3177 sacris
3185 3131 3341 3176 erant
3366 3108 3496 3179 olim

1919 3207 2138 3273 initiati,
2203 3210 2345 3264 unde
2384 3210 2509 3273 erit,
2574 3220 2633 3265 ut
2680 3226 2788 3265 non
2835 3210 2974 3267 idem
3019 3214 3322 3270 sanetiﬁcet
3378 3216 3499 3271 oleo
3540 3260 3545 3265 .

1922 3315 2149 3370 ungens,
2183 3302 2274 3371 qui
2304 3301 2370 3357 ad
2394 3301 2779 3372 perfectionem
2816 3304 3082 3359 tendunt?
3112 3305 3355 3376 Baptizat
3403 3323 3497 3363 sa-

1911 3392 2125 3457 cerdos,
2185 3394 2387 3447 donum
2442 3394 2802 3463 expiatorium
2847 3393 2903 3450 in
2934 3396 3203 3465 baptizatu
3241 3397 3497 3467 perﬁcit:
3596 3400 3600 3405 ’

1912 3501 2018 3557 qua
2054 3486 2261 3542 ratione
2314 3488 2562 3559 privabis
2600 3488 2751 3544 illum
2776 3488 3024 3559 custodia
3045 3499 3100 3545 et
3144 3491 3318 3562 sigillo
3353 3493 3501 3550 illius

1912 3583 2329 3655 puriﬁcationis,
2362 3585 2521 3655 cujus
2545 3585 2664 3654 ipse
2689 3593 2773 3640 est
2803 3588 3262 3642 consummator?
3295 3586 3497 3645 Verum

1910 3676 2093 3732 aufers
2123 3676 2380 3746 sigillum,
2404 3691 2508 3731 nec
2529 3676 2673 3732 dono
2691 3686 2878 3748 patere
2908 3680 3131 3746 servire,
3157 3696 3257 3737 nec
3281 3682 3497 3753 aliquos

1911 3781 2008 3838 per
2058 3766 2189 3822 illud
2248 3779 2670 3832 consummare;
2735 3775 2794 3821 ut
2823 3768 2972 3822 nudo
3011 3778 3222 3825 tantum
3276 3775 3498 3829 nomine

1914 3871 2040 3915 tuus
2089 3856 2379 3931 insignitus
2436 3857 2714 3925 sacerdos,
2749 3865 2800 3913 te
2853 3859 3072 3930 quidem
3090 3876 3214 3917 cum
3259 3862 3377 3933 ipso
3404 3880 3498 3921 so-

1910 3949 2126 4007 cietatis
2180 3959 2235 4004 et
2290 3950 2648 4007 cborostasim
2708 3951 3054 4023 coryphaeum
3115 3953 3371 4020 declaret,
3441 3966 3498 4012 et

1909 4042 2244 4112 episcopum.
2295 4039 2586 4097 Enimvero
2625 4057 2736 4097 non
2798 4042 2853 4096 in
2907 4043 3029 4099 lstis
3057 4050 3268 4101 tantum
3305 4058 3495 4105 contra

1910 4133 2057 4205 leges
2089 4148 2316 4205 peccare
2345 4143 2472 4190 sunt
2495 4134 2728 4202 inducti,
2767 4138 2861 4191 sed
2888 4135 2943 4192 in
2993 4137 3165 4208 ipsam
3204 4139 3497 4209 impietatis

1913 4228 2257 4297 coronidem,
2303 4227 2350 4283 si
2397 4242 2519 4298 qua:
2570 4227 2680 4283 ulla
2728 4236 2833 4305 est,
2883 4228 3235 4285 devenerunt.
3289 4231 3497 4288 Praeter
3561 4298 3569 4314 ι

1913 4321 2059 4378 enim
2103 4330 2426 4374 memoratas
2456 4318 2842 4384 absurditates,
2897 4331 3309 4378 sacrosanctum
3340 4322 3498 4396 Sym-

1915 4413 2126 4479 bolum,
2180 4412 2327 4483 qu'od
2361 4412 2430 4467 ab
2464 4411 2719 4467 omnibus
2750 4396 3213 4467 tecumenicorum
3238 4415 3498 4471 concilio-

1915 4521 2038 4562 rum
2088 4505 2311 4561 calculis
2340 4503 2715 4571 conﬁrmatur,
2741 4511 2794 4559 et
2818 4504 2923 4559 vim
2969 4504 3174 4561 obtinet
3209 4507 3493 4577 invictam,

214 4616 363 4661 σους
392 4598 662 4670 ὑπερϐολῇ
698 4598 1036 4667 κιϐδηλεύειν
1067 4597 1454 4667 ἐπεχείρησαν,
1485 4593 1531 4648 ὢ
1557 4593 1663 4648 τῶν
1713 4592 1801 4647 τοῦ

1913 4594 2199 4651 sententiis
2246 4594 2486 4665 spuriis,
2536 4592 2719 4649 verbis
2761 4593 3043 4661 ascititiis,
3105 4588 3229 4666 quae
3279 4612 3491 4652 summa

214 4688 475 4760 πονηροῦ
506 4690 918 4759 μηχανημάτων
943 4686 957 4740 l
990 4685 1051 4739 τὸ
1077 4686 1301 4756 Πνεῦμα
1347 4687 1409 4739 τὸ
1434 4688 1591 4753 ἀγιον
1617 4684 1717 4739 οὐκ
1745 4686 1810 4740 ὲκ

216 4778 328 4834 τοῦ
358 4778 570 4848 Πατρὸς
619 4780 806 4850 μόνου,
831 4776 968 4839 ἀλλά
1002 4777 1094 4829 καὶ⁵
1131 4777 1196 4828 ὲκ
1221 4776 1315 4829 τοῦ
1346 4775 1478 4830 Υίοῦ
1511 4774 1811 4847 ὲκπορεύε-

218 4872 363 4927 σθαι
392 4871 904 4942 καινολογήσαντες.
942 4867 1039 4931 Τίς
1070 4884 1199 4920 ποτε
1239 4867 1494 4939 τοιαύτην
1522 4870 1671 4940 παρά
1699 4868 1810 4923 τῶν

214 4963 456 5018 πώποτε
483 4965 871 5032 ἀσεϐησάντων
894 4959 1078 5031 φωνὴν
1100 4959 1301 5030 ἢκουσε
1325 4960 1623 5028 ραγείσαν;
1652 4962 1810 5024 ﬂcio;

215 5056 450 5120 σκολιὸς
502 5055 628 5126 ϐφις
655 5056 736 5118 είς
778 5054 880 5117 τὰς
931 5054 1156 5115 ἐκείνων
1189 5049 1415 5128 καρδίας
1457 5050 1618 5104 τοῦτο
1646 5051 1812 5122 ἡρεύο

216 5150 399 5215 Eata;
423 5148 518 5212 Τίς
539 5149 677 5211 ὅλως
700 5149 990 5217 ἀνάσχοιτο
1017 5144 1124 5198 τῶν
1145 5145 1203 5197 ὲν
1228 5144 1575 5214 Χριστιανοῖς
1595 5136 1811 5209 τελούνὲ

212 5258 338 5295 των
374 5242 465 5293 ἐπὶ
490 5243 589 5310 τῆς
612 5239 778 5308 ἀγίας
801 5235 1059 5309 Τριάδος,
1089 5234 1183 5289 δύο
1208 5234 1450 5302 εἰσάγειν
1478 5233 1649 5299 αίτια,
1678 5232 1809 5297 Υίοῦ

214 5331 335 5403 μὲν
369 5332 465 5384 καὶ
515 5331 830 5401 Πνεύματος
872 5330 964 5382 τὸν
995 5326 1258 5397 ¹Πατέρα,
1284 5323 1379 5391 τοῦ
1407 5325 1462 5379 δὲ
1492 5325 1812 5396 Ηνεύματος

215 5422 395 5479 πάλιν
418 5423 509 5475 τὸν
538 5421 691 5488 Υἰὸν,
721 5423 817 5474 καὶ
848 5422 929 5484 εἰς
948 5418 1155 5474 διθεῖαν
1185 5418 1283 5488 τὴν
1308 5416 1610 5489 μοναρχίαν
1639 5416 1808 5481 λύειν,

214 5517 329 5570 καὶ
362 5514 532 5585 μηδὲν
557 5509 722 5589 ἦττον
754 5514 851 5582 τῆς
886 5510 1202 5582 Ἑλληνικῆς
1233 5509 1556 5589 μυθολογίας
1576 5509 1675 5580 τὴν
1701 5507 1812 5561 τῶν

213 5610 575 5680 Χριστιανῶν
641 5608 970 5678 σπαράττειν
994 5590 1307 5679 θεολογίαν,
1334 5606 1439 5667 ⁴καὶ
1479 5602 1581 5672 τῆς
1643 5602 1811 5671 ὑπερ-

207 5704 414 5759 ουσίου
486 5704 580 5755 καὶ
652 5699 990 5777 μοναρχικῆς
1070 5697 1293 5769 Τριᾴδος
1378 5695 1680 5766 ἐξυϐρίζειν
1750 5694 1810 5747 τὸ

206 5795 450 5865 ἀξίωμα
477 5809 491 5858 ;
530 5812 549 5845 ι

516 5986 786 6049 Ριτιιοι..
821 5985 933 6048 Gn.
973 5984 1169 6049 CXLI.

1870 4681 2016 4742 ‘fuit
2064 4685 2309 4755 ipsorum
2366 4684 2619 4751 audacia,
2679 4684 2862 4740 conati
2917 4694 3045 4741 sunt
3096 4687 3493 4747 adulterare.0

1912 4778 2350 4833 machinationes
2380 4776 2712 4833 diabolicas!
2745 4777 3007 4847 bpiritum
3067 4789 3317 4836 sanctum
3351 4797 3494 4842 novo

1911 4871 2147 4941 quodam
2198 4871 2363 4924 modo
2417 4884 2524 4924 non
2582 4884 2647 4924 ex
2678 4862 2795 4923 solo
2852 4867 3052 4937 Patre,
3083 4873 3176 4928 sed
3235 4876 3397 4930 etiam
3425 4891 3494 4931 ex

1910 4960 2050 5022 Filio
2091 4962 2389 5033 procedere
2443 4962 2738 5017 commenti
2769 4963 2935 5017 sunt!
2969 4961 3105 5041 Quis
3135 4981 3374 5041 unquam
3414 4977 3498 5023 ta.

1911 5054 2018 5108 lem
2047 5054 2117 5109 ab
2145 5054 2327 5125 impiis
2364 5054 2507 5124 apud
2537 5055 2799 5110 saeculum
2827 5034 2983 5124 prius
3020 5072 3201 5115 vocem
3227 5034 3493 5128 prolatam

1912 5145 2133 5201 audiit!
2180 5144 2314 5212 Quis
2366 5145 2632 5209 distortus
2681 5148 2875 5218 anguis
2929 5148 2983 5203 in
3035 5148 3290 5219 ipsorum.
3329 5151 3494 5206 corda

1914 5239 2018 5293 hoc
2036 5222 2355 5305 seruet-aviti
2382 5236 2521 5313 Quis
2545 5239 2714 5294 cultui
2736 5234 2983 5297 initiatus
3012 5232 3322 5296 Christiano
3348 5242 3493 5297 ferre
3601 5227 3614 5236 ’

1910 5340 2095 5402 queat,
2126 5330 2396 5401 duplicem
2448 5332 2503 5386 in
2532 5329 2727 5387 Triade
2754 5347 2977 5413 causam
3006 5334 3128 5408 dari
3172 5352 3188 5389 :
3222 5332 3343 5389 Filii
3371 5337 3495 5405 qui-

1912 5422 2055 5487 dem,
2086 5430 2142 5477 et
2186 5421 2425 5492 Spiritus
2453 5420 2693 5490 Patrem,
2725 5422 2965 5495 Spiritus
2997 5439 3216 5480 rursum
3268 5414 3487 5493 Filium,

1910 5522 1967 5581 et
2020 5513 2399 5570 monarcbiam
2456 5514 2511 5586 in
2568 5515 2838 5585 duplicem
2869 5515 3125 5589 deitatem
3158 5517 3410 5593 solvere,
3435 5526 3491 5572 et

1915 5621 2020 5663 non
2052 5606 2236 5662 minus
2266 5622 2429 5676 quam
2463 5607 2781 5678 gentilitiam
2804 5607 3188 5679 mythologiam
3214 5606 3490 5663 Christia-

1913 5710 2106 5769 norum
2148 5682 2476 5766 theologiam
2506 5687 3040 5767 discerpere,'atque
3094 5697 3164 5752 ita
3199 5697 3488 5756 Trini.alis

1912 5788 2450 5857 supersubstantialis
2499 5797 2554 5864 et
2622 5778 2952 5844 nionarcbiai
2996 5787 3349 5860 dignitatem,
3393 5790 3488 5859 per

1912 5884 2297 5940 contumeliam
2316 5878 2675 5937 imminuere?
2708 5896 2729 5930 ι

3073 5938 3185 6041 θα
