3962 6442
778 344 841 351 ὀν-κ

206 397 308 464 nil

1268 402 1366 467 DE
1407 400 1724 470 UNIONE.
1751 400 2316 467 ECCLESIARUM.

3381 398 3484 460 942

210 516 338 589 σϐη,
375 515 492 570 ἀλλ’
528 515 720 572 ἑαυτὸν
758 516 1002 582 κενώσας
1034 517 1129 573 καὶ
1163 519 1325 591 μέχρι
1351 518 1537 571 δούλου
1569 517 1787 588 μορφῆς

1909 517 2052 573 .>ater
2093 527 2303 585 noster,
2336 531 2445 574 non
2477 517 2567 583 iis,
2605 516 2658 572 in
2683 515 2883 588 quibus
2937 531 3039 573 sua
3063 514 3312 573 Ecclesia
3349 531 3485 588 pace

204 611 310 682 τὴν
354 609 584 663 κένωσιν
623 610 883 677 ὑποστὰς,
926 610 1062 683 πρὸς
1105 612 1295 665 ἑαυτὸν
1342 611 1561 664 εἵλκυσε
1601 610 1661 664 τὸ
1694 627 1790 662 πε-

208 701 559 774 πλανημένον
612 701 791 773 ἡμῶν,
840 702 933 757 καὶ
976 703 1411 775 ὴλλοτριωμένον
1438 701 1545 755 τῶν
1580 699 1794 770 ἀνθρώ·-

209 812 332 848 πων
358 795 513 864 γένος
535 809 549 822 ·
581 794 721 848 οὕτω
769 788 862 849 καὶ
890 795 918 847 6
955 794 1193 867 μιμητὴς
1224 794 1458 861 ἐκείνου,
1491 797 1518 849 6
1550 811 1793 864 πνευμα-

1893 618 1949 666 et
1997 611 2387 680 tranquillitate
2417 610 2725 677 fruebatur,
2776 620 3067 667 contentus
3097 610 3219 678 fuit,
3245 609 3339 666 sed
3392 625 3491 680 per

1894 717 2029 758 suos
2085 703 2440 759 honorandos
2511 704 2945 759 locumtenentes
3020 703 3326 769 excitatus,
3385 718 3490 758 nos

1895 808 2117 865 quoque
2144 794 2406 851 visitavit.
2444 812 2465 848 ι
2506 794 2570 849 Et
2595 805 2718 865 post
2745 810 2917 865 pauca
2943 794 3089 850 illius
3137 808 3490 866 congressus.

207 888 363 950 τικδς
394 886 554 957 ἡμῶν
584 885 787 956 πατὴρ,
813 887 912 957 οὐχ
935 882 1016 950 οἷς
1043 888 1077 957 ἡ
1108 888 1231 940 καθ’
1259 887 1451 939 ἑαυτὸν
1498 884 1794 955 Ἐκκλησία

1909 901 2019 942 :um
2060 888 2355 944 cardinalis
2401 887 2598 944 Petrus
2627 889 2681 943 in
2716 903 2872 944 saera
2907 888 2998 943 illa
3031 889 3488 959 congregatione,

207 981 273 1033 τὸ
305 980 582 1049 είρηναῖον
626 976 771 1049 εἶχεν
813 979 1128 1050 ἠσμένισεν,
1164 977 1301 1035 ἀλλὰ
1343 978 1431 1032 διὰ
1461 978 1570 1031 τῶν
1615 977 1796 1032 αὐτῶν

212 1071 413 1142 τιμίων
458 1071 850 1143 «τοποτηρητῶν
887 1071 1138 1141 διανέστη
1180 1073 1273 1125 καὶ
1304 1073 1454 1141 ἡμᾶς
1491 1069 1795 1139 ἐπισκέψα-

213 1165 365 1222 σθαι.
396 1182 414 1215 ι
454 1162 564 1216 Καὶ
594 1165 733 1232 μετά
754 1181 875 1216 τινα
896 1162 996 1232 τῆς
1021 1162 1259 1233 ὁμιλίας,
1283 1161 1358 1225 ὡς
1386 1163 1414 1214 6
1438 1160 1798 1232 καρδηνάλιος

211 1255 421 1325 Πέτρος
454 1256 512 1307 ἐν
554 1253 703 1325 μέσῳ
733 1252 825 1307 τοῦ
860 1251 1007 1324 ἱεροῦ
1053 1255 1263 1306 ἐκείνου
1312 1235 1573 1317 συλλόγου
1602 1251 1799 1320 ἐνεφά-

212 1362 331 1399 νισε
359 1346 429 1399 τὰ
477 1346 628 1414 παρὰ
670 1344 763 1398 τοῦ
806 1344 1112 1412 ἁγιωτάτου
1162 1344 1365 1399 πάππα
1412 1343 1661 1397 Ἰωάννου
1719 1341 1800 1413 τῷ

213 1438 409 1507 Φωτίῳ
443 1436 731 1503 σταλέντα,
757 1434 855 1506 τὴν
883 1435 1280 1507 ἀρχιερατικὴν
1312 1449 1453 1505 φημι
1484 1433 1700 1501 στολὴν,
1740 1432 1801 1486 τὸ

213 1529 525 1598 ὠμόφορον,
558 1527 619 1580 τὸ
667 1528 965 1597 στιχάριον,
1006 1526 1067 1579 τὸ
1108 1525 1390 1594 φελώνιον,
1422 1524 1518 1578 καὶ
1566 1523 1633 1577 τὰ
1673 1541 1802 1577 σαν-

216 1621 403 1689 δάλια,
446 1620 644 1681 Φώτιος
676 1616 799 1672 εἷπε
823 1635 837 1650 ο
875 1637 893 1670 ι
929 1619 1162 1690 Χριστὸς
1208 1619 1235 1671 ὁ
1279 1617 1409 1680 Θεὸς
1452 1616 1614 1687 ἡμῶν
1647 1618 1804 1686 νεφέ-

219 1714 346 1776 λαις
397 1712 487 1765 τὸν
539 1713 769 1782 οὐρανὸν
825 1698 1190 1783 περιϐάλλων,
1236 1711 1331 1765 καὶ
1368 1709 1467 1779 τὴν
1524 1709 1804 1782 ἡμετέραν

217 1807 384 1877 φύσιν
416 1805 796 1875 ἁναχωνεῦσαι
827 1804 924 1859 καὶ
967 1803 1207 1874 καθᾶραι
1260 1802 1672 1872 στολισάμενος,
1706 1801 1806 1856 αὐ-

1898 982 2021 1049 quae
2067 994 2098 1034 a
2143 979 2493 1035 sanctissimo
2542 978 2749 1034 Joanne
2797 995 3027 1035 munera
3083 977 3282 1035 Photio
3312 979 3496 1035 mitte.

1902 1070 2127 1138 bantur,
2187 1071 2551 1127 archieratica
2583 1085 2779 1141 nempe
2801 1070 3143 1134 indumenta.
3186 1070 3497 1140 homopho-

1899 1163 2068 1230 rium,
2097 1162 2445 1232 Sticharium,
2483 1163 2786 1233 paenulam,
2816 1172 2869 1217 et
2911 1161 3161 1218 sandalia
3214 1160 3498 1231 exposuis-

1902 1262 2013 1322 set,
2068 1254 2300 1312 Photius
2353 1257 2540 1313 dixit:
2583 1274 2604 1309 ι
2659 1253 2879 1311 Christe
2928 1256 3073 1310 Deus
3128 1262 3355 1320 noster,
3401 1252 3499 1324 qui

1903 1350 2102 1404 coelum
2138 1348 2379 1404 nubibus
2406 1347 2817 1415 circumvolvis,
2854 1355 2910 1404 et
2942 1356 3195 1402 naturam
3249 1353 3499 1401 nostram

1905 1440 1974 1496 ad
2027 1440 2469 1506 reconﬂandum’,
2513 1440 3043 1512 expurgandumque
3107 1436 3498 1508 assumpsisti,

1904 1542 1962 1589 tu
2026 1533 2185 1589 lratri
2237 1543 2292 1589 et
2322 1532 2724 1601 comministro,
2762 1543 2816 1587 et
2854 1530 3127 1603 spirituali
3197 1528 3348 1585 Patri
3403 1542 3503 1582 no-

1906 1635 2025 1683 stro
2083 1634 2257 1680 totam
2291 1625 2599 1683 custodiam
2627 1634 2682 1682 et
2729 1640 2983 1683 securam
3029 1624 3259 1680 salutem
3281 1619 3501 1687 exhibe,

1906 1729 1962 1775 et
2017 1718 2074 1774 in
2117 1719 2304 1774 futuro
2335 1720 2541 1775 sacculo
2589 1719 2821 1788 nuptiali
2854 1727 3005 1773 veste
3046 1716 3320 1779 indutum,
3357 1712 3506 1769 beati

1911 1812 2060 1868 illius
2108 1814 2335 1868 thalami
2368 1813 2591 1884 dignum
2623 1813 2868 1869 ostende.
2919 1830 2938 1864 ι
2972 1811 3036 1865 Et
3064 1810 3330 1881 pleraque
3373 1807 3505 1874 alia,

221 1899 315 1961 τὸς
340 1897 425 1950 τὸν
455 1896 707 1964 ἀδελψὲν,
735 1897 830 1949 καὶ
856 1894 1288 1964 συλλειτουργὺν,
1311 1895 1406 1948 καὶ
1433 1892 1803 1964 πνευματικὸν

1909 1923 2030 1963 cum
2073 1881 2451 1965 celebraretur
2492 1908 2585 1963 ill'a
2642 1909 2922 1979 synodus,
2984 1903 3347 1960 interlocutus
3398 1910 3504 1956 est.

220 1991 456 2060 πατέρα,
490 1992 585 2042 καὶ
611 1989 669 2042 ὲν
699 1988 777 2059 τῷ
803 1988 1033 2059 παρόντι
1064 1987 1162 2058 βίῳ
1192 1987 1437 2057 φρουρὰν
1484 1985 1681 2040 ἄσυλον
1706 1986 1802 2041 καὶ

1909 2000 2116 2067 Quibus
2139 2000 2401 2055 omnibus
2443 1999 2826 2064 conﬁrmatur,
2864 1996 3011 2067 quod
3051 1998 3230 2051 oratio
3282 1993 3508 2050 demon‘

214 2083 499 2155 σωτηρίαν
540 2081 760 2151 ἀσφαλῆ
801 2081 1067 2144 στολίσαι,
1099 2081 1201 2133 κάν
1247 2081 1324 2150 τῷ
1368 2079 1617 2151 μέλλοντι
1645 2079 1804 2132 αἰῶνι

1911 2098 2089 2147 strare
2139 2097 2529 2159 proposuerat,
2570 2088 2716 2144 dicta
2755 2102 2954 2157 nempe
3007 2087 3194 2141 omnia
3226 2084 3503 2155 iactaque,

212 2175 309 2228 τὸν
344 2173 616 2245 νυμφικὸν
664 2172 976 2244 περιϐαλὼν
1024 2171 1259 2244 χιτῶνα,
1301 2170 1453 2237 ἄξιον
1497 2173 1592 2223 τοῦ
1625 2186 1805 2240 μακα-

1914 2193 2038 2251 qua
2075 2181 2340 2237 adversus
2368 2182 2675 2237 Romanam
2698 2179 2998 2236 Ecclesiam
3042 2179 3270 2236 Photius
3320 2177 3512 2233 eﬂ‘udit

222 2270 344 2340 ρίου
378 2268 590 2321 ἐκείνου
623 2267 914 2338 νυμφῶνος
942 2265 1243 2328 ἀναδείξαι.
1286 2283 1305 2316 ι
1347 2262 1502 2317 Πόλλ’
1533 2263 1671 2317 ἄττα
1710 2262 1805 2316 καὶ

1913 2288 1976 2328 ac
2033 2273 2260 2327 molitus
2311 2282 2414 2339 est,
2445 2272 2816 2343 improbitatis
2851 2271 3020 2338 fetus,
3091 2281 3144 2327 et
3185 2271 3345 2327 malis
3376 2286 3511 2341 gau-

215 2363 382 2431 ’έτερα
417 2360 504 2413 διὰ
550 2360 719 2430 μέσου
764 2357 876 2411 τῶν
900 2358 1000 2426 τῆς
1050 2358 1274 2427 εἰρήνης
1306 2356 1525 2410 συνόδου
1574 2371 1805 2427 πρακτι-

1916 2346 2096 2418 dentis
2123 2362 2348 2417 abortus
2372 2361 2742 2419 fuisse.'Licet
2766 2363 2953 2432 itaque
2979 2362 3054 2417 nil
3074 2362 3214 2417 ultra
3232 2363 3508 2433 exigatur,

211 2455 332 2510 κῶν
390 2453 596 2516 Φώτιος
652 2454 895 2523 εἴρηκεν,
928 2450 986 2517 ἐξ
1036 2444 1112 2506 ὧν
1171 2450 1429 2503 ἁπάντων
1484 2446 1802 2500 συνίσταται

1909 2454 1976 2509 ad
2008 2453 2063 2508 id
2131 2452 2496 2522 probandum,
2529 2461 2789 2509 uttamen
2845 2454 3338 2509 abundantioribus
3378 2466 3508 2523 pro-

213 2549 358 2618 ὅπερ
383 2550 412 2601 6
449 2547 605 2616 λόγος
658 2544 941 2610 ἀποδεῖξαι
963 2544 1248 2615 προέθετο,
1279 2543 1417 2612 ὅπερ
1470 2542 1587 2595 ἐστὶ
1622 2541 1682 2595 τι
1728 2540 1799 2595 τὰ

1909 2545 2223 2600 bationihus
2252 2546 2470 2616 plenius
2504 2546 2882 2612 conﬁrmetur,
2906 2547 3054 2617 quod
3084 2546 3262 2602 oratio
3283 2545 3513 2601 demon-

215 2640 376 2710 παρὰ
401 2641 606 2693 Φωτίου
636 2637 935 2708 λαληθέντα
962 2653 1022 2691 τε
1055 2636 1149 2690 καὶ
1178 2634 1488 2706 πραχθέντα
1526 2633 1670 2687 κατὰ
1698 2632 1805 2702 τῆς

1909 2637 2195 2695 strandum
2270 2641 2327 2694 in
2383 2654 2444 2695 se
2495 2648 2848 2709 susceperat,
2919 2648 3030 2695 tres
3087 2653 3156 2694 ex
3220 2637 3510 2694 Photianis

232 2732 556 2801 Ῥωμαῖκῆς
594 2728 921 2799 Ἐκκλησίας
956 2727 1158 2793 κακίας
1192 2721 1335 2780 εἶναι
1369 2726 1686 2796 γεννήματα
1711 2724 1805 2778 καὶ

1909 2729 2167 2799 epistolas
2214 2729 2282 2785 ad
2337 2732 2605 2801 quosdam
2660 2747 2727 2787 eo
2780 2732 3046 2801 temporis
3081 2729 3507 2786 occidentalium

217 2827 567 2897 κακοχὰρτου
606 2828 827 2880 ὲκτόκια
858 2824 1056 2895 ἔριδος.
1090 2821 1208 2877 Κᾶν
1234 2821 1367 2890 γοῦν
1401 2822 1476 2892 μὴ
1503 2820 1601 2875 καὶ
1630 2818 1805 2872 πλείο-

1910 2821 2125 2876 aedium
2182 2819 2410 2879 Latinos
2478 2823 2765 2893 episcopos
2816 2823 2995 2891 datas,
3036 2831 3327 2894 postquam
3392 2822 3512 2891 ipse

214 2937 311 2984 νος
337 2921 446 2973 ἔδει
462 2920 606 2982 τινὸς
639 2920 717 2981 εἰς
745 2919 1094 2988 παράστασιν
1136 2916 1349 2978 τούτου,
1382 2913 1499 2968 ἁλλ’
1534 2912 1600 2966 ἵν’
1625 2912 1689 2965 ἐκ
1711 2928 1805 2964 πε-

1911 2913 2266 2984 patriarchali
2318 2915 2516 2970 throno
2566 2917 2855 2973 restitutus
2889 2924 2996 2985 est,
3047 2923 3108 2972 ut
3148 2916 3359 2987 iacent,
3394 2915 3511 2971 suis

197 3012 469 3082 ριουσίας
503 3012 615 3077 ἕξει
643 3011 700 3065 τὸ
724 3010 926 3081 κράτος
969 3011 998 3062 6
1029 3007 1192 3062 τοῦτο
1224 3006 1574 3076 παραστῆσαι
1617 3003 1805 3073 προθέ-

1914 3004 2097 3060 verbis
2136 3005 2228 3060 hic
2260 3005 2506 3083 digerere
2534 3009 2853 3064 statuimus.

216 3124 386 3179 μενος
435 3105 616 3172 λόγος,
649 3104 758 3157 καὶ⁶
790 3104 943 3173 τρεῖς
981 3101 1091 3155 τῶν
1121 3100 1216 3155 τοῦ
1267 3097 1473 3151 Φωτίου
1507 3094 1811 3150 ἐπιστολῶν
1851 3095 1993 3169 πρός
2051 3114 2205 3162 τινας
2232 3097 2342 3154 τῶν
2369 3100 2490 3154 κατ’
2520 3101 2699 3176 έκεῖνο
2759 3099 2955 3173 καιροῦ
2981 3090 3252 3172 καθέδρας
3283 3103 3511 3157 ἐπισκο-

214 3205 394 3276 πικῆς
422 3182 745 3274 ἠξιωμένων
787 3198 1079 3268 Ῥωμαίων
1122 3194 1486 3256 ἀπολυθείσας
1536 3194 1676 3264 μετὰ
1710 3192 1808 3263 τὴν
1847 3193 2016 3248 αὐτοῦ
2047 3196 2185 3266 πρὸς
2249 3197 2343 3250 τὸν
2378 3196 2781 3269 πατριαρχικὺν
2843 3196 3034 3269 θρόνον
3060 3198 3320 3253 ἐπάνοδον
3347 3199 3513 3255 αὐτο-

209 3297 364 3363 λεξεὶ
392 3292 847 3364 καταστρωθῆναι
873 3289 1107 3347 ἐνταῦθα
1133 3288 1461 3357 διέγνωμεν.

290 3438 361 3494 Ει
414 3449 539 3511 post
567 3440 828 3511 epistolas
857 3438 924 3494 ad
980 3436 1251 3494 Marinum
1291 3434 1688 3520 Castellannm,
1736 3431 2106 3490 Gauderieum
2155 3429 2516 3498 Veliternum,
2545 3438 2598 3486 et
2626 3429 2984 3486 Zacchariam
3012 3432 3364 3504 Anagntnum
3395 3435 3511 3507 epi-

211 3548 461 3606 scopos,
506 3550 647 3607 quos
692 3536 799 3593 sibi
855 3534 1154 3592 conciliare
1186 3571 1203 3600 ,
1266 3542 1322 3587 et
1370 3531 1429 3587 in
1473 3529 1776 3586 amicitiam
1815 3528 2068 3595 trahere,
2121 3535 2180 3583 et
2210 3525 2316 3583 sibi
2349 3525 2562 3581 amicos
2596 3526 2928 3581 conservare
2978 3523 3284 3592 incumbit,
3322 3527 3510 3584 subdit

214 3631 433 3689 Veccus
462 3647 477 3686 :

299 3789 546 3846 Τοιαῦτα
590 3790 770 3860 λέγων
818 3790 918 3844 καὶ
963 3791 1193 3861 γράφων
1237 3788 1557 3862 εὑρίσκεται
1609 3787 1805 3851 Φώτιος

1993 3784 2205 3840 Similia
2263 3793 2377 3840 tum
2419 3783 2488 3839 de
2527 3783 2644 3855 ipso
2693 3798 2925 3848 .oanne,
2948 3784 3044 3855 qui
3061 3799 3128 3840 eo
3147 3794 3391 3857 tempore
3408 3787 3515 3844 Ee-

216 3886 370 3958 μετὰ
402 3884 502 3951 τὰς
556 3884 791 3948 σπονδὰς
834 3884 931 3938 καὶ
976 3882 1325 3952 καταλλαγὰς
1370 3882 1512 3953 ὑπέρ
1541 3899 1599 3936 τε
1640 3879 1808 3937 αὐτοῦ

228 3978 487 4033 Ἰωάννου
539 3978 635 4030 τοῦ
685 3977 766 4040 εἰς
809 3973 1054 4047 κεφαλὴν
1111 3974 1505 4046 εὑρισκομένου
1556 3973 1677 4026 τότε
1711 3974 1811 4041 τῆς

214 4071 360 4143 πρὶν
386 4067 847 4139 δυσφημουμένης
872 4064 1007 4136 παρ’
1036 4064 1201 4119 αὐτοῦ
1237 4064 1553 4136 Ῥωμαῖκῆς
1589 4062 1815 4135 Ἐκκλη-

216 4163 372 4225 σῐας,
411 4160 575 4230 μέχρι
624 4159 720 4213 καὶ
751 4157 1010 4225 ἀσεϐείας
1041 4158 1235 4227 αὐτῆς,
1278 4157 1423 4229 ὑπέρ
1471 4174 1532 4209 τε
1578 4156 1689 4209 τῶν
1732 4157 1813 4219 εἰς

214 4251 369 4325 μέλη
413 4249 777 4321 λογιζομένων
818 4248 988 4320 αὐτῆς
1028 4249 1353 4317 ,ἐπισκόπων
1391 4247 1686 4319 Ῥωμαίων
1710 4261 1724 4276 ⁸
1752 4247 1811 4315 ἐξ

208 4339 300 4399 ὧν
339 4343 597 4397 ἁπάντων
637 4344 666 4396 6
704 4341 865 4412 λόγος
899 4341 960 4395 τὸ
1004 4341 1216 4405 ἐντελὲς
1244 4340 1339 4394 τοῦ
1380 4340 1584 4394 οἰκείου
1641 4341 1813 4409 ἐπαγ-

209 4435 501 4504 γέλματος
528 4431 894 4500 ἀποδέδωκεν,
924 4432 1062 4504 ὅπερ
1089 4428 1158 4505 ἦν
1187 4430 1251 4486 τὸ
1298 4431 1672 4502 παραστῆσαι,
1708 4446 1815 4501 μη-

204 4527 378 4600 δενὸς
411 4525 573 4581 ἄλλου
620 4526 837 4597 δεήσειν
867 4518 947 4596 τῷ
992 4525 1301 4597 εὐγνώμονι
1338 4525 1609 4595 ἀκροατῇ,
1643 4522 1677 4594 ἢ
1715 4523 1815 4593 μό-

208 4637 320 4691 νης
354 4619 599 4691 ἱστορίας
645 4619 728 4682 είς
775 4617 837 4671 τὸ
870 4616 1189 4687 διαγνῶναι,
1232 4617 1307 4682 ὡς
1357 4619 1537 4689 μάτην
1581 4618 1679 4670 καὶ
1728 4614 1816 4668 ἐπ’

207 4710 406 4766 οὐδενὶ
470 4711 678 4783 εὐλόγῳ
738 4710 796 4765 αἱ
857 4706 1184 4783 Ἐκκλησίαι
1248 4709 1508 4782 ἀλλήλαις
1558 4711 1819 4765 τοσοῦτον

206 4804 418 4877 χρόνον
441 4803 925 4859 ὲκπεπολέαωντο.

1919 3877 2100 3933 clesiae
2115 3877 2403 3943 Romanae,
2437 3877 2506 3932 ab
2526 3875 2718 3932 eodem
2742 3876 2960 3932 miseris
2979 3876 3157 3932 modis
3198 3876 3511 3943 diﬂ‘amatac,

1914 3964 1973 4023 et
2010 3966 2306 4037 impietatis
2363 3966 2528 4037 etiam
2583 3967 2816 4022 crimine
2869 3975 3075 4023 notatae
3133 3981 3298 4039 caput
3351 3961 3512 4037 erat,

1916 4071 2061 4117 tum‘
2091 4060 2160 4117 de
2208 4060 2484 4131 episcopis
2538 4059 2771 4128 Latinis,
2833 4060 2928 4130 qui
2973 4060 3220 4117 membra
3255 4062 3404 4118 illius
3431 4080 3516 4118 re-

1918 4154 2273 4227 putabantur,
2340 4152 2531 4208 dicens
2577 4161 2632 4207 et
2695 4152 2945 4208 scribens
3006 4160 3133 4222 post
3193 4150 3402 4209 hedera
3458 4165 3517 4210 et

1919 4247 2177 4303 inducias
2211 4245 2441 4303 Photius
2464 4245 2822 4316 compcritur.
2855 4245 3066 4313 Quibus
3091 4247 3347 4304 omnibus
3389 4263 3518 4304 ora-

1921 4338 2021 4405 tio,
2052 4339 2199 4410 quod
2235 4338 2587 4410 promiserat,
2614 4339 2822 4409 integre
2841 4339 3512 4410 absolutequepersolvit;

1916 4439 2237 4489 eratantem
2257 4430 2336 4496 id,
2367 4429 2600 4501 probare
2630 4428 2892 4497 auditori,
2928 4430 3093 4485 modo
3130 4445 3322 4501 aequus
3345 4442 3512 4496 esset,

1919 4524 2072 4579 nullo
2097 4521 2207 4578 alio
2234 4537 2374 4592 opus
2408 4536 2550 4584 esse,
2574 4534 2740 4591 quam
2778 4520 2894 4575 sola
2928 4520 3162 4576 historia
3191 4521 3259 4577 ad
3298 4513 3512 4577 discet-5-

1921 4616 2190 4680 nendum,
2236 4614 2409 4686 gratis
2449 4624 2504 4670 et
2556 4615 2765 4684 absque
2803 4613 2914 4668 ulla
2957 4627 3149 4680 causa,
3180 4619 3314 4684 quae
3345 4613 3513 4669 ratio;

1920 4709 1976 4764 ni
2034 4718 2410 4764 consentanea
2464 4705 2649 4775 fuerit,
2707 4705 2984 4763 Ecclesias
3060 4705 3201 4761 inter
3233 4693 3374 4763 sese?
3416 4722 3513 4777 per

1921 4807 2004 4855 tot
2078 4814 2255 4857 annos
2331 4799 2639 4860 simultates
2712 4808 2881 4871 atque
2950 4786 3271 4874 inimicitias
3349 4806 3514 4855 exer-

1922 4908 2124 4952 coisse.
