3962 6432
559 386 669 448 ω

1595 384 1809 445 JOAN.
1851 383 2066 445 \‘ECCI
2104 384 2221 446 cr.
2265 385 2769 447 mmineris
3244 353 3252 362 ’
3641 401 3720 463 ut

2806 547 3709 577 ...η-..Μ

1449 707 2267 865 JOANNI-S
2364 714 2921 871 VECCI

1873 976 1984 1036 (ΞΡ.
2024 976 2494 1036 PATRIARCHE

1050 1157 1275 1272 ΕΡῙ
1309 1153 1765 1272 STOLA
1841 1157 2028 1269 AD
2101 1155 2767 1272 JOANNEM
2847 1156 3314 1280 PAPAM

1311 1372 1467 1442 Cum
1507 1376 1911 1455 professione
1960 1375 2106 1485 ﬁdei
2144 1381 2206 1439 et
2249 1376 2689 1457 recognitione
2735 1381 3061 1462 primatus.

1715 1547 1884 1609 (Apud
1910 1545 2087 1607 mansi,
2109 1544 2297 1596 Concil.
2324 1552 2447 1596 tom.
2483 1547 2676 1607 XXIV.)

627 1819 1073 1877 Sanctissimoet
1103 1817 1429 1873 beat’ssmo
1466 1826 1689 1870 summo
1722 1812 1967 1884 pontiﬁci
2008 1824 2140 1882 apo-
2169 1820 2212 1874 Α
2313 1816 2378 1871 Et
2410 1816 2685 1887 quomodo
2725 1767 2943 1888 quidem
2966 1826 3168 1889 potens
3204 1832 3262 1878 et
3310 1836 3521 1880 SBTICtus
3549 1823 3744 1880 madent.

555 1915 768 1970 stolicte
836 1912 985 1969 sedis
1010 1914 1212 1966 veteris
1244 1906 1463 1971 Rome,
1523 1914 1577 1960 et
1611 1904 1901 1979 universali
1959 1918 2133 1973 papae,

548 2007 783 2062 domino
814 2002 1031 2060 Joanni.
1070 2000 1310 2055 Joannes
1359 1997 1712 2053 miseratione
1743 1997 1926 2049 divina
1958 1995 2137 2065 patri-

553 2098 719 2152 archa
744 2092 1382 2160 Canstantinopnlitanus
1408 2090 1596 2144 Romae
1623 2102 1797 2152 novae,
1831 2100 1955 2142 cum
1989 2089 2136 2141 omni

562 2199 747 2243 nostra
803 2193 1154 2239 sacrosancta
1217 2181 1427 2251 synodo
1481 2179 1717 2234 dehitam
1773 2179 2135 2232 reverentiam

562 2288 763 2333 nostra:
795 2274 1144 2345 ohidientitn,
1196 2287 1269 2327 ac
1296 2270 1712 2326 inclinationem
1735 2277 1796 2322 et
1823 2269 2133 2323 orationum

553 2369 1008 2441 postulationem.

626 2459 884 2527 Principii
910 2458 1037 2513 boni
1069 2456 1335 2526 optimum
1360 2470 1484 2510 esse
1508 2454 1692 2517 finem,
1724 2453 1984 2508 omnibus
2013 2452 2138 2506 abs-

556 2569 663 2623 que
717 2551 885 2605 dubio
912 2549 1057 2602 clare
1082 2556 1256 2617 patet.
1309 2547 1375 2601 Et
1398 2561 1569 2616 quare
1606 2562 1738 2611 non,
1763 2561 1885 2599 cum
1918 2560 1937 2596 ί
1975 2555 2139 2597 omne

551 2648 756 2700 donum
794 2642 1090 2713 perfectum
1123 2641 1410 2695 desursum
1434 2639 1523 2701 sit,
1554 2638 1894 2693 descendens
1919 2650 1948 2689 a
1982 2633 2139 2688 Patre

560 2733 829 2786 luminum
862 2728 920 2783 ’Ἰ
956 2728 1074 2782 Hoc
1123 2728 1269 2781 enim
1327 2741 1613 2791 concesso,
1668 2740 2012 2794 consequens
2055 2731 2141 2778 est

554 2824 703 2878 credi
745 2837 909 2876 onme
950 2820 1275 2888 principium
1309 2817 1684 2887 cujuscunque
1709 2815 1787 2870 rei
1817 2815 2022 2884 optime
2057 2814 2141 2867 iu-

549 2917 771 2969 dicatu:
804 2927 835 2967 e
875 2913 1063 2967 divino
1095 2911 1331 2979 pendere
1378 2908 1634 2972 consilio,
1685 2918 1738 2963 et
1776 2917 1994 2977 propter
2036 2905 2142 2962 hoc

552 3006 866 3062 necessario
895 3006 1000 3058 tale
1036 3003 1368 3072 principium
1403 3002 1456 3055 in
1514 3001 1676 3071 linem
1722 3002 1972 3055 desinere
2019 3000 2140 3070 glo-

550 3100 779 3155 riosum.
834 3095 988 3163 Quod
1029 3096 1174 3149 enim
1231 3110 1261 3149 a
1300 3094 1408 3149 Deo
1458 3094 1594 3149 bene
1649 3093 1965 3147 inchoatum
2033 3103 2137 3161 est,

2240 1919 2329 1962 tor
2357 1919 2545 1963 noster
2583 1904 2685 1980 (5),
2717 1924 2838 1965 cum
2877 1911 3139 1967 divinitus
3188 1916 3483 1985 genuinam
3532 1931 3662 1970 ramo
3691 1916 3745 1987 (tl)

2239 1997 2463 2063 radicis,
2505 2014 2686 2063 sacro,
2712 2000 2953 2068 potenti,
3012 2010 3067 2055 et
3107 2014 3299 2058 sancto
3328 2013 3508 2059 nostro
3552 2008 3744 2059 modera-

2237 2099 2373 2151 torc.
2407 2091 2876 2146 confirmationem
2931 2094 3320 2151 ecclesiasticae
3355 2098 3560 2152 uninnis
3605 2098 3648 2151 in
3674 2098 3746 2152 title

2237 2180 2474 2249 perfecta
2506 2190 2559 2235 ei
2612 2181 2858 2251 diligenti
2919 2185 3248 2239 certitudine
3300 2186 3552 2245 fecerunt.
3601 2187 3745 2254 peterit

2238 2284 2466 2324 noscere
2514 2270 2752 2323 tnaxima
2801 2271 3064 2326 sanctitas
3106 2282 3287 2327 vestra
3322 2283 3375 2327 et
3405 2276 3468 2327 ab
3500 2274 3635 2342 ipsis,
3664 2284 3744 2344 qu

2238 2361 2302 2414 ad
2339 2360 2512 2430 ipsam
2552 2362 2863 2429 mittuntur,
2898 2364 3099 2420 litteris
3136 2367 3404 2435 potentiae
3449 2380 3573 2429 sum,
3629 2373 3671 2417 et
3706 2362 3750 2415 ab

2238 2452 2608 2507 instrumento
2638 2457 3076 2523 juramentorum
3113 2456 3386 2512 factorum
3420 2471 3511 2527 per
3539 2457 3680 2524 ipsos,
3716 2460 3751 2506 et

2238 2543 2306 2597 ab
2334 2545 2422 2608 iis,
2460 2560 2583 2612 quae
2614 2546 2929 2614 apostolicae
2970 2550 3115 2604 sedis
3149 2549 3324 2604 nuntii
3357 2564 3450 2604 ore
3482 2560 3624 2602 tenus
3652 2546 3751 2598 divi-

2239 2635 2323 2688 nis
2356 2635 2583 2691 auribus
2626 2647 2819 2691 vestra!
2878 2639 3246 2695 insonuerunt
3290 2640 3599 2696 sanctitatis.
3642 2636 3751 2702 Quo.

2240 2729 2401 2782 modo
2428 2745 2647 2799 quoque
2666 2747 2776 2786 nos
2807 2735 2976 2787 robur
3000 2747 3351 2804 praestamus,
3383 2750 3435 2790 et
3461 2737 3604 2788 linem
3628 2745 3751 2799 appo-

2241 2819 2422 2875 ninius
2457 2821 2702 2890 glorioso
2764 2825 3034 2896 principio
3090 2828 3406 2896 hujusntodi
3443 2829 3610 2895 cperis
3639 2821 3754 2875 utric-

2241 2912 2351 2977 nis,
2384 2913 2583 2982 poterit
2614 2915 2760 2969 scire
2793 2924 2971 2970 vestra
3003 2932 3033 2970 a
3064 2917 3178 2973 Deo
3216 2919 3496 2989 niagnilica
3526 2913 3751 2973 sanctitas,

2241 3010 2296 3056 et
2358 3017 2389 3056 a
2420 3003 2700 3058 volumine
2752 3006 3077 3073 synodicali,
3132 3009 3281 3078 quod
3335 3008 3433 3063 sibi
3481 3003 3754 3060 ostendetur,

2244 3094 2389 3164 quod
2423 3094 2704 3148 humilitas
2736 3104 2920 3149 nostra
2949 3112 3071 3149 cum
3118 3106 3236 3152 toto
3267 3092 3425 3151 sacro
3466 3096 3619 3165 ipsius
3660 3103 3755 3143 ευιιο

551 3191 828 3263 quomodo
877 3204 985 3243 non
1020 3188 1224 3257 optime
1259 3187 1643 3241 terminabitur
1675 3186 1973 3239 auxiliante
2005 3184 2139 3242 Deo.
2172 3169 2219 3232 Β
2249 3196 2413 3239 ventu
2453 3185 2689 3238 firmavit
2733 3193 2787 3239 et
2834 3187 3119 3241 roborarit
3170 3185 3649 3256 conscriptionibus
3677 3190 3759 3231 In?

544 3282 720 3354 quale
774 3281 907 3350 quid
978 3280 1180 3333 factum
1239 3287 1341 3340 est,
1392 3286 1444 3330 et
1470 3291 1637 3345 super
1690 3276 1780 3342 iis,
1824 3277 1891 3329 de
1934 3275 2136 3344 quibus

540 3392 700 3429 sitim:
729 3372 1071 3445 propositum
1101 3381 1186 3425 est
1226 3371 1383 3422 nobis
1409 3370 1613 3431 dicere,
1648 3383 1679 3420 ο
1702 3368 1944 3422 divinum
1971 3376 2024 3421 et
2053 3382 2139 3421 sa-

538 3481 707 3521 »crum
747 3463 950 3534 caput?
986 3461 1121 3516 Nam
1150 3462 1520 3517 ecclesiastica
1552 3461 1751 3515 unione
1787 3461 2016 3516 feliciter
2055 3462 2138 3513 in-

534 3570 707 3630 cepta
755 3567 999 3626 tempore
1056 3556 1232 3611 felicis
1295 3558 1575 3611 memoria:
1634 3557 1933 3612 beatissimi
1988 3557 2136 3613 illius

543 3652 659 3705 Iviri
694 3651 760 3719 (si
787 3661 966 3704 tamen
994 3650 1193 3712 virum,
1221 3657 1275 3703 et
1308 3664 1417 3702 non
1449 3649 1730 3720 angelum,
1768 3650 1951 3704 vocari
1973 3665 2137 3719 opor-

552 3749 631 3795 tet
690 3738 905 3793 felicem
946 3738 1122 3800 illum,
1172 3737 1579 3793 sanetissimum
1617 3754 1809 3809 papam
1863 3740 2136 3794 decimum

546 3828 1185 3899 dicimusGregm'ium),
1207 3830 1273 3883 ad
1293 3830 1669 3899 gloriosiorem
1688 3830 1846 3884 linem
1867 3828 2135 3900 (l),quam

546 3925 615 3981 ad
648 3925 821 3993 ipsam
855 3921 1112 3975 videlicet
1147 3920 1402 3974 unionem
1434 3935 1683 3975 summus
1718 3918 1980 3974 Dominus
2007 3935 2141 3974 con-

549 4014 848 4071 summavit
911 4013 965 4066 in
1012 4013 1225 4076 diebus,
1284 4013 1337 4066 in
1387 4013 1591 4082 quibus
1624 4013 1691 4068 ad
1727 4017 1976 4067 decorem
2011 4027 2141 4081 apo-

548 4107 756 4165 stolica:
782 4103 953 4167 sedis,
1001 4117 1056 4158 et
1095 4103 1549 4158 i2luminationem
1578 4105 1920 4175 perspicuam
1959 4105 2140 4156 firma-

554 4200 728 4253 menti
794 4194 1115 4250 universalis
1168 4190 1448 4258 Ecclesim,
1510 4208 1632 4259 vos,
1687 4193 1907 4247 nomine
1951 4195 2139 4262 gratia:

546 4291 892 4346 nominatum
950 4285 1049 4356 (Ξ),
1107 4286 1249 4340 Deus
1302 4284 1553 4355 eligendo
1621 4285 1929 4339 constituit.
1983 4281 2138 4349 Quod

544 4380 767 4452 quidem
811 4379 1128 4447 apostolicae
1189 4376 1336 4431 sedis
1423 4376 1602 4430 nuntii
1671 4376 2136 4441 reverendissimi,

544 4472 755 4527 scilicet
786 4470 985 4525 fratres
1024 4467 1200 4522 nostri
1233 4477 1286 4520 et
1316 4465 1623 4535 coepiscopi
1653 4464 1896 4519 Jacohus
1930 4462 2134 4519 Feren-

546 4564 693 4618 tinus
725 4570 777 4616 et
812 4558 1111 4615 Gaul‘ridus
1158 4552 1537 4620 Taurinensis,
1572 4565 1627 4610 et
1654 4556 1722 4610 de
1747 4555 1860 4610 Deo
1898 4566 2125 4627 accepto

544 4654 737 4708 ordine
803 4652 1226 4721 praedicatorum
1284 4647 1688 4718 religiosissimi
1720 4644 1894 4702 nostri
1932 4648 2129 4703 fratres

545 4740 844 4815 Raynonus
881 4743 1029 4812 prior
1068 4734 1446 4803 Viterhicnsis,
1499 4737 1780 4793 etsalvus
1818 4736 2127 4794 tector'Lu-

546 4847 721 4887 canus
765 4841 956 4885 vestra:
1029 4828 1342 4885 sanctitatis
1399 4828 1745 4881 orationibus
1809 4828 2133 4896 prosperati,

545 4931 915 4994 pert-eneruat
964 4921 1033 4976 ad
1063 4927 1307 4985 sanctos,
1364 4929 1417 4973 et
1446 4918 1859 4988 potentissimos
1910 4927 2132 4975 nostros

549 5016 946 5079 moderatores.
995 5023 1050 5069 et
1094 5015 1162 5068 ad
1218 5026 1464 5066 noszram
1508 5011 1893 5074 humilitatem,
1952 5019 2006 5065 et
2062 5011 2131 5066 ad

547 5124 693 5173 eam,
722 5123 842 5177 quae
872 5107 1013 5177 apud
1052 5119 1158 5160 nos
1189 5104 1412 5157 inventa
1440 5112 1525 5158 est
1551 5117 1764 5157 sacram
1795 5112 1849 5158 et
1880 5108 2126 5158 sanctam

545 5201 814 5273 synodum
852 5200 1100 5254 relictam
1138 5196 1214 5251 ab
1242 5196 1602 5251 universitate
1648 5210 1857 5265 magna:
1905 5194 2123 5266 synodi,

543 5307 660 5362 quin
692 5291 838 5361 apud
869 5303 970 5345 nos
1021 5288 1187 5359 paulo
1229 5295 1354 5341 ante
1408 5285 1590 5342 fuerat
1621 5287 1892 5342 celebrata
1926 5303 1941 5342 :
1972 5287 2130 5341 dictae

540 5383 926 5440 tcclesiasticze
942 5379 1161 5435 unionis
1176 5377 1477 5444 inchoatio,
1503 5386 1729 5433 auctore
1757 5377 1888 5445 Deo,
1916 5378 2124 5449 alisque

541 5475 760 5543 defectu
803 5474 913 5529 line
943 5485 1209 5543 prospero
1244 5482 1623 5526 consummata
1654 5479 1761 5525 est.

647 5612 663 5642 ί
691 5607 880 5666 Jacoh.
944 5621 985 5673 ι,
1028 5606 1116 5662 ii.

614 5750 690 5821 (Ι)
720 5748 902 5807 Locus
927 5758 1241 5820 corruptus.

617 5820 692 5890 (2)
740 5822 851 5877 Hoc
878 5832 980 5891 cst,
1007 5821 1236 5876 Juunnis
1266 5824 1492 5877 nomine.
1528 5820 1704 5880 fiam.

2241 3277 2516 3343 nualihus,
2553 3291 2675 3345 quae
2725 3279 2869 3365 apud
2930 3294 3033 3335 nos
3084 3281 3335 3352 vigorem
3382 3280 3613 3336 obtinent
3636 3275 3756 3342 .jura-

2240 3369 2435 3422 menti.

2306 3458 2482 3514 liabet
2512 3460 2735 3530 insuper
2760 3475 2991 3517 noscere
3030 3472 3085 3517 et
3116 3465 3188 3517 ab
3229 3453 3315 3528 iis,
3351 3462 3536 3534 (μυρίη
3564 3452 3756 3529 persenti

2237 3551 2443 3619 scripto
2469 3551 2764 3620 specialius
2794 3566 2895 3606 nos
2923 3551 3179 3608 dicemus
3214 3552 3542 3615 onrnitunde,
3569 3549 3757 3618 prehen-

2239 3648 2319 3694 tes
2341 3651 2535 3694 vestrae
2563 3642 2876 3709 apostolica:
2897 3643 3185 3697 sanctitati
3215 3643 3583 3698 certitudineni
3607 3644 3757 3692 nostra

2238 3730 2307 3785 ad
2334 3733 2691 3801 apostolicam
2736 3733 2918 3787 sedem
2956 3749 3128 3802 purae,
3167 3733 3524 3805 perfectaeque
3552 3728 3757 3784 obedien-

2239 3823 2344 3879 tiae.
2385 3824 2625 3878 Dicimus
2657 3826 2832 3888 enim,
2888 3824 2993 3879 sub
3050 3827 3290 3882 testibus
3348 3826 3456 3880 Deo
3507 3834 3556 3877 et
3600 3815 3759 3889 angelis

2237 3918 2400 3971 verba
2427 3915 2708 3982 facientes,
2739 3917 2885 3986 quod
2915 3933 3077 3972 omne
3108 3921 3352 3974 schisma
3387 3919 3512 3973 inter
3544 3908 3758 3969 Etclesias

2240 4007 2356 4072 Dei,
2390 4007 2592 4063 veteris
2622 4005 2815 4063 Roma:
2842 4008 3053 4064 scilicet
3089 4020 3145 4065 ct
3187 4024 3345 4066 noue
3401 4021 3605 4064 nostra}.
3656 3998 3758 4054 male

2239 4100 2615 4156 introductum
2659 4102 2714 4156 in
2756 4103 3034 4156 la‘siunem
3075 4102 3529 4166 Christianitatis,
3565 4090 3757 4167 asperni-

2240 4208 2364 4248 nius
2395 4202 2450 4247 et
2483 4192 2811 4262 abjicimus;
2843 4203 2897 4248 et
2918 4196 3263 4265 praecordiali
3299 4194 3382 4249 alii
3401 4208 3510 4259 ctu,
3537 4202 3657 4245 ειυς
3679 4193 3758 4238 tota

2238 4286 2417 4338 anima
2480 4286 2636 4356 prius
2681 4289 2857 4354 ipsum
2925 4285 3288 4354 deponentes,
3332 4302 3426 4357 per
3475 4280 3759 4353 linguam,el

2239 4376 2402 4443 labia,
2436 4384 2491 4429 et
2526 4376 2851 4446 prolatit'um
2904 4390 3154 4431 nostrum
3188 4391 3520 4440 sermonem,
3566 4363 3757 4427 etiamin

2238 4469 2486 4537 praesenti
2544 4471 2749 4538 scripto
2797 4469 2975 4539 ipsum
3012 4472 3408 4539 'ahnegamus,
3463 4477 3515 4522 et
3554 4457 3758 4520 ecclesia—

2236 4556 2428 4612 3tirant
2462 4572 2649 4628 pacem
2681 4569 2735 4614 et
2759 4559 3048 4623 unitatem,
3086 4568 3143 4614 et
3169 4562 3467 4629 primatum
3500 4550 3758 4625 ενοειέςιὶιεε

2234 4646 2378 4703 sedis
2428 4649 2778 4714 confitemur,
2825 4652 3308 4721 recOgnoscimus,
3346 4659 3679 4721 ‘acceptainus
3719 4642 3757 4690 ει

2235 4750 2430 4806 sponte
2470 4742 2803 4809 suscipimus
2837 4761 2848 4793 :
2884 4755 2937 4796 et
2967 4745 3035 4797 ad
3062 4744 3239 4814 ipsius
3264 4741 3613 4799 obedientiam
3635 4744 3759 4802 spon'

2243 4831 2391 4885 tanei
2429 4834 2739 4898 venientes,
2796 4843 2970 4888 ratum
3006 4836 3231 4901 habere,
3269 4847 3325 4891 et
3354 4841 3657 4890 conservare
3683 4821 3758 4872 im-

2247 4920 2515 4973 mutahiie
2553 4924 2926 4990 promittimus
2954 4934 3008 4977 et
3048 4930 3379 4988 asserimus,
3411 4935 3461 4978 et
3488 4935 3574 4973 cas
3607 4921 3760 4984 Nam”

2240 5004 2479 5079 satiras,
2518 5026 2642 5081 qua:
2677 5027 2707 5066 a
2738 5013 3010 5085 principio
3034 5029 3160 5072 ante
3202 5018 3443 5072 schisma
3474 5006 3755 5083 praestabttt’

2237 5110 2325 5153 tur
2349 5107 2666 5171 apostolicae
2697 5105 2813 5158 sedi
2848 5108 2916 5160 ab
2948 5108 3077 5170 illis,
3110 5112 3206 5178 qui
3238 5124 3338 5178 pro
3385 5116 3629 5171 tempore.
3667 5103 3761 5162 P0”

2239 5192 2406 5249 tificio
2446 5195 2503 5248 in
2562 5194 3046 5269 Constantinopoli
3090 5199 3480 5267 fungebantur,
3529 5195 3703 5257 integra
3721 5185 3759 5233 el

2240 5283 2577 5342 im’iolabilia
2600 5290 2970 5358 promittimus
2990 5266 3345 5346 conservare.
3375 5289 3605 5345 Schisma
3629 5266 3769 5335 enim:

2241 5378 2388 5446 quod
2420 5379 2476 5431 in
2514 5381 2693 5435 medio
2732 5382 3066 5450 intercessit,
3102 5383 3303 5437 intimo
3334 5380 3513 5436 cordis
3530 5372 3695 5429 aﬂ‘ectu
3721 5371 3757 5416 et

2241 5482 2353 5526 tcta
2418 5473 2587 5528 animi
2624 5474 2905 5531 voluntate
2949 5486 3332 5548 aspernentes,
3372 5467 3756 5542 compagiualll'”

2342 5750 2397 5821 3)
2424 5750 2654 5807 Michael
2684 5752 2797 5822 imp

2297 5822 2375 5893 (4)
2399 5828 2537 5878 tium
2592 5823 2913 5879 Andronico
2942 5822 3054 5879 fiiio
3081 5824 3251 5880 etiam
3288 5824 3615 5893 imperatore.
