3962 6396
239 411 349 479 945
1405 430 1653 499 EPIST.
1693 435 1794 497 AD
1828 439 2183 509 JOANNEM
2216 453 2329 514 PP.
3401 462 3506 523 9-55

237 542 294 587 οι
318 537 636 643 emptam":
663 538 1035 643 nosmetipsos
1061 541 1216 599 lineae
1239 548 1557 615 pensiﬁcum
1584 551 1823 618 illorum,
1854 557 1903 615 Α
1932 565 2388 636 omnipotentem,
2423 572 2810 637 immortalem,
2849 573 3205 639 invisibileni,
3242 575 3507 643 iinpalpa-

2093 623 2108 636 .
2293 623 2300 624 γ
2339 623 2342 624 ν
2375 623 2388 636 ,
2849 623 3205 639 --η-ν--η--τ

238 623 337 735 (ηιξ
355 623 613 735 few—ima
657 629 970 696 apostolica:
997 633 1123 689 sedi
1184 639 1383 693 νθιεΐῖε
1433 639 1623 697 Romae
1665 659 1820 700 suam
1925 654 2117 724 bilem,
2153 662 2471 718 universum
2515 666 2854 735 implentem,
2881 675 2932 721 et
2962 681 3127 735 super
3150 667 3330 735 omnia
3361 669 3509 727 exsi-

240 712 610 768 obedieutiam
637 720 906 775 canonice
938 730 995 776 et
1028 723 1273 794 legitime
1300 732 1733 803 conservabant;
1769 745 1823 791 et

236 804 373 857 nihil
404 806 631 860 omnino
677 809 1056 877 imperfectum
1087 818 1342 875 omittere
1387 823 1708 889 pollicemur
1757 829 1822 882 de

204 897 329 965 .iis,
358 913 483 965 quae
515 908 640 955 ante
664 903 905 959 sebisma
929 906 1001 960 illi
1024 908 1133 964 diri
1175 919 1229 965 et
1263 914 1434 968 sancti
1465 916 1822 985 imperatores

1926 756 2180 817 stentem,
2235 757 2569 811 conditorem
2623 766 2789 813 totius
2825 767 3098 813 creatura:
3151 760 3384 815 visibilis
3456 774 3511 816 et

1922 840 2237 911 invisibilis,
2298 851 2605 919 corporalis
2658 861 2712 905 et
2767 851 3086 921 spiritualis.
3146 851 3211 907 Et
3255 854 3307 907 in
3339 870 3506 911 unum

1927 932 2220 990 Dominum
2256 936 2442 993 Iesum
2496 940 2799 1004 Christum,
2845 940 3111 1008 Verbum,
3166 943 3506 1012 unigenitum

233 993 549 1058 apostolicae
578 995 695 1048 sedi
737 1002 1050 1065 praestando
1083 1005 1435 1072 roborarunt,
1485 1018 1540 1065 et
1586 1011 1819 1069 afﬁrma-

234 1093 358 1137 rnnt
387 1084 668 1155 ;-insuper
704 1090 868 1144 etiam
897 1104 951 1145 et
1001 1096 1068 1149 de
1099 1097 1186 1156 iis.
1234 1116 1354 1167 qua
1398 1103 1451 1156 in
1482 1106 1656 1161 sacris
1675 1123 1815 1161 con-

229 1172 376 1230 ciliis
413 1175 603 1232 Patres
634 1180 806 1234 nostri
841 1184 910 1236 ad
952 1185 1125 1254 ipsius
1168 1189 1533 1248 obedientiam
1591 1196 1816 1253 rlcmonv

229 1269 483 1322 straliant
506 1285 565 1322 se
602 1286 948 1331 conservare.
1004 1278 1215 1343 But-sus
1245 1284 1311 1338 ad
1340 1290 1695 1353 apostolicam
1728 1307 1816 1347 se-

230 1356 356 1411 dem
413 1361 808 1419 conﬁrmamus
866 1368 1254 1426 inviolabiliter
1281 1384 1331 1429 et
1386 1377 1594 1447 integre
1625 1396 1817 1438 omnes

232 1452 628 1519 pru'rogativats
656 1467 706 1507 et
735 1458 1037 1528 privilegia,
1076 1480 1200 1533 quae
1228 1477 1354 1521 ante
1381 1470 1620 1526 srhisma
1665 1490 1817 1529 reve-

234 1541 392 1595 rrnrli
421 1554 475 1598 et
504 1543 645 1599 beati
679 1550 1055 1620 imperatores,
1099 1569 1150 1611 et
1181 1560 1370 1614 deiferi
1424 1564 1611 1620 Patres
1642 1568 1811 1622 nostri

228 1629 500 1691 ductores.
534 1635 601 1688 ad
631 1637 922 1704 primatum
956 1647 1268 1710 apostolicae
1299 1650 1446 1704 sedis
1473 1652 1528 1705 in
1555 1654 1810 1709 obedien-

229 1718 361 1774 tiam
382 1727 744 1783 ostendebant
774 1746 791 1784 :
828 1731 1101 1799 videlicet,
1137 1739 1266 1805 quia
1301 1741 1415 1808 ipsa
1458 1755 1808 1801 sacrosancta

232 1808 479 1868 Romana
507 1814 751 1874 Ecclesia
780 1836 1061 1879 summum
1088 1838 1139 1882 et
1169 1830 1471 1898 perlectum
1509 1835 1803 1903 primatum

234 1912 289 1957 et
327 1906 690 1977 principatum
721 1928 887 1982 super
911 1917 1221 1975 universam
1254 1924 1580 1981 catholicam
1608 1928 1800 1985 Eccle-

225 1990 361 2049 siatu
393 1996 621 2062 obtinet,
655 2016 821 2069 quem
852 2004 907 2058 in
939 2007 1118 2076 seipsa
1165 2012 1236 2064 ab
1285 2013 1406 2082 ipso
1432 2013 1689 2084 Domino,
1749 2020 1803 2075 in

223 2086 387 2143 beato
413 2087 575 2145 Petro
603 2096 972 2158 apostolorum
1007 2101 1253 2172 principe
1277 2121 1372 2161 seu
1402 2110 1624 2176 vertice,
1646 2114 1805 2178 cujus

221 2176 505 2236 Romanus
539 2186 882 2252 pontifexest
931 2207 1244 2258 successor.
1290 2213 1416 2254 cum
1473 2176 1806 2271 plenitudine

224 2275 513 2342 potestatis
550 2281 844 2347 recepisse,
901 2299 1027 2341 vere
1059 2302 1123 2343 ac
1152 2290 1426 2348 humiliter
1456 2301 1804 2366 recognosci-

226 2381 369 2421 mus.
406 2369 474 2424 Et
523 2375 983 2439 quenadmodum
1019 2395 1129 2449 pm
1158 2383 1281 2440 aliis
1311 2394 1528 2443 tenetur
1559 2391 1680 2445 ﬁdei
1710 2408 1803 2449 ve-

220 2457 436 2513 ritatem
472 2459 765 2518 delendcre
804 2480 820 2517 :
854 2466 936 2521 sic
982 2476 1035 2521 et
1064 2471 1110 2524 si
1163 2487 1285 2539 qua:
1312 2477 1383 2531 de
1415 2478 1520 2534 ﬁde
1565 2482 1806 2541 subet-tae

220 2546 429 2605 fuerint
467 2554 823 2620 quaestiones,
856 2573 956 2611 suo
983 2558 1184 2617 debent
1219 2566 1428 2633 judicio
1444 2568 1676 2626 deﬁniri.
1724 2573 1803 2629 Ad

220 2639 367 2697 hanc
406 2653 585 2712 potest
610 2647 861 2715 quilibet,
894 2662 1154 2719 gravatus
1188 2656 1243 2709 in
1269 2661 1499 2728 negotiis
1529 2664 1595 2718 ad
1626 2663 1805 2722 lorum

217 2735 655 2791 ecclesiasticum
696 2740 1120 2811 pertinentibus,
1170 2750 1478 2818 appellare:
1505 2762 1562 2809 et
1610 2757 1663 2811 in
1691 2772 1809 2813 om-

218 2825 386 2881 nibus
421 2831 624 2893 causis,
669 2833 735 2886 tl
758 2848 989 2891 examen
1044 2842 1475 2901 ecclesiasticum
1513 2853 1808 2919 spectanti-

218 2916 348 2981 bus,
395 2918 460 2971 ad
512 2920 686 2989 ipsius
715 2934 896 2992 pclest
954 2942 1160 2984 recurrt
1195 2931 1508 3000 judicium:
1544 2916 1603 2993 et
1630 2940 1805 2995 eidem

220 3029 417 3069 omnes
439 3014 693 3074 Ecclesia:
710 3031 851 3083 .sunt
876 3024 1154 3094 subjectae,
1193 3029 1547 3105 ipsarumque
1595 3038 1805 3104 praelati

217 3106 587 3163 obedientiam
629 3121 683 3164 et
720 3118 1082 3172 reverentiam
1118 3119 1193 3174 illi
1223 3121 1441 3181 debent.
1478 3128 1632 3197 Apud
1666 3129 1808 3187 hanc

218 3207 408 3253 autrm
450 3201 734 3269 plenitudo
768 3210 1057 3276 potestatis
1091 3220 1362 3281 COIISlSlll,
1394 3220 1537 3286 quod
1571 3236 1654 3288 ea,

214 3302 434 3345 cantem
483 3292 768 3361 Ecclesite,
801 3307 855 3353 et
906 3302 1303 3368 patriarchales
1340 3311 1673 3380 specialiter,
1704 3292 1802 3371 vdi-

214 3382 393 3436 versis
428 3387 769 3455 temporibus
824 3390 1107 3463 privilegia
1149 3396 1532 3469 obtinuerunt,
1564 3407 1805 3461 sanctio-

213 3473 382 3529 nibus
414 3475 696 3532 beatorum
755 3491 1069 3539 sanctorum
1109 3487 1504 3559 imperatorum
1555 3496 1800 3566 illorum,

214 3574 275 3621 et
303 3567 587 3623 canonicis
614 3574 995 3630 sanctionibus
1047 3592 1330 3635 sacrorum
1375 3594 1432 3639 et
1484 3588 1797 3645 divinorum

211 3657 599 3722 conciliorum,
636 3663 825 3718 eadem
892 3664 1134 3724 liornana
1167 3670 1407 3730 Ecclesia
1458 3679 1805 3737 conﬁrmavit

212 3759 275 3804 et
300 3748 579 3806 roboravit
610 3761 704 3807 :et
758 3770 868 3810 non
914 3758 1072 3814 aliter
1119 3763 1476 3823 obtinuerunt
1506 3773 1793 3835 continua

212 3842 421 3897 tionem
465 3844 829 3902 Ecclesiarum
885 3850 1196 3919 hujusmodi
1241 3865 1632 3933 prmrogativze,
1694 3868 1802 3923 nisi

210 3934 411 3989 eadem
440 3934 684 3992 Ecclesia
722 3938 970 3998 Romana
1017 3960 1178 4002 suum
1217 3964 1385 4020 super
1408 3954 1478 4011 iis
1530 3956 1799 4027 judicium

207 4037 270 4083 et
298 4029 628 4083 sententiam
657 4034 973 4100 protulisset
1013 4054 1028 4092 :
1058 4055 1157 4096 sua
1212 4051 1391 4101 tamen
1441 4058 1798 4124 praerogativa

209 4128 325 4175 tam
360 4119 413 4174 in
452 4125 796 4193 generalibus
815 4131 1081 4198 conciliis,
1133 4151 1297 4206 quam
1336 4139 1391 4195 in
1453 4119 1797 4213 quibuscun-

204 4226 321 4283 que
348 4213 470 4268 aliis
504 4230 721 4287 semper
754 4221 928 4278 salva.
970 4225 1039 4279 Et
1081 4230 1149 4284 de
1177 4232 1543 4304 abnegatione
1574 4243 1796 4312 quidem

206 4309 556 4375 schismatis,
581 4321 638 4367 et
658 4317 1034 4386 recognitione
1065 4322 1340 4392 primatus
1364 4309 1678 4400 apostolicae
1713 4353 1801 4393 se-

205 4400 324 4464 dis,
354 4410 502 4457 tanta
528 4404 641 4460 sint
686 4406 858 4464 dicta.

285 4490 561 4558 Quoniam
596 4508 780 4555 autem
813 4502 1041 4560 multum
1070 4509 1380 4572 schismatis
1412 4527 1623 4590 tempus
1674 4527 1799 4596 opi-

1922 1021 2145 1090 Filium,
2193 1038 2457 1085 aeternum
2497 1033 2564 1087 ab
2603 1041 2808 1087 azterno
2841 1032 3021 1099 Patre,
3057 1035 3385 1103 principium
3441 1037 3513 1090 de

1922 1117 2216 1188 principio,
2257 1121 2438 1178 lumen
2475 1123 2542 1178 de
2576 1124 2804 1183 lumine,
2847 1124 3014 1179 Deum
3055 1130 3118 1180 de
3162 1126 3291 1190 Deo.
3324 1128 3508 1182 omni-

1927 1220 2206 1279 potentem
2246 1213 2314 1268 de
2353 1217 2754 1285 omnipotente.
2784 1218 3049 1288 aequalem
3082 1219 3510 1274 incoutmutabi-
3594 1244 3597 1247 -

1919 1300 2043 1356 liter
2092 1307 2374 1371 generanti
2401 1308 2567 1373 Patri,
2604 1317 2768 1379 prout
2808 1311 2925 1380 ipse
2951 1310 3216 1365 Dominus
3240 1312 3291 1365 in
3329 1310 3507 1366 Evan-

1918 1393 2062 1459 gulio
2092 1394 2290 1449 asserit
2329 1399 2519 1454 dicens
2558 1417 2574 1454 :
2622 1419 2640 1453 ‹
2673 1399 2776 1467 Qui
2814 1401 2958 1455 videt
3002 1416 3108 1462 me.
3149 1402 3294 1456 videt
3325 1411 3381 1459 et
3409 1403 3510 1456 Pa-

1917 1492 2051 1537 trem
2069 1486 2245 1552 ';tqni
2273 1499 2402 1544 ante
2429 1492 2612 1546 orantia
2639 1493 2838 1549 saecula
2870 1501 3058 1553 natus.
3084 1491 3437 1560 ineﬁ‘abilem,
3456 1507 3511 1553 et

1917 1575 2200 1634 intellectu
2243 1581 2853 1652 incomprehensibilem
2919 1587 3087 1642 habet
3123 1586 3458 1644 nativitatem
3493 1606 3505 1641 :

1921 1685 1940 1719 ι
1970 1667 2392 1728 Cenerationem
2423 1676 2542 1743 ejus
2576 1677 2699 1747 quis
2724 1679 3042 1735 euarrabit?
3086 1699 3106 1734 ι
3143 1696 3298 1738 sacra
3334 1680 3512 1735 faten-

1914 1766 2002 1813 tur
2034 1758 2299 1831 Eloquia;
2346 1766 2449 1820 hoc
2483 1777 2586 1831 est,
2646 1766 2862 1825 Nullus.
2915 1770 2973 1826 In
3024 1773 3506 1829 consummatione

1911 1854 2236 1908 saeculorum
2261 1854 2545 1911 descendit
2565 1857 3003 1928 inseparabiliter
3025 1879 3091 1917 ex
3123 1862 3356 1917 Paterno
3383 1864 3509 1917 sinu

1910 1940 2014 2015 [in]
2053 1944 2428 1999 intemeratum
2465 1955 2522 2002 et
2559 1962 2776 2018 semper
2825 1950 3101 2019 Virginem
3156 1954 3410 2018 Mariam,
3455 1964 3510 2009 et

1908 2044 2152 2088 nostram
2193 2051 2259 2090 ex
2292 2036 2412 2107 ipsa
2454 2042 2760 2107 assumpsit
2788 2052 3063 2102 naturam.
3100 2061 3337 2119 carnem
3353 2046 3509 2101 vides

1907 2123 2035 2179 licet
2063 2126 2361 2182 humanam
2392 2144 2516 2184 cum
2550 2132 2731 2186 anima
2754 2135 3031 2199 rationali,
3058 2151 3165 2190 non
3198 2137 3505 2219 secundum

1904 2216 2267 2288 phantasiam,
2289 2221 2382 2276 sed
2403 2224 2707 2278 secundum
2736 2226 3016 2281 veritatem
3041 2244 3057 2292 ;
3088 2243 3261 2299 neque
3286 2216 3510 2302 [secun-

1905 2304 2062 2378 dum]
2078 2323 2369 2377 supernam
2396 2321 2448 2368 et
2476 2314 2887 2381 intemporalem
2922 2317 3261 2373 nativitatem
3284 2320 3508 2383 adopta-

1906 2396 2019 2464 tus,
2042 2417 2215 2472 neque
2236 2405 2540 2460 secundum
2571 2404 2882 2462 inferiorem
2917 2412 3271 2481 temporalem
3299 2430 3313 2467 :
3344 2422 3506 2467 natu-

1908 2492 2038 2549 ralis
2059 2494 2203 2549 enim
2234 2498 2505 2553 exsistens
2533 2507 2587 2553 et
2620 2514 2786 2556 verus
2815 2501 2986 2557 Filius
3017 2502 3135 2570 Dei,
3159 2505 3431 2559 naturalis
3452 2514 3506 2558 et

1909 2600 2068 2642 verus
2093 2601 2304 2656 semper
2329 2587 2570 2661 Virginis
2590 2589 2774 2647 Mariae
2795 2593 2912 2664 ipse
2936 2594 3078 2649 idem
3103 2597 3246 2651 lilius
3267 2598 3504 2663 exsistit,
3592 2592 3595 2597 ί

1913 2679 2010 2748 qui
2044 2693 2268 2734 carnem
2293 2683 2505 2751 accepit
2555 2699 2619 2737 ex
2657 2684 2800 2753 ipsa,
2858 2688 3130 2743 visibilem
3188 2689 3503 2755 invisibilis,

1910 2771 2199 2825 mortalem
2244 2774 2596 2837 immortalis,
2626 2778 2944 2844 passibilem
2969 2779 3348 2851 impassibilis,
3386 2784 3506 2852 pals

1905 2863 2142 2933 pabilem
2184 2864 2591 2935 impalpabilis:
2634 2868 2686 2921 in
2720 2885 2824 2938 qua
2862 2886 3029 2926 carne
3081 2882 3136 2928 et
3194 2891 3292 2942 pro
3347 2876 3505 2933 nobis

1910 2965 2105 3023 Sponte
2139 2957 2385 3027 suscepit
2429 2958 2768 3026 passionem,
2830 2975 2956 3013 vera
3003 2965 3188 3018 carnis
3225 2968 3501 3034 passione.

1912 3049 2183 3113 Mortuus,
2219 3060 2273 3104 et
2311 3052 2581 3121 sep’ultus,
2615 3061 2671 3106 et
2697 3053 3039 3109 descendens
3086 3056 3152 3111 ad
3188 3060 3416 3124 inl‘cros,
3450 3069 3506 3115 et

1914 3142 2073 3199 tertia
2096 3145 2206 3209 die,
2234 3145 2538 3199 secundum
2574 3143 2943 3214 Scripturam,
2977 3163 3271 3219 resurgens
3293 3167 3322 3206 a
3358 3168 3499 3208 mor-

1685 3238 1809 3294 que
1835 3254 1878 3312 ο
1914 3238 2023 3292 tuis
2055 3252 2184 3292 vera
2217 3236 2399 3292 carnis
2460 3241 2885 3294 resurrectione.
2958 3240 3089 3298 Post
3138 3246 3500 3316 quadraginta

1916 3331 2080 3404 [dies]
2102 3346 2133 3386 a
2150 3316 2555 3387 resurrectione
2576 3347 2672 3387 sua
2694 3348 2723 3389 a
2748 3334 3002 3397 mortuis.
3023 3338 3271 3391 ascendit
3294 3339 3357 3393 ad
3388 3356 3502 3396 cm-

1916 3425 2020 3490 los,
2058 3440 2181 3480 cum
2220 3424 2435 3489 eadem,
2481 3440 2587 3493 qua
2622 3428 2946 3492 resurrexit,
2985 3441 3153 3484 carne
3192 3441 3245 3485 ct
3282 3436 3499 3489 anima:

1911 3517 2138 3586 etzsedet
2159 3517 2226 3572 ad
2262 3518 2542 3574 dexteram
2584 3517 2676 3572 Dei
2714 3517 2915 3605 Patris,
2952 3522 3235 3604 introitum
3294 3524 3345 3578 in
3388 3540 3503 3582 co:-

1912 3610 2048 3666 leste
2069 3627 2300 3683 regnum
2337 3612 2498 3667 nobis
2523 3611 2819 3683 elargiens.
2852 3612 2954 3680 Qui
3007 3626 3269 3670 venturus
3298 3626 3380 3672 cst
3405 3619 3505 3672 itr-

1916 3718 2037 3757 rum
2064 3703 2233 3771 judex
2270 3704 2521 3758 vivorum
2556 3713 2609 3757 et
2637 3714 3005 3771 mortuorum,
3042 3707 3354 3763 redditurus
3377 3710 3500 3763 uni-

1914 3795 2113 3864 cuique
2141 3795 2446 3851 secundum
2471 3810 2636 3866 opera
2664 3808 2785 3849 sua.

1982 3886 2274 3943 Credimus
2305 3887 2497 3942 eodem
2548 3887 2711 3942 modo
2732 3895 2785 3941 et
2825 3890 2879 3944 in
2919 3889 3186 3960 Spiritum
3218 3900 3495 3954 sanetum.

1912 3996 1933 4030 ι
1973 3981 2158 4035 omnia
2189 3990 2549 4048 scrutantem,
2582 3983 2747 4038 etiam
2796 3984 3063 4055 profunda
3111 3982 3203 4040 Dei
3245 3982 3289 4046 ⁸.
3326 4001 3347 4045 o,
3399 3986 3494 4055 qui

1912 4072 2237 4128 naturaliter
2268 4073 2412 4129 inest
2437 4073 2547 4129 Deo
2576 4084 2628 4131 et
2660 4076 2829 4142 Patri,
2865 4086 2920 4132 et
2954 4078 3327 4134 essentialiter
3355 4078 3459 4133 insi
3479 4108 3495 4117 -

1908 4169 1998 4218 tus
2028 4171 2144 4228 est,
2197 4170 2256 4218 ut
2284 4161 2357 4218 ita
2401 4163 2685 4230 dicamus,
2732 4174 2787 4222 et
2837 4167 3243 4223 indivisibiliter
3271 4184 3338 4224 ex
3378 4169 3497 4240 ipso

1909 4254 2234 4324 procedens,
2267 4255 2617 4310 snaturaliter
2669 4255 2816 4313 inest
2873 4266 2929 4313 et
2978 4258 3139 4323 Filio,
3196 4269 3253 4315 et
3307 4275 3497 4315 essen-

1908 4345 2110 4401 tialiter
2163 4346 2215 4402 ei
2274 4346 2474 4404 insitus
2524 4359 2631 4415 est,
2681 4359 2736 4405 et
2790 4350 3196 4406 indivisibil.tcr
3259 4367 3327 4405 ex
3376 4351 3494 4421 ipto

1912 4438 2170 4510 procedit.
2206 4438 2572 4495 Profunditnr
2599 4442 2818 4512 quidem
2849 4451 2905 4498 et
2927 4444 3193 4513 procedit.
3230 4444 3496 4514 quemad-

1906 4531 2128 4585 modum
2160 4532 2408 4605 a/fonte,
2460 4534 2571 4589 Deo
2606 4543 2661 4589 et
2682 4532 2841 4589 Patre
2877 4552 2892 4591 :
2920 4536 3267 4606 profunditur
3305 4544 3491 4591 autem

206 4584 436 4698 nionem
469 4588 798 4698 quihuldam
833 4609 1027 4698 vanam
1062 4611 1117 4654 et
1165 4602 1362 4662 falsam
1400 4584 1610 4681 tribuit,
1653 4584 1796 4688 quod
1829 4610 1876 4673 Ῑ)
1904 4632 1959 4679 et
1991 4624 2060 4679 ab
2091 4584 2408 4694 ipso/Filio;
2437 4628 2900 4698 quemadmodum
2920 4584 2971 4685 Ita
2997 4630 3166 4692 fonte.
3201 4631 3352 4686 velut
3384 4634 3494 4689 uti-

204 4677 283 4733 sit
339 4678 523 4749 aliqua
574 4683 886 4740 diﬁcrentia
941 4690 1254 4760 dogtnatum
1315 4700 1458 4757 inter
1505 4677 1797 4783 utramque

202 4773 536 4842 Ecclesiam,
568 4777 812 4836 Graecam
855 4783 1105 4842 \idelicet
1146 4803 1197 4846 et
1233 4792 1509 4869 Latinam,
1574 4773 1797 4878 prop-ter

198 4864 261 4921 in
301 4865 561 4937 Sytnholo
601 4870 801 4926 factam
835 4875 1165 4935 additiouern
1199 4899 1296 4954 per
1333 4864 1635 4953 Romanam

195 4955 718 5029 clesiammportet
742 4964 952 5032 utique,
1006 4984 1107 5025 nos
1151 4971 1394 5032 libellum
1444 4984 1565 5039 lidei
1623 4955 1793 5059 expo-

194 5059 360 5110 riere,
388 5060 454 5101 ex
486 5063 597 5118 quo
629 5062 808 5107 vestra
844 5055 953 5112 Deo
981 5062 1267 5131 magniﬁca
1308 5069 1559 5139 altitudo,
1595 5087 1651 5133 et
1682 5055 1792 5137 tota

84 5172 101 5181 -
196 5132 456 5228 Romana
491 5140 753 5208 Ecclesia,
786 5160 1101 5217 cognoscet,
1136 5157 1281 5224 quod
1307 5160 1451 5217 nulla
1481 5132 1794 5228 diiierentia

189 5226 329 5320 fidei
370 5238 453 5284 est
485 5231 573 5296 iis,
622 5234 715 5303 qui
749 5234 1091 5317 Symbolum
1116 5250 1274 5316 primi
1309 5250 1514 5310 Nicaeui
1575 5226 1791 5320 concilii

187 5316 414 5416 legunt,
463 5331 519 5376 et
551 5327 644 5394 qui
697 5326 1016 5398 Symbolum
1073 5336 1661 5416 Constantinopolitani
1692 5316 1788 5412 se:

190 5411 369 5516 fundi
414 5418 635 5501 concilii
690 5423 1014 5493 praedicant,
1050 5442 1106 5484 et
1137 5432 1229 5497 iis.
1263 5438 1356 5506 qui
1412 5411 1522 5496 hoc
1559 5443 1792 5516 Symbo-

192 5502 346 5597 lum,
388 5509 532 5574 quod
564 5496 595 5562 a
628 5509 869 5569 Romana
903 5516 1149 5578 Ecclesia
1198 5496 1415 5597 tegitur,
1472 5496 1791 5594 cum,

190 5595 356 5650 tione
378 5611 732 5657 venerantur.

272 5686 565 5747 Credimus
597 5695 743 5750 enim
772 5697 825 5753 in
855 5714 1019 5758 unum
1045 5703 1215 5763 Dettm
1248 5709 1546 5785 ingenitum
1575 5720 1787 5783 Patrem

304 5873 327 5904 ’
352 5873 513 5933 Joau.
558 5895 667 5947 xxv,
703 5883 756 5939 9.
833 5885 896 5941 ³1
933 5886 1062 5946 Cor.
1091 5906 1153 5958 tt,
1190 5893 1276 5949 l0.

1902 4733 2009 4788 que
2037 4727 2090 4773 et
2120 4733 2184 4773 ex
2219 4720 2338 4788 ipso
2379 4718 2496 4775 Deo
2526 4730 2578 4776 et
2603 4721 2782 4776 Patre.
2832 4723 2937 4778 Sed
2968 4723 3095 4779 licet
3147 4722 3312 4780 Pater
3368 4725 3492 4782 fons

1904 4809 2143 4878 Spiritus
2164 4810 2257 4876 sit,
2293 4819 2343 4865 et
2389 4809 2564 4867 Filius
2593 4812 2715 4867 fons
2747 4812 2991 4884 Spiritus
3031 4816 3136 4883 sit;
3168 4833 3274 4872 non
3308 4829 3490 4875 tamen

1900 4903 2010 4959 duo
2035 4902 2215 4958 fontes
2239 4904 2478 4974 Spiritus
2500 4916 2629 4960 sunt
2650 4905 2812 4961 Pater
2833 4917 2887 4963 et
2911 4908 3103 4964 Filius.
3134 4907 3310 4965 Unum
3339 4913 3486 4966 enim

1902 4994 2108 5050 fontem
2138 4997 2376 5067 Spiritus
2407 4998 2619 5054 Patrem
2644 5011 2696 5055 et
2721 5000 2919 5057 Filium
2949 5004 3125 5060 ﬁdelis
3142 5017 3193 5060 et
3217 5007 3302 5076 pia
3329 5007 3491 5062 intel-

1901 5085 2122 5156 ligentia
2162 5078 2307 5145 tenet
2343 5107 2357 5145 :
2387 5103 2440 5147 et
2468 5103 2687 5164 prepter
2715 5095 2825 5151 hoc
2848 5112 3195 5154 communem
3230 5099 3404 5155 Patris
3434 5109 3489 5154 et

1901 5177 2023 5233 Filii
2055 5178 2317 5249 Spiritum
2342 5194 2595 5240 sanctum
2622 5185 2881 5244 Ecclesiae
2902 5189 3198 5245 luminaria
3223 5198 3275 5244 et
3301 5192 3489 5247 docto-

1904 5284 1992 5324 res
2023 5271 2476 5342 theol03izarunt.
2515 5277 2670 5356 Sicut
2705 5283 2851 5336 enim
2880 5283 2947 5337 de
2970 5283 3275 5338 sulstantia
3306 5283 3486 5340 Patris

1900 5365 2228 5419 naturaliter
2255 5365 2495 5436 Spiritus
2542 5381 2648 5434 est,
2688 5373 2769 5428 sic
2809 5383 2865 5431 et
2910 5390 2975 5430 ex
3009 5377 3322 5432 substantia
3360 5376 3481 5432 Filii

1899 5456 2224 5511 naturaliter
2253 5457 2489 5528 Spiritus
2541 5472 2625 5518 est
2656 5481 2672 5520 :
2708 5474 2765 5519 et
2813 5467 2954 5522 sicut
2985 5469 3289 5524 secundum
3355 5471 3487 5528 sub-

1899 5547 2158 5601 stantiam
2180 5548 2397 5604 exsistit
2425 5549 2518 5604 Dei
2549 5563 2603 5606 et
2624 5553 2823 5618 Patris,
2853 5554 2933 5610 ita
2959 5566 3014 5610 et
3033 5559 3335 5613 secundum
3354 5560 3485 5615 sub-

1898 5641 2154 5697 stantiam
2188 5639 2313 5698 Filii
2357 5644 2575 5700 exsistit
2608 5664 2623 5700 :
2655 5654 2709 5700 et
2756 5655 2817 5701 ut
2869 5649 3127 5719 proprius
3184 5660 3272 5706 est
3301 5669 3483 5708 essen-

1900 5731 1990 5786 tia:
2015 5730 2221 5798 Patris,
2243 5743 2299 5791 et
2328 5751 2436 5791 non
2463 5745 2619 5792 extra
2644 5738 2789 5794 hanc
2821 5741 3121 5810 procedens
3150 5742 3203 5799 in
3227 5759 3368 5812 esse,
3402 5746 3477 5800 ita
