3962 6406
468 494 473 503 Α
526 402 629 466 947
1588 412 1803 477 JOAN.
1836 414 2053 478 VECCI
2089 416 2197 477 CP.
2241 418 2756 485 PATRIARCHB
3642 420 3724 494 958

528 525 585 565 et
615 515 873 571 essentia:
900 514 1022 573 Filii
1072 519 1326 590 proprius
1359 530 1464 589 est,
1501 529 1555 578 et
1596 540 1705 581 non
1765 539 1918 582 extra
1969 528 2110 582 hanc
2138 531 2182 588 Α
2218 532 2321 585 turi
2344 533 2409 588 de
2431 534 2587 590 lactis
2645 537 2879 607 propriis
2924 532 3189 594 rationem
3220 552 3236 592 :
3263 536 3502 608 quoniam
3548 542 3723 609 quidem

462 620 467 639 ο
531 605 837 672 procedens
874 607 926 661 in
952 623 1091 664 esse.
1133 608 1476 667 Naturalium
1504 614 1649 669 enim
1701 616 1971 672 bonorum
2008 617 2101 675 Dei
2224 633 2412 679 sancta
2450 605 2690 682 Ecclesia
2725 605 2971 684 Romana
3002 630 3081 686 sic
3113 605 3315 684 dicitet
3340 605 3594 698 praedicat,
3622 634 3725 687 reci-

530 704 585 750 et
610 694 790 754 Patris
829 701 1195 758 essentialiter
1221 705 1492 762 exsistens
1527 704 1702 765 Filius
1733 713 2108 768 communica-
2220 715 2406 783 pimus
2440 716 2554 773 haec
2579 728 2631 773 et
2656 720 3004 787 conﬁtemur,
3043 720 3300 791 quoniam
3332 728 3622 776 sanctorum
3647 723 3729 777 Pa-

531 795 641 849 tor,
693 788 849 844 habet
882 788 1170 861 Spiritum,
1221 794 1368 850 sicut
1397 798 1780 869 unusquisque
1831 813 2101 866 nostrum,
2218 816 2363 862 trum
2398 808 2595 865 divina:
2632 813 2916 883 scripturae
2949 788 3385 884 ipsa‘continent.

532 878 812 947 pr0prium
854 880 906 935 in
949 882 1130 952 seipso
1169 886 1457 943 continens
1490 891 1764 960 spiritum,
1800 902 1854 948 et
1878 909 1946 950 ex
1977 895 2096 950 inti-

2204 949 2214 958 .
2294 898 2430 955 Cum
2458 910 2639 956 autem
2670 906 2866 959 iterum
2894 919 3017 959 cum
3043 905 3609 975 suprascriptissancta
3630 920 3735 977 apo-

534 968 638 1023 mis
663 970 973 1066 visceribus
1021 974 1088 1066 ad
1118 985 1269 1031 extra
1303 979 1585 1049 profundit
1621 983 1823 1053 ipsum.
1872 985 2106 1057 Propter
2220 991 2420 1048 Stoliea
2475 994 2722 1050 Ecclesia
2756 996 3006 1051 Romana
3041 968 3174 1051 dicit
3235 1007 3286 1051 et
3322 968 3583 1066 praedicat,
3618 968 3735 1065 quod

531 1060 675 1125 quod
707 1070 758 1113 et
812 1064 1178 1133 corporaliter
1218 1067 1397 1137 ipsum
1455 1070 1739 1141 discipulis
1787 1073 2104 1140 insuinavit,
2221 1093 2431 1151 septem
2473 1094 2604 1139 sunt
2648 1086 3015 1142 ecclesiastica
3043 1096 3405 1150 sacramenta,
3457 1088 3735 1156 baptismus,

533 1149 659 1214 quia
684 1149 1044 1220 inspiratione
1072 1155 1194 1212 Filii
1218 1157 1482 1229 Spiritum
1501 1165 1771 1228 novimus,
1801 1174 1856 1219 ct
1880 1182 2102 1222 sensum
2226 1173 2292 1228 de
2323 1189 2431 1244 quo
2456 1176 2660 1231 dictum
2696 1190 2780 1233 est
2815 1194 3018 1249 supra;
3054 1188 3447 1233 sacramentum
3494 1180 3741 1232 conﬁrma-

530 1238 733 1296 ChriSti
791 1242 1054 1314 Spiritum
1076 1263 1198 1304 csse
1240 1251 1309 1306 ab
1361 1253 1622 1323 Apostolo
1667 1257 1845 1312 cdocti
1894 1274 2094 1316 sumus.

2221 1267 2412 1330 tionis,
2452 1268 2596 1338 quod
2629 1284 2722 1338 per
2750 1270 3361 1339 manusimpositionem
3391 1270 3611 1339 episcopi
3640 1285 3739 1325 cou-

531 1328 871 1388 Undeuuam
903 1350 1025 1392 esse
1046 1341 1370 1397 catholicam
1401 1354 1453 1398 et
1477 1355 1719 1402 sanctam
1752 1351 2104 1419 apostolicam
2222 1358 2404 1412 ferunt
2433 1328 2788 1414 chrismando
2836 1369 3096 1427 renatos;
3137 1360 3472 1430 poenitentia,
3531 1359 3738 1413 euchario

530 1420 834 1480 Ecelesiam
888 1429 1230 1507 conﬁtentes,
1269 1434 1322 1488 in
1354 1451 1458 1506 qua
1500 1454 1668 1494 unum
1727 1444 1890 1497 datur
1937 1446 2094 1517 bapti.

2223 1449 2352 1514 stia,
2375 1460 2779 1506 sacramentum
2818 1452 3048 1516 ordinis,
3075 1451 3497 1512 matrimonium,
3528 1458 3576 1505 et
3602 1458 3741 1504 extre-

535 1529 674 1582 sma,
707 1528 760 1572 et
796 1535 922 1574 vere
944 1524 1199 1580 remissio
1224 1529 1469 1582 omnium
1506 1544 1881 1604 peccatorum,
1932 1540 2121 1596 tribus
2228 1557 2316 1595 ma
2349 1542 2556 1607 unctio,
2610 1558 2732 1609 qua:
2790 1542 3090 1597 secundum
3131 1544 3434 1598 doctrinam
3493 1541 3548 1596 Β.
3591 1539 3739 1595 Jacobi

531 1610 805 1676 personis,
838 1613 1046 1669 scilicet
1069 1614 1235 1683 Patri,
1264 1629 1319 1674 et
1344 1619 1504 1685 Filio,
1551 1631 1605 1677 et
1637 1623 1860 1695 Spiritui
1893 1641 2106 1697 sancto,
2225 1634 2627 1689 inlirmantibus
2659 1635 2947 1691 exhibetur
2980 1654 2994 1690 :
3032 1636 3267 1691 dicimus
3310 1645 3364 1689 et
3400 1634 3466 1689 de
3509 1635 3572 1691 iis
3611 1634 3738 1688 haec:

534 1701 588 1754 in
626 1705 823 1773 quibus
853 1715 905 1761 et
933 1707 1001 1762 ad
1032 1724 1172 1778 quas
1204 1727 1464 1771 nersonas
1496 1715 1858 1785 baptizamur,
1880 1719 2107 1787 gloriam
2223 1727 2561 1797 Baptismum
2621 1728 2916 1797 recipimus
2945 1768 2959 1793 ,
3018 1736 3072 1782 et
3133 1730 3475 1793 conﬁtemur,
3527 1727 3650 1782 sicut
3676 1740 3739 1779 se-

535 1794 841 1866 referimus,
861 1800 1005 1856 sicut
1032 1804 1124 1857 uni
1166 1803 1316 1860 Deo:
1352 1820 1405 1863 et
1445 1809 1592 1879 ipsas
1628 1820 1737 1867 tres
1767 1830 1889 1870 esse
1907 1830 2111 1885 cogno-
2227 1794 2465 1871 cundum
2532 1794 2969 1872 conﬁrmationis
3021 1827 3451 1882 sacramentum,
3497 1817 3609 1872 licet
3632 1815 3740 1887 apud

533 1898 749 1946 scentes
779 1907 1068 1962 personas,
1102 1912 1271 1953 unum
1307 1899 1476 1955 Deum
1509 1904 1933 1975 omnipotentem
1962 1910 2110 1979 ipsas
2144 1958 2181 1981 ἢ
2228 1906 2527 1963 Ecclesiam
2590 1908 2893 1964 Romanam
2954 1926 3047 1980 per
3101 1910 3496 1981 impositionem
3531 1920 3741 1969 manuum

781 1958 793 1961 _
1056 1958 1064 1962 _
1661 1958 1749 1975 ,η
1791 1958 2109 1979 τυ--
2232 1958 2526 1963 θήρηψπ
2955 1958 3034 1980 ,---
3532 1958 3739 1969 ὡνηρ

536 1983 948 2051 cognoscimus,
987 1996 1269 2059 totamque
1322 1992 1376 2046 in
1414 1992 1682 2050 Trinitate
1724 1997 1978 2054 deitatem
2014 2017 2079 2056 co
2144 1958 2183 2012 Β
2218 2001 2316 2052 soli
2355 1999 2593 2069 episcopi
2635 1998 2923 2055 conferant
2972 2000 3328 2056 chrismando
3361 2010 3588 2063 renatos,
3635 1998 3742 2067 apud

462 2074 465 2077 '
536 2072 909 2140 cssentialem,
929 2085 1284 2145 coaaternam,
1309 2090 1363 2135 et
1384 2086 1876 2155 coomni-potentcm
1903 2107 1917 2154 ;
1951 2105 2020 2142 un

2219 2106 2318 2144 nos
2342 2101 2523 2145 autem
2591 2091 2965 2147 indiﬁ'erenter
3017 2093 3224 2163 praelati
3260 2101 3313 2147 et
3360 2090 3633 2163 presbyteri
3669 2090 3743 2143 hoc

536 2159 842 2231 dignitatis,
877 2167 1041 2224 unius
1080 2174 1360 2240 potentiae,
1397 2178 1564 2233 unius
1592 2180 1914 2246 voluntatis,
1949 2184 2115 2238 unius
2219 2184 2427 2240 faciunt
2464 2202 2478 2238 :
2512 2194 2690 2241 tamen
2724 2201 2823 2240 nos
2877 2201 2997 2240 eam
3017 2159 3160 2254 quae
3208 2185 3467 2238 hactenus
3498 2181 3625 2251 apud
3671 2194 3743 2233 nos

541 2257 905 2324 operationis,
957 2263 1232 2331 singulam
1265 2277 1471 2321 sancta:
1510 2267 1795 2328 Trinitatis
1822 2289 2113 2342 personam
2219 2276 2439 2332 obtenta
2463 2275 2565 2332 fuit
2590 2277 2952 2345 consuetudo,
2982 2277 3037 2331 in
3069 2277 3187 2346 ipsa
3213 2276 3548 2331 ordinatione
3571 2285 3744 2328 conser-

537 2345 707 2401 Deum
740 2348 982 2418 plenum,
1013 2361 1067 2408 et
1097 2355 1399 2424 perfectum
1434 2360 1814 2428 prazdicantes,
1850 2372 1905 2419 et
1944 2366 2115 2419 conti-
2219 2379 2434 2435 vantes,
2471 2370 2616 2439 quod
2653 2385 2684 2425 a
2718 2370 2962 2425 Romana
3010 2345 3259 2424 Ecclesia
3309 2382 3472 2437 super
3525 2366 3628 2435 ipsa
3677 2361 3742 2423 sit.

537 2446 734 2495 tentes.
764 2441 831 2495 Et
868 2442 944 2497 ita
973 2446 1283 2514 credentes,
1338 2448 1566 2519 gloriam
1609 2453 1896 2510 oderimus
1944 2456 2101 2523 Patri,

2218 2460 2669 2517 sanctiﬁcativum
2703 2472 2756 2516 et
2772 2460 3128 2532 pcrfectivum
3157 2476 3285 2516 esse
3314 2458 3636 2514 conﬁtemur.
3652 2453 3744 2506 Ρωε

538 2529 766 2595 gloriam
799 2531 1083 2592 oderimus
1112 2536 1270 2605 Filio.
1302 2541 1531 2609 gloriam
1569 2545 1855 2604 offerimus
1886 2548 2115 2620 Spiritui
2219 2555 2507 2610 nitentium
2553 2566 2608 2611 et
2631 2529 2805 2625 ipsam
2839 2555 3234 2624 amplectentes
3269 2551 3578 2608 conﬁtemur
3607 2555 3654 2599 et
3688 2558 3747 2596 re-

537 2628 749 2677 sancto.
803 2623 1097 2685 Credimus
1161 2646 1347 2687 veram
1405 2641 1865 2694 resurrectionem
1916 2655 2118 2700 nostrae
2220 2648 2475 2718 cipimus.
2518 2647 2919 2703 Eucitaristiam
2965 2655 3018 2700 et
3051 2647 3234 2715 ipsum
3270 2647 3645 2698 sacramentum
3670 2633 3746 2688 Eu-

536 2715 742 2782 carnis,
761 2733 924 2787 quam
955 2720 1013 2774 in
1044 2725 1296 2793 praesenti
1328 2726 1437 2781 vita
1459 2737 1759 2799 gestamus,
1785 2739 1840 2786 et
1870 2732 2113 2789 futuram
2221 2715 2517 2805 cliaristiae,
2547 2754 2642 2809 per
2663 2748 2905 2793 sanctam
2933 2737 3234 2792 Ecclesiam
3267 2735 3561 2789 Romanam
3585 2745 3640 2784 ex
3658 2740 3751 2794 azy-

534 2808 721 2896 vitam,
745 2820 1026 2882 aeternam,
1053 2829 1366 2889 perpetuam
1400 2832 1802 2894 exspectamus.
1831 2828 2118 2887 Credimus
2222 2846 2315 2887 mo
2372 2845 2511 2902 pane
2554 2808 2902 2892 coniectum,
2959 2828 3272 2885 secundum
3311 2827 3476 2897 ipsius
3522 2822 3746 2889 antiquam

535 2903 700 2957 etiam
742 2904 918 2975 ipsum
965 2918 1019 2962 et
1054 2926 1221 2964 unum
1254 2910 1422 2966 Deum
1457 2925 1735 2970 auctorem
1767 2934 1889 2975 esse
1919 2932 1970 2976 et
2006 2923 2116 2977 Do-
2221 2924 2673 2981 consuetudinem
2704 2938 2803 2992 per
2838 2922 3009 2991 ipsam
3040 2922 3311 2977 hactenus
3364 2924 3666 2972 veneratam,
3696 2907 3747 2960 si-

536 2995 748 3050 minum
781 3000 1234 3068 omnipotentem,
1264 3003 1476 3061 Veteris
1513 3019 1567 3062 et
1591 3009 2115 3081 NoviTestamenli,
2229 3017 2431 3071 militer
2454 3016 2605 3081 illud,
2636 3016 2778 3085 quod
2813 3030 2908 3085 per
2940 3028 3039 3067 nos
3073 3013 3364 3069 conﬁcitur
3403 3014 3744 3065 sacramentum

531 3090 929 3160 prophetarum
981 3104 1035 3148 et
1066 3099 1447 3167 apostolorum
1487 3118 1501 3154 :
1537 3101 1589 3155 in
1642 3102 1911 3160 Trinitate
1950 3125 2116 3164 unum
2222 3106 2457 3161 dicimus
2505 3120 2628 3162 esse
2670 3105 3031 3167 indistanter;
3080 3104 3368 3158 credentes
3398 3110 3451 3155 et
3483 3114 3576 3153 nos
3607 3096 3744 3163 ipsum

537 3186 816 3257 cognitum
867 3187 1035 3244 Deum
1084 3191 1470 3267 benedicentes
1513 3212 1659 3252 nunc
1689 3207 1743 3252 et
1792 3199 1844 3251 in
1900 3204 2117 3257 saecula.
2197 3209 2476 3271 'azymum
2517 3213 2711 3268 panem
2765 3198 2818 3251 in
2862 3197 2981 3266 ipso
3025 3211 3187 3251 sacro
3232 3195 3407 3251 oliicio
3450 3184 3747 3245 Eucharistire

533 3279 730 3335 Amen.
768 3279 832 3336 Et
859 3281 965 3336 hoc
986 3282 1205 3352 quidem
1239 3300 1413 3355 usque
1439 3289 1493 3341 in
1525 3295 1761 3347 tantum.
2147 3296 2187 3355 C
2225 3308 2350 3348 vere
2378 3291 2888 3348 transsubstantiari
2918 3291 2972 3343 in
3010 3304 3213 3357 corpus
3237 3284 3445 3342 Domini
3477 3281 3626 3337 nostri
3650 3273 3744 3329 Jesll

564 3440 570 3445 ι
612 3369 692 3424 Ex
720 3386 830 3440 quo
863 3382 1047 3427 autem
1102 3384 1290 3431 sancta
1339 3376 1587 3435 Romana
1624 3382 1863 3438 Ecclesia
1897 3396 2116 3458 propter
2221 3386 2447 3453 Christi,
2475 3394 2531 3441 et
2556 3385 2739 3438 vinum
2781 3384 2832 3436 in
2866 3383 3187 3452 sanguinem
3219 3382 3337 3450 ejus
3364 3394 3454 3449 per
3484 3388 3622 3429 suam

538 3463 784 3520 diversos
820 3482 1058 3533 errores,
1099 3484 1128 3523 a
1155 3471 1481 3541 quibusdam
1541 3492 1603 3530 ex
1659 3479 1987 3549 ignorantia,
2047 3484 2115 3540 ab
2219 3475 2452 3531 ctissimi
2488 3474 2724 3544 Spiritus
2760 3476 3016 3527 virtutem
3045 3482 3099 3526 et
3154 3472 3599 3537 operationem;a
3624 3458 3745 3513 nobls

540 3546 667 3613 aliis
697 3574 762 3613 ex
800 3561 1007 3616 n'alitia
1038 3564 1401 3627 introductos,
1445 3567 1577 3623 dicit
1619 3546 2115 3639 etprazdicatvcos,
2221 3570 2422 3624 iterum
2461 3583 2527 3621 ex
2582 3566 2905 3621 fermentato
2937 3562 3249 3619 confectum
3289 3574 3441 3631 pane,
3491 3562 3746 3609 sacramen-

536 3652 632 3723 qui
668 3662 792 3723 post
833 3653 1162 3724 baptismum
1211 3658 1263 3711 in
1301 3669 1521 3727 peccata
1556 3661 1834 3727 labuntur,
1869 3680 1974 3718 non
2030 3682 2120 3720 re-
2223 3673 2339 3716 tum
2380 3661 2541 3715 etiam
2579 3659 2710 3713 illud
2748 3659 3155 3728 cognoscimus.
3191 3654 3359 3722 Ωιιοά
3389 3661 3437 3706 et
3470 3653 3746 3743 conservam

537 3744 924 3815 baptizandos,
975 3747 1069 3803 sed
1105 3765 1200 3819 per
1233 3765 1417 3805 veram
1465 3754 1844 3821 paenitentiam
1892 3772 2112 3811 suorum
2223 3765 2306 3813 tes
2335 3758 2481 3812 sicut
2519 3771 2549 3810 a
2583 3752 2852 3825 principio
2902 3751 3064 3806 nobis
3099 3751 3363 3805 traditum
3395 3744 3749 3801 :credimusSI-

533 3852 695 3908 posse
726 3841 988 3911 consequi
1018 3843 1232 3897 veniam
1264 3853 1635 3912 peccatorum,
1668 3856 1721 3900 et
1751 3849 1795 3902 si
1822 3863 1946 3904 rere
1997 3867 2097 3921 pce

2225 3853 2431 3909 militer
2457 3853 2632 3923 ipsum
2663 3866 2856 3920 panem
2893 3863 3018 3903 vere
3063 3839 3561 3901 transsubstantiari
3593 3835 3636 3888 in
3656 3842 3749 3923 sol“

537 3930 776 3999 nitentes
806 3931 860 3986 in
889 3933 1158 3988 charitate
1199 3935 1558 4004 decesserint,
1590 3948 1883 4009 antequam
1936 3942 2116 4012 dignis
2224 3962 2349 4017 pus,
2395 3955 2450 4000 et
2479 3921 2667 4000 vinum
2729 3942 2784 3997 in
2837 3940 3162 4010 sanguinem
3207 3936 3416 3992 Domini
3467 3926 3621 3986 nostri
3652 3921 3747 4019 Jestt

536 4023 872 4090 pcenitentite
916 4025 1185 4080 fructibus
1213 4027 1280 4082 de
1311 4030 1622 4085 commissis
1658 4031 2027 4087 satisfecerint
2063 4044 2120 4089 et
2231 4038 2437 4095 Christi
2470 4053 2567 4108 per
2599 4019 2932 4091 sanctissimi
2967 4030 3228 4101 Spiritus,
3258 4038 3316 4083 ut
3342 4027 3538 4080 dictum
3557 4023 3645 4108 est,
3669 4023 3749 4108 vus

539 4113 784 4177 omissis,
817 4129 1007 4171 eorum
1029 4116 1244 4172 animas
1272 4118 1323 4171 in
1353 4119 1476 4188 igne
1501 4122 1800 4190 purgatorii
1828 4133 1951 4193 post
1974 4139 2103 4178 mor-

2225 4139 2397 4186 tutem
2452 4104 2508 4185 et
2563 4127 2959 4198 operationem.
3017 4120 3433 4178 Sacrameutum
3490 4104 3745 4198 orditli8__cl

538 4214 649 4257 tem
685 4210 941 4275 purgari;
996 4217 1051 4262 et
1080 4208 1146 4263 ad
1178 4224 1371 4279 poenas
1431 4212 1744 4283 lnijusmodi
1796 4216 2102 4272 relevanda:

2225 4228 2404 4292 ipsum
2428 4190 2834 4293 amplectentes
2867 4219 3195 4271 conﬁtemur
3231 4221 3284 4269 et
3319 4206 3617 4279 recipimus.
3664 4190 3744 4246 lla-

539 4296 804 4365 prodesse
838 4297 905 4352 iis
939 4296 1178 4351 ﬁdelium
1209 4300 1456 4354 vivorum
1485 4302 1772 4371 suﬂ‘ragia,
1824 4303 2118 4359 Missarum
2227 4313 2569 4377 trimonium,
2630 4312 2695 4365 de
2724 4324 2835 4380 quo
2887 4316 3035 4362 tenet
3093 4306 3209 4376 ipsa
3260 4302 3497 4359 Ecclesia
3535 4294 3745 4349 Romam.

537 4389 749 4445 scilicet
799 4391 1090 4455 sacriﬁcia,
1147 4394 1445 4456 orationes,
1503 4394 1878 4465 eleeniosynas
1929 4406 1984 4450 et
2020 4396 2121 4451 alia
2225 4403 2377 4476 quod
2410 4419 2510 4458 nec
2554 4418 2696 4456 unus
2726 4402 2808 4455 vir
2837 4399 3022 4469 plures
3052 4410 3257 4451 uxores
3309 4390 3489 4457 simul,
3542 4397 3631 4440 nec
3667 4386 3744 4430 tma

535 4482 759 4552 pietatis
788 4481 987 4548 oliicia,
1035 4499 1158 4554 quae
1201 4500 1229 4538 a
1259 4485 1513 4541 ﬁdelibus
1546 4487 1662 4541 ﬁeri
1713 4500 2121 4543 consueverunt
2231 4497 2429 4552 mulier
2468 4495 2629 4549 simul
2661 4492 2866 4547 habere
2904 4489 3239 4560 permittitur
3262 4486 3443 4557 plures
3487 4478 3651 4539 viros;

542 4577 847 4630 secundum
905 4575 1163 4633 Ecclesiae
1198 4578 1481 4646 instituta;
1538 4590 1594 4636 et
1646 4581 1861 4636 illorum
1900 4582 2118 4652 quidem
2156 4647 2196 4660 ἢ
2232 4589 2345 4643 luta
2404 4603 2532 4643 vero
2584 4588 2696 4654 lege
2751 4581 3086 4637 matrimonii
3150 4595 3244 4650 per
3296 4585 3518 4633 mortem
3572 4572 3744 4660 alterius

542 4666 777 4732 animas,
807 4683 928 4737 quae
977 4679 1101 4738 post
1149 4685 1366 4726 sacrum
1426 4673 1761 4742 baptismum
1808 4686 2122 4746 susceptum
2156 4647 2202 4703 θ
2233 4679 2552 4748 conjugum,
2601 4676 2893 4738 secundas,
2937 4682 2991 4726 et
3025 4672 3234 4735 tertias,
3293 4679 3345 4724 et
3372 4663 3554 4723 deinde
3580 4663 3747 4751 nupﬂaf

530 4755 750 4811 "nullam
802 4757 1027 4813 omnino
1081 4761 1285 4828 peccati
1322 4762 1589 4816 maculam
1623 4762 1971 4829 incurrerint,
2003 4766 2093 4819 illa

2236 4772 2478 4841 legitime
2509 4769 2677 4822 iactas
2705 4767 2782 4839 (ὓ)
2816 4766 3130 4821 successive
3186 4763 3362 4817 licitas
3410 4773 3526 4814 esse
3551 4751 3681 4810 dicit.
3705 4756 3746 4841 fl

549 4855 739 4920 etiam,
775 4870 896 4926 quae
924 4864 1048 4925 post
1080 4856 1408 4927 baptismum
1442 4857 1708 4911 maculam
1744 4859 1952 4927 peccati
1988 4873 2124 4913 con-
2237 4862 2689 4933 impedimentum
2731 4858 3082 4922 canonicum,
3135 4867 3189 4911 et
3231 4869 3394 4910 causa
3430 4849 3527 4905 alia
3560 4857 3650 4898 non
3671 4834 3747 4933 ὀδ·

549 4958 874 5011 traxerunt,
924 4949 1006 5003 vel
1060 4951 1112 5003 in
1162 4950 1278 5003 suis
1313 4958 1597 5005 manentes
1649 4952 2007 5021 corporibus}.
2046 4952 2125 5005 vel
2236 4929 2395 5009 sistat
2432 4972 2445 5007 :
2483 4952 2783 5022 recipimus
2835 4950 3024 5005 eodem
3077 4949 3264 5013 modo,
3308 4945 3455 5001 etde
3497 4941 3599 5008 ipso
3639 4929 3746 4985 idem

549 5040 752 5095 eisdem
783 5051 982 5109 exuta,
1015 5042 1160 5097 sicut
1184 5043 1439 5112 superius
1472 5043 1679 5097 dictum
1709 5055 1813 5111 est,
1836 5056 1966 5101 sunt
1991 5063 2124 5118 pur-
2238 5046 2477 5101 dicimus
2494 5060 2594 5099 nos
2642 5042 2951 5097 Extremam
2977 5046 3288 5097 unctionem
3321 5037 3475 5093 etiam
3502 5032 3650 5100 ipsam
3679 5032 3745 5118 re-

554 5146 712 5208 gataz,
747 5151 873 5190 mox
904 5135 956 5189 in
993 5136 1216 5191 cmleste
1249 5151 1476 5204 regnum
1509 5136 1679 5206 recipi
1721 5154 1734 5190 :
1778 5137 1993 5192 illorum
2026 5155 2128 5194 au-
2242 5138 2498 5207 cipimus,
2532 5136 2784 5192 similiter
2815 5150 2938 5191 cum
2968 5134 3113 5198 aliis,
3147 5147 3269 5200 quae
3320 5140 3372 5184 et
3404 5143 3434 5180 a
3477 5122 3616 5177 [tubis
3635 5110 3745 5211 rele-

553 5242 658 5285 tem
711 5230 949 5293 animas,
1019 5226 1112 5296 qui
1149 5241 1273 5280 cum
1327 5228 1543 5281 mortali
1581 5238 1825 5298 peccato,
1859 5231 1939 5285 vel
2000 5247 2125 5284 cum
2237 5230 2387 5286 brata
2415 5230 2813 5300 eptapapadum
2834 5226 2910 5298 (6)
2930 5224 3265 5281 nominatur.
3293 5220 3460 5275 Unum
3481 5211 3742 5303 summattlll

556 5323 673 5379 solo
700 5322 952 5392 originali
1005 5319 1296 5384 decedunt,
1342 5337 1466 5374 nio:
1507 5322 1559 5375 in
1592 5321 1867 5376 infernum
1897 5324 2128 5378 descen-
2236 5323 2485 5378 dicamus
2525 5339 2539 5376 :
2568 5337 2691 5375 cum
2734 5321 2851 5374 haec
2874 5318 3061 5374 omnia
3091 5317 3170 5371 sic
3197 5320 3491 5405 veneretur,
3516 5312 3562 5357 et
3594 5304 3744 5405 prim?
3808 5390 3817 5405 ο

549 5418 701 5479 dere,
739 5384 916 5485 pdeni‘s
944 5410 1255 5480 disparibus
1286 5414 1626 5482 puniendos;
1659 5424 1709 5467 et
1749 5417 1893 5482 quod
1927 5414 2129 5468 nihilo-
2239 5426 2325 5469 cet
2353 5415 2495 5470 dicta
2523 5424 2713 5469 sancta
2747 5412 2989 5467 Ecclesia
3038 5408 3302 5469 Romana,
3339 5399 3588 5457 credimus
3614 5384 3739 5485 ult“:

552 5507 740 5562 minus
788 5507 842 5561 in
872 5503 1175 5574 diejudicii
1207 5520 1399 5561 omnes
1447 5508 1697 5561 homines
1738 5515 1865 5561 ante
1890 5507 2134 5562 tribunal
2237 5510 2436 5574 cimus,
2465 5510 2609 5578 quod
2660 5523 2806 5570 vere.
2853 5505 3083 5559 ﬁdeliter
3110 5511 3164 5556 et
3201 5496 3491 5609 OIIIIOtiOXC
3528 5486 3675 5609 33:3:
3699 5475 3741 5609 ἐξ

546 5598 757 5655 Christi
792 5614 916 5652 cum
948 5599 1065 5654 suis
1118 5600 1444 5669 corporibus
1500 5599 1914 5668 comparebunt,
1952 5600 2133 5654 reddi-
2166 5610 2169 5619 ’
2240 5601 2500 5671 praedicat
2557 5601 2675 5670 ipsa
2707 5607 2895 5654 sancta
2956 5595 3195 5651 Ecclesia
3231 5589 3461 5643 Romana
3491 5583 3675 5633 :tamcn
3699 5576 3722 5612 ο

622 5809 695 5875 (5)
740 5807 869 5864 Erat
898 5808 1015 5864 sine
1065 5807 1232 5862 dubio
1274 5807 1481 5870 Graece,
1526 5806 1621 5859 καὶ
1675 5807 1803 5869 τοὺς
1863 5807 1986 5879 ἑξῆς
2027 5806 2126 5874 γά-

2038 5806 2126 5874 Υά·
2319 5806 2394 5877 (θ)
2432 5805 2555 5863 Cor.
2589 5805 2932 5860 suc/iazleum.
2966 5801 3098 5859 Nam
3130 5798 3310 5854 Graece
3336 5788 3602 5861 εὖχέλαιον.

535 5894 713 5944 ,μου-ς,
748 5882 846 5933 hoc
886 5891 990 5946 est,
1024 5889 1070 5931 et
1100 5886 1467 5947 consequentes
1493 5878 1724 5946 nuptias.
