3962 6398
277 419 389 486 9i!)

1261 399 1920 470 DE‘DEPOSITIONE
1970 399 2118 461 SUA
2165 394 2393 456 ORAT.
2428 391 2481 455 Ι.

3438 380 3559 442 95η

293 551 375 590 Sic
404 531 669 587 debemus
718 540 820 583 nos
871 539 1188 597 permanere
1241 520 1765 579 incommutabiliter
1803 517 1860 572 in
1888 523 1938 583 Α
1966 514 2084 568 sine
2114 511 2327 567 delectu
2357 515 2544 563 nostra
2584 501 2822 560 Ecclesia
2851 497 3151 597 secundum
3192 496 3545 597 ii-deicrtho-

270 589 511 683 .ritibus,
547 618 640 686 qui
693 631 720 671 a
750 589 1020 686 principio
1075 613 1289 670 obtenti'
1341 622 1468 667 sunt
1523 611 1577 664 in
1623 607 1866 663 Ecclesia
1965 606 2120 661 doxze
2171 603 2508 658 intellectum
2564 605 2764 653 sanctze
2814 593 3127 662 apostolleze
3192 589 3550 686 MatrisAom-

287 720 500 766 nostra.
549 707 675 764 Hau.
728 707 914 762 omnia
969 707 1342 778 suprascripta
1391 705 1457 759 ad
1494 699 1866 758 confirmatio-

288 819 415 860 nem
471 802 840 873 plenissimam
872 807 1209 871 exponentes
1270 795 1645 866 abnegationis
1727 793 1873 849 schi-

296 894 496 951 smatis
549 905 602 948 et
635 909 784 964 pura:
811 908 876 949 ac
912 908 1057 947 verae
1083 901 1283 947 nostrae
1325 887 1648 944 obedientiaa
1671 887 1736 942 ad
1766 885 1872 956 pri-

1967 701 2118 754 nium
2149 696 2508 752 ecclesiarum
2547 690 2808 745 Ecclesiae
2861 687 3143 746 Romanae,
3178 695 3364 736 nostra
3401 683 3546 735 lmlla

1967 800 2228 851 consueta
2265 786 2668 848 roboravimus,
2717 797 2905 834 mense
2949 777 3173 847 Aprilis.
3228 777 3432 845 quintae
3467 776 3550 826 in-

1969 884 2252 948 dictionis,
2287 880 2425 934 sexti
2451 875 2654 930 milleni
2692 872 2908 943 septimi
2953 869 3166 925 centeni
3224 866 3546 937 octogesimi

289 995 506 1040 rnatum
542 962 801 1041 Ecclesiae
829 983 1110 1050 Romanae,
1158 992 1213 1039 et
1243 980 1778 1052 reprmsentationem
1810 987 1866 1033 et
1971 974 2150 1048 quinti
2201 973 2334 1027 anni
2387 970 2485 1040 (7),
2541 967 2782 1023 Secundo
2845 980 2987 1019 anno
3046 962 3396 1033 pentiiicatus
3452 975 3551 1013 no-

285 1075 839 1141 demonstrationem,
889 1074 1032 1146 quod
1080 1089 1312 1130 concors
1358 1071 1428 1127 sit
1465 1071 1778 1144 plenissime
1812 1081 1865 1125 et
1971 1067 2096 1124 stri.

362 1253 442 1320 (7)
505 1254 693 1307 Annus
737 1253 1046 1308 Graacorum
1129 1251 1271 1306 6785
1323 1250 1614 1322 respondet
1666 1256 1855 1303 nostro
1896 1246 2058 1301 19.77.

1158 1451 1581 1465 Μ

2205 1440 2481 1458 *κ

1421 1605 1767 1738 ΤΟΥ
1856 1598 2432 1732 ΑΥΤΟΥ

813 1838 970 1892 ΠΕΡΙ
1008 1835 1305 1902 ΑΔΙΚΙΛΣ,
1343 1837 1431 1891 ΗΣ
1462 1834 1760 1900 ΥΠΕΣΤΙΙ,
1795 1836 1932 1890 ΤΟΥ
1976 1833 2264 1889 ΟΙΚΕΙΟΥ
2304 1832 2581 1886 ΘΡΟΝΟΥ
2615 1829 3001 1883 ΛΠΕΛΛΘΕΙΣ

1573 2125 2289 2255 EJUSDEM

527 2365 626 2425 DE
670 2362 1114 2426 INJUSTITIA
1169 2361 1328 2436 QUA
1375 2360 1778 2424 AFFECTUS
1827 2361 1974 2421 EST
2012 2406 2026 2432 ,
2099 2361 2149 2419 A
2194 2353 2551 2420 PROPRIO
2603 2355 2934 2418 ΤΠΒοΝο
2993 2355 3362 2418 EJECTUS.

1623 2527 1830 2589 (Gracia
1861 2526 2053 2576 orthod.
2081 2533 2118 2576 t.
2154 2526 2238 2584 ll.)

375 2817 445 2864 α’.
489 2829 507 2861 ι
565 2807 916 2878 Ἐσιώπησα,
964 2807 1040 2879 μὴ
1077 2809 1175 2863 καὶ
1214 2809 1384 2862 εἰσέτι
1414 2810 1814 2880 σιωπήσωμαι,
1859 2825 1876 2862 ι

2058 2813 2108 2866 1.
2139 2809 2409 2864 Diuturno
2438 2806 2657 2864 silentio
2681 2805 2747 2861 ad
2778 2807 2894 2863 haec
2915 2814 3156 2872 tempora
3189 2821 3341 2873 usus,
3365 2820 3570 2861 meam-

312 2903 415 2955 Ἐκ
468 2899 563 2954 τοῦ
620 2899 848 2953 Ἡσαΐου
907 2899 1085 2969 ῥητῶν
1139 2899 1232 2952 τὸν
1266 2899 1360 2952 νῦν
1393 2899 1665 2968 ἀπῧλογον
1693 2917 1882 2972 προοι-

305 2994 605 3064 μιάσομαι.
639 2991 748 3045 Καὶ
797 2990 1047 3062 Σολομῶν
1080 2991 1138 3044 δέ
1197 3010 1287 3062 μοι
1331 2992 1410 3063 τῷ
1464 2993 1735 3063 προοιμίῳ
1762 2995 1882 3046 ὲπι-

303 3085 703 3156 συγκροτήσει,
746 3085 940 3153 καιρὸν
971 3083 1187 3153 σιωπῆς
1221 3087 1316 3138 καὶ
1373 3085 1564 3154 καιρὸν
1589 3085 1750 3154 λόγου
1789 3102 1883 3138 σα-

303 3176 427 3245 φῶς
481 3176 832 3246 ὁρισάμενος.
883 3176 1006 3228 Ὀτι
1061 3175 1117 3229 δὲ
1154 3177 1228 3246 μὴ
1281 3176 1390 3230 ἀπὸ
1446 3175 1608 3245 λόγου
1669 3177 1732 3229 τὸ
1787 3177 1885 3246 τῆς

306 3267 530 3340 σιωπῆς
555 3267 931 3339 ᾑρετισάμεθα
958 3269 1316 3339 πρόσκαιρον,
1349 3269 1440 3323 τὸν
1474 3268 1632 3338 λόγον
1661 3270 1742 3333 είς
1767 3286 1890 3322 και-

309 3362 406 3433 ρὸν
462 3361 955 3430 ἀποταμιεύοντες,
1018 3363 1048 3414 ὁ
1098 3361 1403 3432 εὐγνώμων
1453 3363 1726 3433 διακρινεῖ
1778 3362 1910 3416 τῶν·

310 3453 603 3524 ἡμετέρων
634 3452 808 3522 λόγων
852 3455 1149 3524 ἀκροατής.
1185 3453 1401 3508 Πολλῶν
1459 3454 1517 3508 δὲ
1549 3455 1658 3508 τῶν
1710 3455 1888 3524 εὐχῶν

314 3548 449 3616 ἡμῖν
501 3545 659 3616 χρεία
692 3602 695 3605 _
726 3547 1087 3617 εὐγνωμόνων
1137 3546 1423 3614 ἀκροατῶν
1474 3546 1887 3614 ὲπιτεύξασθαι,

313 3641 400 3692 ὅτι
436 3655 498 3706 γε
531 3640 564 3708 ἡ
612 3638 858 3709 διαϐολὴ,
895 3638 1032 3709 πρὸς
1075 3639 1142 3710 ἢν
1183 3641 1280 3692 καὶ
1313 3638 1757 3711 ἀπολογούμεθα,
1791 3639 1891 3710 οὐχ

308 3731 432 3794 ἕνα,
477 3730 570 3782 καὶ
597 3727 711 3794 δύο,
764 3731 858 3782 καὶ
889 3730 1045 3796 δέκα,
1081 3731 1176 3784 καὶ
1211 3731 1356 3800 τρὶς,
1387 3731 1420 3802 ἢ
1455 3731 1702 3794 δεκάκις,
1734 3731 1767 3800 ἢ
1795 3733 1892 3784 καὶ

312 3820 673 3882 ἑκατοντάκις
701 3821 992 3882 τοσούτους
1045 3819 1232 3890 ἴσχυσε
1278 3819 1401 3874 καθ’
1461 3819 1620 3890 ἡμῶν
1654 3820 1894 3890 ἐκταρά-

310 3910 426 3975 ξαι,
461 3911 600 3964 ἀλλά
640 3911 866 3981 σύμπαν
894 3912 952 3964 τὺ
984 3911 1108 3965 καθ’
1165 3913 1314 3982 ἡμᾶς
1343 3912 1495 3974 ἔθνος
1551 3911 1756 3982 σχεδὸν,
1795 3913 1891 3965 καὶ

308 4004 417 4056 οὐκ
445 4003 509 4057 ἃν
534 4002 734 4073 ῥᾳδίως
767 4003 983 4067 ἐξέσται
1015 4004 1149 4074 ἡμῖν
1179 4003 1317 4074 πρὸς
1347 4002 1606 4057 τοσοῦτον
1636 4003 1892 4074 διαϐολῆς

1986 2920 2053 2960 ne
2083 2905 2135 2958 in
2174 2911 2454 2973 posterum
2493 2914 2684 2956 vocem
2717 2899 3124 2970 comprimam?
3157 2897 3233 2953 Ex
3264 2897 3417 2955 Isaiae
3443 2915 3568 2957 ver-

1986 2996 2070 3051 bis
2101 2994 2385 3064 praesentis
2407 2991 2670 3048 orationis
2695 2991 2980 3047 exordium
3020 3006 3259 3047 sumam.
3307 2992 3569 3046 Salomon

1986 3099 2207 3156 quoque
2281 3084 2582 3155 procemio,
2654 3082 2853 3139 silentii
2904 3091 2960 3138 et
3017 3083 3275 3152 loquendi
3326 3093 3572 3153 tempora

1987 3177 2371 3247 praescribens,
2404 3177 2684 3246 suppetias
2716 3174 2872 3231 feret.
2919 3173 3030 3230 Nos
3076 3189 3206 3230 vero
3241 3191 3348 3229 non
3380 3185 3576 3245 praeter

1989 3270 2254 3325 rationem
2287 3268 2563 3323 silentium
2618 3267 2682 3322 ad
2713 3277 2930 3337 tempus
2954 3265 3266 3320 voluntarie
3291 3267 3451 3320 nobis
3485 3267 3573 3320 in-

1989 3362 2212 3428 dixisse,
2258 3361 2526 3431 benignus
2555 3374 2858 3428 equusque
2899 3367 3216 3413 nostrorum
3258 3373 3573 3412 sermonum

1989 3453 2288 3509 sesumator
2349 3453 2677 3522 auditorque
2728 3451 3074 3522 dijudicabit.
3144 3449 3330 3505 Multis
3391 3459 3572 3505 autem

1992 3545 2244 3616 precibus
2275 3544 2436 3599 nobis
2467 3559 2605 3614 opus
2631 3553 2735 3611 est,
2765 3552 2823 3598 ut
2850 3543 3117 3614 benignos
3132 3543 3411 3598 auditores
3437 3558 3575 3597 nan-

1990 3638 2287 3702 ciscamur,
2324 3636 2467 3707 quod
2494 3635 2790 3700 calumnia,
2821 3637 2906 3690 cui
2942 3637 3274 3704 respondere
3303 3651 3577 3706 praepara-

1990 3743 2135 3793 mur,
2187 3742 2298 3783 non
2355 3742 2526 3781 unum
2573 3726 2658 3780 vel
2685 3726 2816 3790 duo,
2858 3726 2941 3780 vel
2997 3726 3184 3781 decem
3221 3739 3274 3782 et
3323 3737 3432 3782 tres
3483 3735 3578 3780 aut

1991 3821 2173 3877 decies
2204 3821 2286 3875 vel
2333 3820 2539 3876 centies
2575 3827 2652 3875 tot
2680 3819 2816 3875 alios
2861 3819 3156 3876 adversum
3206 3835 3582 3887 noscontmo—

1991 3927 2119 3968 vere
2148 3913 2344 3982 potuit,
2371 3911 2466 3968 sed
2493 3919 2660 3967 totam
2693 3911 2806 3968 fere
2856 3911 2998 3968 hanc
3047 3920 3291 3967 nostram
3337 3920 3577 3981 gentem,

1993 4013 2047 4060 et
2073 4020 2182 4060 non
2212 4004 2286 4057 ita
2318 4003 2482 4059 facile
2533 4004 2695 4060 nobis
2731 4003 2921 4068 fuerit,
2971 4003 3039 4059 ad
3077 4012 3241 4058 tanta:
3289 4005 3580 4059 calumnia:

312 4094 792 4164 ἀνταγωνίσασθαι
844 4093 1101 4164 μέγεθος,
1160 4095 1210 4149 εί
1273 4097 1345 4166 μή
1384 4111 1446 4163 γε
1491 4096 1698 4149 ἀνωθεν
1732 4097 1758 4149 ὁ
1791 4096 1891 4166 τῆς

1997 4097 2426 4166 magnitudinem
2459 4104 2648 4151 contra
2688 4095 2992 4160 decertare,
3028 4095 3133 4151 nisi
3177 4095 3412 4167 desuper
3432 4097 3580 4151 veri-

313 4157 581 4255 ἀληθείας
620 4157 943 4257 ὲπευδοκοίτγ
973 4157 1126 4250 Θεδς.
1167 4157 1416 4257 Ναὶ.
1455 4187 1565 4243 διαὶ
1614 4187 1772 4240 τοῦτο

2000 4189 2125 4244 ta'tis
2155 4186 2297 4242 Deus
2324 4201 2484 4257 opem
2513 4188 2722 4255 tulerit,
2757 4187 2812 4242 in
2845 4203 2956 4257 quo
2985 4203 3108 4242 cum
3141 4203 3290 4257 spem
3318 4157 3576 4244 nostram

315 4275 528 4340 ποιθὼς
575 4276 830 4347 ἀληθῶς,
889 4277 1030 4349 πρὸς
1073 4277 1166 4331 τὸν
1221 4277 1491 4347 ἀπόλογον
1547 4278 1892 4349 ἀποδύομαι,

314 4371 558 4439 ἐμαυτόν
580 4387 640 4422 τε
668 4368 800 4440 παρ’
837 4369 1004 4424 αὐτοῦ
1036 4370 1130 4424 ἐπὶ
1160 4373 1282 4436 ταῖς
1304 4371 1544 4435 δικαίαις
1573 4372 1896 4442 ἀπολογίαις

312 4461 748 4516 κατευθύνεσθαι
782 4462 1122 4532 προσδοκῶν,
1153 4465 1248 4518 καὶ
1279 4465 1405 4528 τοὺς
1438 4465 1720 4536 ἀκροατὰς
1745 4467 1895 4519 έκεῖ-

315 4555 416 4607 θεν
449 4554 764 4624 ὀδηγεῖσθαι
824 4553 1094 4608 πιστεύων
1148 4555 1288 4626 πρὸς
1317 4556 1378 4610 τὸ
1412 4555 1512 4626 τῆς
1544 4556 1896 4628 διαγνώσεως

308 4645 577 4717 ἀρρεπὲς,
613 4646 708 4698 καὶ
736 4645 800 4716 δή
841 4661 934 4714 μοι
996 4645 1349 4716 ἐγχειρητέον
1406 4646 1485 4716 τῷ
1536 4645 1701 4718 λόγῳ.
1759 4647 1898 4718 Περὶ

308 4743 418 4811 τῆς
446 4741 612 4808 μέσον
646 4739 807 4811 ήμῶν
860 4757 919 4793 τε
971 4741 1067 4793 καὶ
1129 4739 1350 4794 Ἰταλῶν
1416 4739 1889 4813 ὲκκλησιαστικῆς

311 4835 591 4898 ἑνὼσεως,
618 4837 693 4899 ὡς
731 4833 860 4905 περὶ
896 4831 1096 4902 ἀδήλου
1131 4832 1324 4901 μηδενὶ
1357 4833 1708 4904 πράγματος,
1739 4834 1894 4889 οὐδὲν

312 4930 458 5002 πρὸς
485 4929 546 4982 τὸ
568 4929 743 4998 παρὸν
773 4927 935 4979 πλέον
961 4926 1094 4996 ὲρῶ,
1120 4924 1155 4994 ἢ
1185 4925 1270 4976 ὅτι
1299 4925 1544 4993 γέγονεν,
1575 4927 1651 4989 ὡς
1675 4924 1786 4996 ἄρα
1801 4929 1899 4981 καὶ

311 5025 538 5094 γέγονε,
566 5023 660 5075 καὶ
691 5023 874 5092 ἡμεῖς,
932 5013 1014 5074 οἷς
1065 5013 1178 5072 οἶδε
1235 5017 1418 5085 λόγοις
1444 5020 1478 5090 ἡ
1505 5019 1574 5072 τά
1595 5019 1720 5072 καθ’
1747 5021 1898 5091 ἡμᾶς

1997 4281 2366 4350 posuerimus,
2408 4279 2476 4334 ad
2519 4279 2930 4350 responsionem
2961 4281 3322 4351 accingimur,
3345 4291 3398 4336 ct
3447 4297 3584 4336 nos-

1998 4373 2260 4442 metipsos
2310 4373 2379 4427 ab
2425 4371 2616 4427 eodem
2667 4371 2722 4426 in
2771 4371 2935 4442 iustis
2988 4373 3075 4427 Itis
3132 4373 3582 4442 responsionibus

1999 4465 2313 4536 dirigendos
2348 4464 2465 4521 fore
2520 4465 2932 4532 existimantes,
2996 4477 3255 4536 certoque
3307 4475 3578 4529 tenentes,

2003 4559 2288 4614 auditores
2321 4558 2450 4613 inde
2511 4558 2578 4614 ad
2620 4567 2837 4614 rectum
2878 4559 3148 4630 judicium
3209 4559 3392 4628 dirigi,
3443 4559 3586 4613 hanc

2005 4656 2255 4704 nostram
2303 4647 2609 4703 orationem
2670 4647 3039 4718 aggredimur.
3097 4647 3175 4702 De.
3210 4647 3410 4703 unione
3445 4647 3585 4702 inter

2004 4750 2251 4798 nostram
2306 4750 2362 4797 et
2396 4740 2722 4796 Latinorum
2775 4726 3103 4805 Ecclesiam,
3129 4756 3254 4796 cum
3291 4755 3379 4796 res
3410 4741 3584 4795 omni-

2000 4834 2104 4890 bus
2129 4842 2332 4905 pateat,
2388 4833 2526 4889 nibil
2577 4834 2632 4888 in
2688 4833 2981 4905 prarsentia
3041 4834 3256 4899 dixero,
3303 4834 3408 4888 nisi
3439 4833 3583 4904 quod

2000 4937 2218 5000 peracta
2250 4936 2356 4996 est,
2391 4941 2458 4982 eo
2489 4927 2675 4991 modo,
2707 4941 2816 4998 quo
2869 4925 3012 4981 facta
3054 4935 3158 4991 est,
3189 4939 3244 4981 et
3294 4925 3454 4980 nobis
3495 4941 3586 4978 ra-

2003 5022 2294 5085 tionibus,
2353 5035 2493 5090 quas
2521 5018 2876 5074 Providentia
2928 5019 3168 5090 dirigens
3224 5019 3340 5073 haec
3397 5026 3609 5072 nostra-

309 5113 642 5183 διεξάγουσα
702 5114 957 5184 Πρόνοια,
1005 5112 1098 5166 τὸν
1158 5110 1558 5181 πατριαρχικδν
1613 5113 1714 5180 τῆς
1743 5112 1891 5166 Κων-

2003 5115 2202 5175 novit,
2266 5110 2665 5182 patriarehicus
2731 5110 3290 5179 Constantinopoleos
3355 5109 3586 5164 thronus

317 5207 818 5268 σταντινουπόλεως
876 5203 1283 5274 ὲπιστεύθημεν
1337 5203 1546 5271 Θρόνον,
1582 5204 1677 5257 καὶ
1721 5203 1783 5256 τὸ
1812 5205 1899 5260 διὰ

310 5299 419 5368 τὴν
455 5297 714 5368 ῥηθεῖσαν
739 5297 934 5351 ἕνωσιν
960 5295 1256 5350 σκάνδαλον
1295 5297 1385 5349 ἀνε
1397 5295 1602 5368 ρῤάγη,
1629 5296 1723 5349 καὶ
1746 5299 1772 5351 ὁ
1797 5298 1900 5369 τῆς

311 5393 521 5454 κακίας
579 5390 785 5462 πυρσὸς
825 5389 916 5441 ἐπὶ
949 5389 1091 5458 μέγα
1116 5389 1282 5461 ᾔρετο
1337 5389 1460 5442 καθ’
1497 5390 1759 5461 ἑκάστην,
1803 5391 1900 5445 κα)⁸

2001 5207 2368 5271 concretiitur,
2403 5215 2458 5261 et
2486 5207 2802 5260 scan-latum
2831 5214 3050 5274 pr0pter
3075 5205 3275 5259 dictam
3325 5203 3584 5257 unionem

2005 5303 2170 5356 latius
2205 5301 2452 5354 manavit
2485 5309 2540 5355 et
2587 5300 2962 5370 improbitatis
2992 5298 3172 5354 iacula
3209 5297 3438 5367 singulis
3468 5297 3587 5351 die-

2003 5394 2109 5448 bus
2137 5393 2316 5462 magis
2361 5406 2425 5445 ac
2471 5392 2644 5459 magis
2664 5391 2930 5456 excrevit,
2967 5399 3021 5444 et
3071 5387 3252 5458 populi
3295 5387 3365 5442 ab
3393 5389 3590 5456 seipsis

312 5485 440 5539 λαοὶ
468 5483 564 5538 ἀπ’
587 5483 833 5554 ἀλλήλων
874 5482 1174 5552 ἐσχίζοντο,
1238 5484 1333 5536 καὶ
1361 5486 1526 5554 ἱερεῖς
1563 5485 1756 5555 ἱερέων
1785 5484 1891 5538 διε-

2008 5484 2421 5546 scindebantur,
2466 5493 2521 5538 ct
2569 5485 2883 5538 sacerdotes
2914 5499 2942 5537 a
2971 5480 3349 5537 sacerdotibus
3383 5480 3592 5535 divide-

317 5575 624 5640 στέλλοντο,
669 5575 762 5628 καὶ
795 5574 965 5644 μυρία
1008 5573 1145 5628 ἄλλα
1170 5574 1576 5646 ὲπλημμελεῖτο
1599 5576 1770 5642 δεινὰ,
1815 5572 1898 5641 οἷς

320 5670 352 5720 ὁ
385 5669 486 5737 τῆς
540 5669 742 5731 κακίας
793 5668 1023 5739 εὑρετὴς
1075 5667 1352 5739 ὲγεγήθει,
1403 5671 1495 5723 καὶ
1540 5671 1896 5737 ὲπεγᾰιννυτο.

319 5762 389 5813 Τί
423 5760 556 5827 γοῦν
613 5761 750 5831 πρὸς
804 5760 998 5826 ταῦτα,
1029 5761 1074 5814 ῶ
1121 5762 1256 5833 πρὸς
1305 5764 1402 5832 τῆς
1429 5764 1659 5833 Τριάδος
1691 5766 1894 5835 αὖτῆςί

319 5853 472 5919 ἡμᾶς
503 5853 608 5906 ἔδει
642 5857 854 5918 ποιεῖν;
901 5852 1248 5919 ’Δναπεσεῖν,
1288 5856 1380 5908 καὶ
1412 5855 1556 5924 ὄκνῳ
1611 5853 1796 5908 δοῦναι
1832 5857 1914 5909 τὰ.

2007 5578 2228 5642 bantur,
2265 5583 2320 5632 et
2359 5591 2527 5646 prope
2551 5575 2836 5629 innumera
2871 5574 2979 5628 alia
3007 5573 3145 5627 mala
3174 5573 3592 5628 committeban-

2009 5682 2119 5734 tur,
2152 5669 2356 5739 quibus
2390 5667 2759 5738 improbitatis
2794 5676 2985 5720 auctor
3031 5665 3335 5730 cxsultans,
3373 5665 3560 5720 laetitia

2011 5761 2385 5816 differebatur.
2450 5759 2591 5825 Quid
2647 5757 2814 5828 igitur
2865 5748 2930 5813 ad
2990 5758 3123 5820 lucc,
3185 5773 3280 5829 per
3333 5757 3585 5812 Triadetu

2016 5857 2209 5924 ipsam,
2244 5854 2404 5912 nobis
2425 5853 2820 5910 intentandum
2866 5862 2982 5908 erat
3008 5852 3030 5906 ?
3056 5853 3283 5921 Cedere,
3314 5861 3368 5908 ct
3400 5850 3582 5920 segni-
