  <div class='ocr_page' id='page_1' title='image "/cluster/home/n/w/nwhite01/storage/ocr_20150623/141/coo.31924054870468/481.png"; bbox 0 0 3962 6414; ppageno 0'>
   <div class='ocr_carea' id='block_1_1' title="bbox 534 394 640 457">
    <p class='ocr_par' dir='ltr' id='par_1_1' title="bbox 534 394 640 457">
     <span class='ocr_line' id='line_1_1' title="bbox 534 394 640 457; baseline 0 0"><span class='ocrx_word' id='word_1_1' title='bbox 534 394 640 457; x_wconf 85' lang='grc'><strong>955</strong></span> 
     </span>
    </p>
   </div>
   <div class='ocr_carea' id='block_1_2' title="bbox 1557 392 3704 466">
    <p class='ocr_par' dir='ltr' id='par_1_2' title="bbox 1557 392 3704 466">
     <span class='ocr_line' id='line_1_2' title="bbox 1557 392 3704 466; baseline 0.006 -13"><span class='ocrx_word' id='word_1_2' title='bbox 1557 394 1772 456; x_wconf 84' lang='lat' dir='ltr'><strong>JOAN.</strong></span> <span class='ocrx_word' id='word_1_3' title='bbox 1816 394 2029 455; x_wconf 84' lang='lat' dir='ltr'><strong>VECCI</strong></span> <span class='ocrx_word' id='word_1_4' title='bbox 2063 393 2174 454; x_wconf 88' lang='lat' dir='ltr'><strong>CP.</strong></span> <span class='ocrx_word' id='word_1_5' title='bbox 2214 392 2725 456; x_wconf 67' lang='lat' dir='ltr'><strong>PATRIARCHA!</strong></span> <span class='ocrx_word' id='word_1_6' title='bbox 3623 405 3704 466; x_wconf 77' lang='grc' dir='ltr'><strong>9ἰῦ</strong></span> 
     </span>
    </p>
   </div>
   <div class='ocr_carea' id='block_1_3' title="bbox 532 502 2090 583">
    <p class='ocr_par' dir='ltr' id='par_1_3' title="bbox 532 502 2090 578">
     <span class='ocr_line' id='line_1_3' title="bbox 532 502 2090 578; baseline 0.001 -20"><span class='ocrx_word' id='word_1_7' title='bbox 532 502 938 573; x_wconf 85' lang='lat' dir='ltr'><strong>chiepiscopum</strong></span> <span class='ocrx_word' id='word_1_8' title='bbox 999 503 1067 558; x_wconf 85' lang='lat' dir='ltr'><strong>ab</strong></span> <span class='ocrx_word' id='word_1_9' title='bbox 1126 502 1215 570; x_wconf 88' lang='lat' dir='ltr'><strong>iis,</strong></span> <span class='ocrx_word' id='word_1_10' title='bbox 1275 504 1367 574; x_wconf 86' lang='lat' dir='ltr'><strong>qui</strong></span> <span class='ocrx_word' id='word_1_11' title='bbox 1432 521 1531 561; x_wconf 90' lang='lat' dir='ltr'><strong>nec</strong></span> <span class='ocrx_word' id='word_1_12' title='bbox 1593 508 1856 578; x_wconf 82' lang='lat' dir='ltr'><strong>episcopi,</strong></span> <span class='ocrx_word' id='word_1_13' title='bbox 1928 508 2090 562; x_wconf 85' lang='lat' dir='ltr'><strong>multo</strong></span> 
     </span>
    </p>
   </div>
   <div class='ocr_carea' id='block_1_4' title="bbox 2192 502 3707 583">
    <p class='ocr_par' dir='ltr' id='par_1_4' title="bbox 2201 505 3707 583">
     <span class='ocr_line' id='line_1_4' title="bbox 2201 505 3707 583; baseline 0.007 -25"><span class='ocrx_word' id='word_1_14' title='bbox 2201 505 2312 559; x_wconf 85' lang='grc' dir='ltr'><strong>τῶν</strong></span> <span class='ocrx_word' id='word_1_15' title='bbox 2360 507 2435 578; x_wconf 80' lang='grc' dir='ltr'>μή</span> <span class='ocrx_word' id='word_1_16' title='bbox 2468 507 2550 560; x_wconf 89' lang='grc' dir='ltr'><strong>τοί</strong></span> <span class='ocrx_word' id='word_1_17' title='bbox 2580 524 2644 576; x_wconf 88' lang='grc' dir='ltr'><strong>γε</strong></span> <span class='ocrx_word' id='word_1_18' title='bbox 2694 507 3018 570; x_wconf 80' lang='grc' dir='ltr'><strong>ἐπισκόπου,</strong></span> <span class='ocrx_word' id='word_1_19' title='bbox 3043 507 3179 562; x_wconf 83' lang='grc' dir='ltr'><strong>ἀλλά</strong></span> <span class='ocrx_word' id='word_1_20' title='bbox 3202 509 3329 578; x_wconf 71' lang='grc' dir='ltr'>μηδὲ</span> <span class='ocrx_word' id='word_1_21' title='bbox 3358 510 3527 581; x_wconf 75' lang='grc' dir='ltr'>ἱερέως</span> <span class='ocrx_word' id='word_1_22' title='bbox 3571 513 3707 583; x_wconf 59' lang='lat' dir='ltr'><strong>Mona.</strong></span> 
     </span>
    </p>
   </div>
   <div class='ocr_carea' id='block_1_5' title="bbox 534 594 2106 671">
    <p class='ocr_par' dir='ltr' id='par_1_5' title="bbox 534 594 2106 671">
     <span class='ocr_line' id='line_1_5' title="bbox 534 594 2106 671; baseline 0.004 -24"><span class='ocrx_word' id='word_1_23' title='bbox 534 594 717 650; x_wconf 87' lang='lat' dir='ltr'><strong>minus</strong></span> <span class='ocrx_word' id='word_1_24' title='bbox 760 597 1059 650; x_wconf 76' lang='lat' dir='ltr'><strong>sacerdotis</strong></span> <span class='ocrx_word' id='word_1_25' title='bbox 1084 596 1348 666; x_wconf 81' lang='lat' dir='ltr'><strong>dignitate</strong></span> <span class='ocrx_word' id='word_1_26' title='bbox 1371 599 1668 670; x_wconf 70' lang='lat' dir='ltr'><strong>prazsiguiti</strong></span> <span class='ocrx_word' id='word_1_27' title='bbox 1699 610 1848 665; x_wconf 84' lang='lat' dir='ltr'><strong>sunt,</strong></span> <span class='ocrx_word' id='word_1_28' title='bbox 1875 601 2106 671; x_wconf 82' lang='lat' dir='ltr'><strong>deponi?</strong></span> 
     </span>
    </p>
   </div>
   <div class='ocr_carea' id='block_1_6' title="bbox 534 681 2106 748">
    <p class='ocr_par' dir='ltr' id='par_1_6' title="bbox 534 681 2106 748">
     <span class='ocr_line' id='line_1_6' title="bbox 534 681 2106 748; baseline 0.008 -12"><span class='ocrx_word' id='word_1_29' title='bbox 534 681 600 737; x_wconf 87' lang='lat' dir='ltr'><strong>Et</strong></span> <span class='ocrx_word' id='word_1_30' title='bbox 633 695 810 739; x_wconf 83' lang='lat' dir='ltr'><strong>tamen</strong></span> <span class='ocrx_word' id='word_1_31' title='bbox 857 688 1116 744; x_wconf 77' lang='lat' dir='ltr'><strong>adversus</strong></span> <span class='ocrx_word' id='word_1_32' title='bbox 1152 703 1250 744; x_wconf 91' lang='lat' dir='ltr'><strong>nos</strong></span> <span class='ocrx_word' id='word_1_33' title='bbox 1296 691 1571 745; x_wconf 84' lang='lat' dir='ltr'><strong>decretum</strong></span> <span class='ocrx_word' id='word_1_34' title='bbox 1623 706 1651 745; x_wconf 93' lang='lat' dir='ltr'><strong>a</strong></span> <span class='ocrx_word' id='word_1_35' title='bbox 1699 692 1969 748; x_wconf 79' lang='lat' dir='ltr'><strong>similibus</strong></span> <span class='ocrx_word' id='word_1_36' title='bbox 2008 708 2106 748; x_wconf 78' lang='lat' dir='ltr'><strong>ex-</strong></span> 
     </span>
    </p>
   </div>
   <div class='ocr_carea' id='block_1_7' title="bbox 533 774 2101 852">
    <p class='ocr_par' dir='ltr' id='par_1_7' title="bbox 533 774 2101 852">
     <span class='ocr_line' id='line_1_7' title="bbox 533 774 2101 852; baseline 0.005 -23"><span class='ocrx_word' id='word_1_37' title='bbox 533 774 737 843; x_wconf 80' lang='lat' dir='ltr'><strong>templo</strong></span> <span class='ocrx_word' id='word_1_38' title='bbox 762 777 1172 844; x_wconf 90' lang='lat' dir='ltr'><strong>pronuntiatum</strong></span> <span class='ocrx_word' id='word_1_39' title='bbox 1204 787 1307 841; x_wconf 88' lang='lat' dir='ltr'><strong>est.</strong></span> <span class='ocrx_word' id='word_1_40' title='bbox 1345 788 1400 835; x_wconf 86' lang='lat' dir='ltr'><strong>et</strong></span> <span class='ocrx_word' id='word_1_41' title='bbox 1439 795 1601 836; x_wconf 91' lang='lat' dir='ltr'><strong>nemo</strong></span> <span class='ocrx_word' id='word_1_42' title='bbox 1633 797 1702 837; x_wconf 78' lang='lat' dir='ltr'><strong>ex</strong></span> <span class='ocrx_word' id='word_1_43' title='bbox 1733 782 1823 847; x_wconf 89' lang='lat' dir='ltr'><strong>iis,</strong></span> <span class='ocrx_word' id='word_1_44' title='bbox 1856 783 1950 852; x_wconf 88' lang='lat' dir='ltr'><strong>qui</strong></span> <span class='ocrx_word' id='word_1_45' title='bbox 1982 791 2101 837; x_wconf 86' lang='lat' dir='ltr'><strong>stu-</strong></span> 
     </span>
    </p>
   </div>
   <div class='ocr_carea' id='block_1_8' title="bbox 532 866 2095 939">
    <p class='ocr_par' dir='ltr' id='par_1_8' title="bbox 532 866 2095 939">
     <span class='ocr_line' id='line_1_8' title="bbox 532 866 2095 939; baseline 0.007 -22"><span class='ocrx_word' id='word_1_46' title='bbox 532 878 720 933; x_wconf 91' lang='lat' dir='ltr'><strong>porem</strong></span> <span class='ocrx_word' id='word_1_47' title='bbox 758 866 995 923; x_wconf 90' lang='lat' dir='ltr'><strong>hominis</strong></span> <span class='ocrx_word' id='word_1_48' title='bbox 1044 868 1181 924; x_wconf 87' lang='lat' dir='ltr'><strong>bene</strong></span> <span class='ocrx_word' id='word_1_49' title='bbox 1210 871 1433 939; x_wconf 88' lang='lat' dir='ltr'><strong>callent,</strong></span> <span class='ocrx_word' id='word_1_50' title='bbox 1468 872 1632 928; x_wconf 87' lang='lat' dir='ltr'><strong>dictis</strong></span> <span class='ocrx_word' id='word_1_51' title='bbox 1662 874 1869 930; x_wconf 78' lang='lat' dir='ltr'><strong>nostris</strong></span> <span class='ocrx_word' id='word_1_52' title='bbox 1906 875 2095 929; x_wconf 84' lang='lat' dir='ltr'><strong>adver-</strong></span> 
     </span>
    </p>
   </div>
   <div class='ocr_carea' id='block_1_9' title="bbox 531 955 2100 1034">
    <p class='ocr_par' dir='ltr' id='par_1_9' title="bbox 531 955 2100 1034">
     <span class='ocr_line' id='line_1_9' title="bbox 531 955 2100 1034; baseline 0.008 -24"><span class='ocrx_word' id='word_1_53' title='bbox 531 955 759 1013; x_wconf 85' lang='lat' dir='ltr'><strong>sahitur.</strong></span> <span class='ocrx_word' id='word_1_54' title='bbox 805 956 917 1030; x_wconf 78' lang='lat' dir='ltr'><strong>Ego</strong></span> <span class='ocrx_word' id='word_1_55' title='bbox 963 960 1324 1018; x_wconf 87' lang='lat' dir='ltr'><strong>nihilominus</strong></span> <span class='ocrx_word' id='word_1_56' title='bbox 1366 974 1419 1018; x_wconf 91' lang='lat' dir='ltr'><strong>et</strong></span> <span class='ocrx_word' id='word_1_57' title='bbox 1461 965 1553 1034; x_wconf 87' lang='lat' dir='ltr'><strong>jus</strong></span> <span class='ocrx_word' id='word_1_58' title='bbox 1605 965 1785 1021; x_wconf 83' lang='lat' dir='ltr'><strong>simile</strong></span> <span class='ocrx_word' id='word_1_59' title='bbox 1819 967 1887 1021; x_wconf 86' lang='lat' dir='ltr'><strong>ad</strong></span> <span class='ocrx_word' id='word_1_60' title='bbox 1918 982 2100 1023; x_wconf 67' lang='lat' dir='ltr'><strong>causa</strong></span> 
     </span>
    </p>
   </div>
   <div class='ocr_carea' id='block_1_10' title="bbox 529 1047 2101 1128">
    <p class='ocr_par' dir='ltr' id='par_1_10' title="bbox 529 1047 2101 1128">
     <span class='ocr_line' id='line_1_10' title="bbox 529 1047 2101 1128; baseline 0.011 -27"><span class='ocrx_word' id='word_1_61' title='bbox 529 1047 901 1107; x_wconf 73' lang='lat' dir='ltr'><strong>defensionem</strong></span> <span class='ocrx_word' id='word_1_62' title='bbox 951 1056 1299 1125; x_wconf 88' lang='lat' dir='ltr'><strong>aptissimum</strong></span> <span class='ocrx_word' id='word_1_63' title='bbox 1334 1061 1672 1128; x_wconf 67' lang='lat' dir='ltr'><strong>praeteriens,</strong></span> <span class='ocrx_word' id='word_1_64' title='bbox 1708 1064 1855 1118; x_wconf 86' lang='lat' dir='ltr'><strong>sicut</strong></span> <span class='ocrx_word' id='word_1_65' title='bbox 1901 1074 1986 1118; x_wconf 76' lang='lat' dir='ltr'><strong>est</strong></span> <span class='ocrx_word' id='word_1_66' title='bbox 2032 1062 2101 1119; x_wconf 91' lang='lat' dir='ltr'><strong>ab</strong></span> 
     </span>
    </p>
   </div>
   <div class='ocr_carea' id='block_1_11' title="bbox 528 1148 2102 1217">
    <p class='ocr_par' dir='ltr' id='par_1_11' title="bbox 528 1148 2102 1217">
     <span class='ocr_line' id='line_1_11' title="bbox 528 1148 2102 1217; baseline 0.011 -25"><span class='ocrx_word' id='word_1_67' title='bbox 528 1154 593 1192; x_wconf 89' lang='lat' dir='ltr'><strong>eo</strong></span> <span class='ocrx_word' id='word_1_68' title='bbox 620 1149 810 1197; x_wconf 90' lang='lat' dir='ltr'><strong>contra</strong></span> <span class='ocrx_word' id='word_1_69' title='bbox 844 1160 943 1201; x_wconf 90' lang='lat' dir='ltr'><strong>nos</strong></span> <span class='ocrx_word' id='word_1_70' title='bbox 979 1148 1251 1202; x_wconf 86' lang='lat' dir='ltr'><strong>sententia</strong></span> <span class='ocrx_word' id='word_1_71' title='bbox 1278 1149 1409 1217; x_wconf 88' lang='lat' dir='ltr'><strong>lata,</strong></span> <span class='ocrx_word' id='word_1_72' title='bbox 1453 1152 1597 1207; x_wconf 89' lang='lat' dir='ltr'><strong>hunc</strong></span> <span class='ocrx_word' id='word_1_73' title='bbox 1631 1152 1685 1206; x_wconf 90' lang='lat' dir='ltr'><strong>in</strong></span> <span class='ocrx_word' id='word_1_74' title='bbox 1731 1153 1954 1208; x_wconf 91' lang='lat' dir='ltr'><strong>modum</strong></span> <span class='ocrx_word' id='word_1_75' title='bbox 1984 1168 2102 1209; x_wconf 81' lang='lat' dir='ltr'><strong>res-</strong></span> 
     </span>
    </p>
   </div>
   <div class='ocr_carea' id='block_1_12' title="bbox 528 1231 2096 1313">
    <p class='ocr_par' dir='ltr' id='par_1_12' title="bbox 528 1231 2096 1313">
     <span class='ocr_line' id='line_1_12' title="bbox 528 1231 2096 1313; baseline 0.011 -32"><span class='ocrx_word' id='word_1_76' title='bbox 528 1231 762 1296; x_wconf 86' lang='lat' dir='ltr'><strong>pondeo.</strong></span> <span class='ocrx_word' id='word_1_77' title='bbox 804 1235 886 1288; x_wconf 85' lang='lat' dir='ltr'><strong>An</strong></span> <span class='ocrx_word' id='word_1_78' title='bbox 919 1246 1002 1291; x_wconf 88' lang='lat' dir='ltr'><strong>est</strong></span> <span class='ocrx_word' id='word_1_79' title='bbox 1028 1252 1301 1293; x_wconf 88' lang='lat' dir='ltr'><strong>canonum</strong></span> <span class='ocrx_word' id='word_1_80' title='bbox 1334 1232 1446 1295; x_wconf 81' lang='lat' dir='ltr'><strong>ullo</strong></span> <span class='ocrx_word' id='word_1_81' title='bbox 1464 1244 1783 1313; x_wconf 71' lang='lat' dir='ltr'><strong>prtescripto</strong></span> <span class='ocrx_word' id='word_1_82' title='bbox 1808 1254 2096 1309; x_wconf 90' lang='lat' dir='ltr'><strong>statutum,</strong></span> 
     </span>
    </p>
   </div>
   <div class='ocr_carea' id='block_1_13' title="bbox 525 1325 2094 1401">
    <p class='ocr_par' dir='ltr' id='par_1_13' title="bbox 525 1325 2094 1401">
     <span class='ocr_line' id='line_1_13' title="bbox 525 1325 2094 1401; baseline 0.012 -28"><span class='ocrx_word' id='word_1_83' title='bbox 525 1336 674 1384; x_wconf 90' lang='lat' dir='ltr'><strong>eum,</strong></span> <span class='ocrx_word' id='word_1_84' title='bbox 700 1327 791 1392; x_wconf 91' lang='lat' dir='ltr'><strong>qui</strong></span> <span class='ocrx_word' id='word_1_85' title='bbox 825 1325 876 1378; x_wconf 82' lang='lat' dir='ltr'><strong>in</strong></span> <span class='ocrx_word' id='word_1_86' title='bbox 913 1330 1234 1398; x_wconf 84' lang='lat' dir='ltr'><strong>occupando</strong></span> <span class='ocrx_word' id='word_1_87' title='bbox 1271 1332 1470 1389; x_wconf 84' lang='lat' dir='ltr'><strong>throno</strong></span> <span class='ocrx_word' id='word_1_88' title='bbox 1501 1336 1729 1391; x_wconf 75' lang='lat' dir='ltr'><strong>aemulus</strong></span> <span class='ocrx_word' id='word_1_89' title='bbox 1755 1346 1893 1401; x_wconf 89' lang='lat' dir='ltr'><strong>erat,</strong></span> <span class='ocrx_word' id='word_1_90' title='bbox 1927 1353 2094 1392; x_wconf 91' lang='lat' dir='ltr'><strong>unum</strong></span> 
     </span>
    </p>
   </div>
   <div class='ocr_carea' id='block_1_14' title="bbox 528 1418 2099 1500">
    <p class='ocr_par' dir='ltr' id='par_1_14' title="bbox 528 1418 2099 1500">
     <span class='ocr_line' id='line_1_14' title="bbox 528 1418 2099 1500; baseline 0.013 -35"><span class='ocrx_word' id='word_1_91' title='bbox 528 1418 925 1481; x_wconf 86' lang='lat' dir='ltr'><strong>tantummodo,</strong></span> <span class='ocrx_word' id='word_1_92' title='bbox 962 1429 1017 1476; x_wconf 91' lang='lat' dir='ltr'><strong>et</strong></span> <span class='ocrx_word' id='word_1_93' title='bbox 1061 1424 1213 1477; x_wconf 92' lang='lat' dir='ltr'><strong>nullo</strong></span> <span class='ocrx_word' id='word_1_94' title='bbox 1264 1427 1554 1494; x_wconf 74' lang='lat' dir='ltr'><strong>praesidum</strong></span> <span class='ocrx_word' id='word_1_95' title='bbox 1606 1427 1867 1499; x_wconf 78' lang='lat' dir='ltr'><strong>suffragio</strong></span> <span class='ocrx_word' id='word_1_96' title='bbox 1901 1446 2099 1500; x_wconf 86' lang='lat' dir='ltr'><strong>appro-</strong></span> 
     </span>
    </p>
   </div>
   <div class='ocr_carea' id='block_1_15' title="bbox 534 1504 2097 1595">
    <p class='ocr_par' dir='ltr' id='par_1_15' title="bbox 534 1504 2097 1595">
     <span class='ocr_line' id='line_1_15' title="bbox 534 1504 2097 1595; baseline 0.013 -37"><span class='ocrx_word' id='word_1_97' title='bbox 534 1504 741 1573; x_wconf 85' lang='lat' dir='ltr'><strong>hatum,</strong></span> <span class='ocrx_word' id='word_1_98' title='bbox 772 1511 849 1564; x_wconf 86' lang='lat' dir='ltr'><strong>vel</strong></span> <span class='ocrx_word' id='word_1_99' title='bbox 874 1511 1065 1581; x_wconf 85' lang='lat' dir='ltr'><strong>plausu</strong></span> <span class='ocrx_word' id='word_1_100' title='bbox 1094 1526 1380 1585; x_wconf 80' lang='lat' dir='ltr'><strong>exceptum</strong></span> <span class='ocrx_word' id='word_1_101' title='bbox 1410 1528 1598 1595; x_wconf 83' lang='lat' dir='ltr'><strong>contra</strong></span> <span class='ocrx_word' id='word_1_102' title='bbox 1628 1535 1781 1585; x_wconf 79' lang='lat' dir='ltr'><strong>etim,</strong></span> <span class='ocrx_word' id='word_1_103' title='bbox 1811 1523 1905 1591; x_wconf 88' lang='lat' dir='ltr'><strong>qui</strong></span> <span class='ocrx_word' id='word_1_104' title='bbox 1944 1522 2097 1579; x_wconf 90' lang='lat' dir='ltr'><strong>nullo</strong></span> 
     </span>
    </p>
   </div>
   <div class='ocr_carea' id='block_1_16' title="bbox 527 1600 2099 1684">
    <p class='ocr_par' dir='ltr' id='par_1_16' title="bbox 527 1600 2099 1684">
     <span class='ocr_line' id='line_1_16' title="bbox 527 1600 2099 1684; baseline 0.015 -35"><span class='ocrx_word' id='word_1_105' title='bbox 527 1600 790 1666; x_wconf 86' lang='lat' dir='ltr'><strong>synodico</strong></span> <span class='ocrx_word' id='word_1_106' title='bbox 821 1603 1040 1659; x_wconf 74' lang='lat' dir='ltr'><strong>decreto</strong></span> <span class='ocrx_word' id='word_1_107' title='bbox 1071 1616 1189 1661; x_wconf 86' lang='lat' dir='ltr'><strong>erat</strong></span> <span class='ocrx_word' id='word_1_108' title='bbox 1221 1609 1519 1676; x_wconf 82' lang='lat' dir='ltr'><strong>obnoxius,</strong></span> <span class='ocrx_word' id='word_1_109' title='bbox 1563 1613 1893 1669; x_wconf 88' lang='lat' dir='ltr'><strong>sententiam</strong></span> <span class='ocrx_word' id='word_1_110' title='bbox 1930 1616 2099 1684; x_wconf 89' lang='lat' dir='ltr'><strong>depo-</strong></span> 
     </span>
    </p>
   </div>
   <div class='ocr_carea' id='block_1_17' title="bbox 525 1687 2094 1772">
    <p class='ocr_par' dir='ltr' id='par_1_17' title="bbox 525 1687 2094 1772">
     <span class='ocr_line' id='line_1_17' title="bbox 525 1687 2094 1772; baseline 0.015 -32"><span class='ocrx_word' id='word_1_111' title='bbox 525 1687 769 1742; x_wconf 84' lang='lat' dir='ltr'><strong>sitariam</strong></span> <span class='ocrx_word' id='word_1_112' title='bbox 801 1691 1024 1748; x_wconf 85' lang='lat' dir='ltr'><strong>dicere?</strong></span> <span class='ocrx_word' id='word_1_113' title='bbox 1054 1694 1222 1751; x_wconf 89' lang='lat' dir='ltr'><strong>Dicite</strong></span> <span class='ocrx_word' id='word_1_114' title='bbox 1253 1712 1347 1766; x_wconf 90' lang='lat' dir='ltr'><strong>per</strong></span> <span class='ocrx_word' id='word_1_115' title='bbox 1377 1699 1565 1765; x_wconf 91' lang='lat' dir='ltr'><strong>Deum,</strong></span> <span class='ocrx_word' id='word_1_116' title='bbox 1591 1703 1792 1772; x_wconf 86' lang='lat' dir='ltr'><strong>quibus</strong></span> <span class='ocrx_word' id='word_1_117' title='bbox 1822 1721 2094 1763; x_wconf 89' lang='lat' dir='ltr'><strong>canonum</strong></span> 
     </span>
    </p>
   </div>
   <div class='ocr_carea' id='block_1_18' title="bbox 523 1780 2096 1868">
    <p class='ocr_par' dir='ltr' id='par_1_18' title="bbox 523 1780 2096 1868">
     <span class='ocr_line' id='line_1_18' title="bbox 523 1780 2096 1868; baseline 0.015 -36"><span class='ocrx_word' id='word_1_118' title='bbox 523 1780 829 1837; x_wconf 89' lang='lat' dir='ltr'><strong>observatio</strong></span> <span class='ocrx_word' id='word_1_119' title='bbox 876 1786 1203 1843; x_wconf 83' lang='lat' dir='ltr'><strong>demandata</strong></span> <span class='ocrx_word' id='word_1_120' title='bbox 1237 1799 1342 1854; x_wconf 91' lang='lat' dir='ltr'><strong>est,</strong></span> <span class='ocrx_word' id='word_1_121' title='bbox 1388 1793 1434 1846; x_wconf 91' lang='lat' dir='ltr'><strong>si</strong></span> <span class='ocrx_word' id='word_1_122' title='bbox 1483 1797 1788 1851; x_wconf 91' lang='lat' dir='ltr'><strong>canonibus</strong></span> <span class='ocrx_word' id='word_1_123' title='bbox 1829 1798 1930 1853; x_wconf 92' lang='lat' dir='ltr'><strong>ista</strong></span> <span class='ocrx_word' id='word_1_124' title='bbox 1960 1815 2096 1868; x_wconf 69' lang='lat' dir='ltr'><strong>prau-</strong></span> 
     </span>
    </p>
   </div>
   <div class='ocr_carea' id='block_1_19' title="bbox 2206 598 3705 673">
    <p class='ocr_par' dir='ltr' id='par_1_19' title="bbox 2206 598 3705 673">
     <span class='ocr_line' id='line_1_19' title="bbox 2206 598 3705 673; baseline 0.006 -25"><span class='ocrx_word' id='word_1_125' title='bbox 2206 599 2606 667; x_wconf 84' lang='grc' dir='ltr'>περικειμένων</span> <span class='ocrx_word' id='word_1_126' title='bbox 2667 598 3095 673; x_wconf 83' lang='grc' dir='ltr'>καθαιρεθῆναι;</span> <span class='ocrx_word' id='word_1_127' title='bbox 3149 599 3336 670; x_wconf 79' lang='grc' dir='ltr'>’Δλλ’ἠ</span> <span class='ocrx_word' id='word_1_128' title='bbox 3411 601 3520 654; x_wconf 84' lang='grc' dir='ltr'>καθ’</span> <span class='ocrx_word' id='word_1_129' title='bbox 3585 606 3705 673; x_wconf 73' lang='grc' dir='ltr'>ἡμῶν</span> 
     </span>
    </p>
   </div>
   <div class='ocr_carea' id='block_1_20' title="bbox 2202 685 3706 761">
    <p class='ocr_par' dir='ltr' id='par_1_20' title="bbox 2202 685 3706 761">
     <span class='ocr_line' id='line_1_20' title="bbox 2202 685 3706 761; baseline 0.006 -23"><span class='ocrx_word' id='word_1_130' title='bbox 2202 685 2479 755; x_wconf 86' lang='grc' dir='ltr'>ἀπόφασις</span> <span class='ocrx_word' id='word_1_131' title='bbox 2510 690 2662 760; x_wconf 89' lang='grc' dir='ltr'><strong>παρά</strong></span> <span class='ocrx_word' id='word_1_132' title='bbox 2693 690 2953 744; x_wconf 73' lang='grc' dir='ltr'><strong>τοιούτων</strong></span> <span class='ocrx_word' id='word_1_133' title='bbox 2980 690 3323 761; x_wconf 81' lang='grc' dir='ltr'>ὲσχεδιάσθη,</span> <span class='ocrx_word' id='word_1_134' title='bbox 3344 692 3430 745; x_wconf 77' lang='grc' dir='ltr'><strong>καὶ</strong></span> <span class='ocrx_word' id='word_1_135' title='bbox 3456 692 3606 755; x_wconf 76' lang='grc' dir='ltr'>οὐδεὶς</span> <span class='ocrx_word' id='word_1_136' title='bbox 3625 695 3706 747; x_wconf 84' lang='grc' dir='ltr'>τῶν</span> 
     </span>
    </p>
   </div>
   <div class='ocr_carea' id='block_1_21' title="bbox 2201 778 3708 854">
    <p class='ocr_par' dir='ltr' id='par_1_21' title="bbox 2201 778 3708 854">
     <span class='ocr_line' id='line_1_21' title="bbox 2201 778 3708 854; baseline 0.005 -22"><span class='ocrx_word' id='word_1_137' title='bbox 2201 778 2264 832; x_wconf 78' lang='grc' dir='ltr'>τὸ</span> <span class='ocrx_word' id='word_1_138' title='bbox 2286 779 2611 852; x_wconf 87' lang='grc' dir='ltr'>ἀναίσθητον</span> <span class='ocrx_word' id='word_1_139' title='bbox 2660 780 2754 835; x_wconf 79' lang='grc' dir='ltr'>τοῦ</span> <span class='ocrx_word' id='word_1_140' title='bbox 2808 782 3000 853; x_wconf 76' lang='grc' dir='ltr'>ἀνδρδς</span> <span class='ocrx_word' id='word_1_141' title='bbox 3020 783 3227 837; x_wconf 72' lang='grc' dir='ltr'>ἐκείνου</span> <span class='ocrx_word' id='word_1_142' title='bbox 3282 784 3482 837; x_wconf 79' lang='grc' dir='ltr'><strong>εἰδότων</strong></span> <span class='ocrx_word' id='word_1_143' title='bbox 3503 785 3616 854; x_wconf 66' lang='grc' dir='ltr'>πρὸς</span> <span class='ocrx_word' id='word_1_144' title='bbox 3637 786 3708 839; x_wconf 79' lang='grc' dir='ltr'><strong>τδν</strong></span> 
     </span>
    </p>
   </div>
   <div class='ocr_carea' id='block_1_22' title="bbox 2204 870 3712 946">
    <p class='ocr_par' dir='ltr' id='par_1_22' title="bbox 2204 870 3712 946">
     <span class='ocr_line' id='line_1_22' title="bbox 2204 870 3712 946; baseline 0.003 -21"><span class='ocrx_word' id='word_1_145' title='bbox 2204 872 2474 944; x_wconf 79' lang='grc' dir='ltr'>ἡμέτερον</span> <span class='ocrx_word' id='word_1_146' title='bbox 2532 875 2721 928; x_wconf 79' lang='grc' dir='ltr'>τοῦτον</span> <span class='ocrx_word' id='word_1_147' title='bbox 2775 870 3147 946; x_wconf 80' lang='grc' dir='ltr'>άπαντήσὲται</span> <span class='ocrx_word' id='word_1_148' title='bbox 3203 874 3372 944; x_wconf 83' lang='grc' dir='ltr'>λόγον.</span> <span class='ocrx_word' id='word_1_149' title='bbox 3407 875 3534 944; x_wconf 82' lang='grc' dir='ltr'><strong>Ἐγὼ</strong></span> <span class='ocrx_word' id='word_1_150' title='bbox 3568 876 3712 929; x_wconf 79' lang='grc' dir='ltr'>δὲκαὶ</span> 
     </span>
    </p>
   </div>
   <div class='ocr_carea' id='block_1_23' title="bbox 2199 962 3712 1038">
    <p class='ocr_par' dir='ltr' id='par_1_23' title="bbox 2199 962 3712 1038">
     <span class='ocr_line' id='line_1_23' title="bbox 2199 962 3712 1038; baseline 0.005 -23"><span class='ocrx_word' id='word_1_151' title='bbox 2199 963 2262 1015; x_wconf 84' lang='grc' dir='ltr'>τὸ</span> <span class='ocrx_word' id='word_1_152' title='bbox 2315 962 2556 1018; x_wconf 80' lang='grc' dir='ltr'>τοιοῦτον</span> <span class='ocrx_word' id='word_1_153' title='bbox 2590 965 2951 1036; x_wconf 83' lang='grc' dir='ltr'><strong>παρατρέχων</strong></span> <span class='ocrx_word' id='word_1_154' title='bbox 2987 965 3399 1038; x_wconf 86' lang='grc' dir='ltr'>δικαιολόγημα,</span> <span class='ocrx_word' id='word_1_155' title='bbox 3441 969 3510 1031; x_wconf 84' lang='grc' dir='ltr'>ὼς</span> <span class='ocrx_word' id='word_1_156' title='bbox 3549 970 3591 1021; x_wconf 93' lang='grc' dir='ltr'><strong>εἰ</strong></span> <span class='ocrx_word' id='word_1_157' title='bbox 3611 970 3712 1038; x_wconf 81' lang='grc' dir='ltr'>παρ’</span> 
     </span>
    </p>
   </div>
   <div class='ocr_carea' id='block_1_24' title="bbox 2198 1052 3711 1128">
    <p class='ocr_par' dir='ltr' id='par_1_24' title="bbox 2198 1052 3711 1128">
     <span class='ocr_line' id='line_1_24' title="bbox 2198 1052 3711 1128; baseline 0.003 -21"><span class='ocrx_word' id='word_1_158' title='bbox 2198 1052 2365 1107; x_wconf 79' lang='grc' dir='ltr'>αὐτοῦ</span> <span class='ocrx_word' id='word_1_159' title='bbox 2414 1054 2621 1108; x_wconf 75' lang='grc' dir='ltr'>ἐκείνου</span> <span class='ocrx_word' id='word_1_160' title='bbox 2650 1054 2972 1126; x_wconf 81' lang='grc' dir='ltr'>ὲσχεδιάσθη</span> <span class='ocrx_word' id='word_1_161' title='bbox 3007 1056 3075 1111; x_wconf 84' lang='grc' dir='ltr'>τὰ</span> <span class='ocrx_word' id='word_1_162' title='bbox 3124 1057 3435 1127; x_wconf 84' lang='grc' dir='ltr'>καθ’ήμῶν,</span> <span class='ocrx_word' id='word_1_163' title='bbox 3482 1056 3607 1111; x_wconf 74' lang='grc' dir='ltr'>οὕτω</span> <span class='ocrx_word' id='word_1_164' title='bbox 3634 1058 3711 1128; x_wconf 80' lang='grc' dir='ltr'>τὴν</span> 
     </span>
    </p>
   </div>
   <div class='ocr_carea' id='block_1_25' title="bbox 2199 1143 3713 1219">
    <p class='ocr_par' dir='ltr' id='par_1_25' title="bbox 2199 1143 3713 1219">
     <span class='ocr_line' id='line_1_25' title="bbox 2199 1143 3713 1219; baseline 0.004 -22"><span class='ocrx_word' id='word_1_165' title='bbox 2199 1143 2340 1215; x_wconf 83' lang='grc' dir='ltr'>πρὸς</span> <span class='ocrx_word' id='word_1_166' title='bbox 2370 1144 2542 1197; x_wconf 84' lang='grc' dir='ltr'>ταῦτα</span> <span class='ocrx_word' id='word_1_167' title='bbox 2571 1144 2832 1215; x_wconf 83' lang='grc' dir='ltr'><strong>ποιοῦμαι</strong></span> <span class='ocrx_word' id='word_1_168' title='bbox 2853 1147 3178 1217; x_wconf 86' lang='grc' dir='ltr'>ἀπάντησιν.</span> <span class='ocrx_word' id='word_1_169' title='bbox 3206 1148 3496 1213; x_wconf 78' lang='grc' dir='ltr'>Κανονικῆς</span> <span class='ocrx_word' id='word_1_170' title='bbox 3519 1147 3713 1219; x_wconf 81' lang='grc' dir='ltr'>ὲξείχετο</span> 
     </span>
    </p>
   </div>
   <div class='ocr_carea' id='block_1_26' title="bbox 2198 1232 3714 1304">
    <p class='ocr_par' dir='ltr' id='par_1_26' title="bbox 2198 1232 3714 1304">
     <span class='ocr_line' id='line_1_26' title="bbox 2198 1232 3714 1304; baseline 0.001 -19"><span class='ocrx_word' id='word_1_171' title='bbox 2198 1232 2297 1301; x_wconf 83' lang='grc' dir='ltr'><strong>τῆς</strong></span> <span class='ocrx_word' id='word_1_172' title='bbox 2352 1232 2617 1303; x_wconf 86' lang='grc' dir='ltr'>διαταγῆς</span> <span class='ocrx_word' id='word_1_173' title='bbox 2667 1232 2756 1285; x_wconf 82' lang='grc' dir='ltr'><strong>τὸν</strong></span> <span class='ocrx_word' id='word_1_174' title='bbox 2793 1234 2885 1285; x_wconf 66' lang='grc' dir='ltr'>ἐπὶ</span> <span class='ocrx_word' id='word_1_175' title='bbox 2920 1232 2998 1303; x_wconf 82' lang='grc' dir='ltr'>τῷ</span> <span class='ocrx_word' id='word_1_176' title='bbox 3041 1234 3215 1304; x_wconf 85' lang='grc' dir='ltr'>θρόνῳ</span> <span class='ocrx_word' id='word_1_177' title='bbox 3234 1232 3714 1304; x_wconf 81' lang='grc' dir='ltr'>ἀντίζηλον,’ἐνακαί</span> 
     </span>
    </p>
   </div>
   <div class='ocr_carea' id='block_1_27' title="bbox 2197 1321 3716 1395">
    <p class='ocr_par' dir='ltr' id='par_1_27' title="bbox 2197 1321 3716 1395">
     <span class='ocr_line' id='line_1_27' title="bbox 2197 1321 3716 1395; baseline 0.001 -20"><span class='ocrx_word' id='word_1_178' title='bbox 2197 1321 2372 1376; x_wconf 84' lang='grc' dir='ltr'>ταῦτα</span> <span class='ocrx_word' id='word_1_179' title='bbox 2404 1322 2552 1387; x_wconf 74' lang='grc' dir='ltr'>ὄντα,</span> <span class='ocrx_word' id='word_1_180' title='bbox 2580 1324 2675 1377; x_wconf 81' lang='grc' dir='ltr'>καὶ</span> <span class='ocrx_word' id='word_1_181' title='bbox 2706 1324 2857 1395; x_wconf 84' lang='grc' dir='ltr'><strong>παρά</strong></span> <span class='ocrx_word' id='word_1_182' title='bbox 2883 1323 3108 1394; x_wconf 77' lang='grc' dir='ltr'>μηδενὸς</span> <span class='ocrx_word' id='word_1_183' title='bbox 3133 1323 3243 1377; x_wconf 86' lang='grc' dir='ltr'>τῶν</span> <span class='ocrx_word' id='word_1_184' title='bbox 3271 1325 3552 1394; x_wconf 85' lang='grc' dir='ltr'>ἀρχιερέων</span> <span class='ocrx_word' id='word_1_185' title='bbox 3572 1341 3716 1391; x_wconf 69' lang='grc' dir='ltr'>παραυ</span> 
     </span>
    </p>
   </div>
   <div class='ocr_carea' id='block_1_28' title="bbox 2198 1411 3715 1482">
    <p class='ocr_par' dir='ltr' id='par_1_28' title="bbox 2198 1411 3715 1482">
     <span class='ocr_line' id='line_1_28' title="bbox 2198 1411 3715 1482; baseline 0.001 -18"><span class='ocrx_word' id='word_1_186' title='bbox 2198 1411 2581 1481; x_wconf 80' lang='grc' dir='ltr'><strong>κροτούμενον,</strong></span> <span class='ocrx_word' id='word_1_187' title='bbox 2636 1414 2776 1467; x_wconf 80' lang='grc' dir='ltr'>κατὰ</span> <span class='ocrx_word' id='word_1_188' title='bbox 2828 1412 2923 1466; x_wconf 83' lang='grc' dir='ltr'>τοῦ</span> <span class='ocrx_word' id='word_1_189' title='bbox 2957 1414 3032 1482; x_wconf 86' lang='grc' dir='ltr'>μή</span> <span class='ocrx_word' id='word_1_190' title='bbox 3074 1429 3183 1466; x_wconf 90' lang='grc' dir='ltr'>τινι</span> <span class='ocrx_word' id='word_1_191' title='bbox 3211 1412 3451 1481; x_wconf 83' lang='grc' dir='ltr'>συνοδικῇ</span> <span class='ocrx_word' id='word_1_192' title='bbox 3489 1413 3715 1481; x_wconf 83' lang='grc' dir='ltr'>ἀποφάσει</span> 
     </span>
    </p>
   </div>
   <div class='ocr_carea' id='block_1_29' title="bbox 2197 1503 3716 1574">
    <p class='ocr_par' dir='ltr' id='par_1_29' title="bbox 2197 1503 3716 1574">
     <span class='ocr_line' id='line_1_29' title="bbox 2197 1503 3716 1574; baseline 0 -19"><span class='ocrx_word' id='word_1_193' title='bbox 2197 1505 2673 1574; x_wconf 83' lang='grc' dir='ltr'>παρακινηθέντος</span> <span class='ocrx_word' id='word_1_194' title='bbox 2718 1504 2814 1558; x_wconf 82' lang='grc' dir='ltr'>τοῦ</span> <span class='ocrx_word' id='word_1_195' title='bbox 2868 1504 3081 1573; x_wconf 89' lang='grc' dir='ltr'>θρόνου,</span> <span class='ocrx_word' id='word_1_196' title='bbox 3132 1503 3354 1574; x_wconf 84' lang='grc' dir='ltr'><strong>γνώμας</strong></span> <span class='ocrx_word' id='word_1_197' title='bbox 3384 1503 3716 1574; x_wconf 79' lang='grc' dir='ltr'>καθαιρετικάς</span> 
     </span>
    </p>
   </div>
   <div class='ocr_carea' id='block_1_30' title="bbox 2197 1594 3717 1668">
    <p class='ocr_par' dir='ltr' id='par_1_30' title="bbox 2197 1594 3717 1668">
     <span class='ocr_line' id='line_1_30' title="bbox 2197 1594 3717 1668; baseline -0.001 -20"><span class='ocrx_word' id='word_1_198' title='bbox 2197 1598 2640 1665; x_wconf 76' lang='grc' dir='ltr'>ἀποφαίνεσθαις</span> <span class='ocrx_word' id='word_1_199' title='bbox 2708 1598 2913 1650; x_wconf 79' lang='grc' dir='ltr'><strong>Εἴπατε</strong></span> <span class='ocrx_word' id='word_1_200' title='bbox 2954 1599 3004 1651; x_wconf 92' lang='grc' dir='ltr'><strong>οί</strong></span> <span class='ocrx_word' id='word_1_201' title='bbox 3055 1597 3193 1668; x_wconf 80' lang='grc' dir='ltr'>πρὸς</span> <span class='ocrx_word' id='word_1_202' title='bbox 3224 1596 3355 1651; x_wconf 79' lang='grc' dir='ltr'>Θεὸν</span> <span class='ocrx_word' id='word_1_203' title='bbox 3390 1595 3492 1649; x_wconf 83' lang='grc' dir='ltr'><strong>τῶν</strong></span> <span class='ocrx_word' id='word_1_204' title='bbox 3523 1594 3717 1649; x_wconf 76' lang='grc' dir='ltr'>κανόνων</span> 
     </span>
    </p>
   </div>
   <div class='ocr_carea' id='block_1_31' title="bbox 2198 1686 3717 1760">
    <p class='ocr_par' dir='ltr' id='par_1_31' title="bbox 2198 1686 3717 1760">
     <span class='ocr_line' id='line_1_31' title="bbox 2198 1686 3717 1760; baseline -0.001 -21"><span class='ocrx_word' id='word_1_205' title='bbox 2198 1689 2626 1758; x_wconf 81' lang='grc' dir='ltr'>πεπιστευμένοι</span> <span class='ocrx_word' id='word_1_206' title='bbox 2666 1689 2768 1759; x_wconf 84' lang='grc' dir='ltr'>τὴν</span> <span class='ocrx_word' id='word_1_207' title='bbox 2820 1689 3068 1760; x_wconf 82' lang='grc' dir='ltr'>φυλακὴν</span> <span class='ocrx_word' id='word_1_208' title='bbox 3089 1727 3104 1754; x_wconf 89' lang='grc'><strong>,</strong></span> <span class='ocrx_word' id='word_1_209' title='bbox 3131 1689 3182 1742; x_wconf 88' lang='grc' dir='ltr'><strong>εἰ</strong></span> <span class='ocrx_word' id='word_1_210' title='bbox 3214 1687 3471 1743; x_wconf 86' lang='grc' dir='ltr'>κανονικά</span> <span class='ocrx_word' id='word_1_211' title='bbox 3495 1686 3663 1749; x_wconf 83' lang='grc' dir='ltr'>ταῦτα,</span> <span class='ocrx_word' id='word_1_212' title='bbox 3681 1688 3717 1738; x_wconf 85' lang='grc' dir='ltr'><strong>εἰ</strong></span> 
     </span>
    </p>
   </div>
   <div class='ocr_carea' id='block_1_32' title="bbox 2195 1776 3716 1853">
    <p class='ocr_par' dir='ltr' id='par_1_32' title="bbox 2195 1776 3716 1853">
     <span class='ocr_line' id='line_1_32' title="bbox 2195 1776 3716 1853; baseline 0.001 -23"><span class='ocrx_word' id='word_1_213' title='bbox 2195 1776 2474 1849; x_wconf 78' lang='grc' dir='ltr'>ἕνθεσμα,</span> <span class='ocrx_word' id='word_1_214' title='bbox 2503 1784 2550 1834; x_wconf 83' lang='grc' dir='ltr'><strong>εἰ</strong></span> <span class='ocrx_word' id='word_1_215' title='bbox 2595 1781 2703 1834; x_wconf 85' lang='grc' dir='ltr'><strong>τῶν</strong></span> <span class='ocrx_word' id='word_1_216' title='bbox 2754 1781 3042 1853; x_wconf 82' lang='grc' dir='ltr'>πατρικῶν</span> <span class='ocrx_word' id='word_1_217' title='bbox 3091 1782 3193 1835; x_wconf 85' lang='grc' dir='ltr'><strong>οὐκ</strong></span> <span class='ocrx_word' id='word_1_218' title='bbox 3238 1779 3413 1851; x_wconf 75' lang='grc' dir='ltr'>ἔξωρα</span> <span class='ocrx_word' id='word_1_219' title='bbox 3449 1780 3716 1844; x_wconf 77' lang='grc' dir='ltr'>διατάξεων.</span> 
     </span>
    </p>
   </div>
   <div class='ocr_carea' id='block_1_33' title="bbox 524 1858 2090 1949">
    <p class='ocr_par' dir='ltr' id='par_1_33' title="bbox 524 1858 2089 1949">
     <span class='ocr_line' id='line_1_33' title="bbox 524 1858 2089 1949; baseline 0.016 -29"><span class='ocrx_word' id='word_1_220' title='bbox 524 1868 817 1937; x_wconf 85' lang='lat' dir='ltr'><strong>cipiuntur,</strong></span> <span class='ocrx_word' id='word_1_221' title='bbox 854 1873 899 1927; x_wconf 89' lang='lat' dir='ltr'><strong>si</strong></span> <span class='ocrx_word' id='word_1_222' title='bbox 937 1875 1059 1946; x_wconf 83' lang='lat' dir='ltr'><strong>jura</strong></span> <span class='ocrx_word' id='word_1_223' title='bbox 1098 1878 1295 1933; x_wconf 81' lang='lat' dir='ltr'><strong>similia</strong></span> <span class='ocrx_word' id='word_1_224' title='bbox 1331 1884 1613 1949; x_wconf 85' lang='lat' dir='ltr'><strong>mandant,</strong></span> <span class='ocrx_word' id='word_1_225' title='bbox 1643 1886 1689 1940; x_wconf 88' lang='lat' dir='ltr'><strong>si</strong></span> <span class='ocrx_word' id='word_1_226' title='bbox 1725 1858 2089 1945; x_wconf 50' lang='lat' dir='ltr'><strong>Patrum-ista</strong></span> 
     </span>
    </p>
   </div>
   <div class='ocr_carea' id='block_1_34' title="bbox 2192 1858 3719 1949">
    <p class='ocr_par' dir='ltr' id='par_1_34' title="bbox 2196 1869 3719 1943">
     <span class='ocr_line' id='line_1_34' title="bbox 2196 1869 3719 1943; baseline 0 -20"><span class='ocrx_word' id='word_1_227' title='bbox 2196 1869 2421 1935; x_wconf 81' lang='grc' dir='ltr'>Πάντως</span> <span class='ocrx_word' id='word_1_228' title='bbox 2458 1872 2566 1942; x_wconf 84' lang='grc' dir='ltr'>γὰρ</span> <span class='ocrx_word' id='word_1_229' title='bbox 2619 1872 2748 1937; x_wconf 80' lang='grc' dir='ltr'>ἔδει,</span> <span class='ocrx_word' id='word_1_230' title='bbox 2799 1874 2848 1926; x_wconf 87' lang='grc' dir='ltr'><strong>εί</strong></span> <span class='ocrx_word' id='word_1_231' title='bbox 2880 1872 2955 1943; x_wconf 83' lang='grc' dir='ltr'><strong>μὴ</strong></span> <span class='ocrx_word' id='word_1_232' title='bbox 2982 1873 3171 1936; x_wconf 82' lang='grc' dir='ltr'>ἁπλῶς</span> <span class='ocrx_word' id='word_1_233' title='bbox 3192 1872 3365 1942; x_wconf 81' lang='grc' dir='ltr'>ὖνομα</span> <span class='ocrx_word' id='word_1_234' title='bbox 3391 1873 3438 1925; x_wconf 84' lang='grc' dir='ltr'><strong>οἰ</strong></span> <span class='ocrx_word' id='word_1_235' title='bbox 3477 1871 3593 1941; x_wconf 80' lang='grc' dir='ltr'>παρ’</span> <span class='ocrx_word' id='word_1_236' title='bbox 3618 1874 3719 1941; x_wconf 78' lang='grc' dir='ltr'>ἡμῖν</span> 
     </span>
    </p>
   </div>
   <div class='ocr_carea' id='block_1_35' title="bbox 522 1960 2094 2044">
    <p class='ocr_par' dir='ltr' id='par_1_35' title="bbox 522 1960 2094 2044">
     <span class='ocr_line' id='line_1_35' title="bbox 522 1960 2094 2044; baseline 0.016 -35"><span class='ocrx_word' id='word_1_237' title='bbox 522 1960 1008 2019; x_wconf 82' lang='lat' dir='ltr'><strong>constitutionibus</strong></span> <span class='ocrx_word' id='word_1_238' title='bbox 1052 1966 1382 2025; x_wconf 84' lang='lat' dir='ltr'><strong>innituntur.</strong></span> <span class='ocrx_word' id='word_1_239' title='bbox 1430 1970 1681 2043; x_wconf 83' lang='lat' dir='ltr'><strong>Namque</strong></span> <span class='ocrx_word' id='word_1_240' title='bbox 1718 1991 1946 2044; x_wconf 90' lang='lat' dir='ltr'><strong>prorsus</strong></span> <span class='ocrx_word' id='word_1_241' title='bbox 1994 1979 2094 2033; x_wconf 90' lang='lat' dir='ltr'><strong>ad-</strong></span> 
     </span>
    </p>
   </div>
   <div class='ocr_carea' id='block_1_36' title="bbox 521 2046 2093 2130">
    <p class='ocr_par' dir='ltr' id='par_1_36' title="bbox 521 2046 2093 2130">
     <span class='ocr_line' id='line_1_36' title="bbox 521 2046 2093 2130; baseline 0.014 -29"><span class='ocrx_word' id='word_1_242' title='bbox 521 2046 770 2115; x_wconf 83' lang='lat' dir='ltr'><strong>decehat,</strong></span> <span class='ocrx_word' id='word_1_243' title='bbox 804 2053 857 2105; x_wconf 91' lang='lat' dir='ltr'><strong>ni</strong></span> <span class='ocrx_word' id='word_1_244' title='bbox 896 2070 1092 2110; x_wconf 87' lang='lat' dir='ltr'><strong>nomen</strong></span> <span class='ocrx_word' id='word_1_245' title='bbox 1142 2059 1318 2113; x_wconf 89' lang='lat' dir='ltr'><strong>solum</strong></span> <span class='ocrx_word' id='word_1_246' title='bbox 1351 2062 1494 2130; x_wconf 88' lang='lat' dir='ltr'><strong>apud</strong></span> <span class='ocrx_word' id='word_1_247' title='bbox 1532 2079 1629 2118; x_wconf 89' lang='lat' dir='ltr'><strong>vos</strong></span> <span class='ocrx_word' id='word_1_248' title='bbox 1672 2080 1915 2122; x_wconf 88' lang='lat' dir='ltr'><strong>canones</strong></span> <span class='ocrx_word' id='word_1_249' title='bbox 1943 2069 2093 2123; x_wconf 91' lang='lat' dir='ltr'><strong>obti-</strong></span> 
     </span>
    </p>
   </div>
   <div class='ocr_carea' id='block_1_37' title="bbox 522 2143 2095 2226">
    <p class='ocr_par' dir='ltr' id='par_1_37' title="bbox 522 2143 2095 2226">
     <span class='ocr_line' id='line_1_37' title="bbox 522 2143 2095 2226; baseline 0.015 -36"><span class='ocrx_word' id='word_1_250' title='bbox 522 2148 677 2205; x_wconf 91' lang='lat' dir='ltr'><strong>nent,</strong></span> <span class='ocrx_word' id='word_1_251' title='bbox 711 2150 804 2196; x_wconf 86' lang='lat' dir='ltr'><strong>aut</strong></span> <span class='ocrx_word' id='word_1_252' title='bbox 829 2143 1000 2210; x_wconf 84' lang='lat' dir='ltr'><strong>justc,</strong></span> <span class='ocrx_word' id='word_1_253' title='bbox 1034 2155 1153 2211; x_wconf 89' lang='lat' dir='ltr'><strong>aut,</strong></span> <span class='ocrx_word' id='word_1_254' title='bbox 1191 2149 1285 2203; x_wconf 89' lang='lat' dir='ltr'><strong>sed</strong></span> <span class='ocrx_word' id='word_1_255' title='bbox 1323 2150 1498 2216; x_wconf 84' lang='lat' dir='ltr'><strong>aliud,</strong></span> <span class='ocrx_word' id='word_1_256' title='bbox 1531 2162 1724 2209; x_wconf 67' lang='lat' dir='ltr'><strong>vestra:</strong></span> <span class='ocrx_word' id='word_1_257' title='bbox 1745 2157 1932 2225; x_wconf 90' lang='lat' dir='ltr'><strong>pietati</strong></span> <span class='ocrx_word' id='word_1_258' title='bbox 1971 2174 2095 2226; x_wconf 91' lang='lat' dir='ltr'><strong>par-</strong></span> 
     </span>
    </p>
   </div>
   <div class='ocr_carea' id='block_1_38' title="bbox 521 2233 2091 2316">
    <p class='ocr_par' dir='ltr' id='par_1_38' title="bbox 521 2233 2091 2316">
     <span class='ocr_line' id='line_1_38' title="bbox 521 2233 2091 2316; baseline 0.015 -34"><span class='ocrx_word' id='word_1_259' title='bbox 521 2244 675 2295; x_wconf 88' lang='lat' dir='ltr'><strong>cens,</strong></span> <span class='ocrx_word' id='word_1_260' title='bbox 705 2233 921 2288; x_wconf 87' lang='lat' dir='ltr'><strong>silentio</strong></span> <span class='ocrx_word' id='word_1_261' title='bbox 953 2247 1236 2314; x_wconf 74' lang='lat' dir='ltr'><strong>praetereo,</strong></span> <span class='ocrx_word' id='word_1_262' title='bbox 1271 2244 1685 2310; x_wconf 87' lang='lat' dir='ltr'><strong>suspensionem</strong></span> <span class='ocrx_word' id='word_1_263' title='bbox 1720 2247 1875 2316; x_wconf 90' lang='lat' dir='ltr'><strong>prius</strong></span> <span class='ocrx_word' id='word_1_264' title='bbox 1899 2262 2091 2305; x_wconf 90' lang='lat' dir='ltr'><strong>contra</strong></span> 
     </span>
    </p>
   </div>
   <div class='ocr_carea' id='block_1_39' title="bbox 521 2324 2093 2401">
    <p class='ocr_par' dir='ltr' id='par_1_39' title="bbox 521 2324 2093 2401">
     <span class='ocr_line' id='line_1_39' title="bbox 521 2324 2093 2401; baseline 0.015 -28"><span class='ocrx_word' id='word_1_265' title='bbox 521 2336 623 2376; x_wconf 90' lang='lat' dir='ltr'><strong>nos</strong></span> <span class='ocrx_word' id='word_1_266' title='bbox 652 2338 680 2376; x_wconf 89' lang='lat' dir='ltr'><strong>a</strong></span> <span class='ocrx_word' id='word_1_267' title='bbox 706 2324 861 2381; x_wconf 86' lang='lat' dir='ltr'><strong>vobis</strong></span> <span class='ocrx_word' id='word_1_268' title='bbox 889 2327 1106 2383; x_wconf 88' lang='lat' dir='ltr'><strong>decerni</strong></span> <span class='ocrx_word' id='word_1_269' title='bbox 1153 2347 1170 2388; x_wconf 88' lang='lat'><strong>:</strong></span> <span class='ocrx_word' id='word_1_270' title='bbox 1219 2332 1406 2401; x_wconf 69' lang='lat' dir='ltr'><strong>sicque</strong></span> <span class='ocrx_word' id='word_1_271' title='bbox 1449 2338 1838 2393; x_wconf 88' lang='lat' dir='ltr'><strong>communibus</strong></span> <span class='ocrx_word' id='word_1_272' title='bbox 1865 2340 2093 2396; x_wconf 89' lang='lat' dir='ltr'><strong>calculis</strong></span> 
     </span>
    </p>
   </div>
   <div class='ocr_carea' id='block_1_40' title="bbox 521 2417 2091 2500">
    <p class='ocr_par' dir='ltr' id='par_1_40' title="bbox 521 2417 2091 2500">
     <span class='ocr_line' id='line_1_40' title="bbox 521 2417 2091 2500; baseline 0.014 -35"><span class='ocrx_word' id='word_1_273' title='bbox 521 2425 742 2484; x_wconf 81' lang='lat' dir='ltr'><strong>propter</strong></span> <span class='ocrx_word' id='word_1_274' title='bbox 770 2417 1012 2485; x_wconf 88' lang='lat' dir='ltr'><strong>ejusdem</strong></span> <span class='ocrx_word' id='word_1_275' title='bbox 1046 2422 1426 2479; x_wconf 87' lang='lat' dir='ltr'><strong>adversantem</strong></span> <span class='ocrx_word' id='word_1_276' title='bbox 1474 2427 1994 2500; x_wconf 84' lang='lat' dir='ltr'><strong>discordantemque</strong></span> <span class='ocrx_word' id='word_1_277' title='bbox 2020 2432 2091 2487; x_wconf 90' lang='lat' dir='ltr'><strong>ab</strong></span> 
     </span>
    </p>
   </div>
   <div class='ocr_carea' id='block_1_41' title="bbox 520 2503 2093 2591">
    <p class='ocr_par' dir='ltr' id='par_1_41' title="bbox 520 2503 2093 2591">
     <span class='ocr_line' id='line_1_41' title="bbox 520 2503 2093 2591; baseline 0.014 -36"><span class='ocrx_word' id='word_1_278' title='bbox 520 2503 642 2559; x_wconf 90' lang='lat' dir='ltr'><strong>aliis</strong></span> <span class='ocrx_word' id='word_1_279' title='bbox 697 2506 1112 2577; x_wconf 90' lang='lat' dir='ltr'><strong>dispositionem</strong></span> <span class='ocrx_word' id='word_1_280' title='bbox 1167 2517 1534 2585; x_wconf 78' lang='lat' dir='ltr'><strong>excogitatam</strong></span> <span class='ocrx_word' id='word_1_281' title='bbox 1580 2520 1762 2588; x_wconf 90' lang='lat' dir='ltr'><strong>priore</strong></span> <span class='ocrx_word' id='word_1_282' title='bbox 1802 2523 2093 2591; x_wconf 84' lang='lat' dir='ltr'><strong>reprobato</strong></span> 
     </span>
    </p>
   </div>
   <div class='ocr_carea' id='block_1_42' title="bbox 520 2598 2094 2671">
    <p class='ocr_par' dir='ltr' id='par_1_42' title="bbox 520 2598 2094 2671">
     <span class='ocr_line' id='line_1_42' title="bbox 520 2598 2094 2671; baseline 0.013 -23"><span class='ocrx_word' id='word_1_283' title='bbox 520 2598 819 2653; x_wconf 81' lang='lat' dir='ltr'><strong>secundum</strong></span> <span class='ocrx_word' id='word_1_284' title='bbox 862 2603 915 2657; x_wconf 91' lang='lat' dir='ltr'><strong>in</strong></span> <span class='ocrx_word' id='word_1_285' title='bbox 964 2604 1090 2659; x_wconf 88' lang='lat' dir='ltr'><strong>sede</strong></span> <span class='ocrx_word' id='word_1_286' title='bbox 1128 2608 1482 2664; x_wconf 88' lang='lat' dir='ltr'><strong>substituere.</strong></span> <span class='ocrx_word' id='word_1_287' title='bbox 1511 2611 1580 2666; x_wconf 85' lang='lat' dir='ltr'><strong>At</strong></span> <span class='ocrx_word' id='word_1_288' title='bbox 1616 2628 1765 2671; x_wconf 90' lang='lat' dir='ltr'><strong>nunc</strong></span> <span class='ocrx_word' id='word_1_289' title='bbox 1805 2628 1926 2668; x_wconf 89' lang='lat' dir='ltr'><strong>cum</strong></span> <span class='ocrx_word' id='word_1_290' title='bbox 1957 2615 2094 2669; x_wconf 86' lang='lat' dir='ltr'><strong>nihil</strong></span> 
     </span>
    </p>
   </div>
   <div class='ocr_carea' id='block_1_43' title="bbox 519 2684 2089 2772">
    <p class='ocr_par' dir='ltr' id='par_1_43' title="bbox 519 2684 2089 2772">
     <span class='ocr_line' id='line_1_43' title="bbox 519 2684 2089 2772; baseline 0.014 -35"><span class='ocrx_word' id='word_1_291' title='bbox 519 2684 626 2739; x_wconf 88' lang='lat' dir='ltr'><strong>tale</strong></span> <span class='ocrx_word' id='word_1_292' title='bbox 654 2698 932 2757; x_wconf 84' lang='lat' dir='ltr'><strong>peractum</strong></span> <span class='ocrx_word' id='word_1_293' title='bbox 960 2694 1050 2760; x_wconf 78' lang='lat' dir='ltr'><strong>sit,</strong></span> <span class='ocrx_word' id='word_1_294' title='bbox 1077 2696 1241 2750; x_wconf 88' lang='lat' dir='ltr'><strong>surda</strong></span> <span class='ocrx_word' id='word_1_295' title='bbox 1264 2699 1719 2755; x_wconf 87' lang='lat' dir='ltr'><strong>condemnatione</strong></span> <span class='ocrx_word' id='word_1_296' title='bbox 1742 2717 1844 2757; x_wconf 91' lang='lat' dir='ltr'><strong>nos</strong></span> <span class='ocrx_word' id='word_1_297' title='bbox 1871 2702 2089 2772; x_wconf 87' lang='lat' dir='ltr'><strong>quidem</strong></span> 
     </span>
    </p>
   </div>
   <div class='ocr_carea' id='block_1_44' title="bbox 519 2782 2089 2862">
    <p class='ocr_par' dir='ltr' id='par_1_44' title="bbox 519 2782 2089 2862">
     <span class='ocr_line' id='line_1_44' title="bbox 519 2782 2089 2862; baseline 0.015 -33"><span class='ocrx_word' id='word_1_298' title='bbox 519 2782 935 2850; x_wconf 84' lang='lat' dir='ltr'><strong>monasterium,</strong></span> <span class='ocrx_word' id='word_1_299' title='bbox 961 2785 1192 2842; x_wconf 89' lang='lat' dir='ltr'><strong>thronus</strong></span> <span class='ocrx_word' id='word_1_300' title='bbox 1241 2804 1390 2854; x_wconf 87' lang='lat' dir='ltr'><strong>vero,</strong></span> <span class='ocrx_word' id='word_1_301' title='bbox 1427 2789 1534 2846; x_wconf 88' lang='lat' dir='ltr'><strong>nisi</strong></span> <span class='ocrx_word' id='word_1_302' title='bbox 1563 2794 1742 2860; x_wconf 85' lang='lat' dir='ltr'><strong>aptius</strong></span> <span class='ocrx_word' id='word_1_303' title='bbox 1770 2793 1842 2849; x_wconf 88' lang='lat' dir='ltr'><strong>sit</strong></span> <span class='ocrx_word' id='word_1_304' title='bbox 1878 2793 2089 2862; x_wconf 86' lang='lat' dir='ltr'><strong>dicere,</strong></span> 
     </span>
    </p>
   </div>
   <div class='ocr_carea' id='block_1_45' title="bbox 518 2867 1166 2946">
    <p class='ocr_par' dir='ltr' id='par_1_45' title="bbox 518 2867 1166 2946">
     <span class='ocr_line' id='line_1_45' title="bbox 518 2867 1166 2946; baseline 0.015 -24"><span class='ocrx_word' id='word_1_305' title='bbox 518 2867 713 2931; x_wconf 87' lang='lat' dir='ltr'><strong>lectus,</strong></span> <span class='ocrx_word' id='word_1_306' title='bbox 749 2871 900 2927; x_wconf 90' lang='lat' dir='ltr'><strong>illum</strong></span> <span class='ocrx_word' id='word_1_307' title='bbox 932 2877 1166 2946; x_wconf 80' lang='lat' dir='ltr'><strong>excepit.</strong></span> 
     </span>
    </p>
   </div>
   <div class='ocr_carea' id='block_1_46' title="bbox 588 2960 2093 3046">
    <p class='ocr_par' dir='ltr' id='par_1_46' title="bbox 588 2960 2093 3046">
     <span class='ocr_line' id='line_1_46' title="bbox 588 2960 2093 3046; baseline 0.014 -32"><span class='ocrx_word' id='word_1_308' title='bbox 588 2960 642 3016; x_wconf 82' lang='lat'><strong>5.</strong></span> <span class='ocrx_word' id='word_1_309' title='bbox 685 2962 751 3016; x_wconf 86' lang='lat' dir='ltr'><strong>Et</strong></span> <span class='ocrx_word' id='word_1_310' title='bbox 776 2963 879 3020; x_wconf 90' lang='lat' dir='ltr'><strong>hoc</strong></span> <span class='ocrx_word' id='word_1_311' title='bbox 913 2967 1131 3036; x_wconf 89' lang='lat' dir='ltr'><strong>quidem</strong></span> <span class='ocrx_word' id='word_1_312' title='bbox 1166 2969 1401 3039; x_wconf 87' lang='lat' dir='ltr'><strong>primum</strong></span> <span class='ocrx_word' id='word_1_313' title='bbox 1434 2983 1625 3030; x_wconf 90' lang='lat' dir='ltr'><strong>contra</strong></span> <span class='ocrx_word' id='word_1_314' title='bbox 1666 2976 1791 3046; x_wconf 89' lang='lat' dir='ltr'><strong>jura</strong></span> <span class='ocrx_word' id='word_1_315' title='bbox 1833 2979 2093 3035; x_wconf 82' lang='lat' dir='ltr'><strong>commis-</strong></span> 
     </span>
    </p>
   </div>
   <div class='ocr_carea' id='block_1_47' title="bbox 518 3053 2088 3139">
    <p class='ocr_par' dir='ltr' id='par_1_47' title="bbox 518 3053 2088 3139">
     <span class='ocr_line' id='line_1_47' title="bbox 518 3053 2088 3139; baseline 0.013 -34"><span class='ocrx_word' id='word_1_316' title='bbox 518 3068 639 3107; x_wconf 86' lang='lat' dir='ltr'><strong>sum</strong></span> <span class='ocrx_word' id='word_1_317' title='bbox 678 3053 891 3112; x_wconf 77' lang='lat' dir='ltr'><strong>facinus</strong></span> <span class='ocrx_word' id='word_1_318' title='bbox 920 3068 1024 3123; x_wconf 89' lang='lat' dir='ltr'><strong>est,</strong></span> <span class='ocrx_word' id='word_1_319' title='bbox 1075 3070 1203 3117; x_wconf 89' lang='lat' dir='ltr'><strong>ante</strong></span> <span class='ocrx_word' id='word_1_320' title='bbox 1240 3072 1484 3119; x_wconf 88' lang='lat' dir='ltr'><strong>nostram</strong></span> <span class='ocrx_word' id='word_1_321' title='bbox 1523 3068 1736 3123; x_wconf 88' lang='lat' dir='ltr'><strong>scilicet</strong></span> <span class='ocrx_word' id='word_1_322' title='bbox 1775 3072 2088 3139; x_wconf 88' lang='lat' dir='ltr'><strong>synodalem</strong></span> 
     </span>
    </p>
   </div>
   <div class='ocr_carea' id='block_1_48' title="bbox 515 3144 2086 3216">
    <p class='ocr_par' dir='ltr' id='par_1_48' title="bbox 515 3144 2086 3216">
     <span class='ocr_line' id='line_1_48' title="bbox 515 3144 2086 3216; baseline 0.011 -18"><span class='ocrx_word' id='word_1_323' title='bbox 515 3144 1020 3204; x_wconf 86' lang='lat' dir='ltr'><strong>condemnationem</strong></span> <span class='ocrx_word' id='word_1_324' title='bbox 1077 3164 1322 3208; x_wconf 89' lang='lat' dir='ltr'><strong>nostrum</strong></span> <span class='ocrx_word' id='word_1_325' title='bbox 1365 3155 1422 3210; x_wconf 90' lang='lat' dir='ltr'><strong>in</strong></span> <span class='ocrx_word' id='word_1_326' title='bbox 1465 3156 1666 3212; x_wconf 81' lang='lat' dir='ltr'><strong>throno</strong></span> <span class='ocrx_word' id='word_1_327' title='bbox 1708 3159 1964 3214; x_wconf 77' lang='lat' dir='ltr'><strong>aemulum</strong></span> <span class='ocrx_word' id='word_1_328' title='bbox 2000 3161 2086 3216; x_wconf 75' lang='lat' dir='ltr'><strong>in-</strong></span> 
     </span>
    </p>
   </div>
   <div class='ocr_carea' id='block_1_49' title="bbox 515 3235 2089 3316">
    <p class='ocr_par' dir='ltr' id='par_1_49' title="bbox 515 3235 2089 3316">
     <span class='ocr_line' id='line_1_49' title="bbox 515 3235 2089 3316; baseline 0.01 -25"><span class='ocrx_word' id='word_1_329' title='bbox 515 3235 839 3293; x_wconf 69' lang='lat' dir='ltr'><strong>tramittere.</strong></span> <span class='ocrx_word' id='word_1_330' title='bbox 858 3239 1056 3294; x_wconf 81' lang='lat' dir='ltr'><strong>Verum</strong></span> <span class='ocrx_word' id='word_1_331' title='bbox 1089 3243 1268 3297; x_wconf 86' lang='lat' dir='ltr'><strong>oratio</strong></span> <span class='ocrx_word' id='word_1_332' title='bbox 1300 3259 1362 3299; x_wconf 86' lang='lat' dir='ltr'><strong>ea</strong></span> <span class='ocrx_word' id='word_1_333' title='bbox 1395 3260 1514 3314; x_wconf 87' lang='lat' dir='ltr'><strong>quae</strong></span> <span class='ocrx_word' id='word_1_334' title='bbox 1536 3248 2089 3316; x_wconf 90' lang='lat' dir='ltr'><strong>postmultitudinem</strong></span> 
     </span>
    </p>
   </div>
   <div class='ocr_carea' id='block_1_50' title="bbox 524 3336 2087 3409">
    <p class='ocr_par' dir='ltr' id='par_1_50' title="bbox 524 3336 2087 3409">
     <span class='ocr_line' id='line_1_50' title="bbox 524 3336 2087 3409; baseline 0.012 -31"><span class='ocrx_word' id='word_1_335' title='bbox 524 3339 915 3398; x_wconf 77' lang='lat' dir='ltr'><strong>eongregatam</strong></span> <span class='ocrx_word' id='word_1_336' title='bbox 979 3347 1130 3402; x_wconf 82' lang='lat' dir='ltr'><strong>gesta</strong></span> <span class='ocrx_word' id='word_1_337' title='bbox 1176 3349 1325 3402; x_wconf 84' lang='lat' dir='ltr'><strong>sunt,</strong></span> <span class='ocrx_word' id='word_1_338' title='bbox 1387 3339 1614 3393; x_wconf 88' lang='lat' dir='ltr'><strong>recolat.</strong></span> <span class='ocrx_word' id='word_1_339' title='bbox 1667 3336 2087 3409; x_wconf 84' lang='lat' dir='ltr'><strong>Recitabantur,</strong></span> 
     </span>
    </p>
   </div>
   <div class='ocr_carea' id='block_1_51' title="bbox 515 3421 2092 3499">
    <p class='ocr_par' dir='ltr' id='par_1_51' title="bbox 515 3421 2092 3499">
     <span class='ocr_line' id='line_1_51' title="bbox 515 3421 2092 3499; baseline 0.011 -28"><span class='ocrx_word' id='word_1_340' title='bbox 515 3434 638 3487; x_wconf 66' lang='lat' dir='ltr'><strong>quae</strong></span> <span class='ocrx_word' id='word_1_341' title='bbox 671 3422 738 3475; x_wconf 89' lang='lat' dir='ltr'><strong>ab</strong></span> <span class='ocrx_word' id='word_1_342' title='bbox 767 3421 901 3492; x_wconf 89' lang='lat' dir='ltr'><strong>ipsis</strong></span> <span class='ocrx_word' id='word_1_343' title='bbox 933 3436 1129 3490; x_wconf 73' lang='lat' dir='ltr'><strong>contra</strong></span> <span class='ocrx_word' id='word_1_344' title='bbox 1166 3443 1411 3483; x_wconf 85' lang='lat' dir='ltr'><strong>canones</strong></span> <span class='ocrx_word' id='word_1_345' title='bbox 1453 3439 1506 3484; x_wconf 86' lang='lat' dir='ltr'><strong>et</strong></span> <span class='ocrx_word' id='word_1_346' title='bbox 1546 3430 1639 3499; x_wconf 90' lang='lat' dir='ltr'><strong>jus</strong></span> <span class='ocrx_word' id='word_1_347' title='bbox 1687 3446 1850 3486; x_wconf 90' lang='lat' dir='ltr'><strong>omne</strong></span> <span class='ocrx_word' id='word_1_348' title='bbox 1881 3448 2092 3489; x_wconf 88' lang='lat' dir='ltr'><strong>nuncu—</strong></span> 
     </span>
    </p>
   </div>
   <div class='ocr_carea' id='block_1_52' title="bbox 453 3507 2091 3594">
    <p class='ocr_par' dir='ltr' id='par_1_52' title="bbox 453 3507 2091 3594">
     <span class='ocr_line' id='line_1_52' title="bbox 453 3507 2091 3594; baseline 0.012 -31"><span class='ocrx_word' id='word_1_349' title='bbox 453 3507 458 3511; x_wconf 84' lang='grc'><em>’</em></span> <span class='ocrx_word' id='word_1_350' title='bbox 515 3511 807 3578; x_wconf 82' lang='lat' dir='ltr'><strong>pabantur,</strong></span> <span class='ocrx_word' id='word_1_351' title='bbox 840 3514 1249 3583; x_wconf 88' lang='lat' dir='ltr'><strong>depositiones:</strong></span> <span class='ocrx_word' id='word_1_352' title='bbox 1289 3535 1389 3576; x_wconf 90' lang='lat' dir='ltr'><strong>nos</strong></span> <span class='ocrx_word' id='word_1_353' title='bbox 1421 3536 1452 3575; x_wconf 85' lang='lat' dir='ltr'><strong>a</strong></span> <span class='ocrx_word' id='word_1_354' title='bbox 1498 3522 1649 3576; x_wconf 92' lang='lat' dir='ltr'><strong>nullo</strong></span> <span class='ocrx_word' id='word_1_355' title='bbox 1679 3531 1839 3578; x_wconf 90' lang='lat' dir='ltr'><strong>antea</strong></span> <span class='ocrx_word' id='word_1_356' title='bbox 1878 3524 2091 3594; x_wconf 73' lang='lat' dir='ltr'><strong>judica-</strong></span> 
     </span>
    </p>
   </div>
   <div class='ocr_carea' id='block_1_53' title="bbox 516 3605 2086 3684">
    <p class='ocr_par' dir='ltr' id='par_1_53' title="bbox 516 3605 2086 3684">
     <span class='ocr_line' id='line_1_53' title="bbox 516 3605 2086 3684; baseline 0.011 -30"><span class='ocrx_word' id='word_1_357' title='bbox 516 3610 620 3664; x_wconf 91' lang='lat' dir='ltr'><strong>tos,</strong></span> <span class='ocrx_word' id='word_1_358' title='bbox 662 3610 919 3673; x_wconf 83' lang='lat' dir='ltr'><strong>tanquam</strong></span> <span class='ocrx_word' id='word_1_359' title='bbox 963 3605 1015 3660; x_wconf 93' lang='lat' dir='ltr'><strong>in</strong></span> <span class='ocrx_word' id='word_1_360' title='bbox 1042 3609 1207 3664; x_wconf 91' lang='lat' dir='ltr'><strong>certis</strong></span> <span class='ocrx_word' id='word_1_361' title='bbox 1265 3625 1328 3664; x_wconf 88' lang='lat' dir='ltr'><strong>ac</strong></span> <span class='ocrx_word' id='word_1_362' title='bbox 1367 3611 1693 3669; x_wconf 82' lang='lat' dir='ltr'><strong>indubitatis</strong></span> <span class='ocrx_word' id='word_1_363' title='bbox 1729 3624 2086 3684; x_wconf 91' lang='lat' dir='ltr'><strong>paternorum</strong></span> 
     </span>
    </p>
   </div>
   <div class='ocr_carea' id='block_1_54' title="bbox 513 3691 2089 3772">
    <p class='ocr_par' dir='ltr' id='par_1_54' title="bbox 513 3691 2089 3772">
     <span class='ocr_line' id='line_1_54' title="bbox 513 3691 2089 3772; baseline 0.011 -26"><span class='ocrx_word' id='word_1_364' title='bbox 513 3691 828 3761; x_wconf 84' lang='lat' dir='ltr'><strong>dogmatum</strong></span> <span class='ocrx_word' id='word_1_365' title='bbox 898 3699 1445 3766; x_wconf 86' lang='lat' dir='ltr'><strong>praevaricationibus</strong></span> <span class='ocrx_word' id='word_1_366' title='bbox 1492 3704 1975 3772; x_wconf 89' lang='lat' dir='ltr'><strong>criminabantur,</strong></span> <span class='ocrx_word' id='word_1_367' title='bbox 2034 3718 2089 3764; x_wconf 87' lang='lat' dir='ltr'><strong>et</strong></span> 
     </span>
    </p>
   </div>
   <div class='ocr_carea' id='block_1_55' title="bbox 516 3780 2086 3863">
    <p class='ocr_par' dir='ltr' id='par_1_55' title="bbox 516 3780 2086 3863">
     <span class='ocr_line' id='line_1_55' title="bbox 516 3780 2086 3863; baseline 0.013 -30"><span class='ocrx_word' id='word_1_368' title='bbox 516 3780 803 3840; x_wconf 68' lang='lat' dir='ltr'><strong>haareticos</strong></span> <span class='ocrx_word' id='word_1_369' title='bbox 837 3796 891 3840; x_wconf 88' lang='lat' dir='ltr'><strong>et</strong></span> <span class='ocrx_word' id='word_1_370' title='bbox 914 3787 1222 3844; x_wconf 82' lang='lat' dir='ltr'><strong>Graecorum</strong></span> <span class='ocrx_word' id='word_1_371' title='bbox 1250 3792 1456 3859; x_wconf 88' lang='lat' dir='ltr'><strong>hostes,</strong></span> <span class='ocrx_word' id='word_1_372' title='bbox 1489 3809 1522 3848; x_wconf 91' lang='grc' dir='ltr'><strong>ο</strong></span> <span class='ocrx_word' id='word_1_373' title='bbox 1548 3795 1785 3863; x_wconf 90' lang='lat' dir='ltr'><strong>justitia,</strong></span> <span class='ocrx_word' id='word_1_374' title='bbox 1822 3806 1875 3851; x_wconf 90' lang='lat' dir='ltr'><strong>et</strong></span> <span class='ocrx_word' id='word_1_375' title='bbox 1902 3800 2086 3854; x_wconf 89' lang='lat' dir='ltr'><strong>omnia</strong></span> 
     </span>
    </p>
   </div>
   <div class='ocr_carea' id='block_1_56' title="bbox 514 3875 2128 3964">
    <p class='ocr_par' dir='ltr' id='par_1_56' title="bbox 514 3875 2128 3964">
     <span class='ocr_line' id='line_1_56' title="bbox 514 3875 2128 3964; baseline 0.012 -37"><span class='ocrx_word' id='word_1_376' title='bbox 514 3875 839 3941; x_wconf 87' lang='lat' dir='ltr'><strong>aspicientes</strong></span> <span class='ocrx_word' id='word_1_377' title='bbox 866 3879 1082 3935; x_wconf 90' lang='lat' dir='ltr'><strong>Domini</strong></span> <span class='ocrx_word' id='word_1_378' title='bbox 1105 3884 1279 3938; x_wconf 85' lang='lat' dir='ltr'><strong>oculi!</strong></span> <span class='ocrx_word' id='word_1_379' title='bbox 1309 3883 1529 3954; x_wconf 87' lang='lat' dir='ltr'><strong>pietatis</strong></span> <span class='ocrx_word' id='word_1_380' title='bbox 1564 3891 1882 3958; x_wconf 81' lang='lat' dir='ltr'><strong>magistros,</strong></span> <span class='ocrx_word' id='word_1_381' title='bbox 1915 3898 1970 3945; x_wconf 89' lang='lat' dir='ltr'><strong>et</strong></span> <span class='ocrx_word' id='word_1_382' title='bbox 1993 3891 2087 3961; x_wconf 90' lang='lat' dir='ltr'><strong>qui</strong></span> <span class='ocrx_word' id='word_1_383' title='bbox 2122 3958 2128 3964; x_wconf 34' lang='grc'><strong>,</strong></span> 
     </span>
    </p>
   </div>
   <div class='ocr_carea' id='block_1_57' title="bbox 508 3967 2083 4051">
    <p class='ocr_par' dir='ltr' id='par_1_57' title="bbox 508 3967 2083 4051">
     <span class='ocr_line' id='line_1_57' title="bbox 508 3967 2083 4051; baseline 0.011 -32"><span class='ocrx_word' id='word_1_384' title='bbox 508 3967 622 4035; x_wconf 82' lang='lat' dir='ltr'><strong>jam</strong></span> <span class='ocrx_word' id='word_1_385' title='bbox 657 3971 815 4026; x_wconf 90' lang='lat' dir='ltr'><strong>annis</strong></span> <span class='ocrx_word' id='word_1_386' title='bbox 854 3982 982 4027; x_wconf 92' lang='lat' dir='ltr'><strong>ante</strong></span> <span class='ocrx_word' id='word_1_387' title='bbox 1008 3974 1211 4043; x_wconf 88' lang='lat' dir='ltr'><strong>elapsis</strong></span> <span class='ocrx_word' id='word_1_388' title='bbox 1244 3992 1398 4031; x_wconf 90' lang='lat' dir='ltr'><strong>suam</strong></span> <span class='ocrx_word' id='word_1_389' title='bbox 1433 3994 1558 4050; x_wconf 79' lang='lat' dir='ltr'><strong>erga</strong></span> <span class='ocrx_word' id='word_1_390' title='bbox 1591 3980 1810 4037; x_wconf 62' lang='lat' dir='ltr'><strong>Graecos</strong></span> <span class='ocrx_word' id='word_1_391' title='bbox 1843 3981 2083 4051; x_wconf 84' lang='lat' dir='ltr'><strong>benevo-</strong></span> 
     </span>
    </p>
   </div>
   <div class='ocr_carea' id='block_1_58' title="bbox 512 4058 2088 4143">
    <p class='ocr_par' dir='ltr' id='par_1_58' title="bbox 512 4058 2088 4143">
     <span class='ocr_line' id='line_1_58' title="bbox 512 4058 2088 4143; baseline 0.011 -32"><span class='ocrx_word' id='word_1_392' title='bbox 512 4058 735 4113; x_wconf 85' lang='lat' dir='ltr'><strong>lentiam</strong></span> <span class='ocrx_word' id='word_1_393' title='bbox 785 4062 1313 4134; x_wconf 88' lang='lat' dir='ltr'><strong>demonstraverant,</strong></span> <span class='ocrx_word' id='word_1_394' title='bbox 1364 4071 1569 4141; x_wconf 87' lang='lat' dir='ltr'><strong>ubique</strong></span> <span class='ocrx_word' id='word_1_395' title='bbox 1629 4072 1874 4129; x_wconf 88' lang='lat' dir='ltr'><strong>locorum</strong></span> <span class='ocrx_word' id='word_1_396' title='bbox 1913 4075 2088 4143; x_wconf 88' lang='lat' dir='ltr'><strong>impu-</strong></span> 
     </span>
    </p>
   </div>
   <div class='ocr_carea' id='block_1_59' title="bbox 512 4149 2087 4233">
    <p class='ocr_par' dir='ltr' id='par_1_59' title="bbox 512 4149 2087 4233">
     <span class='ocr_line' id='line_1_59' title="bbox 512 4149 2087 4233; baseline 0.01 -29"><span class='ocrx_word' id='word_1_397' title='bbox 512 4151 704 4205; x_wconf 85' lang='lat' dir='ltr'><strong>denter</strong></span> <span class='ocrx_word' id='word_1_398' title='bbox 738 4156 1174 4212; x_wconf 84' lang='lat' dir='ltr'><strong>conclamabant.</strong></span> <span class='ocrx_word' id='word_1_399' title='bbox 1212 4158 1349 4225; x_wconf 84' lang='lat' dir='ltr'><strong>Quid</strong></span> <span class='ocrx_word' id='word_1_400' title='bbox 1403 4163 1589 4218; x_wconf 85' lang='lat' dir='ltr'><strong>multis</strong></span> <span class='ocrx_word' id='word_1_401' title='bbox 1645 4165 1826 4233; x_wconf 83' lang='lat' dir='ltr'><strong>opus?</strong></span> <span class='ocrx_word' id='word_1_402' title='bbox 1863 4149 1933 4219; x_wconf 70' lang='lat' dir='ltr'><strong>ita</strong></span> <span class='ocrx_word' id='word_1_403' title='bbox 1973 4166 2087 4220; x_wconf 70' lang='lat' dir='ltr'><strong>lure</strong></span> 
     </span>
    </p>
   </div>
   <div class='ocr_carea' id='block_1_60' title="bbox 511 4244 2085 4316">
    <p class='ocr_par' dir='ltr' id='par_1_60' title="bbox 511 4244 2085 4316">
     <span class='ocr_line' id='line_1_60' title="bbox 511 4244 2085 4316; baseline 0.011 -23"><span class='ocrx_word' id='word_1_404' title='bbox 511 4244 790 4298; x_wconf 88' lang='lat' dir='ltr'><strong>enuntiata</strong></span> <span class='ocrx_word' id='word_1_405' title='bbox 825 4245 949 4301; x_wconf 88' lang='lat' dir='ltr'><strong>vilis</strong></span> <span class='ocrx_word' id='word_1_406' title='bbox 981 4248 1275 4316; x_wconf 69' lang='lat' dir='ltr'><strong>plebecula:</strong></span> <span class='ocrx_word' id='word_1_407' title='bbox 1322 4251 1526 4308; x_wconf 91' lang='lat' dir='ltr'><strong>rabiem</strong></span> <span class='ocrx_word' id='word_1_408' title='bbox 1576 4254 1630 4308; x_wconf 91' lang='lat' dir='ltr'><strong>in</strong></span> <span class='ocrx_word' id='word_1_409' title='bbox 1688 4271 1788 4310; x_wconf 91' lang='lat' dir='ltr'><strong>nos</strong></span> <span class='ocrx_word' id='word_1_410' title='bbox 1841 4256 2085 4310; x_wconf 84' lang='lat' dir='ltr'><strong>com-ita-</strong></span> 
     </span>
    </p>
   </div>
   <div class='ocr_carea' id='block_1_61' title="bbox 510 4340 2082 4411">
    <p class='ocr_par' dir='ltr' id='par_1_61' title="bbox 510 4340 2082 4411">
     <span class='ocr_line' id='line_1_61' title="bbox 510 4340 2082 4411; baseline 0.01 -26"><span class='ocrx_word' id='word_1_411' title='bbox 510 4343 662 4398; x_wconf 92' lang='lat' dir='ltr'><strong>runt,</strong></span> <span class='ocrx_word' id='word_1_412' title='bbox 710 4345 769 4390; x_wconf 94' lang='lat' dir='ltr'><strong>ut</strong></span> <span class='ocrx_word' id='word_1_413' title='bbox 804 4352 902 4407; x_wconf 89' lang='lat' dir='ltr'><strong>per</strong></span> <span class='ocrx_word' id='word_1_414' title='bbox 933 4348 1042 4395; x_wconf 91' lang='lat' dir='ltr'><strong>tres</strong></span> <span class='ocrx_word' id='word_1_415' title='bbox 1071 4340 1188 4397; x_wconf 89' lang='lat' dir='ltr'><strong>dies</strong></span> <span class='ocrx_word' id='word_1_416' title='bbox 1223 4342 1464 4411; x_wconf 84' lang='lat' dir='ltr'><strong>integros</strong></span> <span class='ocrx_word' id='word_1_417' title='bbox 1512 4345 1777 4400; x_wconf 90' lang='lat' dir='ltr'><strong>continuo</strong></span> <span class='ocrx_word' id='word_1_418' title='bbox 1810 4344 2082 4400; x_wconf 78' lang='lat' dir='ltr'><strong>dil‘tidere-</strong></span> 
     </span>
    </p>
   </div>
   <div class='ocr_carea' id='block_1_62' title="bbox 512 4428 2079 4504">
    <p class='ocr_par' dir='ltr' id='par_1_62' title="bbox 512 4428 2079 4504">
     <span class='ocr_line' id='line_1_62' title="bbox 512 4428 2079 4504; baseline 0.008 -28"><span class='ocrx_word' id='word_1_419' title='bbox 512 4440 657 4487; x_wconf 87' lang='lat' dir='ltr'><strong>mus.</strong></span> <span class='ocrx_word' id='word_1_420' title='bbox 700 4441 768 4480; x_wconf 89' lang='lat' dir='ltr'><strong>an</strong></span> <span class='ocrx_word' id='word_1_421' title='bbox 820 4428 982 4497; x_wconf 87' lang='lat' dir='ltr'><strong>cujus</strong></span> <span class='ocrx_word' id='word_1_422' title='bbox 1038 4429 1146 4484; x_wconf 84' lang='lat' dir='ltr'><strong>diei</strong></span> <span class='ocrx_word' id='word_1_423' title='bbox 1211 4432 1316 4485; x_wconf 89' lang='lat' dir='ltr'><strong>vivi</strong></span> <span class='ocrx_word' id='word_1_424' title='bbox 1365 4434 1694 4488; x_wconf 84' lang='lat' dir='ltr'><strong>matutinum</strong></span> <span class='ocrx_word' id='word_1_425' title='bbox 1742 4438 2079 4504; x_wconf 76' lang='lat' dir='ltr'><strong>aspeximus,</strong></span> 
     </span>
    </p>
   </div>
   <div class='ocr_carea' id='block_1_63' title="bbox 2198 1961 3720 2041">
    <p class='ocr_par' dir='ltr' id='par_1_63' title="bbox 2198 1961 3720 2041">
     <span class='ocr_line' id='line_1_63' title="bbox 2198 1961 3720 2041; baseline 0.001 -28"><span class='ocrx_word' id='word_1_426' title='bbox 2198 1961 2425 2024; x_wconf 82' lang='grc' dir='ltr'>κανόνες</span> <span class='ocrx_word' id='word_1_427' title='bbox 2485 1961 2645 2025; x_wconf 78' lang='grc' dir='ltr'>εἰσὶν,</span> <span class='ocrx_word' id='word_1_428' title='bbox 2670 1961 2704 2033; x_wconf 76' lang='grc' dir='ltr'>ἢ</span> <span class='ocrx_word' id='word_1_429' title='bbox 2756 1962 3003 2028; x_wconf 78' lang='grc' dir='ltr'><strong>δικαίως,</strong></span> <span class='ocrx_word' id='word_1_430' title='bbox 3031 1962 3091 2034; x_wconf 80' lang='grc' dir='ltr'><strong>ἢ.</strong></span> <span class='ocrx_word' id='word_1_431' title='bbox 3121 1962 3263 2017; x_wconf 82' lang='grc' dir='ltr'><strong>ἀλλά</strong></span> <span class='ocrx_word' id='word_1_432' title='bbox 3299 1962 3356 2016; x_wconf 82' lang='grc' dir='ltr'>τὸ</span> <span class='ocrx_word' id='word_1_433' title='bbox 3383 1963 3558 2041; x_wconf 64' lang='grc' dir='ltr'>ἕτερον</span> <span class='ocrx_word' id='word_1_434' title='bbox 3586 1962 3720 2030; x_wconf 82' lang='grc' dir='ltr'>φειδοῖ</span> 
     </span>
    </p>
   </div>
   <div class='ocr_carea' id='block_1_64' title="bbox 2193 2051 3719 2124">
    <p class='ocr_par' dir='ltr' id='par_1_64' title="bbox 2193 2051 3719 2124">
     <span class='ocr_line' id='line_1_64' title="bbox 2193 2051 3719 2124; baseline 0 -20"><span class='ocrx_word' id='word_1_435' title='bbox 2193 2051 2293 2121; x_wconf 85' lang='grc' dir='ltr'><strong>τῆς</strong></span> <span class='ocrx_word' id='word_1_436' title='bbox 2334 2052 2490 2122; x_wconf 86' lang='grc' dir='ltr'>ὑμῶν</span> <span class='ocrx_word' id='word_1_437' title='bbox 2547 2053 2981 2123; x_wconf 78' lang='grc' dir='ltr'>σεϐασμιότητος</span> <span class='ocrx_word' id='word_1_438' title='bbox 3021 2054 3345 2119; x_wconf 83' lang='grc' dir='ltr'>ἀποσιωπῶ,</span> <span class='ocrx_word' id='word_1_439' title='bbox 3379 2052 3565 2124; x_wconf 79' lang='grc' dir='ltr'>ἀργίαν</span> <span class='ocrx_word' id='word_1_440' title='bbox 3598 2052 3719 2123; x_wconf 74' lang='grc' dir='ltr'>ἡμῶν</span> 
     </span>
    </p>
   </div>
   <div class='ocr_carea' id='block_1_65' title="bbox 2194 2139 3718 2213">
    <p class='ocr_par' dir='ltr' id='par_1_65' title="bbox 2194 2139 3718 2213">
     <span class='ocr_line' id='line_1_65' title="bbox 2194 2139 3718 2213; baseline 0.001 -22"><span class='ocrx_word' id='word_1_441' title='bbox 2194 2139 2679 2209; x_wconf 76' lang='grc' dir='ltr'><strong>καταψηφίσασθαι</strong></span> <span class='ocrx_word' id='word_1_442' title='bbox 2737 2143 2879 2211; x_wconf 79' lang='grc' dir='ltr'>ὑμᾶς</span> <span class='ocrx_word' id='word_1_443' title='bbox 2924 2142 3194 2213; x_wconf 84' lang='grc' dir='ltr'>πρότερον</span> <span class='ocrx_word' id='word_1_444' title='bbox 3219 2181 3235 2207; x_wconf 92' lang='grc'><strong>,</strong></span> <span class='ocrx_word' id='word_1_445' title='bbox 3301 2143 3394 2196; x_wconf 87' lang='grc' dir='ltr'>καὶ</span> <span class='ocrx_word' id='word_1_446' title='bbox 3474 2140 3602 2195; x_wconf 80' lang='grc' dir='ltr'>οὕτω</span> <span class='ocrx_word' id='word_1_447' title='bbox 3649 2139 3718 2193; x_wconf 78' lang='grc' dir='ltr'>τὸν</span> 
     </span>
    </p>
   </div>
   <div class='ocr_carea' id='block_1_66' title="bbox 2195 2230 3719 2307">
    <p class='ocr_par' dir='ltr' id='par_1_66' title="bbox 2195 2230 3719 2307">
     <span class='ocr_line' id='line_1_66' title="bbox 2195 2230 3719 2307; baseline -0.001 -25"><span class='ocrx_word' id='word_1_448' title='bbox 2195 2232 2399 2294; x_wconf 88' lang='grc' dir='ltr'>κοιναῖς</span> <span class='ocrx_word' id='word_1_449' title='bbox 2443 2233 2565 2294; x_wconf 88' lang='grc' dir='ltr'>ταῖς</span> <span class='ocrx_word' id='word_1_450' title='bbox 2623 2230 2847 2302; x_wconf 76' lang='grc' dir='ltr'>ψήφοις,</span> <span class='ocrx_word' id='word_1_451' title='bbox 2883 2232 2972 2286; x_wconf 81' lang='grc' dir='ltr'>διὰ</span> <span class='ocrx_word' id='word_1_452' title='bbox 3004 2233 3066 2285; x_wconf 81' lang='grc' dir='ltr'><strong>τὸ</strong></span> <span class='ocrx_word' id='word_1_453' title='bbox 3130 2233 3272 2303; x_wconf 80' lang='grc' dir='ltr'>πρὸς</span> <span class='ocrx_word' id='word_1_454' title='bbox 3302 2232 3398 2302; x_wconf 81' lang='grc' dir='ltr'><strong>τὴν</strong></span> <span class='ocrx_word' id='word_1_455' title='bbox 3441 2231 3719 2307; x_wconf 66' lang='grc' dir='ltr'>ἀντίρροπον</span> 
     </span>
    </p>
   </div>
   <div class='ocr_carea' id='block_1_67' title="bbox 2198 2319 3720 2392">
    <p class='ocr_par' dir='ltr' id='par_1_67' title="bbox 2198 2319 3720 2392">
     <span class='ocr_line' id='line_1_67' title="bbox 2198 2319 3720 2392; baseline -0.001 -20"><span class='ocrx_word' id='word_1_456' title='bbox 2198 2320 2513 2390; x_wconf 79' lang='grc' dir='ltr'>οἰκονομίαν</span> <span class='ocrx_word' id='word_1_457' title='bbox 2568 2321 2897 2392; x_wconf 81' lang='grc' dir='ltr'>ἀσύμφωνον</span> <span class='ocrx_word' id='word_1_458' title='bbox 2952 2322 3118 2376; x_wconf 78' lang='grc' dir='ltr'>αὑτοῦ</span> <span class='ocrx_word' id='word_1_459' title='bbox 3171 2319 3649 2389; x_wconf 84' lang='grc' dir='ltr'>ἀποδοκιμασθέντα</span> <span class='ocrx_word' id='word_1_460' title='bbox 3675 2319 3720 2371; x_wconf 76' lang='grc' dir='ltr'><strong>τὸ</strong></span> 
     </span>
    </p>
   </div>
   <div class='ocr_carea' id='block_1_68' title="bbox 2196 2409 3721 2483">
    <p class='ocr_par' dir='ltr' id='par_1_68' title="bbox 2196 2409 3721 2483">
     <span class='ocr_line' id='line_1_68' title="bbox 2196 2409 3721 2483; baseline 0.001 -23"><span class='ocrx_word' id='word_1_461' title='bbox 2196 2410 2345 2478; x_wconf 78' lang='grc' dir='ltr'>πρὶν,</span> <span class='ocrx_word' id='word_1_462' title='bbox 2386 2411 2857 2483; x_wconf 84' lang='grc' dir='ltr'>ἀντικαταστῆσαι</span> <span class='ocrx_word' id='word_1_463' title='bbox 2905 2411 2983 2482; x_wconf 83' lang='grc' dir='ltr'>τῷ</span> <span class='ocrx_word' id='word_1_464' title='bbox 3013 2412 3190 2483; x_wconf 83' lang='grc' dir='ltr'>θρόνῳ</span> <span class='ocrx_word' id='word_1_465' title='bbox 3221 2414 3313 2466; x_wconf 85' lang='grc' dir='ltr'><strong>τὸν</strong></span> <span class='ocrx_word' id='word_1_466' title='bbox 3341 2411 3594 2481; x_wconf 88' lang='grc' dir='ltr'>δεύτερον.</span> <span class='ocrx_word' id='word_1_467' title='bbox 3632 2409 3721 2462; x_wconf 81' lang='grc' dir='ltr'><strong>Νῦν</strong></span> 
     </span>
    </p>
   </div>
   <div class='ocr_carea' id='block_1_69' title="bbox 2191 2499 3713 2576">
    <p class='ocr_par' dir='ltr' id='par_1_69' title="bbox 2191 2499 3713 2576">
     <span class='ocr_line' id='line_1_69' title="bbox 2191 2499 3713 2576; baseline 0.001 -24"><span class='ocrx_word' id='word_1_468' title='bbox 2191 2499 2248 2552; x_wconf 84' lang='grc' dir='ltr'>δὲ</span> <span class='ocrx_word' id='word_1_469' title='bbox 2280 2501 2524 2555; x_wconf 89' lang='grc' dir='ltr'>τοιούτου</span> <span class='ocrx_word' id='word_1_470' title='bbox 2574 2503 2802 2574; x_wconf 83' lang='grc' dir='ltr'>μηδενὸς</span> <span class='ocrx_word' id='word_1_471' title='bbox 2837 2505 3143 2573; x_wconf 81' lang='grc' dir='ltr'>γεγονότος,</span> <span class='ocrx_word' id='word_1_472' title='bbox 3179 2507 3339 2576; x_wconf 80' lang='grc' dir='ltr'><strong>κωφῇ</strong></span> <span class='ocrx_word' id='word_1_473' title='bbox 3380 2506 3446 2575; x_wconf 77' lang='grc' dir='ltr'>τῇ</span> <span class='ocrx_word' id='word_1_474' title='bbox 3484 2500 3713 2572; x_wconf 79' lang='grc' dir='ltr'>καταδίκῃ</span> 
     </span>
    </p>
   </div>
   <div class='ocr_carea' id='block_1_70' title="bbox 2194 2591 3720 2666">
    <p class='ocr_par' dir='ltr' id='par_1_70' title="bbox 2194 2591 3720 2666">
     <span class='ocr_line' id='line_1_70' title="bbox 2194 2591 3720 2666; baseline -0.003 -18"><span class='ocrx_word' id='word_1_475' title='bbox 2194 2591 2339 2661; x_wconf 81' lang='grc' dir='ltr'>ἡμᾶς</span> <span class='ocrx_word' id='word_1_476' title='bbox 2364 2592 2518 2663; x_wconf 81' lang='grc' dir='ltr'><strong>μὲνὴ</strong></span> <span class='ocrx_word' id='word_1_477' title='bbox 2549 2594 2708 2666; x_wconf 85' lang='grc' dir='ltr'>μονὴ,</span> <span class='ocrx_word' id='word_1_478' title='bbox 2739 2595 2767 2647; x_wconf 88' lang='grc' dir='ltr'><strong>ό</strong></span> <span class='ocrx_word' id='word_1_479' title='bbox 2789 2595 2843 2648; x_wconf 88' lang='grc' dir='ltr'>δὲ</span> <span class='ocrx_word' id='word_1_480' title='bbox 2869 2594 3077 2666; x_wconf 86' lang='grc' dir='ltr'>θρόνος,</span> <span class='ocrx_word' id='word_1_481' title='bbox 3113 2598 3163 2648; x_wconf 87' lang='grc' dir='ltr'><strong>εἰ</strong></span> <span class='ocrx_word' id='word_1_482' title='bbox 3198 2598 3272 2666; x_wconf 85' lang='grc' dir='ltr'>μή</span> <span class='ocrx_word' id='word_1_483' title='bbox 3306 2612 3369 2664; x_wconf 85' lang='grc' dir='ltr'><strong>γε</strong></span> <span class='ocrx_word' id='word_1_484' title='bbox 3401 2593 3720 2665; x_wconf 84' lang='grc' dir='ltr'>προσφυέστε·</span> 
     </span>
    </p>
   </div>
   <div class='ocr_carea' id='block_1_71' title="bbox 2196 2683 3526 2760">
    <p class='ocr_par' dir='ltr' id='par_1_71' title="bbox 2196 2683 3526 2760">
     <span class='ocr_line' id='line_1_71' title="bbox 2196 2683 3526 2760; baseline 0.004 -24"><span class='ocrx_word' id='word_1_485' title='bbox 2196 2683 2288 2753; x_wconf 87' lang='grc' dir='ltr'><strong>ρόν</strong></span> <span class='ocrx_word' id='word_1_486' title='bbox 2318 2685 2466 2740; x_wconf 69' lang='grc' dir='ltr'>ἐστιν</span> <span class='ocrx_word' id='word_1_487' title='bbox 2497 2688 2693 2753; x_wconf 87' lang='grc' dir='ltr'>εἰπεῖν,</span> <span class='ocrx_word' id='word_1_488' title='bbox 2720 2688 2752 2758; x_wconf 81' lang='grc' dir='ltr'><strong>ἠ</strong></span> <span class='ocrx_word' id='word_1_489' title='bbox 2790 2686 2970 2758; x_wconf 84' lang='grc' dir='ltr'>κλίνη,</span> <span class='ocrx_word' id='word_1_490' title='bbox 3000 2689 3214 2743; x_wconf 73' lang='grc' dir='ltr'>ἐκεῖνον</span> <span class='ocrx_word' id='word_1_491' title='bbox 3237 2687 3526 2760; x_wconf 79' lang='grc' dir='ltr'>ἐλάμϐανε.</span> 
     </span>
    </p>
   </div>
   <div class='ocr_carea' id='block_1_72' title="bbox 2270 2950 3720 3027">
    <p class='ocr_par' dir='ltr' id='par_1_72' title="bbox 2270 2950 3720 3027">
     <span class='ocr_line' id='line_1_72' title="bbox 2270 2950 3720 3027; baseline -0.001 -21"><span class='ocrx_word' id='word_1_492' title='bbox 2270 2953 2321 3008; x_wconf 83' lang='grc' dir='ltr'>ἐ.</span> <span class='ocrx_word' id='word_1_493' title='bbox 2370 2952 2480 3007; x_wconf 75' lang='grc' dir='ltr'><strong>Καὶ</strong></span> <span class='ocrx_word' id='word_1_494' title='bbox 2508 2950 2667 3007; x_wconf 81' lang='grc' dir='ltr'>τοῦτο</span> <span class='ocrx_word' id='word_1_495' title='bbox 2706 2953 2807 3023; x_wconf 80' lang='grc' dir='ltr'>μὲν</span> <span class='ocrx_word' id='word_1_496' title='bbox 2844 2953 2987 3008; x_wconf 74' lang='grc' dir='ltr'>οὕτω</span> <span class='ocrx_word' id='word_1_497' title='bbox 3016 2954 3239 3027; x_wconf 87' lang='grc' dir='ltr'>πρῶτον</span> <span class='ocrx_word' id='word_1_498' title='bbox 3288 2957 3375 3025; x_wconf 73' lang='grc' dir='ltr'><strong>ἐφ’</strong></span> <span class='ocrx_word' id='word_1_499' title='bbox 3400 2955 3525 3026; x_wconf 78' lang='grc' dir='ltr'>ἡμῖν</span> <span class='ocrx_word' id='word_1_500' title='bbox 3567 2953 3720 3023; x_wconf 84' lang='grc' dir='ltr'>γέγονε</span> 
     </span>
    </p>
   </div>
   <div class='ocr_carea' id='block_1_73' title="bbox 2195 3042 3721 3119">
    <p class='ocr_par' dir='ltr' id='par_1_73' title="bbox 2195 3042 3721 3119">
     <span class='ocr_line' id='line_1_73' title="bbox 2195 3042 3721 3119; baseline -0.001 -22"><span class='ocrx_word' id='word_1_501' title='bbox 2195 3042 2257 3098; x_wconf 81' lang='grc' dir='ltr'>τὸ</span> <span class='ocrx_word' id='word_1_502' title='bbox 2301 3044 2570 3116; x_wconf 82' lang='grc' dir='ltr'>ἀδίκημα,</span> <span class='ocrx_word' id='word_1_503' title='bbox 2606 3046 2668 3099; x_wconf 83' lang='grc' dir='ltr'><strong>τὸ</strong></span> <span class='ocrx_word' id='word_1_504' title='bbox 2702 3045 2809 3116; x_wconf 88' lang='grc' dir='ltr'><strong>πρδ</strong></span> <span class='ocrx_word' id='word_1_505' title='bbox 2838 3048 2937 3116; x_wconf 83' lang='grc' dir='ltr'>τῆς</span> <span class='ocrx_word' id='word_1_506' title='bbox 2985 3047 3110 3100; x_wconf 88' lang='grc' dir='ltr'>καθ’</span> <span class='ocrx_word' id='word_1_507' title='bbox 3141 3048 3311 3119; x_wconf 80' lang='grc' dir='ltr'>ἡμῶν</span> <span class='ocrx_word' id='word_1_508' title='bbox 3344 3047 3604 3117; x_wconf 84' lang='grc' dir='ltr'>συνοδικῆς</span> <span class='ocrx_word' id='word_1_509' title='bbox 3630 3046 3721 3098; x_wconf 83' lang='grc' dir='ltr'>δια-</span> 
     </span>
    </p>
   </div>
   <div class='ocr_carea' id='block_1_74' title="bbox 2194 3136 3722 3216">
    <p class='ocr_par' dir='ltr' id='par_1_74' title="bbox 2194 3136 3722 3216">
     <span class='ocr_line' id='line_1_74' title="bbox 2194 3136 3722 3216; baseline 0 -24"><span class='ocrx_word' id='word_1_510' title='bbox 2194 3139 2474 3207; x_wconf 84' lang='grc' dir='ltr'>γνώσεως,</span> <span class='ocrx_word' id='word_1_511' title='bbox 2509 3142 2974 3210; x_wconf 80' lang='grc' dir='ltr'>άντικαταστῆναι</span> <span class='ocrx_word' id='word_1_512' title='bbox 3023 3142 3102 3213; x_wconf 85' lang='grc' dir='ltr'>τῷ</span> <span class='ocrx_word' id='word_1_513' title='bbox 3133 3143 3316 3216; x_wconf 65' lang='grc' dir='ltr'>θρόνῳ</span> <span class='ocrx_word' id='word_1_514' title='bbox 3357 3143 3447 3198; x_wconf 78' lang='grc' dir='ltr'>τὸν</span> <span class='ocrx_word' id='word_1_515' title='bbox 3486 3140 3625 3213; x_wconf 76' lang='grc' dir='ltr'>ἡμῶν</span> <span class='ocrx_word' id='word_1_516' title='bbox 3652 3136 3722 3189; x_wconf 72' lang='grc' dir='ltr'><strong>ἐπὶ</strong></span> 
     </span>
    </p>
   </div>
   <div class='ocr_carea' id='block_1_75' title="bbox 2192 3230 3721 3306">
    <p class='ocr_par' dir='ltr' id='par_1_75' title="bbox 2192 3230 3721 3306">
     <span class='ocr_line' id='line_1_75' title="bbox 2192 3230 3721 3306; baseline 0.001 -24"><span class='ocrx_word' id='word_1_517' title='bbox 2192 3230 2371 3302; x_wconf 85' lang='grc' dir='ltr'>τούτῳ</span> <span class='ocrx_word' id='word_1_518' title='bbox 2396 3231 2701 3303; x_wconf 81' lang='grc' dir='ltr'>άντίζηλον.</span> <span class='ocrx_word' id='word_1_519' title='bbox 2741 3234 2801 3287; x_wconf 80' lang='grc'><strong>’0</strong></span> <span class='ocrx_word' id='word_1_520' title='bbox 2830 3234 2886 3286; x_wconf 89' lang='grc' dir='ltr'>δὲ</span> <span class='ocrx_word' id='word_1_521' title='bbox 2925 3234 3082 3303; x_wconf 90' lang='grc' dir='ltr'>λόγος</span> <span class='ocrx_word' id='word_1_522' title='bbox 3109 3235 3226 3291; x_wconf 83' lang='grc' dir='ltr'>τῶν</span> <span class='ocrx_word' id='word_1_523' title='bbox 3267 3236 3403 3306; x_wconf 84' lang='grc' dir='ltr'><strong>μετὰ</strong></span> <span class='ocrx_word' id='word_1_524' title='bbox 3443 3235 3537 3303; x_wconf 81' lang='grc' dir='ltr'>τὴν</span> <span class='ocrx_word' id='word_1_525' title='bbox 3575 3231 3721 3299; x_wconf 80' lang='grc' dir='ltr'>ἀθροι-</span> 
     </span>
    </p>
   </div>
   <div class='ocr_carea' id='block_1_76' title="bbox 2196 3324 3719 3398">
    <p class='ocr_par' dir='ltr' id='par_1_76' title="bbox 2196 3324 3719 3398">
     <span class='ocr_line' id='line_1_76' title="bbox 2196 3324 3719 3398; baseline -0.003 -22"><span class='ocrx_word' id='word_1_526' title='bbox 2196 3340 2282 3378; x_wconf 92' lang='grc' dir='ltr'><strong>σιν</strong></span> <span class='ocrx_word' id='word_1_527' title='bbox 2314 3324 2409 3379; x_wconf 82' lang='grc' dir='ltr'>τοῦ</span> <span class='ocrx_word' id='word_1_528' title='bbox 2434 3325 2674 3397; x_wconf 69' lang='grc' dir='ltr'>πλήθευς</span> <span class='ocrx_word' id='word_1_529' title='bbox 2709 3326 2809 3397; x_wconf 72' lang='grc' dir='ltr'><strong>ἤδη</strong></span> <span class='ocrx_word' id='word_1_530' title='bbox 2844 3328 3258 3398; x_wconf 80' lang='grc' dir='ltr'>ὲπιμνησθήτω.</span> <span class='ocrx_word' id='word_1_531' title='bbox 3325 3324 3719 3394; x_wconf 84' lang='grc' dir='ltr'>Ἀνεγινώσκοντο</span> 
     </span>
    </p>
   </div>
   <div class='ocr_carea' id='block_1_77' title="bbox 2198 3414 3716 3488">
    <p class='ocr_par' dir='ltr' id='par_1_77' title="bbox 2198 3414 3716 3488">
     <span class='ocr_line' id='line_1_77' title="bbox 2198 3414 3716 3488; baseline -0.003 -19"><span class='ocrx_word' id='word_1_532' title='bbox 2198 3414 2297 3485; x_wconf 85' lang='grc' dir='ltr'>μὲν</span> <span class='ocrx_word' id='word_1_533' title='bbox 2327 3416 2384 3470; x_wconf 81' lang='grc' dir='ltr'><strong>αἰ</strong></span> <span class='ocrx_word' id='word_1_534' title='bbox 2413 3419 2547 3488; x_wconf 80' lang='grc' dir='ltr'>παρ’</span> <span class='ocrx_word' id='word_1_535' title='bbox 2578 3419 2762 3479; x_wconf 85' lang='grc' dir='ltr'>αὐτοῖς</span> <span class='ocrx_word' id='word_1_536' title='bbox 2792 3418 3187 3484; x_wconf 78' lang='grc' dir='ltr'>ἀκανονίστως,</span> <span class='ocrx_word' id='word_1_537' title='bbox 3224 3418 3319 3472; x_wconf 78' lang='grc' dir='ltr'>καὶ</span> <span class='ocrx_word' id='word_1_538' title='bbox 3365 3418 3600 3486; x_wconf 82' lang='grc' dir='ltr'>ἀθέσμως</span> <span class='ocrx_word' id='word_1_539' title='bbox 3626 3414 3716 3465; x_wconf 80' lang='grc' dir='ltr'>ὀνο·</span> 
     </span>
    </p>
   </div>
   <div class='ocr_carea' id='block_1_78' title="bbox 2197 3505 3718 3582">
    <p class='ocr_par' dir='ltr' id='par_1_78' title="bbox 2197 3505 3718 3582">
     <span class='ocr_line' id='line_1_78' title="bbox 2197 3505 3718 3582; baseline -0.005 -22"><span class='ocrx_word' id='word_1_540' title='bbox 2197 3508 2500 3577; x_wconf 77' lang='grc' dir='ltr'>μαζόμεναι</span> <span class='ocrx_word' id='word_1_541' title='bbox 2534 3508 2909 3579; x_wconf 83' lang='grc' dir='ltr'>καθαιρέσεις,</span> <span class='ocrx_word' id='word_1_542' title='bbox 2947 3513 3070 3571; x_wconf 78' lang='grc' dir='ltr'>τοὺς</span> <span class='ocrx_word' id='word_1_543' title='bbox 3108 3510 3167 3563; x_wconf 85' lang='grc' dir='ltr'>δὲ</span> <span class='ocrx_word' id='word_1_544' title='bbox 3200 3510 3353 3582; x_wconf 86' lang='grc' dir='ltr'><strong>παρά</strong></span> <span class='ocrx_word' id='word_1_545' title='bbox 3383 3506 3593 3579; x_wconf 81' lang='grc' dir='ltr'>μηδενὸς</span> <span class='ocrx_word' id='word_1_546' title='bbox 3617 3505 3718 3555; x_wconf 59' lang='grc' dir='ltr'>ἀνα.</span> 
     </span>
    </p>
   </div>
   <div class='ocr_carea' id='block_1_79' title="bbox 2192 3599 3718 3673">
    <p class='ocr_par' dir='ltr' id='par_1_79' title="bbox 2192 3599 3718 3673">
     <span class='ocr_line' id='line_1_79' title="bbox 2192 3599 3718 3673; baseline 0.001 -19"><span class='ocrx_word' id='word_1_547' title='bbox 2192 3599 2483 3670; x_wconf 80' lang='grc' dir='ltr'>κριθέντας</span> <span class='ocrx_word' id='word_1_548' title='bbox 2545 3602 2724 3672; x_wconf 73' lang='grc' dir='ltr'>ἡμᾶς,</span> <span class='ocrx_word' id='word_1_549' title='bbox 2781 3601 2855 3664; x_wconf 84' lang='grc' dir='ltr'>ὡς</span> <span class='ocrx_word' id='word_1_550' title='bbox 2911 3602 3002 3654; x_wconf 79' lang='grc' dir='ltr'><strong>ἐπὶ</strong></span> <span class='ocrx_word' id='word_1_551' title='bbox 3046 3602 3505 3673; x_wconf 78' lang='grc' dir='ltr'>ὁμολογουμέναις</span> <span class='ocrx_word' id='word_1_552' title='bbox 3557 3611 3718 3661; x_wconf 73' lang='grc' dir='ltr'>πιτριο</span> 
     </span>
    </p>
   </div>
   <div class='ocr_carea' id='block_1_80' title="bbox 2191 3683 3714 3765">
    <p class='ocr_par' dir='ltr' id='par_1_80' title="bbox 2191 3683 3714 3765">
     <span class='ocr_line' id='line_1_80' title="bbox 2191 3683 3714 3765; baseline 0 -21"><span class='ocrx_word' id='word_1_553' title='bbox 2191 3691 2306 3744; x_wconf 84' lang='grc' dir='ltr'>κῶν</span> <span class='ocrx_word' id='word_1_554' title='bbox 2369 3691 2654 3762; x_wconf 87' lang='grc' dir='ltr'>δογμάτων</span> <span class='ocrx_word' id='word_1_555' title='bbox 2715 3695 3090 3763; x_wconf 80' lang='grc' dir='ltr'>παρασασίαις</span> <span class='ocrx_word' id='word_1_556' title='bbox 3132 3695 3406 3765; x_wconf 68' lang='grc' dir='ltr'>ᾐτιῶντο,</span> <span class='ocrx_word' id='word_1_557' title='bbox 3453 3683 3714 3760; x_wconf 72' lang='grc' dir='ltr'>αἰρετικοῦς</span> 
     </span>
    </p>
   </div>
   <div class='ocr_carea' id='block_1_81' title="bbox 2192 3775 3716 3855">
    <p class='ocr_par' dir='ltr' id='par_1_81' title="bbox 2192 3775 3716 3855">
     <span class='ocr_line' id='line_1_81' title="bbox 2192 3775 3716 3855; baseline -0.006 -19"><span class='ocrx_word' id='word_1_558' title='bbox 2192 3782 2427 3836; x_wconf 76' lang='grc' dir='ltr'>καὶτῶν</span> <span class='ocrx_word' id='word_1_559' title='bbox 2470 3783 2762 3853; x_wconf 75' lang='grc' dir='ltr'>Ῥωμαίων</span> <span class='ocrx_word' id='word_1_560' title='bbox 2796 3785 3049 3855; x_wconf 78' lang='grc' dir='ltr'>ἐχθροὺς,</span> <span class='ocrx_word' id='word_1_561' title='bbox 3086 3784 3132 3838; x_wconf 85' lang='grc' dir='ltr'><strong>ὣ</strong></span> <span class='ocrx_word' id='word_1_562' title='bbox 3159 3786 3329 3848; x_wconf 87' lang='grc' dir='ltr'>δίκαι,</span> <span class='ocrx_word' id='word_1_563' title='bbox 3370 3785 3462 3836; x_wconf 82' lang='grc' dir='ltr'>καὶ</span> <span class='ocrx_word' id='word_1_564' title='bbox 3503 3784 3547 3835; x_wconf 87' lang='grc' dir='ltr'><strong>οἰ</strong></span> <span class='ocrx_word' id='word_1_565' title='bbox 3586 3775 3716 3831; x_wconf 64' lang='lat' dir='ltr'><strong>mw</strong></span> 
     </span>
    </p>
   </div>
   <div class='ocr_carea' id='block_1_82' title="bbox 2190 3868 3716 3947">
    <p class='ocr_par' dir='ltr' id='par_1_82' title="bbox 2190 3868 3716 3947">
     <span class='ocr_line' id='line_1_82' title="bbox 2190 3868 3716 3947; baseline -0.001 -21"><span class='ocrx_word' id='word_1_566' title='bbox 2190 3874 2426 3945; x_wconf 83' lang='grc' dir='ltr'>δρῶντες</span> <span class='ocrx_word' id='word_1_567' title='bbox 2460 3875 2735 3946; x_wconf 86' lang='grc' dir='ltr'>ὀφθαλμοὶ</span> <span class='ocrx_word' id='word_1_568' title='bbox 2786 3876 2881 3929; x_wconf 85' lang='grc' dir='ltr'>τοῦ</span> <span class='ocrx_word' id='word_1_569' title='bbox 2924 3877 3099 3931; x_wconf 84' lang='grc' dir='ltr'>Θεοὗί</span> <span class='ocrx_word' id='word_1_570' title='bbox 3158 3878 3285 3936; x_wconf 75' lang='grc' dir='ltr'>τοὺς</span> <span class='ocrx_word' id='word_1_571' title='bbox 3329 3880 3426 3947; x_wconf 85' lang='grc' dir='ltr'>τῆς</span> <span class='ocrx_word' id='word_1_572' title='bbox 3477 3868 3716 3927; x_wconf 76' lang='grc' dir='ltr'>εὐσεϐείας</span> 
     </span>
    </p>
   </div>
   <div class='ocr_carea' id='block_1_83' title="bbox 2189 3966 3714 4031">
    <p class='ocr_par' dir='ltr' id='par_1_83' title="bbox 2189 3966 3714 4031">
     <span class='ocr_line' id='line_1_83' title="bbox 2189 3966 3714 4031; baseline -0.005 -12"><span class='ocrx_word' id='word_1_573' title='bbox 2189 3967 2566 4031; x_wconf 86' lang='grc' dir='ltr'>διδασκάλους,</span> <span class='ocrx_word' id='word_1_574' title='bbox 2594 3971 2690 4022; x_wconf 73' lang='grc' dir='ltr'><strong>καὶ</strong></span> <span class='ocrx_word' id='word_1_575' title='bbox 2722 3969 2783 4022; x_wconf 85' lang='grc' dir='ltr'>τὸ</span> <span class='ocrx_word' id='word_1_576' title='bbox 2821 3969 3029 4023; x_wconf 79' lang='grc' dir='ltr'>ἑαυτῶν</span> <span class='ocrx_word' id='word_1_577' title='bbox 3052 3973 3110 4024; x_wconf 83' lang='grc' dir='ltr'>ὲν</span> <span class='ocrx_word' id='word_1_578' title='bbox 3146 3970 3369 4031; x_wconf 78' lang='grc' dir='ltr'>πολλοῖς</span> <span class='ocrx_word' id='word_1_579' title='bbox 3428 3966 3561 4021; x_wconf 86' lang='grc' dir='ltr'>κατὰ</span> <span class='ocrx_word' id='word_1_580' title='bbox 3616 3977 3714 4014; x_wconf 84' lang='grc' dir='ltr'>και·</span> 
     </span>
    </p>
   </div>
   <div class='ocr_carea' id='block_1_84' title="bbox 2193 4046 3714 4132">
    <p class='ocr_par' dir='ltr' id='par_1_84' title="bbox 2193 4046 3714 4132">
     <span class='ocr_line' id='line_1_84' title="bbox 2193 4046 3714 4132; baseline -0.006 -17"><span class='ocrx_word' id='word_1_581' title='bbox 2193 4058 2323 4127; x_wconf 79' lang='grc' dir='ltr'>ροὺς</span> <span class='ocrx_word' id='word_1_582' title='bbox 2369 4059 2756 4126; x_wconf 80' lang='grc' dir='ltr'>ἀποδείξαντες</span> <span class='ocrx_word' id='word_1_583' title='bbox 2819 4046 3223 4132; x_wconf 82' lang='grc' dir='ltr'>φιλορώμαιον,</span> <span class='ocrx_word' id='word_1_584' title='bbox 3288 4061 3460 4128; x_wconf 83' lang='grc' dir='ltr'>πάντη</span> <span class='ocrx_word' id='word_1_585' title='bbox 3525 4049 3714 4109; x_wconf 74' lang='grc' dir='ltr'>ἀναιδῶς</span> 
     </span>
    </p>
   </div>
   <div class='ocr_carea' id='block_1_85' title="bbox 2187 4139 3711 4217">
    <p class='ocr_par' dir='ltr' id='par_1_85' title="bbox 2187 4139 3711 4217">
     <span class='ocr_line' id='line_1_85' title="bbox 2187 4139 3711 4217; baseline 0.005 -18"><span class='ocrx_word' id='word_1_586' title='bbox 2187 4148 2522 4203; x_wconf 83' lang='grc' dir='ltr'>ἀπεκάλουν.</span> <span class='ocrx_word' id='word_1_587' title='bbox 2559 4150 2668 4201; x_wconf 77' lang='grc' dir='ltr'><strong>Καὶ</strong></span> <span class='ocrx_word' id='word_1_588' title='bbox 2699 4149 2751 4201; x_wconf 86' lang='grc' dir='ltr'><strong>τί</strong></span> <span class='ocrx_word' id='word_1_589' title='bbox 2778 4151 2849 4203; x_wconf 86' lang='grc' dir='ltr'><strong>τὰ</strong></span> <span class='ocrx_word' id='word_1_590' title='bbox 2884 4149 3053 4204; x_wconf 85' lang='grc' dir='ltr'>πολλά</span> <span class='ocrx_word' id='word_1_591' title='bbox 3088 4169 3103 4217; x_wconf 88' lang='lat'><strong>;</strong></span> <span class='ocrx_word' id='word_1_592' title='bbox 3147 4150 3309 4205; x_wconf 77' lang='grc' dir='ltr'>Οὕτω</span> <span class='ocrx_word' id='word_1_593' title='bbox 3361 4148 3532 4202; x_wconf 76' lang='grc' dir='ltr'>ταῦτα</span> <span class='ocrx_word' id='word_1_594' title='bbox 3592 4139 3711 4206; x_wconf 76' lang='grc' dir='ltr'>λεγδ⁴</span> 
     </span>
    </p>
   </div>
   <div class='ocr_carea' id='block_1_86' title="bbox 2193 4233 3711 4314">
    <p class='ocr_par' dir='ltr' id='par_1_86' title="bbox 2193 4233 3711 4314">
     <span class='ocr_line' id='line_1_86' title="bbox 2193 4233 3711 4314; baseline 0.001 -22"><span class='ocrx_word' id='word_1_595' title='bbox 2193 4257 2331 4309; x_wconf 90' lang='grc' dir='ltr'>μενα</span> <span class='ocrx_word' id='word_1_596' title='bbox 2360 4240 2458 4311; x_wconf 82' lang='grc' dir='ltr'>τὴν</span> <span class='ocrx_word' id='word_1_597' title='bbox 2493 4240 2616 4293; x_wconf 84' lang='grc' dir='ltr'>καθ’</span> <span class='ocrx_word' id='word_1_598' title='bbox 2644 4243 2677 4311; x_wconf 81' lang='grc' dir='ltr'>ἡ</span> <span class='ocrx_word' id='word_1_599' title='bbox 2690 4243 2806 4311; x_wconf 83' lang='grc' dir='ltr'><strong>μῶν</strong></span> <span class='ocrx_word' id='word_1_600' title='bbox 2839 4243 3039 4311; x_wconf 85' lang='grc' dir='ltr'>μανίαν</span> <span class='ocrx_word' id='word_1_601' title='bbox 3091 4242 3191 4297; x_wconf 81' lang='grc' dir='ltr'>τοῦ</span> <span class='ocrx_word' id='word_1_602' title='bbox 3233 4243 3471 4314; x_wconf 79' lang='grc' dir='ltr'>πλήθους</span> <span class='ocrx_word' id='word_1_603' title='bbox 3525 4233 3711 4306; x_wconf 71' lang='grc' dir='ltr'>ἀνῆψεν.</span> 
     </span>
    </p>
   </div>
   <div class='ocr_carea' id='block_1_87' title="bbox 2183 4327 3714 4406">
    <p class='ocr_par' dir='ltr' id='par_1_87' title="bbox 2183 4327 3714 4406">
     <span class='ocr_line' id='line_1_87' title="bbox 2183 4327 3714 4406; baseline -0.005 -20"><span class='ocrx_word' id='word_1_604' title='bbox 2183 4331 2258 4395; x_wconf 84' lang='grc' dir='ltr'>ὡς</span> <span class='ocrx_word' id='word_1_605' title='bbox 2288 4332 2384 4385; x_wconf 73' lang='grc' dir='ltr'>ἐπὶ</span> <span class='ocrx_word' id='word_1_606' title='bbox 2414 4334 2593 4401; x_wconf 77' lang='grc' dir='ltr'>τρισὶν</span> <span class='ocrx_word' id='word_1_607' title='bbox 2620 4333 2772 4395; x_wconf 84' lang='grc' dir='ltr'>ὅλαις</span> <span class='ocrx_word' id='word_1_608' title='bbox 2837 4334 3075 4404; x_wconf 79' lang='grc' dir='ltr'>ἡμέραις</span> <span class='ocrx_word' id='word_1_609' title='bbox 3131 4336 3270 4406; x_wconf 83' lang='grc' dir='ltr'>μηδὲ</span> <span class='ocrx_word' id='word_1_610' title='bbox 3332 4334 3546 4404; x_wconf 76' lang='grc' dir='ltr'>θαρρεῖν</span> <span class='ocrx_word' id='word_1_611' title='bbox 3599 4327 3714 4395; x_wconf 77' lang='grc' dir='ltr'>ἔχειν</span> 
     </span>
    </p>
   </div>
   <div class='ocr_carea' id='block_1_88' title="bbox 2185 4412 3712 4494">
    <p class='ocr_par' dir='ltr' id='par_1_88' title="bbox 2185 4412 3712 4494">
     <span class='ocr_line' id='line_1_88' title="bbox 2185 4412 3712 4494; baseline 0.004 -21"><span class='ocrx_word' id='word_1_612' title='bbox 2185 4421 2356 4490; x_wconf 77' lang='grc' dir='ltr'>ἡμᾶς,</span> <span class='ocrx_word' id='word_1_613' title='bbox 2386 4415 2450 4491; x_wconf 80' lang='grc' dir='ltr'>ἧς</span> <span class='ocrx_word' id='word_1_614' title='bbox 2475 4422 2686 4492; x_wconf 74' lang='grc' dir='ltr'>ἡμέρας</span> <span class='ocrx_word' id='word_1_615' title='bbox 2717 4422 2779 4475; x_wconf 83' lang='grc' dir='ltr'><strong>τὸ</strong></span> <span class='ocrx_word' id='word_1_616' title='bbox 2812 4421 3036 4475; x_wconf 73' lang='grc' dir='ltr'>ἑωθινὸν</span> <span class='ocrx_word' id='word_1_617' title='bbox 3068 4424 3284 4494; x_wconf 75' lang='grc' dir='ltr'>εἴδομεν</span> <span class='ocrx_word' id='word_1_618' title='bbox 3314 4423 3528 4487; x_wconf 76' lang='grc' dir='ltr'>ζῶντες,</span> <span class='ocrx_word' id='word_1_619' title='bbox 3548 4412 3712 4479; x_wconf 79' lang='grc' dir='ltr'>ταύτης</span> 
     </span>
    </p>
   </div>
   <div class='ocr_carea' id='block_1_89' title="bbox 509 4502 2090 4588">
    <p class='ocr_par' dir='ltr' id='par_1_89' title="bbox 509 4516 2084 4581">
     <span class='ocr_line' id='line_1_89' title="bbox 509 4516 2084 4581; baseline 0.007 -11"><span class='ocrx_word' id='word_1_620' title='bbox 509 4516 655 4573; x_wconf 91' lang='lat' dir='ltr'><strong>illius</strong></span> <span class='ocrx_word' id='word_1_621' title='bbox 685 4521 847 4574; x_wconf 82' lang='lat' dir='ltr'><strong>etiam</strong></span> <span class='ocrx_word' id='word_1_622' title='bbox 875 4521 1035 4575; x_wconf 84' lang='lat' dir='ltr'><strong>tinem</strong></span> <span class='ocrx_word' id='word_1_623' title='bbox 1082 4525 1270 4579; x_wconf 87' lang='lat' dir='ltr'><strong>eodem</strong></span> <span class='ocrx_word' id='word_1_624' title='bbox 1318 4527 1478 4581; x_wconf 88' lang='lat' dir='ltr'><strong>modo</strong></span> <span class='ocrx_word' id='word_1_625' title='bbox 1516 4527 1875 4581; x_wconf 87' lang='lat' dir='ltr'><strong>intueremur.</strong></span> <span class='ocrx_word' id='word_1_626' title='bbox 1909 4526 2084 4581; x_wconf 88' lang='lat' dir='ltr'><strong>Homo</strong></span> 
     </span>
    </p>
   </div>
   <div class='ocr_carea' id='block_1_90' title="bbox 2192 4502 3713 4588">
    <p class='ocr_par' dir='ltr' id='par_1_90' title="bbox 2192 4502 3713 4584">
     <span class='ocr_line' id='line_1_90' title="bbox 2192 4502 3713 4584; baseline -0.004 -23"><span class='ocrx_word' id='word_1_627' title='bbox 2192 4509 2285 4561; x_wconf 78' lang='grc' dir='ltr'><strong>καί</strong></span> <span class='ocrx_word' id='word_1_628' title='bbox 2319 4509 2382 4559; x_wconf 76' lang='grc' dir='ltr'><strong>τὸ</strong></span> <span class='ocrx_word' id='word_1_629' title='bbox 2403 4509 2560 4572; x_wconf 81' lang='grc' dir='ltr'>τέλος</span> <span class='ocrx_word' id='word_1_630' title='bbox 2596 4509 2800 4579; x_wconf 86' lang='grc' dir='ltr'>ὁμοίως</span> <span class='ocrx_word' id='word_1_631' title='bbox 2830 4511 2979 4564; x_wconf 88' lang='grc' dir='ltr'>ἰδεῖν.</span> <span class='ocrx_word' id='word_1_632' title='bbox 3007 4505 3179 4576; x_wconf 76' lang='grc' dir='ltr'>Οὗτος</span> <span class='ocrx_word' id='word_1_633' title='bbox 3202 4513 3313 4584; x_wconf 78' lang='grc' dir='ltr'>γὰρ</span> <span class='ocrx_word' id='word_1_634' title='bbox 3347 4510 3616 4580; x_wconf 78' lang='grc' dir='ltr'>ἄνθρωπος</span> <span class='ocrx_word' id='word_1_635' title='bbox 3645 4502 3713 4555; x_wconf 78' lang='grc' dir='ltr'><strong>τὸν</strong></span> 
     </span>
    </p>
   </div>
   <div class='ocr_carea' id='block_1_91' title="bbox 509 4609 2082 4686">
    <p class='ocr_par' dir='ltr' id='par_1_91' title="bbox 509 4609 2082 4686">
     <span class='ocr_line' id='line_1_91' title="bbox 509 4609 2082 4686; baseline 0.006 -22"><span class='ocrx_word' id='word_1_636' title='bbox 509 4609 779 4680; x_wconf 80' lang='lat' dir='ltr'><strong>siquidem</strong></span> <span class='ocrx_word' id='word_1_637' title='bbox 820 4613 1071 4679; x_wconf 85' lang='lat' dir='ltr'><strong>rationis,</strong></span> <span class='ocrx_word' id='word_1_638' title='bbox 1106 4631 1227 4684; x_wconf 68' lang='lat' dir='ltr'><strong>quae</strong></span> <span class='ocrx_word' id='word_1_639' title='bbox 1276 4625 1360 4671; x_wconf 91' lang='lat' dir='ltr'><strong>est</strong></span> <span class='ocrx_word' id='word_1_640' title='bbox 1400 4618 1452 4670; x_wconf 88' lang='lat' dir='ltr'><strong>in</strong></span> <span class='ocrx_word' id='word_1_641' title='bbox 1480 4617 1563 4672; x_wconf 89' lang='lat' dir='ltr'><strong>sui</strong></span> <span class='ocrx_word' id='word_1_642' title='bbox 1604 4618 1949 4686; x_wconf 75' lang='lat' dir='ltr'><strong>definitione,</strong></span> <span class='ocrx_word' id='word_1_643' title='bbox 1981 4635 2082 4673; x_wconf 83' lang='lat' dir='ltr'><strong>ex-</strong></span> 
     </span>
    </p>
   </div>
   <div class='ocr_carea' id='block_1_92' title="bbox 509 4703 2080 4781">
    <p class='ocr_par' dir='ltr' id='par_1_92' title="bbox 509 4703 2080 4781">
     <span class='ocr_line' id='line_1_92' title="bbox 509 4703 2080 4781; baseline 0.009 -28"><span class='ocrx_word' id='word_1_644' title='bbox 509 4714 672 4769; x_wconf 89' lang='lat' dir='ltr'><strong>pers,</strong></span> <span class='ocrx_word' id='word_1_645' title='bbox 735 4703 1001 4759; x_wconf 89' lang='lat' dir='ltr'><strong>absurdas</strong></span> <span class='ocrx_word' id='word_1_646' title='bbox 1075 4710 1453 4763; x_wconf 73' lang='lat' dir='ltr'><strong>accusationes</strong></span> <span class='ocrx_word' id='word_1_647' title='bbox 1519 4709 1788 4765; x_wconf 89' lang='lat' dir='ltr'><strong>adversus</strong></span> <span class='ocrx_word' id='word_1_648' title='bbox 1841 4712 2080 4781; x_wconf 89' lang='lat' dir='ltr'><strong>aliquem</strong></span> 
     </span>
    </p>
   </div>
   <div class='ocr_carea' id='block_1_93' title="bbox 509 4794 2088 4866">
    <p class='ocr_par' dir='ltr' id='par_1_93' title="bbox 509 4794 2088 4866">
     <span class='ocr_line' id='line_1_93' title="bbox 509 4794 2088 4866; baseline 0.007 -21"><span class='ocrx_word' id='word_1_649' title='bbox 509 4794 740 4863; x_wconf 77' lang='lat' dir='ltr'><strong>jartatas</strong></span> <span class='ocrx_word' id='word_1_650' title='bbox 763 4796 1143 4866; x_wconf 44' lang='lat' dir='ltr'><strong>exaudiensgsi</strong></span> <span class='ocrx_word' id='word_1_651' title='bbox 1172 4809 1446 4853; x_wconf 90' lang='lat' dir='ltr'><strong>momenta</strong></span> <span class='ocrx_word' id='word_1_652' title='bbox 1471 4800 1759 4855; x_wconf 69' lang='lat' dir='ltr'><strong>calumniae</strong></span> <span class='ocrx_word' id='word_1_653' title='bbox 1781 4805 2088 4866; x_wconf 82' lang='lat' dir='ltr'><strong>accusatio-</strong></span> 
     </span>
    </p>
   </div>
   <div class='ocr_carea' id='block_1_94' title="bbox 513 4880 2082 4958">
    <p class='ocr_par' dir='ltr' id='par_1_94' title="bbox 513 4880 2082 4958">
     <span class='ocr_line' id='line_1_94' title="bbox 513 4880 2082 4958; baseline 0.008 -25"><span class='ocrx_word' id='word_1_654' title='bbox 513 4880 711 4950; x_wconf 89' lang='lat' dir='ltr'><strong>nisque</strong></span> <span class='ocrx_word' id='word_1_655' title='bbox 760 4897 866 4936; x_wconf 89' lang='lat' dir='ltr'><strong>non</strong></span> <span class='ocrx_word' id='word_1_656' title='bbox 914 4884 1245 4955; x_wconf 78' lang='lat' dir='ltr'><strong>dignoverit,</strong></span> <span class='ocrx_word' id='word_1_657' title='bbox 1296 4888 1478 4942; x_wconf 90' lang='lat' dir='ltr'><strong>subito</strong></span> <span class='ocrx_word' id='word_1_658' title='bbox 1502 4897 1556 4943; x_wconf 90' lang='lat' dir='ltr'><strong>et</strong></span> <span class='ocrx_word' id='word_1_659' title='bbox 1594 4888 1803 4958; x_wconf 88' lang='lat' dir='ltr'><strong>absque</strong></span> <span class='ocrx_word' id='word_1_660' title='bbox 1841 4906 1991 4945; x_wconf 89' lang='lat' dir='ltr'><strong>mora</strong></span> <span class='ocrx_word' id='word_1_661' title='bbox 2021 4908 2082 4946; x_wconf 80' lang='lat' dir='ltr'><strong>ex</strong></span> 
     </span>
    </p>
   </div>
   <div class='ocr_carea' id='block_1_95' title="bbox 451 4966 2079 5038">
    <p class='ocr_par' dir='ltr' id='par_1_95' title="bbox 451 4966 2079 5038">
     <span class='ocr_line' id='line_1_95' title="bbox 451 4966 2079 5038; baseline 0.007 -11"><span class='ocrx_word' id='word_1_662' title='bbox 451 4966 460 4980; x_wconf 84' lang='grc'><em>’</em></span> <span class='ocrx_word' id='word_1_663' title='bbox 512 4974 787 5028; x_wconf 88' lang='lat' dir='ltr'><strong>calumnia</strong></span> <span class='ocrx_word' id='word_1_664' title='bbox 864 4977 1347 5032; x_wconf 86' lang='lat' dir='ltr'><strong>criminationibus</strong></span> <span class='ocrx_word' id='word_1_665' title='bbox 1402 4980 1624 5035; x_wconf 81' lang='lat' dir='ltr'><strong>’exortis</strong></span> <span class='ocrx_word' id='word_1_666' title='bbox 1696 4982 2008 5036; x_wconf 90' lang='lat' dir='ltr'><strong>incenditur</strong></span> <span class='ocrx_word' id='word_1_667' title='bbox 2067 5003 2079 5038; x_wconf 96' lang='lat'>:</span> 
     </span>
    </p>
   </div>
   <div class='ocr_carea' id='block_1_96' title="bbox 512 5066 2079 5142">
    <p class='ocr_par' dir='ltr' id='par_1_96' title="bbox 512 5066 2079 5142">
     <span class='ocr_line' id='line_1_96' title="bbox 512 5066 2079 5142; baseline 0.008 -26"><span class='ocrx_word' id='word_1_668' title='bbox 512 5067 659 5134; x_wconf 91' lang='lat' dir='ltr'><strong>quod</strong></span> <span class='ocrx_word' id='word_1_669' title='bbox 678 5066 722 5120; x_wconf 87' lang='lat' dir='ltr'><strong>si</strong></span> <span class='ocrx_word' id='word_1_670' title='bbox 749 5069 1027 5122; x_wconf 87' lang='lat' dir='ltr'><strong>accusatio</strong></span> <span class='ocrx_word' id='word_1_671' title='bbox 1065 5068 1131 5123; x_wconf 91' lang='lat' dir='ltr'><strong>ab</strong></span> <span class='ocrx_word' id='word_1_672' title='bbox 1164 5070 1346 5138; x_wconf 91' lang='lat' dir='ltr'><strong>aliquo</strong></span> <span class='ocrx_word' id='word_1_673' title='bbox 1376 5070 1428 5123; x_wconf 93' lang='lat' dir='ltr'><strong>in</strong></span> <span class='ocrx_word' id='word_1_674' title='bbox 1457 5069 1723 5140; x_wconf 86' lang='lat' dir='ltr'><strong>dignitate</strong></span> <span class='ocrx_word' id='word_1_675' title='bbox 1756 5074 2079 5142; x_wconf 89' lang='lat' dir='ltr'><strong>constituto,</strong></span> 
     </span>
    </p>
   </div>
   <div class='ocr_carea' id='block_1_97' title="bbox 458 5152 2082 5234">
    <p class='ocr_par' dir='ltr' id='par_1_97' title="bbox 458 5152 2082 5234">
     <span class='ocr_line' id='line_1_97' title="bbox 458 5152 2082 5234; baseline 0.006 -25"><span class='ocrx_word' id='word_1_676' title='bbox 458 5152 466 5234; x_wconf 53' lang='grc' dir='ltr'>ξ</span> <span class='ocrx_word' id='word_1_677' title='bbox 510 5164 563 5209; x_wconf 89' lang='lat' dir='ltr'><strong>et</strong></span> <span class='ocrx_word' id='word_1_678' title='bbox 594 5158 936 5226; x_wconf 72' lang='lat' dir='ltr'><strong>prazcellente</strong></span> <span class='ocrx_word' id='word_1_679' title='bbox 986 5159 1280 5223; x_wconf 90' lang='lat' dir='ltr'><strong>emanarit,</strong></span> <span class='ocrx_word' id='word_1_680' title='bbox 1326 5159 1687 5217; x_wconf 83' lang='lat' dir='ltr'><strong>inﬂammatio</strong></span> <span class='ocrx_word' id='word_1_681' title='bbox 1720 5163 1810 5218; x_wconf 91' lang='lat' dir='ltr'><strong>illa</strong></span> <span class='ocrx_word' id='word_1_682' title='bbox 1845 5164 2082 5234; x_wconf 87' lang='lat' dir='ltr'><strong>majores</strong></span> 
     </span>
    </p>
   </div>
   <div class='ocr_carea' id='block_1_98' title="bbox 453 5253 2079 5324">
    <p class='ocr_par' dir='ltr' id='par_1_98' title="bbox 453 5253 2079 5324">
     <span class='ocr_line' id='line_1_98' title="bbox 453 5253 2079 5324; baseline 0.004 -19"><span class='ocrx_word' id='word_1_683' title='bbox 453 5253 464 5291; x_wconf 88' lang='lat'><strong>-&#39;</strong></span> <span class='ocrx_word' id='word_1_684' title='bbox 508 5253 655 5307; x_wconf 86' lang='lat' dir='ltr'><strong>vires</strong></span> <span class='ocrx_word' id='word_1_685' title='bbox 695 5254 954 5324; x_wconf 87' lang='lat' dir='ltr'><strong>acquirit,</strong></span> <span class='ocrx_word' id='word_1_686' title='bbox 999 5253 1261 5324; x_wconf 80' lang='lat' dir='ltr'><strong>dignitate</strong></span> <span class='ocrx_word' id='word_1_687' title='bbox 1306 5254 1465 5310; x_wconf 84' lang='lat' dir='ltr'><strong>facile</strong></span> <span class='ocrx_word' id='word_1_688' title='bbox 1513 5255 1669 5310; x_wconf 81' lang='lat' dir='ltr'><strong>(idem</strong></span> <span class='ocrx_word' id='word_1_689' title='bbox 1721 5257 2079 5322; x_wconf 86' lang='lat' dir='ltr'><strong>conciliante,</strong></span> 
     </span>
    </p>
   </div>
   <div class='ocr_carea' id='block_1_99' title="bbox 508 5346 2084 5420">
    <p class='ocr_par' dir='ltr' id='par_1_99' title="bbox 508 5346 2084 5420">
     <span class='ocr_line' id='line_1_99' title="bbox 508 5346 2084 5420; baseline 0.002 -20"><span class='ocrx_word' id='word_1_690' title='bbox 508 5362 635 5402; x_wconf 91' lang='lat' dir='ltr'><strong>cum</strong></span> <span class='ocrx_word' id='word_1_691' title='bbox 664 5347 756 5417; x_wconf 91' lang='lat' dir='ltr'><strong>qui</strong></span> <span class='ocrx_word' id='word_1_692' title='bbox 791 5346 1067 5403; x_wconf 88' lang='lat' dir='ltr'><strong>similibus</strong></span> <span class='ocrx_word' id='word_1_693' title='bbox 1115 5347 1359 5401; x_wconf 88' lang='lat' dir='ltr'><strong>animum</strong></span> <span class='ocrx_word' id='word_1_694' title='bbox 1409 5349 1720 5415; x_wconf 84' lang='lat' dir='ltr'><strong>advertunt,</strong></span> <span class='ocrx_word' id='word_1_695' title='bbox 1761 5350 2084 5420; x_wconf 79' lang='lat' dir='ltr'><strong>dignoscere</strong></span> 
     </span>
    </p>
   </div>
   <div class='ocr_carea' id='block_1_100' title="bbox 508 5440 2077 5512">
    <p class='ocr_par' dir='ltr' id='par_1_100' title="bbox 508 5440 2077 5512">
     <span class='ocr_line' id='line_1_100' title="bbox 508 5440 2077 5512; baseline 0.003 -20"><span class='ocrx_word' id='word_1_696' title='bbox 508 5456 616 5494; x_wconf 90' lang='lat' dir='ltr'><strong>non</strong></span> <span class='ocrx_word' id='word_1_697' title='bbox 645 5440 873 5509; x_wconf 89' lang='lat' dir='ltr'><strong>possint,</strong></span> <span class='ocrx_word' id='word_1_698' title='bbox 900 5440 1192 5509; x_wconf 81' lang='lat' dir='ltr'><strong>aliquando</strong></span> <span class='ocrx_word' id='word_1_699' title='bbox 1222 5440 1532 5509; x_wconf 85' lang='lat' dir='ltr'><strong>veritatem,</strong></span> <span class='ocrx_word' id='word_1_700' title='bbox 1565 5458 1729 5512; x_wconf 84' lang='lat' dir='ltr'><strong>quam</strong></span> <span class='ocrx_word' id='word_1_701' title='bbox 1760 5443 1812 5497; x_wconf 81' lang='lat' dir='ltr'><strong>in</strong></span> <span class='ocrx_word' id='word_1_702' title='bbox 1847 5458 1907 5497; x_wconf 91' lang='lat' dir='ltr'><strong>se</strong></span> <span class='ocrx_word' id='word_1_703' title='bbox 1941 5458 2077 5497; x_wconf 88' lang='lat' dir='ltr'><strong>con-</strong></span> 
     </span>
    </p>
   </div>
   <div class='ocr_carea' id='block_1_101' title="bbox 507 5530 2078 5600">
    <p class='ocr_par' dir='ltr' id='par_1_101' title="bbox 507 5530 2078 5600">
     <span class='ocr_line' id='line_1_101' title="bbox 507 5530 2078 5600; baseline 0.001 -14"><span class='ocrx_word' id='word_1_704' title='bbox 507 5532 681 5587; x_wconf 91' lang='lat' dir='ltr'><strong>tinere</strong></span> <span class='ocrx_word' id='word_1_705' title='bbox 716 5530 873 5585; x_wconf 84' lang='lat' dir='ltr'><strong>debet</strong></span> <span class='ocrx_word' id='word_1_706' title='bbox 896 5531 1131 5600; x_wconf 82' lang='lat' dir='ltr'><strong>dignitas</strong></span> <span class='ocrx_word' id='word_1_707' title='bbox 1157 5542 1210 5588; x_wconf 87' lang='lat' dir='ltr'><strong>et</strong></span> <span class='ocrx_word' id='word_1_708' title='bbox 1234 5535 1552 5595; x_wconf 87' lang='lat' dir='ltr'><strong>auctoritas,</strong></span> <span class='ocrx_word' id='word_1_709' title='bbox 1590 5535 1657 5587; x_wconf 88' lang='lat' dir='ltr'><strong>ab</strong></span> <span class='ocrx_word' id='word_1_710' title='bbox 1694 5534 1772 5586; x_wconf 89' lang='lat' dir='ltr'><strong>ira</strong></span> <span class='ocrx_word' id='word_1_711' title='bbox 1806 5540 1861 5587; x_wconf 90' lang='lat' dir='ltr'><strong>et</strong></span> <span class='ocrx_word' id='word_1_712' title='bbox 1896 5534 2078 5600; x_wconf 91' lang='lat' dir='ltr'><strong>rabie,</strong></span> 
     </span>
    </p>
   </div>
   <div class='ocr_carea' id='block_1_102' title="bbox 508 5622 2080 5691">
    <p class='ocr_par' dir='ltr' id='par_1_102' title="bbox 508 5622 2080 5691">
     <span class='ocr_line' id='line_1_102' title="bbox 508 5622 2080 5691; baseline 0.001 -15"><span class='ocrx_word' id='word_1_713' title='bbox 508 5637 631 5690; x_wconf 73' lang='lat' dir='ltr'><strong>qure</strong></span> <span class='ocrx_word' id='word_1_714' title='bbox 664 5632 793 5676; x_wconf 76' lang='lat' dir='ltr'><strong>sunt</strong></span> <span class='ocrx_word' id='word_1_715' title='bbox 825 5622 1261 5691; x_wconf 73' lang='lat' dir='ltr'><strong>perturbationes</strong></span> <span class='ocrx_word' id='word_1_716' title='bbox 1294 5623 1517 5676; x_wconf 90' lang='lat' dir='ltr'><strong>bumani</strong></span> <span class='ocrx_word' id='word_1_717' title='bbox 1547 5622 1717 5676; x_wconf 92' lang='lat' dir='ltr'><strong>animi</strong></span> <span class='ocrx_word' id='word_1_718' title='bbox 1744 5623 2024 5677; x_wconf 79' lang='lat' dir='ltr'><strong>interverti</strong></span> <span class='ocrx_word' id='word_1_719' title='bbox 2064 5640 2080 5678; x_wconf 89' lang='lat'><strong>:</strong></span> 
     </span>
    </p>
   </div>
   <div class='ocr_carea' id='block_1_103' title="bbox 512 5712 2082 5785">
    <p class='ocr_par' dir='ltr' id='par_1_103' title="bbox 512 5712 2082 5785">
     <span class='ocr_line' id='line_1_103' title="bbox 512 5712 2082 5785; baseline 0.004 -22"><span class='ocrx_word' id='word_1_720' title='bbox 512 5712 806 5783; x_wconf 85' lang='lat' dir='ltr'><strong>aliquando</strong></span> <span class='ocrx_word' id='word_1_721' title='bbox 852 5715 1037 5779; x_wconf 87' lang='lat' dir='ltr'><strong>etiam,</strong></span> <span class='ocrx_word' id='word_1_722' title='bbox 1074 5731 1197 5770; x_wconf 91' lang='lat' dir='ltr'><strong>cum</strong></span> <span class='ocrx_word' id='word_1_723' title='bbox 1244 5715 1484 5785; x_wconf 76' lang='lat' dir='ltr'><strong>cognitio</strong></span> <span class='ocrx_word' id='word_1_724' title='bbox 1531 5730 1560 5767; x_wconf 91' lang='lat' dir='ltr'><strong>a</strong></span> <span class='ocrx_word' id='word_1_725' title='bbox 1614 5714 1877 5785; x_wconf 77' lang='lat' dir='ltr'><strong>dignitate</strong></span> <span class='ocrx_word' id='word_1_726' title='bbox 1922 5716 2082 5785; x_wconf 82' lang='lat' dir='ltr'><strong>longe</strong></span> 
     </span>
    </p>
   </div>
   <div class='ocr_carea' id='block_1_104' title="bbox 516 5806 2077 5877">
    <p class='ocr_par' dir='ltr' id='par_1_104' title="bbox 516 5806 2077 5877">
     <span class='ocr_line' id='line_1_104' title="bbox 516 5806 2077 5877; baseline 0.004 -23"><span class='ocrx_word' id='word_1_727' title='bbox 516 5812 615 5868; x_wconf 82' lang='lat' dir='ltr'><strong>est,</strong></span> <span class='ocrx_word' id='word_1_728' title='bbox 652 5806 715 5856; x_wconf 84' lang='lat' dir='ltr'><strong>ad</strong></span> <span class='ocrx_word' id='word_1_729' title='bbox 752 5823 870 5859; x_wconf 84' lang='lat' dir='ltr'><strong>men</strong></span> <span class='ocrx_word' id='word_1_730' title='bbox 898 5810 1084 5869; x_wconf 83' lang='lat' dir='ltr'><strong>&#39;acem.</strong></span> <span class='ocrx_word' id='word_1_731' title='bbox 1124 5820 1174 5863; x_wconf 83' lang='lat' dir='ltr'><strong>ct</strong></span> <span class='ocrx_word' id='word_1_732' title='bbox 1206 5808 1547 5864; x_wconf 77' lang='lat' dir='ltr'><strong>temerariam</strong></span> <span class='ocrx_word' id='word_1_733' title='bbox 1583 5806 1849 5877; x_wconf 74' lang='lat' dir='ltr'><strong>ejusmodi</strong></span> <span class='ocrx_word' id='word_1_734' title='bbox 1896 5807 2077 5861; x_wconf 57' lang='lat' dir='ltr'><strong>homiv</strong></span> 
     </span>
    </p>
   </div>
   <div class='ocr_carea' id='block_1_105' title="bbox 2192 4598 3712 4677">
    <p class='ocr_par' dir='ltr' id='par_1_105' title="bbox 2192 4598 3712 4677">
     <span class='ocr_line' id='line_1_105' title="bbox 2192 4598 3712 4677; baseline -0.001 -24"><span class='ocrx_word' id='word_1_735' title='bbox 2192 4601 2293 4671; x_wconf 82' lang='grc' dir='ltr'><strong>μὲν</strong></span> <span class='ocrx_word' id='word_1_736' title='bbox 2312 4602 2377 4654; x_wconf 79' lang='grc' dir='ltr'>ὲκ</span> <span class='ocrx_word' id='word_1_737' title='bbox 2409 4601 2503 4655; x_wconf 84' lang='grc' dir='ltr'>τοῦ</span> <span class='ocrx_word' id='word_1_738' title='bbox 2542 4602 2671 4673; x_wconf 81' lang='grc' dir='ltr'>ὅρου</span> <span class='ocrx_word' id='word_1_739' title='bbox 2707 4602 2872 4656; x_wconf 80' lang='grc' dir='ltr'>αὐτοῦ</span> <span class='ocrx_word' id='word_1_740' title='bbox 2897 4603 3059 4672; x_wconf 88' lang='grc' dir='ltr'>λόγου</span> <span class='ocrx_word' id='word_1_741' title='bbox 3086 4605 3161 4677; x_wconf 80' lang='grc' dir='ltr'>μὴ</span> <span class='ocrx_word' id='word_1_742' title='bbox 3187 4603 3477 4675; x_wconf 84' lang='grc' dir='ltr'>εὐμοιρῶν.</span> <span class='ocrx_word' id='word_1_743' title='bbox 3515 4598 3712 4653; x_wconf 81' lang='grc' dir='ltr'>ἀτόπους</span> 
     </span>
    </p>
   </div>
   <div class='ocr_carea' id='block_1_106' title="bbox 2186 4684 3714 4769">
    <p class='ocr_par' dir='ltr' id='par_1_106' title="bbox 2186 4684 3714 4769">
     <span class='ocr_line' id='line_1_106' title="bbox 2186 4684 3714 4769; baseline 0.001 -23"><span class='ocrx_word' id='word_1_744' title='bbox 2186 4694 2339 4758; x_wconf 84' lang='grc' dir='ltr'>τινὰς</span> <span class='ocrx_word' id='word_1_745' title='bbox 2373 4697 2714 4768; x_wconf 85' lang='grc' dir='ltr'>κατηγορίας</span> <span class='ocrx_word' id='word_1_746' title='bbox 2749 4697 3139 4767; x_wconf 79' lang='grc' dir='ltr'>ὲνωτιζόμενος</span> <span class='ocrx_word' id='word_1_747' title='bbox 3167 4696 3576 4769; x_wconf 76' lang='grc' dir='ltr'>προτεινομένας</span> <span class='ocrx_word' id='word_1_748' title='bbox 3602 4684 3714 4742; x_wconf 78' lang='grc' dir='ltr'><strong>κατά</strong></span> 
     </span>
    </p>
   </div>
   <div class='ocr_carea' id='block_1_107' title="bbox 2186 4776 3713 4861">
    <p class='ocr_par' dir='ltr' id='par_1_107' title="bbox 2186 4776 3713 4861">
     <span class='ocr_line' id='line_1_107' title="bbox 2186 4776 3713 4861; baseline -0.012 -12"><span class='ocrx_word' id='word_1_749' title='bbox 2186 4803 2357 4854; x_wconf 81' lang='grc' dir='ltr'>τινος,</span> <span class='ocrx_word' id='word_1_750' title='bbox 2396 4789 2670 4859; x_wconf 78' lang='grc' dir='ltr'>μηδεμίαν</span> <span class='ocrx_word' id='word_1_751' title='bbox 2713 4790 2887 4860; x_wconf 80' lang='grc' dir='ltr'>ῥοπὴν</span> <span class='ocrx_word' id='word_1_752' title='bbox 2935 4793 3003 4861; x_wconf 79' lang='grc' dir='ltr'>τῇ</span> <span class='ocrx_word' id='word_1_753' title='bbox 3076 4791 3175 4860; x_wconf 82' lang='grc' dir='ltr'>τῆς</span> <span class='ocrx_word' id='word_1_754' title='bbox 3260 4785 3609 4856; x_wconf 84' lang='grc' dir='ltr'>συκοφαντίας</span> <span class='ocrx_word' id='word_1_755' title='bbox 3640 4776 3713 4831; x_wconf 83' lang='grc' dir='ltr'>καὶ</span> 
     </span>
    </p>
   </div>
   <div class='ocr_carea' id='block_1_108' title="bbox 2186 4870 3713 4953">
    <p class='ocr_par' dir='ltr' id='par_1_108' title="bbox 2186 4870 3713 4953">
     <span class='ocr_line' id='line_1_108' title="bbox 2186 4870 3713 4953; baseline -0.005 -21"><span class='ocrx_word' id='word_1_756' title='bbox 2186 4879 2444 4950; x_wconf 81' lang='grc' dir='ltr'>διαϐολῆς</span> <span class='ocrx_word' id='word_1_757' title='bbox 2481 4880 2762 4952; x_wconf 75' lang='grc' dir='ltr'>διακρίσει</span> <span class='ocrx_word' id='word_1_758' title='bbox 2789 4881 2991 4947; x_wconf 77' lang='grc' dir='ltr'>διδοὺς,</span> <span class='ocrx_word' id='word_1_759' title='bbox 3027 4883 3260 4953; x_wconf 76' lang='grc' dir='ltr'>τάχιστα</span> <span class='ocrx_word' id='word_1_760' title='bbox 3298 4881 3373 4944; x_wconf 82' lang='grc' dir='ltr'><strong>ὡς</strong></span> <span class='ocrx_word' id='word_1_761' title='bbox 3405 4879 3490 4934; x_wconf 82' lang='grc' dir='ltr'><strong>ἐπ’</strong></span> <span class='ocrx_word' id='word_1_762' title='bbox 3526 4870 3713 4941; x_wconf 80' lang='grc' dir='ltr'>ἀληθέσι</span> 
     </span>
    </p>
   </div>
   <div class='ocr_carea' id='block_1_109' title="bbox 2187 4957 3712 5045">
    <p class='ocr_par' dir='ltr' id='par_1_109' title="bbox 2187 4957 3712 5045">
     <span class='ocr_line' id='line_1_109' title="bbox 2187 4957 3712 5045; baseline -0.009 -21"><span class='ocrx_word' id='word_1_763' title='bbox 2187 4975 2300 5037; x_wconf 88' lang='grc' dir='ltr'>τοῖς</span> <span class='ocrx_word' id='word_1_764' title='bbox 2344 4974 2411 5025; x_wconf 78' lang='grc' dir='ltr'>ἐκ</span> <span class='ocrx_word' id='word_1_765' title='bbox 2463 4972 2718 5045; x_wconf 79' lang='grc' dir='ltr'>διαϐολῆς</span> <span class='ocrx_word' id='word_1_766' title='bbox 2777 4976 3101 5043; x_wconf 80' lang='grc' dir='ltr'>αἰτιάμασιν</span> <span class='ocrx_word' id='word_1_767' title='bbox 3150 4974 3532 5039; x_wconf 79' lang='grc' dir='ltr'>ὲξανάπτεται.</span> <span class='ocrx_word' id='word_1_768' title='bbox 3586 4964 3637 5015; x_wconf 82' lang='grc' dir='ltr'>Εἰ</span> <span class='ocrx_word' id='word_1_769' title='bbox 3668 4957 3712 5010; x_wconf 78' lang='grc' dir='ltr'>δὲ</span> 
     </span>
    </p>
   </div>
   <div class='ocr_carea' id='block_1_110' title="bbox 2187 5063 3709 5135">
    <p class='ocr_par' dir='ltr' id='par_1_110' title="bbox 2187 5063 3709 5135">
     <span class='ocr_line' id='line_1_110' title="bbox 2187 5063 3709 5135; baseline 0.001 -19"><span class='ocrx_word' id='word_1_770' title='bbox 2187 5065 2281 5117; x_wconf 73' lang='grc' dir='ltr'><strong>καὶ</strong></span> <span class='ocrx_word' id='word_1_771' title='bbox 2310 5064 2440 5135; x_wconf 78' lang='grc' dir='ltr'>παρ’</span> <span class='ocrx_word' id='word_1_772' title='bbox 2487 5065 2682 5134; x_wconf 75' lang='grc' dir='ltr'>ἀνδρὸς</span> <span class='ocrx_word' id='word_1_773' title='bbox 2734 5067 2790 5118; x_wconf 82' lang='grc' dir='ltr'>αἱ</span> <span class='ocrx_word' id='word_1_774' title='bbox 2834 5065 3163 5135; x_wconf 84' lang='grc' dir='ltr'>κατηγορίαι</span> <span class='ocrx_word' id='word_1_775' title='bbox 3222 5063 3286 5116; x_wconf 78' lang='grc' dir='ltr'>ἑκ</span> <span class='ocrx_word' id='word_1_776' title='bbox 3317 5078 3460 5124; x_wconf 88' lang='grc' dir='ltr'>τινος</span> <span class='ocrx_word' id='word_1_777' title='bbox 3513 5066 3709 5124; x_wconf 72' lang='grc' dir='ltr'>περιφα’</span> 
     </span>
    </p>
   </div>
   <div class='ocr_carea' id='block_1_111' title="bbox 2185 5139 3709 5229">
    <p class='ocr_par' dir='ltr' id='par_1_111' title="bbox 2185 5139 3709 5229">
     <span class='ocr_line' id='line_1_111' title="bbox 2185 5139 3709 5229; baseline -0.003 -19"><span class='ocrx_word' id='word_1_778' title='bbox 2185 5156 2335 5221; x_wconf 83' lang='grc' dir='ltr'><strong>νείας</strong></span> <span class='ocrx_word' id='word_1_779' title='bbox 2361 5159 2421 5210; x_wconf 88' lang='grc' dir='ltr'><strong>τὸ</strong></span> <span class='ocrx_word' id='word_1_780' title='bbox 2446 5158 2621 5211; x_wconf 84' lang='grc' dir='ltr'>δοκεῖν</span> <span class='ocrx_word' id='word_1_781' title='bbox 2656 5158 2893 5229; x_wconf 78' lang='grc' dir='ltr'>ἔχοντος,</span> <span class='ocrx_word' id='word_1_782' title='bbox 2931 5158 3130 5228; x_wconf 77' lang='grc' dir='ltr'>μᾶλλον</span> <span class='ocrx_word' id='word_1_783' title='bbox 3159 5158 3190 5227; x_wconf 75' lang='grc' dir='ltr'><strong>ἡ</strong></span> <span class='ocrx_word' id='word_1_784' title='bbox 3228 5156 3442 5224; x_wconf 73' lang='grc' dir='ltr'>ἄναψις,</span> <span class='ocrx_word' id='word_1_785' title='bbox 3494 5150 3550 5202; x_wconf 80' lang='grc' dir='ltr'>τὸ</span> <span class='ocrx_word' id='word_1_786' title='bbox 3608 5139 3709 5213; x_wconf 63' lang='grc' dir='ltr'><strong>πρὸς</strong></span> 
     </span>
    </p>
   </div>
   <div class='ocr_carea' id='block_1_112' title="bbox 2188 5242 3710 5337">
    <p class='ocr_par' dir='ltr' id='par_1_112' title="bbox 2188 5242 3710 5337">
     <span class='ocr_line' id='line_1_112' title="bbox 2188 5242 3710 5337; baseline -0.001 -35"><span class='ocrx_word' id='word_1_787' title='bbox 2188 5250 2370 5303; x_wconf 85' lang='grc' dir='ltr'>πίστιν</span> <span class='ocrx_word' id='word_1_788' title='bbox 2424 5251 2829 5321; x_wconf 78' lang='grc' dir='ltr'>εύπαράδεκτον</span> <span class='ocrx_word' id='word_1_789' title='bbox 2891 5253 3207 5319; x_wconf 83' lang='grc' dir='ltr'>εἰσάγοντος</span> <span class='ocrx_word' id='word_1_790' title='bbox 3262 5248 3354 5301; x_wconf 82' lang='grc' dir='ltr'>τοῦ</span> <span class='ocrx_word' id='word_1_791' title='bbox 3420 5242 3710 5337; x_wconf 59' lang='grc' dir='ltr'><strong>ἀξιώμαῖοξο</strong></span> 
     </span>
    </p>
   </div>
   <div class='ocr_carea' id='block_1_113' title="bbox 2186 5329 3707 5414">
    <p class='ocr_par' dir='ltr' id='par_1_113' title="bbox 2186 5339 3707 5414">
     <span class='ocr_line' id='line_1_113' title="bbox 2186 5339 3707 5414; baseline -0.013 -18"><span class='ocrx_word' id='word_1_792' title='bbox 2186 5341 2282 5396; x_wconf 81' lang='grc' dir='ltr'>ἆτε</span> <span class='ocrx_word' id='word_1_793' title='bbox 2334 5341 2427 5395; x_wconf 83' lang='grc' dir='ltr'>τοῦ</span> <span class='ocrx_word' id='word_1_794' title='bbox 2472 5346 2583 5406; x_wconf 80' lang='grc' dir='ltr'>τοῖς</span> <span class='ocrx_word' id='word_1_795' title='bbox 2631 5344 2896 5407; x_wconf 84' lang='grc' dir='ltr'>τοιούτοις</span> <span class='ocrx_word' id='word_1_796' title='bbox 2955 5343 3317 5414; x_wconf 81' lang='grc' dir='ltr'>προσέχοντος</span> <span class='ocrx_word' id='word_1_797' title='bbox 3381 5339 3453 5407; x_wconf 83' lang='grc' dir='ltr'><strong>μὴ</strong></span> <span class='ocrx_word' id='word_1_798' title='bbox 3516 5339 3707 5384; x_wconf 84' lang='grc' dir='ltr'>συνιοειν</span> 
     </span>
    </p>
   </div>
   <div class='ocr_carea' id='block_1_114' title="bbox 2186 5413 3707 5521">
    <p class='ocr_par' dir='ltr' id='par_1_114' title="bbox 2186 5413 3707 5521">
     <span class='ocr_line' id='line_1_114' title="bbox 2186 5413 3707 5521; baseline -0.011 -33"><span class='ocrx_word' id='word_1_799' title='bbox 2186 5432 2426 5504; x_wconf 75' lang='grc' dir='ltr'>ἔχοντος,</span> <span class='ocrx_word' id='word_1_800' title='bbox 2484 5435 2560 5499; x_wconf 85' lang='grc' dir='ltr'>ὼς</span> <span class='ocrx_word' id='word_1_801' title='bbox 2614 5436 2744 5489; x_wconf 81' lang='grc' dir='ltr'>ποτὲ</span> <span class='ocrx_word' id='word_1_802' title='bbox 2796 5437 2895 5506; x_wconf 84' lang='grc' dir='ltr'><strong>μὲν</strong></span> <span class='ocrx_word' id='word_1_803' title='bbox 2917 5413 3008 5508; x_wconf 78' lang='grc' dir='ltr'>ἢν</span> <span class='ocrx_word' id='word_1_804' title='bbox 3042 5435 3351 5505; x_wconf 78' lang='grc' dir='ltr'>ὀφείλουσιν</span> <span class='ocrx_word' id='word_1_805' title='bbox 3404 5426 3639 5521; x_wconf 78' lang='grc' dir='ltr'>ἀλήθειαν</span> <span class='ocrx_word' id='word_1_806' title='bbox 3663 5413 3707 5521; x_wconf 51' lang='lat' dir='ltr'><strong>at}</strong></span> 
     </span>
    </p>
   </div>
   <div class='ocr_carea' id='block_1_115' title="bbox 2186 5517 3702 5610">
    <p class='ocr_par' dir='ltr' id='par_1_115' title="bbox 2186 5517 3702 5610">
     <span class='ocr_line' id='line_1_115' title="bbox 2186 5517 3702 5610; baseline 0.015 -31"><span class='ocrx_word' id='word_1_807' title='bbox 2186 5529 2540 5605; x_wconf 83' lang='grc' dir='ltr'>περιφάνειαι</span> <span class='ocrx_word' id='word_1_808' title='bbox 2566 5530 2661 5582; x_wconf 76' lang='grc' dir='ltr'><strong>καὶ</strong></span> <span class='ocrx_word' id='word_1_809' title='bbox 2689 5529 2760 5582; x_wconf 84' lang='grc' dir='ltr'>τὰ</span> <span class='ocrx_word' id='word_1_810' title='bbox 2801 5528 3115 5599; x_wconf 83' lang='grc' dir='ltr'>ἀξιώματα,</span> <span class='ocrx_word' id='word_1_811' title='bbox 3166 5527 3376 5593; x_wconf 72' lang='grc' dir='ltr'>ταύτην</span> <span class='ocrx_word' id='word_1_812' title='bbox 3418 5517 3702 5610; x_wconf 33' lang='lat' dir='ltr'><strong>“Phil?</strong></span> 
     </span>
    </p>
   </div>
   <div class='ocr_carea' id='block_1_116' title="bbox 2185 5599 3699 5692">
    <p class='ocr_par' dir='ltr' id='par_1_116' title="bbox 2185 5599 3699 5692">
     <span class='ocr_line' id='line_1_116' title="bbox 2185 5599 3699 5692; baseline -0.027 1"><span class='ocrx_word' id='word_1_813' title='bbox 2185 5602 2345 5692; x_wconf 66' lang='grc' dir='ltr'>ὀργὴ.</span> <span class='ocrx_word' id='word_1_814' title='bbox 2382 5620 2531 5692; x_wconf 82' lang='grc' dir='ltr'>πάθη</span> <span class='ocrx_word' id='word_1_815' title='bbox 2584 5623 2715 5674; x_wconf 73' lang='grc' dir='ltr'>διτα</span> <span class='ocrx_word' id='word_1_816' title='bbox 2758 5620 3100 5690; x_wconf 86' lang='grc' dir='ltr'>ἀνθρώπινα,</span> <span class='ocrx_word' id='word_1_817' title='bbox 3154 5615 3464 5687; x_wconf 74' lang='grc' dir='ltr'>ὑφαιροῦσι,</span> <span class='ocrx_word' id='word_1_818' title='bbox 3512 5603 3623 5660; x_wconf 81' lang='grc' dir='ltr'>ποτὲ</span> <span class='ocrx_word' id='word_1_819' title='bbox 3658 5599 3699 5692; x_wconf 72' lang='grc' dir='ltr'>δὲ</span> 
     </span>
    </p>
   </div>
   <div class='ocr_carea' id='block_1_117' title="bbox 2184 5690 3692 5800">
    <p class='ocr_par' dir='ltr' id='par_1_117' title="bbox 2184 5690 3692 5800">
     <span class='ocr_line' id='line_1_117' title="bbox 2184 5690 3692 5800; baseline 0.012 -17"><span class='ocrx_word' id='word_1_820' title='bbox 2184 5715 2387 5783; x_wconf 76' lang='grc' dir='ltr'>γνῶσις</span> <span class='ocrx_word' id='word_1_821' title='bbox 2419 5716 2772 5785; x_wconf 82' lang='grc' dir='ltr'>προσήκουσα</span> <span class='ocrx_word' id='word_1_822' title='bbox 2800 5713 2877 5782; x_wconf 81' lang='grc' dir='ltr'>τῷ</span> <span class='ocrx_word' id='word_1_823' title='bbox 2898 5713 3191 5783; x_wconf 66' lang='grc' dir='ltr'><strong>ἀξιώματι*</strong></span> <span class='ocrx_word' id='word_1_824' title='bbox 3240 5708 3377 5777; x_wconf 61' lang='grc' dir='ltr'><strong>πρὸς</strong></span> <span class='ocrx_word' id='word_1_825' title='bbox 3416 5700 3584 5800; x_wconf 60' lang='grc' dir='ltr'><strong>ψευδῆ.</strong></span> <span class='ocrx_word' id='word_1_826' title='bbox 3616 5690 3692 5800; x_wconf 40' lang='lat' dir='ltr'><strong>ut):</strong></span> 
     </span>
    </p>
   </div>
   <div class='ocr_carea' id='block_1_118' title="bbox 2186 5790 3701 5871">
    <p class='ocr_par' dir='ltr' id='par_1_118' title="bbox 2186 5790 3700 5871">
     <span class='ocr_line' id='line_1_118' title="bbox 2186 5790 3700 5871; baseline -0.002 -14"><span class='ocrx_word' id='word_1_827' title='bbox 2186 5804 2379 5869; x_wconf 80' lang='grc' dir='ltr'>ἄλογον</span> <span class='ocrx_word' id='word_1_828' title='bbox 2432 5805 2553 5865; x_wconf 67' lang='grc' dir='ltr'>τοὺς</span> <span class='ocrx_word' id='word_1_829' title='bbox 2591 5803 2871 5868; x_wconf 82' lang='grc' dir='ltr'>τοιούτους</span> <span class='ocrx_word' id='word_1_830' title='bbox 2906 5803 3099 5871; x_wconf 82' lang='grc' dir='ltr'>ἀνάγει</span> <span class='ocrx_word' id='word_1_831' title='bbox 3151 5796 3508 5870; x_wconf 68' lang='grc' dir='ltr'>κατηγορίαν,</span> <span class='ocrx_word' id='word_1_832' title='bbox 3538 5790 3620 5854; x_wconf 78' lang='grc' dir='ltr'><strong>οὐκ</strong></span> <span class='ocrx_word' id='word_1_833' title='bbox 3641 5794 3700 5838; x_wconf 77' lang='grc' dir='ltr'><strong>ω’</strong></span> 
     </span>
    </p>
   </div>
  </div>
